1953 3086
211 137 249 170 75
859 134 1018 163 JOANNIS
1035 134 1224 164 M.\XEN’TII
1811 138 1847 170 76

215 197 359 225 veterum
380 191 499 222 Latinis
516 190 553 221 dc
576 198 638 220 una
657 197 790 229 persona
807 194 835 220 cl
852 190 977 220 duabus
995 190 1117 220 naturis
1139 190 1280 227 Domini,
1299 190 1409 230 Tigur.
1428 190 1513 227 1571,
1538 191 1604 228 fol.,
1623 193 1697 224 etin
1721 194 1847 226 Biblio—

207 243 316 274 ‘thecis
335 243 472 276 Patrum,
492 239 589 271 Paris.
606 239 692 276 1575,
711 244 785 270 tom.
805 240 841 276 Υ,
860 242 890 270 et
908 239 978 270 i589

1072 250 1089 272 ι,
1107 241 1160 278 1V,
1179 243 1208 271 et
1226 240 1408 278 Mlti-1654,
1426 245 1501 272 tom.
1517 242 1571 279 ΙΙΙ,
1587 243 1739 274 etColon.
1757 245 1843 282 1618,

214 300 291 325 tom.
314 293 367 329 Vl,
384 297 414 323 et
438 292 537 330 Lugd.
564 292 650 327 1672,
674 295 750 323 tom.
780 292 838 322 IX.
865 293 959 322 Hunc
985 300 1057 322 cum
1083 293 1205 324 Joanne
1230 293 1493 333 Scylhopolitano
1523 295 1670 334 plerique
1698 297 1846 327 eumdem

211 344 348 375 (sciunt.
372 344 447 384 Ejus
474 344 594 383 stylum
621 344 727 374 laudat
753 343 885 375 Photius
911 345 982 375 eod.
1005 345 1055 381 95,
1078 353 1135 383 pro
1151 346 1276 384 synodo
1293 346 1558 384 Clialcedonensi,
1577 347 1658 378 tene
1677 348 1846 386 scripsisse

215 397 350 425 testatus
370 394 441 426 cod.
469 394 539 425 231.

769 577 1236 625 533TESTIMONIA

580 677 636 706 DE
660 675 817 706 JOANNE
840 674 1060 706 MAXENTIO
1083 674 1256 711 EJUSQUE
1281 674 1488 705 OPERIBUS.

247 836 381 860 munem
404 827 570 856 Maxentium
594 830 622 854 et
639 827 730 854 socios
745 827 804 862 ejus
821 827 972 855 monachos
992 827 1110 863 Scythas
1124 827 1253 863 (quorum
1283 827 1405 860 nomina,
1428 832 1458 855 ut
1474 827 1647 855 Justinianus
1670 827 1698 855 in
1714 829 1795 864 epist.
1811 828 1847 856 ad

206 877 387 908 ﬂormisdam
402 885 498 913 papam
517 880 644 908 testatur,
662 880 736 908 sunt,
754 875 884 908 Achilles,
899 875 1029 908 Joannes,
1044 875 1186 907 Leontius,
1201 874 1363 911 Maxentius)
1380 875 1464 903 fuisse
1479 874 1568 910 palam
1583 875 1769 911 Eutychianos
1783 883 1847 911 pcr-

213 927 295 959 ﬂdos,
311 925 455 953 damnatos
471 932 486 952 a
501 925 624 952 Romana
637 923 759 951 Ecclesia
780 927 808 950 et
827 923 953 959 ingentes
967 923 1061 951 turbas
1076 923 1102 950 in
1122 923 1245 951 Ecclesia
1260 923 1396 951 catholica
1413 923 1557 956 excitasse,
1574 931 1636 950 eum
1650 923 1847 952 Constantino-

212 973 345 1008 poli,tum
358 972 461 1005 Romae,
471 979 505 999 ex
517 970 609 998 multis
625 970 804 998 relationibus
820 974 847 997 et
858 970 981 1004 epistolis
997 971 1149 1005 legatorum
1160 969 1311 998 Hormisdre
1323 978 1399 1005 papa:
1410 977 1470 1006 qua:
1483 970 1620 997 habentur
1639 963 1703 996 tom.
1718 969 1725 996 1
1738 969 1848 1004 Episto-

214 1018 302 1047 larnm
329 1019 515 1047 Romanorum
546 1017 718 1053 pontificum,
739 1022 767 1045 et
797 1025 830 1044 ex
851 1016 934 1044 rariis
949 1015 1074 1052 epistolis
1090 1016 1212 1052 ejusdem
1231 1017 1258 1044 S.
1276 1016 1438 1049 liormisdae,
1458 1017 1503 1043 ilia
1520 1017 1673 1051 praesertim
1691 1015 1847 1043 adPosses—

213 1073 306 1092 sorem
322 1065 495 1101 episcopum,
512 1063 685 1100 apertissime
710 1063 892 1099 intelligitur:
907 1063 1108 1099 profitebantur
1123 1063 1197 1090 enim
1221 1063 1313 1098 specie
1333 1067 1414 1090 tenus
1439 1070 1468 1090 se
1485 1063 1594 1090 concilii
1616 1062 1849 1090 Chalcedonensis

213 1115 378 1143 assertores,
393 1115 423 1138 ut
436 1110 531 1138 videre
548 1114 590 1138 est.
606 1110 632 1137 in
646 1114 703 1137 toto
731 1110 784 1138 hoc
796 1117 889 1144 opere,
905 1118 937 1138 ac
965 1109 1139 1145 potissimum
1164 1109 1192 1136 in
1220 1110 1362 1144 praemissa
1388 1106 1452 1136 fidei
1481 1108 1662 1144 professione,
1675 1116 1737 1135 eum
1753 1115 1848 1135 revera

211 1156 297 1199 ﬁdyn
325 1156 435 1184 concilii
461 1155 693 1184 Chalcedonensis
714 1160 772 1183 arte
792 1156 919 1189 subdola,
936 1164 968 1183 ac
982 1155 1091 1184 vafritie
1108 1156 1245 1183 haereticis
1259 1156 1341 1183 insita
1357 1154 1521 1183 labefactare
1536 1155 1692 1182 niterentur
1795 1153 1848 1189 (Cf.

210 1203 327 1237 Harum,
344 1209 364 1231 t.
378 1204 424 1232 Vil
450 1204 548 1232 Annal.
561 1205 660 1233 eceles.
679 1205 715 1232 ad
732 1213 796 1232 ann.
815 1204 876 1238 519,
893 1213 954 1240 cap.
977 1204 1009 1232 81
1025 1213 1106 1240 usque
1128 1204 1163 1231 ad
1183 1204 1227 1238 89,
1245 1208 1269 1231 et
1285 1213 1308 1231 ε.
1327 1204 1361 1232 97
1376 1211 1456 1239 usque
1472 1203 1507 1230 ad
1529 1202 1590 1236 126,
1608 1207 1632 1230 et
1653 1202 1688 1230 ad
1704 1211 1767 1229 ann.
1785 1201 1849 1235 520,

207 1261 273 1288 cap.
294 1253 327 1280 12
341 1260 423 1287 usque
439 1253 474 1280 ad
491 1252 547 1287 28.)
1033 1276 1049 1294 ’

233 1299 387 1333 ,ρωοιι-ει
409 1298 503 1327 omnia
516 1305 687 1334 quaecunque
705 1299 751 1327 hic
761 1302 908 1334 ponuntur
925 1306 1010 1334 opera
1020 1297 1151 1326 Maxentii
1167 1298 1325 1326 cautissime
1343 1297 1467 1333 legenda,
1486 1304 1538 1325 nec
1548 1297 1602 1324 illis
1619 1296 1770 1328 ﬁdendum,
1786 1296 1849 1324 cum

199 1346 301 1374 ‘hteat
322 1345 500 1381 Eutychiana:
517 1346 654 1374 hmreseos
670 1353 817 1373 venenum.
842 1345 1078 1381 Exeusandusque
1093 1346 1219 1378 Coeleus,
1235 1347 1282 1380 qui
1300 1354 1384 1381 opera
1400 1345 1529 1374 Maxentii
1552 1345 1603 1373 sub
1624 1345 1737 1372 nomine
1751 1345 1850 1372 ortho-

214 1392 280 1420 doxi
295 1392 384 1420 Patris
399 1392 506 1428 primus
520 1392 616 1425 edidit,
632 1392 654 1420 si
673 1393 785 1420 leclinas
805 1398 833 1420 et
845 1393 1014 1428 imposturas
1027 1393 1120 1420 callidi
1137 1393 1301 1429 Eutychiani
1316 1393 1359 1420 vir
1376 1393 1479 1428 probus
1501 1397 1529 1419 et
1546 1392 1670 1419 sincerus
1684 1399 1740 1418 non
1761 1392 1850 1418 intro-

214 1438 350 1474 spexerit,
363 1447 424 1466 cum
439 1439 571 1474 epistolas
588 1443 710 1474 tempore
729 1438 880 1466 ilormisdre
894 1447 971 1474 papae
984 1439 1056 1466 ultro
1071 1439 1196 1474 citroque
1209 1439 1295 1472 datas,
1311 1440 1338 1466 in
1354 1439 1456 1474 quibus
1470 1438 1526 1466 doli
1541 1438 1707 1474 fraudesque
1722 1437 1849 1466 Maxentii

213 1492 250 1514 ac
271 1485 410 1512 sociorum
433 1485 644 1557 deﬁgebantur,
663 1485 700 1515 ad
721 1492 834 1526 manum
849 1493 905 1513 non
920 1485 1060 1513 habuerit.
1077 1485 1138 1512 Vide
1161 1486 1280 1514 currulem
1305 1488 1371 1514 tein.
1387 1486 1433 1514 VII
1459 1484 1571 1520 Annal.,
1588 1487 1652 1513 enim
1674 1484 1770 1512 Christi
1787 1484 1849 1518 5l9,

219 1540 244 1557 ί.
262 1529 323 1557 105.
339 1535 364 1557 et
381 1539 451 1557 anno
468 1530 483 1557 5
502 1530 530 1557 0.
546 1539 569 1557 ι’.
586 1530 629 1557 27.
1302 1541 1304 1543 ·
1635 1553 1638 1557 ,

194 1548 198 1550 -
219 1540 244 1558 ί.
262 1529 323 1563 105,
339 1535 364 1557 et
381 1539 451 1558 anno
468 1529 530 1563 520,
546 1539 569 1557 ι’.
586 1530 629 1558 27.

546 1539 569 1557 ι’.
586 1530 629 1558 27.

1024 1601 1059 1609 —

625 1643 671 1673 Ex
694 1641 888 1673 Bellarmino
910 1643 954 1674 De
973 1644 1187 1684 scriptoribus
1211 1643 1444 1674 ecclesiasticis.

255 1701 376 1731 Joannes
395 1701 558 1736 Maxentius,
574 1698 735 1736 monachus,
752 1708 790 1736 et,
805 1708 835 1732 ut
852 1705 985 1739 creditur,
1003 1705 1146 1742 presbyter
1159 1694 1361 1738 Antiochenus,
1377 1706 1444 1732 vixit
1460 1709 1583 1740 tempore
1599 1704 1750 1732 liormisdte
1761 1710 1847 1739 papae,

220 1754 317 1778 contra
336 1750 416 1784 cujus
437 1748 582 1783 epistolam
604 1749 724 1784 scripsit.
746 1750 812 1786 Ejus
833 1759 915 1786 opera
934 1756 1042 1779 exstant
1057 1752 1084 1780 in
1100 1757 1200 1787 quarto
1223 1756 1298 1779 tomo
1319 1751 1494 1779 Bibliotheca:
1518 1751 1566 1779 SS.
1590 1751 1711 1778 Patrum.
1736 1750 1854 1786 Scripsit

221 1801 313 1824 autem
330 1795 472 1823 Catholica:
493 1795 555 1829 ﬁdei
577 1795 775 1830 professionem,
792 1796 856 1824 item
873 1797 1001 1824 Libellum
1022 1802 1115 1825 contra
1129 1797 1285 1833 Acophalos,
1304 1797 1368 1825 item
1387 1796 1560 1832 Dialogorum
1575 1800 1667 1823 contra
1683 1795 1853 1823 Nestorium:

222 1845 302 1873 libras
318 1844 394 1876 duos,
409 1843 473 1870 item
488 1842 692 1878 Responsionem
705 1845 740 1870 ml
752 1844 901 1880 Epistolam
915 1854 991 1881 papcc
1004 1845 1161 1878 Ilornzisdw,
1180 1845 1206 1872 in
1221 1845 1322 1880 quibus
1339 1845 1461 1879 disputat
1476 1843 1607 1871 adversus
1623 1843 1810 1876 Ncstorianos,
1826 1846 1854 1871 et

219 1889 357 1917 adversus
371 1889 502 1916 Faustum
522 1889 684 1924 Regiensem
708 1889 967 1926 Semipelagianum.
990 1892 1024 1919 Et
1043 1892 1154 1927 quidem
1179 1891 1309 1919 Faustum
1324 1895 1352 1918 et
1379 1889 1539 1925 Pelagianos
1554 1888 1663 1924 egregie
1686 1888 1801 1920 refellit,
1819 1895 1854 1915 ex

219 1935 301 1963 libris
318 1935 345 1962 S.
363 1935 506 1970 Augustini
520 1944 526 1962 :
540 1939 567 1962 at
578 1935 755 1963 Nestorianos
769 1937 806 1964 ita
824 1937 934 1970 refellit,
948 1938 1074 1965 scribens
1093 1941 1189 1965 contra
1206 1938 1394 1965 Posscssorem
1408 1936 1568 1971 episcopum
1586 1934 1755 1966 Africanum,
1772 1939 1802 1961 ut
1819 1934 1853 1961 ad

223 1983 410 2019 Eutychianos
425 1984 564 2011 declinare
585 1984 721 2012 videatur.
743 1985 824 2014 Certe
844 1986 873 2013 S.
895 1986 1131 2021 llormisdaspapa
1145 1986 1336 2014 Possessorem
1351 1983 1485 2016 defendit,
1508 1987 1536 2010 et
1558 1983 1693 2011 Joannem
1710 1989 1772 2009 cum
1796 1982 1854 2009 suis

223 2030 368 2056 monachis
380 2030 482 2057 acriter
493 2029 643 2057 insectatus
656 2035 707 2058 est.
724 2030 841 2066 Scripsit
856 2036 946 2059 autem
963 2031 1115 2059 Maxentius
1130 2037 1225 2059 contra
1240 2031 1384 2066 epistolam
1398 2029 1478 2065 534
1493 2028 1646 2056 liormisdae
1661 2035 1764 2063 negans
1778 2027 1853 2054 illam

220 2073 282 2102 esse
295 2074 457 2108 ilormisdaa,
476 2083 510 2103 ne
524 2075 666 2103 videretur
680 2080 775 2103 contra
793 2083 930 2104 summum
947 2076 1114 2112 Pontiﬁcemr
1131 2076 1269 2109 scribere;
1284 2074 1331 2102 sed
1347 2082 1376 2102 re
1400 2081 1463 2102 vera
1484 2073 1580 2109 negari
1602 2080 1656 2100 non
1676 2076 1767 2107 potest
1792 2072 1853 2106 epi-

221 2124 319 2152 stulam
338 2124 490 2163 illamxere
505 2126 566 2154 esse
581 2120 742 2154 liormisdae.

231 2220 1839 2235 W—M

654 2307 984 2373 JOANNIS
1033 2306 1429 2372 ΜΑΧΕΝΤΙΙ

382 2435 676 2483 EPISTOLA
711 2435 785 2480 AD
823 2436 1089 2482 LEGATOS
1124 2435 1291 2481 SEDIS
1319 2435 1721 2483 APOSTOLICIE.

227 2611 346 2639 ϋυηιὶηἰδ
365 2610 426 2636 viris
447 2607 612 2639 bcalissimis,
637 2607 767 2635 Germana
790 2611 813 2632 ct
837 2606 945 2637 Joanni,
964 2607 1018 2640 rpi-
1069 2606 1125 2633 cilii
1141 2606 1222 2633 fidem
1235 2606 1363 2632 nituntur
1374 2609 1510 2637 evertere,
1531 2603 1644 2631 Patrum
1660 2603 1782 2638 proferre
1795 2609 1859 2630 seu.

263 2646 357 2680 scopis,
383 2644 462 2685 Felici
475 2649 498 2670 et
511 2642 777 2686 Dioscoro-dir'tcgnis,
791 2641 1016 2686 Blanz-lopprcsliyl-

1085 2653 1180 2684 sntias,
1196 2657 1223 2680 et
1239 2653 1317 2679 novis
1333 2659 1477 2686 pravorum
1496 2650 1781 2685 argumentationibus
1793 2657 1856 2676 ver-

562 2676 1016 2731 “n‘ffff3,35di;"’Iﬂi§‘iiiﬁ‘i’,5',”
1070 2699 1112 2726 bis
1130 2698 1273 2726 catholicis
1295 2697 1417 2728 obviare,
1433 2699 1609 2731 augmentum
1634 2695 1744 2730 aliquod
1762 2701 1812 2722 nos
1829 2694 1858 2721 in

263 2708 356 2747 ext-mw
388 2714 533 2746 Maxentio,
566 2708 596 2740 cl“
615 2712 734 2739 omnibus
756 2712 802 2747 qm-
818 2708 927 2739 ἠιεηιηι
944 2717 1016 2744 sum,
1070 2708 1112 2726 bis
1130 2708 1273 2726 catnoucts
1295 2708 1417 2728 uuvturu,
1433 2708 1609 2731 augmentum
1634 2708 1744 2730 unquuu
1762 2708 1824 2744 una.

264 2743 388 2777 saliuam.
528 2743 532 2746 ’
763 2743 768 2747 ’
1072 2745 1123 2772 fide
1142 2745 1231 2772 facere
1244 2744 1379 2779 jndicant,
1391 2746 1438 2769 aut
1452 2747 1526 2768 certe
1539 2745 1633 2767 contra
1646 2743 1747 2766 statuta
1763 2743 1858 2767 venire

264 2796 397 2829 Quoniam
421 2795 546 2823 nonnulli
567 2794 692 2821 videntes
710 2800 762 2820 nos
784 2798 879 2820 contra
897 2801 944 2820 eos
971 2793 1017 2828 qui
1070 2792 1190 2823 concilii,
1209 2789 1394 2818 necessarium
1412 2787 1550 2815 credimus
1570 2785 1758 2820 probabilibus
1772 2783 1859 2812 docu-

226 2842 340 2870 ininiico
358 2842 501 2879 proposito
517 2839 680 2869 venerabiiis
695 2838 928 2867 Chalcedonensis
951 2846 1018 2866 con-
1070 2838 1171 2865 mentis
1192 2837 1262 2863 hanc
1280 2834 1518 2862 inconvenientcm
1539 2831 1572 2859 ab
1587 2839 1682 2859 eorum
1700 2829 1797 2858 animis
1811 2836 1859 2857 ex-
