1953 3086
117 179 154 215 Π
555 181 676 212 EPIST.
698 181 746 211 AD
766 179 934 211 LEGATOS
954 176 1064 210 SEDIS
1083 175 1334 210 APOSTOLIC/E.
1372 200 1380 216 κ
1718 180 1755 212 ,γε

121 245 239 275 purgare
256 237 424 273 opinionem,
442 238 573 266 docentes
593 239 751 266 nullatenus
764 244 824 264 esse
839 243 912 264 eon-
927 237 947 265 Δ
963 235 1083 270 propriae
1100 234 1163 262 ﬁdei
1186 236 1344 270 explanare,
1361 234 1397 262 ita
1419 234 1452 262 de
1477 242 1506 262 se
1528 236 1672 265 manifesta
1689 245 1755 266 voce

120 285 247 315 trarium,
270 285 292 312 si
308 293 340 311 ex
357 292 452 311 eorum
469 284 581 312 Patrum
598 284 753 316 sententiis,
771 290 839 318 quas
854 282 913 317 ipsa

119 331 220 366 recipit
242 331 372 366 synodus,
398 330 493 357 falsam
518 330 695 358 docuerimus
719 329 912 356 haereticorum

119 385 180 404 esse
204 377 383 407 sententiam.
407 385 460 412 qua
481 385 542 404 eam
566 377 645 412 quasi
666 375 806 404 contraria
828 378 912 410 atque

119 421 343 449 inconvenientia
362 422 459 449 docere
473 430 533 457 qure
548 427 611 449 ante
629 430 658 449 se
680 422 803 452 fuerunt,
817 420 911 448 conci-

117 467 162 494 liis
179 472 286 494 tentant
299 472 433 495 astruere.
456 467 489 495 Et
506 468 595 504 primo
611 469 723 504 quidem
747 467 911 495 catholicam

117 512 199 540 ﬁdem
211 517 387 547 augmentum
399 513 510 548 aliquod
525 521 603 548 posse
619 514 742 548 recipere
754 508 910 548 improbum

116 561 159 584 est
172 557 297 589 credere,
315 557 378 592 quia
395 565 458 584 curti
473 558 510 585 sit
527 558 648 592 perfecta
669 562 697 586 et
712 558 791 592 plena
808 557 835 584 in
852 564 911 584 oms

112 603 212 636 ‘nibus,
236 608 414 638 augmentum
436 605 559 639 recipere
576 612 630 631 non
648 609 748 640 potest.
765 604 822 631 Hoc
836 604 910 631 enim

116 650 177 677 sine
202 650 287 677 dubio
309 655 487 686 augmentum
506 651 615 685 recipit,
629 650 701 685 quod
717 655 759 677 est
781 649 911 684 imperfe-

115 701 202 729 ctum.
221 696 249 724 Si
274 702 366 724 autem
393 704 449 724 non
466 697 500 724 de
524 697 707 732 intelligentia
724 696 799 729 ﬁdei,
814 696 862 724 sed
874 696 910 724 de

112 742 208 770 verbis
223 743 323 778 agitur,
337 743 390 771 hoc
405 751 460 772 non
475 747 518 771 est
529 750 639 779 semper
651 744 831 776 contrarium,
845 743 910 778 Quia

113 791 266 825 aliquando
285 791 508 826 explanationem
531 791 595 820 ﬁdei
616 792 764 820 verborum
779 791 844 822 facit
861 791 910 819 ad-

111 837 210 872 jectio,
229 837 377 871 aliquando
391 838 600 873 corruptionem
616 838 689 873 quod
706 846 761 865 non
776 845 907 873 augmen-

115 887 186 914 tum,
205 883 252 910 scd
267 883 464 914 detrimentum
480 888 523 912 est
539 885 632 919 potius
645 884 718 915 ﬁdei.
734 884 908 919 Quapropter

108 932 181 955 Ltunc
203 928 321 963 adiectio
342 929 492 956 verborum
517 930 630 962 vitanda
650 934 703 962 est,
724 930 835 965 quando
851 937 907 956 non

104 973 348 1009 explanationem,
365 975 413 1011 sed
433 975 707 1010 corruptionem,aut
724 976 906 1003 contrarieta-

106 1023 169 1046 ltem
194 1019 256 1046 ﬁdei
273 1024 414 1056 operatur.
430 1019 509 1056 Quod
526 1020 549 1048 si
567 1021 656 1059 omnis
674 1021 791 1057 adjectio
810 1021 908 1049 verbo-

106 1070 177 1092 ‘rum
195 1065 337 1093 catholica:
354 1066 416 1094 ﬁdei
430 1067 512 1094 noxia
527 1067 660 1100 creditur,
673 1075 722 1094 cur
734 1067 764 1094 B.
778 1067 905 1103 Cyrillus,

112 1112 147 1140 ad
167 1112 364 1141 destruendam
382 1114 501 1149 Nestorii
518 1114 630 1150 impiam
650 1115 906 1151 interpretationem

111 1158 202 1185 sancti
227 1157 360 1194 Symboli,
378 1159 406 1186 in
422 1160 541 1187 concilio
563 1158 713 1196 Ephesino,
730 1164 784 1188 tam
808 1160 907 1187 multas

106 1208 273 1232 “sanctorum
296 1204 409 1232 Patrum
435 1206 586 1233 sententias
609 1205 773 1242 proferens,
799 1205 906 1232 nullum

106 1250 338 1285 "reprehensionis
353 1251 466 1287 dignum
487 1252 611 1287 recipere
626 1257 804 1287 augmentum
817 1251 908 1279 credi-

104 1296 177 1322 tur?
194 1295 273 1329 Quod
291 1297 313 1324 si
335 1297 396 1325 ideo
412 1302 590 1334 augmentum
607 1299 730 1334 recipere
745 1306 799 1325 non
816 1297 907 1325 credi-

103 1343 170 1372 -'tnr,
184 1341 249 1375 quia
261 1349 316 1368 non
337 1342 396 1376 ipso
411 1343 498 1370 sancti
509 1342 633 1379 Symboli
651 1343 816 1370 mathemata
834 1343 908 1378 ipsas

106 1390 275 1414 sanctorum
294 1387 408 1414 Patrum
423 1389 576 1416 sententias
592 1389 722 1421 inseruit,
739 1389 787 1416 sed
800 1396 846 1416 eas
860 1396 906 1416 cx-

102 1431 253 1460 ‘trinsecus
267 1433 410 1468 proferens
424 1434 643 1462 sincerissimum
660 1442 771 1462 sensum
781 1434 905 1470 ejusdem

100 1477 201 1505 sancti
215 1477 337 1513 Symboli
352 1478 474 1506 reddidit
497 1479 673 1508 manifestum
687 1489 694 1506 :
707 1487 785 1515 atque
799 1487 865 1514 ergo
878 1483 906 1506 et

101 1521 146 1549 de
163 1525 260 1549 nostra
276 1523 410 1557 parvitate
425 1524 563 1551 convenit
576 1524 715 1560 judicare,
731 1525 778 1559 qui
799 1531 854 1551 non
877 1524 905 1550 in

102 1567 172 1602 ipso
195 1569 315 1596 termino
339 1570 505 1599 venerabilis
527 1569 766 1600 Chalcedonensis
793 1571 905 1599 concilii

101 1614 264 1642 «inserimus
285 1615 397 1643 Patrum
413 1618 576 1651 sententias,
600 1617 648 1646 sed
668 1618 713 1646 eis
732 1618 906 1646 extrinsecus

108 1661 211 1687 contra
231 1660 359 1689 inimicos
380 1670 431 1697 pro
447 1663 534 1698 ipsius
553 1663 714 1692 defensione
727 1664 904 1700 proferimus.

107 1705 157 1734 Sic
172 1706 297 1742 denique
313 1707 348 1734 Β.
374 1716 444 1743 papa
461 1709 517 1737 Leo
538 1710 622 1737 etiam
638 1714 701 1745 post
715 1710 906 1738 defensionem

99 1752 238 1788 ejusdem
257 1754 368 1782 concilii
383 1759 506 1788 coaetus,
522 1755 697 1783 diversorum
710 1756 826 1784 Patrum
845 1764 907 1784 sen—

103 1799 219 1828 tentiis.
243 1806 293 1834 per
310 1800 357 1827 illa
379 1807 440 1835 quae
457 1801 588 1829 dicuntur
603 1802 746 1838 Encyclia,
767 1803 907 1830 contradi-

102 1845 236 1873 centium
256 1853 304 1873 era
319 1846 473 1880 obstruere,
496 1851 525 1874 et
549 1855 696 1882 pravorum
720 1856 806 1877 novas
829 1849 907 1876 adin-

103 1891 258 1919 ventiones
274 1895 356 1927 atque
368 1892 520 1920 calumnias
531 1893 675 1929 dissipare.
689 1893 811 1927 Quorum
822 1895 905 1922 etiam

105 1942 163 1963 nos
185 1936 311 1971 exempla
335 1941 494 1971 sequentes,
515 1938 559 1965 his
581 1938 628 1973 qui
643 1946 766 1966 errorem
789 1940 906 1974 propria:

103 1981 264 2016 impietatis
278 1990 311 2009 ex
331 1984 494 2011 auctoritate
508 1985 605 2020 synodi
623 1984 907 2013 confirmare'nitun-

104 2033 166 2060 tur,
185 2033 216 2055 et
238 2028 320 2055 verba
346 2029 510 2064 simpliciter
524 2035 614 2066 atque
637 2032 742 2067 integre
765 2040 781 2059 a
803 2032 906 2060 sanctis

108 2073 244 2100 Pati-ibus
254 2073 338 2105 edita,
351 2073 385 2101 ad
400 2081 477 2101 suam
491 2075 654 2109 pravitatem
669 2079 807 2103 conantur
819 2080 905 2103 retor-

99 2127 208 2154 quere,
228 2120 363 2154 compulsi
384 2127 480 2147 sumus
493 2126 650 2148 sanctorum
665 2121 786 2148 virorum
805 2120 905 2155 proba-

103 2164 338 2200 tissimorumque
359 2168 503 2193 doctorum
526 2167 671 2195 sententiis
691 2167 788 2195 armati
809 2174 907 2194 occur-

107 2218 182 2243 rere,
198 2215 230 2238 et
244 2211 342 2246 impias
362 2213 529 2245 assertiones
549 2221 646 2240 eorum
658 2222 711 2248 per
723 2213 771 2241 Dei
789 2213 904 2249 gratiam

963 284 1112 312 testentur,
1138 280 1264 307 dicentes
1278 290 1284 306 :
1301 280 1456 314 Sequentes
1472 279 1557 316 igitur
1572 285 1601 309 et
1622 290 1674 310 nos
1691 291 1756 310 san~

962 327 1104 354 ctissimos
1118 327 1225 358 Patres,
1244 326 1422 359 conﬁtemur,
1442 332 1496 355 etc.
1521 328 1572 361 Qui
1597 335 1690 356 autem
1709 337 1756 357 re»

963 370 1154 398 tractationem
1174 371 1284 398 concilii
1308 379 1369 399 esse
1389 372 1515 407 iudicant
1528 377 1624 401 contra
1642 374 1756 402 haereti-

961 423 1057 443 corum
1073 424 1159 444 novas
1176 417 1388 446 adinventiones
1400 419 1541 454 quippiam
1556 420 1584 447 in
1599 420 1678 448 libris
1690 429 1757 456 pro-

961 461 1036 490 ferre
1060 467 1230 496 sanctorum,
1247 469 1296 492 aut
1319 465 1346 492 id
1358 465 1433 500 quod
1453 467 1630 495 convenienti
1647 469 1755 495 ratione

961 508 1109 543 collectum
1132 508 1225 541 fuerit,
1245 510 1335 544 primo
1351 517 1478 546 arguant,
1494 512 1525 539 B.
1542 512 1688 548 Cyrillum,
1706 512 1752 548 qui

961 554 1046 590 (sicut
1057 557 1186 591 superius
1196 557 1368 593 cdocuimns)
1381 558 1634 594 perfectoetprimo
1645 565 1755 587 sancto-

961 609 1022 628 rum
1043 602 1155 629 Patrum
1177 608 1307 632 manente
1322 603 1470 640 Symbolo,
1495 605 1529 632 ad
1553 605 1751 634 destruendam

961 648 1074 683 impiam
1097 648 1354 684 interpretationem
1373 651 1494 679 Nestorii
1515 652 1687 680 diversorum
1705 654 1755 681 Pa-

957 698 1033 721 trum
1044 696 1195 724 sentcntias
1208 697 1337 731 protulit,
1345 701 1373 724 et
1384 698 1413 724 Β.
1425 697 1556 731 Leonem,
1565 700 1611 734 qui
1625 700 1755 727 similiter

960 745 1120 768 sanctorum
1137 742 1251 769 Patrum
1275 744 1443 771 testimoniis
1465 749 1569 772 statuta
1587 746 1755 774 venerabilis

959 786 1194 825 Chalcedonensis
1215 789 1313 824 synodi
1329 797 1392 817 cum
1405 790 1462 818 fide
1478 791 1589 818 Patrum
1605 793 1754 821 convenire

959 830 1064 872 docuit.
1078 833 1113 861 Et
1126 838 1184 861 tum
1199 834 1310 863 demum
1326 841 1377 862 nos
1389 837 1467 872 quasi
1480 841 1676 865 retractatores
1688 846 1755 866 con-

959 879 1015 906 cilii
1034 887 1151 915 arguere
1168 885 1310 915 poterunt,
1328 882 1376 918 qui
1393 890 1443 918 per
1465 888 1625 911 sanctorum
1642 884 1754 912 Patrum

959 925 1029 953 bene
1046 926 1166 962 prolatas
1185 928 1349 961 sententias,
1373 929 1536 964 repellimus
1559 930 1754 958 haereticorum

959 970 1105 998 fallaciam.
1121 972 1208 1000 Nemo
1224 973 1299 1001 enim
1323 979 1398 1002 recte
1419 975 1638 1013 reprehendatur
1663 981 1754 1013 retra-

955 1022 1033 1046 ctare
1045 1018 1191 1054 synodum,
1206 1020 1260 1047 nisi
1276 1021 1323 1055 qui
1333 1020 1374 1062 ‘de
1389 1020 1475 1055 ipsius
1491 1022 1752 1057 statutisjudicans,

958 1071 1013 1090 non
1032 1071 1082 1099 pro
1107 1064 1165 1099 ipsa
1190 1065 1240 1094 sed
1263 1068 1360 1094 contra
1385 1066 1472 1102 ipsam
1493 1067 1604 1096 Patrum
1625 1069 1754 1104 proferre

959 1111 1046 1134 tentat
1063 1109 1227 1142 sententias,
1251 1110 1324 1137 sicut
1340 1111 1465 1138 haeretici
1488 1111 1601 1140 faciunt.
1626 1111 1677 1147 Qui
1702 1121 1753 1141 au-

959 1158 1013 1180 tem
1030 1161 1085 1181 non
1100 1159 1196 1182 contra
1214 1155 1312 1190 ipsam,
1334 1157 1383 1183 sed
1400 1165 1450 1192 pro
1467 1159 1536 1192 ipsa,
1553 1158 1664 1186 Patrum
1687 1167 1752 1187 scn-

959 1200 1060 1227 tentias
1073 1200 1229 1235 proferunt,
1249 1201 1410 1230 defensores
1425 1208 1501 1237 sunt,
1518 1212 1573 1231 non
1589 1209 1753 1232 retractato-

959 1253 1005 1272 res
1026 1246 1148 1273 concilii.
1176 1247 1290 1275 Frustra
1314 1256 1382 1284 ergo
1406 1249 1520 1277 omnino
1543 1258 1593 1278 nos
1616 1251 1751 1287 synodum

958 1295 1110 1320 retractare
1123 1297 1242 1328 arguunt
1253 1301 1343 1329 ,quos
1357 1294 1455 1322 vident
1467 1303 1522 1322 non
1541 1299 1636 1323 contra
1648 1296 1750 1332 ipsam,

958 1336 1005 1363 scd
1021 1345 1070 1371 pro
1082 1337 1140 1372 ipsa
1154 1338 1267 1365 Patrum
1279 1339 1403 1374 proferre
1415 1341 1578 1368 sententias.
1587 1341 1656 1375 Quia
1667 1350 1753 1378 syno~

958 1381 1010 1409 dus
1023 1382 1137 1410 alterunt
1148 1383 1230 1411 ﬁdem
1240 1388 1288 1412 aut
1300 1384 1469 1413 mathemata
1478 1391 1579 1421 prater
1589 1392 1750 1415 sanctorum

955 1428 1071 1456 Patrum
1084 1430 1193 1457 tradere
1205 1430 1250 1457 bis
1262 1430 1310 1466 qui
1323 1431 1356 1458 ad
1381 1432 1546 1459 catholicam
1560 1433 1640 1461 ﬁdem
1653 1434 1751 1462 confu—

957 1475 1047 1510 giunt,
1070 1475 1235 1509 prohibuit:
1253 1483 1308 1503 non
1324 1481 1423 1506 autem
1440 1477 1637 1506 haereticorum
1655 1479 1752 1514 .p'rravi-

958 1520 1018 1554 tati,
1041 1525 1089 1548 aut
1113 1521 1154 1549 eis
1170 1522 1217 1556 qui
1234 1529 1348 1551 sensum
1372 1523 1433 1559 ejus
1451 1524 1752 1553 ‘moliunturcorrum—

920 1583 940 1613 ο
957 1574 1034 1601 pere,
1050 1567 1264 1596 ralionabilibus
1275 1567 1450 1598 documentis
1461 1567 1751 1599 velitobviare.Unde

956 1613 1128 1647 superfluum
1149 1618 1193 1641 est
1209 1614 1293 1642 etiam
1308 1614 1376 1642 illud
1394 1616 1469 1650 quod
1491 1612 1748 1653 nobis‘objicitur.‘

956 1659 1024 1694 'quia
1042 1659 1114 1694 quod
1137 1660 1259 1695 synodus
1277 1668 1333 1689 non
1353 1661 1433 1695 dicit,
1453 1662 1612 1691 nullatenus
1626 1664 1680 1691 dici
1700 1664 1751 1692 de-

954 1705 1035 1733 bere.
1049 1705 1119 1738 Quia
1136 1707 1223 1734 multa
1233 1712 1299 1735 sunt
1313 1714 1373 1743 qua:
1387 1716 1444 1735 non
1459 1709 1590 1737 dicuntur
1605 1717 1620 1738 a
1632 1710 1749 1745 synodo,

957 1758 1009 1778 nec
1023 1752 1052 1778 in
1067 1753 1122 1780 ulla
1143 1753 1280 1788 scriptura
1295 1755 1439 1788 canonica,
1453 1760 1481 1782 et
1496 1760 1587 1791 tamen
1602 1763 1664 1783 enim
1681 1757 1750 1784 ratio

957 1798 1148 1832 postulaverit.
1170 1806 1202 1826 ea
1226 1800 1388 1828 nullatenus
1405 1801 1534 1836 proferre
1558 1803 1749 1838 mnbigimus:

956 1842 1030 1870 sicut
1048 1847 1092 1870 est
1109 1844 1241 1877 Trinitas,
1258 1849 1311 1872 aut
1326 1853 1388 1873 cum
1405 1846 1440 1874 de
1453 1847 1534 1875 Patre
1550 1847 1670 1876 dicimus
1685 1849 1749 1884 quia

956 1888 1098 1924 ingenitus
1109 1894 1161 1923 est,
1175 1895 1203 1918 et
1212 1891 1266 1918 alia
1280 1891 1370 1926 plura.
1386 1893 1442 1920 Nec
1450 1893 1529 1920 enim
1545 1894 1573 1922 in
1588 1895 1671 1922 rebus
1683 1903 1750 1923 con-

956 1935 1134 1962 siderandum
1157 1941 1198 1964 est
1224 1936 1308 1972 (sicut
1330 1937 1400 1965 dicit
1417 1938 1594 1968 beatissimus
1614 1940 1748 1976 August-i-

956 1980 1020 2016 nus)
1038 1981 1104 2016 quid
1119 1981 1161 2009 vel
1174 1982 1251 2010 sinat
1267 1983 1310 2010 vel
1325 1991 1381 2026 npn
1397 1984 1470 2015 sinat
1483 1984 1537 2013 dici
1555 1994 1623 2014 usus
1642 1994 1750 2015 sermo-

956 2028 1001 2055 nis
1017 2028 1115 2060 nostri,
1130 2028 1177 2056 sed
1193 2029 1256 2063 quis
1270 2035 1362 2058 rerum
1381 2030 1502 2065 ipsarum
1519 2032 1676 2061 intellectus
1688 2035 1749 2061 elu-

956 2065 1030 2109 ceat,
1054 2072 1102 2101 liis
1119 2074 1156 2101 ita
1180 2081 1210 2101 se
1226 2073 1403 2108 habentibus,
1429 2076 1585 2105 beatissimi
1606 2078 1642 2106 ad
1663 2087 1750 2114 expu-

956 2119 1092 2155 gnandam
1111 2125 1138 2148 et
1158 2120 1336 2150 auferendam
1349 2123 1389 2150 ab
1403 2123 1526 2150 omnium
1542 2124 1643 2153 animis
1656 2127 1749 2161 suspi-

955 2167 1077 2200 cionem,
1101 2169 1173 2196 sicut
1187 2169 1244 2204 jam
1269 2170 1396 2204 superius
1417 2170 1524 2205 praefati
1549 2179 1654 2204 sumus,
1675 2182 1749 2201 nunc

955 2214 1009 2249 iam
1035 2214 1156 2249 qualiter
1187 2215 1221 2242 de
1249 2215 1439 2244 incarnatione
1469 2222 1577 2246 tantum
1607 2218 1747 2248 Dominica

99 2257 233 2284 refutare
247 2265 253 2283 :
277 2257 422 2285 evidenter
439 2263 597 2294 arguentes,
618 2267 666 2287 eos
682 2265 699 2287 ἢ
721 2259 774 2287 fide
794 2265 905 2288 sancto-
921 2255 944 2283 Ι)
960 2260 1123 2293 sentiamus,
1140 2261 1197 2288 sive
1209 2261 1275 2296 quid
1291 2261 1325 2289 de
1346 2263 1433 2298 gratia
1446 2264 1506 2295 Dei,
1530 2272 1586 2292 non
1604 2274 1658 2300 qua
1671 2273 1749 2294 crea—

107 2310 170 2330 rum
192 2303 304 2330 Patrum
320 2304 500 2340 ejusdemque
516 2305 624 2336 concilii
639 2313 700 2333 esse
713 2305 825 2340 penitus
838 2306 904 2333 alie-

106 2357 168 2378 nos.
182 2349 257 2383 Quid
272 2350 346 2378 enim
361 2355 456 2378 contra
475 2351 610 2387 synodum
633 2356 662 2379 et
679 2359 733 2379 non
753 2352 840 2387 magis
854 2359 903 2386 pro

105 2396 216 2431 synodo
232 2401 285 2428 est,
299 2397 322 2423 si
339 2401 433 2424 contra
453 2398 580 2426 inimicos
591 2398 826 2427 Chalcedonensis
839 2406 903 2426 cun-

106 2441 163 2468 cilii
183 2442 235 2476 qui
255 2450 319 2469 eum
334 2447 430 2471 contra
451 2449 610 2472 sanctorum
625 2445 736 2473 Patrum
757 2445 837 2473 ﬁdem
856 2452 902 2472 ve-

99 2487 181 2515 ‘nisse
197 2488 412 2523 calumniantur,
433 2495 592 2518 sanctorum
608 2491 732 2518 virorum
756 2490 814 2527 (qui
838 2494 902 2518 ante

107 2531 197 2566 ipsam
211 2532 242 2559 in
261 2532 385 2561 Ecclesia
402 2534 573 2570 claruerunt)
588 2536 740 2563 sententias
760 2535 904 2570 proferen-

107 2580 149 2606 ως
162 2585 170 2606 :
183 2578 365 2607 docuerimus
384 2580 454 2607 nihil
478 2588 592 2612 novum,
609 2585 657 2608 aut
676 2586 834 2609 sanctorum
855 2581 904 2608 Pa-

108 2627 182 2653 trum
205 2624 272 2652 ﬁdei
285 2625 454 2653 contrarium
476 2634 492 2654 a
514 2631 667 2654 memorato
684 2627 769 2655 fuisse
785 2627 903 2655 concilio

107 2674 244 2699 statutum
260 2671 441 2699 fPI'aesertim
465 2680 528 2709 cum
560 2673 725 2708 incipientes
751 2673 903 2701 beatissimi

107 2713 204 2747 Patres
225 2717 274 2754 qui
295 2718 323 2746 in
356 2718 416 2754 ipsa
437 2719 543 2756 synodo
563 2724 764 2754 convenerunt,
789 2728 901 2748 sensum

958 2314 1031 2338 mur,
1055 2307 1102 2334 sed
1124 2315 1156 2335 ea
1172 2315 1225 2342 qua
1246 2315 1415 2342 recreamur,
1430 2310 1580 2345 sapiamus,
1591 2313 1748 2340 necessario

954 2353 1036 2380 Vobis
1046 2353 1187 2382 credimus
1196 2354 1286 2382 facere
1298 2355 1485 2384 manifestum.
1498 2357 1567 2390 Quia
1578 2358 1652 2386 nulla
1667 2359 1749 2387 nobis

955 2405 1030 2425 nunc
1038 2398 1071 2425 de
1078 2398 1138 2426 Filii
1150 2399 1198 2427 Dei
1210 2399 1364 2433 divinitate,
1377 2409 1430 2436 qua
1441 2406 1548 2430 constat
1559 2408 1587 2431 et
1598 2405 1693 2432 unitus
1707 2409 1749 2433 cst

956 2444 1038 2484 Patri
1053 2449 1081 2472 et
1105 2445 1219 2480 Spiritui
1235 2450 1342 2479 sancto,
1359 2447 1497 2476 dubietas.
1514 2449 1541 2476 Si
1556 2449 1622 2484 quid
1638 2458 1703 2486 ergo
1719 2450 1746 2478 in

955 2491 1008 2518 hac
1019 2491 1204 2520 satisfactione
1220 2491 1283 2519 ﬁdei
1298 2497 1409 2526 nostrae,
1422 2495 1592 2522 contrarium
1605 2496 1748 2525 catholicae

956 2536 1031 2568 ﬁdei,
1053 2542 1102 2564 ant
1123 2543 1282 2566 sanctorum
1306 2539 1420 2567 Patrum
1436 2540 1632 2569 traditionibus
1653 2547 1746 2570 vestra

955 2582 1086 2610 sanctitas
1098 2583 1275 2617 judicaverit,
1291 2584 1430 2613 instruere
1443 2589 1471 2613 et
1487 2588 1637 2615 emendare
1651 2588 1746 2624 digne-

957 2632 1002 2655 tur
1019 2637 1026 2655 :
1045 2629 1069 2656 si
1091 2634 1182 2657 autem
1207 2630 1418 2659 convenientem
1429 2651 1436 2664 ,
1454 2633 1566 2668 propria
1582 2635 1745 2664 auctoritate

955 2674 1076 2702 ﬁnnarc.
1361 2687 1365 2694 κ
