1953 3086
209 172 247 208 ’ῖο
854 167 1019 198 ’JOANNIS
1039 166 1228 198 MAXENTII
1819 168 1853 199 30

229 274 1462 293 ___________________—____.__._.___

892 367 1163 414 EJUSDEM

515 491 632 554 ,ΒΕ
682 489 1030 556 CHRISTO
1080 489 1535 556 PROFESSIO.

249 694 327 722 Totus
351 696 389 720 est
406 691 556 719 Maxentius
577 691 604 718 in
622 691 671 717 liae
683 697 738 717 sate
754 689 818 724 ﬁdei
832 687 1009 724 Professione,
1026 689 1093 717 etin
1116 691 1177 718 aliis
1198 692 1319 726 operibus
1336 692 1402 724 suis,
1418 698 1476 727 quin
1489 693 1549 720 huic
1565 698 1633 721 tonio
1651 683 1815 728 inseruntur,
1826 699 1857 723 ut

202 746 321 777 'propter
335 740 523 776 professionem
537 741 561 764 et
574 736 790 773 approbationem
806 737 868 772 ﬁdei
883 737 986 764 concilii
1002 736 1220 765 Chalcedonensis
1241 743 1333 765 contra
1349 738 1523 766 Nestoriunos
1541 745 1565 766 et
1580 740 1759 776 Eutycliianos
1773 742 1857 771 stabi-

202 786 310 816 'liretur
325 788 379 815 hie:
392 786 535 822 propositio
549 792 557 813 :
573 784 692 813 Christus
710 793 778 812 unus
793 785 825 812 de
839 785 967 812 Trinitate
980 793 1072 821 passus
1086 785 1125 813 vel
1141 786 1282 821 cruciﬁxus
1294 790 1343 820 est,
1356 795 1415 822 quia
1430 787 1488 814 licet
1504 787 1536 814 de
1547 795 1576 815 se
1590 788 1708 824 alioquin
1724 798 1819 818 sanum
1831 795 1858 818 et

215 835 373 864 catholicum
386 843 491 862 sensum
509 834 578 869 ferre
586 833 682 868 possit,
698 837 786 860 tamen
801 833 880 869 legati
895 832 924 861 S.
939 833 1087 860 Hormisda:
1104 842 1181 869 papa:
1196 834 1268 870 apud
1280 833 1537 870 Constantinopolin:
1550 835 1605 871 ipse
1617 835 1645 863 S.
1662 836 1818 865 Hormisdas
1832 841 1858 865 et

214 881 326 917 plurimi
339 880 387 908 alii
399 881 484 908 sancti
498 884 522 906 et
537 879 675 907 orthodoxi
690 880 741 907 viri
757 879 876 906 eamdem
890 880 1056 906 uehementer
1069 879 1254 914 improbabant
1268 885 1291 907 et
1308 885 1436 916 tanquam
1445 889 1542 908 novatn
1557 885 1583 907 et
1597 881 1748 908 liwreticatn
1765 882 1858 918 explo-

213 929 323 962 debant,
341 929 410 965 quod
425 930 453 955 in
467 936 498 955 ea
512 927 559 955 sub
575 927 652 954 melle
665 935 795 954 venenum
808 927 1006 963 Eutychianum
1024 926 1212 955 occultaretur.
1224 927 1328 955 Causas
1345 936 1393 956 cur
1407 935 1465 955 eam
1482 928 1577 955 merito
1596 929 1767 964 repudiarent
1783 931 1858 957 eriti—

215 977 276 1003 bent
298 980 350 1002 tres
375 976 444 1002 inter
465 974 533 1001 alias
549 973 700 1001 Ferrandus
716 973 934 1009 Cartliaginensis
956 973 1094 1006 diaconus,
1112 973 1218 1001 celebris
1240 974 1297 1008 eius
1322 974 1446 1008 temporis
1457 975 1580 1010 scriptor,
1599 974 1687 1010 Epist.
1704 975 1737 1002 ad
1753 975 1858 1004 Anato-

206 1023 284 1050 1ium
308 1024 423 1050 Roman.
443 1023 517 1050 Eccl.
534 1022 693 1050 diaconum.
714 1021 808 1049 Prima
831 1027 900 1054 erat,
923 1030 955 1049 ne
979 1022 1088 1049 dicendo
1111 1030 1178 1050 unus
1194 1022 1225 1049 de
1241 1022 1381 1055 Trinitate,
1398 1026 1539 1058 putaretur
1554 1022 1628 1049 aliud
1649 1031 1704 1050 esse
1723 1031 1816 1057 utrum,
1831 1028 1858 1051 et

215 1069 291 1096 aliud
306 1068 473 1096 Trinitatem.
489 1067 609 1096 Secunda
624 1075 656 1094 ne
669 1067 800 1094 videretur
814 1067 887 1102 ﬁlius
905 1067 1051 1100 Trinitatis,
1066 1067 1107 1095 vel
1123 1067 1194 1095 Deus
1210 1067 1358 1095 Trinitatis.
1372 1066 1485 1095 Consule
1499 1069 1585 1104 ipsum
1606 1068 1686 1096 latius
1705 1069 1756 1096 ista
1774 1069 1858 1105 expli-

214 1121 331 1150 cantem,
346 1120 371 1144 et
385 1116 520 1152 Epistolas
534 1115 692 1149 Hormisdaz,
706 1120 731 1142 et
746 1115 895 1151 legatorum
909 1115 967 1151 ejus
982 1120 1048 1142 tom.
1064 1115 1074 1142 1
1088 1115 1176 1150 Epist.
1193 1115 1273 1142 Rom.
1287 1114 1387 1150 pontii.
1401 1114 1517 1150 Insuper
1531 1123 1592 1150 qua:
1604 1121 1731 1143 accurate
1744 1116 1858 1144 adnotat

212 1163 354 1190 Baronius
366 1168 434 1190 tom.
449 1162 494 1190 ΥΠ
507 1161 605 1189 Annal.
623 1168 696 1189 anno
709 1161 771 1194 519,
786 1168 847 1196 cap.
864 1161 909 1194 85,
923 1165 951 1188 et
968 1160 1027 1194 106,
1041 1165 1069 1188 01
1085 1161 1145 1188 112.
1163 1159 1340 1193 Quamobrem
1354 1168 1482 1196 suspenso
1498 1161 1563 1196 pede
1578 1164 1603 1187 et
1621 1161 1677 1188 acri
1687 1161 1788 1196 judicio
1802 1161 1857 1188 111εο

215 1217 298 1245 opere
311 1209 422 1237 Joannis
435 1209 571 1237 Maxeutii.
584 1213 712 1244 tanquam
727 1209 841 1237 ltwretici
859 1208 1027 1245 Eutychiani,
1043 1217 1072 1236 eo
1081 1209 1281 1245 perniciosioris
1296 1217 1347 1244 quo
1362 1207 1481 1236 cultioris
1497 1208 1544 1236 tibi
1555 1208 1664 1244 legenda
1680 1216 1858 1245 propone,‘tw

216 1266 361 1294 amptttgas.

205 1381 208 1386 τ
253 1372 339 1408 Igitur
360 1375 509 1407 sequentes
529 1371 559 1400 in
580 1372 709 1400 omnibus
737 1371 820 1399 tidem
853 1376 1011 1400 sanctorum
1027 1379 1048 1407 Α
1063 1377 1221 1405 carnem,et
1232 1372 1297 1407 quia
1311 1373 1384 1400 Deus
1398 1371 1482 1400 homo
1492 1371 1582 1399 tactus
1596 1371 1656 1399 est?
1670 1371 1720 1400 liis
1731 1379 1858 1408 congrue

216 1419 342 1451 Patrum,
356 1419 521 1446 conlitemur
538 1426 622 1445 unum
639 1418 822 1453 eamdemque
841 1418 949 1445 Filium‘
962 1419 1011 1446 Dei
1061 1418 1252 1446 sanctissimus
1266 1418 1412 1453 theologus
1424 1417 1544 1453 Cyrillus
1555 1417 1589 1445 ad
1601 1418 1760 1446 Nestorium
1775 1427 1781 1446 :
1795 1419 1859 1449 Non

202 1464 367 1491 -Dominum
401 1468 528 1492 nostrum
557 1464 651 1492 Jesum
672 1463 825 1492 Christum
857 1464 1009 1499 perfectum

201 1510 347 1538 eumdem
372 1510 400 1537 in
421 1510 578 1543 divinitate,
595 1509 748 1545 perfectum
766 1511 893 1538 eumdem
911 1511 939 1537 in
960 1510 1011 1537 hu-

199 1569 203 1573 -
217 1557 363 1589 manitate,
379 1556 466 1584 Deum
481 1564 577 1584 verum
597 1561 626 1584 et
643 1556 784 1584 hominem
801 1563 909 1589 verum,
930 1564 1010 1584 eum-

202 1604 283 1631 iam
307 1611 341 1631 cx
368 1603 459 1630 anima
487 1603 615 1630 rationali
646 1607 674 1630 et
692 1610 825 1638 corpore,
846 1603 1011 1631 homousion

214 1650 295 1678 Patri
319 1649 483 1677 secundum
514 1649 698 1682 divinitatem,
732 1649 899 1677 homousion
931 1649 1011 1677 nobis

219 1695 350 1722 eumdem
367 1694 519 1722 secundum
540 1694 751 1727 humanitatem,
765 1701 814 1730 per
827 1694 919 1722 omnia
934 1694 1011 1722 simi-

221 1740 276 1768 lem
291 1741 395 1776 absque
408 1745 531 1776 peccato.
548 1740 619 1768 Ante
635 1741 735 1769 saecula
750 1740 861 1775 quidem
877 1741 911 1768 de
930 1741 1011 1769 Patre

219 1791 315 1814 natum
338 1787 491 1814 secundum
505 1787 688 1819 divinitatem,
703 1786 731 1814 in
746 1786 904 1814 novissimis
918 1791 1010 1814 autem

216 1832 319 1860 diebus
334 1833 473 1865 eumdem,
487 1837 682 1868 111-0010111011,
698 1835 726 1859 et
742 1835 865 1859 nostram
882 1831 1010 1865 salutem,

216 1878 354 1906 ex‘Maria
369 1879 543 1915 Virgine'Dei
558 1878 699 1906 Genitriaa
713 1878 864 1905 secundum
881 1877 1011 1905 humani-

206 1929 329 1952 ~4atem3
341 1924 438 1952 Unum-
461 1923 656 1959 eamdemque
670 1923 812 1951 Christum
829 1923 936 1950 Filium
962 1923 1011 1951 Dei

208 1970 405 2006 unigenitum,
424 1969 504 2006 535
524 1970 552 1997 in
573 1970 642 1998 duas
657 1974 782 2003 naturas,
800 1969 953 2003 inconiuse,
963 1969 1011 1996 111-

215 2016 469 2050 oommutabiliter,
495 2016 630 2049 indivise,
662 2016 885 2051 inseparabiliter
906 2023 1011 2051 cogno-

1060 1465 1146 1497 cnim,
1166 1465 1265 1500 inquit,
1279 1465 1403 1493 dicimus
1421 1465 1496 1500 quod
1517 1465 1565 1492 Dei
1588 1469 1698 1498 natura,
1722 1472 1856 1494 conversa

1061 1510 1278 1542 aut'immulata,
1295 1510 1367 1537 facta
1380 1510 1416 1537 sit
1429 1517 1503 1542 caro,
1518 1510 1562 1537 vel
1574 1510 1648 1545 quod
1663 1511 1691 1538 in
1705 1515 1792 1538 totum
1807 1510 1857 1539 ho-

1062 1556 1175 1588 minem,
1194 1556 1241 1591 qui
1257 1561 1299 1584 est
1313 1564 1347 1584 ex
1368 1555 1459 1583 anima
1473 1561 1502 1583 et
1518 1563 1644 1591 corpore,
1662 1556 1856 1584 transformata

1062 1601 1108 1632 sit,
1121 1600 1170 1627 sed
1189 1600 1256 1627 illud
1273 1600 1359 1636 magis
1375 1599 1449 1635 quod
1464 1607 1577 1628 carnem
1589 1600 1738 1628 animatam
1754 1605 1784 1629 et
1795 1601 1857 1629 ani-

1062 1654 1133 1675 mam
1151 1646 1314 1674 rationalem
1328 1646 1382 1673 sibi
1395 1646 1569 1681 copulaverit
1584 1646 1716 1679 Verbum,
1729 1652 1758 1674 et
1769 1647 1856 1675 Filius

1056 1693 1111 1721 Dei
1131 1693 1386 1725 subsistentialiter,
1409 1692 1600 1726 inellahiliter,
1618 1693 1856 1728 incomprehensi-

1053 1740 1157 1768 biliter
1178 1740 1268 1768 t’actus
1291 1739 1327 1768 sit
1344 1739 1438 1773 homo,
1460 1744 1489 1767 et
1512 1744 1688 1775 nuncupatus
1709 1740 1746 1768 sit
1768 1739 1856 1768 Filius

1062 1784 1192 1812 hominis.
1206 1784 1262 1812 Nec
1283 1784 1357 1812 nuda
1379 1788 1488 1812 tanaim
1510 1784 1660 1816 voluntate.
1674 1792 1727 1812 nec
1746 1792 1856 1813 assum<

1062 1831 1156 1866 ptione
1174 1839 1308 1866 personae,
1325 1830 1373 1859 sed
1390 1830 1464 1866 quod
1487 1830 1602 1858 diversa
1621 1830 1733 1865 quidem
1751 1835 1857 1859 naturae

1062 1878 1091 1906 111
1107 1886 1193 1906 unum
1208 1879 1398 1912 convenerint,
1413 1886 1485 1906 unus
1499 1883 1589 1906 tamen
1601 1885 1636 1905 ex
1648 1882 1764 1913 utraque
1773 1878 1856 1906 Chri~

1061 1929 1122 1952 stus
1132 1928 1160 1952 et
1175 1924 1272 1957 Filius,
1289 1932 1345 1952 non
1358 1927 1492 1952 evacuata
1506 1927 1555 1951 aut
1569 1924 1678 1952 sublata
1692 1928 1856 1952 naturarum

1061 1967 1222 1997 diversitate
1236 1974 1349 2004 propter
1362 1969 1501 1996 unionem.

1097 2014 1202 2042 Horum
1225 2015 1310 2050 igitur
1333 2019 1492 2042 sanctorum
1507 2015 1620 2042 Patrum
1642 2015 1797 2043 doctrinam
1812 2024 1857 2044 se-

218 2063 364 2090 seendum.
393 2063 424 2091 111
450 2063 527 2090 1111110
548 2066 711 2090 naturarum
733 2061 923 2090 diversitatem
946 2069 1013 2097 pro-
1029 2060 1192 2096 liquentes,
1210 2061 1411 2088 abominamur
1437 2061 1530 2089 omnia
1554 2069 1651 2088 eorum
1675 2062 1876 2091 deliramenta‘

216 2114 281 2145 pter
295 2109 427 2137 unitatem
440 2109 639 2145 peritnendam,
653 2109 727 2136 salvo
739 2108 832 2143 potius
844 2108 1011 2143 proprietate

218 2156 367 2191 utriusque
389 2161 495 2183 natura:
519 2156 547 2183 in
569 2163 624 2183 una
648 2162 766 2190 persona
787 2162 897 2189 unaque
920 2154 1012 2182 subsi-

216 2202 322 2229 stentia
338 2206 529 2230 concurrente.
542 2202 602 2229 Non
617 2201 645 2228 in
662 2201 731 2228 duas
753 2208 884 2236 personas
905 2200 1012 2236 patien-

217 2247 285 2274 u‘um
300 2253 348 2274 aut
370 2246 561 2279 dividendum,
581 2245 630 2274 sed
652 2253 740 2273 unum
759 2245 943 2280 eumdemque
966 2245 1012 2272 Fi~

202 2306 204 2308 τ
218 2293 288 2321 1111111
305 2294 477 2329 unigenitum
495 2293 581 2320 Deum
593 2292 727 2325 Verbum,
742 2292 889 2319 Dominum
906 2291 1010 2325 Ι10811111,

216 2339 340 2366 sicutab
356 2338 435 2366 initio
449 2338 530 2366 nobis
551 2337 693 2372 propheta:
707 2337 848 2370 dixerunt,
861 2337 896 2365 de
910 2337 966 2365 Deo
985 2341 1012 2365 et

218 2385 279 2420 ipse
292 2392 345 2412 nos
357 2384 484 2412 Christus
497 2384 629 2411 erudivit.
648 2384 702 2411 llas
719 2384 803 2419 igitur
818 2385 886 2411 duas
899 2388 1012 2412 naturas

219 2431 268 2458 Dei
284 2431 360 2457 verbi
374 2430 483 2458 Domini
499 2430 586 2458 nostri
602 2430 666 2458 Jesu
683 2430 797 2464 Christi,
814 2431 871 2458 hoc
881 2434 925 2458 est
941 2431 1012 2458 divi-

218 2476 315 2503 nitatis
327 2480 355 2503 et
367 2475 559 2508 humanitatis,
574 2476 748 2510 naturaliter,
761 2466 914 2504 secundum
928 2477 1013 2504 tradi-

219 2522 324 2549 tionem
344 2526 505 2550 sanctorum
520 2523 631 2550 Patrum
647 2520 788 2551 credimus
808 2527 836 2550 et
848 2523 1013 2551 confitemur

220 2569 324 2600 unitas,
338 2576 428 2604 eoque
442 2573 540 2596 natura
559 2569 727 2597 inviolabilis
743 2570 791 2597 Doi
805 2569 1013 2602 Vcrbi,natur-.e

202 2617 262 2641 est
278 2613 354 2642 unita
378 2614 513 2649 passibili,
535 2615 695 2642 beatissimo
716 2615 797 2643 simul
812 2619 894 2650 atque
909 2615 1013 2643 doctis-

219 2661 291 2688 simo
315 2660 466 2688 Athanasio
491 2661 600 2689 dicente
616 2671 621 2688 :
635 2662 756 2689 Verbum
776 2670 852 2695 caro,
875 2670 930 2690 non
948 2670 1013 2689 caro

219 2707 339 2735 Verbum
363 2707 465 2735 factum
489 2712 540 2735 est.
564 2709 685 2736 Verbum
707 2713 800 2736 autem
823 2716 888 2736 caro
911 2708 1012 2736 factum

219 2754 333 2787 dicitur,
351 2755 416 2790 quia
429 2754 511 2783 Verbi
534 2754 606 2782 facta
627 2761 671 2782 est
685 2762 758 2788 caro,
776 2760 804 2782 et
825 2763 881 2782 non
896 2755 1013 2791 alicujus

219 2800 352 2834 hominis,
367 2801 420 2828 hoc
439 2805 491 2834 est,
508 2801 579 2828 Dens
593 2800 676 2827 homo
696 2800 784 2828 iactus
796 2805 850 2833 cst,
865 2805 893 2828 et
912 2801 1012 2828 dicitur

217 2854 296 2880 caro,
313 2855 347 2874 nc
365 2847 537 2882 prmtereatis
559 2847 650 2874 carnis
674 2854 784 2873 nomen.
799 2847 855 2874 Cur
870 2855 936 2883 ergo
957 2855 1013 2874 non

210 2893 321 2922 mtiicit
339 2893 432 2935 nobis,
444 2893 580 2935 naturalis
602 2893 691 2922 11111110
713 2893 796 2922 Verbi
818 2894 852 2922 ad
873 2893 1012 2930 propriam

554 2973 568 2981 ι

1063 2107 1110 2141 qui
1126 2106 1212 2134 lilium
1221 2106 1279 2133 tilio
1290 2106 1458 2141 copulatum,
1468 2110 1516 2134 aut
1525 2106 1641 2134 alterum
1653 2107 1855 2136 inhabitantem

1063 2153 1091 2180 in
1101 2152 1199 2185 altero,
1211 2153 1328 2180 alterunt
1345 2156 1436 2180 autem
1446 2152 1528 2179 alteri
1555 2152 1724 2180 conﬁtentur
1734 2155 1854 2187 unitum,

1064 2200 1217 2228 secundum
1245 2199 1376 2227 atl‘cctum
1394 2204 1447 2226 aut
1470 2199 1598 2235 gratiam,
1622 2204 1671 2227 aut
1691 2199 1856 2236 dignitatem

1063 2251 1110 2274 aut
1133 2247 1266 2282 aequalem
1280 2246 1414 2274 honorem
1441 2246 1498 2273 sive
1522 2246 1725 2279 auctoritatem,
1738 2251 1791 2274 aut
1811 2254 1857 2275 se-

1063 2293 1184 2321 cundum
1207 2292 1507 2327 connuncupationem,
1528 2296 1578 2319 aut
1594 2291 1782 2325 concordiam,
1803 2297 1856 2320 aut

1063 2339 1287 2370 illustrationem,
1309 2339 1367 2366 sive
1388 2337 1542 2365 secundum
1562 2338 1792 2373 inoperationem,
1806 2344 1855 2367 aut

1063 2385 1236 2420 personalt-m
1258 2385 1356 2411 factam
1364 2383 1480 2411 credunt
1489 2384 1651 2418 unitionein,
1663 2385 1711 2413 hos
1717 2390 1743 2412 to
1750 2385 1856 2422 Cyrillo

1063 2432 1091 2459 111
1114 2431 1236 2466 capitulo
1261 2430 1341 2457 tertio
1364 2434 1460 2458 contra
1480 2431 1639 2458 Nestorium
1658 2431 1773 2460 dicente
1796 2441 1804 2460 :
1825 2432 1856 2461 Si

1062 2478 1125 2514 quis
1144 2478 1172 2505 in
1188 2484 1243 2504 uno
1260 2476 1369 2505 Christo
1389 2476 1490 2504 dividit
1507 2477 1683 2506 substantias
1708 2482 1770 2514 post
1790 2479 1855 2506 uni-

1064 2529 1160 2556 tatem,
1178 2524 1236 2552 sola
1248 2531 1295 2551 eas
1309 2523 1442 2551 societate
1457 2528 1627 2552 connectens
1643 2525 1796 2553 secundum
1813 2525 1857 2553 (li-

1063 2571 1206 2607 gnitatem,
1223 2574 1271 2597 aut
1283 2570 1477 2597 auctoritatem
1491 2575 1539 2598 aut
1564 2571 1727 2605 potentiam,
1749 2576 1777 2599 et
1798 2580 1854 2601 non

1065 2617 1152 2651 magis
1167 2621 1305 2644 convento
1319 2617 1358 2644 ad
1374 2617 1508 2644 unitatem
1523 2617 1688 2650 naturalem,
1708 2618 1855 2648 anathema

1064 2663 1110 2690 sit.
1127 2662 1262 2690 Similiter
1282 2663 1380 2690 beatus
1400 2663 1550 2698 Gregorius
1573 2663 1601 2690 in
1617 2663 1739 2698 Epistola
1757 2664 1791 2691 ad
1809 2665 1855 2692 Di-

1066 2709 1180 2736 donium
1195 2718 1202 2736 :
1222 2709 1250 2736 Si
1266 2709 1341 2744 quis,
1358 2709 1460 2745 inquit,
1477 2709 1549 2736 sicut
1561 2709 1588 2735 in
1602 2709 1736 2744 propheta
1752 2716 1855 2737 secun-

1065 2755 1131 2782 dum
1151 2755 1267 2790 gratiam
1313 2755 1381 2783 dicit
1398 2755 1558 2790 inoperasse
1579 2754 1666 2781 Deum
1681 2754 1813 2788 Verbum,
1827 2761 1856 2785 et

1066 2809 1121 2828 non
1133 2801 1353 2829 substantialiter
1366 2801 1466 2828 factam
1481 2799 1628 2828 conﬁtetur
1640 2800 1804 2836 unitioncrn,
1820 2802 1857 2831 sit

1068 2856 1170 2876 vacuus
1179 2849 1303 2876 melioris
1319 2847 1531 2883 inoperationis,
1549 2846 1635 2882 magis
1651 2851 1742 2875 autem
1756 2853 1783 2876 et
1796 2849 1856 2884 ple-

1067 2902 1119 2922 nus
1129 2895 1286 2923 deterioris.
1305 2895 1392 2923 Unam
1406 2902 1474 2923 vero
1488 2894 1605 2922 duarum
1616 2899 1778 2922 naturarum
1792 2894 1857 2923 sub-
