1953 3086
93 146 122 180 81

679 142 728 171 DE
753 141 919 171 CIIRlSTO
946 141 1163 173 PHOFESSIO.

1693 141 1731 173 8‘2

92 204 255 239 sistentiam,
268 201 326 229 sive
341 208 499 236 personam,
524 206 606 234 quam
623 197 704 226 nobis
726 198 883 226 veneranda
900 202 920 230 Α
936 199 1010 225 urbis
1018 199 1174 233 episcopus,
1186 205 1266 232 quem
1280 196 1362 225 etiam
1378 197 1535 225 veneranda
1548 197 1649 233 recepit
1665 205 1728 233 syn-

92 248 325 277 (lhalcedouensis
349 247 472 284 synodus
495 246 622 278 tradidit,
643 245 747 272 nullius
766 245 881 272 alterius

92 297 152 324 nisi-
167 295 216 323 Dei
229 295 311 323 Verbi
330 294 466 322 incarnati
485 297 512 320 ει
535 292 658 320 hominis
680 291 744 319 facti
769 291 884 319 confite-

93 351 164 370 mur.
187 343 304 377 Propter
326 341 401 376 quod
423 348 475 368 nec
499 339 574 367 illam
599 339 777 370 sententiam,
801 345 884 373 quam

93 388 169 423 quasi
192 388 358 416 contrariam
374 387 486 423 quidam
502 385 606 422 synodo
619 385 766 417 aestimant,
788 385 815 412 id
831 389 883 419 est,

95 442 176 462 unam
198 439 327 462 naturam
349 434 398 462 Dei
416 433 499 461 Verbi
516 433 697 465 incarnatam,
720 432 882 463 avertimus,

94 482 156 516 quia
179 480 248 508 nihil
264 480 340 508 aliud
353 479 406 508 nisi
420 487 502 507 unam
518 478 728 506 subsistentiam
751 477 808 504 sive
819 484 884 512 per-
913 512 915 514 ι

94 535 186 555 sonam
203 527 231 554 in
244 527 354 554 duabus
368 526 476 554 naturis
489 525 570 553 docet
591 524 687 552 unitis.

127 574 205 602 Unde
222 578 251 601 et
270 573 372 601 beatus
383 572 531 600 Flavianus
548 572 630 607 huius
643 570 721 599 urbis
736 571 885 606 episcopus

95 620 122 648 ia
150 620 243 648 libello
265 627 347 654 quem
379 619 416 646 De
435 618 488 654 ﬁde
515 617 688 645 Theodosius
713 616 883 652 imperator,

94 665 126 692 ad
154 664 342 692 excludendos
376 672 424 691 eos
447 671 506 699 qui,
549 663 625 690 sicut
651 662 721 690 duas
759 666 883 694 naturas,

94 711 132 739 ita
169 711 238 739 duas
281 711 433 746 praedicant
471 709 688 741 subsistentias,
716 716 799 735 unam
835 707 885 735 Dei

94 757 176 784 Verbi
200 761 327 784 naturam
359 756 529 783 incarnatam
554 754 689 782 coaﬁteri'
713 761 768 781 non
805 752 887 780 dubi-

94 802 171 835 tavit,
198 803 295 830 dicens
317 812 323 829 :
349 801 459 830 Etenim
481 810 515 829 cx
543 801 652 828 duabus
669 799 778 828 naturis
805 798 886 826 Chri-

94 855 164 878 stum
178 849 462 884 postincarnationem
475 856 508 875 ex
521 847 631 883 Virgine
643 850 738 874 sancta
755 845 812 873 sive
823 849 885 881 post

934 244 1004 273 odus
1026 244 1270 276 Chalcedonensis,
1298 244 1331 271 ad
1360 244 1523 276 Armenios,
1546 251 1609 270 cum
1632 248 1728 272 contra

935 289 1072 318 Theodori
1094 291 1296 326 blasphemias,
1310 298 1391 325 quam
1406 290 1447 326 [F.
1462 290 1584 327 quando]
1599 290 1727 325 quaterni

935 340 1018 364 tatem
1027 344 1077 371 pro
1089 336 1223 364 Trinitate
1234 336 1316 371 impie
1327 336 1530 371 dogmatizavit,
1543 340 1683 371 peteretur
1695 335 1729 362 ab

936 382 993 417 ipsa
1017 378 1099 418 gente
1115 386 1146 410 ut
1167 382 1301 410 scriberet
1317 402 1324 414 ,
1341 382 1519 418 ejusdemque
1542 381 1729 416 blasphemias
1748 383 1757 418 ζ

935 428 1077 460 refutaret,
1089 428 1124 455 de
1142 428 1195 455 hac
1218 428 1355 456 sententia
1367 433 1409 456 est
1419 428 1539 460 locutus,
1549 427 1661 455 dicens:
1673 427 1730 455 Sed

933 472 1084 500 sciscitaris
1102 480 1146 500 me
1163 472 1292 500 fortassis
1308 473 1386 500 illum
1405 473 1547 500 novicium
1566 479 1732 507 vanumque
1757 472 1767 510 f:

934 525 1047 547 sensum
1066 526 1114 546 seu
1140 519 1331 554 vaniloquum,
1359 519 1476 547 dicens:
1499 519 1570 552 Quia
1587 518 1634 554 qui
1652 525 1728 546 con-

934 564 1029 592 fitetur
1051 571 1114 592 eum
1139 564 1187 599 qui
1213 564 1362 596 cruciﬁxus
1385 568 1436 597 est,
1460 564 1601 592 Christum
1627 564 1724 596 Deum,

933 615 966 638 ct‘
981 610 1089 638 Patrem
1117 615 1146 638 et
1168 610 1301 646 Spiritum
1327 615 1453 639 sanctum
1478 610 1641 639 crucifixum
1658 618 1726 638 eon-

935 655 1039 688 ﬁtelur,
1065 656 1088 683 si
1113 663 1167 683 una
1189 660 1233 684 est
1256 647 1402 684 Trinitatis
1418 660 1527 684 natura.
1554 657 1611 692 Ego
1633 660 1726 684 autem

933 710 949 730 ε
970 703 1111 730 contrario
1133 702 1236 737 obiicio
1256 702 1318 735 tibi,
1345 706 1373 730 et
1386 710 1480 738 (Ier
1495 712 1501 729 :
1519 702 1596 731 Unus
1610 710 1642 729 ex
1661 702 1725 729 Tri-

934 748 1021 775 nitate
1039 751 1092 780 est,
1106 748 1154 783 qui
1168 748 1317 776 crucifixus
1332 753 1384 782 est,
1401 756 1435 776 an
1448 749 1519 776 alius
1531 748 1632 784 aliquis
1647 753 1725 775 extra

935 792 1098 822 Trinitatem
1107 794 1169 822 ?"et
1194 794 1343 829 siquidem
1358 801 1441 827 unus,
1462 794 1583 821 solutum
1605 797 1647 821 est
1665 793 1727 828 jur-

936 839 1021 875 gium.
1047 841 1075 868 Si
1093 844 1184 868 autem
1208 841 1279 868 alius
1307 841 1408 876 aliquis
1427 845 1528 876 przetcr
1547 840 1725 873 Trinitatem,

94 899 260 930 assumptam
285 899 413 922 naturam
428 895 587 926 humanam,
607 893 635 920 in
656 901 710 920 una
732 892 884 920 subsisten-

935 889 1052 920 quartus
1065 890 1115 913 .est
1130 887 1191 914 sine
1214 887 1301 915 dubio
1316 887 1409 923 gloria:
1424 887 1569 920 Dominus,
1588 891 1616 914 et
1630 887 1665 914 ab
1681 887 1726 914 illa

95 941 128 969 tia
145 942 205 969 sive
225 949 353 976 persona,
379 949 463 969 unum
479 940 633 972 Christum,
659 946 745 966 unum
770 938 881 970 Filium,

95 996 178 1016 unum
201 988 348 1016 Dominum
367 987 531 1016 conﬁtemur
545 995 552 1020 ;
566 990 595 1014 et
610 993 692 1013 unam
710 984 822 1020 quidem
834 991 883 1011 na-

95 1040 183 1063 turam
203 1035 252 1063 Dei
270 1034 352 1063 Verbi
378 1034 546 1062 incarnatam
561 1032 636 1060 unde
659 1031 802 1059 tenuimus
818 1038 884 1058 con-

95 1080 184 1107 fiteri?
201 1080 375 1115 Quapropter
388 1079 471 1115 impie
485 1079 598 1114 quidam
613 1085 758 1113 personam
772 1077 883 1111 quidem

94 1125 211 1158 homini,
234 1124 444 1153 subsistentiam
465 1132 531 1152 vero
550 1125 606 1151 Deo
620 1123 712 1151 Verbo
734 1123 853 1150 credunt
869 1130 884 1149 a

93 1172 198 1208 synodo
213 1172 383 1207 deputatam.
398 1171 457 1199 Non
473 1170 548 1206 quod
572 1169 697 1198 nesciant
712 1169 784 1204 apud
804 1177 885 1205 syno-

93 1219 156 1247 dum
182 1218 303 1253 idipsum
318 1217 605 1245 essevsubsistentiam
617 1215 690 1251 quod
708 1220 735 1243 et
754 1223 883 1250 persona,

93 1265 139 1292 sed
163 1273 197 1292 ne
221 1269 316 1300 aperte
341 1263 489 1291 videantur.
512 1263 581 1290 duas
610 1263 816 1294 subsistentias,
838 1266 885 1289 aut

92 1311 160 1338 duas
182 1318 316 1347 personas
330 1310 519 1342 introducere,
532 1309 586 1336 hoc
597 1308 717 1344 pessimo
732 1307 886 1335 abutuntur
916 1327 919 1330 μ

92 1361 266 1393 argumento.
288 1357 344 1384 Nos
369 1360 461 1384 autem
477 1363 564 1382 unum
588 1360 617 1382 et
639 1353 712 1382 idem
731 1353 885 1381 sentientes

93 1404 304 1432 subsistentiam
313 1411 374 1431 esse
391 1402 464 1438 quod
478 1406 507 1430 et
519 1410 676 1438 personam,
695 1409 750 1428 non
766 1401 885 1428 dicimus

93 1448 256 1476 Trinitatem
274 1448 302 1475 in
316 1447 427 1476 Christo
448 1446 616 1479 inhabitare,
638 1446 710 1474 sicut
727 1453 887 1473 consueve-

93 1499 158 1522 runt
167 1494 308 1521 Theodori
333 1493 530 1528 Mopsuestien.
549 1498 577 1520 et
591 1493 711 1520 Nestorii
724 1497 885 1526 sectatores,

93 1540 168 1576 quasi
183 1539 251 1575 quid
262 1544 341 1566 extra
351 1539 513 1567 Trinitatem
525 1539 560 1567 sit
577 1539 704 1567 ChriStus
717 1548 723 1572 ;
736 1540 784 1569 sed
798 1540 885 1567 Deum

93 1584 214 1613 Verbum
237 1585 410 1621 unigenitum
423 1586 525 1613 Filium
547 1586 646 1618 Patris,
664 1586 811 1614 Dominum
830 1593 883 1613 no-

93 1636 177 1659 strum
194 1632 291 1660 .lesum
306 1632 458 1665 Christum,
479 1633 527 1667 qui
543 1639 593 1667 pro
616 1631 697 1660 nobis
716 1639 813 1667 passus
826 1635 881 1666 est,

93 1685 183 1711 carne,
195 1678 321 1706 unumde
336 1669 619 1707 tribussubsistentiis
635 1678 717 1706 unius
730 1678 882 1706 divinitatis

92 1730 150 1752 esse
164 1724 387 1752 credimus._Ncc
399 1724 473 1752 enim
490 1725 605 1752 verendi
630 1729 704 1757 sunt,
714 1725 742 1752 hi
759 1724 806 1760 qui
832 1732 884 1752 nos

93 1768 298 1802 reprehendere
311 1773 436 1802 tentant,
450 1769 573 1797 dicentes
584 1770 654 1805 :Ego
673 1769 758 1807 [Nego
771 1769 794 1807 ‘2]
809 1769 883 1806 quod

93 1811 260 1841 Trinitatem
288 1813 427 1847 dividere,
445 1819 488 1842 est
514 1815 653 1843 Christum
679 1815 771 1843 dicere
798 1823 882 1843 unum

92 1857 125 1885 de
141 1858 293 1892 Trinitate,
316 1867 378 1887 cum
396 1868 430 1887 ex
449 1859 596 1894 Trinitate,
622 1860 741 1895 etquod
766 1860 884 1895 amplius

92 1908 142 1935 est,
167 1913 244 1932 unus
271 1905 365 1938 trium,
390 1914 405 1933 a
430 1906 513 1934 beato
541 1906 647 1934 dictum
665 1907 700 1934 sit
716 1906 882 1942 Augustino.

92 1948 217 1985 Denique
239 1950 267 1977 in
289 1950 360 1978 libro
376 1951 531 1978 Enchiridii
554 1952 575 1985 ’,
594 1952 659 1979 dum
683 1957 777 1987 ageret
794 1952 828 1980 de
850 1960 885 1979 eo

92 1995 163 2030 quod
179 1996 288 2023 dictum
308 2000 350 2023 est
369 2005 376 2023 :
404 1996 505 2023 Natum
526 1997 612 2024 Deum
635 1996 756 2024 VErbum
776 2004 809 2024 ex
824 1996 886 2031 Spi-

93 2040 145 2068 ritu
162 2046 263 2069 sancto
279 2045 307 2068 et
322 2042 405 2069 Maria
421 2043 543 2078 Virgine,
560 2042 634 2070 inter
646 2046 744 2070 caetera
757 2043 795 2070 ait
810 2051 817 2069 :
831 2042 887 2070 Sed

93 2093 152 2113 cum
170 2087 249 2114 illam
264 2091 430 2120 creaturam,
454 2095 535 2122 quam
549 2088 631 2123 Virgo
654 2088 825 2122 concepit'et
839 2094 887 2122 pe-

93 2133 172 2166 perit,
195 2133 327 2168 quamvis
352 2133 385 2160 ad
407 2133 492 2161 solam
517 2133 564 2160 lilii
581 2141 726 2168 personam
743 2133 886 2168 pertinen—

93 2183 143 2205 tem
168 2184 228 2207 tota
249 2179 371 2206 Trinitas
393 2179 493 2207 fecerit
508 2178 610 2215 (neque
625 2179 701 2206 enim
717 2179 893 2214 scparahilia-

934 931 1143 966 gloriﬁcatione,
1158 940 1211 968 qua
1227 932 1370 968 Seraphim
1385 932 1550 968 glorificant,
1560 932 1666 960 exsistit
1679 940 1727 959 ex-

934 981 1056 1005 traneus.
1082 978 1133 1005 illa
1145 982 1238 1005 autem
1260 978 1396 1006 animalia
1418 978 1582 1006 Trinitatem
1600 978 1728 1011 laudant;

933 1027 962 1051 et
973 1024 1107 1051 unitatem
1129 1025 1307 1052 confitentur.
1328 1025 1385 1053 Hoc
1407 1029 1499 1052 autem
1523 1025 1546 1052 si
1570 1033 1626 1052 non
1647 1033 1727 1052 men-

934 1069 1039 1097 daciter
1052 1070 1134 1098 docet
1150 1078 1202 1098 vox
1221 1071 1277 1104 illa,
1292 1071 1432 1106 quomodo
1445 1076 1571 1106 quartus,
1585 1079 1654 1106 quos
1669 1078 1738 1098 non-

934 1116 1079 1151 plasmavit
1105 1116 1222 1144 salvavit
1246 1125 1252 1143 :
1280 1121 1327 1144 aut
1351 1117 1568 1152 chirographum
1594 1122 1736 1152 peccato-s

934 1168 996 1189 rum
1022 1162 1158 1190 destruxit
1174 1163 1201 1190 in
1225 1171 1318 1198 cruce,
1342 1164 1389 1198 qui
1415 1171 1470 1191 non
1495 1163 1579 1191 habet
1603 1169 1726 1199 potesta-

935 1212 990 1235 tem
1011 1213 1123 1244 peccata
1150 1209 1307 1243 dimittere,
1332 1209 1355 1237 si
1381 1217 1437 1238 non
1460 1213 1504 1237 est
1528 1210 1680 1238 secundum
1700 1214 1727 1238 te

935 1255 1027 1283 Deus?

969 1300 1004 1328 Et
1020 1301 1119 1329 iterum
1130 1307 1192 1338 post
1202 1303 1341 1338 aliquanta
1352 1312 1358 1330 :
1371 1301 1399 1331 Si
1409 1307 1500 1335 autem
1511 1302 1635 1339 proferas
1646 1303 1725 1336 mihi,

936 1344 1035 1380 inquit,
1045 1346 1141 1374 dicens
1154 1356 1160 1373 ε
1170 1347 1238 1380 Quia
1250 1347 1297 1382 qui
1309 1347 1459 1375 conﬁtetur
1468 1348 1629 1376 cruciﬁxum
1640 1348 1741 1376 Deunt'

936 1391 1046 1425 Filium,
1065 1394 1255 1422 et'Patrem-ct
1271 1394 1405 1429 Spiritum
1419 1398 1544 1422 sanctum
1562 1395 1725 1427 confitetur,

936 1445 1020 1473 super
1045 1447 1142 1474 aquam
1169 1439 1280 1472 scribis,
1306 1445 1334 1468 et
1356 1448 1440 1476 super
1455 1449 1568 1468 arenam
1593 1440 1725 1469 aediﬁcas.

935 1483 1054 1512 Attende
1068 1485 1152 1520 igitur
1166 1486 1308 1514 catholicae
1323 1486 1387 1514 ﬁdei
1405 1495 1516 1520 nervos,
1537 1492 1565 1515 et
1578 1487 1658 1515 ablue
1672 1487 1728 1515 im-

936 1529 1113 1564 prudentiam
1137 1536 1223 1559 tuam.
1249 1531 1320 1566 Quid
1330 1534 1430 1560 ‘enirn~
1439 1537 1494 1561 est"
1511 1534 1584 1569 quod
1607 1542 1658 1562 nos
1681 1542 1727 1562 sa~

898 1565 919 1595 C
937 1576 1028 1611 pimus
1042 1577 1053 1604 ?
1068 1577 1098 1604 In
1108 1577 1160 1606 hac
1176 1578 1235 1613 ipsa
1249 1579 1380 1611 essentia,
1397 1587 1450 1614 qua
1465 1584 1574 1607 constat
1588 1584 1616 1608 et
1631 1581 1727 1609 unita.)

933 1627 976 1650 est
991 1623 1078 1651 Filius
1092 1624 1167 1651 Patri
1192 1630 1223 1652 et
1237 1625 1365 1660 Spiritui,
1381 1626 1572 1654 nondicimus
1584 1634 1647 1654 eum
1666 1634 1727 1663 pas-

932 1677 1006 1702 sum,
1016 1670 1064 1698 sed
1076 1679 1157 1698 carne
1171 1679 1232 1706 quae
1243 1671 1366 1699 ex-nobis
1379 1676 1407 1699 et
1418 1680 1469 1708 pro
1479 1673 1559 1701 nobis
1570 1679 1612 1701 est
1627 1674 1726 1702 factus.

933 1715 995 1743 Non
1019 1721 1112 1744 autem
1127 1717 1199 1745 alius
1213 1723 1259 1746 est
1270 1719 1358 1746 factus
1371 1719 1424 1747 nisi
1439 1727 1510 1747 unus
1528 1720 1562 1747 de
1579 1721 1726 1754 Trinitate,

934 1765 962 1788 et
985 1762 1133 1791 cruciﬁxus
1145 1768 1199 1796 est,
1215 1771 1298 1791 carne
1312 1772 1366 1799 qua
1391 1764 1480 1792 factus
1493 1769 1545 1798 est,
1563 1770 1591 1793 et
1613 1774 1668 1794 non
1683 1771 1726 1795 est

935 1815 1034 1843 passus
1051 1809 1212 1842 divinitate,
1229 1818 1282 1846 qua
1295 1811 1390 1838 unitus
1404 1816 1446 1839 est
1459 1811 1533 1839 Patri
1550 1817 1577 1839 et
1595 1812 1724 1848 Spiritui,

934 1859 966 1882 ut
989 1859 1016 1882 et
1038 1855 1113 1891 ipsos
1133 1857 1335 1885 cnncruciﬁxos
1362 1857 1494 1885 dicamus.
1521 1858 1548 1886 Si
1571 1863 1663 1886 autem
1682 1860 1730 1887 di-

934 1909 1060 1930 ceremus
1080 1911 1144 1930 eum
1158 1903 1305 1931 divinitate
1318 1903 1493 1937 crucifixum,
1511 1912 1606 1932 revera
1624 1905 1650 1933 in
1668 1905 1729 1933 Tri-

935 1949 1021 1976 nitate
1037 1950 1193 1984 passionem
1213 1951 1418 1978 induceremus.
1433 1950 1461 1978 Si
1477 1956 1569 1978 autem
1596 1951 1733 1984 dicimus,

936 1995 1009 2030 quod
1023 1995 1049 2023 in
1063 2004 1145 2024 carne
1157 2004 1205 2024 sua
1221 1997 1363 2032 passiones
1373 1997 1495 2025 Verbum
1512 1997 1645 2033 suscepit,
1661 2005 1727 2025 con—

937 2041 1047 2069 fitemur
1066 2042 1130 2077 quia
1155 2047 1184 2070 et
1221 2050 1293 2070 unus
1310 2047 1353 2070 est
1366 2043 1399 2070 de
1415 2043 1549 2070 Trinitate
1566 2044 1613 2079 qui
1629 2051 1726 2079 passus

936 2091 988 2118 est,
1002 2087 1035 2114 de
1048 2087 1098 2123 [et]
1114 2086 1257 2115 Trinitatis
1267 2092 1364 2115 natura
1378 2089 1554 2124 impassibilis
1569 2090 1680 2118 mansit.
1691 2090 1726 2117 Et

937 2132 1038 2160 iterum
1059 2142 1065 2160 ι
1087 2133 1115 2160 Si
1133 2137 1224 2161 autem
1252 2135 1419 2166 incarnatus,
1447 2135 1546 2169 inquit,
1571 2143 1635 2163 non-
1654 2140 1727 2163 esset

937 2185 1044 2212 passus,
1072 2179 1187 2207 haberet
1212 2179 1337 2207 fortassis
1369 2180 1504 2207 rationem
1532 2181 1726 2209 versutissima

93 2230 154 2253 sunt
175 2235 264 2262 opera
284 2225 452 2261 Trinitatis),
463 2234 513 2253 cur
540 2226 567 2253 in
594 2234 626 2253 ea
651 2226 777 2253 facienda
810 2226 886 2253 solus
902 2235 925 2264 ι)
938 2224 1068 2259 obiectio.
1084 2224 1112 2252 Si
1126 2230 1217 2252 autem
1233 2226 1502 2262 incarnatus,passus
1517 2231 1559 2254 est
1571 2227 1741 2260 evidenter,‘

92 2271 220 2301 Christus
237 2274 397 2301 nominatus
414 2274 475 2300 est?
490 2273 532 2300 An
547 2277 574 2300 et
589 2273 699 2308 quando
714 2281 786 2300 unus
801 2273 884 2300 trium

93 2317 183 2353 aliquo
198 2327 286 2354 opere
296 2320 464 2351 nominatur,
479 2319 614 2346 universa:
627 2326 709 2354 opera
723 2319 885 2354 intelligitur

94 2364 239 2394 Trinitatis
249 2366 382 2393 ?'Rursus
392 2366 420 2393 in
438 2366 511 2393 libro
526 2365 648 2393 secundo
657 2365 694 2391 De
705 2365 831 2392 Trinitate
847 2365 858 2380 ¹
877 2373 882 2391 :

94 2409 200 2444 Utrum,
223 2411 327 2446 inquit,
347 2411 495 2438 indiscrete
507 2410 579 2438 Deus
591 2410 749 2445 apparuerit
761 2410 886 2445 patribus

94 2458 203 2490 nostris,
234 2463 384 2491 antequam
401 2456 529 2485 Christus
542 2457 650 2483 venerit
674 2456 701 2482 in
722 2456 827 2482 carne?
842 2455 883 2482 An

95 2502 185 2538 aliqua
205 2511 242 2531 ex
264 2503 401 2530 Trinitate
417 2510 545 2537 persona,
569 2510 601 2529 an
618 2501 787 2537 singulatim,
803 2501 882 2536 quasi

96 2557 140 2583 per
154 2552 233 2577 vices
255 2549 406 2584 appareat?
422 2549 456 2576 Et
470 2550 570 2576 iterum
586 2553 647 2583 post
664 2555 750 2583 pauca
768 2556 774 2575 :
789 2547 884 2582 Neque

96 2594 137 2623 hic
152 2604 230 2632 ergo.
250 2595 353 2631 inquit.
373 2595 516 2623 evidenter
541 2599 655 2630 apparet
676 2598 768 2621 utrum
791 2593 882 2628 aliqua

97 2647 125 2666 ex
136 2641 275 2668 Trinitate
296 2648 424 2676 persona,
438 2649 471 2667 an
485 2639 616 2667 Dominus
630 2639 688 2674 ipse
703 2638 823 2665 Trinitas
838 2637 883 2673 (de

98 2691 146 2718 quo
169 2685 280 2713 dictum
302 2690 344 2712 est
359 2694 365 2711 :
379 2685 522 2711 Demittunt
545 2684 629 2711 Deum
651 2687 725 2710 tuum
748 2682 881 2715 adorabis,

98 2733 119 2754 et
139 2730 178 2756 itii
193 2731 246 2758 soli
275 2729 401 2764 scrvies')
421 2730 497 2757 visus
517 2728 599 2756 fuerit
614 2728 741 2755 Abrahm.
815 2732 823 2748 ι

128 2774 178 2802 Sed
197 2776 245 2803 his
268 2775 350 2811 paulo
367 2775 540 2802 manifestius
556 2775 653 2802 beatus
673 2774 788 2802 l‘rocius
801 2774 883 2809 hujus

131 2864 139 2880 '
157 2865 222 2901 Cap.
242 2866 289 2898 58,
305 2869 324 2893 ι.
346 2865 391 2893 lll.
429 2867 438 2882 ’
458 2865 524 2900 Cap.
548 2866 590 2892 l0.

938 2269 1068 2304 quoniam
1090 2278 1171 2297 causa
1198 2271 1397 2299 incarnationis
1423 2276 1464 2299 est
1483 2280 1560 2304 crux,
1581 2272 1634 2300 hoc
1661 2280 1725 2301 cru-

937 2315 1047 2344 ciﬁxum
1066 2321 1108 2344 est
1137 2317 1210 2351 quod
1229 2317 1401 2345 incarnatum
1418 2322 1469 2345 est.
1490 2318 1518 2346 Si
1538 2323 1630 2346 autem
1653 2320 1726 2354 quod

935 2361 1110 2390 inearnatum
1126 2367 1178 2394 est.
1204 2364 1368 2391 crucifixum
1397 2369 1449 2396 est,
1471 2364 1559 2392 Pater
1579 2369 1671 2393 autem
1699 2369 1749 2394 ct'

937 2408 1057 2443 Spiritus
1074 2415 1129 2436 non
1141 2413 1184 2436 est
1198 2410 1359 2442 crucifixus,
1377 2418 1450 2437 unus
1460 2418 1525 2446 ergo
1541 2410 1575 2438 de
1588 2411 1725 2440 Trinitate
1766 2405 1771 2409 ’

937 2458 980 2481 est
998 2455 1157 2482 crucifixus.
1185 2455 1363 2483 Divinitatem
1380 2464 1446 2484 vero
1467 2465 1521 2492 qua
1539 2459 1726 2486 communicat

937 2500 1011 2527 Patri
1029 2505 1057 2527 ct
1079 2501 1206 2536 Spiritui,
1223 2502 1343 2528 servavit
1356 2502 1564 2537 impassibilem,
1579 2511 1663 2531 carne
1678 2512 1728 2532 au-

939 2550 1004 2579 tem,
1016 2555 1069 2581 qua
1081 2547 1138 2582 ipse
1150 2548 1227 2575 solus
1239 2553 1281 2575 cst
1292 2548 1390 2579 factus,
1403 2549 1459 2584 ipsa
1469 2554 1497 2577 et
1510 2550 1586 2578 solus
1602 2551 1672 2578 idem
1683 2555 1726 2579 cst

937 2600 1043 2627 passus.
1061 2594 1244 2629 Quapropter,
1261 2595 1283 2622 si
1305 2595 1367 2629 quis
1384 2595 1455 2623 hanc
1469 2595 1551 2630 hujus
1573 2596 1725 2625 beatissimi

937 2637 1027 2665 Patris
1047 2646 1131 2674 super
1161 2639 1337 2674 splendorem
1362 2641 1428 2668 solis
1451 2641 1589 2669 lucentem
1617 2646 1729 2670 senten-

938 2684 1003 2711 tiam
1025 2685 1231 2719 reprehendere
1246 2686 1339 2718 audet,
1365 2695 1447 2714 unam
1473 2688 1559 2715 totius
1579 2687 1728 2717 Trinitatis

937 2729 1156 2761 subsistentiam,
1186 2730 1213 2757 id
1240 2736 1283 2758 est
1308 2731 1397 2759 Patris
1421 2737 1448 2760 et
1475 2732 1535 2760 Filii
1559 2737 1587 2760 et
1605 2732 1740 2772 Spiritus

936 2775 1037 2808 sancti,
1059 2776 1204 2805 manifeste
1226 2785 1288 2805 cum
1304 2777 1424 2806 Sabellio
1441 2779 1555 2807 credere
1573 2774 1739 2816 reprehch

632 2867 640 2881 "
660 2867 738 2894 Deut.
758 2873 793 2899 γι,
820 2866 864 2899 15;
887 2865 981 2893 Matth.
1005 2869 1041 2898 iv,
1070 2864 1110 2894 ιο.

1751 410 1760 444 ι

1757 449 1763 483 ι
