1953 3086
216 123 252 155 83
836 126 997 157 JOANNIS
1023 127 1213 159 MAXENTII
1806 118 1840 151 Β*

211 179 296 207 ditur.
310 178 380 217 Quia
395 179 429 211 si,
447 179 599 207 secundum
614 178 865 214 ipsos,quicnnqu'e
886 179 997 209 dixerit.
1013 179 1115 207 Atium
1140 180 1296 212 veritatem,
1325 187 1388 208 eum
1417 179 1464 215 qui
1487 183 1529 206 est
1560 177 1731 209 Emmanuel.
1755 181 1783 204 et
1804 177 1837 205 ob
1875 183 1884 187 '

212 233 296 252 unum
315 233 348 252 ex
368 224 505 253 'I‘rinitate
526 225 679 257 Christum,
706 225 752 260 qui
776 233 827 260 pro
851 226 931 253 nobis
959 229 999 253 est

210 279 292 298 carne
318 279 431 306 passus,
457 271 621 299 divisionem
663 271 754 299 facere
782 271 999 306 deprehenditur

210 315 368 350 Trinitatis,
385 325 452 353 ergo
472 321 500 344 et
517 317 598 353 536
616 317 774 352 quicunque
795 318 880 344 Deum
895 325 928 344 ex
942 316 998 343 Deo

209 361 312 395 dicere,
336 363 502 391 divisionem
522 363 605 391 eﬁicit
629 363 751 391 deitatis.
769 363 848 396 Quod
871 363 894 390 si
912 363 997 389 Deum

207 415 241 434 ex
264 408 319 435 Deo
345 408 439 436 dicere
463 409 628 437 divisionem
661 417 716 439 non
740 410 806 437 facit
831 408 996 441 divinitatis,

208 455 359 488 praesertim
386 463 449 483 cum
465 464 518 483 una
533 456 570 483 sit
586 456 718 483 divinitas
736 455 892 487 Trinitatis,
909 455 1002 482 multo.

207 502 292 537 magis
312 511 398 530 unum
422 512 455 531 ex
478 503 614 532 Trinitate
633 505 737 538 dicere,
756 504 921 531 divisionem
940 511 997 532 non

207 545 273 572 iacit
286 545 440 575 Trinitatis.
453 547 522 580 Quia
538 556 594 575 non
612 549 765 576 secundum
783 548 809 576 id
835 547 909 584 quod
924 556 997 576 unus

206 597 249 618 cst
272 591 355 625 Deus,
378 597 407 620 et
432 601 489 621 una
512 594 642 623 divinitas
659 595 813 628 Trinitatis,
831 595 880 623 scd
896 603 1000 623 secum

205 637 271 665 dum
290 637 316 666 id
335 639 409 674 quod
421 644 477 667 tres
489 646 564 674 sunt,
574 641 601 668 id
616 646 668 673 est.
679 642 759 669 Pater
774 646 804 671 et
821 641 958 675 Christus,
968 646 996 668 et

206 684 324 719 Spiritus
335 690 447 714 sanctus
465 695 537 714 unus
551 688 633 721 Deus,
643 687 771 716 Christus
784 688 854 717 dicit
866 687 994 724 [dicitur]

204 738 275 758 unus
290 731 324 758 de
332 731 478 765 Trinitate,
491 734 538 768 qui
554 741 603 768 pro
619 734 700 762 nobis
721 742 819 770 passus
842 740 884 763 est
900 742 992 762 carne.

203 777 349 810 Verum,si
372 778 475 806 vellent
507 779 652 808 advertam
679 781 707 808 hi
732 781 780 816 qui
806 781 879 809 hanc
908 781 999 808 totius

203 822 332 851 Ecclesia:
341 831 450 857 vocem,
464 829 492 851 et
503 825 665 860 apostolicis
680 826 875 854 traditionibus
889 833 993 854 conves

203 869 334 902 nientetu,
349 875 454 898 temere
470 871 575 900 audent
602 873 806 907 reprehendere
830 882 836 900 :
860 874 991 908 quoniam

202 923 276 944 unus
299 916 371 944 Deus
389 917 521 950 Trinitas,
540 922 568 945 et
589 919 720 955 quoniam
737 920 810 948 Deus
824 927 858 947 ex
879 919 947 952 Deo,
963 923 992 947 et

201 970 274 996 unus
296 971 330 991 ex
350 971 416 996 uno,
436 964 598 993 nullatenus
619 965 781 994 dubitarent
794 966 889 994 dicere
904 975 994 994 unum,

200 1017 235 1037 ex
258 1009 395 1038 Trinitate
415 1010 568 1044 Christum,
592 1012 639 1047 qui
663 1021 714 1048 pro
731 1013 812 1040 nobis
834 1020 933 1048 passus
947 1018 991 1041 est

199 1062 294 1083 carne.
309 1055 377 1089 Quia
394 1056 416 1084 si
431 1065 486 1084 non
502 1057 675 1090 Trinitatem,
687 1066 748 1093 quae
761 1067 832 1086 unus
848 1063 891 1087 est
904 1059 988 1092 Deus,

198 1101 247 1129 sed
265 1102 361 1135 Deum,
383 1102 429 1137 qui
460 1103 681 1132 substantialitcr
697 1113 730 1133 ex
755 1105 812 1132 Deo
828 1110 880 1137 est,
892 1106 988 1141 genuit

198 1149 353 1177 secundum
375 1156 487 1176 carnem
507 1149 588 1185 virgo
609 1150 694 1178 Maria
708 1171 716 1184 ,
739 1151 799 1179 sine
815 1151 900 1179 dubio
915 1160 988 1180 unus

197 1204 231 1223 es
247 1195 384 1224 Trinitate
416 1200 459 1224 est
485 1197 533 1232 qui
559 1198 713 1226 secundum
735 1206 847 1226 carnem
872 1206 905 1226 ex
929 1198 988 1233 ipsa

196 1247 280 1270 natus
292 1248 345 1271 est.
363 1243 417 1271 Aut
429 1250 496 1278 ergo
512 1243 699 1272 conﬁteantur
713 1245 752 1277 hi,
775 1244 823 1279 qui
851 1244 922 1271 hanc
937 1251 987 1271 vo-

196 1297 255 1316 cem
268 1293 367 1324 putant
382 1291 526 1318 catholicae
547 1290 610 1318 ﬁdei
625 1298 687 1318 esse
703 1291 883 1322 contrariam,
898 1289 986 1317 Deum

196 1335 244 1369 qui
262 1339 304 1363 est
316 1334 438 1364 Trinitas
452 1340 548 1364 natum
573 1344 607 1364 ex
623 1336 744 1369 femina;
762 1340 810 1363 aut
825 1335 848 1363 si
864 1335 917 1363 hoc
928 1343 986 1362 non

196 1380 298 1409 audent
326 1380 430 1414 dicere,
459 1381 554 1409 dicant
570 1381 642 1409 unde
657 1385 700 1408 est
714 1381 788 1408 Deus
817 1381 863 1416 qui
881 1380 914 1408 de
925 1380 987 1407 Vir-

195 1425 258 1460 gine
273 1429 356 1453 natus
379 1430 432 1458 est,
449 1426 471 1454 si
487 1434 545 1454 non
554 1430 596 1454 est
611 1426 646 1454 de
668 1426 814 1460 Trinitate,
835 1434 897 1454 cum
914 1434 984 1462 pra:-

196 1475 238 1499 ter
267 1471 429 1498 Trinitatem
462 1472 569 1499 nullum
598 1472 683 1499 alium
714 1472 801 1499 Deum
834 1476 985 1507 agnoscant

195 1516 339 1565 Catholici.
439 1518 462 1546 si
488 1526 560 1565 eam
575 1523 692 1565 vcrcwet
715 1518 827 1565 proprie
855 1518 903 1546 Dei
923 1513 1029 1565 ere-c-

195 1561 294 1590 derent
317 1562 495 1595 Genitricem,
522 1564 619 1599 utique
645 1564 732 1592 Deum
747 1564 869 1592 Verbum
895 1572 982 1592 unum

194 1615 254 1635 esse
271 1608 418 1636 crederent
438 1608 472 1636 de
484 1609 620 1637 Trinitate
639 1619 645 1637 :
660 1609 729 1644 quia.
744 1617 799 1637 non
815 1617 848 1637 ex
866 1617 898 1637 ea
910 1609 984 1637 Deus

194 1650 241 1691 qui
261 1658 305 1682 est
331 1654 452 1682 Trinitas
475 1660 558 1683 natus
576 1659 628 1684 est.
654 1656 733 1687 Nam.
751 1664 815 1684 eum
835 1656 984 1691 Apostolus

193 1699 338 1728 Christum
360 1703 474 1727 testatur
496 1701 507 1716 ⁸
525 1708 609 1736 super
626 1701 718 1728 omnia
744 1701 843 1733 Deum,
861 1701 985 1729 Trinitas

193 1749 285 1773 autem
309 1753 382 1772 unus
404 1750 448 1773 est
462 1746 546 1778 Deus,
561 1754 616 1774 non
631 1747 781 1782 incongrue
805 1747 839 1774 ab
854 1747 895 1774 eis
909 1755 982 1782 quie-

194 1791 266 1818 ritur
290 1794 382 1818 utrum
407 1791 529 1820 Trinitas
542 1791 669 1820 Christus
691 1793 738 1825 sit,
758 1798 805 1821 aut
825 1793 895 1821 alter
908 1801 981 1828 pra;-

192 1842 234 1864 ter
260 1837 425 1865 Trinitatem
447 1837 530 1869 Deus.
551 1838 679 1866 Christus
692 1839 738 1866 sit.
754 1839 789 1867 At
804 1839 875 1867 forte
892 1839 979 1867 etiam

191 1891 275 1918 super
286 1883 449 1911 Trinitatem
465 1885 538 1912 Deus
551 1889 593 1912 est
602 1884 739 1917 Christus,
749 1885 813 1920 quia
829 1893 913 1921 super
923 1893 981 1913 om-

192 1929 238 1957 nia
258 1937 321 1956 eum
338 1930 425 1958 Deum
445 1934 563 1958 testatur
574 1931 733 1966 Apostolus.
753 1932 832 1965 Quod
845 1933 867 1960 si
881 1932 980 1960 horum

191 1975 274 2003 trium
293 1976 438 2011 quodlibet
449 1977 542 2005 dicere
557 1982 600 2005 est
614 1978 741 2013 impium.
762 1984 847 2007 restat
862 1984 891 2006 ut
907 1987 980 2007 unus

190 2021 224 2049 de
239 2021 375 2049 Trinitale
390 2022 425 2049 sit
438 2023 569 2054 Verbum,
582 2024 628 2059 qui
645 2024 678 2051 de
693 2025 805 2060 Virgine
825 2026 978 2053 secundum

190 2075 302 2095 carnem
327 2072 407 2096 natus
433 2073 486 2101 εει,
515 2075 544 2097 Cl.
567 2070 650 2097 homo
682 2070 781 2104 factus,
808 2079 907 2106 pftSSllS
937 2077 979 2100 CSI

189 2121 271 2142 carne
293 2122 342 2149 pro
357 2115 446 2142 nobis.
468 2116 538 2143 llinc
552 2120 595 2144 est
619 2117 693 2152 quod
709 2116 819 2145 beatam
838 2117 976 2152 Virginem

189 2159 312 2193 Mariam,
325 2165 438 2196 propter
463 2162 596 2190 honorem
623 2167 728 2191 tantum
753 2164 873 2192 hominis
891 2164 977 2196 illius,

188 2205 234 2240 qui
257 2213 291 2234 ex
316 2205 374 2241 ipsa
391 2211 472 2235 natus
494 2212 547 2239 est,
568 2216 655 2243 quem.
673 2209 772 2245 gratia,
797 2217 852 2236 non
878 2214 975 2236 natura
992 2205 1015 2234 D

188 2251 272 2279 Deum
293 2252 472 2285 conﬁtentur,
495 2254 544 2282 Dei
566 2259 695 2282 asserunt
718 2255 896 2283 Cenitricem.
920 2256 976 2284 Nos

186 2301 278 2325 autem
297 2307 363 2326 vere
379 2303 407 2327 et
432 2300 545 2335 proprie
568 2301 617 2328 Dei
641 2301 810 2330 Gcnitricem
835 2303 976 2330 credimus

181 2347 212 2371 et
230 2343 404 2373 conﬁtemur.
428 2345 498 2379 Quia
520 2355 636 2382 puerum
658 2348 734 2375 illum
751 2356 832 2383 quem
851 2349 909 2384 ipsa
926 2356 975 2384 pe-

185 2391 267 2426 perit,
291 2396 389 2420 natura
417 2392 504 2420 Deum
527 2394 730 2429 cognoscimus,
760 2398 788 2422 et
815 2403 863 2432 per
883 2395 973 2430 ipsum

185 2437 255 2464 facta
271 2442 337 2465 sunt
350 2439 453 2471 omnia,
470 2440 624 2467 secundum
650 2440 761 2468 beatum
786 2440 918 2477 Cyrillum
931 2441 973 2468 di-

184 2488 314 2511 centem:
335 2483 424 2512 llomo
449 2490 531 2513 natus
554 2491 607 2518 est,
631 2495 694 2514 cum
712 2487 749 2515 sit
775 2493 875 2516 natura
898 2489 973 2517 Deus

184 2529 230 2557 Dei
249 2529 337 2557 Patris
354 2530 486 2558 Verbum.
508 2532 576 2564 Quia
592 2533 720 2560 similiter
734 2539 763 2560 ut
778 2542 829 2561 nos
845 2535 971 2569 sanguini

183 2576 398 2604 communicavit
411 2581 438 2604 ct
453 2578 539 2605 carni.
553 2579 597 2606 Sic
609 2579 682 2606 enim
701 2580 819 2607 terrenis
835 2581 971 2615 apparuit,

183 2628 235 2647 non
248 2620 379 2648 amittens
389 2621 461 2656 quod
471 2627 541 2654 erat.
551 2623 599 2650 sed
613 2623 779 2650 assumendo
791 2623 972 2651 humanitatis

183 2671 307 2694 naturam
332 2668 359 2695 in
384 2676 432 2695 sua
458 2669 564 2696 ratione
587 2670 747 2704 perfectam.

218 2713 252 2740 Et
265 2713 365 2741 iterum
390 2715 417 2741 in
432 2715 522 2750 primo
535 2715 655 2750 capitulo
679 2721 775 2744 contra
793 2717 949 2746 Nestorium
964 2726 970 2745 :

183 2759 211 2788 Si
234 2760 306 2795 quis,
330 2761 432 2797 inquit,
459 2770 513 2789 non
529 2762 677 2790 conﬁtetur
694 2763 779 2790 Deum
795 2771 856 2791 csse
873 2772 972 2791 secun-

217 2852 228 2868 ‘
246 2852 326 2881 Rom.
347 2861 384 2885 ix.
405 2853 432 2882 5.
471 2855 571 2883 'Joan.
593 2863 611 2887 ι,
636 2854 698 2882 lt.“
736 2856 758 2884 ll
774 2855 836 2884 Cor.
858 2865 914 2890 \‘lll,
935 2857 961 2884 9.

1051 225 1102 253 hoc
1122 226 1206 260 ipsam
1228 227 1275 254 Dei
1291 226 1460 254 Genitricem
1483 231 1604 254 sanctam
1621 225 1764 260 Virginem
1781 224 1838 259 (pe-

1049 272 1120 305 perit
1141 271 1214 299 enim
1240 270 1391 300 carnaliter
1406 272 1538 304 Verbum,
1564 271 1639 306 quod
1666 278 1699 297 ex
1724 270 1780 297 Deo
1796 274 1856 306 est,

1049 325 1113 344 caro
1135 317 1414 351 ﬁtetum,secundum
1438 319 1511 354 quod
1533 318 1667 353 scriptum
1693 321 1735 344 est
1755 325 1760 342 :
1777 304 1858 343 Vch

1048 364 1109 391 bum
1127 373 1189 392 caro
1203 365 1303 400 factum
1323 370 1360 393 est
1376 365 1409 400 ‘),
1436 365 1581 393 anathema
1601 365 1646 391 sit.
1664 359 1861 425 Quapropter'x

1049 409 1116 425 Αι-..α
1133 411 1214 425 Ali...“
1233 409 1391 425 ‘nﬁl:uvﬁ.\ll\n
1415 411 1459 425 nn:
1483 411 1566 425 v.\n'~:
1605 418 1686 425 ulna-vn
1707 412 1770 425 Ληθη
1785 417 1820 425 mn
1848 408 1851 414 ’

1048 409 1118 437 duas
1133 411 1215 438 etiam
1233 409 1392 439 nativitates
1413 411 1460 438 Dei
1483 411 1578 443 Verbi,
1605 418 1687 437 unam
1707 412 1771 436 ante
1785 417 1835 436 sat-
1848 408 1856 444 ’ξ

1048 457 1109 484 cuia
1129 465 1144 484 a
1166 457 1247 484 Patre
1271 457 1422 485 secundum
1439 453 1624 489 divinitatem,
1640 456 1754 484 alteram
1771 463 1835 482 vero
1854 451 1856 453 ’

1047 502 1207 530 noviss‘imis
1229 501 1413 538 temporibus,
1433 503 1585 531 secundum
1604 502 1804 529 humanitatem
1821 508 1835 528 a

1049 548 1157 584 Virgine
1170 552 1275 581 sancta,
1293 548 1469 576 conﬁtemur.
1482 548 1550 582 Quia
1561 553 1615 575 non
1631 548 1715 575 alium
1729 547 1834 579 matris,

1046 594 1130 622 alium
1151 595 1235 630 patris
1258 595 1346 622 ﬁlium
1359 594 1509 627 credimus,
1529 595 1577 623 sed
1594 602 1677 622 unum
1694 593 1835 621 eumdem-

1046 649 1099 676 que
1123 639 1278 671 naturalem
1293 641 1378 669 ﬁlium
1391 642 1487 677 patris,
1504 641 1659 668 naturalem
1676 640 1762 667 ﬁlium
1775 647 1834 666 ma-

1046 684 1096 717 tris
1115 687 1301 723 agnoscimus,
1317 688 1399 716 beato
1422 695 1490 723 papa
1507 687 1599 715 Leone
1619 686 1653 714 ad
1674 686 1834 714 Flavianum

1045 732 1155 761 dicente
1173 742 1180 759 :
1198 732 1268 760 Cum
1282 733 1356 762 enim
1379 733 1452 760 Deus
1471 737 1500 761 et
1513 733 1701 767 omnipotens,
1714 736 1836 759 mternus

1044 779 1126 807 Pater
1151 779 1286 812 creditur,
1305 779 1545 814 conscmpiternus
1559 779 1648 806 cidem
1666 784 1776 813 quoque
1790 777 1834 804 Fi-

1045 825 1100 854 lius
1112 824 1328 858 demonstratur,
1350 825 1378 853 in
1393 825 1470 853 nullo
1486 833 1501 852 a
1513 825 1596 853 Patre
1611 823 1756 856 diﬂ‘erens,
1769 823 1837 858 quia

1009 855 1078 900 Bde
1099 872 1163 908 ‘Dco
1191 872 1279 905 Deus,
1303 855 1336 900 de
1361 872 1552 907 omnipotente
1584 855 1786 906 omnipotens;
1799 870 1833 897 de

1042 923 1147 947 aeterno
1156 923 1237 946 natus
1244 925 1287 946 est
1298 923 1462 948 coatlernus.
1473 919 1532 946 Non
1544 918 1681 953 posterior
1698 922 1831 951 tempore,

1041 973 1097 992 non
1124 965 1238 993 inferior
1255 969 1402 1001 potestate,
1427 973 1483 992 non
1501 964 1648 992 dissimilis
1664 964 1761 998 gloria,
1775 970 1837 989 non.

1040 1012 1146 1039 divisus
1167 1011 1289 1039 essentia
1304 1020 1310 1037 :
1325 1011 1397 1038 idem
1422 1018 1488 1038 vero
1510 1010 1672 1045 sempiterni
1693 1009 1839 1037 Genitoris,

1040 1057 1205 1093 Unigenitus
1225 1057 1431 1092 sempiternus._
1446 1056 1534 1084 Natus
1553 1056 1587 1083 de
1605 1055 1707 1090 Spiritu
1736 1058 1837 1081 saneto

1039 1111 1072 1132 ex
1097 1103 1182 1131 Maria
1203 1103 1316 1138 Virgine
1335 1111 1418 1138 :qute
1439 1102 1569 1130 nativitas
1598 1101 1767 1137 temporalis,
1790 1100 1835 1127 illi

1039 1150 1176 1178 nativitati
1194 1150 1294 1177 divina:
1307 1154 1336 1177 et
1350 1149 1537 1184 scmpilernm,
1551 1149 1622 1176 nihil
1637 1148 1746 1180 minuit,
1760 1146 1829 1174 nihil

1038 1195 1167 1227 contulit,
1191 1195 1238 1222 sed
1258 1199 1341 1222 totam
1354 1202 1383 1221 se
1399 1194 1553 1229 reparando
1571 1193 1687 1226 homini,
1709 1192 1754 1227 qui
1769 1195 1833 1219 erat

1038 1240 1337 1275 deceptus,impendit.
1364 1240 1522 1268 Secundum
1546 1241 1628 1275 hujus
1648 1239 1721 1266 beati
1738 1239 1836 1267 Patris.

1036 1286 1212 1318 sententiam,
1233 1286 1305 1313 Deus
1321 1286 1409 1313 l'actus
1423 1285 1561 1318 Christus,
1574 1294 1628 1313 non
1641 1290 1733 1313 autem
1748 1284 1829 1312 Chri-

1037 1337 1096 1360 stus
1118 1333 1191 1360 Deus
1215 1331 1304 1359 tactus
1320 1331 1447 1363 docetur,
1464 1332 1536 1359 sicut
1559 1331 1657 1359 dicunt
1677 1335 1828 1359 sectatores

1037 1378 1177 1406 Theodori
1203 1377 1353 1412 Mopsuest.
1382 1378 1507 1413 magistri
1530 1377 1666 1411 ,Nestorii,
1694 1377 1742 1412 qui
1777 1384 1827 1411 per

1036 1424 1189 1460 profectum
1212 1423 1354 1451 Christum
1378 1423 1463 1451 Deum
1482 1423 1585 1451 factum
1612 1418 1739 1451 credunt.
1754 1422 1831 1455 Quia.

1035 1479 1090 1498 non
1107 1479 1170 1498 cum
1188 1476 1262 1498 esset
1285 1478 1401 1505 pauper,
1416 1470 1494 1497 dives
1510 1470 1600 1497 factus
1621 1474 1674 1502 est,
1698 1469 1746 1496 sed
1762 1476 1824 1496 cum

1035 1517 1113 1545 dives
1134 1521 1227 1550 esset,
1261 1525 1366 1552 pauper
1387 1516 1476 1544 factus
1500 1522 1559 1549 est,
1587 1521 1617 1544 ut
1648 1524 1699 1544 nos
1726 1515 1834 1543 divites.

1035 1565 1140 1592 faceret
1155 1565 1174 1590 ⁸.
1192 1563 1268 1592 Sicut
1280 1569 1305 1590 et
1320 1563 1464 1591 Psalmista
1482 1567 1600 1591 testatur
1615 1563 1711 1590 dicens
1727 1572 1733 1589 ε
1748 1562 1830 1590 Sedes

1036 1615 1093 1642 tua,
1107 1610 1188 1642 Deus,
1205 1610 1232 1636 in
1245 1609 1368 1636 swtulum
1381 1609 1482 1642 surculi,
1498 1611 1573 1644 virga
1590 1609 1733 1644 wquitalis,
1750 1609 1825 1644 virga

1035 1657 1109 1693 regni
1132 1657 1180 1684 tui.
1202 1656 1324 1683 Dileaiati
1345 1656 1490 1692 justitiam,
1507 1661 1530 1683 et
1546 1657 1624 1683 odisti
1646 1656 1825 1691 iniquitatem,

1033 1707 1172 1739 propterea
1189 1704 1263 1729 unxit
1278 1707 1302 1729 te
1318 1702 1398 1735 Deus,
1415 1701 1483 1729 Deus
1504 1706 1564 1729 tuus
1582 1701 1639 1728 oleo
1657 1701 1756 1728 la’lilia!
1769 1709 1832 1736 prter

1033 1748 1194 1776 consortibus
1213 1748 1263 1775 tuis
1281 1748 1302 1774 '.
1326 1747 1470 1781 Quomodo
1487 1751 1578 1775 autem
1599 1747 1673 1774 Deus
1687 1747 1752 1782 ungi
1774 1755 1824 1782 po—

1034 1794 1086 1822 tuit
1111 1799 1158 1821 aut
1181 1793 1283 1821 habere
1305 1799 1459 1826 consortes,
1484 1793 1535 1820 nisi
1559 1793 1636 1820 ﬁeret
1658 1792 1762 1820 homo?
1790 1792 1829 1820 Et-

1032 1842 1095 1869 ideo
1113 1845 1187 1868 recte
1202 1840 1284 1868 unius
1305 1840 1484 1876 ejusdemque
1507 1839 1554 1867 Dei
1573 1839 1656 1867 Verbi
1674 1839 1829 1872 incarnati,,

1031 1892 1060 1915 et
1077 1887 1197 1915 hominis
1216 1886 1280 1914 facti
1303 1886 1456 1914 creduntur
1472 1893 1532 1913 esse
1551 1885 1688 1912 mirabilia
1709 1888 1737 1912 et
1758 1893 1822 1920 pas-

1031 1934 1134 1965 siones.
1156 1933 1221 1968 quia
1245 1940 1300 1959 non
1321 1937 1364 1960 est
1378 1933 1448 1960 alter
1467 1933 1551 1965 Deus,
1569 1932 1638 1959 alter
1665 1932 1757 1963 homo.
1773 1932 1827 1959 sed'

1032 1980 1105 2007 idem
1128 1980 1210 2012 Deus,
1237 1979 1310 2006 idem
1335 1979 1429 2011 homo,
1462 1979 1615 2007 secundum
1642 1979 1717 2006 illam
1746 1986 1823 2013 papze

1030 2026 1131 2054 Leonis
1142 2026 1308 2053 sententiam
1320 2025 1438 2053 dicentis
1452 2025 1538 2058 :Quia
1555 2025 1735 2061 impassibilis
1749 2025 1824 2052 Deus

1028 2081 1085 2100 non
1108 2077 1151 2099 est
1173 2072 1339 2107 dedignatus
1363 2072 1422 2099 ﬁeri
1447 2072 1530 2099 homo
1556 2072 1707 2108 passibilis,
1722 2076 1750 2099 et
1768 2072 1821 2099 im-

1029 2119 1154 2147 mortalis
1178 2118 1276 2146 mortis
1297 2119 1405 2154 legibus
1424 2119 1577 2154 subjacerc.
1596 2119 1644 2146 llis
1666 2126 1825 2153 congruens

1028 2165 1110 2193 etiam
1131 2165 1233 2193 beatus
1253 2165 1372 2201 Cyrillus
1397 2169 1493 2193 contra
1507 2165 1664 2192 Nestorium
1683 2164 1731 2191 :Si
1746 2164 1820 2198 quis,

1030 2213 1129 2248 inquit.
1161 2220 1215 2240 non
1255 2212 1403 2240 conﬁtetur
1430 2212 1517 2239 Deum
1550 2212 1672 2239 Verbum
1708 2219 1821 2246 passum

1030 2267 1122 2291 carne,
1133 2258 1295 2286 cruciﬁxum
1317 2266 1400 2286 carne
1415 2263 1442 2285 οι
1456 2263 1574 2285 mortem
1589 2266 1671 2285 carne
1686 2262 1820 2293 gustasse,

1029 2305 1186 2340 factumque
1209 2304 1422 2339 primogenitum
1451 2312 1485 2331 ex
1513 2304 1639 2335 mortuis,
1667 2302 1820 2330 sccundum

1029 2350 1102 2385 quod
1121 2354 1163 2378 est
1184 2350 1240 2377 vita
1258 2355 1286 2377 et
1305 2349 1427 2377 viviﬁcat.
1444 2357 1495 2378 nos
1513 2354 1642 2384 tanquam
1658 2350 1740 2380 Deus,
1756 2356 1823 2376 ana-

1029 2397 1121 2424 thema
1137 2397 1183 2424 sit.
1210 2396 1366 2424 Secundum
1386 2397 1485 2424 horum
1504 2395 1589 2431 igitur
1609 2396 1684 2423 hunc
1695 2395 1821 2423 omnium

1027 2447 1186 2470 sanctorum
1209 2443 1320 2470 Patrum
1336 2443 1502 2470 catholicum
1518 2450 1630 2470 sensum
1652 2441 1821 2476 suscipimus

1027 2493 1146 2524 quatuor
1176 2488 1307 2524 synodos,
1332 2488 1357 2515 id
1382 2493 1435 2521 est,
1463 2488 1601 2516 Nic-tenam
1628 2492 1819 2515 trecentorum

1027 2535 1123 2562 decem
1159 2539 1187 2562 et
1207 2538 1281 2566 octo,
1307 2539 1336 2562 et
1357 2540 1467 2562 centum
1485 2534 1684 2569 quinquaginta
1729 2534 1775 2568 qui
1791 2533 1819 2561 in

1028 2580 1078 2607 hac
1092 2579 1160 2606 urbe
1172 2579 1245 2614 regia
1256 2584 1458 2609 convenerunt.
1473 2585 1498 2607 et
1516 2588 1576 2607 eam
1589 2588 1649 2615 quze
1666 2580 1692 2607 in
1712 2580 1820 2614 Epheso
1843 2573 1853 2605 ῗ

1027 2630 1191 2660 congregata
1211 2629 1263 2657 est,
1282 2625 1327 2653 cui
1345 2625 1514 2660 praefuerunt
1538 2624 1705 2652 Coalestinus
1726 2629 1754 2650 et
1769 2624 1822 2660 Cy-

1028 2674 1106 2700 rillus
1125 2673 1275 2701 beatissimi
1292 2673 1465 2708 patriarcha),
1482 2681 1544 2700 cum
1556 2673 1686 2700 omnibus
1703 2680 1764 2707 qmc
1780 2671 1819 2699 ibi

1028 2724 1125 2747 contra
1147 2719 1304 2747 Nestorium
1326 2721 1384 2748 sive
1409 2723 1505 2748 contra
1523 2719 1676 2754 quamlibet
1692 2717 1819 2745 lnm-esim

1027 2770 1088 2793 acta
1112 2770 1178 2793 sunt
1205 2773 1257 2793 nec
1276 2774 1333 2794 non
1347 2767 1441 2800 etiam,
1458 2774 1539 2801 quam
1559 2765 1702 2801 sequimur
1717 2768 1744 2792 et
1760 2771 1820 2793 am—

1001 2858 1009 2873 τ
1028 2857 1100 2885 l’sal.
1122 2865 1193 2888 mav,
1216 2859 1242 2891 7,
1263 2858 1289 2885 8.
