1953 3086
82 123 113 155 85

602 122 751 152 CONTRA
768 122 1032 154 NESTOBIANOS
1049 112 1251 156 CAPITULA:

1676 125 1713 158 86

82 179 236 216 plectimur,
253 178 439 206 venerandam
452 178 587 214 synodum
601 178 867 211 Chalcedonensem,
884 179 905 208 Α
919 179 1035 207 homines
1047 189 1116 208 mors
1126 182 1304 217 pet-transivit,
1313 181 1339 208 in
1353 189 1402 217 quo
1413 189 1501 209 omnes
1510 185 1679 217 peccaverunt
1688 181 1711 208 ⁸.

82 227 226 262 omniaque
244 225 347 260 scripta
366 226 477 252 Patrum
491 231 660 258 sanctorum,
677 226 726 261 qui
744 234 828 253 unum
844 230 871 253 et

82 274 151 301 idem
174 272 328 300 secundant
357 273 457 299 horum
481 273 663 300 conciliorum
696 272 871 300 deﬁnitiones

81 323 226 347 senserunt
243 318 529 351 ;anathematizamns
540 323 632 346 autem
646 326 753 351 omnes,
771 318 793 345 si
808 318 871 354 quis

81 366 196 398 dubitat,
216 370 264 393 aut
286 369 427 397 retractat,
453 369 501 392 aut
518 365 677 400 imperfecta
692 365 808 400 judicat,
824 369 870 391 aut

81 411 125 445 qui
146 419 179 439 ea
197 419 212 438 a
233 411 286 439 ﬁde
307 411 468 439 sanctorum
492 411 605 438 Patrum
629 411 746 438 aestimat
768 411 868 438 aliena.

81 456 213 484 Similiter
239 457 324 492 igitur
353 456 618 484 anathematizamus
650 456 743 484 omnia
767 456 869 491 scripta

80 503 217 531 Theodori
240 503 400 538 Mopsuesti,
424 507 452 531 et
466 503 586 531 Nestorii
608 503 737 538 discipuli
754 504 823 539 ejus,
842 508 869 531 et

80 558 174 577 omnes
196 550 244 585 qui
263 550 392 577 similiter
415 549 469 577 illis
491 550 616 585 sapiunt.
639 550 688 578 llis
706 550 868 586 adjicientes

78 596 239 632 Eutychen],
263 596 435 628 Dioscorum,
451 596 639 629 Timotheum,
663 596 799 628 Elusium,
818 597 869 624 Pc-

79 646 149 669 trum
174 642 401 675 Alexandrinum,
417 645 445 669 et
461 642 574 670 Petrum
591 641 796 670 Antiochenum
808 663 815 675 ,
840 647 869 670 et

77 686 204 714 Acacium
215 686 570 722 Constantiuopolitanum,
591 695 654 715 cum
676 688 806 715 omnibus
822 696 867 716 se-

76 733 230 761 ctatoribus
247 741 356 766 eorum,
382 738 411 762 ct
433 734 654 768 successoribus,
677 737 868 764 communica-

76 785 148 808 tores
158 784 189 807 et
209 780 370 816 complices,
383 784 430 808 aut
440 780 487 816 qui
500 787 666 816 quacunque
678 786 752 809 sorte
769 789 870 810 eorum

76 827 251 854 maculantur
273 827 448 863 contagione,
471 832 519 854 aut
540 827 688 854 memorias
708 835 804 856 eorum
821 836 867 856 ce-

75 871 182 899 lebrant
197 872 247 907 qui
274 872 302 899 in
324 873 384 908 ipsa
399 873 577 901 damnatione
591 872 714 901 defuncti
730 878 803 906 sunt,
818 879 866 902 aut

75 917 238 946 innocentes
261 918 424 946 defendunt.

107 963 158 992 llis
174 964 212 991 ita
231 971 260 992 se
275 965 453 997 habentibus,
467 965 623 993 beatissimi
637 973 713 994 nunc
727 965 795 1001 quid
807 967 865 1002 jam

75 1009 107 1038 de
127 1011 216 1046 gratia
231 1011 291 1043 Dei,
315 1019 371 1039 non
394 1020 448 1046 qua
470 1020 608 1045 creamur,
630 1013 678 1040 sed
702 1013 735 1040 de
756 1020 787 1040 ca
811 1021 864 1048 qua
882 1024 884 1026 τ

75 1064 234 1085 recreamur
259 1062 286 1085 ct
305 1066 482 1093 renovamur,
496 1060 659 1093 sentiamus,
680 1060 802 1087 breviter
817 1068 865 1087 ex-

74 1108 218 1138 ponentes,
227 1103 470 1134 sanctitativestrzc
492 1107 651 1134 necessario
665 1107 805 1134 credimus
825 1107 867 1134 fa-

74 1155 136 1176 cere
161 1149 263 1177 debere
286 1150 474 1178 manifestum.
499 1151 539 1178 Eo
557 1151 629 1186 quod
652 1151 735 1179 etiam
760 1152 786 1179 in
814 1152 866 1180 hac

74 1196 278 1230 parte'inimici
299 1197 394 1232 gratiae
416 1197 476 1231 Dei,
501 1198 528 1225 id
551 1202 603 1231 est,
623 1198 726 1235 Pelagii
747 1203 775 1226 et
801 1199 864 1227 Coe-

74 1240 145 1268 lestii
156 1243 439 1275 sectatores,nimium
453 1244 535 1272 nobis
547 1244 637 1272 infesti
650 1252 711 1272 esse
722 1245 863 1272 videntur.

74 1286 158 1322 Igitur
177 1288 345 1316 conﬁtemur
363 1293 470 1317 rectum
486 1291 512 1317 in
539 1291 669 1318 omnibus
686 1299 700 1318 a
717 1292 775 1319 Deo
787 1299 865 1319 crea-

74 1336 129 1359 tum
153 1333 253 1366 Adam,
277 1342 333 1362 non
350 1336 495 1363 mortalem
518 1344 570 1364 nec
594 1337 789 1370 immortalem,
814 1337 863 1365 sed

74 1379 219 1413 utriusque
237 1381 538 1415 capacem,habentem
560 1383 589 1410 in
614 1383 718 1419 proprii
735 1383 864 1412 facultate

74 1425 192 1457 arbitrii,
212 1429 240 1453 et
265 1427 336 1454 velle
355 1432 383 1455 et
401 1430 483 1463 posse
503 1429 537 1456 ad
563 1429 666 1462 omnia,
693 1430 746 1457 hoc
769 1435 812 1457 est
836 1435 864 1458 et

72 1470 104 1497 ad
128 1471 234 1499 bonum
256 1476 284 1499 et
308 1473 341 1500 ad
365 1474 468 1501 malum
486 1474 583 1507 ;hunc
612 1475 703 1502 callidi
727 1477 864 1511 serpentis

882 854 903 882 Β

922 225 1082 260 Propterea,
1103 232 1231 256 recentes
1249 228 1282 255 ab
1307 233 1387 254 utero
1408 228 1551 263 parvulos,
1578 235 1632 254 non
1652 232 1712 256 tan-

922 277 979 299 tum
1021 277 1051 300 ut
1092 274 1269 309 adoptionem
1300 278 1460 301 mereantur
1494 273 1632 305 ﬁliorum,
1662 278 1710 300 aut

920 323 1033 354 propter
1050 327 1162 356 regnum
1174 321 1305 348 caelorum
1324 320 1406 357 (sicut
1417 320 1520 355 Pelagii
1533 325 1560 347 et
1576 320 1707 353 Cwlestii,

921 365 978 392 sive
994 366 1134 393 Theodori
1153 367 1300 402 Mopsuest.
1329 367 1470 402 discipuli,
1500 367 1549 402 qui
1573 374 1660 394 unum
1679 371 1709 394 ct
1732 379 1738 402 ‘_

920 411 992 438 idem
1009 413 1135 440 naturale
1148 418 1176 440 et
1192 413 1326 449 originale
1339 418 1482 448 peccatum
1494 421 1554 441 esse
1573 412 1709 440 afﬁrmare

919 457 1082 493 conantur),
1114 459 1161 486 sed
1183 459 1211 486 in
1239 459 1432 486 remissionem
1459 463 1637 494 peccatorum
1660 465 1709 486 eos
1739 465 1744 496 ξ

919 503 1060 531 credimus
1078 503 1222 538 baptizari,
1247 512 1281 531 ne
1298 509 1414 540 pereant
1430 505 1457 531 in
1471 509 1615 532 teternum.
1631 504 1707 531 lnar-

919 554 1010 577 matus
1033 550 1115 585 igitur
1128 555 1234 578 natura:
1256 551 1334 587 vigor
1354 559 1403 586 per
1417 551 1520 578 malum
1544 549 1710 585 praevarica-

918 596 1013 629 tionis,
1036 598 1196 624 nullatenus
1211 598 1298 625 valuit
1316 605 1365 632 per
1387 596 1566 632 semetipsum
1584 595 1647 623 inde
1663 603 1708 622 re-

918 647 1043 675 surgere,
1057 648 1112 676 quo
1127 649 1176 676 per
1186 641 1327 676 propriam
1341 642 1512 670 voluntatem
1529 645 1589 669 crat
1604 641 1707 676 lapsus.

918 686 1091 723 Quapropter
1113 688 1218 715 nullum
1234 688 1269 715 ab
1292 688 1378 715 Adam
1395 695 1469 716 nunc
1483 695 1571 723 usque
1593 695 1642 722 pcr
1658 695 1707 714 na-

919 738 988 761 tura;
1007 733 1129 769 vigorem
1152 734 1290 762 credimus
1311 743 1372 762 esse
1394 735 1540 767 salvatum,
1560 734 1613 762 nisi
1634 734 1708 762 dono

918 780 1012 818 gratim
1039 780 1159 816 Spiritus
1181 781 1268 809 sancti
1284 781 1311 808 in
1333 781 1387 808 ﬁde
1402 781 1526 808 nominis
1548 780 1623 809 Iesu.
1638 780 1713 814 Quia.

918 834 972 854 n0n
993 831 1035 854 est
1051 826 1125 854 aliud
1151 833 1251 854 nomen
1267 826 1360 854 datum
1378 826 1539 853 hominibus
1557 826 1608 854 sub
1627 826 1706 858 coelo,

917 872 943 900 in
968 881 1023 908 quo
1056 877 1183 908 oporteat
1204 873 1282 908 537
1300 879 1349 900 nos
1369 871 1537 900 salvosvﬁcri
1563 872 1584 905 ',
1602 871 1654 899 nisi
1679 871 1707 898 in

916 920 1029 948 nomine
1054 920 1118 948 Jcsu
1135 920 1250 948 Christi.
1270 919 1401 947 Liberum
1414 923 1506 947 autem
1522 918 1648 946 naturale
1662 926 1708 945 ar-

916 967 1030 994 bitrium
1046 966 1080 994 ad
1103 966 1173 994 nihil
1201 966 1275 993 aliud
1302 966 1394 994 valere
1422 965 1571 998 credimus,
1597 964 1649 992 nisi
1673 964 1705 992 ad

916 1013 1098 1041 discernenda
1125 1016 1231 1040 tantum
1256 1016 1284 1039 et
1297 1012 1481 1040 desideranda
1499 1011 1631 1044 carnalia.
1649 1011 1706 1038 sive

915 1058 1069 1092 sarcularia,
1085 1067 1145 1094 qua:
1158 1066 1213 1086 non
1229 1058 1302 1094 apud
1317 1059 1414 1091 Deum,
1430 1057 1478 1086 sed
1494 1057 1567 1093 apud
1581 1056 1723 1085 homines.

915 1109 1032 1142 possunt
1048 1105 1175 1133 forta5sis
1187 1105 1278 1132 videri
1305 1105 1434 1140 gloriosa.
1456 1104 1497 1131 Ad
1517 1112 1550 1131 ea
1563 1111 1630 1131 vero
1647 1112 1708 1138 quae

915 1153 950 1181 ad
962 1152 1056 1187 {vitam
1080 1155 1212 1179 aeternam
1239 1151 1390 1186 pertinent,
1419 1158 1472 1178 nec
1498 1150 1630 1186 cogitare,
1656 1157 1707 1177 nec

915 1199 998 1231 velle,
1026 1205 1078 1226 nec
1104 1197 1273 1231 desiderare,
1299 1205 1350 1225 nee
1381 1196 1516 1233 perlicere
1536 1204 1629 1231 posse,
1652 1195 1706 1223 nisi

915 1253 966 1281 per
983 1245 1150 1273 infusionem
1179 1249 1207 1272 et
1234 1244 1424 1280 operationem
1451 1243 1620 1271 intrinsecus
1643 1242 1706 1277 Spi-

915 1292 987 1319 ritus
1000 1291 1098 1323 saneti,
1122 1290 1169 1326 qui
1191 1294 1233 1318 est
1254 1290 1338 1317 etiam
1353 1290 1474 1326 Spiritus
1490 1289 1604 1317 Christi.
1619 1287 1706 1324 Spiri—

914 1342 973 1366 tum
999 1337 1073 1365 enim
1088 1337 1191 1364 Christi
1213 1337 1259 1372 qui
1274 1344 1328 1363 non
1341 1336 1435 1368 habet,
1451 1336 1497 1363 hic
1512 1334 1706 1368 non‘°estejus,

914 1384 993 1418 Quod
1010 1384 1034 1411 si
1047 1383 1109 1420 quis
1124 1383 1213 1411 credit
1223 1384 1250 1411 in
1264 1382 1385 1416 Christo,
1397 1383 1453 1418 jam
1468 1382 1571 1410 Christi
1585 1386 1636 1410 est.
1646 1381 1706 1409 Sic-

916 1435 947 1458 ut
977 1435 1003 1458 ct
1028 1439 1126 1458 verum
1146 1436 1198 1463 est,
1213 1438 1269 1457 non
1290 1429 1386 1464 utique
1400 1437 1450 1465 per
1464 1429 1567 1456 donum
1587 1432 1723 1461 naturae,_

915 1477 962 1505 scd
975 1485 1024 1512 per
1039 1477 1171 1512 Spiritum
1192 1479 1319 1504 Sanctum
1332 1479 1384 1507 est,
1400 1475 1447 1510 qui
1463 1474 1566 1502 Christi
1583 1479 1635 1501 est.
1653 1473 1709 1506 Qui-

73 1516 218 1553 deceptum
245 1519 345 1547 astutia
370 1520 480 1555 propria
504 1524 602 1556 sponte
623 1521 861 1556 praevaricatorem
878 1533 900 1562 ο
913 1524 968 1559 jam
988 1523 1078 1550 credit
1096 1522 1123 1550 in
1142 1530 1206 1550 eum
1234 1521 1281 1557 qui
1298 1519 1570 1557 justiﬁeatimpium,
1590 1523 1621 1547 ut
1640 1527 1705 1547 con-

72 1563 211 1592 exstitisse
233 1564 320 1593 divini
335 1567 476 1602 praecepti,
492 1571 574 1602 atque
595 1567 631 1594 ob
653 1568 706 1595 hoc
725 1569 861 1604 justo.ju-

73 1608 144 1636 tﬁcio
160 1610 221 1642 Dei,
237 1618 292 1638 non
309 1611 396 1639 solum
411 1616 499 1640 morte
516 1613 652 1648 corporis,
670 1621 766 1641 verum
778 1615 862 1642 etiam

73 1655 170 1684 anime
195 1656 325 1685 eﬂ‘ectum
367 1658 529 1692 obnoxium,
554 1664 582 1686 et
609 1660 728 1694 pristino
757 1660 862 1689 honore

72 1701 219 1736 nudatum,
235 1704 371 1738 jumentis
393 1705 510 1732 similem
524 1705 638 1738 factum,
652 1714 709 1733 non
733 1707 807 1742 quod
823 1699 862 1734 ir:

72 1747 247 1777 rationabilis
264 1749 300 1776 sit
327 1749 452 1782 edoctus,
468 1750 516 1778 sed
532 1750 599 1785 quia
623 1751 769 1779 rationalis
784 1751 863 1788 vigor

70 1794 129 1829 ejus
148 1795 256 1822 carnali
280 1795 463 1824 delectatione
485 1800 528 1824 est
542 1797 689 1832 obligatus,
712 1798 800 1826 sensit
813 1799 862 1826 de-

70 1838 153 1874 hique
171 1847 236 1867 mox
259 1840 456 1869 inobedientite
471 1842 571 1869 merito
591 1842 680 1877 legem
693 1844 861 1872 contrariam

70 1884 97 1911 in
113 1886 235 1920 propriis
248 1885 392 1918 membris,
405 1891 603 1922 repugnantem
611 1887 664 1923 legi
679 1888 780 1915 mentis
794 1897 861 1921 suae,

69 1931 256 1966 captivantem
278 1939 308 1959 se
326 1932 353 1958 in
381 1932 440 1968 lege
465 1933 581 1968 peccati.
605 1933 685 1966 Quod
711 1935 813 1962 malum
835 1941 862 1963 et

68 1982 179 2010 poenam
212 1977 279 2004 mali
307 1978 335 2005 in
360 1979 520 2006 universum
545 1979 685 2007 credimus
726 1981 860 2009 transisse

68 2031 154 2058 genus
169 2025 337 2052 humanum.
355 2025 412 2054 Nec
432 2026 506 2053 enim
523 2030 641 2055 mortem
663 2028 789 2062 corporis
800 2033 860 2056 tan-

69 2074 137 2104 him,
164 2080 229 2107 quae
251 2080 333 2106 penna
356 2073 463 2108 peccati
485 2077 537 2107 est,
554 2075 627 2102 sicut
641 2075 753 2110 quidam
768 2075 862 2103 dicere

67 2116 174 2149 volunt,
196 2118 246 2145 sed
260 2123 287 2145 et
307 2119 433 2145 aculeum
448 2119 555 2152 mortis,
569 2119 622 2146 hoc
637 2123 690 2152 est,
705 2124 860 2154 peccatum,

68 2161 224 2196 ingressum
246 2164 274 2190 in
291 2164 436 2192 mundum.
461 2164 530 2198 Quia
553 2174 608 2193 non
626 2166 697 2198 istis,
723 2165 770 2193 sed
786 2166 861 2200 Apo-

915 1569 1026 1596 titeatur
1050 1568 1114 1603 quia
1143 1568 1278 1595 Dominus
1298 1571 1341 1594 est
1357 1566 1448 1598 .lesus,
1466 1565 1539 1600 quod
1558 1572 1640 1593 nemo
1653 1572 1723 1600 po-.

915 1620 970 1644 test
990 1615 1095 1648 dicere,
1119 1615 1173 1642 nisi
1189 1614 1216 1642 in
1234 1613 1338 1649 Spiritu
1355 1616 1451 1640 sancto
1477 1613 1508 1639 υ.
1532 1611 1707 1646 Quapropter

914 1661 1179 1690 anathematizamus
1200 1668 1248 1688 eos
1280 1660 1328 1695 qui
1351 1659 1477 1687 naturale
1504 1663 1552 1686 aut
1574 1657 1705 1686 substan-

914 1709 980 1736 tiam
998 1709 1118 1743 aiiquam
1139 1707 1238 1735 dicunt
1256 1714 1316 1734 esse
1333 1710 1490 1741 peccatum.
1505 1705 1708 1733 Abominantes

913 1755 998 1783 etiam
1025 1763 1075 1783 eos
1093 1755 1141 1790 qui
1163 1757 1259 1781 contra
1285 1760 1380 1780 vocem
1395 1751 1520 1787 Apostoli
1544 1751 1647 1779 audent
1664 1750 1706 1778 di-

914 1810 976 1830 cere
993 1812 998 1830 :
1013 1802 1144 1830 Nostrum
1164 1805 1206 1829 est
1222 1801 1304 1833 velle,
1328 1800 1376 1827 Dei
1390 1807 1457 1827 vero
1476 1797 1622 1834 perﬁcere,
1641 1805 1704 1825 eum

913 1849 986 1876 idem
1014 1848 1109 1875 doctor
1124 1851 1152 1875 et
1175 1847 1245 1874 velle
1265 1849 1295 1873 et
1320 1845 1454 1880 perﬁcere
1471 1844 1575 1871 donum
1588 1847 1706 1871 testetur

913 1903 974 1923 esse
986 1894 1121 1926 divinum,
1135 1894 1195 1928 ipso
1208 1893 1317 1920 dicente
1336 1900 1343 1917 :
1360 1891 1430 1918 Deus
1442 1891 1512 1917 enim
1528 1892 1566 1916 est
1583 1889 1627 1925 qui
1639 1897 1709 1924 ope—.

913 1946 991 1969 ratur
1007 1942 1033 1968 in
1050 1941 1120 1968 vobis
1143 1944 1166 1967 et
1183 1939 1249 1967 velle
1264 1943 1288 1966 et
1306 1937 1441 1974 perﬁcere,
1458 1945 1506 1972 pro
1523 1936 1590 1963 bona
1610 1934 1704 1963 uolun-

914 1992 967 2015 tate
991 1988 1023 2015 ".
1039 1987 1192 2014 Credentes
1209 1985 1293 2013 etiam
1310 1991 1406 2012 omnes
1423 1983 1458 2011 ab
1471 1982 1539 2010 Abel
1561 1989 1649 2016 usque
1669 1981 1705 2008 ad

912 2034 1064 2066 Christum,
1087 2033 1110 2061 si
1135 2032 1181 2068 qui
1203 2031 1301 2059 salvati
1324 2034 1399 2062 sunt,
1421 2037 1454 2057 ca
1482 2029 1568 2064 gratia
1594 2035 1647 2063 qua
1676 2031 1704 2070 et

912 2088 964 2108 nos
981 2087 1042 2107 esse
1060 2079 1190 2111 salvams,
1208 2076 1363 2104 secundum
1376 2082 1471 2102 vocem
1489 2074 1561 2102 beati
1577 2072 1702 2108 Apostoli

913 2126 987 2154 Petri
1013 2125 1131 2153 dicentis
1148 2133 1155 2150 :
1171 2123 1240 2155 Quid
1265 2122 1373 2150 tentatis
1393 2120 1487 2152 Deum,
1510 2120 1646 2154 imponere
1658 2118 1701 2152 iu-

913 2178 975 2205 gum
994 2177 1073 2205 super
1087 2169 1197 2195 cervices
1217 2166 1419 2202 discipulorum,
1435 2164 1505 2201 quod
1516 2171 1598 2199 neque
1615 2166 1703 2198 patres

67 2207 135 2235 stolo
148 2209 246 2243 potius
258 2210 472 2244 acquieseimus,
482 2211 529 2245 qui
545 2215 572 2238 et
585 2216 727 2246 peccatum
743 2216 771 2239 et
786 2220 860 2239 tuor-
876 2207 898 2235 ῐ)
913 2217 1002 2248 υρειιςῑ,
1024 2223 1106 2251 neque
1126 2224 1172 2242 nos
1193 2219 1300 2250 portare
1324 2213 1456 2249 potuimus
1472 2212 1486 2238 7
1499 2211 1544 2238 sed
1572 2217 1619 2245 per
1638 2217 1702 2244 gra-

67 2256 120 2280 lcm
145 2254 174 2282 in
196 2263 295 2283 omnes
320 2256 447 2284 homines
460 2257 643 2292 pertransisse
669 2262 794 2290 testatur,
820 2258 859 2286 di-

67 2306 156 2327 cens:
183 2301 240 2328 Per
263 2310 346 2329 unum
373 2303 505 2330 hominem
528 2308 663 2338 peccatum
693 2304 803 2331 intravit
830 2305 858 2331 in

66 2347 207 2381 mundum,
229 2353 258 2374 et
273 2356 320 2383 per
341 2353 476 2384 pacatum
502 2358 582 2383 mors,
604 2355 628 2377 ει
655 2351 692 2377 ita
721 2351 747 2377 in
770 2359 858 2378 omnes

913 2263 979 2289 (iam
1003 2261 1109 2289 Domini
1122 2260 1184 2288 Jcsu
1199 2259 1329 2287 credimus
1350 2257 1461 2290 solt-ari,
1481 2255 1702 2292 quemadmodum

912 2309 953 2336 illi
977 2308 1008 2335 ¹³.

77 2416 1680 2434 ..._“_________________.

748 2485 1020 2531 EJUSDEM

198 2584 519 2649 CONTRA
550 2585 1098 2652 NESTOBIANOS
1136 2579 1563 2651 .CAPVITULA.

100 2725 245 2755 Duodecim
263 2729 326 2756 istos
344 2730 576 2757 nnat/mmalismos
595 2738 649 2756 esse
666 2730 727 2757 illas
745 2733 945 2758 roulesmtionrs
978 2740 1043 2766 quas
1063 2731 1183 2758 monac/ii
1201 2731 1303 2766 St‘ylllﬂ?
1321 2729 1421 2766 publice
1440 2728 1528 2755 Roma’
1545 2727 1699 2762 o/ﬁxerdﬂl.

67 2778 121 2799 cum
135 2782 166 2800 ex
184 2775 263 2808 urbe,
280 2776 307 2802 in
324 2784 376 2810 qua
395 2781 487 2803 saneto
504 2777 646 2804 llormisda
663 2778 785 2812 ponti/ire
801 2779 923 2806 [ηδιοάὶιὶ
939 2779 1123 2809 scrvabanlur,
1140 2777 1207 2804 clam
1227 2778 1402 2812 aufugerunt,
1421 2784 1471 2803 non
1490 2782 1598 2811 prorsus
1615 2773 1702 2799 alieno

105 2830 116 2845 ⁸
135 2831 218 2858 “om.
244 2840 272 2865 ν,
295 2833 336 2859 12.

376 2833 386 2848 ⁹
405 2832 464 2860 Act.
487 2842 522 2866 Iv,
547 2834 587 2860 1'1.

72 2864 177 2899 10,“.

629 2834 648 2850 ¹⁰
670 2834 747 2862 Boni.
770 2843 825 2868 vtn,
848 2836 874 2863 9.

914 2836 933 2851 ”
956 2835 965 2862 Ι
991 2834 1053 2862 Cor.
1074 2842 1119 2866 xu,
1141 2833 1166 2860 5.
1208 2834 1228 2849 "
1248 2833 1368 2868 Philipp.
1388 2840 1417 2864 n,
1446 2830 1489 2857 15.
1528 2829 1551 2846 ⁸³
1568 2829 1629 2858 Act.
1654 2818 1700 2861 xv,
