1953 3086
152 130 192 161 $9
659 128 776 159 RATIO
784 125 1058 162 “DUNATIONIS
1076 133 1193 163 VERBI
1214 133 1292 164 DEI.
1312 119 1316 124 Ι
1753 136 1786 167 90

155 235 671 250 ψ-ς--σ-ς--ψ-ν--σ-

735 237 1772 251 ._-————————_———__.____.__.

836 317 1108 365 EJUSDEM

500 425 688 492 ALIA
731 428 945 492 FIDEI

993 430 1451 496 PROFESSIO.

190 625 240 653 Est
251 625 325 653 Deus
339 626 430 658 Pater,
442 625 516 654 Deus
531 625 712 659 Filius,Deus
725 625 813 653 etiam
824 624 944 659 Spiritus
959 624 983 652 Α
996 623 1136 652 Christum
1168 625 1267 653 Filium
1298 625 1418 654 hominis
1451 626 1509 654 sive
1540 626 1697 659 hominem,
1725 633 1789 657 ante

155 675 278 703 sanctus,
293 679 350 698 non
370 676 438 704 tres,
453 671 501 699 sed
525 679 596 699 unus
616 672 699 704 Deus,
716 679 771 698 una
794 669 947 698 substantia

155 716 215 744 sive
229 721 347 750 natura,
360 725 414 744 una
432 717 566 752 sapientia
576 737 583 750 ,
599 725 653 744 una
668 718 772 750 virtus,
786 723 842 743 una
857 715 946 742 domi—

155 762 242 794 natio,
253 770 338 789 unum
352 770 479 798 regnum,
490 771 545 790 una
558 762 768 798 outnipotentia,
781 769 835 789 una
849 761 946 797 gloria,

155 812 215 837 tres
235 813 327 837 tamen
344 809 531 837 subsistentia:
547 809 605 837 sive
621 816 754 844 persona}.
771 809 947 843 Unaquaeque

155 861 274 888 persona
296 855 564 883 incommutabiliter
588 862 698 890 semper
719 854 850 882 obtinens
872 852 946 888 quod

154 900 298 935 proprium
310 905 363 934 est,
377 901 413 928 ita
426 905 520 929 utnec
531 902 611 929 Pater
623 901 659 928 sit
671 901 757 928 Filius
769 904 816 927 aut
827 899 948 934 Spiritus

155 950 278 979 sanctus,
293 954 345 974 nec
363 947 449 974 Filius
466 946 502 974 sit
521 947 603 975 Pater
619 951 667 974 aut
684 946 805 981 Spiritus
824 950 946 977 sanctus,

156 998 208 1018 nec
234 991 354 1027 Spiritus
376 998 490 1020 sanctus
512 993 593 1021 Pater
615 993 651 1020 sit
672 997 718 1020 aut
741 992 836 1019 Filius.
861 991 948 1018 Filius

156 1041 259 1069 autem,
274 1038 356 1073 538
374 1038 401 1066 id
418 1044 471 1072 est,
486 1039 608 1067 Verbum
620 1039 667 1067 Dei
687 1039 847 1074 unigenitus
864 1039 946 1070 Deus,

155 1084 401 1112 consubstantialis
420 1086 511 1118 Patri,
530 1093 645 1114 manens
669 1086 698 1113 in
722 1086 834 1121 propria
856 1084 947 1112 subsi-

156 1131 258 1158 stentia
280 1131 362 1164 Deus,
378 1131 406 1159 in
431 1132 591 1160 novissimis
613 1132 714 1160 diebus
737 1140 770 1159 ex
793 1132 948 1159 visceribus

156 1175 243 1203 beatae
257 1176 379 1212 Virginis
394 1177 489 1206 Mariae
503 1183 632 1206 naturam
649 1179 772 1213 suscepit
786 1178 947 1209 humanam,

155 1226 184 1250 et
198 1222 251 1250 sibi
267 1231 379 1251 carnem
392 1225 562 1258 coadunans,
576 1225 659 1253 homo
674 1225 764 1253 factus
778 1229 830 1257 est,
844 1225 948 1253 habens

155 1269 276 1306 animam
291 1271 453 1299 rationalem
466 1271 509 1299 vel
522 1271 748 1300 intellectualem.
762 1271 946 1305 Quamobrem

156 1315 298 1344 fatendum
325 1321 368 1345 est
394 1318 481 1345 Deum
507 1322 603 1345 natum
626 1325 661 1345 ex
680 1318 799 1350 femina,
822 1326 878 1345 non
901 1326 946 1346 se-

156 1363 279 1391 cundum
297 1363 482 1396 divinitatem,
499 1364 547 1392 sed
565 1364 718 1392 secundum
735 1364 945 1397 humanitatem,

156 1409 244 1436 Deum
267 1410 295 1437 in
311 1409 391 1436 cunis
403 1409 532 1445 jacuisse,
545 1417 710 1445 pannosum,
726 1410 854 1438 sordibus
870 1411 948 1437 invo-

156 1455 256 1488 lutum,
269 1456 391 1483 crevisse
407 1460 435 1483 et
449 1455 601 1491 profecisse
616 1460 696 1484 aetate
714 1460 742 1483 et
755 1456 888 1491 sapientia
906 1463 948 1484 se-

156 1503 278 1530 cundum
293 1503 505 1536 humanitatem,
516 1510 573 1530 non
587 1503 738 1531 secundum
752 1503 924 1531 divinitatem
940 1513 945 1531 :

156 1548 243 1576 Deum
257 1549 389 1581 esurisse,
403 1549 505 1582 sitisse,
518 1549 620 1577 lassum
634 1557 669 1577 ex
683 1549 782 1577 itinere
796 1550 946 1584 quievisse,

155 1602 212 1622 non
229 1596 382 1623 secundum
399 1596 592 1629 divinitatem,
609 1595 658 1623 sed
677 1597 830 1624 secundum
847 1597 948 1624 huma-

157 1641 272 1669 nitatem
298 1651 305 1669 :
330 1643 418 1670 Deum
441 1642 671 1678 comprehensum
694 1644 824 1671 manibus
848 1643 948 1679 impio-

156 1695 237 1722 rum,
264 1688 419 1724 iudicatum
431 1709 438 1722 ,
466 1688 644 1721 damnatum,
669 1688 831 1716 cruciﬁxum
843 1709 850 1722 ,
875 1681 949 1718 latus

156 1733 252 1760 lancea
269 1733 449 1768 perforatum,
466 1742 521 1764 non
538 1734 691 1762 secundum
708 1734 948 1768 divinitatem,sed

157 1779 309 1807 secundum
320 1779 520 1808 humanitatem
533 1789 539 1807 :
552 1780 638 1808 Deum
652 1782 948 1816 mortuum,sepultum

158 1825 416 1857 resurrexisse,non
430 1825 582 1853 secundum
594 1825 780 1858 divinitatem,
790 1826 838 1854 sed
851 1834 949 1854 secun-

158 1870 224 1897 dum
245 1871 446 1899 humanitatem
466 1880 472 1899 :
489 1872 575 1900 Deum
593 1880 655 1900 cum
675 1872 733 1908 ipsa
751 1880 833 1900 carne
850 1881 949 1901 ascen-

156 1915 231 1943 disse
251 1916 280 1943 in
299 1917 411 1949 caelum,
428 1917 531 1945 sedisse
550 1917 583 1945 ad
603 1917 745 1945 dexteram
766 1919 867 1951 Patris,
885 1919 949 1947 inde

997 671 1096 698 saecula
1113 671 1147 698 de
1163 672 1243 699 Patre
1258 676 1354 699 natum
1372 681 1458 699 unum
1475 681 1508 700 ex
1525 673 1672 706 Trinitate,
1687 677 1714 700 et
1726 681 1788 708 pcr-

992 717 1249 751 ipsuml‘aetaomnia
1262 718 1381 746 visibilia
1396 723 1424 746 et
1436 718 1598 752 invisibilia,
1611 724 1639 746 et
1653 719 1712 746 sine
1730 720 1789 754 ipso

997 760 1100 789 factum
1120 770 1181 790 esse
1201 763 1281 796 nihil,
1297 771 1351 791 non
1373 769 1464 791 tamen
1486 764 1639 792 secundum
1660 765 1789 792 humani-

999 810 1098 841 tatem,
1115 809 1162 836 sed
1182 810 1336 837 secundum
1352 810 1525 837 divinitatem
1547 819 1554 844 ;
1571 811 1645 838 hunc
1660 811 1789 837 eumdem

998 854 1139 882 hominem
1154 863 1215 883 esse
1230 855 1315 883 vitam
1331 861 1478 887 aeternam,
1495 856 1674 891 sapientiam,
1692 861 1720 884 et
1736 857 1791 883 vir-

997 904 1085 928 tutetn
1101 901 1205 935 Patris,
1220 910 1274 929 non
1295 907 1386 929 tamen
1404 902 1557 930 secundum
1574 903 1790 936 humanitatem,

997 947 1045 975 sed
1061 948 1213 975 secundum
1223 948 1395 976 divinitatem
1407 957 1414 982 ;
1425 949 1498 976 hunc
1510 949 1638 976 eumdem
1650 948 1791 976 hominem

997 1001 1058 1021 esse
1079 994 1193 1030 ﬁguram
1215 995 1378 1023 substantiae
1399 996 1457 1022 sive
1479 995 1626 1030 imaginem
1647 995 1746 1027 Patris,
1764 998 1792 1022 et

997 1042 1201 1068 emanationem
1221 1042 1356 1069 claritatis
1374 1042 1435 1074 Dei,
1451 1049 1504 1069 non
1527 1045 1618 1068 tamen
1638 1041 1793 1068 secundum

998 1087 1216 1120 humanitatem,
1235 1088 1283 1115 sed
1306 1088 1458 1115 secundum
1479 1088 1666 1119 divinitatem.
1684 1088 1793 1115 Rursus

999 1134 1147 1161 dicendum
1166 1137 1209 1161 est
1225 1141 1301 1166 eum,
1317 1134 1364 1169 qui
1381 1138 1424 1161 cst
1439 1134 1495 1161 vita
1509 1137 1627 1166 aeterna,
1640 1133 1791 1168 sapientia,

998 1179 1089 1207 virtus
1104 1179 1204 1212 Patris,
1218 1185 1314 1207 natum
1331 1180 1484 1208 secundum
1500 1187 1613 1207 carnem
1630 1187 1662 1206 ex
1677 1179 1792 1212 femina,

999 1226 1084 1253 vitam
1096 1229 1238 1258 aeternam,
1252 1226 1413 1261 sapientiam
1427 1229 1455 1253 et
1466 1225 1599 1253 virtutem
1612 1225 1711 1257 Patris,
1725 1232 1792 1259 pau-

999 1272 1044 1299 nis
1066 1271 1273 1307 involutum_in
1293 1272 1373 1299 curtis
1392 1272 1526 1307 iacuisse,
1543 1271 1627 1298 vitam
1648 1275 1791 1304 attentam,

1001 1318 1164 1353 sapientiam
1179 1323 1209 1346 et
1220 1319 1352 1346 virtutem
1367 1318 1468 1350 Patris,
1482 1325 1604 1352 passum,
1617 1316 1792 1350 cruciﬁxum,

998 1369 1139 1392 mortuum
1164 1365 1318 1392 secundum
1343 1372 1465 1392 carnem.
1481 1364 1547 1397 Quae
1571 1372 1633 1391 cum
1660 1364 1697 1390 ita
1721 1363 1791 1395 sint,

998 1418 1080 1437 nemo
1097 1413 1188 1445 potest
1202 1417 1263 1437 esse
1280 1409 1448 1441 catholicus,
1464 1408 1517 1436 nisi
1534 1408 1581 1443 qui
1596 1408 1623 1434 in
1637 1408 1728 1435 Verbo
1743 1408 1791 1435 Dei

999 1456 1070 1483 Filio
1088 1456 1241 1491 unigenito,
1256 1456 1325 1483 duas
1345 1455 1429 1482 fuerit
1447 1455 1588 1490 professus
1605 1460 1668 1489 post
1686 1454 1791 1482 aduna-

999 1502 1103 1529 tionem
1118 1510 1227 1537 semper
1242 1501 1475 1529 indissolubilitcr
1491 1508 1603 1528 manere
1621 1505 1746 1532 naturas,
1764 1501 1790 1528 id

998 1553 1051 1581 est,
1065 1549 1146 1577 Verbi
1166 1554 1194 1577 et
1209 1549 1312 1582 carnis,
1325 1549 1374 1576 Dei
1392 1552 1420 1575 et
1436 1548 1574 1579 hominis,
1590 1547 1746 1574 divinitatis
1764 1551 1791 1574 et

1000 1595 1190 1623 humanitatis.
1205 1595 1274 1628 Quia
1289 1595 1362 1622 sicut
1375 1603 1446 1622 unus
1461 1594 1495 1622 dc
1509 1593 1642 1621 Trinitate
1657 1597 1708 1627 est,
1722 1598 1750 1620 et
1765 1593 1791 1620 in

998 1642 1137 1677 principio
1155 1642 1274 1669 Verbum
1289 1641 1362 1668 Deus
1377 1645 1430 1673 est,
1444 1642 1482 1667 ita
1499 1640 1582 1667 etiam
1600 1640 1674 1667 idem
1685 1639 1743 1676 ipse
1759 1647 1792 1667 ex

998 1680 1081 1716 nobis
1100 1692 1153 1720 est,
1172 1688 1255 1715 homo
1276 1687 1417 1722 perfectus
1436 1691 1465 1714 et
1485 1694 1577 1714 verus.
1595 1686 1646 1719 Qui
1666 1686 1740 1713 enim
1759 1693 1791 1712 ex

998 1733 1101 1760 lumbis
1115 1732 1235 1760 Abrahae
1249 1736 1278 1759 et
1293 1740 1327 1759 ex
1343 1732 1449 1760 semine
1463 1730 1548 1758 David
1567 1739 1636 1765 puer
1651 1730 1732 1758 datus
1749 1734 1790 1757 est

999 1780 1090 1812 nobis,
1101 1779 1175 1807 Deus
1189 1779 1252 1807 cceli
1266 1783 1319 1810 est,
1334 1783 1363 1806 et
1375 1778 1506 1813 princeps
1521 1777 1607 1812 pacis,
1620 1780 1648 1804 et
1662 1776 1724 1804 ideo
1737 1784 1794 1803 non

1000 1825 1072 1857 dure,
1084 1825 1132 1853 sed
1145 1833 1199 1852 una
1213 1824 1314 1852 Christi
1330 1831 1448 1859 persona
1461 1827 1513 1855 cst,
1526 1822 1590 1858 quia
1603 1830 1684 1849 nemo
1697 1829 1788 1850 ascen.

999 1870 1041 1898 dit
1059 1870 1088 1898 in
1107 1871 1223 1903 caelum,
1242 1870 1295 1897 nisi
1316 1869 1363 1904 qui
1383 1869 1417 1896 de
1437 1869 1507 1896 caelo
1527 1867 1687 1900 descendit,
1705 1866 1791 1894 Filius

1000 1917 1136 1949 hominis,
1152 1917 1199 1952 qui
1220 1920 1263 1944 est
1281 1916 1308 1942 in
1330 1916 1417 1948 caelo,
1431 1915 1512 1943 Jesus
1535 1914 1663 1942 Christus
1682 1914 1741 1941 heri
1764 1917 1791 1941 et

157 1969 270 1989 rursum
283 1969 346 1989 cum
359 1962 418 1998 ipsa
431 1970 513 1991 carne
526 1964 555 1990 in
567 1963 653 1999 gloria
665 1968 812 1992 venturum
822 1965 948 2001 judicare
962 1974 983 2003 α
1001 1965 1093 1998 hodie,
1104 1964 1162 2000 ipse
1177 1967 1205 1991 et
1220 1963 1248 1991 in
1263 1962 1371 1990 saecula.

156 2007 236 2035 vivos
251 2012 279 2035 et
294 2013 430 2037 mortuos.
447 2009 555 2038 Rursus
575 2009 762 2045 proﬁtendum
782 2015 839 2044 est,
853 2011 947 2039 Jcsum

166 2105 1779 2120 Μ

569 2196 928 2262 EJUSDEM
984 2195 1384 2260 MAXENTII

220 2321 636 2370 ADUNATIONIS
665 2324 846 2372 VERBI
887 2323 987 2368 DEI
1026 2324 1101 2370 ΑΙ)
1132 2320 1444 2370 PROPRIAM
1482 2319 1724 2366 CARNEM

899 2420 1036 2452 RATIO.
1263 2435 1275 2450 ί
1284 2440 1292 2446 ‹

194 2571 282 2600 Filius
306 2570 355 2599 Dei
381 2570 500 2599 Verbum
519 2571 620 2604 Patris,
647 2579 720 2600 unus
740 2578 774 2599 ex
795 2571 946 2605 Trinitate,
962 2573 985 2601 D
1000 2576 1097 2600 natura
1108 2572 1181 2599 Deus
1192 2570 1276 2598 homo
1288 2570 1377 2598 lactus
1389 2573 1443 2603 est,
1453 2568 1560 2597 habens
1573 2568 1693 2595 animam
1706 2567 1792 2595 ratio-

156 2617 403 2647 consubstantialis
420 2617 510 2652 Patri,
527 2622 610 2646 natus
627 2618 661 2646 de
679 2619 735 2646 Deo
752 2622 817 2646 ante
835 2619 948 2652 srecula,

156 2665 314 2693 subsistens
333 2664 362 2692 in
380 2664 492 2700 propria
510 2672 628 2700 persona
647 2665 722 2692 Deus
742 2664 771 2692 in
790 2664 951 2692 novissimis

157 2711 330 2747 temporibus
347 2719 410 2739 mox
427 2711 500 2739 inter
517 2711 732 2746 evangelizantis
749 2710 839 2746 angeli
853 2710 949 2742 verba,

157 2760 186 2786 et
200 2755 434 2784 accommodantis
446 2755 561 2792 virginis
577 2756 672 2788 tidem,
686 2755 804 2790 propria:
819 2755 950 2790 potentiae

158 2802 274 2836 virtute,
286 2811 319 2831 ex
333 2803 489 2831 visceribus
503 2803 627 2839 ejusdem
640 2802 756 2838 virginis
771 2801 829 2829 sine
843 2801 950 2829 semine

159 2848 214 2877 viri
236 2856 348 2878 carnem
371 2849 424 2878 sibi
449 2849 624 2884 coadunans,
647 2855 763 2876 manens
785 2849 813 2875 in
837 2847 949 2882 propria

998 2619 1089 2646 nalem
1104 2618 1161 2645 sive
1175 2616 1402 2649 intellectualem,
1414 2620 1442 2644 et
1454 2616 1492 2643 ita
1504 2615 1641 2650 completo
1656 2619 1790 2649 tempore,

998 2663 1153 2692 secundum
1168 2663 1257 2699 legem
1270 2663 1399 2690 humanm
1410 2667 1516 2689 natura;
1530 2661 1666 2696 processit
1679 2660 1712 2688 de
1728 2661 1791 2688 tha-

997 2709 1072 2737 lamo
1084 2708 1224 2744 virginali.
1237 2707 1294 2736 liae
1308 2707 1341 2735 de
1356 2714 1441 2735 causa
1454 2705 1599 2738 naturalis,
1611 2713 1665 2732 non
1679 2705 1791 2733 socialis

999 2754 1131 2781 adunatio
1147 2754 1205 2782 sive
1222 2753 1312 2782 unitio
1330 2753 1359 2780 in
1375 2752 1487 2780 Christo
1503 2751 1657 2779 rectissime
1674 2750 1788 2782 dicitur,

998 2800 1062 2836 quia
1082 2808 1135 2828 non
1161 2800 1236 2828 carni
1262 2799 1386 2827 formatae
1411 2802 1458 2826 aut
1480 2797 1606 2825 animatm
1621 2817 1628 2830 ,
1642 2796 1715 2831 quod
1734 2796 1791 2831 jam

1001 2847 1121 2875 hominis
1154 2846 1302 2885 cuiuslibet
1331 2848 1422 2881 potest
1442 2843 1632 2872 demonstrare
1661 2850 1789 2878 pet-suun,
