  <div class='ocr_page' id='page_1' title='image "/cluster/home/n/w/nwhite01/storage/ocr_20150623/86,pt.1/njp.32101007877465/063.png"; bbox 0 0 1953 3086; ppageno 0'>
   <div class='ocr_carea' id='block_1_1' title="bbox 187 95 1819 132">
    <p class='ocr_par' dir='ltr' id='par_1_1' title="bbox 187 95 1819 132">
     <span class='ocr_line' id='line_1_1' title="bbox 187 95 1819 132; baseline -0.001 0"><span class='ocrx_word' id='word_1_1' title='bbox 187 97 220 132; x_wconf 71' lang='grc'><strong>91</strong></span> <span class='ocrx_word' id='word_1_2' title='bbox 813 98 973 132; x_wconf 73' lang='grc' dir='ltr'><strong>ΙΟᾹΝΝΙΞ</strong></span> <span class='ocrx_word' id='word_1_3' title='bbox 994 98 1183 130; x_wconf 71' lang='grc' dir='ltr'><strong>ΜΛΧΕΝΤΠ</strong></span> <span class='ocrx_word' id='word_1_4' title='bbox 1245 95 1248 98; x_wconf 43' lang='grc'><em>⁴</em></span> <span class='ocrx_word' id='word_1_5' title='bbox 1780 98 1819 130; x_wconf 65' lang='grc' dir='ltr'><strong>9ἷ</strong></span> 
     </span>
    </p>
   </div>
   <div class='ocr_carea' id='block_1_2' title="bbox 188 153 1816 191">
    <p class='ocr_par' dir='ltr' id='par_1_2' title="bbox 188 153 1816 191">
     <span class='ocr_line' id='line_1_2' title="bbox 188 153 1816 191; baseline 0 -9"><span class='ocrx_word' id='word_1_6' title='bbox 188 155 310 184; x_wconf 76' lang='lat' dir='ltr'><strong>Verbum</strong></span> <span class='ocrx_word' id='word_1_7' title='bbox 326 162 355 182; x_wconf 86' lang='lat' dir='ltr'><strong>se</strong></span> <span class='ocrx_word' id='word_1_8' title='bbox 369 153 494 181; x_wconf 33' lang='lat' dir='ltr'><strong>univit‘in</strong></span> <span class='ocrx_word' id='word_1_9' title='bbox 505 155 584 181; x_wconf 98' lang='lat' dir='ltr'><strong>utero</strong></span> <span class='ocrx_word' id='word_1_10' title='bbox 593 153 723 188; x_wconf 74' lang='lat' dir='ltr'><strong>Virginis,</strong></span> <span class='ocrx_word' id='word_1_11' title='bbox 732 154 778 181; x_wconf 88' lang='lat' dir='ltr'><strong>scd</strong></span> <span class='ocrx_word' id='word_1_12' title='bbox 789 163 821 182; x_wconf 79' lang='lat' dir='ltr'><strong>ex</strong></span> <span class='ocrx_word' id='word_1_13' title='bbox 841 155 907 190; x_wconf 81' lang='lat' dir='ltr'><strong>ipsis</strong></span> <span class='ocrx_word' id='word_1_14' title='bbox 915 156 976 191; x_wconf 83' lang='lat' dir='ltr'><strong>ejus</strong></span> <span class='ocrx_word' id='word_1_15' title='bbox 991 158 1012 186; x_wconf 76' lang='grc' dir='ltr'><strong>Α</strong></span> <span class='ocrx_word' id='word_1_16' title='bbox 1026 161 1085 189; x_wconf 89' lang='lat' dir='ltr'><strong>est;</strong></span> <span class='ocrx_word' id='word_1_17' title='bbox 1102 156 1149 183; x_wconf 90' lang='lat' dir='ltr'><strong>sed</strong></span> <span class='ocrx_word' id='word_1_18' title='bbox 1169 155 1222 182; x_wconf 87' lang='lat' dir='ltr'><strong>hoc</strong></span> <span class='ocrx_word' id='word_1_19' title='bbox 1238 154 1285 190; x_wconf 87' lang='lat' dir='ltr'><strong>qui</strong></span> <span class='ocrx_word' id='word_1_20' title='bbox 1303 155 1410 187; x_wconf 85' lang='lat' dir='ltr'><strong>dicunt,</strong></span> <span class='ocrx_word' id='word_1_21' title='bbox 1426 162 1520 182; x_wconf 81' lang='lat' dir='ltr'><strong>errore</strong></span> <span class='ocrx_word' id='word_1_22' title='bbox 1537 154 1816 182; x_wconf 74' lang='lat' dir='ltr'><strong>Nestoriilradueun-</strong></span> 
     </span>
    </p>
   </div>
   <div class='ocr_carea' id='block_1_3' title="bbox 187 201 974 237">
    <p class='ocr_par' dir='ltr' id='par_1_3' title="bbox 187 201 974 237">
     <span class='ocr_line' id='line_1_3' title="bbox 187 201 974 237; baseline -0.004 -6"><span class='ocrx_word' id='word_1_23' title='bbox 187 201 341 237; x_wconf 74' lang='lat' dir='ltr'><strong>visceribus</strong></span> <span class='ocrx_word' id='word_1_24' title='bbox 353 201 491 236; x_wconf 78' lang='lat' dir='ltr'><strong>Sapientia</strong></span> <span class='ocrx_word' id='word_1_25' title='bbox 507 201 559 228; x_wconf 82' lang='lat' dir='ltr'><strong>sibi</strong></span> <span class='ocrx_word' id='word_1_26' title='bbox 575 201 686 228; x_wconf 88' lang='lat' dir='ltr'><strong>domum</strong></span> <span class='ocrx_word' id='word_1_27' title='bbox 700 201 854 228; x_wconf 70' lang='lat' dir='ltr'><strong>mdiﬁcavit.</strong></span> <span class='ocrx_word' id='word_1_28' title='bbox 864 202 974 236; x_wconf 76' lang='lat' dir='ltr'><strong>Alioqui</strong></span> 
     </span>
    </p>
   </div>
   <div class='ocr_carea' id='block_1_4' title="bbox 186 247 973 277">
    <p class='ocr_par' dir='ltr' id='par_1_4' title="bbox 186 247 973 277">
     <span class='ocr_line' id='line_1_4' title="bbox 186 247 973 277; baseline -0.003 0"><span class='ocrx_word' id='word_1_29' title='bbox 186 249 210 277; x_wconf 81' lang='lat' dir='ltr'><strong>si</strong></span> <span class='ocrx_word' id='word_1_30' title='bbox 230 249 352 276; x_wconf 77' lang='lat' dir='ltr'><strong>formata:</strong></span> <span class='ocrx_word' id='word_1_31' title='bbox 374 247 559 274; x_wconf 66' lang='lat' dir='ltr'><strong>autanimatte</strong></span> <span class='ocrx_word' id='word_1_32' title='bbox 581 247 657 274; x_wconf 90' lang='lat' dir='ltr'><strong>carni</strong></span> <span class='ocrx_word' id='word_1_33' title='bbox 681 252 767 274; x_wconf 87' lang='lat' dir='ltr'><strong>semet</strong></span> <span class='ocrx_word' id='word_1_34' title='bbox 785 247 904 275; x_wconf 79' lang='lat' dir='ltr'><strong>Verbum</strong></span> <span class='ocrx_word' id='word_1_35' title='bbox 926 248 973 275; x_wconf 89' lang='lat' dir='ltr'><strong>Dei</strong></span> 
     </span>
    </p>
   </div>
   <div class='ocr_carea' id='block_1_5' title="bbox 187 293 974 328">
    <p class='ocr_par' dir='ltr' id='par_1_5' title="bbox 187 293 974 328">
     <span class='ocr_line' id='line_1_5' title="bbox 187 293 974 328; baseline -0.001 -6"><span class='ocrx_word' id='word_1_36' title='bbox 187 295 304 322; x_wconf 91' lang='lat' dir='ltr'><strong>inseruit</strong></span> <span class='ocrx_word' id='word_1_37' title='bbox 322 294 350 320; x_wconf 89' lang='lat' dir='ltr'><strong>in</strong></span> <span class='ocrx_word' id='word_1_38' title='bbox 366 298 446 320; x_wconf 91' lang='lat' dir='ltr'><strong>utero</strong></span> <span class='ocrx_word' id='word_1_39' title='bbox 461 293 603 328; x_wconf 76' lang='lat' dir='ltr'><strong>virginali,</strong></span> <span class='ocrx_word' id='word_1_40' title='bbox 621 301 675 320; x_wconf 90' lang='lat' dir='ltr'><strong>non</strong></span> <span class='ocrx_word' id='word_1_41' title='bbox 689 294 745 328; x_wconf 87' lang='lat' dir='ltr'><strong>jam</strong></span> <span class='ocrx_word' id='word_1_42' title='bbox 762 293 911 326; x_wconf 78' lang='lat' dir='ltr'><strong>naturalis,</strong></span> <span class='ocrx_word' id='word_1_43' title='bbox 926 294 974 321; x_wconf 87' lang='lat' dir='ltr'><strong>sed</strong></span> 
     </span>
    </p>
   </div>
   <div class='ocr_carea' id='block_1_6' title="bbox 188 337 974 372">
    <p class='ocr_par' dir='ltr' id='par_1_6' title="bbox 188 337 974 372">
     <span class='ocr_line' id='line_1_6' title="bbox 188 337 974 372; baseline 0 -6"><span class='ocrx_word' id='word_1_44' title='bbox 188 339 319 366; x_wconf 72' lang='lat' dir='ltr'><strong>societate</strong></span> <span class='ocrx_word' id='word_1_45' title='bbox 338 338 395 365; x_wconf 83' lang='lat' dir='ltr'><strong>haec</strong></span> <span class='ocrx_word' id='word_1_46' title='bbox 416 337 509 372; x_wconf 85' lang='lat' dir='ltr'><strong>potius</strong></span> <span class='ocrx_word' id='word_1_47' title='bbox 526 337 613 364; x_wconf 86' lang='lat' dir='ltr'><strong>unitio</strong></span> <span class='ocrx_word' id='word_1_48' title='bbox 632 337 689 364; x_wconf 83' lang='lat' dir='ltr'><strong>sive</strong></span> <span class='ocrx_word' id='word_1_49' title='bbox 706 337 839 364; x_wconf 87' lang='lat' dir='ltr'><strong>adunatio</strong></span> <span class='ocrx_word' id='word_1_50' title='bbox 859 338 974 366; x_wconf 82' lang='lat' dir='ltr'><strong>dicenda</strong></span> 
     </span>
    </p>
   </div>
   <div class='ocr_carea' id='block_1_7' title="bbox 189 384 974 419">
    <p class='ocr_par' dir='ltr' id='par_1_7' title="bbox 189 384 974 419">
     <span class='ocr_line' id='line_1_7' title="bbox 189 384 974 419; baseline -0.001 -6"><span class='ocrx_word' id='word_1_51' title='bbox 189 391 232 413; x_wconf 83' lang='lat' dir='ltr'><strong>est</strong></span> <span class='ocrx_word' id='word_1_52' title='bbox 247 395 253 412; x_wconf 91' lang='lat'><strong>:</strong></span> <span class='ocrx_word' id='word_1_53' title='bbox 270 393 322 412; x_wconf 89' lang='lat' dir='ltr'><strong>nec</strong></span> <span class='ocrx_word' id='word_1_54' title='bbox 336 392 457 419; x_wconf 85' lang='lat' dir='ltr'><strong>persona</strong></span> <span class='ocrx_word' id='word_1_55' title='bbox 471 384 554 411; x_wconf 71' lang='lat' dir='ltr'><strong>Verbi</strong></span> <span class='ocrx_word' id='word_1_56' title='bbox 571 384 604 410; x_wconf 90' lang='lat' dir='ltr'><strong>ad</strong></span> <span class='ocrx_word' id='word_1_57' title='bbox 621 389 746 411; x_wconf 85' lang='lat' dir='ltr'><strong>naturam</strong></span> <span class='ocrx_word' id='word_1_58' title='bbox 756 384 859 417; x_wconf 92' lang='lat' dir='ltr'><strong>carnis,</strong></span> <span class='ocrx_word' id='word_1_59' title='bbox 875 385 922 411; x_wconf 86' lang='lat' dir='ltr'><strong>sed</strong></span> <span class='ocrx_word' id='word_1_60' title='bbox 941 385 974 412; x_wconf 88' lang='lat' dir='ltr'><strong>ad</strong></span> 
     </span>
    </p>
   </div>
   <div class='ocr_carea' id='block_1_8' title="bbox 189 430 975 468">
    <p class='ocr_par' dir='ltr' id='par_1_8' title="bbox 189 430 975 468">
     <span class='ocr_line' id='line_1_8' title="bbox 189 430 975 468; baseline -0.003 -8"><span class='ocrx_word' id='word_1_61' title='bbox 189 439 333 468; x_wconf 82' lang='lat' dir='ltr'><strong>personam</strong></span> <span class='ocrx_word' id='word_1_62' title='bbox 357 430 474 465; x_wconf 86' lang='lat' dir='ltr'><strong>alicujus</strong></span> <span class='ocrx_word' id='word_1_63' title='bbox 498 430 618 458; x_wconf 83' lang='lat' dir='ltr'><strong>hominis</strong></span> <span class='ocrx_word' id='word_1_64' title='bbox 637 430 814 458; x_wconf 84' lang='lat' dir='ltr'><strong>concurrisse</strong></span> <span class='ocrx_word' id='word_1_65' title='bbox 837 430 975 458; x_wconf 80' lang='lat' dir='ltr'><strong>eradenda</strong></span> 
     </span>
    </p>
   </div>
   <div class='ocr_carea' id='block_1_9' title="bbox 1030 201 1814 238">
    <p class='ocr_par' dir='ltr' id='par_1_9' title="bbox 1030 201 1814 238">
     <span class='ocr_line' id='line_1_9' title="bbox 1030 201 1814 238; baseline -0.003 -7"><span class='ocrx_word' id='word_1_66' title='bbox 1030 208 1085 231; x_wconf 89' lang='lat' dir='ltr'><strong>tur.</strong></span> <span class='ocrx_word' id='word_1_67' title='bbox 1098 204 1238 232; x_wconf 71' lang='lat' dir='ltr'><strong>Catholica</strong></span> <span class='ocrx_word' id='word_1_68' title='bbox 1255 208 1346 231; x_wconf 83' lang='lat' dir='ltr'><strong>autent</strong></span> <span class='ocrx_word' id='word_1_69' title='bbox 1364 203 1432 230; x_wconf 75' lang='lat' dir='ltr'><strong>(idos</strong></span> <span class='ocrx_word' id='word_1_70' title='bbox 1449 211 1502 230; x_wconf 91' lang='lat' dir='ltr'><strong>non</strong></span> <span class='ocrx_word' id='word_1_71' title='bbox 1523 209 1668 238; x_wconf 83' lang='lat' dir='ltr'><strong>personam</strong></span> <span class='ocrx_word' id='word_1_72' title='bbox 1683 201 1764 228; x_wconf 86' lang='lat' dir='ltr'><strong>Verbi</strong></span> <span class='ocrx_word' id='word_1_73' title='bbox 1781 201 1814 229; x_wconf 86' lang='lat' dir='ltr'><strong>ad</strong></span> 
     </span>
    </p>
   </div>
   <div class='ocr_carea' id='block_1_10' title="bbox 1029 247 1815 286">
    <p class='ocr_par' dir='ltr' id='par_1_10' title="bbox 1029 247 1815 286">
     <span class='ocr_line' id='line_1_10' title="bbox 1029 247 1815 286; baseline -0.004 -9"><span class='ocrx_word' id='word_1_74' title='bbox 1029 259 1174 286; x_wconf 82' lang='lat' dir='ltr'><strong>personam</strong></span> <span class='ocrx_word' id='word_1_75' title='bbox 1188 251 1304 286; x_wconf 87' lang='lat' dir='ltr'><strong>alicujus</strong></span> <span class='ocrx_word' id='word_1_76' title='bbox 1316 251 1371 285; x_wconf 90' lang='lat' dir='ltr'><strong>jam</strong></span> <span class='ocrx_word' id='word_1_77' title='bbox 1386 249 1494 277; x_wconf 78' lang='lat' dir='ltr'><strong>formati</strong></span> <span class='ocrx_word' id='word_1_78' title='bbox 1510 248 1641 280; x_wconf 87' lang='lat' dir='ltr'><strong>hominis,</strong></span> <span class='ocrx_word' id='word_1_79' title='bbox 1656 247 1703 274; x_wconf 89' lang='lat' dir='ltr'><strong>sed</strong></span> <span class='ocrx_word' id='word_1_80' title='bbox 1718 247 1752 275; x_wconf 86' lang='lat' dir='ltr'><strong>ad</strong></span> <span class='ocrx_word' id='word_1_81' title='bbox 1768 256 1815 275; x_wconf 84' lang='lat' dir='ltr'><strong>na-</strong></span> 
     </span>
    </p>
   </div>
   <div class='ocr_carea' id='block_1_11' title="bbox 1029 293 1816 329">
    <p class='ocr_par' dir='ltr' id='par_1_11' title="bbox 1029 293 1816 329">
     <span class='ocr_line' id='line_1_11' title="bbox 1029 293 1816 329; baseline -0.004 -6"><span class='ocrx_word' id='word_1_82' title='bbox 1029 300 1117 323; x_wconf 82' lang='lat' dir='ltr'><strong>turam</strong></span> <span class='ocrx_word' id='word_1_83' title='bbox 1134 296 1225 323; x_wconf 84' lang='lat' dir='ltr'><strong>carnis</strong></span> <span class='ocrx_word' id='word_1_84' title='bbox 1240 296 1402 323; x_wconf 84' lang='lat' dir='ltr'><strong>convenisse</strong></span> <span class='ocrx_word' id='word_1_85' title='bbox 1418 295 1506 322; x_wconf 89' lang='lat' dir='ltr'><strong>credit</strong></span> <span class='ocrx_word' id='word_1_86' title='bbox 1519 299 1546 321; x_wconf 86' lang='lat' dir='ltr'><strong>et</strong></span> <span class='ocrx_word' id='word_1_87' title='bbox 1559 293 1699 329; x_wconf 69' lang='lat' dir='ltr'><strong>prtedicat,</strong></span> <span class='ocrx_word' id='word_1_88' title='bbox 1711 298 1738 320; x_wconf 88' lang='lat' dir='ltr'><strong>et</strong></span> <span class='ocrx_word' id='word_1_89' title='bbox 1753 293 1816 321; x_wconf 89' lang='lat' dir='ltr'><strong>ideo</strong></span> 
     </span>
    </p>
   </div>
   <div class='ocr_carea' id='block_1_12' title="bbox 1028 339 1816 374">
    <p class='ocr_par' dir='ltr' id='par_1_12' title="bbox 1028 339 1816 374">
     <span class='ocr_line' id='line_1_12' title="bbox 1028 339 1816 374; baseline -0.005 -5"><span class='ocrx_word' id='word_1_90' title='bbox 1028 350 1083 369; x_wconf 86' lang='lat' dir='ltr'><strong>non</strong></span> <span class='ocrx_word' id='word_1_91' title='bbox 1109 342 1259 374; x_wconf 84' lang='lat' dir='ltr'><strong>socialem,</strong></span> <span class='ocrx_word' id='word_1_92' title='bbox 1278 341 1327 369; x_wconf 88' lang='lat' dir='ltr'><strong>sed</strong></span> <span class='ocrx_word' id='word_1_93' title='bbox 1350 341 1504 369; x_wconf 85' lang='lat' dir='ltr'><strong>naturalem</strong></span> <span class='ocrx_word' id='word_1_94' title='bbox 1531 340 1629 367; x_wconf 79' lang='lat' dir='ltr'><strong>factam</strong></span> <span class='ocrx_word' id='word_1_95' title='bbox 1653 339 1734 366; x_wconf 89' lang='lat' dir='ltr'><strong>docet</strong></span> <span class='ocrx_word' id='word_1_96' title='bbox 1755 346 1816 366; x_wconf 84' lang='lat' dir='ltr'><strong>esse</strong></span> 
     </span>
    </p>
   </div>
   <div class='ocr_carea' id='block_1_13' title="bbox 1028 388 1193 415">
    <p class='ocr_par' dir='ltr' id='par_1_13' title="bbox 1028 388 1193 415">
     <span class='ocr_line' id='line_1_13' title="bbox 1028 388 1193 415; baseline 0 -1"><span class='ocrx_word' id='word_1_97' title='bbox 1028 388 1193 415; x_wconf 87' lang='lat' dir='ltr'><strong>unitionem.</strong></span> 
     </span>
    </p>
   </div>
   <div class='ocr_carea' id='block_1_14' title="bbox 656 561 1364 679">
    <p class='ocr_par' dir='ltr' id='par_1_14' title="bbox 656 561 1364 679">
     <span class='ocr_line' id='line_1_14' title="bbox 656 561 1364 679; baseline 0.003 -4"><span class='ocrx_word' id='word_1_98' title='bbox 656 614 1090 679; x_wconf 67' lang='lat' dir='ltr'><strong>HORMISDAB</strong></span> <span class='ocrx_word' id='word_1_99' title='bbox 1137 561 1364 677; x_wconf 67' lang='grc' dir='ltr'><strong>ΡᾹΡᾸΕ</strong></span> 
     </span>
    </p>
   </div>
   <div class='ocr_carea' id='block_1_15' title="bbox 496 738 1375 786">
    <p class='ocr_par' dir='ltr' id='par_1_15' title="bbox 496 738 1375 786">
     <span class='ocr_line' id='line_1_15' title="bbox 496 738 1375 786; baseline 0 -2"><span class='ocrx_word' id='word_1_100' title='bbox 496 738 571 784; x_wconf 85' lang='lat' dir='ltr'><strong>AD</strong></span> <span class='ocrx_word' id='word_1_101' title='bbox 625 739 1038 786; x_wconf 84' lang='lat' dir='ltr'><strong>POSSESSOREM</strong></span> <span class='ocrx_word' id='word_1_102' title='bbox 1084 738 1297 786; x_wconf 84' lang='lat' dir='ltr'><strong>EPISTO</strong></span> <span class='ocrx_word' id='word_1_103' title='bbox 1308 739 1375 784; x_wconf 85' lang='lat' dir='ltr'><strong>LA</strong></span> 
     </span>
    </p>
   </div>
   <div class='ocr_carea' id='block_1_16' title="bbox 1428 737 1488 784">
    <p class='ocr_par' dir='ltr' id='par_1_16' title="bbox 1428 737 1488 784">
     <span class='ocr_line' id='line_1_16' title="bbox 1428 737 1488 784; baseline 0 -7"><span class='ocrx_word' id='word_1_104' title='bbox 1428 737 1488 784; x_wconf 81' lang='grc'><strong>(1),</strong></span> 
     </span>
    </p>
   </div>
   <div class='ocr_carea' id='block_1_17' title="bbox 646 835 1369 874">
    <p class='ocr_par' dir='ltr' id='par_1_17' title="bbox 646 835 1369 874">
     <span class='ocr_line' id='line_1_17' title="bbox 646 835 1369 874; baseline 0.001 -9"><span class='ocrx_word' id='word_1_105' title='bbox 646 835 854 867; x_wconf 78' lang='lat' dir='ltr'><strong>Dilectissimo</strong></span> <span class='ocrx_word' id='word_1_106' title='bbox 872 837 972 874; x_wconf 77' lang='lat' dir='ltr'><strong>fratri</strong></span> <span class='ocrx_word' id='word_1_107' title='bbox 990 837 1170 868; x_wconf 80' lang='lat' dir='ltr'><strong>Posscssori</strong></span> <span class='ocrx_word' id='word_1_108' title='bbox 1185 835 1369 866; x_wconf 78' lang='lat' dir='ltr'><strong>Hormisda.</strong></span> 
     </span>
    </p>
   </div>
   <div class='ocr_carea' id='block_1_18' title="bbox 223 982 1818 1024">
    <p class='ocr_par' dir='ltr' id='par_1_18' title="bbox 223 982 1818 1024">
     <span class='ocr_line' id='line_1_18' title="bbox 223 982 1818 1024; baseline 0.002 -10"><span class='ocrx_word' id='word_1_109' title='bbox 223 986 300 1015; x_wconf 88' lang='lat' dir='ltr'><strong>Sicut</strong></span> <span class='ocrx_word' id='word_1_110' title='bbox 312 986 413 1014; x_wconf 75' lang='lat' dir='ltr'><strong>rationi</strong></span> <span class='ocrx_word' id='word_1_111' title='bbox 429 987 557 1022; x_wconf 79' lang='lat' dir='ltr'><strong>congruit</strong></span> <span class='ocrx_word' id='word_1_112' title='bbox 577 992 606 1014; x_wconf 88' lang='lat' dir='ltr'><strong>ut</strong></span> <span class='ocrx_word' id='word_1_113' title='bbox 630 988 777 1016; x_wconf 89' lang='lat' dir='ltr'><strong>consulant</strong></span> <span class='ocrx_word' id='word_1_114' title='bbox 788 982 977 1024; x_wconf 49' lang='lat' dir='ltr'><strong>ambigentes,</strong></span> <span class='ocrx_word' id='word_1_115' title='bbox 990 989 1010 1019; x_wconf 80' lang='grc' dir='ltr'><strong><em>Β</em></strong></span> <span class='ocrx_word' id='word_1_116' title='bbox 1025 987 1132 1016; x_wconf 81' lang='lat' dir='ltr'><strong>liditate</strong></span> <span class='ocrx_word' id='word_1_117' title='bbox 1148 987 1298 1019; x_wconf 87' lang='lat' dir='ltr'><strong>versutias,</strong></span> <span class='ocrx_word' id='word_1_118' title='bbox 1314 990 1342 1014; x_wconf 86' lang='lat' dir='ltr'><strong>et</strong></span> <span class='ocrx_word' id='word_1_119' title='bbox 1359 986 1411 1014; x_wconf 88' lang='lat' dir='ltr'><strong>sub</strong></span> <span class='ocrx_word' id='word_1_120' title='bbox 1430 986 1574 1022; x_wconf 75' lang='lat' dir='ltr'><strong>religionis</strong></span> <span class='ocrx_word' id='word_1_121' title='bbox 1595 987 1711 1016; x_wconf 87' lang='lat' dir='ltr'><strong>obtentu</strong></span> <span class='ocrx_word' id='word_1_122' title='bbox 1728 988 1818 1017; x_wconf 80' lang='lat' dir='ltr'><strong>famu-</strong></span> 
     </span>
    </p>
   </div>
   <div class='ocr_carea' id='block_1_19' title="bbox 187 1033 975 1070">
    <p class='ocr_par' dir='ltr' id='par_1_19' title="bbox 187 1033 975 1070">
     <span class='ocr_line' id='line_1_19' title="bbox 187 1033 975 1070; baseline 0.001 -10"><span class='ocrx_word' id='word_1_123' title='bbox 187 1033 225 1061; x_wconf 75' lang='lat' dir='ltr'><strong>ita</strong></span> <span class='ocrx_word' id='word_1_124' title='bbox 240 1042 290 1069; x_wconf 90' lang='lat' dir='ltr'><strong>par</strong></span> <span class='ocrx_word' id='word_1_125' title='bbox 301 1038 344 1061; x_wconf 89' lang='lat' dir='ltr'><strong>est</strong></span> <span class='ocrx_word' id='word_1_126' title='bbox 357 1033 525 1068; x_wconf 86' lang='lat' dir='ltr'><strong>respondere</strong></span> <span class='ocrx_word' id='word_1_127' title='bbox 539 1034 690 1066; x_wconf 85' lang='lat' dir='ltr'><strong>consultos,</strong></span> <span class='ocrx_word' id='word_1_128' title='bbox 703 1035 768 1069; x_wconf 83' lang='lat' dir='ltr'><strong>quia</strong></span> <span class='ocrx_word' id='word_1_129' title='bbox 784 1035 842 1070; x_wconf 87' lang='lat' dir='ltr'><strong>ipse</strong></span> <span class='ocrx_word' id='word_1_130' title='bbox 858 1035 975 1070; x_wconf 88' lang='lat' dir='ltr'><strong>impellit</strong></span> 
     </span>
    </p>
   </div>
   <div class='ocr_carea' id='block_1_20' title="bbox 187 1079 974 1116">
    <p class='ocr_par' dir='ltr' id='par_1_20' title="bbox 187 1079 974 1116">
     <span class='ocr_line' id='line_1_20' title="bbox 187 1079 974 1116; baseline 0 -8"><span class='ocrx_word' id='word_1_131' title='bbox 187 1080 216 1108; x_wconf 79' lang='lat' dir='ltr'><strong>in</strong></span> <span class='ocrx_word' id='word_1_132' title='bbox 229 1088 364 1112; x_wconf 85' lang='lat' dir='ltr'><strong>errorem,</strong></span> <span class='ocrx_word' id='word_1_133' title='bbox 374 1079 421 1115; x_wconf 89' lang='lat' dir='ltr'><strong>qui</strong></span> <span class='ocrx_word' id='word_1_134' title='bbox 441 1088 495 1107; x_wconf 90' lang='lat' dir='ltr'><strong>non</strong></span> <span class='ocrx_word' id='word_1_135' title='bbox 508 1080 812 1116; x_wconf 80' lang='lat' dir='ltr'><strong>instruitignorantem.</strong></span> <span class='ocrx_word' id='word_1_136' title='bbox 827 1081 883 1108; x_wconf 75' lang='lat' dir='ltr'><strong>Nec</strong></span> <span class='ocrx_word' id='word_1_137' title='bbox 892 1081 974 1115; x_wconf 84' lang='lat' dir='ltr'><strong>quid-</strong></span> 
     </span>
    </p>
   </div>
   <div class='ocr_carea' id='block_1_21' title="bbox 186 1125 975 1161">
    <p class='ocr_par' dir='ltr' id='par_1_21' title="bbox 186 1125 975 1161">
     <span class='ocr_line' id='line_1_21' title="bbox 186 1125 975 1161; baseline -0.001 -7"><span class='ocrx_word' id='word_1_138' title='bbox 186 1134 268 1161; x_wconf 78' lang='lat' dir='ltr'><strong>quam</strong></span> <span class='ocrx_word' id='word_1_139' title='bbox 278 1131 320 1154; x_wconf 90' lang='lat' dir='ltr'><strong>est</strong></span> <span class='ocrx_word' id='word_1_140' title='bbox 332 1126 423 1161; x_wconf 86' lang='lat' dir='ltr'><strong>aptius</strong></span> <span class='ocrx_word' id='word_1_141' title='bbox 429 1125 560 1153; x_wconf 83' lang='lat' dir='ltr'><strong>studioso</strong></span> <span class='ocrx_word' id='word_1_142' title='bbox 569 1126 720 1161; x_wconf 75' lang='lat' dir='ltr'><strong>religionis,</strong></span> <span class='ocrx_word' id='word_1_143' title='bbox 730 1135 813 1161; x_wconf 87' lang='lat' dir='ltr'><strong>quam</strong></span> <span class='ocrx_word' id='word_1_144' title='bbox 831 1126 975 1161; x_wconf 83' lang='lat' dir='ltr'><strong>inquisitio</strong></span> 
     </span>
    </p>
   </div>
   <div class='ocr_carea' id='block_1_22' title="bbox 186 1166 977 1206">
    <p class='ocr_par' dir='ltr' id='par_1_22' title="bbox 186 1166 977 1206">
     <span class='ocr_line' id='line_1_22' title="bbox 186 1166 977 1206; baseline 0 -8"><span class='ocrx_word' id='word_1_145' title='bbox 186 1171 327 1204; x_wconf 89' lang='lat' dir='ltr'><strong>veritatis,</strong></span> <span class='ocrx_word' id='word_1_146' title='bbox 355 1171 466 1206; x_wconf 86' lang='lat' dir='ltr'><strong>quando</strong></span> <span class='ocrx_word' id='word_1_147' title='bbox 486 1166 595 1199; x_wconf 82' lang='lat' dir='ltr'><strong>facilibs</strong></span> <span class='ocrx_word' id='word_1_148' title='bbox 615 1171 726 1199; x_wconf 87' lang='lat' dir='ltr'><strong>devium</strong></span> <span class='ocrx_word' id='word_1_149' title='bbox 756 1172 840 1205; x_wconf 82' lang='lat' dir='ltr'><strong>vitat,</strong></span> <span class='ocrx_word' id='word_1_150' title='bbox 855 1172 902 1206; x_wconf 84' lang='lat' dir='ltr'><strong>qui</strong></span> <span class='ocrx_word' id='word_1_151' title='bbox 923 1171 977 1198; x_wconf 88' lang='lat' dir='ltr'><strong>iter</strong></span> 
     </span>
    </p>
   </div>
   <div class='ocr_carea' id='block_1_23' title="bbox 185 1217 976 1253">
    <p class='ocr_par' dir='ltr' id='par_1_23' title="bbox 185 1217 976 1253">
     <span class='ocr_line' id='line_1_23' title="bbox 185 1217 976 1253; baseline 0.001 -9"><span class='ocrx_word' id='word_1_152' title='bbox 185 1217 260 1253; x_wconf 75' lang='lat' dir='ltr'><strong>quod</strong></span> <span class='ocrx_word' id='word_1_153' title='bbox 278 1217 420 1252; x_wconf 79' lang='lat' dir='ltr'><strong>gradiatur</strong></span> <span class='ocrx_word' id='word_1_154' title='bbox 437 1221 525 1252; x_wconf 80' lang='lat' dir='ltr'><strong>rogat.</strong></span> <span class='ocrx_word' id='word_1_155' title='bbox 541 1217 594 1245; x_wconf 88' lang='lat' dir='ltr'><strong>Sed</strong></span> <span class='ocrx_word' id='word_1_156' title='bbox 613 1218 772 1253; x_wconf 83' lang='lat' dir='ltr'><strong>priusquam</strong></span> <span class='ocrx_word' id='word_1_157' title='bbox 790 1217 976 1253; x_wconf 86' lang='lat' dir='ltr'><strong>respondendi</strong></span> 
     </span>
    </p>
   </div>
   <div class='ocr_carea' id='block_1_24' title="bbox 185 1263 977 1299">
    <p class='ocr_par' dir='ltr' id='par_1_24' title="bbox 185 1263 977 1299">
     <span class='ocr_line' id='line_1_24' title="bbox 185 1263 977 1299; baseline -0.001 -8"><span class='ocrx_word' id='word_1_158' title='bbox 185 1270 283 1291; x_wconf 83' lang='lat' dir='ltr'><strong>curam</strong></span> <span class='ocrx_word' id='word_1_159' title='bbox 309 1263 343 1290; x_wconf 88' lang='lat' dir='ltr'><strong>de</strong></span> <span class='ocrx_word' id='word_1_160' title='bbox 357 1263 401 1290; x_wconf 89' lang='lat' dir='ltr'><strong>bis</strong></span> <span class='ocrx_word' id='word_1_161' title='bbox 413 1272 474 1298; x_wconf 60' lang='lat' dir='ltr'><strong>quae</strong></span> <span class='ocrx_word' id='word_1_162' title='bbox 487 1263 600 1290; x_wconf 85' lang='lat' dir='ltr'><strong>dilectio</strong></span> <span class='ocrx_word' id='word_1_163' title='bbox 615 1267 661 1290; x_wconf 87' lang='lat' dir='ltr'><strong>tua</strong></span> <span class='ocrx_word' id='word_1_164' title='bbox 677 1268 856 1298; x_wconf 80' lang='lat' dir='ltr'><strong>percontatur</strong></span> <span class='ocrx_word' id='word_1_165' title='bbox 880 1271 977 1299; x_wconf 70' lang='lat' dir='ltr'><strong>aggre-</strong></span> 
     </span>
    </p>
   </div>
   <div class='ocr_carea' id='block_1_25' title="bbox 185 1309 977 1343">
    <p class='ocr_par' dir='ltr' id='par_1_25' title="bbox 185 1309 977 1343">
     <span class='ocr_line' id='line_1_25' title="bbox 185 1309 977 1343; baseline -0.001 -5"><span class='ocrx_word' id='word_1_166' title='bbox 185 1310 261 1343; x_wconf 82' lang='lat' dir='ltr'><strong>diar,</strong></span> <span class='ocrx_word' id='word_1_167' title='bbox 279 1310 398 1337; x_wconf 85' lang='lat' dir='ltr'><strong>libenter</strong></span> <span class='ocrx_word' id='word_1_168' title='bbox 417 1310 444 1337; x_wconf 91' lang='lat' dir='ltr'><strong>in</strong></span> <span class='ocrx_word' id='word_1_169' title='bbox 465 1309 567 1337; x_wconf 85' lang='lat' dir='ltr'><strong>litteris</strong></span> <span class='ocrx_word' id='word_1_170' title='bbox 590 1309 646 1337; x_wconf 91' lang='lat' dir='ltr'><strong>tuis</strong></span> <span class='ocrx_word' id='word_1_171' title='bbox 667 1309 730 1336; x_wconf 83' lang='lat' dir='ltr'><strong>lidei</strong></span> <span class='ocrx_word' id='word_1_172' title='bbox 754 1313 806 1337; x_wconf 69' lang='lat' dir='ltr'><strong>tute</strong></span> <span class='ocrx_word' id='word_1_173' title='bbox 827 1317 870 1336; x_wconf 92' lang='lat' dir='ltr'><strong>me</strong></span> <span class='ocrx_word' id='word_1_174' title='bbox 887 1309 977 1337; x_wconf 81' lang='lat' dir='ltr'><strong>lateor</strong></span> 
     </span>
    </p>
   </div>
   <div class='ocr_carea' id='block_1_26' title="bbox 187 1355 978 1391">
    <p class='ocr_par' dir='ltr' id='par_1_26' title="bbox 187 1355 978 1391">
     <span class='ocr_line' id='line_1_26' title="bbox 187 1355 978 1391; baseline 0 -7"><span class='ocrx_word' id='word_1_175' title='bbox 187 1356 327 1384; x_wconf 72' lang='lat' dir='ltr'><strong>invenisse</strong></span> <span class='ocrx_word' id='word_1_176' title='bbox 345 1355 499 1387; x_wconf 77' lang='lat' dir='ltr'><strong>fervorem,</strong></span> <span class='ocrx_word' id='word_1_177' title='bbox 514 1355 594 1391; x_wconf 86' lang='lat' dir='ltr'><strong>cujus</strong></span> <span class='ocrx_word' id='word_1_178' title='bbox 612 1356 703 1383; x_wconf 88' lang='lat' dir='ltr'><strong>calore</strong></span> <span class='ocrx_word' id='word_1_179' title='bbox 720 1363 886 1388; x_wconf 89' lang='lat' dir='ltr'><strong>succensus,</strong></span> <span class='ocrx_word' id='word_1_180' title='bbox 902 1356 978 1384; x_wconf 89' lang='lat' dir='ltr'><strong>redi-</strong></span> 
     </span>
    </p>
   </div>
   <div class='ocr_carea' id='block_1_27' title="bbox 187 1400 977 1437">
    <p class='ocr_par' dir='ltr' id='par_1_27' title="bbox 187 1400 977 1437">
     <span class='ocr_line' id='line_1_27' title="bbox 187 1400 977 1437; baseline -0.001 -7"><span class='ocrx_word' id='word_1_181' title='bbox 187 1403 278 1430; x_wconf 85' lang='lat' dir='ltr'><strong>vivam</strong></span> <span class='ocrx_word' id='word_1_182' title='bbox 303 1403 331 1430; x_wconf 92' lang='lat' dir='ltr'><strong>in</strong></span> <span class='ocrx_word' id='word_1_183' title='bbox 357 1402 414 1430; x_wconf 85' lang='lat' dir='ltr'><strong>illis</strong></span> <span class='ocrx_word' id='word_1_184' title='bbox 438 1401 564 1437; x_wconf 86' lang='lat' dir='ltr'><strong>partibus</strong></span> <span class='ocrx_word' id='word_1_185' title='bbox 589 1400 742 1428; x_wconf 76' lang='lat' dir='ltr'><strong>inﬁdelium</strong></span> <span class='ocrx_word' id='word_1_186' title='bbox 766 1402 977 1436; x_wconf 85' lang='lat' dir='ltr'><strong>perversitatem</strong></span> 
     </span>
    </p>
   </div>
   <div class='ocr_carea' id='block_1_28' title="bbox 187 1446 983 1484">
    <p class='ocr_par' dir='ltr' id='par_1_28' title="bbox 187 1446 983 1484">
     <span class='ocr_line' id='line_1_28' title="bbox 187 1446 983 1484; baseline -0.001 -8"><span class='ocrx_word' id='word_1_187' title='bbox 187 1449 279 1484; x_wconf 73' lang='lat' dir='ltr'><strong>vigere</strong></span> <span class='ocrx_word' id='word_1_188' title='bbox 291 1448 424 1483; x_wconf 83' lang='lat' dir='ltr'><strong>suspiras.</strong></span> <span class='ocrx_word' id='word_1_189' title='bbox 441 1447 624 1481; x_wconf 72' lang='lat' dir='ltr'><strong>Dignissimus</strong></span> <span class='ocrx_word' id='word_1_190' title='bbox 641 1446 732 1479; x_wconf 83' lang='lat' dir='ltr'><strong>dolor,</strong></span> <span class='ocrx_word' id='word_1_191' title='bbox 749 1447 796 1481; x_wconf 89' lang='lat' dir='ltr'><strong>qui</strong></span> <span class='ocrx_word' id='word_1_192' title='bbox 814 1447 907 1474; x_wconf 83' lang='lat' dir='ltr'><strong>dedita</strong></span> <span class='ocrx_word' id='word_1_193' title='bbox 921 1447 983 1475; x_wconf 85' lang='lat' dir='ltr'><strong>Deo</strong></span> 
     </span>
    </p>
   </div>
   <div class='ocr_carea' id='block_1_29' title="bbox 187 1491 979 1527">
    <p class='ocr_par' dir='ltr' id='par_1_29' title="bbox 187 1491 979 1527">
     <span class='ocr_line' id='line_1_29' title="bbox 187 1491 979 1527; baseline -0.005 -5"><span class='ocrx_word' id='word_1_194' title='bbox 187 1495 272 1522; x_wconf 88' lang='lat' dir='ltr'><strong>corda</strong></span> <span class='ocrx_word' id='word_1_195' title='bbox 285 1494 441 1522; x_wconf 80' lang='lat' dir='ltr'><strong>contristat.</strong></span> <span class='ocrx_word' id='word_1_196' title='bbox 453 1492 510 1520; x_wconf 85' lang='lat' dir='ltr'><strong>Nec</strong></span> <span class='ocrx_word' id='word_1_197' title='bbox 523 1492 597 1519; x_wconf 91' lang='lat' dir='ltr'><strong>enim</strong></span> <span class='ocrx_word' id='word_1_198' title='bbox 612 1496 654 1519; x_wconf 90' lang='lat' dir='ltr'><strong>est</strong></span> <span class='ocrx_word' id='word_1_199' title='bbox 665 1491 738 1526; x_wconf 83' lang='lat' dir='ltr'><strong>apud</strong></span> <span class='ocrx_word' id='word_1_200' title='bbox 753 1499 801 1519; x_wconf 88' lang='lat' dir='ltr'><strong>eos</strong></span> <span class='ocrx_word' id='word_1_201' title='bbox 814 1491 907 1527; x_wconf 70' lang='lat' dir='ltr'><strong>lapsus</strong></span> <span class='ocrx_word' id='word_1_202' title='bbox 919 1491 979 1519; x_wconf 91' lang='lat' dir='ltr'><strong>illa-</strong></span> 
     </span>
    </p>
   </div>
   <div class='ocr_carea' id='block_1_30' title="bbox 187 1538 978 1574">
    <p class='ocr_par' dir='ltr' id='par_1_30' title="bbox 187 1538 978 1574">
     <span class='ocr_line' id='line_1_30' title="bbox 187 1538 978 1574; baseline -0.003 -6"><span class='ocrx_word' id='word_1_203' title='bbox 187 1540 356 1572; x_wconf 87' lang='lat' dir='ltr'><strong>mentabilis,</strong></span> <span class='ocrx_word' id='word_1_204' title='bbox 366 1539 439 1574; x_wconf 88' lang='lat' dir='ltr'><strong>apud</strong></span> <span class='ocrx_word' id='word_1_205' title='bbox 452 1547 522 1574; x_wconf 89' lang='lat' dir='ltr'><strong>quos</strong></span> <span class='ocrx_word' id='word_1_206' title='bbox 533 1541 576 1566; x_wconf 85' lang='lat' dir='ltr'><strong>est</strong></span> <span class='ocrx_word' id='word_1_207' title='bbox 589 1538 726 1573; x_wconf 83' lang='lat' dir='ltr'><strong>igniculus</strong></span> <span class='ocrx_word' id='word_1_208' title='bbox 739 1538 901 1570; x_wconf 86' lang='lat' dir='ltr'><strong>charitatis;</strong></span> <span class='ocrx_word' id='word_1_209' title='bbox 913 1538 978 1573; x_wconf 83' lang='lat' dir='ltr'><strong>quia</strong></span> 
     </span>
    </p>
   </div>
   <div class='ocr_carea' id='block_1_31' title="bbox 188 1584 980 1621">
    <p class='ocr_par' dir='ltr' id='par_1_31' title="bbox 188 1584 980 1621">
     <span class='ocr_line' id='line_1_31' title="bbox 188 1584 980 1621; baseline -0.003 -7"><span class='ocrx_word' id='word_1_210' title='bbox 188 1595 274 1614; x_wconf 93' lang='lat' dir='ltr'><strong>unum</strong></span> <span class='ocrx_word' id='word_1_211' title='bbox 291 1585 457 1621; x_wconf 82' lang='lat' dir='ltr'><strong>spiritalium</strong></span> <span class='ocrx_word' id='word_1_212' title='bbox 471 1590 565 1612; x_wconf 87' lang='lat' dir='ltr'><strong>votutn</strong></span> <span class='ocrx_word' id='word_1_213' title='bbox 581 1589 623 1612; x_wconf 85' lang='lat' dir='ltr'><strong>est</strong></span> <span class='ocrx_word' id='word_1_214' title='bbox 647 1585 723 1612; x_wconf 87' lang='lat' dir='ltr'><strong>salus</strong></span> <span class='ocrx_word' id='word_1_215' title='bbox 734 1584 897 1613; x_wconf 88' lang='lat' dir='ltr'><strong>inconcussa</strong></span> <span class='ocrx_word' id='word_1_216' title='bbox 911 1593 980 1612; x_wconf 88' lang='lat' dir='ltr'><strong>eun-</strong></span> 
     </span>
    </p>
   </div>
   <div class='ocr_carea' id='block_1_32' title="bbox 188 1631 978 1666">
    <p class='ocr_par' dir='ltr' id='par_1_32' title="bbox 188 1631 978 1666">
     <span class='ocr_line' id='line_1_32' title="bbox 188 1631 978 1666; baseline -0.003 -6"><span class='ocrx_word' id='word_1_217' title='bbox 188 1637 307 1660; x_wconf 90' lang='lat' dir='ltr'><strong>ctorum.</strong></span> <span class='ocrx_word' id='word_1_218' title='bbox 321 1631 374 1659; x_wconf 85' lang='lat' dir='ltr'><strong>Sed</strong></span> <span class='ocrx_word' id='word_1_219' title='bbox 391 1640 446 1658; x_wconf 89' lang='lat' dir='ltr'><strong>non</strong></span> <span class='ocrx_word' id='word_1_220' title='bbox 461 1636 502 1659; x_wconf 90' lang='lat' dir='ltr'><strong>est</strong></span> <span class='ocrx_word' id='word_1_221' title='bbox 518 1631 609 1666; x_wconf 79' lang='lat' dir='ltr'><strong>ignota</strong></span> <span class='ocrx_word' id='word_1_222' title='bbox 625 1631 755 1658; x_wconf 71' lang='lat' dir='ltr'><strong>Ecclesia:</strong></span> <span class='ocrx_word' id='word_1_223' title='bbox 770 1631 818 1658; x_wconf 89' lang='lat' dir='ltr'><strong>Dei</strong></span> <span class='ocrx_word' id='word_1_224' title='bbox 832 1631 866 1658; x_wconf 89' lang='lat' dir='ltr'><strong>de</strong></span> <span class='ocrx_word' id='word_1_225' title='bbox 879 1631 978 1666; x_wconf 90' lang='lat' dir='ltr'><strong>hujus-</strong></span> 
     </span>
    </p>
   </div>
   <div class='ocr_carea' id='block_1_33' title="bbox 189 1677 979 1712">
    <p class='ocr_par' dir='ltr' id='par_1_33' title="bbox 189 1677 979 1712">
     <span class='ocr_line' id='line_1_33' title="bbox 189 1677 979 1712; baseline -0.001 -7"><span class='ocrx_word' id='word_1_226' title='bbox 189 1678 262 1705; x_wconf 83' lang='lat' dir='ltr'><strong>modi</strong></span> <span class='ocrx_word' id='word_1_227' title='bbox 279 1678 417 1712; x_wconf 86' lang='lat' dir='ltr'><strong>procellis,</strong></span> <span class='ocrx_word' id='word_1_228' title='bbox 434 1682 482 1704; x_wconf 88' lang='lat' dir='ltr'><strong>aut</strong></span> <span class='ocrx_word' id='word_1_229' title='bbox 510 1677 617 1704; x_wconf 90' lang='lat' dir='ltr'><strong>insueta</strong></span> <span class='ocrx_word' id='word_1_230' title='bbox 637 1680 795 1712; x_wconf 79' lang='lat' dir='ltr'><strong>tempestas,</strong></span> <span class='ocrx_word' id='word_1_231' title='bbox 808 1681 836 1704; x_wconf 88' lang='lat' dir='ltr'><strong>et</strong></span> <span class='ocrx_word' id='word_1_232' title='bbox 852 1677 979 1712; x_wconf 90' lang='lat' dir='ltr'><strong>quamvis</strong></span> 
     </span>
    </p>
   </div>
   <div class='ocr_carea' id='block_1_34' title="bbox 189 1722 980 1758">
    <p class='ocr_par' dir='ltr' id='par_1_34' title="bbox 189 1722 980 1758">
     <span class='ocr_line' id='line_1_34' title="bbox 189 1722 980 1758; baseline -0.003 -7"><span class='ocrx_word' id='word_1_233' title='bbox 189 1723 317 1751; x_wconf 66' lang='lat' dir='ltr'><strong>hectoris</strong></span> <span class='ocrx_word' id='word_1_234' title='bbox 325 1723 368 1751; x_wconf 90' lang='lat' dir='ltr'><strong>sui</strong></span> <span class='ocrx_word' id='word_1_235' title='bbox 377 1723 565 1758; x_wconf 76' lang='lat' dir='ltr'><strong>gubernaculo</strong></span> <span class='ocrx_word' id='word_1_236' title='bbox 573 1723 738 1750; x_wconf 83' lang='lat' dir='ltr'><strong>inconcussa</strong></span> <span class='ocrx_word' id='word_1_237' title='bbox 746 1722 885 1757; x_wconf 86' lang='lat' dir='ltr'><strong>persistat,</strong></span> <span class='ocrx_word' id='word_1_238' title='bbox 895 1723 980 1750; x_wconf 86' lang='lat' dir='ltr'><strong>variis</strong></span> 
     </span>
    </p>
   </div>
   <div class='ocr_carea' id='block_1_35' title="bbox 191 1768 980 1804">
    <p class='ocr_par' dir='ltr' id='par_1_35' title="bbox 191 1768 980 1804">
     <span class='ocr_line' id='line_1_35' title="bbox 191 1768 980 1804; baseline -0.001 -8"><span class='ocrx_word' id='word_1_239' title='bbox 191 1774 282 1796; x_wconf 82' lang='lat' dir='ltr'><strong>tamen</strong></span> <span class='ocrx_word' id='word_1_240' title='bbox 298 1769 500 1804; x_wconf 79' lang='lat' dir='ltr'><strong>insurgentium</strong></span> <span class='ocrx_word' id='word_1_241' title='bbox 515 1768 648 1796; x_wconf 81' lang='lat' dir='ltr'><strong>ﬂuctuum</strong></span> <span class='ocrx_word' id='word_1_242' title='bbox 663 1768 770 1796; x_wconf 86' lang='lat' dir='ltr'><strong>laborat</strong></span> <span class='ocrx_word' id='word_1_243' title='bbox 784 1772 879 1796; x_wconf 78' lang='lat' dir='ltr'><strong>vexata</strong></span> <span class='ocrx_word' id='word_1_244' title='bbox 893 1768 980 1795; x_wconf 84' lang='lat' dir='ltr'><strong>turbi-</strong></span> 
     </span>
    </p>
   </div>
   <div class='ocr_carea' id='block_1_36' title="bbox 190 1814 979 1850">
    <p class='ocr_par' dir='ltr' id='par_1_36' title="bbox 190 1814 979 1850">
     <span class='ocr_line' id='line_1_36' title="bbox 190 1814 979 1850; baseline 0.001 -9"><span class='ocrx_word' id='word_1_245' title='bbox 190 1815 282 1842; x_wconf 84' lang='lat' dir='ltr'><strong>nibus.</strong></span> <span class='ocrx_word' id='word_1_246' title='bbox 296 1814 364 1841; x_wconf 72' lang='lat' dir='ltr'><strong>Nam</strong></span> <span class='ocrx_word' id='word_1_247' title='bbox 380 1814 453 1841; x_wconf 90' lang='lat' dir='ltr'><strong>unde</strong></span> <span class='ocrx_word' id='word_1_248' title='bbox 469 1819 510 1842; x_wconf 92' lang='lat' dir='ltr'><strong>est</strong></span> <span class='ocrx_word' id='word_1_249' title='bbox 524 1815 678 1850; x_wconf 89' lang='lat' dir='ltr'><strong>psalmidici</strong></span> <span class='ocrx_word' id='word_1_250' title='bbox 697 1822 750 1842; x_wconf 78' lang='lat' dir='ltr'><strong>vox</strong></span> <span class='ocrx_word' id='word_1_251' title='bbox 764 1815 918 1850; x_wconf 60' lang='lat' dir='ltr'><strong>prophetat,</strong></span> <span class='ocrx_word' id='word_1_252' title='bbox 931 1815 979 1849; x_wconf 90' lang='lat' dir='ltr'><strong>qui</strong></span> 
     </span>
    </p>
   </div>
   <div class='ocr_carea' id='block_1_37' title="bbox 191 1859 978 1896">
    <p class='ocr_par' dir='ltr' id='par_1_37' title="bbox 191 1859 978 1896">
     <span class='ocr_line' id='line_1_37' title="bbox 191 1859 978 1896; baseline 0 -10"><span class='ocrx_word' id='word_1_253' title='bbox 191 1860 277 1895; x_wconf 70' lang='lat' dir='ltr'><strong>ipsius</strong></span> <span class='ocrx_word' id='word_1_254' title='bbox 287 1860 415 1888; x_wconf 70' lang='lat' dir='ltr'><strong>Ecclesia:</strong></span> <span class='ocrx_word' id='word_1_255' title='bbox 427 1868 571 1895; x_wconf 78' lang='lat' dir='ltr'><strong>personam</strong></span> <span class='ocrx_word' id='word_1_256' title='bbox 585 1860 689 1896; x_wconf 87' lang='lat' dir='ltr'><strong>Spiritu</strong></span> <span class='ocrx_word' id='word_1_257' title='bbox 699 1869 754 1896; x_wconf 90' lang='lat' dir='ltr'><strong>quo</strong></span> <span class='ocrx_word' id='word_1_258' title='bbox 766 1861 932 1895; x_wconf 87' lang='lat' dir='ltr'><strong>implebatur</strong></span> <span class='ocrx_word' id='word_1_259' title='bbox 940 1859 978 1895; x_wconf 75' lang='grc' dir='ltr'><strong>(α)</strong></span> 
     </span>
    </p>
   </div>
   <div class='ocr_carea' id='block_1_38' title="bbox 191 1905 980 1941">
    <p class='ocr_par' dir='ltr' id='par_1_38' title="bbox 191 1905 980 1941">
     <span class='ocr_line' id='line_1_38' title="bbox 191 1905 980 1941; baseline -0.003 -8"><span class='ocrx_word' id='word_1_260' title='bbox 191 1913 353 1933; x_wconf 76' lang='lat' dir='ltr'><strong>assumens:</strong></span> <span class='ocrx_word' id='word_1_261' title='bbox 367 1906 451 1941; x_wconf 75' lang='lat' dir='ltr'><strong>Srrpe,</strong></span> <span class='ocrx_word' id='word_1_262' title='bbox 466 1906 567 1940; x_wconf 88' lang='lat' dir='ltr'><strong>inquit,</strong></span> <span class='ocrx_word' id='word_1_263' title='bbox 579 1910 796 1941; x_wconf 74' lang='lat' dir='ltr'><strong>expugnaverunt</strong></span> <span class='ocrx_word' id='word_1_264' title='bbox 810 1914 849 1932; x_wconf 83' lang='lat' dir='ltr'><strong>me</strong></span> <span class='ocrx_word' id='word_1_265' title='bbox 858 1914 876 1932; x_wconf 83' lang='grc' dir='ltr'><em>α</em></span> <span class='ocrx_word' id='word_1_266' title='bbox 885 1905 980 1941; x_wconf 80' lang='lat' dir='ltr'><strong>juven-</strong></span> 
     </span>
    </p>
   </div>
   <div class='ocr_carea' id='block_1_39' title="bbox 192 1951 978 1986">
    <p class='ocr_par' dir='ltr' id='par_1_39' title="bbox 192 1951 978 1986">
     <span class='ocr_line' id='line_1_39' title="bbox 192 1951 978 1986; baseline 0.001 -9"><span class='ocrx_word' id='word_1_267' title='bbox 192 1955 246 1977; x_wconf 70' lang='lat' dir='ltr'><strong>rute</strong></span> <span class='ocrx_word' id='word_1_268' title='bbox 262 1960 330 1982; x_wconf 82' lang='lat' dir='ltr'><strong>mea,</strong></span> <span class='ocrx_word' id='word_1_269' title='bbox 345 1952 439 1978; x_wconf 78' lang='lat' dir='ltr'><strong>etenim</strong></span> <span class='ocrx_word' id='word_1_270' title='bbox 458 1959 508 1977; x_wconf 88' lang='lat' dir='ltr'><strong>non</strong></span> <span class='ocrx_word' id='word_1_271' title='bbox 527 1955 666 1986; x_wconf 78' lang='lat' dir='ltr'><strong>potuerunt</strong></span> <span class='ocrx_word' id='word_1_272' title='bbox 682 1952 745 1978; x_wconf 80' lang='lat' dir='ltr'><strong>mihi</strong></span> <span class='ocrx_word' id='word_1_273' title='bbox 757 1952 788 1978; x_wconf 79' lang='lat'><strong>“.</strong></span> <span class='ocrx_word' id='word_1_274' title='bbox 800 1951 978 1984; x_wconf 84' lang='lat' dir='ltr'><strong>Concutiunt,</strong></span> 
     </span>
    </p>
   </div>
   <div class='ocr_carea' id='block_1_40' title="bbox 192 1995 978 2031">
    <p class='ocr_par' dir='ltr' id='par_1_40' title="bbox 192 1995 978 2031">
     <span class='ocr_line' id='line_1_40' title="bbox 192 1995 978 2031; baseline 0.001 -8"><span class='ocrx_word' id='word_1_275' title='bbox 192 1995 240 2023; x_wconf 87' lang='lat' dir='ltr'><strong>sed</strong></span> <span class='ocrx_word' id='word_1_276' title='bbox 260 1996 287 2022; x_wconf 90' lang='lat' dir='ltr'><strong>in</strong></span> <span class='ocrx_word' id='word_1_277' title='bbox 307 1996 394 2022; x_wconf 83' lang='lat' dir='ltr'><strong>nihilo</strong></span> <span class='ocrx_word' id='word_1_278' title='bbox 414 1997 612 2031; x_wconf 69' lang='lat' dir='ltr'><strong>praevalebunt.</strong></span> <span class='ocrx_word' id='word_1_279' title='bbox 629 1997 725 2024; x_wconf 89' lang='lat' dir='ltr'><strong>Adhuc</strong></span> <span class='ocrx_word' id='word_1_280' title='bbox 745 1996 772 2023; x_wconf 90' lang='lat' dir='ltr'><strong>in</strong></span> <span class='ocrx_word' id='word_1_281' title='bbox 791 2004 854 2023; x_wconf 89' lang='lat' dir='ltr'><strong>area</strong></span> <span class='ocrx_word' id='word_1_282' title='bbox 872 2004 978 2028; x_wconf 89' lang='lat' dir='ltr'><strong>sumus,</strong></span> 
     </span>
    </p>
   </div>
   <div class='ocr_carea' id='block_1_41' title="bbox 193 2042 981 2078">
    <p class='ocr_par' dir='ltr' id='par_1_41' title="bbox 193 2042 981 2078">
     <span class='ocr_line' id='line_1_41' title="bbox 193 2042 981 2078; baseline -0.001 -9"><span class='ocrx_word' id='word_1_283' title='bbox 193 2042 274 2069; x_wconf 83' lang='lat' dir='ltr'><strong>mista</strong></span> <span class='ocrx_word' id='word_1_284' title='bbox 290 2046 353 2069; x_wconf 87' lang='lat' dir='ltr'><strong>sunt</strong></span> <span class='ocrx_word' id='word_1_285' title='bbox 367 2042 505 2070; x_wconf 80' lang='lat' dir='ltr'><strong>frumenta</strong></span> <span class='ocrx_word' id='word_1_286' title='bbox 520 2051 583 2070; x_wconf 89' lang='lat' dir='ltr'><strong>eum</strong></span> <span class='ocrx_word' id='word_1_287' title='bbox 599 2043 695 2078; x_wconf 89' lang='lat' dir='ltr'><strong>paleis,</strong></span> <span class='ocrx_word' id='word_1_288' title='bbox 709 2047 822 2078; x_wconf 79' lang='lat' dir='ltr'><strong>gemunt</strong></span> <span class='ocrx_word' id='word_1_289' title='bbox 835 2042 900 2069; x_wconf 90' lang='lat' dir='ltr'><strong>boni</strong></span> <span class='ocrx_word' id='word_1_290' title='bbox 915 2049 981 2069; x_wconf 83' lang='lat' dir='ltr'><strong>con-</strong></span> 
     </span>
    </p>
   </div>
   <div class='ocr_carea' id='block_1_42' title="bbox 192 2088 980 2123">
    <p class='ocr_par' dir='ltr' id='par_1_42' title="bbox 192 2088 980 2123">
     <span class='ocr_line' id='line_1_42' title="bbox 192 2088 980 2123; baseline 0.001 -8"><span class='ocrx_word' id='word_1_291' title='bbox 192 2088 279 2116; x_wconf 89' lang='lat' dir='ltr'><strong>sortia</strong></span> <span class='ocrx_word' id='word_1_292' title='bbox 287 2088 436 2123; x_wconf 72' lang='lat' dir='ltr'><strong>malorum:</strong></span> <span class='ocrx_word' id='word_1_293' title='bbox 443 2089 491 2117; x_wconf 83' lang='lat' dir='ltr'><strong>sed</strong></span> <span class='ocrx_word' id='word_1_294' title='bbox 498 2089 798 2123; x_wconf 82' lang='lat' dir='ltr'><strong>superestﬂammanon</strong></span> <span class='ocrx_word' id='word_1_295' title='bbox 805 2088 980 2121; x_wconf 81' lang='lat' dir='ltr'><strong>necessariis,</strong></span> 
     </span>
    </p>
   </div>
   <div class='ocr_carea' id='block_1_43' title="bbox 192 2134 980 2170">
    <p class='ocr_par' dir='ltr' id='par_1_43' title="bbox 192 2134 980 2170">
     <span class='ocr_line' id='line_1_43' title="bbox 192 2134 980 2170; baseline 0.004 -10"><span class='ocrx_word' id='word_1_296' title='bbox 192 2138 321 2169; x_wconf 81' lang='lat' dir='ltr'><strong>etparata</strong></span> <span class='ocrx_word' id='word_1_297' title='bbox 333 2139 397 2162; x_wconf 89' lang='lat' dir='ltr'><strong>sunt</strong></span> <span class='ocrx_word' id='word_1_298' title='bbox 408 2135 506 2162; x_wconf 81' lang='lat' dir='ltr'><strong>horrea</strong></span> <span class='ocrx_word' id='word_1_299' title='bbox 516 2136 571 2170; x_wconf 86' lang='lat' dir='ltr'><strong>jam</strong></span> <span class='ocrx_word' id='word_1_300' title='bbox 584 2135 715 2169; x_wconf 82' lang='lat' dir='ltr'><strong>probatis.</strong></span> <span class='ocrx_word' id='word_1_301' title='bbox 724 2134 777 2162; x_wconf 87' lang='lat' dir='ltr'><strong>Sed</strong></span> <span class='ocrx_word' id='word_1_302' title='bbox 789 2135 835 2162; x_wconf 93' lang='lat' dir='ltr'><strong>ubi</strong></span> <span class='ocrx_word' id='word_1_303' title='bbox 846 2140 980 2163; x_wconf 88' lang='lat' dir='ltr'><strong>terrarum</strong></span> 
     </span>
    </p>
   </div>
   <div class='ocr_carea' id='block_1_44' title="bbox 194 2180 980 2218">
    <p class='ocr_par' dir='ltr' id='par_1_44' title="bbox 194 2180 980 2218">
     <span class='ocr_line' id='line_1_44' title="bbox 194 2180 980 2218; baseline 0.001 -10"><span class='ocrx_word' id='word_1_304' title='bbox 194 2188 247 2208; x_wconf 80' lang='lat' dir='ltr'><strong>non</strong></span> <span class='ocrx_word' id='word_1_305' title='bbox 266 2180 316 2207; x_wconf 85' lang='lat' dir='ltr'><strong>ista</strong></span> <span class='ocrx_word' id='word_1_306' title='bbox 334 2181 489 2215; x_wconf 77' lang='lat' dir='ltr'><strong>permistio?</strong></span> <span class='ocrx_word' id='word_1_307' title='bbox 507 2181 562 2208; x_wconf 87' lang='lat' dir='ltr'><strong>Nos</strong></span> <span class='ocrx_word' id='word_1_308' title='bbox 579 2181 639 2208; x_wconf 82' lang='lat' dir='ltr'><strong>lixis</strong></span> <span class='ocrx_word' id='word_1_309' title='bbox 655 2180 734 2208; x_wconf 82' lang='lat' dir='ltr'><strong>decet</strong></span> <span class='ocrx_word' id='word_1_310' title='bbox 748 2180 980 2218; x_wconf 71' lang='lat' dir='ltr'><strong>starelinsistere]</strong></span> 
     </span>
    </p>
   </div>
   <div class='ocr_carea' id='block_1_45' title="bbox 193 2226 979 2263">
    <p class='ocr_par' dir='ltr' id='par_1_45' title="bbox 193 2226 979 2263">
     <span class='ocr_line' id='line_1_45' title="bbox 193 2226 979 2263; baseline 0.005 -11"><span class='ocrx_word' id='word_1_311' title='bbox 193 2226 327 2262; x_wconf 78' lang='lat' dir='ltr'><strong>vestigiis.</strong></span> <span class='ocrx_word' id='word_1_312' title='bbox 354 2227 533 2255; x_wconf 85' lang='lat' dir='ltr'><strong>Protieiemus</strong></span> <span class='ocrx_word' id='word_1_313' title='bbox 560 2227 632 2254; x_wconf 88' lang='lat' dir='ltr'><strong>inter</strong></span> <span class='ocrx_word' id='word_1_314' title='bbox 650 2227 827 2255; x_wconf 85' lang='lat' dir='ltr'><strong>adversantes</strong></span> <span class='ocrx_word' id='word_1_315' title='bbox 858 2229 979 2263; x_wconf 87' lang='lat' dir='ltr'><strong>propriis</strong></span> 
     </span>
    </p>
   </div>
   <div class='ocr_carea' id='block_1_46' title="bbox 196 2271 982 2304">
    <p class='ocr_par' dir='ltr' id='par_1_46' title="bbox 196 2271 982 2304">
     <span class='ocr_line' id='line_1_46' title="bbox 196 2271 982 2304; baseline 0.005 -7"><span class='ocrx_word' id='word_1_316' title='bbox 196 2271 286 2304; x_wconf 81' lang='lat' dir='ltr'><strong>bonis,</strong></span> <span class='ocrx_word' id='word_1_317' title='bbox 300 2271 322 2298; x_wconf 86' lang='lat' dir='ltr'><strong>si</strong></span> <span class='ocrx_word' id='word_1_318' title='bbox 338 2272 481 2299; x_wconf 88' lang='lat' dir='ltr'><strong>erroribus</strong></span> <span class='ocrx_word' id='word_1_319' title='bbox 499 2280 553 2298; x_wconf 88' lang='lat' dir='ltr'><strong>non</strong></span> <span class='ocrx_word' id='word_1_320' title='bbox 571 2271 745 2299; x_wconf 82' lang='lat' dir='ltr'><strong>involvantur</strong></span> <span class='ocrx_word' id='word_1_321' title='bbox 759 2273 867 2301; x_wconf 89' lang='lat' dir='ltr'><strong>alienis.</strong></span> <span class='ocrx_word' id='word_1_322' title='bbox 880 2274 982 2301; x_wconf 84' lang='lat' dir='ltr'><strong>Probat.</strong></span> 
     </span>
    </p>
   </div>
   <div class='ocr_carea' id='block_1_47' title="bbox 194 2318 981 2356">
    <p class='ocr_par' dir='ltr' id='par_1_47' title="bbox 194 2318 981 2356">
     <span class='ocr_line' id='line_1_47' title="bbox 194 2318 981 2356; baseline 0.005 -12"><span class='ocrx_word' id='word_1_323' title='bbox 194 2318 267 2345; x_wconf 82' lang='lat' dir='ltr'><strong>enim</strong></span> <span class='ocrx_word' id='word_1_324' title='bbox 283 2319 393 2345; x_wconf 84' lang='lat' dir='ltr'><strong>virtutis</strong></span> <span class='ocrx_word' id='word_1_325' title='bbox 408 2326 463 2345; x_wconf 76' lang='lat' dir='ltr'><strong>sua:</strong></span> <span class='ocrx_word' id='word_1_326' title='bbox 476 2318 598 2346; x_wconf 87' lang='lat' dir='ltr'><strong>validum</strong></span> <span class='ocrx_word' id='word_1_327' title='bbox 613 2319 708 2352; x_wconf 83' lang='lat' dir='ltr'><strong>robur,</strong></span> <span class='ocrx_word' id='word_1_328' title='bbox 724 2320 770 2354; x_wconf 86' lang='lat' dir='ltr'><strong>qui</strong></span> <span class='ocrx_word' id='word_1_329' title='bbox 787 2329 848 2347; x_wconf 86' lang='lat' dir='ltr'><strong>eum</strong></span> <span class='ocrx_word' id='word_1_330' title='bbox 863 2321 981 2356; x_wconf 88' lang='lat' dir='ltr'><strong>impelli—</strong></span> 
     </span>
    </p>
   </div>
   <div class='ocr_carea' id='block_1_48' title="bbox 196 2363 982 2394">
    <p class='ocr_par' dir='ltr' id='par_1_48' title="bbox 196 2363 982 2394">
     <span class='ocr_line' id='line_1_48' title="bbox 196 2363 982 2394; baseline 0.008 -6"><span class='ocrx_word' id='word_1_331' title='bbox 196 2365 250 2394; x_wconf 86' lang='lat' dir='ltr'><strong>tur,</strong></span> <span class='ocrx_word' id='word_1_332' title='bbox 261 2371 314 2390; x_wconf 89' lang='lat' dir='ltr'><strong>non</strong></span> <span class='ocrx_word' id='word_1_333' title='bbox 328 2368 464 2390; x_wconf 82' lang='lat' dir='ltr'><strong>movetur.</strong></span> <span class='ocrx_word' id='word_1_334' title='bbox 476 2363 528 2390; x_wconf 89' lang='lat' dir='ltr'><strong>Ubi</strong></span> <span class='ocrx_word' id='word_1_335' title='bbox 543 2371 597 2390; x_wconf 94' lang='lat' dir='ltr'><strong>non</strong></span> <span class='ocrx_word' id='word_1_336' title='bbox 608 2364 692 2392; x_wconf 63' lang='lat' dir='ltr'><strong>variae</strong></span> <span class='ocrx_word' id='word_1_337' title='bbox 705 2366 864 2393; x_wconf 85' lang='lat' dir='ltr'><strong>tentationis</strong></span> <span class='ocrx_word' id='word_1_338' title='bbox 877 2367 982 2394; x_wconf 89' lang='lat' dir='ltr'><strong>aculei?</strong></span> 
     </span>
    </p>
   </div>
   <div class='ocr_carea' id='block_1_49' title="bbox 194 2409 980 2448">
    <p class='ocr_par' dir='ltr' id='par_1_49' title="bbox 194 2409 980 2448">
     <span class='ocr_line' id='line_1_49' title="bbox 194 2409 980 2448; baseline 0.006 -12"><span class='ocrx_word' id='word_1_339' title='bbox 194 2409 295 2441; x_wconf 77' lang='lat' dir='ltr'><strong>Quales</strong></span> <span class='ocrx_word' id='word_1_340' title='bbox 326 2418 374 2444; x_wconf 80' lang='lat' dir='ltr'><strong>per</strong></span> <span class='ocrx_word' id='word_1_341' title='bbox 403 2410 475 2438; x_wconf 88' lang='lat' dir='ltr'><strong>hunc</strong></span> <span class='ocrx_word' id='word_1_342' title='bbox 501 2411 558 2438; x_wconf 80' lang='lat' dir='ltr'><strong>fere</strong></span> <span class='ocrx_word' id='word_1_343' title='bbox 573 2412 665 2447; x_wconf 81' lang='lat' dir='ltr'><strong>jugem</strong></span> <span class='ocrx_word' id='word_1_344' title='bbox 682 2420 783 2439; x_wconf 90' lang='lat' dir='ltr'><strong>annum</strong></span> <span class='ocrx_word' id='word_1_345' title='bbox 797 2414 980 2448; x_wconf 85' lang='lat' dir='ltr'><strong>quorumdam</strong></span> 
     </span>
    </p>
   </div>
   <div class='ocr_carea' id='block_1_50' title="bbox 196 2454 979 2496">
    <p class='ocr_par' dir='ltr' id='par_1_50' title="bbox 196 2454 979 2496">
     <span class='ocr_line' id='line_1_50' title="bbox 196 2454 979 2496; baseline 0.009 -15"><span class='ocrx_word' id='word_1_346' title='bbox 196 2454 368 2491; x_wconf 61' lang='lat' dir='ltr'><strong>Scytharum,</strong></span> <span class='ocrx_word' id='word_1_347' title='bbox 382 2457 428 2491; x_wconf 91' lang='lat' dir='ltr'><strong>qui</strong></span> <span class='ocrx_word' id='word_1_348' title='bbox 448 2457 597 2485; x_wconf 82' lang='lat' dir='ltr'><strong>monachos</strong></span> <span class='ocrx_word' id='word_1_349' title='bbox 613 2459 794 2493; x_wconf 77' lang='lat' dir='ltr'><strong>przel&#39;ercbant</strong></span> <span class='ocrx_word' id='word_1_350' title='bbox 811 2461 911 2496; x_wconf 85' lang='lat' dir='ltr'><strong>specie,</strong></span> <span class='ocrx_word' id='word_1_351' title='bbox 925 2469 979 2488; x_wconf 85' lang='lat' dir='ltr'><strong>non</strong></span> 
     </span>
    </p>
   </div>
   <div class='ocr_carea' id='block_1_51' title="bbox 194 2503 981 2540">
    <p class='ocr_par' dir='ltr' id='par_1_51' title="bbox 194 2503 981 2540">
     <span class='ocr_line' id='line_1_51' title="bbox 194 2503 981 2540; baseline 0.008 -12"><span class='ocrx_word' id='word_1_352' title='bbox 194 2503 320 2535; x_wconf 83' lang='lat' dir='ltr'><strong>veritate,</strong></span> <span class='ocrx_word' id='word_1_353' title='bbox 336 2503 516 2537; x_wconf 77' lang='lat' dir='ltr'><strong>professione,</strong></span> <span class='ocrx_word' id='word_1_354' title='bbox 530 2512 584 2531; x_wconf 88' lang='lat' dir='ltr'><strong>non</strong></span> <span class='ocrx_word' id='word_1_355' title='bbox 600 2513 697 2540; x_wconf 90' lang='lat' dir='ltr'><strong>opere,</strong></span> <span class='ocrx_word' id='word_1_356' title='bbox 714 2506 809 2534; x_wconf 85' lang='lat' dir='ltr'><strong>subtili</strong></span> <span class='ocrx_word' id='word_1_357' title='bbox 826 2511 911 2534; x_wconf 85' lang='lat' dir='ltr'><strong>lectas</strong></span> <span class='ocrx_word' id='word_1_358' title='bbox 927 2507 981 2534; x_wconf 86' lang='lat' dir='ltr'><strong>cal-</strong></span> 
     </span>
    </p>
   </div>
   <div class='ocr_carea' id='block_1_52' title="bbox 234 2571 790 2608">
    <p class='ocr_par' dir='ltr' id='par_1_52' title="bbox 234 2571 790 2608">
     <span class='ocr_line' id='line_1_52' title="bbox 234 2571 790 2608; baseline 0.009 -10"><span class='ocrx_word' id='word_1_359' title='bbox 234 2572 255 2588; x_wconf 77' lang='lat'>&quot;</span> <span class='ocrx_word' id='word_1_360' title='bbox 267 2571 337 2599; x_wconf 87' lang='lat' dir='ltr'><strong>Psal.</strong></span> <span class='ocrx_word' id='word_1_361' title='bbox 351 2579 456 2603; x_wconf 73' lang='lat' dir='ltr'><strong>cxxvm,</strong></span> <span class='ocrx_word' id='word_1_362' title='bbox 484 2572 513 2599; x_wconf 75' lang='lat'><strong>‘2.</strong></span> <span class='ocrx_word' id='word_1_363' title='bbox 552 2574 573 2590; x_wconf 86' lang='lat'><strong>&quot;</strong></span> <span class='ocrx_word' id='word_1_364' title='bbox 585 2574 606 2601; x_wconf 92' lang='grc'><strong>11</strong></span> <span class='ocrx_word' id='word_1_365' title='bbox 622 2575 692 2603; x_wconf 89' lang='lat' dir='ltr'><strong>Tim.</strong></span> <span class='ocrx_word' id='word_1_366' title='bbox 705 2585 733 2608; x_wconf 84' lang='grc' dir='ltr'><strong>ιι,</strong></span> <span class='ocrx_word' id='word_1_367' title='bbox 747 2575 790 2603; x_wconf 68' lang='grc'><strong>14.</strong></span> 
     </span>
    </p>
   </div>
   <div class='ocr_carea' id='block_1_53' title="bbox 233 2644 980 2684">
    <p class='ocr_par' dir='ltr' id='par_1_53' title="bbox 233 2644 980 2684">
     <span class='ocr_line' id='line_1_53' title="bbox 233 2644 980 2684; baseline 0.004 -12"><span class='ocrx_word' id='word_1_368' title='bbox 233 2644 271 2679; x_wconf 87' lang='lat' dir='ltr'><strong>ll)</strong></span> <span class='ocrx_word' id='word_1_369' title='bbox 291 2644 407 2684; x_wconf 44' lang='lat' dir='ltr'><strong>(iaciens</strong></span> <span class='ocrx_word' id='word_1_370' title='bbox 426 2649 451 2671; x_wconf 88' lang='lat' dir='ltr'><strong>ct</strong></span> <span class='ocrx_word' id='word_1_371' title='bbox 474 2647 596 2684; x_wconf 77' lang='lat' dir='ltr'><strong>nonnulli</strong></span> <span class='ocrx_word' id='word_1_372' title='bbox 618 2648 698 2684; x_wconf 18' lang='lat' dir='ltr'><strong>aliiia</strong></span> <span class='ocrx_word' id='word_1_373' title='bbox 718 2648 823 2675; x_wconf 87' lang='lat' dir='ltr'><strong>Joanne</strong></span> <span class='ocrx_word' id='word_1_374' title='bbox 844 2648 980 2675; x_wconf 75' lang='lat' dir='ltr'><strong>Maxentio</strong></span> 
     </span>
    </p>
   </div>
   <div class='ocr_carea' id='block_1_54' title="bbox 198 2679 980 2718">
    <p class='ocr_par' dir='ltr' id='par_1_54' title="bbox 198 2679 980 2718">
     <span class='ocr_line' id='line_1_54' title="bbox 198 2679 980 2718; baseline 0.008 -13"><span class='ocrx_word' id='word_1_375' title='bbox 198 2679 304 2718; x_wconf 66' lang='lat' dir='ltr'><strong>decepti</strong></span> <span class='ocrx_word' id='word_1_376' title='bbox 323 2679 511 2718; x_wconf 69' lang='lat' dir='ltr'><strong>existimarunt</strong></span> <span class='ocrx_word' id='word_1_377' title='bbox 530 2682 600 2710; x_wconf 83' lang='lat' dir='ltr'><strong>lianc</strong></span> <span class='ocrx_word' id='word_1_378' title='bbox 617 2683 649 2709; x_wconf 70' lang='lat' dir='ltr'><strong>ad</strong></span> <span class='ocrx_word' id='word_1_379' title='bbox 668 2683 857 2710; x_wconf 82' lang='lat' dir='ltr'><strong>I&#39;ossessorem</strong></span> <span class='ocrx_word' id='word_1_380' title='bbox 877 2685 980 2718; x_wconf 82' lang='lat' dir='ltr'><strong>episto—</strong></span> 
     </span>
    </p>
   </div>
   <div class='ocr_carea' id='block_1_55' title="bbox 197 2714 980 2752">
    <p class='ocr_par' dir='ltr' id='par_1_55' title="bbox 197 2714 980 2752">
     <span class='ocr_line' id='line_1_55' title="bbox 197 2714 980 2752; baseline 0.006 -11"><span class='ocrx_word' id='word_1_381' title='bbox 197 2714 250 2752; x_wconf 76' lang='lat' dir='ltr'><strong>lam</strong></span> <span class='ocrx_word' id='word_1_382' title='bbox 274 2722 328 2752; x_wconf 77' lang='lat' dir='ltr'><strong>non</strong></span> <span class='ocrx_word' id='word_1_383' title='bbox 346 2723 405 2741; x_wconf 83' lang='lat' dir='ltr'><strong>esse</strong></span> <span class='ocrx_word' id='word_1_384' title='bbox 421 2715 572 2744; x_wconf 60' lang='lat' dir='ltr'><strong>Ilormisdtc</strong></span> <span class='ocrx_word' id='word_1_385' title='bbox 588 2718 702 2744; x_wconf 78' lang='lat' dir='ltr'><strong>Romani</strong></span> <span class='ocrx_word' id='word_1_386' title='bbox 719 2719 866 2752; x_wconf 76' lang='lat' dir='ltr'><strong>pontiﬁcis.</strong></span> <span class='ocrx_word' id='word_1_387' title='bbox 882 2714 929 2746; x_wconf 71' lang='lat' dir='ltr'><strong>sed</strong></span> <span class='ocrx_word' id='word_1_388' title='bbox 946 2719 980 2746; x_wconf 87' lang='lat' dir='ltr'><strong>ab</strong></span> 
     </span>
    </p>
   </div>
   <div class='ocr_carea' id='block_1_56' title="bbox 197 2749 982 2789">
    <p class='ocr_par' dir='ltr' id='par_1_56' title="bbox 197 2749 982 2789">
     <span class='ocr_line' id='line_1_56' title="bbox 197 2749 982 2789; baseline 0.008 -13"><span class='ocrx_word' id='word_1_389' title='bbox 197 2749 292 2789; x_wconf 69' lang='lat' dir='ltr'><strong>aliquo</strong></span> <span class='ocrx_word' id='word_1_390' title='bbox 303 2749 362 2789; x_wconf 65' lang='lat' dir='ltr'><strong>eius</strong></span> <span class='ocrx_word' id='word_1_391' title='bbox 376 2751 485 2789; x_wconf 76' lang='lat' dir='ltr'><strong>nomine</strong></span> <span class='ocrx_word' id='word_1_392' title='bbox 500 2749 762 2789; x_wconf 63' lang='lat' dir='ltr'><strong>ialso.supposita&#39;tn.</strong></span> <span class='ocrx_word' id='word_1_393' title='bbox 777 2755 810 2781; x_wconf 86' lang='lat' dir='ltr'><strong>At</strong></span> <span class='ocrx_word' id='word_1_394' title='bbox 824 2755 869 2789; x_wconf 83' lang='lat' dir='ltr'><strong>qui</strong></span> <span class='ocrx_word' id='word_1_395' title='bbox 886 2763 982 2782; x_wconf 83' lang='lat' dir='ltr'><strong>omnes</strong></span> 
     </span>
    </p>
   </div>
   <div class='ocr_carea' id='block_1_57' title="bbox 198 2783 982 2823">
    <p class='ocr_par' dir='ltr' id='par_1_57' title="bbox 198 2783 982 2823">
     <span class='ocr_line' id='line_1_57' title="bbox 198 2783 982 2823; baseline 0.009 -13"><span class='ocrx_word' id='word_1_396' title='bbox 198 2783 350 2823; x_wconf 68' lang='lat' dir='ltr'><strong>llormisdze</strong></span> <span class='ocrx_word' id='word_1_397' title='bbox 363 2786 492 2823; x_wconf 71' lang='lat' dir='ltr'><strong>epistolas</strong></span> <span class='ocrx_word' id='word_1_398' title='bbox 507 2787 532 2814; x_wconf 86' lang='lat' dir='ltr'><strong>in</strong></span> <span class='ocrx_word' id='word_1_399' title='bbox 550 2783 696 2815; x_wconf 53' lang='lat' dir='ltr'><strong>cattsa&#39;ista</strong></span> <span class='ocrx_word' id='word_1_400' title='bbox 711 2783 872 2823; x_wconf 65' lang='lat' dir='ltr'><strong>Scytharum</strong></span> <span class='ocrx_word' id='word_1_401' title='bbox 889 2799 982 2817; x_wconf 48' lang='lat' dir='ltr'><strong>tnona.</strong></span> 
     </span>
    </p>
   </div>
   <div class='ocr_carea' id='block_1_58' title="bbox 199 2818 982 2862">
    <p class='ocr_par' dir='ltr' id='par_1_58' title="bbox 199 2818 982 2862">
     <span class='ocr_line' id='line_1_58' title="bbox 199 2818 982 2862; baseline 0.006 -15"><span class='ocrx_word' id='word_1_402' title='bbox 199 2818 313 2848; x_wconf 71' lang='lat' dir='ltr'><strong>chorum</strong></span> <span class='ocrx_word' id='word_1_403' title='bbox 330 2818 400 2856; x_wconf 59' lang='lat' dir='ltr'><strong>(qufe</strong></span> <span class='ocrx_word' id='word_1_404' title='bbox 415 2822 550 2850; x_wconf 77' lang='lat' dir='ltr'><strong>habentur</strong></span> <span class='ocrx_word' id='word_1_405' title='bbox 564 2827 628 2850; x_wconf 85' lang='lat' dir='ltr'><strong>tom.</strong></span> <span class='ocrx_word' id='word_1_406' title='bbox 642 2823 652 2850; x_wconf 90' lang='lat' dir='ltr'><strong>l</strong></span> <span class='ocrx_word' id='word_1_407' title='bbox 668 2819 780 2858; x_wconf 75' lang='lat' dir='ltr'><strong>Epistol.</strong></span> <span class='ocrx_word' id='word_1_408' title='bbox 795 2825 904 2852; x_wconf 72' lang='lat' dir='ltr'><strong>llotlmtl.</strong></span> <span class='ocrx_word' id='word_1_409' title='bbox 918 2835 982 2862; x_wconf 68' lang='lat' dir='ltr'><strong>pon-</strong></span> 
     </span>
    </p>
   </div>
   <div class='ocr_carea' id='block_1_59' title="bbox 1028 1033 1818 1068">
    <p class='ocr_par' dir='ltr' id='par_1_59' title="bbox 1028 1033 1818 1068">
     <span class='ocr_line' id='line_1_59' title="bbox 1028 1033 1818 1068; baseline 0.003 -8"><span class='ocrx_word' id='word_1_410' title='bbox 1028 1033 1112 1060; x_wconf 89' lang='lat' dir='ltr'><strong>lantia</strong></span> <span class='ocrx_word' id='word_1_411' title='bbox 1130 1033 1202 1061; x_wconf 92' lang='lat' dir='ltr'><strong>odiis</strong></span> <span class='ocrx_word' id='word_1_412' title='bbox 1219 1033 1277 1061; x_wconf 88' lang='lat' dir='ltr'><strong>suis</strong></span> <span class='ocrx_word' id='word_1_413' title='bbox 1292 1041 1398 1060; x_wconf 88' lang='lat' dir='ltr'><strong>venena</strong></span> <span class='ocrx_word' id='word_1_414' title='bbox 1415 1033 1594 1068; x_wconf 87' lang='lat' dir='ltr'><strong>pertulimus,</strong></span> <span class='ocrx_word' id='word_1_415' title='bbox 1610 1033 1754 1062; x_wconf 81' lang='lat' dir='ltr'><strong>studentes</strong></span> <span class='ocrx_word' id='word_1_416' title='bbox 1769 1041 1818 1062; x_wconf 80' lang='lat' dir='ltr'><strong>eos</strong></span> 
     </span>
    </p>
   </div>
   <div class='ocr_carea' id='block_1_60' title="bbox 1029 1079 1818 1114">
    <p class='ocr_par' dir='ltr' id='par_1_60' title="bbox 1029 1079 1818 1114">
     <span class='ocr_line' id='line_1_60' title="bbox 1029 1079 1818 1114; baseline 0.001 -7"><span class='ocrx_word' id='word_1_417' title='bbox 1029 1079 1063 1107; x_wconf 82' lang='lat' dir='ltr'><strong>ab</strong></span> <span class='ocrx_word' id='word_1_418' title='bbox 1075 1080 1185 1107; x_wconf 86' lang='lat' dir='ltr'><strong>interno</strong></span> <span class='ocrx_word' id='word_1_419' title='bbox 1194 1080 1307 1107; x_wconf 89' lang='lat' dir='ltr'><strong>vulnere</strong></span> <span class='ocrx_word' id='word_1_420' title='bbox 1317 1079 1491 1107; x_wconf 84' lang='lat' dir='ltr'><strong>medicabilis</strong></span> <span class='ocrx_word' id='word_1_421' title='bbox 1501 1080 1639 1114; x_wconf 70' lang='lat' dir='ltr'><strong>patientiae</strong></span> <span class='ocrx_word' id='word_1_422' title='bbox 1649 1080 1818 1108; x_wconf 79' lang='lat' dir='ltr'><strong>moderatio-</strong></span> 
     </span>
    </p>
   </div>
   <div class='ocr_carea' id='block_1_61' title="bbox 1029 1125 1818 1162">
    <p class='ocr_par' dir='ltr' id='par_1_61' title="bbox 1029 1125 1818 1162">
     <span class='ocr_line' id='line_1_61' title="bbox 1029 1125 1818 1162; baseline 0.001 -9"><span class='ocrx_word' id='word_1_423' title='bbox 1029 1133 1064 1153; x_wconf 89' lang='lat' dir='ltr'><strong>ne</strong></span> <span class='ocrx_word' id='word_1_424' title='bbox 1086 1134 1185 1153; x_wconf 86' lang='lat' dir='ltr'><strong>sanare</strong></span> <span class='ocrx_word' id='word_1_425' title='bbox 1193 1146 1200 1158; x_wconf 87' lang='lat'><strong>,</strong></span> <span class='ocrx_word' id='word_1_426' title='bbox 1216 1126 1289 1153; x_wconf 90' lang='lat' dir='ltr'><strong>beati</strong></span> <span class='ocrx_word' id='word_1_427' title='bbox 1300 1125 1376 1153; x_wconf 83' lang='lat' dir='ltr'><strong>Pauli</strong></span> <span class='ocrx_word' id='word_1_428' title='bbox 1388 1125 1492 1152; x_wconf 89' lang='lat' dir='ltr'><strong>monita</strong></span> <span class='ocrx_word' id='word_1_429' title='bbox 1505 1134 1561 1152; x_wconf 87' lang='lat' dir='ltr'><strong>non</strong></span> <span class='ocrx_word' id='word_1_430' title='bbox 1573 1129 1699 1154; x_wconf 84' lang='lat' dir='ltr'><strong>tenentes</strong></span> <span class='ocrx_word' id='word_1_431' title='bbox 1709 1126 1818 1162; x_wconf 83' lang='lat' dir='ltr'><strong>[taeen-</strong></span> 
     </span>
    </p>
   </div>
   <div class='ocr_carea' id='block_1_62' title="bbox 1030 1171 1820 1208">
    <p class='ocr_par' dir='ltr' id='par_1_62' title="bbox 1030 1171 1820 1208">
     <span class='ocr_line' id='line_1_62' title="bbox 1030 1171 1820 1208; baseline -0.001 -8"><span class='ocrx_word' id='word_1_432' title='bbox 1030 1171 1082 1208; x_wconf 89' lang='lat' dir='ltr'><strong>tes]</strong></span> <span class='ocrx_word' id='word_1_433' title='bbox 1091 1171 1166 1199; x_wconf 80' lang='lat' dir='ltr'><strong>:Noli</strong></span> <span class='ocrx_word' id='word_1_434' title='bbox 1174 1172 1255 1198; x_wconf 80' lang='lat' dir='ltr'><strong>verbis</strong></span> <span class='ocrx_word' id='word_1_435' title='bbox 1264 1171 1436 1204; x_wconf 73' lang='lat' dir='ltr'><strong>contendere;</strong></span> <span class='ocrx_word' id='word_1_436' title='bbox 1445 1171 1479 1198; x_wconf 83' lang='lat' dir='ltr'><strong>ad</strong></span> <span class='ocrx_word' id='word_1_437' title='bbox 1490 1172 1555 1199; x_wconf 77' lang='lat' dir='ltr'><strong>nihil</strong></span> <span class='ocrx_word' id='word_1_438' title='bbox 1563 1173 1632 1199; x_wconf 84' lang='lat' dir='ltr'><strong>enim</strong></span> <span class='ocrx_word' id='word_1_439' title='bbox 1641 1172 1705 1200; x_wconf 76' lang='lat' dir='ltr'><strong>utile</strong></span> <span class='ocrx_word' id='word_1_440' title='bbox 1713 1176 1761 1204; x_wconf 77' lang='lat' dir='ltr'><strong>eu,</strong></span> <span class='ocrx_word' id='word_1_441' title='bbox 1769 1172 1820 1199; x_wconf 75' lang='lat' dir='ltr'><strong>nisi</strong></span> 
     </span>
    </p>
   </div>
   <div class='ocr_carea' id='block_1_63' title="bbox 1030 1217 1817 1252">
    <p class='ocr_par' dir='ltr' id='par_1_63' title="bbox 1030 1217 1817 1252">
     <span class='ocr_line' id='line_1_63' title="bbox 1030 1217 1817 1252; baseline 0.001 -7"><span class='ocrx_word' id='word_1_442' title='bbox 1030 1218 1065 1245; x_wconf 81' lang='lat' dir='ltr'><strong>ad</strong></span> <span class='ocrx_word' id='word_1_443' title='bbox 1084 1218 1277 1244; x_wconf 69' lang='lat' dir='ltr'><strong>sabuci-sionem</strong></span> <span class='ocrx_word' id='word_1_444' title='bbox 1297 1217 1503 1244; x_wconf 78' lang='lat' dir='ltr'><strong>audientium”.</strong></span> <span class='ocrx_word' id='word_1_445' title='bbox 1519 1217 1573 1245; x_wconf 89' lang='lat' dir='ltr'><strong>Sed</strong></span> <span class='ocrx_word' id='word_1_446' title='bbox 1595 1218 1706 1252; x_wconf 85' lang='lat' dir='ltr'><strong>quando</strong></span> <span class='ocrx_word' id='word_1_447' title='bbox 1739 1218 1817 1246; x_wconf 82' lang='lat' dir='ltr'><strong>virus</strong></span> 
     </span>
    </p>
   </div>
   <div class='ocr_carea' id='block_1_64' title="bbox 1030 1263 1820 1299">
    <p class='ocr_par' dir='ltr' id='par_1_64' title="bbox 1030 1263 1820 1299">
     <span class='ocr_line' id='line_1_64' title="bbox 1030 1263 1820 1299; baseline -0.001 -8"><span class='ocrx_word' id='word_1_448' title='bbox 1030 1264 1104 1299; x_wconf 90' lang='lat' dir='ltr'><strong>quod</strong></span> <span class='ocrx_word' id='word_1_449' title='bbox 1129 1264 1234 1291; x_wconf 86' lang='lat' dir='ltr'><strong>viscera</strong></span> <span class='ocrx_word' id='word_1_450' title='bbox 1262 1263 1419 1298; x_wconf 89' lang='lat' dir='ltr'><strong>penetravit</strong></span> <span class='ocrx_word' id='word_1_451' title='bbox 1446 1263 1592 1290; x_wconf 88' lang='lat' dir='ltr'><strong>evellitur?</strong></span> <span class='ocrx_word' id='word_1_452' title='bbox 1607 1263 1718 1298; x_wconf 89' lang='lat' dir='ltr'><strong>quando</strong></span> <span class='ocrx_word' id='word_1_453' title='bbox 1735 1263 1820 1290; x_wconf 86' lang='lat' dir='ltr'><strong>corda</strong></span> 
     </span>
    </p>
   </div>
   <div class='ocr_carea' id='block_1_65' title="bbox 1030 1309 1821 1344">
    <p class='ocr_par' dir='ltr' id='par_1_65' title="bbox 1030 1309 1821 1344">
     <span class='ocr_line' id='line_1_65' title="bbox 1030 1309 1821 1344; baseline 0 -7"><span class='ocrx_word' id='word_1_454' title='bbox 1030 1310 1101 1337; x_wconf 87' lang='lat' dir='ltr'><strong>male</strong></span> <span class='ocrx_word' id='word_1_455' title='bbox 1116 1309 1169 1337; x_wconf 89' lang='lat' dir='ltr'><strong>sibi</strong></span> <span class='ocrx_word' id='word_1_456' title='bbox 1184 1309 1308 1342; x_wconf 83' lang='lat' dir='ltr'><strong>credula,</strong></span> <span class='ocrx_word' id='word_1_457' title='bbox 1321 1309 1449 1336; x_wconf 85' lang='lat' dir='ltr'><strong>veritatis</strong></span> <span class='ocrx_word' id='word_1_458' title='bbox 1463 1309 1656 1344; x_wconf 86' lang='lat' dir='ltr'><strong>obtemperant</strong></span> <span class='ocrx_word' id='word_1_459' title='bbox 1669 1309 1821 1337; x_wconf 78' lang='lat' dir='ltr'><strong>institutis?</strong></span> 
     </span>
    </p>
   </div>
   <div class='ocr_carea' id='block_1_66' title="bbox 1030 1353 1820 1391">
    <p class='ocr_par' dir='ltr' id='par_1_66' title="bbox 1030 1353 1820 1391">
     <span class='ocr_line' id='line_1_66' title="bbox 1030 1353 1820 1391; baseline 0 -8"><span class='ocrx_word' id='word_1_460' title='bbox 1030 1355 1141 1391; x_wconf 89' lang='lat' dir='ltr'><strong>quando</strong></span> <span class='ocrx_word' id='word_1_461' title='bbox 1163 1355 1254 1383; x_wconf 90' lang='lat' dir='ltr'><strong>induit</strong></span> <span class='ocrx_word' id='word_1_462' title='bbox 1268 1354 1433 1383; x_wconf 76' lang='lat' dir='ltr'><strong>obedientia:</strong></span> <span class='ocrx_word' id='word_1_463' title='bbox 1467 1353 1663 1389; x_wconf 87' lang='lat' dir='ltr'><strong>humilitatem,</strong></span> <span class='ocrx_word' id='word_1_464' title='bbox 1680 1355 1820 1390; x_wconf 89' lang='lat' dir='ltr'><strong>opinioni-</strong></span> 
     </span>
    </p>
   </div>
   <div class='ocr_carea' id='block_1_67' title="bbox 1031 1401 1821 1437">
    <p class='ocr_par' dir='ltr' id='par_1_67' title="bbox 1031 1401 1821 1437">
     <span class='ocr_line' id='line_1_67' title="bbox 1031 1401 1821 1437; baseline 0 -7"><span class='ocrx_word' id='word_1_465' title='bbox 1031 1402 1084 1430; x_wconf 86' lang='lat' dir='ltr'><strong>bus</strong></span> <span class='ocrx_word' id='word_1_466' title='bbox 1098 1403 1156 1430; x_wconf 91' lang='lat' dir='ltr'><strong>suis</strong></span> <span class='ocrx_word' id='word_1_467' title='bbox 1169 1403 1267 1430; x_wconf 84' lang='lat' dir='ltr'><strong>vallata</strong></span> <span class='ocrx_word' id='word_1_468' title='bbox 1281 1401 1543 1437; x_wconf 86' lang='lat' dir='ltr'><strong>superbia?quando</strong></span> <span class='ocrx_word' id='word_1_469' title='bbox 1559 1402 1739 1437; x_wconf 76' lang='lat' dir='ltr'><strong>acquiescant</strong></span> <span class='ocrx_word' id='word_1_470' title='bbox 1748 1403 1821 1437; x_wconf 83' lang='lat' dir='ltr'><strong>paci,</strong></span> 
     </span>
    </p>
   </div>
   <div class='ocr_carea' id='block_1_68' title="bbox 1031 1447 1820 1480">
    <p class='ocr_par' dir='ltr' id='par_1_68' title="bbox 1031 1447 1820 1480">
     <span class='ocr_line' id='line_1_68' title="bbox 1031 1447 1820 1480; baseline 0 -4"><span class='ocrx_word' id='word_1_471' title='bbox 1031 1448 1242 1477; x_wconf 85' lang='lat' dir='ltr'><strong>contentionum</strong></span> <span class='ocrx_word' id='word_1_472' title='bbox 1275 1447 1395 1475; x_wconf 90' lang='lat' dir='ltr'><strong>stimulis</strong></span> <span class='ocrx_word' id='word_1_473' title='bbox 1424 1448 1547 1480; x_wconf 85' lang='lat' dir='ltr'><strong>assueti,</strong></span> <span class='ocrx_word' id='word_1_474' title='bbox 1579 1448 1637 1475; x_wconf 89' lang='lat' dir='ltr'><strong>sola</strong></span> <span class='ocrx_word' id='word_1_475' title='bbox 1668 1449 1820 1476; x_wconf 80' lang='lat' dir='ltr'><strong>certamina</strong></span> 
     </span>
    </p>
   </div>
   <div class='ocr_carea' id='block_1_69' title="bbox 1032 1493 1825 1533">
    <p class='ocr_par' dir='ltr' id='par_1_69' title="bbox 1032 1493 1825 1533">
     <span class='ocr_line' id='line_1_69' title="bbox 1032 1493 1825 1533; baseline -0.003 -10"><span class='ocrx_word' id='word_1_476' title='bbox 1032 1499 1146 1523; x_wconf 87' lang='lat' dir='ltr'><strong>aventes</strong></span> <span class='ocrx_word' id='word_1_477' title='bbox 1153 1495 1187 1522; x_wconf 89' lang='lat' dir='ltr'><strong>de</strong></span> <span class='ocrx_word' id='word_1_478' title='bbox 1200 1494 1333 1529; x_wconf 82' lang='lat' dir='ltr'><strong>religione</strong></span> <span class='ocrx_word' id='word_1_479' title='bbox 1346 1498 1467 1528; x_wconf 81' lang='lat' dir='ltr'><strong>captare,</strong></span> <span class='ocrx_word' id='word_1_480' title='bbox 1480 1497 1508 1520; x_wconf 91' lang='lat' dir='ltr'><strong>et</strong></span> <span class='ocrx_word' id='word_1_481' title='bbox 1519 1493 1649 1522; x_wconf 83' lang='lat' dir='ltr'><strong>mandata</strong></span> <span class='ocrx_word' id='word_1_482' title='bbox 1662 1494 1825 1533; x_wconf 63' lang='lat' dir='ltr'><strong>negligere?</strong></span> 
     </span>
    </p>
   </div>
   <div class='ocr_carea' id='block_1_70' title="bbox 1031 1537 1821 1576">
    <p class='ocr_par' dir='ltr' id='par_1_70' title="bbox 1031 1537 1821 1576">
     <span class='ocr_line' id='line_1_70' title="bbox 1031 1537 1821 1576; baseline -0.001 -7"><span class='ocrx_word' id='word_1_483' title='bbox 1031 1542 1178 1576; x_wconf 84' lang='lat' dir='ltr'><strong>Nunquam</strong></span> <span class='ocrx_word' id='word_1_484' title='bbox 1205 1540 1279 1575; x_wconf 88' lang='lat' dir='ltr'><strong>apud</strong></span> <span class='ocrx_word' id='word_1_485' title='bbox 1305 1547 1353 1567; x_wconf 92' lang='lat' dir='ltr'><strong>eos</strong></span> <span class='ocrx_word' id='word_1_486' title='bbox 1382 1537 1504 1567; x_wconf 82' lang='lat' dir='ltr'><strong>cltaritas</strong></span> <span class='ocrx_word' id='word_1_487' title='bbox 1530 1548 1602 1567; x_wconf 90' lang='lat' dir='ltr'><strong>novo</strong></span> <span class='ocrx_word' id='word_1_488' title='bbox 1629 1540 1821 1572; x_wconf 82' lang='lat' dir='ltr'><strong>commendata</strong></span> 
     </span>
    </p>
   </div>
   <div class='ocr_carea' id='block_1_71' title="bbox 1032 1586 1823 1623">
    <p class='ocr_par' dir='ltr' id='par_1_71' title="bbox 1032 1586 1823 1623">
     <span class='ocr_line' id='line_1_71' title="bbox 1032 1586 1823 1623; baseline -0.004 -7"><span class='ocrx_word' id='word_1_489' title='bbox 1032 1592 1180 1623; x_wconf 70' lang='lat' dir='ltr'><strong>praecepto,</strong></span> <span class='ocrx_word' id='word_1_490' title='bbox 1192 1593 1331 1621; x_wconf 87' lang='lat' dir='ltr'><strong>nunquam</strong></span> <span class='ocrx_word' id='word_1_491' title='bbox 1345 1593 1397 1620; x_wconf 80' lang='lat' dir='ltr'><strong>pax</strong></span> <span class='ocrx_word' id='word_1_492' title='bbox 1407 1586 1551 1614; x_wconf 89' lang='lat' dir='ltr'><strong>Dominico</strong></span> <span class='ocrx_word' id='word_1_493' title='bbox 1564 1586 1659 1614; x_wconf 86' lang='lat' dir='ltr'><strong>relicta</strong></span> <span class='ocrx_word' id='word_1_494' title='bbox 1674 1586 1797 1614; x_wconf 90' lang='lat' dir='ltr'><strong>discessu</strong></span> <span class='ocrx_word' id='word_1_495' title='bbox 1810 1595 1823 1619; x_wconf 79' lang='lat'><strong>;</strong></span> 
     </span>
    </p>
   </div>
   <div class='ocr_carea' id='block_1_72' title="bbox 1033 1632 1853 1669">
    <p class='ocr_par' dir='ltr' id='par_1_72' title="bbox 1033 1632 1853 1669">
     <span class='ocr_line' id='line_1_72' title="bbox 1033 1632 1853 1669; baseline -0.001 -8"><span class='ocrx_word' id='word_1_496' title='bbox 1033 1642 1087 1661; x_wconf 85' lang='lat' dir='ltr'><strong>una</strong></span> <span class='ocrx_word' id='word_1_497' title='bbox 1108 1633 1258 1669; x_wconf 84' lang='lat' dir='ltr'><strong>pertinacis</strong></span> <span class='ocrx_word' id='word_1_498' title='bbox 1278 1639 1344 1659; x_wconf 89' lang='lat' dir='ltr'><strong>cura</strong></span> <span class='ocrx_word' id='word_1_499' title='bbox 1364 1632 1500 1666; x_wconf 85' lang='lat' dir='ltr'><strong>propositi</strong></span> <span class='ocrx_word' id='word_1_500' title='bbox 1521 1633 1620 1660; x_wconf 86' lang='lat' dir='ltr'><strong>rationi</strong></span> <span class='ocrx_word' id='word_1_501' title='bbox 1642 1633 1712 1660; x_wconf 87' lang='lat' dir='ltr'><strong>velle</strong></span> <span class='ocrx_word' id='word_1_502' title='bbox 1733 1633 1821 1668; x_wconf 87' lang='lat' dir='ltr'><strong>impe-</strong></span> <span class='ocrx_word' id='word_1_503' title='bbox 1849 1659 1853 1663; x_wconf 84' lang='grc'><em>,</em></span> 
     </span>
    </p>
   </div>
   <div class='ocr_carea' id='block_1_73' title="bbox 1029 1678 1821 1713">
    <p class='ocr_par' dir='ltr' id='par_1_73' title="bbox 1029 1678 1821 1713">
     <span class='ocr_line' id='line_1_73' title="bbox 1029 1678 1821 1713; baseline -0.003 -6"><span class='ocrx_word' id='word_1_504' title='bbox 1029 1687 1100 1711; x_wconf 87' lang='lat' dir='ltr'><strong>rare,</strong></span> <span class='ocrx_word' id='word_1_505' title='bbox 1111 1687 1165 1706; x_wconf 91' lang='lat' dir='ltr'><strong>non</strong></span> <span class='ocrx_word' id='word_1_506' title='bbox 1178 1678 1301 1705; x_wconf 88' lang='lat' dir='ltr'><strong>credere.</strong></span> <span class='ocrx_word' id='word_1_507' title='bbox 1312 1678 1525 1713; x_wconf 76' lang='lat' dir='ltr'><strong>Contemptores</strong></span> <span class='ocrx_word' id='word_1_508' title='bbox 1537 1678 1733 1705; x_wconf 86' lang='lat' dir='ltr'><strong>auctoritatum</strong></span> <span class='ocrx_word' id='word_1_509' title='bbox 1743 1683 1821 1706; x_wconf 85' lang='lat' dir='ltr'><strong>vete-</strong></span> 
     </span>
    </p>
   </div>
   <div class='ocr_carea' id='block_1_74' title="bbox 1029 1722 1821 1759">
    <p class='ocr_par' dir='ltr' id='par_1_74' title="bbox 1029 1722 1821 1759">
     <span class='ocr_line' id='line_1_74' title="bbox 1029 1722 1821 1759; baseline 0 -7"><span class='ocrx_word' id='word_1_510' title='bbox 1029 1733 1101 1757; x_wconf 88' lang='lat' dir='ltr'><strong>rum,</strong></span> <span class='ocrx_word' id='word_1_511' title='bbox 1116 1722 1250 1752; x_wconf 72' lang='lat' dir='ltr'><strong>no&#39;varum</strong></span> <span class='ocrx_word' id='word_1_512' title='bbox 1268 1724 1363 1759; x_wconf 88' lang='lat' dir='ltr'><strong>cupidi</strong></span> <span class='ocrx_word' id='word_1_513' title='bbox 1379 1724 1575 1759; x_wconf 64' lang='lat' dir='ltr'><strong>quiestionum,</strong></span> <span class='ocrx_word' id='word_1_514' title='bbox 1590 1725 1675 1751; x_wconf 78' lang='lat' dir='ltr'><strong>solata</strong></span> <span class='ocrx_word' id='word_1_515' title='bbox 1692 1729 1821 1759; x_wconf 83' lang='lat' dir='ltr'><strong>putantes</strong></span> 
     </span>
    </p>
   </div>
   <div class='ocr_carea' id='block_1_75' title="bbox 1028 1771 1821 1806">
    <p class='ocr_par' dir='ltr' id='par_1_75' title="bbox 1028 1771 1821 1806">
     <span class='ocr_line' id='line_1_75' title="bbox 1028 1771 1821 1806; baseline -0.001 -7"><span class='ocrx_word' id='word_1_516' title='bbox 1028 1772 1152 1800; x_wconf 65' lang='lat' dir='ltr'><strong>scientia:</strong></span> <span class='ocrx_word' id='word_1_517' title='bbox 1164 1776 1266 1798; x_wconf 82' lang='lat' dir='ltr'><strong>rectam</strong></span> <span class='ocrx_word' id='word_1_518' title='bbox 1290 1771 1373 1803; x_wconf 86' lang='lat' dir='ltr'><strong>viam,</strong></span> <span class='ocrx_word' id='word_1_519' title='bbox 1383 1771 1506 1806; x_wconf 85' lang='lat' dir='ltr'><strong>qualibet</strong></span> <span class='ocrx_word' id='word_1_520' title='bbox 1517 1776 1676 1806; x_wconf 87' lang='lat' dir='ltr'><strong>conceptam</strong></span> <span class='ocrx_word' id='word_1_521' title='bbox 1689 1772 1821 1799; x_wconf 76' lang='lat' dir='ltr'><strong>facilitate</strong></span> 
     </span>
    </p>
   </div>
   <div class='ocr_carea' id='block_1_76' title="bbox 1029 1818 1821 1853">
    <p class='ocr_par' dir='ltr' id='par_1_76' title="bbox 1029 1818 1821 1853">
     <span class='ocr_line' id='line_1_76' title="bbox 1029 1818 1821 1853; baseline -0.001 -8"><span class='ocrx_word' id='word_1_522' title='bbox 1029 1818 1210 1851; x_wconf 84' lang='lat' dir='ltr'><strong>sententiam;</strong></span> <span class='ocrx_word' id='word_1_523' title='bbox 1224 1825 1346 1853; x_wconf 87' lang='lat' dir='ltr'><strong>eousque</strong></span> <span class='ocrx_word' id='word_1_524' title='bbox 1363 1818 1479 1846; x_wconf 86' lang='lat' dir='ltr'><strong>tumoris</strong></span> <span class='ocrx_word' id='word_1_525' title='bbox 1496 1818 1570 1851; x_wconf 85' lang='lat' dir='ltr'><strong>elati,</strong></span> <span class='ocrx_word' id='word_1_526' title='bbox 1580 1822 1609 1844; x_wconf 92' lang='lat' dir='ltr'><strong>ut</strong></span> <span class='ocrx_word' id='word_1_527' title='bbox 1622 1818 1659 1845; x_wconf 81' lang='lat' dir='ltr'><strong>‘ad</strong></span> <span class='ocrx_word' id='word_1_528' title='bbox 1675 1818 1821 1845; x_wconf 88' lang='lat' dir='ltr'><strong>arbitrium</strong></span> 
     </span>
    </p>
   </div>
   <div class='ocr_carea' id='block_1_77' title="bbox 1029 1865 1821 1900">
    <p class='ocr_par' dir='ltr' id='par_1_77' title="bbox 1029 1865 1821 1900">
     <span class='ocr_line' id='line_1_77' title="bbox 1029 1865 1821 1900; baseline 0 -8"><span class='ocrx_word' id='word_1_529' title='bbox 1029 1873 1109 1892; x_wconf 86' lang='lat' dir='ltr'><strong>suum</strong></span> <span class='ocrx_word' id='word_1_530' title='bbox 1136 1866 1282 1900; x_wconf 90' lang='lat' dir='ltr'><strong>utriusque</strong></span> <span class='ocrx_word' id='word_1_531' title='bbox 1311 1865 1388 1893; x_wconf 89' lang='lat' dir='ltr'><strong>orbis</strong></span> <span class='ocrx_word' id='word_1_532' title='bbox 1418 1869 1518 1900; x_wconf 86' lang='lat' dir='ltr'><strong>putent</strong></span> <span class='ocrx_word' id='word_1_533' title='bbox 1544 1865 1732 1893; x_wconf 77' lang='lat' dir='ltr'><strong>inclinandum</strong></span> <span class='ocrx_word' id='word_1_534' title='bbox 1758 1872 1821 1892; x_wconf 84' lang='lat' dir='ltr'><strong>esse</strong></span> 
     </span>
    </p>
   </div>
   <div class='ocr_carea' id='block_1_78' title="bbox 1027 1911 1821 1946">
    <p class='ocr_par' dir='ltr' id='par_1_78' title="bbox 1027 1911 1821 1946">
     <span class='ocr_line' id='line_1_78' title="bbox 1027 1911 1821 1946; baseline 0 -8"><span class='ocrx_word' id='word_1_535' title='bbox 1027 1911 1180 1946; x_wconf 88' lang='lat' dir='ltr'><strong>judicium;</strong></span> <span class='ocrx_word' id='word_1_536' title='bbox 1196 1919 1248 1938; x_wconf 92' lang='lat' dir='ltr'><strong>nec</strong></span> <span class='ocrx_word' id='word_1_537' title='bbox 1267 1911 1294 1938; x_wconf 93' lang='lat' dir='ltr'><strong>iu</strong></span> <span class='ocrx_word' id='word_1_538' title='bbox 1314 1919 1432 1939; x_wconf 90' lang='lat' dir='ltr'><strong>numero</strong></span> <span class='ocrx_word' id='word_1_539' title='bbox 1449 1911 1571 1939; x_wconf 84' lang='lat' dir='ltr'><strong>ﬁdelium</strong></span> <span class='ocrx_word' id='word_1_540' title='bbox 1593 1911 1758 1946; x_wconf 88' lang='lat' dir='ltr'><strong>deputantes</strong></span> <span class='ocrx_word' id='word_1_541' title='bbox 1775 1919 1821 1938; x_wconf 86' lang='lat' dir='ltr'><strong>se-</strong></span> 
     </span>
    </p>
   </div>
   <div class='ocr_carea' id='block_1_79' title="bbox 1029 1956 1821 1992">
    <p class='ocr_par' dir='ltr' id='par_1_79' title="bbox 1029 1956 1821 1992">
     <span class='ocr_line' id='line_1_79' title="bbox 1029 1956 1821 1992; baseline 0 -9"><span class='ocrx_word' id='word_1_542' title='bbox 1029 1964 1143 1991; x_wconf 89' lang='lat' dir='ltr'><strong>quacem</strong></span> <span class='ocrx_word' id='word_1_543' title='bbox 1158 1956 1314 1984; x_wconf 90' lang='lat' dir='ltr'><strong>traditionis</strong></span> <span class='ocrx_word' id='word_1_544' title='bbox 1326 1962 1458 1992; x_wconf 71' lang='lat' dir='ltr'><strong>paternaz,</strong></span> <span class='ocrx_word' id='word_1_545' title='bbox 1470 1957 1492 1984; x_wconf 92' lang='lat' dir='ltr'><strong>si</strong></span> <span class='ocrx_word' id='word_1_546' title='bbox 1506 1965 1561 1984; x_wconf 63' lang='lat' dir='ltr'><strong>sua:</strong></span> <span class='ocrx_word' id='word_1_547' title='bbox 1572 1956 1694 1984; x_wconf 86' lang='lat' dir='ltr'><strong>viderint</strong></span> <span class='ocrx_word' id='word_1_548' title='bbox 1706 1956 1821 1984; x_wconf 77' lang='lat' dir='ltr'><strong>credere</strong></span> 
     </span>
    </p>
   </div>
   <div class='ocr_carea' id='block_1_80' title="bbox 1030 2003 1820 2036">
    <p class='ocr_par' dir='ltr' id='par_1_80' title="bbox 1030 2003 1820 2036">
     <span class='ocr_line' id='line_1_80' title="bbox 1030 2003 1820 2036; baseline 0.001 -6"><span class='ocrx_word' id='word_1_549' title='bbox 1030 2003 1104 2030; x_wconf 86' lang='lat' dir='ltr'><strong>nolle</strong></span> <span class='ocrx_word' id='word_1_550' title='bbox 1123 2004 1284 2036; x_wconf 55' lang='lat' dir='ltr'><strong>sententia;</strong></span> <span class='ocrx_word' id='word_1_551' title='bbox 1300 2003 1375 2031; x_wconf 82' lang='lat' dir='ltr'><strong>docti</strong></span> <span class='ocrx_word' id='word_1_552' title='bbox 1387 2003 1505 2030; x_wconf 86' lang='lat' dir='ltr'><strong>crimina</strong></span> <span class='ocrx_word' id='word_1_553' title='bbox 1524 2011 1627 2035; x_wconf 87' lang='lat' dir='ltr'><strong>serere,</strong></span> <span class='ocrx_word' id='word_1_554' title='bbox 1640 2003 1820 2031; x_wconf 89' lang='lat' dir='ltr'><strong>obtrectatio-</strong></span> 
     </span>
    </p>
   </div>
   <div class='ocr_carea' id='block_1_81' title="bbox 1030 2049 1822 2085">
    <p class='ocr_par' dir='ltr' id='par_1_81' title="bbox 1030 2049 1822 2085">
     <span class='ocr_line' id='line_1_81' title="bbox 1030 2049 1822 2085; baseline 0.001 -9"><span class='ocrx_word' id='word_1_555' title='bbox 1030 2057 1096 2076; x_wconf 90' lang='lat' dir='ltr'><strong>num</strong></span> <span class='ocrx_word' id='word_1_556' title='bbox 1111 2057 1217 2077; x_wconf 86' lang='lat' dir='ltr'><strong>venena</strong></span> <span class='ocrx_word' id='word_1_557' title='bbox 1233 2058 1409 2085; x_wconf 86' lang='lat' dir='ltr'><strong>componere,</strong></span> <span class='ocrx_word' id='word_1_558' title='bbox 1425 2050 1563 2085; x_wconf 74' lang='lat' dir='ltr'><strong>integrum</strong></span> <span class='ocrx_word' id='word_1_559' title='bbox 1578 2049 1707 2077; x_wconf 66' lang='lat' dir='ltr'><strong>Ecclesia:</strong></span> <span class='ocrx_word' id='word_1_560' title='bbox 1721 2057 1822 2084; x_wconf 81' lang='lat' dir='ltr'><strong>corpus</strong></span> 
     </span>
    </p>
   </div>
   <div class='ocr_carea' id='block_1_82' title="bbox 1029 2095 1823 2127">
    <p class='ocr_par' dir='ltr' id='par_1_82' title="bbox 1029 2095 1823 2127">
     <span class='ocr_line' id='line_1_82' title="bbox 1029 2095 1823 2127; baseline 0.001 -6"><span class='ocrx_word' id='word_1_561' title='bbox 1029 2095 1138 2126; x_wconf 88' lang='lat' dir='ltr'><strong>odisse,</strong></span> <span class='ocrx_word' id='word_1_562' title='bbox 1157 2095 1308 2122; x_wconf 83' lang='lat' dir='ltr'><strong>seditiones</strong></span> <span class='ocrx_word' id='word_1_563' title='bbox 1331 2099 1456 2127; x_wconf 88' lang='lat' dir='ltr'><strong>struere,</strong></span> <span class='ocrx_word' id='word_1_564' title='bbox 1474 2095 1606 2122; x_wconf 88' lang='lat' dir='ltr'><strong>invidiam</strong></span> <span class='ocrx_word' id='word_1_565' title='bbox 1630 2096 1780 2127; x_wconf 79' lang='lat' dir='ltr'><strong>concitare,</strong></span> <span class='ocrx_word' id='word_1_566' title='bbox 1793 2100 1823 2122; x_wconf 81' lang='lat' dir='ltr'><strong>et</strong></span> 
     </span>
    </p>
   </div>
   <div class='ocr_carea' id='block_1_83' title="bbox 1030 2141 1822 2176">
    <p class='ocr_par' dir='ltr' id='par_1_83' title="bbox 1030 2141 1822 2176">
     <span class='ocr_line' id='line_1_83' title="bbox 1030 2141 1822 2176; baseline 0 -8"><span class='ocrx_word' id='word_1_567' title='bbox 1030 2149 1079 2176; x_wconf 91' lang='lat' dir='ltr'><strong>pro</strong></span> <span class='ocrx_word' id='word_1_568' title='bbox 1095 2141 1252 2168; x_wconf 86' lang='lat' dir='ltr'><strong>obcdientia</strong></span> <span class='ocrx_word' id='word_1_569' title='bbox 1267 2141 1339 2176; x_wconf 64' lang='lat' dir='ltr'><strong>(qua:</strong></span> <span class='ocrx_word' id='word_1_570' title='bbox 1353 2143 1380 2168; x_wconf 89' lang='lat' dir='ltr'><strong>in</strong></span> <span class='ocrx_word' id='word_1_571' title='bbox 1395 2141 1529 2168; x_wconf 62' lang='lat' dir='ltr'><strong>coenobiis</strong></span> <span class='ocrx_word' id='word_1_572' title='bbox 1542 2141 1726 2176; x_wconf 88' lang='lat' dir='ltr'><strong>principatum</strong></span> <span class='ocrx_word' id='word_1_573' title='bbox 1740 2149 1822 2176; x_wconf 80' lang='lat' dir='ltr'><strong>regu-</strong></span> 
     </span>
    </p>
   </div>
   <div class='ocr_carea' id='block_1_84' title="bbox 1030 2185 1822 2222">
    <p class='ocr_par' dir='ltr' id='par_1_84' title="bbox 1030 2185 1822 2222">
     <span class='ocr_line' id='line_1_84' title="bbox 1030 2185 1822 2222; baseline -0.001 -9"><span class='ocrx_word' id='word_1_574' title='bbox 1030 2186 1097 2213; x_wconf 83' lang='lat' dir='ltr'><strong>laris</strong></span> <span class='ocrx_word' id='word_1_575' title='bbox 1117 2187 1226 2214; x_wconf 86' lang='lat' dir='ltr'><strong>obtinet</strong></span> <span class='ocrx_word' id='word_1_576' title='bbox 1245 2186 1412 2222; x_wconf 70' lang='lat' dir='ltr'><strong>(liseiplinae)</strong></span> <span class='ocrx_word' id='word_1_577' title='bbox 1434 2186 1649 2213; x_wconf 80' lang='lat' dir='ltr'><strong>obstinationem</strong></span> <span class='ocrx_word' id='word_1_578' title='bbox 1672 2185 1822 2220; x_wconf 78' lang='lat' dir='ltr'><strong>pertinacis</strong></span> 
     </span>
    </p>
   </div>
   <div class='ocr_carea' id='block_1_85' title="bbox 1031 2232 1822 2267">
    <p class='ocr_par' dir='ltr' id='par_1_85' title="bbox 1031 2232 1822 2267">
     <span class='ocr_line' id='line_1_85' title="bbox 1031 2232 1822 2267; baseline -0.003 -7"><span class='ocrx_word' id='word_1_579' title='bbox 1031 2241 1125 2260; x_wconf 82' lang='lat' dir='ltr'><strong>amare</strong></span> <span class='ocrx_word' id='word_1_580' title='bbox 1146 2233 1292 2267; x_wconf 64' lang='lat' dir='ltr'><strong>superbiae.</strong></span> <span class='ocrx_word' id='word_1_581' title='bbox 1307 2233 1367 2260; x_wconf 73' lang='lat' dir='ltr'><strong>Non</strong></span> <span class='ocrx_word' id='word_1_582' title='bbox 1380 2233 1450 2260; x_wconf 89' lang='lat' dir='ltr'><strong>illos</strong></span> <span class='ocrx_word' id='word_1_583' title='bbox 1467 2232 1608 2267; x_wconf 88' lang='lat' dir='ltr'><strong>potuimus</strong></span> <span class='ocrx_word' id='word_1_584' title='bbox 1625 2232 1749 2263; x_wconf 85' lang='lat' dir='ltr'><strong>monitis,</strong></span> <span class='ocrx_word' id='word_1_585' title='bbox 1766 2239 1822 2258; x_wconf 90' lang='lat' dir='ltr'><strong>non</strong></span> 
     </span>
    </p>
   </div>
   <div class='ocr_carea' id='block_1_86' title="bbox 1032 2278 1821 2313">
    <p class='ocr_par' dir='ltr' id='par_1_86' title="bbox 1032 2278 1821 2313">
     <span class='ocr_line' id='line_1_86' title="bbox 1032 2278 1821 2313; baseline -0.003 -7"><span class='ocrx_word' id='word_1_586' title='bbox 1032 2279 1260 2312; x_wconf 83' lang='lat' dir='ltr'><strong>mansuetudine,</strong></span> <span class='ocrx_word' id='word_1_587' title='bbox 1286 2287 1341 2306; x_wconf 90' lang='lat' dir='ltr'><strong>non</strong></span> <span class='ocrx_word' id='word_1_588' title='bbox 1376 2279 1540 2306; x_wconf 88' lang='lat' dir='ltr'><strong>auctoritate</strong></span> <span class='ocrx_word' id='word_1_589' title='bbox 1571 2279 1763 2313; x_wconf 87' lang='lat' dir='ltr'><strong>comprimere.</strong></span> <span class='ocrx_word' id='word_1_590' title='bbox 1791 2278 1821 2305; x_wconf 80' lang='lat' dir='ltr'><strong>in</strong></span> 
     </span>
    </p>
   </div>
   <div class='ocr_carea' id='block_1_87' title="bbox 997 2323 1821 2369">
    <p class='ocr_par' dir='ltr' id='par_1_87' title="bbox 997 2323 1821 2369">
     <span class='ocr_line' id='line_1_87' title="bbox 997 2323 1821 2369; baseline -0.002 -17"><span class='ocrx_word' id='word_1_591' title='bbox 997 2325 1174 2369; x_wconf 73' lang='lat' dir='ltr'><strong>Dpublieum</strong></span> <span class='ocrx_word' id='word_1_592' title='bbox 1203 2333 1291 2360; x_wconf 87' lang='lat' dir='ltr'><strong>usque</strong></span> <span class='ocrx_word' id='word_1_593' title='bbox 1424 2325 1553 2360; x_wconf 88' lang='lat' dir='ltr'><strong>prodiere</strong></span> <span class='ocrx_word' id='word_1_594' title='bbox 1579 2329 1763 2354; x_wconf 80' lang='lat' dir='ltr'><strong>conventum,</strong></span> <span class='ocrx_word' id='word_1_595' title='bbox 1787 2323 1821 2350; x_wconf 84' lang='lat' dir='ltr'><strong>ad</strong></span> 
     </span>
    </p>
   </div>
   <div class='ocr_carea' id='block_1_88' title="bbox 1034 2371 1822 2405">
    <p class='ocr_par' dir='ltr' id='par_1_88' title="bbox 1034 2371 1822 2405">
     <span class='ocr_line' id='line_1_88' title="bbox 1034 2371 1822 2405; baseline -0.001 -8"><span class='ocrx_word' id='word_1_596' title='bbox 1034 2371 1243 2398; x_wconf 80' lang='lat' dir='ltr'><strong>eoneussiouem</strong></span> <span class='ocrx_word' id='word_1_597' title='bbox 1269 2371 1370 2405; x_wconf 88' lang='lat' dir='ltr'><strong>quietis</strong></span> <span class='ocrx_word' id='word_1_598' title='bbox 1394 2371 1467 2398; x_wconf 85' lang='lat' dir='ltr'><strong>circa</strong></span> <span class='ocrx_word' id='word_1_599' title='bbox 1492 2378 1586 2405; x_wconf 77' lang='lat' dir='ltr'><strong>regum</strong></span> <span class='ocrx_word' id='word_1_600' title='bbox 1611 2371 1692 2397; x_wconf 85' lang='lat' dir='ltr'><strong>etiam</strong></span> <span class='ocrx_word' id='word_1_601' title='bbox 1718 2374 1822 2396; x_wconf 80' lang='lat' dir='ltr'><strong>statuas</strong></span> 
     </span>
    </p>
   </div>
   <div class='ocr_carea' id='block_1_89' title="bbox 1035 2415 1822 2452">
    <p class='ocr_par' dir='ltr' id='par_1_89' title="bbox 1035 2415 1822 2452">
     <span class='ocr_line' id='line_1_89' title="bbox 1035 2415 1822 2452; baseline -0.003 -9"><span class='ocrx_word' id='word_1_602' title='bbox 1035 2417 1227 2448; x_wconf 82' lang='lat' dir='ltr'><strong>iuelamantes,</strong></span> <span class='ocrx_word' id='word_1_603' title='bbox 1245 2421 1271 2443; x_wconf 84' lang='lat' dir='ltr'><strong>et</strong></span> <span class='ocrx_word' id='word_1_604' title='bbox 1289 2416 1341 2443; x_wconf 83' lang='lat' dir='ltr'><strong>nisi</strong></span> <span class='ocrx_word' id='word_1_605' title='bbox 1359 2416 1446 2444; x_wconf 83' lang='lat' dir='ltr'><strong>ﬁdelis</strong></span> <span class='ocrx_word' id='word_1_606' title='bbox 1462 2418 1557 2452; x_wconf 89' lang='lat' dir='ltr'><strong>populi</strong></span> <span class='ocrx_word' id='word_1_607' title='bbox 1572 2416 1725 2444; x_wconf 75' lang='lat' dir='ltr'><strong>constant&#39;a</strong></span> <span class='ocrx_word' id='word_1_608' title='bbox 1741 2415 1822 2442; x_wconf 81' lang='lat' dir='ltr'><strong>resti-</strong></span> 
     </span>
    </p>
   </div>
   <div class='ocr_carea' id='block_1_90' title="bbox 1035 2461 1822 2496">
    <p class='ocr_par' dir='ltr' id='par_1_90' title="bbox 1035 2461 1822 2496">
     <span class='ocr_line' id='line_1_90' title="bbox 1035 2461 1822 2496; baseline -0.003 -7"><span class='ocrx_word' id='word_1_609' title='bbox 1035 2462 1128 2491; x_wconf 77' lang='lat' dir='ltr'><strong>tisset.</strong></span> <span class='ocrx_word' id='word_1_610' title='bbox 1144 2470 1193 2496; x_wconf 80' lang='lat' dir='ltr'><strong>per</strong></span> <span class='ocrx_word' id='word_1_611' title='bbox 1208 2461 1351 2489; x_wconf 64' lang='lat' dir='ltr'><strong>diabolicae</strong></span> <span class='ocrx_word' id='word_1_612' title='bbox 1368 2462 1474 2490; x_wconf 86' lang='lat' dir='ltr'><strong>semina</strong></span> <span class='ocrx_word' id='word_1_613' title='bbox 1490 2462 1607 2490; x_wconf 76' lang='lat' dir='ltr'><strong>nefanda</strong></span> <span class='ocrx_word' id='word_1_614' title='bbox 1624 2461 1736 2488; x_wconf 68' lang='lat' dir='ltr'><strong>zizanize</strong></span> <span class='ocrx_word' id='word_1_615' title='bbox 1752 2461 1822 2495; x_wconf 83' lang='lat' dir='ltr'><strong>apud</strong></span> 
     </span>
    </p>
   </div>
   <div class='ocr_carea' id='block_1_91' title="bbox 1034 2507 1826 2542">
    <p class='ocr_par' dir='ltr' id='par_1_91' title="bbox 1034 2507 1826 2542">
     <span class='ocr_line' id='line_1_91' title="bbox 1034 2507 1826 2542; baseline -0.001 -8"><span class='ocrx_word' id='word_1_616' title='bbox 1034 2508 1096 2535; x_wconf 87' lang='lat' dir='ltr'><strong>illos</strong></span> <span class='ocrx_word' id='word_1_617' title='bbox 1109 2507 1310 2535; x_wconf 85' lang='lat' dir='ltr'><strong>dissensionem</strong></span> <span class='ocrx_word' id='word_1_618' title='bbox 1322 2513 1350 2536; x_wconf 88' lang='lat' dir='ltr'><strong>et</strong></span> <span class='ocrx_word' id='word_1_619' title='bbox 1360 2508 1527 2536; x_wconf 86' lang='lat' dir='ltr'><strong>discordiam</strong></span> <span class='ocrx_word' id='word_1_620' title='bbox 1542 2508 1764 2538; x_wconf 84' lang='lat' dir='ltr'><strong>commovissem,</strong></span> <span class='ocrx_word' id='word_1_621' title='bbox 1775 2514 1826 2542; x_wconf 86' lang='lat' dir='ltr'><strong>per</strong></span> 
     </span>
    </p>
   </div>
   <div class='ocr_carea' id='block_1_92' title="bbox 1032 2648 1821 2685">
    <p class='ocr_par' dir='ltr' id='par_1_92' title="bbox 1032 2648 1821 2685">
     <span class='ocr_line' id='line_1_92' title="bbox 1032 2648 1821 2685; baseline -0.008 -10"><span class='ocrx_word' id='word_1_622' title='bbox 1032 2648 1141 2684; x_wconf 75' lang='lat' dir='ltr'><strong>tiﬁtum)</strong></span> <span class='ocrx_word' id='word_1_623' title='bbox 1156 2649 1199 2676; x_wconf 85' lang='lat' dir='ltr'><strong>vel</strong></span> <span class='ocrx_word' id='word_1_624' title='bbox 1211 2649 1310 2676; x_wconf 88' lang='lat' dir='ltr'><strong>leviter</strong></span> <span class='ocrx_word' id='word_1_625' title='bbox 1320 2648 1470 2683; x_wconf 79' lang='lat' dir='ltr'><strong>legeril,ex</strong></span> <span class='ocrx_word' id='word_1_626' title='bbox 1484 2655 1554 2685; x_wconf 82' lang='lat' dir='ltr'><strong>nexu</strong></span> <span class='ocrx_word' id='word_1_627' title='bbox 1569 2654 1659 2673; x_wconf 80' lang='lat' dir='ltr'><strong>rerum</strong></span> <span class='ocrx_word' id='word_1_628' title='bbox 1673 2649 1821 2685; x_wconf 68' lang='lat' dir='ltr'><strong>gestarum.</strong></span> 
     </span>
    </p>
   </div>
   <div class='ocr_carea' id='block_1_93' title="bbox 1029 2683 1821 2720">
    <p class='ocr_par' dir='ltr' id='par_1_93' title="bbox 1029 2683 1821 2720">
     <span class='ocr_line' id='line_1_93' title="bbox 1029 2683 1821 2720; baseline -0.006 -9"><span class='ocrx_word' id='word_1_629' title='bbox 1029 2683 1151 2718; x_wconf 73' lang='lat' dir='ltr'><strong>cxstvlo,</strong></span> <span class='ocrx_word' id='word_1_630' title='bbox 1164 2692 1197 2711; x_wconf 79' lang='lat' dir='ltr'><strong>ex</strong></span> <span class='ocrx_word' id='word_1_631' title='bbox 1209 2683 1626 2720; x_wconf 19' lang='lat' dir='ltr'><strong>verborumsertitentiarumque</strong></span> <span class='ocrx_word' id='word_1_632' title='bbox 1641 2683 1821 2720; x_wconf 68' lang='lat' dir='ltr'><strong>prpprictatc,</strong></span> 
     </span>
    </p>
   </div>
   <div class='ocr_carea' id='block_1_94' title="bbox 1032 2714 1823 2754">
    <p class='ocr_par' dir='ltr' id='par_1_94' title="bbox 1032 2714 1823 2754">
     <span class='ocr_line' id='line_1_94' title="bbox 1032 2714 1823 2754; baseline -0.008 -9"><span class='ocrx_word' id='word_1_633' title='bbox 1032 2728 1064 2746; x_wconf 70' lang='lat' dir='ltr'><strong>ex</strong></span> <span class='ocrx_word' id='word_1_634' title='bbox 1081 2714 1149 2747; x_wconf 77' lang='lat' dir='ltr'><strong>aliis</strong></span> <span class='ocrx_word' id='word_1_635' title='bbox 1161 2719 1279 2754; x_wconf 87' lang='lat' dir='ltr'><strong>denique</strong></span> <span class='ocrx_word' id='word_1_636' title='bbox 1298 2718 1462 2746; x_wconf 87' lang='lat' dir='ltr'><strong>certissimis</strong></span> <span class='ocrx_word' id='word_1_637' title='bbox 1479 2714 1823 2754; x_wconf 48' lang='lat' dir='ltr'><strong>signis{manifestissime</strong></span> 
     </span>
    </p>
   </div>
   <div class='ocr_carea' id='block_1_95' title="bbox 1032 2749 1826 2790">
    <p class='ocr_par' dir='ltr' id='par_1_95' title="bbox 1032 2749 1826 2790">
     <span class='ocr_line' id='line_1_95' title="bbox 1032 2749 1826 2790; baseline -0.01 -8"><span class='ocrx_word' id='word_1_638' title='bbox 1032 2755 1104 2782; x_wconf 82' lang='lat' dir='ltr'><strong>hanc</strong></span> <span class='ocrx_word' id='word_1_639' title='bbox 1128 2749 1286 2790; x_wconf 66' lang='lat' dir='ltr'><strong>germanam</strong></span> <span class='ocrx_word' id='word_1_640' title='bbox 1307 2763 1339 2781; x_wconf 86' lang='lat' dir='ltr'><strong>ac.</strong></span> <span class='ocrx_word' id='word_1_641' title='bbox 1362 2749 1518 2790; x_wconf 64' lang='lat' dir='ltr'><strong>genuinani</strong></span> <span class='ocrx_word' id='word_1_642' title='bbox 1534 2751 1646 2790; x_wconf 51' lang='lat' dir='ltr'><strong>esses</strong></span> <span class='ocrx_word' id='word_1_643' title='bbox 1670 2749 1826 2790; x_wconf 50' lang='lat' dir='ltr'><strong>llurutisolie</strong></span> 
     </span>
    </p>
   </div>
   <div class='ocr_carea' id='block_1_96' title="bbox 1032 2785 1824 2824">
    <p class='ocr_par' dir='ltr' id='par_1_96' title="bbox 1032 2785 1824 2824">
     <span class='ocr_line' id='line_1_96' title="bbox 1032 2785 1824 2824; baseline -0.005 -9"><span class='ocrx_word' id='word_1_644' title='bbox 1032 2785 1175 2822; x_wconf 74' lang='lat' dir='ltr'><strong>epistolam</strong></span> <span class='ocrx_word' id='word_1_645' title='bbox 1197 2795 1335 2824; x_wconf 74' lang='lat' dir='ltr'><strong>agnoscet.</strong></span> <span class='ocrx_word' id='word_1_646' title='bbox 1351 2789 1430 2817; x_wconf 76' lang='lat' dir='ltr'><strong>(Vide</strong></span> <span class='ocrx_word' id='word_1_647' title='bbox 1453 2787 1575 2824; x_wconf 43' lang='grc' dir='ltr'><strong>[οιιιᾼᾚ</strong></span> <span class='ocrx_word' id='word_1_648' title='bbox 1595 2786 1692 2813; x_wconf 69' lang='lat' dir='ltr'><strong>Annal.</strong></span> <span class='ocrx_word' id='word_1_649' title='bbox 1719 2785 1824 2817; x_wconf 71' lang='lat' dir='ltr'><strong>ccrlrs.,</strong></span> 
     </span>
    </p>
   </div>
   <div class='ocr_carea' id='block_1_97' title="bbox 1033 2822 1649 2861">
    <p class='ocr_par' dir='ltr' id='par_1_97' title="bbox 1033 2822 1649 2861">
     <span class='ocr_line' id='line_1_97' title="bbox 1033 2822 1649 2861; baseline -0.008 -8"><span class='ocrx_word' id='word_1_650' title='bbox 1033 2826 1093 2858; x_wconf 71' lang='grc'><strong>5211,</strong></span> <span class='ocrx_word' id='word_1_651' title='bbox 1108 2834 1167 2861; x_wconf 81' lang='lat' dir='ltr'><strong>cap.</strong></span> <span class='ocrx_word' id='word_1_652' title='bbox 1180 2822 1279 2861; x_wconf 66' lang='lat' dir='ltr'><strong>‘22._l——</strong></span> <span class='ocrx_word' id='word_1_653' title='bbox 1297 2825 1334 2859; x_wconf 76' lang='lat' dir='ltr'><strong>tu)</strong></span> <span class='ocrx_word' id='word_1_654' title='bbox 1352 2824 1435 2851; x_wconf 80' lang='lat' dir='ltr'><strong>Labb.</strong></span> <span class='ocrx_word' id='word_1_655' title='bbox 1454 2822 1649 2858; x_wconf 59' lang='lat' dir='ltr'><strong>ilupt&#39;llt‘lrultu&#39;.</strong></span> 
     </span>
    </p>
   </div>
  </div>
