1953 3086
1437 87 1529 99 πήρη»
1546 100 1551 104 '

159 157 162 158 ,
194 131 229 163 95
835 123 992 156 IOANNIS
1022 123 1214 166 MAXENTIF
1417 167 1424 170 _
1490 111 1493 114 ’
1786 120 1821 153 I5

195 187 315 221 denique
327 193 375 214 eos
390 193 460 220 quos
478 184 511 212 ad
533 184 575 212 sui
592 183 696 212 erroris
714 182 835 211 dedecus
853 182 985 209 inclinare
1000 181 1023 209 A
1037 180 1071 206 ab
1089 181 1226 209 haereticis
1249 182 1322 215 ficta,
1344 181 1392 217 qui
1414 181 1448 208 ad
1464 179 1669 209 conturbandos
1698 177 1820 206 fidelium

195 233 383 268 nequiverint,
400 231 580 265 irreligiosos,
593 230 727 264 superbos
736 233 764 257 et
779 228 888 256 invidos
901 235 983 254 accu-

195 288 256 307 sare
272 287 326 307 non
339 282 466 306 metuunt
482 287 488 304 :
509 285 571 304 cum
582 276 640 303 haec
650 275 684 303 de
697 276 751 303 illis
768 275 861 310 potius
878 275 985 308 integro

195 329 223 352 et
238 332 302 352 vero
322 328 516 352 asseverentur
537 321 652 357 judicio,
676 321 722 355 qui
738 321 841 349 erroris
864 320 986 347 tenebris

196 370 378 403 delectantur,
398 377 453 396 non
465 369 499 396 de
515 368 569 394 illis
584 367 632 402 qui
645 367 707 394 fixis
722 366 922 401 permanentia
940 373 987 392 ve-

196 417 277 443 ritate
297 416 431 451 vestigiis.
448 416 515 443 Nam
533 423 595 443 cum
614 424 671 444 sute
694 412 882 449 perversitatis
898 413 986 439 luere-

197 461 244 488 tiei
256 460 432 494 nequiverint
457 460 575 488 reddere
602 460 756 491 rationem,
781 458 815 486 ad
841 457 987 485 maledicta

197 509 413 538 convertuntur,
435 510 463 533 et
484 506 596 541 propria
612 505 640 532 in
651 513 699 533 eos
715 504 786 532 mala
806 503 985 539 trajicientes,

197 559 268 587 quos
282 551 410 586 pravitati
432 559 488 579 suae
510 552 635 579 sentiunt
655 551 792 583 inimicos,
810 550 914 577 aditum
934 549 987 576 sibi

197 605 247 633 per
257 597 310 624 hoc
321 597 355 624 ad
371 597 551 632 decipiendus
567 597 707 632 simplices
720 597 857 624 aestimant
867 596 986 631 aperire.

198 641 290 676 Agunt
301 642 374 669 enim
393 643 484 670 omnia
497 642 596 670 callide
608 650 663 678 quo
679 642 836 669 infamando
849 646 877 669 et
893 642 988 669 obtre-

198 686 298 714 ctando
312 685 479 718 Catholicos,
506 695 583 714 suam
599 687 709 715 valeant
727 691 822 715 tenere
836 686 988 721 turpitudi-

198 739 272 764 nem,
289 731 423 767 fingentes
439 733 522 760 etiam
537 733 670 761 adversus
684 741 731 761 eos
745 731 869 768 quaedam
884 733 988 768 scripta

196 777 249 806 sub
268 785 365 805 eorum
391 778 503 806 nomine
532 779 578 813 qui
595 779 724 806 videntur
738 779 764 806 in
777 778 900 806 Ecclesia
918 778 988 805 emi-

197 831 275 856 nere,
291 827 428 859 quatenus
454 825 577 851 omnium
595 824 702 852 animos
719 829 814 852 contra
836 824 887 852 hos
908 823 988 851 facile

197 870 308 898 valeant
330 871 480 898 concitare.
505 870 694 906 Quapropter,
717 871 847 906 quoniam
861 870 985 905 qumdam

197 916 288 944 krtur
298 917 332 944 ab
345 917 465 945 inimicis
479 917 582 952 ubique
592 917 724 952 Epistola,
741 917 819 953 quasi
832 925 848 944 a
863 917 988 944 Romano

198 962 328 998 episcopo
347 962 493 996 destinata,
512 963 539 990 in
569 971 624 998 qua
642 963 729 991 multa
749 963 869 991 inaniter
890 966 987 989 contra

198 1008 362 1045 Scytharum
379 1009 529 1036 monachos
540 1008 644 1044 digesta
659 1009 846 1044 reperiuntur.
859 1015 987 1036 necessa-

199 1053 242 1081 rio
256 1053 429 1082 consideravi
444 1053 530 1089 ipsius
553 1053 682 1088 Epistolas
703 1053 785 1081 dictis
807 1053 986 1088 resp0ndere',

199 1099 368 1135 eosdemque
384 1101 536 1127 monachos
550 1100 673 1127 omnium
689 1099 847 1135 hujusmodi
861 1099 941 1134 culpa
952 1098 988 1125 li-
1005 1102 1008 1105 ‘

199 1146 282 1174 beros
304 1146 470 1182 approbare.
496 1146 552 1174 Nec
566 1154 609 1174 me
625 1146 742 1180 quilibet
756 1145 809 1173 rite
828 1145 929 1180 arguit,
953 1144 988 1171 ad

198 1191 378 1219 scribendum
404 1199 465 1226 pro-
477 1191 631 1219 eis.leviter
644 1191 817 1227 prosiluisse,
835 1199 897 1218 cum
919 1190 988 1217 sciat

198 1245 251 1265 nos
257 1237 396 1265 debitores
401 1245 462 1265 esse
472 1245 523 1272 pro
528 1237 661 1265 fratribus
667 1237 750 1265 etiam
759 1237 865 1263 animas
872 1243 986 1271 ponere.

234 1283 312 1312 Unde
326 1291 440 1311 securus
457 1284 514 1319 jam
536 1284 612 1311 hunc
624 1284 758 1315 laborem,
773 1283 830 1310 Deo
847 1289 891 1309 me
907 1281 987 1317 adju-

199 1331 281 1356 vante
294 1349 301 1361 ,
317 1329 491 1364 aggrediens,
507 1329 596 1364 primo
611 1329 726 1357 obsecro
746 1337 781 1356 an
812 1328 908 1356 eadem
924 1329 988 1364 Epi-

200 1371 271 1399 stula
286 1380 301 1399 a
320 1372 432 1400 Pastore
452 1373 592 1406 Ecclesiae,
609 1381 643 1400 an
662 1373 697 1400 sit
709 1373 801 1408 potius
814 1373 848 1401 ab
868 1373 988 1401 inimicis

200 1417 353 1453 videamus,
366 1420 529 1454 composita.
551 1420 666 1455 Ambigo
679 1420 752 1448 eiiim
777 1420 915 1455 quomodo
934 1420 988 1447 illa:

201 1463 387 1491 sacerdotales
408 1465 508 1492 litterae
530 1465 715 1500 approbanda:
737 1465 803 1498 sint,
828 1472 889 1500 quae
912 1465 987 1492 nulla

201 1508 263 1536 luce
284 1509 396 1537 radiant
409 1510 545 1542 veritatis,
564 1518 615 1537 nec
632 1510 751 1544 aliquam
768 1509 796 1537 in
811 1517 840 1537 se
854 1509 988 1536 doctrinae

201 1555 349 1583 continent
364 1556 511 1585 rationem.
537 1557 605 1584 Nam
619 1556 666 1591 qui
682 1556 833 1591 quemlibet
847 1555 926 1591 quasi
944 1563 990 1583 er-

202 1605 309 1628 rantem
326 1600 462 1636 objurgat,
486 1609 538 1628 nec
558 1601 674 1629 instruit
688 1601 753 1637 quid
775 1605 917 1636 sequatur,
935 1608 992 1630 non

203 1645 355 1673 benevolus
367 1646 466 1674 doctor
486 1646 655 1679 ostenditur,
680 1647 728 1674 sed
741 1647 936 1674 ineriminator
954 1646 995 1673 in-

198 1692 285 1720 vidus
306 1691 466 1720 denotatur.
484 1692 563 1720 Unde
587 1701 643 1720 non
661 1696 707 1720 est
727 1692 807 1720 facile
823 1692 992 1720 credendum

203 1737 276 1765 hanc
287 1745 347 1765 esse
363 1738 516 1773 Epistolam
540 1739 620 1774 cujus
643 1738 731 1766 fertur
744 1739 855 1766 nomine
873 1739 992 1770 titulata,

203 1783 356 1819 prmsertim
383 1791 446 1810 cum
473 1783 501 1810 in
516 1791 548 1810 ea
559 1783 638 1816 nihil,
655 1787 686 1810 ut
703 1783 824 1811 diximUS
838 1804 845 1816 ,
878 1783 995 1810 rationis

203 1833 251 1857 aut
261 1829 465 1863 consequentia:
477 1830 641 1864 reperiatur,
654 1829 702 1857 sed
721 1834 777 1857 tota
794 1829 994 1857 criminationi-

205 1876 257 1903 bus
268 1875 574 1911 obtreetationibusque
593 1877 670 1905 vanis
693 1876 764 1912 (qua:
776 1877 867 1904 solent
880 1884 913 1903 ex
931 1884 994 1903 ran-

204 1930 268 1949 core
276 1921 448 1949 adversantis
459 1922 610 1956 procedere
629 1923 730 1956 animi)
740 1923 867 1950 videatur
879 1922 991 1949 referta.

204 1967 272 1994 Nam
290 1967 311 1994 si
329 1967 370 2002 (ut
382 1968 503 1995 haeretici
519 1967 626 2004 volunt)
638 1977 703 1996 vere
715 1969 802 2004 ipsius
818 1973 871 2001 est,
887 1976 919 1995 ex
934 1968 994 2003 ipso

205 2015 248 2044 sui
266 2015 402 2050 principio
415 2017 528 2052 proprio
547 2017 652 2044 auctori
666 2017 804 2045 contraria
822 2017 933 2053 penitus
944 2025 993 2051 ap-

206 2064 439 2100 probat.Denique
453 2064 490 2090 ita
503 2064 617 2100 incipit:
631 2074 639 2089 ι
654 2064 730 2091 Sicut
743 2064 844 2091 rationi
870 2064 995 2099 congruit

205 2116 236 2138 ut
252 2110 398 2138 consulant
423 2110 604 2145 ambigentes,
629 2110 666 2137 ita
690 2118 739 2145 par
762 2114 804 2137 est
828 2109 994 2145 respondere

205 2157 363 2189 consultos,
387 2157 450 2192 quia
473 2157 531 2192 ipse
546 2156 660 2192 impellit
673 2157 699 2183 in
717 2164 852 2188 errorem,
876 2155 922 2191 qui
939 2163 993 2182 non

1033 227 1150 260 animos,
1167 233 1195 254 et
1213 227 1246 254 ad
1270 227 1496 255 commovendam
1513 229 1664 253 memorato
1678 225 1738 252 viro
1751 225 1822 252 invi-

1033 273 1117 305 diam,
1134 274 1219 308 ipsam
1232 274 1283 301 sub
1298 275 1357 309 ejus
1369 274 1480 302 nomine
1494 273 1631 300 titulatam
1642 271 1745 307 ubique
1758 278 1823 307 pro-

1033 319 1139 352 ferunt,
1169 325 1331 355 perpetuam
1352 321 1477 348 volentes
1502 319 1575 346 inter
1598 318 1736 346 Ecclesias
1759 321 1822 346 eSse

1034 363 1211 392 discordiam.
1233 365 1362 400 Alioquin
1387 365 1410 393 si
1436 365 1482 401 (ut
1510 364 1555 392 isti
1582 363 1738 397 afﬁrmant)
1765 362 1831 389 haec,

1035 409 1150 436 Romani
1162 410 1284 444 episcopi
1302 411 1409 445 scripta»
1421 410 1560 438 credenda
1575 414 1649 441 sunt,
1659 409 1748 444 qualis
1767 409 1823 443 jam

1035 455 1086 483 istc
1105 455 1141 484 sit
1152 456 1198 491 qui
1215 456 1251 483 ad
1259 456 1403 484 hmreticos
1414 457 1565 492 Epistolam
1582 455 1730 491 dirigit,.et
1744 454 1831 482 factis.

1036 502 1093 529 suis
1108 502 1244 530 contraria
1260 503 1382 530 scribere
1401 510 1456 530 non
1468 501 1661 533 confunditur,
1675 509 1729 528 non
1742 502 1796 536 jam
1809 508 1831 527 ιιι

1036 556 1080 576 me
1095 549 1157 576 volo
1173 554 1288 583 quaerat,
1299 549 1347 576 sed
1357 547 1582 584 propriojudicio
1601 547 1725 583 prudens
1739 546 1825 573 lector

1037 594 1181 630 intelligat.
1196 595 1263 622 Nam
1278 595 1312 627 si,
1327 600 1357 622 ut
1369 595 1446 627 dicit,
1461 595 1560 622 rationi
1574 595 1701 630 congruit
1712 601 1824 628 respon~

1038 640 1104 668 dere
1118 641 1270 674 consultos,
1285 649 1335 668 cur
1350 642 1411 676 ipse
1427 641 1586 668 nullatenus
1605 640 1743 675 acquievit
1759 640 1825 666 dare

1037 696 1204 723 responsum
1228 688 1436 724 interrogatus?
1473 687 1559 719 Unde,
1579 688 1655 723 juxta
1686 686 1826 721 propriam

1038 733 1239 767 definitionem,
1251 733 1308 768 ipse
1322 734 1480 768 ignorantes
1487 733 1596 768 plenius
1608 733 1749 768 impulisse
1763 739 1828 758 con-

1038 780 1160 807 vincitur
1175 780 1203 807 in
1219 788 1354 813 errorem,
1371 780 1418 815 qui
1429 780 1496 807 recti
1515 779 1635 807 tramitis
1653 779 1754 805 indicia
1767 778 1829 804 nul—

1039 827 1149 854 latenus
1160 826 1298 861 acquievit
1320 826 1528 861 requirentibus
1545 826 1744 857 demonstrare,
1764 831 1829 851 eos-

1041 880 1095 907 que
1108 880 1177 907 quos
1193 873 1302 907 legatus
1329 879 1397 899 suus
1417 872 1563 899 Dioscorus
1584 870 1752 898 Nestoriana:
1764 877 1828 904 per~

1040 919 1113 947 fidite
1122 919 1228 954 laqueis
1240 918 1416 953 compedivit,
1427 918 1528 945 Filium
1542 918 1590 945 Dei
1605 924 1689 944 unum
1705 915 1830 950 negando

1041 973 1101 993 esse
1113 973 1147 992 ex
1158 970 1252 992 sancta
1266 963 1449 992 et-individua
1461 963 1606 1000 Triqitate,
1623 962 1699 990 nullo
1710 960 1829 989 salubris

1041 1009 1174 1037 doctrina:
1188 1009 1319 1044 suffragio
1339 1009 1468 1036 liberare.
1483 1008 1599 1040 Rursus,
1615 1007 1648 1038 si,
1664 1010 1695 1033 ut
1712 1013 1831 1040 sequens

1041 1055 1176 1090 adjunxit,
1193 1054 1262 1082 nihil
1280 1059 1323 1082 est
1335 1054 1426 1089 aptius
1441 1053 1566 1081 studioso
1581 1051 1733 1087 religionis,
1747 1057 1832 1085 quam

1041 1101 1186 1136 inquisitio
1197 1100 1332 1133 veritatis,
1347 1099 1486 1134 quomodo
1503 1098 1620 1126 inferius
1633 1104 1766 1124 novarum
1780 1102 1831 1123 eu-

1041 1147 1121 1182 pidos
1131 1146 1313 1181 quaestionum
1327 1148 1438 1172 accusat
1449 1144 1576 1172 veritatis
1586 1140 1790 1178 inquisitores?
1803 1144 1833 1167 et

1041 1193 1064 1221 si
1076 1193 1156 1220 devia
1166 1193 1235 1220 vitat
1249 1192 1289 1226 (ut
1306 1191 1384 1226 dicit)
1399 1191 1444 1225 qui
1463 1190 1515 1217 iter
1534 1197 1584 1224 per
1613 1188 1686 1223 quod
1709 1187 1834 1223 graditu:

1042 1244 1130 1274 rogat,
1141 1246 1191 1266 cur
1199 1238 1279 1265 devia
1286 1238 1374 1265 vitare
1384 1237 1518 1267 volentes,
1531 1235 1583 1262 iter
1591 1233 1724 1270 perquod
1735 1232 1833 1268 grade-

1042 1289 1148 1317 rentur,
1161 1283 1394 1311 noluitedocere?
1409 1283 1450 1310 An
1462 1283 1532 1309 forte
1546 1281 1607 1309 illis
1619 1280 1682 1308 ideo
1700 1279 1767 1307 dare
1783 1287 1830 1306 re-

1041 1338 1173 1366 sponsum
1193 1330 1334 1357 distulisse
1356 1328 1513 1356 credendus
1525 1333 1579 1361 est,
1595 1328 1642 1363 qui
1656 1326 1831 1362 percontanti

1042 1377 1069 1404 in
1084 1376 1136 1403 hac
1148 1376 1295 1411 pollicetur
1305 1375 1427 1410 Epistola
1438 1374 1616 1409 respondere,
1626 1373 1690 1409 quia
1699 1381 1755 1400 suae
1767 1371 1831 1400 ﬁdei

1040 1431 1089 1450 eos
1097 1421 1305 1457 judicavit?Sed
1316 1425 1408 1448 utrum
1421 1421 1458 1448 ita
1469 1421 1505 1449 sit
1513 1420 1546 1448 de
1558 1420 1682 1448 Romano
1691 1419 1832 1454 episeopo,

1041 1476 1092 1496 suo
1106 1467 1264 1495 videbimus
1288 1466 1362 1494 loco.
1385 1466 1465 1494 Nune
1482 1471 1557 1494 certe
1583 1469 1725 1492 auctorem
1749 1464 1832 1500 hujus

1041 1514 1170 1548 Epistolas
1180 1513 1340 1540 haereticmn
1357 1520 1428 1545 esse,
1440 1511 1565 1547 quisquis
1577 1512 1622 1539 ille
1633 1515 1684 1543 est,
1699 1516 1727 1538 et
1740 1509 1833 1537 inimio

1042 1567 1104 1587 cum
1130 1559 1272 1587 catlmlicre
1288 1558 1437 1591 veritatis,
1462 1566 1516 1585 non
1533 1562 1576 1585 est
1594 1556 1709 1589 dubium
1723 1576 1730 1589 ,
1755 1555 1830 1591 quod

1042 1614 1107 1634 mox
1122 1613 1155 1634 ex
1174 1606 1262 1641 ipsius
1277 1605 1361 1633 dictis
1375 1602 1539 1632 docebimus

1077 1652 1199 1686 Denique
1211 1652 1248 1679 ita
1264 1652 1390 1686 sequitur
1408 1659 1415 1677 τ
1431 1660 1439 1676 ι
1466 1650 1519 1677 Sed
1533 1649 1692 1685 priusquam
1715 1656 1834 1683 respon-

1043 1698 1126 1727 dendi
1150 1706 1245 1726 curam
1260 1698 1294 1725 de
1317 1698 1361 1725 his
1375 1705 1435 1732 qua
1448 1696 1561 1724 dilectio
1587 1700 1634 1723 tua
1654 1698 1833 1730 percontatur

1043 1743 1359 1780 aggrediar,libenterin
1372 1742 1533 1770 litteristuis
1547 1741 1609 1769 fidei
1624 1746 1677 1768 tua:
1689 1748 1732 1768 me
1745 1740 1833 1767 fateor

1044 1791 1182 1818 invenisse
1200 1790 1436 1824 fervorem,,cujus
1447 1789 1539 1816 calore
1553 1794 1713 1818 succensus,
1729 1785 1831 1814 redivi-

1043 1845 1104 1864 vam
1122 1837 1150 1864 in
1167 1837 1220 1864 illis
1241 1836 1367 1871 partibus
1388 1835 1543 1862 infidelium
1563 1834 1776 1870 perversitatem
1792 1833 1833 1860 vi-

1043 1889 1107 1917 gere
1124 1881 1256 1916 suspiras.
1285 1881 1468 1916 Dignissimus
1483 1879 1573 1911 dolor,
1594 1879 1641 1914 (ιμὶ
1659 1878 1752 1906 dedita
1775 1878 1833 1905 Deo

1043 1929 1127 1956 corda
1144 1929 1301 1955 contristat.
1329 1927 1385 1955 Nec
1407 1927 1481 1954 enim
1504 1931 1548 1954 est
1565 1925 1638 1961 apud
1664 1933 1714 1953 eos
1740 1924 1834 1959 lapsus

1044 1973 1259 2004 illamentabilis,
1279 1972 1352 2008 apud
1368 1979 1437 2007 quos
1454 1975 1496 1999 est
1517 1970 1654 2006 igniculus
1680 1969 1833 2001 charitatis,

1044 2020 1109 2055 quia
1120 2028 1204 2047 unum
1226 2018 1391 2054 spiritalium
1406 2023 1499 2046 votum
1517 2022 1559 2045 est
1582 2017 1656 2045 salus
1671 2017 1835 2044 inconcussa

1043 2070 1231 2100 cunctorum,»
1245 2065 1447 2093 Catholicorum
1463 2069 1545 2099 atque
1561 2063 1692 2090 fidelium.

1079 2112 1109 2138 ln
1131 2111 1183 2138 hac
1208 2111 1287 2143 urbe,
1299 2118 1395 2138 eorum
1411 2110 1544 2137 duntaxat
1567 2109 1613 2144 qui
1649 2116 1714 2136 vere
1739 2107 1834 2136 fideles

1045 2161 1119 2189 sunt,
1131 2156 1244 2191 ambigit
1259 2163 1350 2188 nemo,
1372 2155 1576 2186 Possessorem.
1597 2154 1632 2182 ad
1654 2161 1736 2189 quem
1753 2157 1782 2181 et
1799 2153 1834 2181 de

206 2202 318 2231 instruit
330 2203 527 2238 ignorantem:
539 2203 744 2230 Doetoriscerte
760 2202 833 2229 dicta
845 2202 924 2229 factis
932 2203 991 2237 ejus
1006 2201 1030 2229 D
1043 2211 1099 2239 quo
1111 2203 1170 2230 lucc
1186 2203 1237 2230 iste
1253 2203 1359 2234 scribit,
1375 2211 1428 2229 non
1441 2203 1529 2229 solum
1542 2209 1597 2229 non
1615 2200 1740 2228 confiteri
1751 2200 1834 2228 Chri-

205 2258 262 2277 non
274 2250 375 2277 debent
399 2258 460 2277 esse
476 2249 623 2276 contraria.
639 2248 707 2282 Quia
724 2253 790 2275 tunc
812 2256 937 2283 magnam
957 2247 991 2274 ad

206 2295 359 2323 docendum
375 2295 528 2330 probantur
544 2294 647 2321 habere
664 2294 869 2323 auctoritatem.
881 2293 992 2328 quando

206 2340 324 2370 invicem
334 2350 362 2370 se
374 2350 429 2368 non
445 2341 601 2368 destruunt.
618 2340 747 2374 Alioquin
764 2348 818 2367 non
829 2339 992 2366 ad'aliorum

206 2387 418 2415 instructionem
432 2386 589 2421 proficiunt.
617 2386 664 2413 sed
686 2386 728 2413 sui
743 2386 836 2421 potius
855 2385 993 2413 confusio-

205 2442 269 2462 nem
285 2434 484 2461 demonstrant.
496 2431 573 2465 Quod
587 2431 729 2458 monachis
741 2438 903 2465 responsum
917 2437 992 2465 quae-

206 2478 343 2509 rentibus,
362 2478 503 2504 Romanus
525 2476 672 2511 cpiscopus
689 2476 753 2503 dare
769 2476 882 2503 omnino
902 2475 992 2502 distu-

205 2525 278 2556 lerit,
292 2524 457 2557 eosdemque
473 2527 535 2558 post
551 2523 635 2550 multa
652 2523 735 2549 maris
752 2522 888 2557 pericula,
904 2522 993 2557 longi-

204 2579 259 2606 que
276 2568 385 2597 itineris
395 2569 576 2601 vexationem,
594 2577 644 2596 nec
655 2577 709 2595 non
723 2569 805 2595 etiam
816 2567 992 2595 afllictionem

206 2615 303 2651 prolixi
324 2614 465 2649 temporis,
480 2622 535 2648 quo
549 2622 596 2641 eos
609 2614 679 2648 apud
703 2621 731 2641 se
749 2613 878 2645 detinuit,
893 2621 993 2640 vacuos

205 2667 233 2689 et
243 2662 302 2688 sine
319 2661 374 2688 ullo
383 2661 481 2688 cfl‘cctu
495 2660 527 2687 ad
542 2661 590 2687 has
603 2665 694 2695 partes
705 2659 800 2686 venire
815 2659 992 2694 compulerit,

204 2705 277 2740 quod
301 2705 430 2732 omnibus
444 2713 513 2739 pene
527 2705 675 2732 Catholicis
690 2708 784 2731 uotum
807 2707 858 2736 est,
876 2712 926 2732 nec
942 2704 1007 2739 ipsi~

204 2754 310 2786 queunt
334 2750 454 2778 haeretici
469 2751 604 2786 denegare
620 2773 627 2783 ,
648 2751 787 2786 quomodo
806 2757 860 2777 non
875 2750 927 2778 sibi
942 2751 992 2785 ipsi

205 2797 342 2835 reperitur
356 2797 382 2824 iu
394 2797 445 2824 hac
454 2798 574 2832 Epistula
588 2797 667 2832 514.0
676 2797 819 2832 scripsisse
836 2797 993 2823 contraria?

203 2843 228 2879 lsi
247 2847 335 2871 tamen
353 2853 405 2872 non
428 2849 464 2872 cst
484 2844 566 2879 (quod
588 2844 674 2879 magis
691 2844 859 2871 credendum
876 2843 992 2878 :cstimo)

1045 2255 1118 2278 stum
1136 2250 1235 2277 Filium
1250 2249 1297 2277 Dei
1313 2249 1367 2276 vi‘vi
1384 2257 1469 2276 unum
1482 2257 1514 2276 ex
1530 2248 1673 2275 individua
1687 2248 1833 2279 Trinitate,

1046 2297 1092 2324 sed
1108 2301 1135 2323 et
1151 2296 1289 2323 adversari
1303 2295 1344 2323 eis
1352 2296 1399 2331 qui
1413 2296 1466 2323 hoc
1480 2295 1645 2323 fiducialitcr
1655 2294 1834 2328 confitentur,

1046 2346 1128 2376 atque
1143 2341 1267 2368 inﬁdeles
1282 2345 1310 2368 et
1325 2339 1447 2375 perfidos
1469 2339 1586 2367 nefanda
1604 2346 1734 2366 accusare
1747 2342 1834 2365 teme-

1046 2388 1136 2413 ritate.
1156 2387 1233 2414 Unde
1250 2385 1368 2420 denique
1396 2385 1429 2412 ad
1455 2385 1508 2412 hoc
1531 2384 1634 2418 ubique
1658 2384 1729 2411 hanc
1747 2383 1833 2418 ipsam

1046 2431 1222 2466 impudenter
1237 2431 1380 2465 proferunt
1391 2430 1552 2465 Epistulam.
1567 2434 1703 2464 quatenus
1714 2428 1743 2455 et
1756 2428 1832 2456 Chri-

1046 2483 1105 2505 stus
1121 2477 1208 2504 Filius
1218 2478 1265 2504 Dei
1279 2484 1349 2503 unus
1367 2481 1482 2511 negetur
1498 2483 1558 2503 esse
1574 2483 1608 2502 ex
1618 2479 1712 2502 saneta
1730 2479 1757 2501 et
1778 2479 1833 2501 ιρι--

1047 2523 1119 2550 ribili
1138 2521 1489 2554 Trinitate,eLNesteriaua
1507 2520 1652 2556 pravitasa
1667 2520 1725 2547 suis
1747 2520 1834 2546 fauto-

1047 2570 1125 2596 ribus
1140 2569 1226 2596 Iibere
1243 2568 1328 2595 valeat
1340 2567 1492 2601 pricdicari.
1504 2567 1570 2600 Quis
1583 2574 1647 2602 ergo
1661 2566 1715 2600 jam
1728 2566 1835 2594 dubitet

1048 2616 1129 2646 hunc,
1140 2614 1186 2649 qui
1198 2622 1226 2641 se
1241 2614 1322 2648 hujus
1332 2613 1394 2639 fidei
1411 2613 1544 2639 fervorem
1553 2612 1670 2638 libenter
1680 2611 1707 2637 in
1718 2611 1778 2646 ejus
1789 2607 1834 2637 lit—

1048 2660 1115 2688 iCl‘iS
1130 2660 1267 2687 invenisse
1286 2662 1417 2690 testatur,
1438 2665 1522 2684 unum
1540 2665 1573 2684 CX
1598 2663 1693 2683 COI‘Um
1718 2663 1834 2682 numero

1048 2714 1108 2734 esse
1130 2706 1175 2741 qui
1193 2705 1257 2732 huic
1266 2709 1367 2732 sanctm
1379 2704 1522 2731 sententia:
1534 2703 1617 2737 impie
1626 2701 1835 2729 contradicunt?

1048 2753 1173 2787 Suspirat
1190 2759 1307 2786 namque
1318 2751 1389 2778 idem
1406 2751 1559 2781 l‘osscssor,
1571 2757 1625 2776 non
1639 2748 1700 2775 fidei
1716 2749 1756 2781 (ut
1784 2747 1834 2774 iste

1048 2797 1192 2828 dicit),scd
1215 2797 1257 2831 (ut
1274 2796 1374 2824 veritas
1393 2795 1489 2829 docet).
1513 2794 1643 2821 hazrctico
1661 2794 1751 2820 calore
1771 2801 1835 2822 sue-

1050 2850 1169 2875 ccnsus‘,
1189 2849 1238 2869 ncc
1253 2841 1316 2876 quia
1340 2840 1490 2868 infidelium
1511 2839 1719 2875 perversitatem
1741 2838 1834 2875 vigore
