  <div class='ocr_page' id='page_1' title='image "/cluster/home/n/w/nwhite01/storage/ocr_20150623/86,pt.1/njp.32101007877465/066.png"; bbox 0 0 1953 3086; ppageno 0'>
   <div class='ocr_carea' id='block_1_1' title="bbox 110 169 1765 208">
    <p class='ocr_par' dir='ltr' id='par_1_1' title="bbox 110 169 1765 208">
     <span class='ocr_line' id='line_1_1' title="bbox 110 169 1765 208; baseline -0.005 0"><span class='ocrx_word' id='word_1_1' title='bbox 110 174 165 208; x_wconf 63' lang='grc' dir='ltr'><strong>’ῈΠ</strong></span> <span class='ocrx_word' id='word_1_2' title='bbox 578 174 626 205; x_wconf 76' lang='lat' dir='ltr'><strong>AD</strong></span> <span class='ocrx_word' id='word_1_3' title='bbox 647 169 857 204; x_wconf 64' lang='lat' dir='ltr'><strong>EPISTULAM</strong></span> <span class='ocrx_word' id='word_1_4' title='bbox 886 170 1093 203; x_wconf 31' lang='lat' dir='ltr'><strong>lIORMISDi/E</strong></span> <span class='ocrx_word' id='word_1_5' title='bbox 1114 170 1334 202; x_wconf 73' lang='lat' dir='ltr'><strong>RESPONSIO.</strong></span> <span class='ocrx_word' id='word_1_6' title='bbox 1724 173 1765 206; x_wconf 69' lang='lat'><strong>&#39;93</strong></span> 
     </span>
    </p>
   </div>
   <div class='ocr_carea' id='block_1_2' title="bbox 130 226 1763 264">
    <p class='ocr_par' dir='ltr' id='par_1_2' title="bbox 130 226 1763 264">
     <span class='ocr_line' id='line_1_2' title="bbox 130 226 1763 264; baseline -0.001 -6"><span class='ocrx_word' id='word_1_7' title='bbox 130 239 160 258; x_wconf 79' lang='lat' dir='ltr'><strong>In</strong></span> <span class='ocrx_word' id='word_1_8' title='bbox 176 229 220 257; x_wconf 87' lang='lat' dir='ltr'><strong>his</strong></span> <span class='ocrx_word' id='word_1_9' title='bbox 249 229 335 262; x_wconf 77' lang='lat' dir='ltr'><strong>videt,</strong></span> <span class='ocrx_word' id='word_1_10' title='bbox 355 229 403 256; x_wconf 78' lang='lat' dir='ltr'><strong>sed</strong></span> <span class='ocrx_word' id='word_1_11' title='bbox 429 229 492 264; x_wconf 88' lang='lat' dir='ltr'><strong>quia</strong></span> <span class='ocrx_word' id='word_1_12' title='bbox 513 229 633 257; x_wconf 84' lang='lat' dir='ltr'><strong>fidelium</strong></span> <span class='ocrx_word' id='word_1_13' title='bbox 663 229 829 256; x_wconf 74' lang='lat' dir='ltr'><strong>assertioucs</strong></span> <span class='ocrx_word' id='word_1_14' title='bbox 855 228 926 255; x_wconf 85' lang='lat' dir='ltr'><strong>ferre</strong></span> <span class='ocrx_word' id='word_1_15' title='bbox 942 231 963 259; x_wconf 80' lang='grc' dir='ltr'>Α</span> <span class='ocrx_word' id='word_1_16' title='bbox 979 231 1140 259; x_wconf 87' lang='lat' dir='ltr'><strong>amatorem,</strong></span> <span class='ocrx_word' id='word_1_17' title='bbox 1158 227 1180 254; x_wconf 91' lang='lat' dir='ltr'><strong>si</strong></span> <span class='ocrx_word' id='word_1_18' title='bbox 1198 227 1225 253; x_wconf 92' lang='lat' dir='ltr'><strong>in</strong></span> <span class='ocrx_word' id='word_1_19' title='bbox 1246 227 1326 254; x_wconf 86' lang='lat' dir='ltr'><strong>malis</strong></span> <span class='ocrx_word' id='word_1_20' title='bbox 1339 226 1471 261; x_wconf 79' lang='lat' dir='ltr'><strong>operibus</strong></span> <span class='ocrx_word' id='word_1_21' title='bbox 1487 232 1676 261; x_wconf 90' lang='lat' dir='ltr'><strong>conversetur,</strong></span> <span class='ocrx_word' id='word_1_22' title='bbox 1691 229 1763 259; x_wconf 75' lang='lat' dir='ltr'><strong>inter</strong></span> 
     </span>
    </p>
   </div>
   <div class='ocr_carea' id='block_1_3' title="bbox 130 273 925 310">
    <p class='ocr_par' dir='ltr' id='par_1_3' title="bbox 130 273 925 310">
     <span class='ocr_line' id='line_1_3' title="bbox 130 273 925 310; baseline -0.004 -8"><span class='ocrx_word' id='word_1_23' title='bbox 130 283 186 303; x_wconf 86' lang='lat' dir='ltr'><strong>non</strong></span> <span class='ocrx_word' id='word_1_24' title='bbox 198 278 300 310; x_wconf 87' lang='lat' dir='ltr'><strong>potest,</strong></span> <span class='ocrx_word' id='word_1_25' title='bbox 310 273 468 309; x_wconf 80' lang='lat' dir='ltr'><strong>ingemiscit</strong></span> <span class='ocrx_word' id='word_1_26' title='bbox 484 283 490 300; x_wconf 91' lang='lat'>:</span> <span class='ocrx_word' id='word_1_27' title='bbox 508 274 580 301; x_wconf 90' lang='lat' dir='ltr'><strong>unde</strong></span> <span class='ocrx_word' id='word_1_28' title='bbox 598 274 654 309; x_wconf 86' lang='lat' dir='ltr'><strong>jam</strong></span> <span class='ocrx_word' id='word_1_29' title='bbox 667 282 722 300; x_wconf 93' lang='lat' dir='ltr'><strong>non</strong></span> <span class='ocrx_word' id='word_1_30' title='bbox 736 273 925 308; x_wconf 78' lang='lat' dir='ltr'><strong>dignissimus,</strong></span> 
     </span>
    </p>
   </div>
   <div class='ocr_carea' id='block_1_4' title="bbox 132 319 925 354">
    <p class='ocr_par' dir='ltr' id='par_1_4' title="bbox 132 319 925 354">
     <span class='ocr_line' id='line_1_4' title="bbox 132 319 925 354; baseline -0.004 -7"><span class='ocrx_word' id='word_1_31' title='bbox 132 321 180 348; x_wconf 79' lang='lat' dir='ltr'><strong>sed</strong></span> <span class='ocrx_word' id='word_1_32' title='bbox 202 320 283 347; x_wconf 98' lang='lat' dir='ltr'><strong>valde</strong></span> <span class='ocrx_word' id='word_1_33' title='bbox 302 320 481 354; x_wconf 83' lang='lat' dir='ltr'><strong>turpissimus</strong></span> <span class='ocrx_word' id='word_1_34' title='bbox 499 320 579 347; x_wconf 87' lang='lat' dir='ltr'><strong>dolor</strong></span> <span class='ocrx_word' id='word_1_35' title='bbox 604 320 700 347; x_wconf 86' lang='lat' dir='ltr'><strong>talium</strong></span> <span class='ocrx_word' id='word_1_36' title='bbox 718 319 925 353; x_wconf 76' lang='lat' dir='ltr'><strong>comprobatur,</strong></span> 
     </span>
    </p>
   </div>
   <div class='ocr_carea' id='block_1_5' title="bbox 132 363 927 400">
    <p class='ocr_par' dir='ltr' id='par_1_5' title="bbox 132 363 927 400">
     <span class='ocr_line' id='line_1_5' title="bbox 132 363 927 400; baseline -0.004 -8"><span class='ocrx_word' id='word_1_37' title='bbox 132 366 180 400; x_wconf 85' lang='lat' dir='ltr'><strong>qui</strong></span> <span class='ocrx_word' id='word_1_38' title='bbox 198 373 253 392; x_wconf 91' lang='lat' dir='ltr'><strong>non</strong></span> <span class='ocrx_word' id='word_1_39' title='bbox 272 365 338 396; x_wconf 87' lang='lat' dir='ltr'><strong>Deo,</strong></span> <span class='ocrx_word' id='word_1_40' title='bbox 352 364 400 392; x_wconf 90' lang='lat' dir='ltr'><strong>sed</strong></span> <span class='ocrx_word' id='word_1_41' title='bbox 409 365 500 392; x_wconf 89' lang='lat' dir='ltr'><strong>errori</strong></span> <span class='ocrx_word' id='word_1_42' title='bbox 509 364 603 392; x_wconf 88' lang='lat' dir='ltr'><strong>dedita</strong></span> <span class='ocrx_word' id='word_1_43' title='bbox 614 364 697 392; x_wconf 87' lang='lat' dir='ltr'><strong>corda</strong></span> <span class='ocrx_word' id='word_1_44' title='bbox 709 363 831 391; x_wconf 89' lang='lat' dir='ltr'><strong>fidelium</strong></span> <span class='ocrx_word' id='word_1_45' title='bbox 842 370 927 390; x_wconf 65' lang='lat' dir='ltr'><strong>remu-</strong></span> 
     </span>
    </p>
   </div>
   <div class='ocr_carea' id='block_1_6' title="bbox 134 408 928 445">
    <p class='ocr_par' dir='ltr' id='par_1_6' title="bbox 134 408 928 445">
     <span class='ocr_line' id='line_1_6' title="bbox 134 408 928 445; baseline -0.004 -7"><span class='ocrx_word' id='word_1_46' title='bbox 134 411 236 438; x_wconf 83' lang='lat' dir='ltr'><strong>latione</strong></span> <span class='ocrx_word' id='word_1_47' title='bbox 252 410 410 438; x_wconf 80' lang='lat' dir='ltr'><strong>contristat.</strong></span> <span class='ocrx_word' id='word_1_48' title='bbox 425 410 482 438; x_wconf 84' lang='lat' dir='ltr'><strong>Nec</strong></span> <span class='ocrx_word' id='word_1_49' title='bbox 490 410 563 445; x_wconf 88' lang='lat' dir='ltr'><strong>apud</strong></span> <span class='ocrx_word' id='word_1_50' title='bbox 579 418 627 437; x_wconf 91' lang='lat' dir='ltr'><strong>eos</strong></span> <span class='ocrx_word' id='word_1_51' title='bbox 637 408 928 444; x_wconf 81' lang='lat' dir='ltr'><strong>charitatisigniculus</strong></span> 
     </span>
    </p>
   </div>
   <div class='ocr_carea' id='block_1_7' title="bbox 135 454 928 491">
    <p class='ocr_par' dir='ltr' id='par_1_7' title="bbox 135 454 928 491">
     <span class='ocr_line' id='line_1_7' title="bbox 135 454 928 491; baseline -0.003 -9"><span class='ocrx_word' id='word_1_52' title='bbox 135 455 253 483; x_wconf 78' lang='lat' dir='ltr'><strong>inveniri</strong></span> <span class='ocrx_word' id='word_1_53' title='bbox 264 463 346 490; x_wconf 87' lang='lat' dir='ltr'><strong>posse</strong></span> <span class='ocrx_word' id='word_1_54' title='bbox 357 455 514 483; x_wconf 83' lang='lat' dir='ltr'><strong>credendus</strong></span> <span class='ocrx_word' id='word_1_55' title='bbox 523 459 576 487; x_wconf 87' lang='lat' dir='ltr'><strong>est,</strong></span> <span class='ocrx_word' id='word_1_56' title='bbox 590 455 637 491; x_wconf 85' lang='lat' dir='ltr'><strong>qui</strong></span> <span class='ocrx_word' id='word_1_57' title='bbox 645 454 789 490; x_wconf 78' lang='lat' dir='ltr'><strong>pravitatis</strong></span> <span class='ocrx_word' id='word_1_58' title='bbox 801 462 857 481; x_wconf 84' lang='lat' dir='ltr'><strong>suae</strong></span> <span class='ocrx_word' id='word_1_59' title='bbox 871 461 928 480; x_wconf 87' lang='lat' dir='ltr'><strong>ma-</strong></span> 
     </span>
    </p>
   </div>
   <div class='ocr_carea' id='block_1_8' title="bbox 133 493 928 536">
    <p class='ocr_par' dir='ltr' id='par_1_8' title="bbox 133 493 928 536">
     <span class='ocr_line' id='line_1_8' title="bbox 133 493 928 536; baseline -0.004 -8"><span class='ocrx_word' id='word_1_60' title='bbox 133 501 195 528; x_wconf 76' lang='lat' dir='ltr'><strong>litia</strong></span> <span class='ocrx_word' id='word_1_61' title='bbox 207 501 348 532; x_wconf 67' lang='lat' dir='ltr'><strong>excmcali.</strong></span> <span class='ocrx_word' id='word_1_62' title='bbox 366 501 458 536; x_wconf 87' lang='lat' dir='ltr'><strong>lapsos</strong></span> <span class='ocrx_word' id='word_1_63' title='bbox 474 504 502 528; x_wconf 91' lang='lat' dir='ltr'><strong>et</strong></span> <span class='ocrx_word' id='word_1_64' title='bbox 518 493 713 531; x_wconf 76' lang='lat' dir='ltr'><strong>lamentabiles</strong></span> <span class='ocrx_word' id='word_1_65' title='bbox 741 499 864 526; x_wconf 87' lang='lat' dir='ltr'><strong>indicant</strong></span> <span class='ocrx_word' id='word_1_66' title='bbox 881 506 928 526; x_wconf 90' lang='lat' dir='ltr'><strong>cos</strong></span> 
     </span>
    </p>
   </div>
   <div class='ocr_carea' id='block_1_9' title="bbox 135 544 928 582">
    <p class='ocr_par' dir='ltr' id='par_1_9' title="bbox 135 544 928 582">
     <span class='ocr_line' id='line_1_9' title="bbox 135 544 928 582; baseline -0.004 -8"><span class='ocrx_word' id='word_1_67' title='bbox 135 547 182 582; x_wconf 88' lang='lat' dir='ltr'><strong>qui</strong></span> <span class='ocrx_word' id='word_1_68' title='bbox 203 547 288 574; x_wconf 87' lang='lat' dir='ltr'><strong>armis</strong></span> <span class='ocrx_word' id='word_1_69' title='bbox 309 546 453 573; x_wconf 64' lang='lat' dir='ltr'><strong>catholicae</strong></span> <span class='ocrx_word' id='word_1_70' title='bbox 470 546 595 573; x_wconf 79' lang='lat' dir='ltr'><strong>veritatis</strong></span> <span class='ocrx_word' id='word_1_71' title='bbox 620 545 760 578; x_wconf 76' lang='lat' dir='ltr'><strong>instructi,</strong></span> <span class='ocrx_word' id='word_1_72' title='bbox 781 544 928 572; x_wconf 64' lang='lat' dir='ltr'><strong>haeretico-</strong></span> 
     </span>
    </p>
   </div>
   <div class='ocr_carea' id='block_1_10' title="bbox 136 590 929 626">
    <p class='ocr_par' dir='ltr' id='par_1_10' title="bbox 136 590 929 626">
     <span class='ocr_line' id='line_1_10' title="bbox 136 590 929 626; baseline -0.001 -8"><span class='ocrx_word' id='word_1_73' title='bbox 136 599 196 618; x_wconf 92' lang='lat' dir='ltr'><strong>rum</strong></span> <span class='ocrx_word' id='word_1_74' title='bbox 217 591 328 618; x_wconf 90' lang='lat' dir='ltr'><strong>inimica</strong></span> <span class='ocrx_word' id='word_1_75' title='bbox 348 591 498 618; x_wconf 90' lang='lat' dir='ltr'><strong>destruunt</strong></span> <span class='ocrx_word' id='word_1_76' title='bbox 523 595 696 626; x_wconf 74' lang='lat' dir='ltr'><strong>argumenta.</strong></span> <span class='ocrx_word' id='word_1_77' title='bbox 717 590 809 623; x_wconf 81' lang='lat' dir='ltr'><strong>Quare</strong></span> <span class='ocrx_word' id='word_1_78' title='bbox 833 596 929 617; x_wconf 80' lang='lat' dir='ltr'><strong>revera</strong></span> 
     </span>
    </p>
   </div>
   <div class='ocr_carea' id='block_1_11' title="bbox 136 637 928 672">
    <p class='ocr_par' dir='ltr' id='par_1_11' title="bbox 136 637 928 672">
     <span class='ocr_line' id='line_1_11' title="bbox 136 637 928 672; baseline -0.003 -7"><span class='ocrx_word' id='word_1_79' title='bbox 136 646 221 665; x_wconf 94' lang='lat' dir='ltr'><strong>unum</strong></span> <span class='ocrx_word' id='word_1_80' title='bbox 233 637 401 672; x_wconf 84' lang='lat' dir='ltr'><strong>spiritalium</strong></span> <span class='ocrx_word' id='word_1_81' title='bbox 411 657 418 670; x_wconf 94' lang='lat'><strong>,</strong></span> <span class='ocrx_word' id='word_1_82' title='bbox 431 645 486 664; x_wconf 93' lang='lat' dir='ltr'><strong>non</strong></span> <span class='ocrx_word' id='word_1_83' title='bbox 496 642 590 664; x_wconf 89' lang='lat' dir='ltr'><strong>autem</strong></span> <span class='ocrx_word' id='word_1_84' title='bbox 608 637 801 665; x_wconf 83' lang='lat' dir='ltr'><strong>h:ereticorum</strong></span> <span class='ocrx_word' id='word_1_85' title='bbox 810 656 817 669; x_wconf 90' lang='lat'><strong>,</strong></span> <span class='ocrx_word' id='word_1_86' title='bbox 833 640 928 664; x_wconf 85' lang='lat' dir='ltr'><strong>votum</strong></span> 
     </span>
    </p>
   </div>
   <div class='ocr_carea' id='block_1_12' title="bbox 135 683 796 718">
    <p class='ocr_par' dir='ltr' id='par_1_12' title="bbox 135 683 796 718">
     <span class='ocr_line' id='line_1_12' title="bbox 135 683 796 718; baseline -0.003 -7"><span class='ocrx_word' id='word_1_87' title='bbox 135 688 178 711; x_wconf 90' lang='lat' dir='ltr'><strong>est</strong></span> <span class='ocrx_word' id='word_1_88' title='bbox 192 683 267 710; x_wconf 88' lang='lat' dir='ltr'><strong>salus</strong></span> <span class='ocrx_word' id='word_1_89' title='bbox 279 683 442 710; x_wconf 88' lang='lat' dir='ltr'><strong>inconcussa</strong></span> <span class='ocrx_word' id='word_1_90' title='bbox 459 686 632 710; x_wconf 89' lang='lat' dir='ltr'><strong>cunctorum.</strong></span> <span class='ocrx_word' id='word_1_91' title='bbox 794 714 796 718; x_wconf 33' lang='grc' dir='ltr'><strong><em>ι</em></strong></span> 
     </span>
    </p>
   </div>
   <div class='ocr_carea' id='block_1_13' title="bbox 172 728 930 764">
    <p class='ocr_par' dir='ltr' id='par_1_13' title="bbox 172 728 930 764">
     <span class='ocr_line' id='line_1_13' title="bbox 172 728 930 764; baseline 0 -8"><span class='ocrx_word' id='word_1_92' title='bbox 172 730 236 757; x_wconf 86' lang='lat' dir='ltr'><strong>Post</strong></span> <span class='ocrx_word' id='word_1_93' title='bbox 246 729 304 757; x_wconf 62' lang='lat' dir='ltr'><strong>haec</strong></span> <span class='ocrx_word' id='word_1_94' title='bbox 315 729 351 756; x_wconf 90' lang='lat' dir='ltr'><strong>ita</strong></span> <span class='ocrx_word' id='word_1_95' title='bbox 360 728 484 764; x_wconf 89' lang='lat' dir='ltr'><strong>sequitur</strong></span> <span class='ocrx_word' id='word_1_96' title='bbox 499 737 525 755; x_wconf 70' lang='grc' dir='ltr'><strong>τί</strong></span> <span class='ocrx_word' id='word_1_97' title='bbox 541 728 594 756; x_wconf 87' lang='lat' dir='ltr'><strong>Sed</strong></span> <span class='ocrx_word' id='word_1_98' title='bbox 608 736 663 755; x_wconf 92' lang='lat' dir='ltr'><strong>non</strong></span> <span class='ocrx_word' id='word_1_99' title='bbox 674 728 930 763; x_wconf 73' lang='lat' dir='ltr'><strong>est,inquit,ignota</strong></span> 
     </span>
    </p>
   </div>
   <div class='ocr_carea' id='block_1_14' title="bbox 137 773 930 810">
    <p class='ocr_par' dir='ltr' id='par_1_14' title="bbox 137 773 930 810">
     <span class='ocr_line' id='line_1_14' title="bbox 137 773 930 810; baseline -0.003 -7"><span class='ocrx_word' id='word_1_100' title='bbox 137 775 268 803; x_wconf 67' lang='lat' dir='ltr'><strong>Ecclesiae</strong></span> <span class='ocrx_word' id='word_1_101' title='bbox 279 775 326 802; x_wconf 88' lang='lat' dir='ltr'><strong>Dei</strong></span> <span class='ocrx_word' id='word_1_102' title='bbox 333 775 367 802; x_wconf 89' lang='lat' dir='ltr'><strong>de</strong></span> <span class='ocrx_word' id='word_1_103' title='bbox 375 773 532 810; x_wconf 90' lang='lat' dir='ltr'><strong>hujusmodi</strong></span> <span class='ocrx_word' id='word_1_104' title='bbox 541 774 680 809; x_wconf 87' lang='lat' dir='ltr'><strong>procellis,</strong></span> <span class='ocrx_word' id='word_1_105' title='bbox 688 778 736 801; x_wconf 87' lang='lat' dir='ltr'><strong>aut</strong></span> <span class='ocrx_word' id='word_1_106' title='bbox 747 773 855 801; x_wconf 89' lang='lat' dir='ltr'><strong>insueta</strong></span> <span class='ocrx_word' id='word_1_107' title='bbox 863 778 930 801; x_wconf 92' lang='lat' dir='ltr'><strong>tem-</strong></span> 
     </span>
    </p>
   </div>
   <div class='ocr_carea' id='block_1_15' title="bbox 138 820 930 857">
    <p class='ocr_par' dir='ltr' id='par_1_15' title="bbox 138 820 930 857">
     <span class='ocr_line' id='line_1_15' title="bbox 138 820 930 857; baseline -0.003 -8"><span class='ocrx_word' id='word_1_108' title='bbox 138 826 240 857; x_wconf 83' lang='lat' dir='ltr'><strong>pestas,</strong></span> <span class='ocrx_word' id='word_1_109' title='bbox 257 825 286 849; x_wconf 90' lang='lat' dir='ltr'><strong>et</strong></span> <span class='ocrx_word' id='word_1_110' title='bbox 300 821 426 856; x_wconf 81' lang='lat' dir='ltr'><strong>quamvis</strong></span> <span class='ocrx_word' id='word_1_111' title='bbox 442 821 568 848; x_wconf 81' lang='lat' dir='ltr'><strong>Rectoris</strong></span> <span class='ocrx_word' id='word_1_112' title='bbox 579 821 621 848; x_wconf 92' lang='lat' dir='ltr'><strong>sui</strong></span> <span class='ocrx_word' id='word_1_113' title='bbox 635 820 821 856; x_wconf 77' lang='lat' dir='ltr'><strong>gubernaculo</strong></span> <span class='ocrx_word' id='word_1_114' title='bbox 836 820 930 848; x_wconf 89' lang='lat' dir='ltr'><strong>incon-</strong></span> 
     </span>
    </p>
   </div>
   <div class='ocr_carea' id='block_1_16' title="bbox 132 866 929 904">
    <p class='ocr_par' dir='ltr' id='par_1_16' title="bbox 132 866 929 904">
     <span class='ocr_line' id='line_1_16' title="bbox 132 866 929 904; baseline -0.004 -8"><span class='ocrx_word' id='word_1_115' title='bbox 132 876 218 896; x_wconf 73' lang='lat' dir='ltr'><strong>cussa</strong></span> <span class='ocrx_word' id='word_1_116' title='bbox 227 868 367 904; x_wconf 80' lang='lat' dir='ltr'><strong>persistat,</strong></span> <span class='ocrx_word' id='word_1_117' title='bbox 382 867 466 895; x_wconf 86' lang='lat' dir='ltr'><strong>variis</strong></span> <span class='ocrx_word' id='word_1_118' title='bbox 474 871 566 895; x_wconf 88' lang='lat' dir='ltr'><strong>tamen</strong></span> <span class='ocrx_word' id='word_1_119' title='bbox 584 866 785 894; x_wconf 81' lang='lat' dir='ltr'><strong>incursantium</strong></span> <span class='ocrx_word' id='word_1_120' title='bbox 796 866 929 893; x_wconf 88' lang='lat' dir='ltr'><strong>fluctuum</strong></span> 
     </span>
    </p>
   </div>
   <div class='ocr_carea' id='block_1_17' title="bbox 977 271 1765 308">
    <p class='ocr_par' dir='ltr' id='par_1_17' title="bbox 977 271 1765 308">
     <span class='ocr_line' id='line_1_17' title="bbox 977 271 1765 308; baseline 0.006 -9"><span class='ocrx_word' id='word_1_121' title='bbox 977 280 1032 299; x_wconf 88' lang='lat' dir='ltr'><strong>non</strong></span> <span class='ocrx_word' id='word_1_122' title='bbox 1052 271 1221 299; x_wconf 84' lang='lat' dir='ltr'><strong>necessarias</strong></span> <span class='ocrx_word' id='word_1_123' title='bbox 1240 273 1333 307; x_wconf 89' lang='lat' dir='ltr'><strong>paleas</strong></span> <span class='ocrx_word' id='word_1_124' title='bbox 1350 272 1486 307; x_wconf 86' lang='lat' dir='ltr'><strong>deputari.</strong></span> <span class='ocrx_word' id='word_1_125' title='bbox 1510 273 1656 308; x_wconf 82' lang='lat' dir='ltr'><strong>Nunquam</strong></span> <span class='ocrx_word' id='word_1_126' title='bbox 1671 280 1765 305; x_wconf 88' lang='lat' dir='ltr'><strong>autem</strong></span> 
     </span>
    </p>
   </div>
   <div class='ocr_carea' id='block_1_18' title="bbox 978 316 1764 353">
    <p class='ocr_par' dir='ltr' id='par_1_18' title="bbox 978 316 1764 353">
     <span class='ocr_line' id='line_1_18' title="bbox 978 316 1764 353; baseline 0.003 -8"><span class='ocrx_word' id='word_1_127' title='bbox 978 319 1111 346; x_wconf 82' lang='lat' dir='ltr'><strong>fautorem</strong></span> <span class='ocrx_word' id='word_1_128' title='bbox 1138 317 1211 345; x_wconf 68' lang='lat' dir='ltr'><strong>falsas</strong></span> <span class='ocrx_word' id='word_1_129' title='bbox 1229 318 1409 353; x_wconf 83' lang='lat' dir='ltr'><strong>professionis</strong></span> <span class='ocrx_word' id='word_1_130' title='bbox 1434 325 1514 353; x_wconf 88' lang='lat' dir='ltr'><strong>posse</strong></span> <span class='ocrx_word' id='word_1_131' title='bbox 1536 319 1609 346; x_wconf 85' lang='lat' dir='ltr'><strong>inter</strong></span> <span class='ocrx_word' id='word_1_132' title='bbox 1634 316 1764 348; x_wconf 74' lang='lat' dir='ltr'><strong>frumenli</strong></span> 
     </span>
    </p>
   </div>
   <div class='ocr_carea' id='block_1_19' title="bbox 978 364 1768 402">
    <p class='ocr_par' dir='ltr' id='par_1_19' title="bbox 978 364 1768 402">
     <span class='ocr_line' id='line_1_19' title="bbox 978 364 1768 402; baseline 0.003 -12"><span class='ocrx_word' id='word_1_133' title='bbox 978 364 1082 398; x_wconf 87' lang='lat' dir='ltr'><strong>optima</strong></span> <span class='ocrx_word' id='word_1_134' title='bbox 1095 371 1179 402; x_wconf 77' lang='lat' dir='ltr'><strong>grana</strong></span> <span class='ocrx_word' id='word_1_135' title='bbox 1190 364 1395 396; x_wconf 88' lang='lat' dir='ltr'><strong>connumerari,</strong></span> <span class='ocrx_word' id='word_1_136' title='bbox 1410 364 1519 392; x_wconf 89' lang='lat' dir='ltr'><strong>etiamsi</strong></span> <span class='ocrx_word' id='word_1_137' title='bbox 1540 364 1621 393; x_wconf 87' lang='lat' dir='ltr'><strong>bonis</strong></span> <span class='ocrx_word' id='word_1_138' title='bbox 1639 365 1768 393; x_wconf 85' lang='lat' dir='ltr'><strong>videatur</strong></span> 
     </span>
    </p>
   </div>
   <div class='ocr_carea' id='block_1_20' title="bbox 978 410 1766 447">
    <p class='ocr_par' dir='ltr' id='par_1_20' title="bbox 978 410 1766 447">
     <span class='ocr_line' id='line_1_20' title="bbox 978 410 1766 447; baseline 0.004 -10"><span class='ocrx_word' id='word_1_139' title='bbox 978 411 1110 446; x_wconf 91' lang='lat' dir='ltr'><strong>operibus</strong></span> <span class='ocrx_word' id='word_1_140' title='bbox 1137 410 1305 443; x_wconf 82' lang='lat' dir='ltr'><strong>decoratus;</strong></span> <span class='ocrx_word' id='word_1_141' title='bbox 1331 411 1396 446; x_wconf 90' lang='lat' dir='ltr'><strong>quia</strong></span> <span class='ocrx_word' id='word_1_142' title='bbox 1421 411 1580 439; x_wconf 84' lang='lat' dir='ltr'><strong>nullatenus</strong></span> <span class='ocrx_word' id='word_1_143' title='bbox 1607 412 1652 440; x_wconf 86' lang='lat' dir='ltr'><strong>illa</strong></span> <span class='ocrx_word' id='word_1_144' title='bbox 1683 419 1766 447; x_wconf 84' lang='lat' dir='ltr'><strong>opera</strong></span> 
     </span>
    </p>
   </div>
   <div class='ocr_carea' id='block_1_21' title="bbox 979 456 1764 492">
    <p class='ocr_par' dir='ltr' id='par_1_21' title="bbox 979 456 1764 492">
     <span class='ocr_line' id='line_1_21' title="bbox 979 456 1764 492; baseline 0 -7"><span class='ocrx_word' id='word_1_145' title='bbox 979 457 1051 485; x_wconf 86' lang='lat' dir='ltr'><strong>bona</strong></span> <span class='ocrx_word' id='word_1_146' title='bbox 1064 461 1128 484; x_wconf 88' lang='lat' dir='ltr'><strong>sunt</strong></span> <span class='ocrx_word' id='word_1_147' title='bbox 1140 456 1299 492; x_wconf 87' lang='lat' dir='ltr'><strong>judicanda,</strong></span> <span class='ocrx_word' id='word_1_148' title='bbox 1316 456 1417 491; x_wconf 78' lang='lat' dir='ltr'><strong>quibus</strong></span> <span class='ocrx_word' id='word_1_149' title='bbox 1429 465 1486 484; x_wconf 89' lang='lat' dir='ltr'><strong>non</strong></span> <span class='ocrx_word' id='word_1_150' title='bbox 1502 457 1654 485; x_wconf 86' lang='lat' dir='ltr'><strong>estveritas</strong></span> <span class='ocrx_word' id='word_1_151' title='bbox 1668 456 1764 485; x_wconf 87' lang='lat' dir='ltr'><strong>funda-</strong></span> 
     </span>
    </p>
   </div>
   <div class='ocr_carea' id='block_1_22' title="bbox 972 508 1113 531">
    <p class='ocr_par' dir='ltr' id='par_1_22' title="bbox 972 508 1113 531">
     <span class='ocr_line' id='line_1_22' title="bbox 972 508 1113 531; baseline 0 -1"><span class='ocrx_word' id='word_1_152' title='bbox 972 508 1113 531; x_wconf 83' lang='lat' dir='ltr'><strong>‘mentum.</strong></span> 
     </span>
    </p>
   </div>
   <div class='ocr_carea' id='block_1_23' title="bbox 1014 547 1765 584">
    <p class='ocr_par' dir='ltr' id='par_1_23' title="bbox 1014 547 1765 584">
     <span class='ocr_line' id='line_1_23' title="bbox 1014 547 1765 584; baseline 0 -8"><span class='ocrx_word' id='word_1_153' title='bbox 1014 547 1063 576; x_wconf 87' lang='lat' dir='ltr'><strong>His</strong></span> <span class='ocrx_word' id='word_1_154' title='bbox 1083 548 1217 584; x_wconf 79' lang='lat' dir='ltr'><strong>adjungit,</strong></span> <span class='ocrx_word' id='word_1_155' title='bbox 1233 554 1261 576; x_wconf 89' lang='lat' dir='ltr'><strong>et</strong></span> <span class='ocrx_word' id='word_1_156' title='bbox 1275 548 1346 576; x_wconf 85' lang='lat' dir='ltr'><strong>dicit</strong></span> <span class='ocrx_word' id='word_1_157' title='bbox 1366 556 1372 575; x_wconf 91' lang='lat'><strong>:</strong></span> <span class='ocrx_word' id='word_1_158' title='bbox 1390 557 1399 574; x_wconf 72' lang='grc' dir='ltr'>ί</span> <span class='ocrx_word' id='word_1_159' title='bbox 1421 548 1474 576; x_wconf 88' lang='lat' dir='ltr'><strong>Sed</strong></span> <span class='ocrx_word' id='word_1_160' title='bbox 1488 548 1536 575; x_wconf 88' lang='lat' dir='ltr'><strong>ubi</strong></span> <span class='ocrx_word' id='word_1_161' title='bbox 1550 553 1685 576; x_wconf 89' lang='lat' dir='ltr'><strong>terrarum</strong></span> <span class='ocrx_word' id='word_1_162' title='bbox 1711 554 1765 576; x_wconf 82' lang='lat' dir='ltr'><strong>non</strong></span> 
     </span>
    </p>
   </div>
   <div class='ocr_carea' id='block_1_24' title="bbox 979 589 1766 630">
    <p class='ocr_par' dir='ltr' id='par_1_24' title="bbox 979 589 1766 630">
     <span class='ocr_line' id='line_1_24' title="bbox 979 589 1766 630; baseline -0.001 -8"><span class='ocrx_word' id='word_1_163' title='bbox 979 595 1034 622; x_wconf 84' lang='lat' dir='ltr'><strong>ista</strong></span> <span class='ocrx_word' id='word_1_164' title='bbox 1049 595 1209 630; x_wconf 83' lang='lat' dir='ltr'><strong>permistio?</strong></span> <span class='ocrx_word' id='word_1_165' title='bbox 1222 589 1351 622; x_wconf 64' lang='lat' dir='ltr'><strong>No§fixis</strong></span> <span class='ocrx_word' id='word_1_166' title='bbox 1363 594 1442 622; x_wconf 87' lang='lat' dir='ltr'><strong>decet</strong></span> <span class='ocrx_word' id='word_1_167' title='bbox 1460 598 1533 622; x_wconf 91' lang='lat' dir='ltr'><strong>stare</strong></span> <span class='ocrx_word' id='word_1_168' title='bbox 1550 595 1683 630; x_wconf 77' lang='lat' dir='ltr'><strong>vestigiis.</strong></span> <span class='ocrx_word' id='word_1_169' title='bbox 1700 595 1766 623; x_wconf 83' lang='lat' dir='ltr'><strong>Pro-</strong></span> 
     </span>
    </p>
   </div>
   <div class='ocr_carea' id='block_1_25' title="bbox 981 640 1767 676">
    <p class='ocr_par' dir='ltr' id='par_1_25' title="bbox 981 640 1767 676">
     <span class='ocr_line' id='line_1_25' title="bbox 981 640 1767 676; baseline 0.001 -9"><span class='ocrx_word' id='word_1_170' title='bbox 981 640 1105 668; x_wconf 88' lang='lat' dir='ltr'><strong>ficiemus</strong></span> <span class='ocrx_word' id='word_1_171' title='bbox 1122 641 1194 668; x_wconf 92' lang='lat' dir='ltr'><strong>inter</strong></span> <span class='ocrx_word' id='word_1_172' title='bbox 1214 641 1393 668; x_wconf 83' lang='lat' dir='ltr'><strong>adversantes</strong></span> <span class='ocrx_word' id='word_1_173' title='bbox 1411 640 1532 676; x_wconf 82' lang='lat' dir='ltr'><strong>propriis</strong></span> <span class='ocrx_word' id='word_1_174' title='bbox 1554 640 1646 673; x_wconf 88' lang='lat' dir='ltr'><strong>bonis,</strong></span> <span class='ocrx_word' id='word_1_175' title='bbox 1672 641 1695 667; x_wconf 89' lang='lat' dir='ltr'><strong>si</strong></span> <span class='ocrx_word' id='word_1_176' title='bbox 1713 648 1767 668; x_wconf 89' lang='lat' dir='ltr'><strong>non</strong></span> 
     </span>
    </p>
   </div>
   <div class='ocr_carea' id='block_1_26' title="bbox 979 684 1767 720">
    <p class='ocr_par' dir='ltr' id='par_1_26' title="bbox 979 684 1767 720">
     <span class='ocr_line' id='line_1_26' title="bbox 979 684 1767 720; baseline 0.001 -9"><span class='ocrx_word' id='word_1_177' title='bbox 979 684 1154 712; x_wconf 87' lang='lat' dir='ltr'><strong>involvamur</strong></span> <span class='ocrx_word' id='word_1_178' title='bbox 1176 685 1320 712; x_wconf 89' lang='lat' dir='ltr'><strong>erroribus</strong></span> <span class='ocrx_word' id='word_1_179' title='bbox 1337 685 1446 713; x_wconf 88' lang='lat' dir='ltr'><strong>alienis.</strong></span> <span class='ocrx_word' id='word_1_180' title='bbox 1468 694 1478 710; x_wconf 80' lang='lat'><strong>)</strong></span> <span class='ocrx_word' id='word_1_181' title='bbox 1500 685 1569 712; x_wconf 86' lang='lat' dir='ltr'><strong>Cum</strong></span> <span class='ocrx_word' id='word_1_182' title='bbox 1584 685 1688 720; x_wconf 88' lang='lat' dir='ltr'><strong>ubique</strong></span> <span class='ocrx_word' id='word_1_183' title='bbox 1712 690 1767 714; x_wconf 87' lang='lat' dir='ltr'><strong>ter-</strong></span> 
     </span>
    </p>
   </div>
   <div class='ocr_carea' id='block_1_27' title="bbox 978 721 1771 766">
    <p class='ocr_par' dir='ltr' id='par_1_27' title="bbox 978 721 1771 766">
     <span class='ocr_line' id='line_1_27' title="bbox 978 721 1771 766; baseline 0 -8"><span class='ocrx_word' id='word_1_184' title='bbox 978 739 1073 759; x_wconf 84' lang='lat' dir='ltr'><strong>rarum</strong></span> <span class='ocrx_word' id='word_1_185' title='bbox 1087 731 1295 766; x_wconf 84' lang='lat' dir='ltr'><strong>permistionem</strong></span> <span class='ocrx_word' id='word_1_186' title='bbox 1318 721 1397 758; x_wconf 67' lang='lat' dir='ltr'><strong>istam</strong></span> <span class='ocrx_word' id='word_1_187' title='bbox 1419 738 1480 758; x_wconf 85' lang='lat' dir='ltr'><strong>esse</strong></span> <span class='ocrx_word' id='word_1_188' title='bbox 1495 738 1550 758; x_wconf 92' lang='lat' dir='ltr'><strong>non</strong></span> <span class='ocrx_word' id='word_1_189' title='bbox 1565 731 1688 766; x_wconf 73' lang='lat' dir='ltr'><strong>ambigas</strong></span> <span class='ocrx_word' id='word_1_190' title='bbox 1700 751 1707 764; x_wconf 93' lang='lat'><strong>,</strong></span> <span class='ocrx_word' id='word_1_191' title='bbox 1721 738 1771 758; x_wconf 90' lang='lat' dir='ltr'><strong>cur</strong></span> 
     </span>
    </p>
   </div>
   <div class='ocr_carea' id='block_1_28' title="bbox 980 777 1772 812">
    <p class='ocr_par' dir='ltr' id='par_1_28' title="bbox 980 777 1772 812">
     <span class='ocr_line' id='line_1_28' title="bbox 980 777 1772 812; baseline -0.001 -8"><span class='ocrx_word' id='word_1_192' title='bbox 980 778 1008 804; x_wconf 91' lang='lat' dir='ltr'><strong>in</strong></span> <span class='ocrx_word' id='word_1_193' title='bbox 1035 785 1088 812; x_wconf 87' lang='lat' dir='ltr'><strong>qua</strong></span> <span class='ocrx_word' id='word_1_194' title='bbox 1111 782 1190 812; x_wconf 87' lang='lat' dir='ltr'><strong>parte</strong></span> <span class='ocrx_word' id='word_1_195' title='bbox 1206 777 1267 804; x_wconf 80' lang='lat' dir='ltr'><strong>fixis</strong></span> <span class='ocrx_word' id='word_1_196' title='bbox 1284 777 1382 804; x_wconf 87' lang='lat' dir='ltr'><strong>deceat</strong></span> <span class='ocrx_word' id='word_1_197' title='bbox 1405 782 1478 804; x_wconf 86' lang='lat' dir='ltr'><strong>stare</strong></span> <span class='ocrx_word' id='word_1_198' title='bbox 1500 777 1640 812; x_wconf 81' lang='lat' dir='ltr'><strong>vestigiis,</strong></span> <span class='ocrx_word' id='word_1_199' title='bbox 1658 777 1772 806; x_wconf 88' lang='lat' dir='ltr'><strong>omnino</strong></span> 
     </span>
    </p>
   </div>
   <div class='ocr_carea' id='block_1_29' title="bbox 979 822 1773 858">
    <p class='ocr_par' dir='ltr' id='par_1_29' title="bbox 979 822 1773 858">
     <span class='ocr_line' id='line_1_29' title="bbox 979 822 1773 858; baseline -0.001 -8"><span class='ocrx_word' id='word_1_200' title='bbox 979 831 1036 850; x_wconf 91' lang='lat' dir='ltr'><strong>non</strong></span> <span class='ocrx_word' id='word_1_201' title='bbox 1052 823 1191 858; x_wconf 75' lang='lat' dir='ltr'><strong>explicas?</strong></span> <span class='ocrx_word' id='word_1_202' title='bbox 1206 823 1359 857; x_wconf 79' lang='lat' dir='ltr'><strong>pra-sertim</strong></span> <span class='ocrx_word' id='word_1_203' title='bbox 1375 830 1438 849; x_wconf 90' lang='lat' dir='ltr'><strong>cum</strong></span> <span class='ocrx_word' id='word_1_204' title='bbox 1458 822 1512 849; x_wconf 90' lang='lat' dir='ltr'><strong>hoc</strong></span> <span class='ocrx_word' id='word_1_205' title='bbox 1530 822 1664 849; x_wconf 69' lang='lat' dir='ltr'><strong>doctrinae</strong></span> <span class='ocrx_word' id='word_1_206' title='bbox 1681 822 1773 857; x_wconf 77' lang='lat' dir='ltr'><strong>exigat</strong></span> 
     </span>
    </p>
   </div>
   <div class='ocr_carea' id='block_1_30' title="bbox 981 868 1771 903">
    <p class='ocr_par' dir='ltr' id='par_1_30' title="bbox 981 868 1771 903">
     <span class='ocr_line' id='line_1_30' title="bbox 981 868 1771 903; baseline -0.003 -6"><span class='ocrx_word' id='word_1_207' title='bbox 981 869 1062 901; x_wconf 81' lang='lat' dir='ltr'><strong>ratio,</strong></span> <span class='ocrx_word' id='word_1_208' title='bbox 1081 877 1115 896; x_wconf 89' lang='lat' dir='ltr'><strong>ne</strong></span> <span class='ocrx_word' id='word_1_209' title='bbox 1135 869 1225 896; x_wconf 90' lang='lat' dir='ltr'><strong>minus</strong></span> <span class='ocrx_word' id='word_1_210' title='bbox 1237 868 1366 896; x_wconf 90' lang='lat' dir='ltr'><strong>instructi</strong></span> <span class='ocrx_word' id='word_1_211' title='bbox 1379 868 1425 903; x_wconf 90' lang='lat' dir='ltr'><strong>qui</strong></span> <span class='ocrx_word' id='word_1_212' title='bbox 1442 872 1468 896; x_wconf 93' lang='lat' dir='ltr'><strong>te</strong></span> <span class='ocrx_word' id='word_1_213' title='bbox 1487 868 1603 895; x_wconf 86' lang='lat' dir='ltr'><strong>audiunt</strong></span> <span class='ocrx_word' id='word_1_214' title='bbox 1619 868 1715 895; x_wconf 87' lang='lat' dir='ltr'><strong>alienis</strong></span> <span class='ocrx_word' id='word_1_215' title='bbox 1731 868 1771 895; x_wconf 88' lang='lat' dir='ltr'><strong>in-</strong></span> 
     </span>
    </p>
   </div>
   <div class='ocr_carea' id='block_1_31' title="bbox 138 912 1774 949">
    <p class='ocr_par' dir='ltr' id='par_1_31' title="bbox 138 912 1774 949">
     <span class='ocr_line' id='line_1_31' title="bbox 138 912 1774 949; baseline 0 -9"><span class='ocrx_word' id='word_1_216' title='bbox 138 915 244 942; x_wconf 80' lang='lat' dir='ltr'><strong>laborat</strong></span> <span class='ocrx_word' id='word_1_217' title='bbox 254 918 353 941; x_wconf 78' lang='lat' dir='ltr'><strong>vexata</strong></span> <span class='ocrx_word' id='word_1_218' title='bbox 365 913 534 941; x_wconf 88' lang='lat' dir='ltr'><strong>turbinibus.</strong></span> <span class='ocrx_word' id='word_1_219' title='bbox 547 913 614 940; x_wconf 88' lang='lat' dir='ltr'><strong>Nam</strong></span> <span class='ocrx_word' id='word_1_220' title='bbox 626 913 700 940; x_wconf 89' lang='lat' dir='ltr'><strong>unde</strong></span> <span class='ocrx_word' id='word_1_221' title='bbox 714 917 757 940; x_wconf 90' lang='lat' dir='ltr'><strong>est</strong></span> <span class='ocrx_word' id='word_1_222' title='bbox 774 912 929 947; x_wconf 89' lang='lat' dir='ltr'><strong>psalmidiei</strong></span> <span class='ocrx_word' id='word_1_223' title='bbox 947 919 967 948; x_wconf 81' lang='grc' dir='ltr'><strong>Β</strong></span> <span class='ocrx_word' id='word_1_224' title='bbox 980 917 1127 943; x_wconf 75' lang='lat' dir='ltr'><strong>volvantur</strong></span> <span class='ocrx_word' id='word_1_225' title='bbox 1142 915 1285 942; x_wconf 89' lang='lat' dir='ltr'><strong>erroribus</strong></span> <span class='ocrx_word' id='word_1_226' title='bbox 1296 935 1302 947; x_wconf 84' lang='lat'><strong>,</strong></span> <span class='ocrx_word' id='word_1_227' title='bbox 1319 914 1373 941; x_wconf 93' lang='lat' dir='ltr'><strong>nisi</strong></span> <span class='ocrx_word' id='word_1_228' title='bbox 1390 914 1454 949; x_wconf 85' lang='lat' dir='ltr'><strong>quia</strong></span> <span class='ocrx_word' id='word_1_229' title='bbox 1471 914 1570 941; x_wconf 84' lang='lat' dir='ltr'><strong>callide</strong></span> <span class='ocrx_word' id='word_1_230' title='bbox 1585 918 1659 945; x_wconf 85' lang='lat' dir='ltr'><strong>tuam</strong></span> <span class='ocrx_word' id='word_1_231' title='bbox 1676 914 1774 941; x_wconf 89' lang='lat' dir='ltr'><strong>niteris</strong></span> 
     </span>
    </p>
   </div>
   <div class='ocr_carea' id='block_1_32' title="bbox 137 958 930 995">
    <p class='ocr_par' dir='ltr' id='par_1_32' title="bbox 137 958 930 995">
     <span class='ocr_line' id='line_1_32' title="bbox 137 958 930 995; baseline -0.003 -8"><span class='ocrx_word' id='word_1_232' title='bbox 137 968 192 988; x_wconf 82' lang='lat' dir='ltr'><strong>vox</strong></span> <span class='ocrx_word' id='word_1_233' title='bbox 215 960 368 995; x_wconf 58' lang='lat' dir='ltr'><strong>prophetae,</strong></span> <span class='ocrx_word' id='word_1_234' title='bbox 383 959 430 994; x_wconf 90' lang='lat' dir='ltr'><strong>qui</strong></span> <span class='ocrx_word' id='word_1_235' title='bbox 449 959 536 994; x_wconf 84' lang='lat' dir='ltr'><strong>ipsius</strong></span> <span class='ocrx_word' id='word_1_236' title='bbox 559 958 689 986; x_wconf 70' lang='lat' dir='ltr'><strong>Ecclesiae</strong></span> <span class='ocrx_word' id='word_1_237' title='bbox 702 966 848 994; x_wconf 90' lang='lat' dir='ltr'><strong>personam</strong></span> <span class='ocrx_word' id='word_1_238' title='bbox 867 958 930 993; x_wconf 92' lang='lat' dir='ltr'><strong>Spi-</strong></span> 
     </span>
    </p>
   </div>
   <div class='ocr_carea' id='block_1_33' title="bbox 139 996 932 1040">
    <p class='ocr_par' dir='ltr' id='par_1_33' title="bbox 139 996 932 1040">
     <span class='ocr_line' id='line_1_33' title="bbox 139 996 932 1040; baseline -0.003 -8"><span class='ocrx_word' id='word_1_239' title='bbox 139 1005 196 1033; x_wconf 92' lang='lat' dir='ltr'><strong>ritu</strong></span> <span class='ocrx_word' id='word_1_240' title='bbox 212 1013 268 1040; x_wconf 92' lang='lat' dir='ltr'><strong>quo</strong></span> <span class='ocrx_word' id='word_1_241' title='bbox 293 1005 459 1040; x_wconf 88' lang='lat' dir='ltr'><strong>implebatur</strong></span> <span class='ocrx_word' id='word_1_242' title='bbox 481 1011 625 1031; x_wconf 82' lang='lat' dir='ltr'><strong>assumens</strong></span> <span class='ocrx_word' id='word_1_243' title='bbox 644 1013 650 1031; x_wconf 90' lang='lat'>:</span> <span class='ocrx_word' id='word_1_244' title='bbox 668 996 757 1040; x_wconf 71' lang='lat' dir='ltr'><strong>Smpc,</strong></span> <span class='ocrx_word' id='word_1_245' title='bbox 773 1003 872 1039; x_wconf 89' lang='lat' dir='ltr'><strong>inquit,</strong></span> <span class='ocrx_word' id='word_1_246' title='bbox 887 1011 932 1031; x_wconf 77' lang='lat' dir='ltr'><strong>ea:-</strong></span> 
     </span>
    </p>
   </div>
   <div class='ocr_carea' id='block_1_34' title="bbox 140 1051 931 1088">
    <p class='ocr_par' dir='ltr' id='par_1_34' title="bbox 140 1051 931 1088">
     <span class='ocr_line' id='line_1_34' title="bbox 140 1051 931 1088; baseline 0 -11"><span class='ocrx_word' id='word_1_247' title='bbox 140 1055 327 1088; x_wconf 78' lang='lat' dir='ltr'><strong>pugnavcrunt</strong></span> <span class='ocrx_word' id='word_1_248' title='bbox 340 1059 380 1078; x_wconf 88' lang='lat' dir='ltr'><strong>me</strong></span> <span class='ocrx_word' id='word_1_249' title='bbox 395 1059 411 1078; x_wconf 80' lang='grc' dir='ltr'><em>α</em></span> <span class='ocrx_word' id='word_1_250' title='bbox 427 1051 566 1086; x_wconf 82' lang='lat' dir='ltr'><strong>jurentute</strong></span> <span class='ocrx_word' id='word_1_251' title='bbox 577 1059 650 1083; x_wconf 75' lang='lat' dir='ltr'><strong>mea,</strong></span> <span class='ocrx_word' id='word_1_252' title='bbox 664 1051 759 1078; x_wconf 85' lang='lat' dir='ltr'><strong>etenim</strong></span> <span class='ocrx_word' id='word_1_253' title='bbox 772 1059 823 1077; x_wconf 84' lang='lat' dir='ltr'><strong>non</strong></span> <span class='ocrx_word' id='word_1_254' title='bbox 839 1054 931 1086; x_wconf 85' lang='lat' dir='ltr'><strong>patue-</strong></span> 
     </span>
    </p>
   </div>
   <div class='ocr_carea' id='block_1_35' title="bbox 141 1096 929 1132">
    <p class='ocr_par' dir='ltr' id='par_1_35' title="bbox 141 1096 929 1132">
     <span class='ocr_line' id='line_1_35' title="bbox 141 1096 929 1132; baseline -0.004 -8"><span class='ocrx_word' id='word_1_255' title='bbox 141 1102 204 1124; x_wconf 84' lang='lat' dir='ltr'><strong>runt</strong></span> <span class='ocrx_word' id='word_1_256' title='bbox 217 1098 279 1124; x_wconf 83' lang='lat' dir='ltr'><strong>mihi</strong></span> <span class='ocrx_word' id='word_1_257' title='bbox 290 1096 502 1130; x_wconf 84' lang='lat' dir='ltr'><strong>&quot;.Concutiunt,</strong></span> <span class='ocrx_word' id='word_1_258' title='bbox 513 1096 561 1124; x_wconf 90' lang='lat' dir='ltr'><strong>sed</strong></span> <span class='ocrx_word' id='word_1_259' title='bbox 574 1096 602 1123; x_wconf 94' lang='lat' dir='ltr'><strong>in</strong></span> <span class='ocrx_word' id='word_1_260' title='bbox 615 1096 703 1124; x_wconf 85' lang='lat' dir='ltr'><strong>nihi-lo</strong></span> <span class='ocrx_word' id='word_1_261' title='bbox 717 1096 929 1132; x_wconf 60' lang='lat' dir='ltr'><strong>pravaiebunt.»</strong></span> 
     </span>
    </p>
   </div>
   <div class='ocr_carea' id='block_1_36' title="bbox 143 1141 933 1178">
    <p class='ocr_par' dir='ltr' id='par_1_36' title="bbox 143 1141 933 1178">
     <span class='ocr_line' id='line_1_36' title="bbox 143 1141 933 1178; baseline 0 -8"><span class='ocrx_word' id='word_1_262' title='bbox 143 1143 211 1170; x_wconf 78' lang='lat' dir='ltr'><strong>Vera</strong></span> <span class='ocrx_word' id='word_1_263' title='bbox 224 1141 272 1170; x_wconf 89' lang='lat' dir='ltr'><strong>Dei</strong></span> <span class='ocrx_word' id='word_1_264' title='bbox 284 1142 416 1174; x_wconf 82' lang='lat' dir='ltr'><strong>Ecclesia,</strong></span> <span class='ocrx_word' id='word_1_265' title='bbox 429 1142 474 1169; x_wconf 90' lang='lat' dir='ltr'><strong>cui</strong></span> <span class='ocrx_word' id='word_1_266' title='bbox 487 1150 541 1169; x_wconf 89' lang='lat' dir='ltr'><strong>non</strong></span> <span class='ocrx_word' id='word_1_267' title='bbox 550 1146 615 1170; x_wconf 90' lang='lat' dir='ltr'><strong>sunt</strong></span> <span class='ocrx_word' id='word_1_268' title='bbox 628 1143 819 1170; x_wconf 65' lang='lat' dir='ltr'><strong>haereticorum</strong></span> <span class='ocrx_word' id='word_1_269' title='bbox 831 1142 933 1178; x_wconf 59' lang='lat' dir='ltr'><strong>ignota}</strong></span> 
     </span>
    </p>
   </div>
   <div class='ocr_carea' id='block_1_37' title="bbox 140 1187 934 1223">
    <p class='ocr_par' dir='ltr' id='par_1_37' title="bbox 140 1187 934 1223">
     <span class='ocr_line' id='line_1_37' title="bbox 140 1187 934 1223; baseline 0 -9"><span class='ocrx_word' id='word_1_270' title='bbox 140 1187 279 1223; x_wconf 58' lang='lat' dir='ltr'><strong>procellae,</strong></span> <span class='ocrx_word' id='word_1_271' title='bbox 291 1194 347 1214; x_wconf 90' lang='lat' dir='ltr'><strong>non</strong></span> <span class='ocrx_word' id='word_1_272' title='bbox 357 1192 400 1214; x_wconf 87' lang='lat' dir='ltr'><strong>est</strong></span> <span class='ocrx_word' id='word_1_273' title='bbox 414 1187 459 1214; x_wconf 89' lang='lat' dir='ltr'><strong>illa</strong></span> <span class='ocrx_word' id='word_1_274' title='bbox 484 1195 545 1222; x_wconf 64' lang='lat' dir='ltr'><strong>quae</strong></span> <span class='ocrx_word' id='word_1_275' title='bbox 556 1187 696 1215; x_wconf 88' lang='lat' dir='ltr'><strong>Christum</strong></span> <span class='ocrx_word' id='word_1_276' title='bbox 707 1188 804 1223; x_wconf 76' lang='lat' dir='ltr'><strong>gratia,</strong></span> <span class='ocrx_word' id='word_1_277' title='bbox 814 1195 869 1215; x_wconf 87' lang='lat' dir='ltr'><strong>non</strong></span> <span class='ocrx_word' id='word_1_278' title='bbox 885 1195 934 1215; x_wconf 89' lang='lat' dir='ltr'><strong>na-</strong></span> 
     </span>
    </p>
   </div>
   <div class='ocr_carea' id='block_1_38' title="bbox 138 1234 931 1270">
    <p class='ocr_par' dir='ltr' id='par_1_38' title="bbox 138 1234 931 1270">
     <span class='ocr_line' id='line_1_38' title="bbox 138 1234 931 1270; baseline 0.001 -9"><span class='ocrx_word' id='word_1_279' title='bbox 138 1238 205 1261; x_wconf 67' lang='lat' dir='ltr'><strong>vtura</strong></span> <span class='ocrx_word' id='word_1_280' title='bbox 218 1235 303 1262; x_wconf 78' lang='lat' dir='ltr'><strong>Detrm</strong></span> <span class='ocrx_word' id='word_1_281' title='bbox 318 1234 486 1265; x_wconf 87' lang='lat' dir='ltr'><strong>confitetur.</strong></span> <span class='ocrx_word' id='word_1_282' title='bbox 507 1234 555 1262; x_wconf 89' lang='lat' dir='ltr'><strong>sed</strong></span> <span class='ocrx_word' id='word_1_283' title='bbox 573 1235 620 1263; x_wconf 88' lang='lat' dir='ltr'><strong>illa</strong></span> <span class='ocrx_word' id='word_1_284' title='bbox 638 1243 699 1270; x_wconf 67' lang='lat' dir='ltr'><strong>qua:</strong></span> <span class='ocrx_word' id='word_1_285' title='bbox 717 1235 804 1263; x_wconf 91' lang='lat' dir='ltr'><strong>Deum</strong></span> <span class='ocrx_word' id='word_1_286' title='bbox 822 1242 931 1269; x_wconf 91' lang='lat' dir='ltr'><strong>verum,</strong></span> 
     </span>
    </p>
   </div>
   <div class='ocr_carea' id='block_1_39' title="bbox 142 1280 931 1316">
    <p class='ocr_par' dir='ltr' id='par_1_39' title="bbox 142 1280 931 1316">
     <span class='ocr_line' id='line_1_39' title="bbox 142 1280 931 1316; baseline 0.003 -9"><span class='ocrx_word' id='word_1_287' title='bbox 142 1283 170 1307; x_wconf 89' lang='lat' dir='ltr'><strong>ct</strong></span> <span class='ocrx_word' id='word_1_288' title='bbox 182 1280 219 1307; x_wconf 88' lang='lat' dir='ltr'><strong>ob</strong></span> <span class='ocrx_word' id='word_1_289' title='bbox 235 1280 287 1307; x_wconf 93' lang='lat' dir='ltr'><strong>hoc</strong></span> <span class='ocrx_word' id='word_1_290' title='bbox 300 1288 386 1308; x_wconf 91' lang='lat' dir='ltr'><strong>unum</strong></span> <span class='ocrx_word' id='word_1_291' title='bbox 405 1288 439 1308; x_wconf 75' lang='lat' dir='ltr'><strong>ex</strong></span> <span class='ocrx_word' id='word_1_292' title='bbox 461 1280 595 1308; x_wconf 76' lang='lat' dir='ltr'><strong>Trinitate</strong></span> <span class='ocrx_word' id='word_1_293' title='bbox 615 1282 745 1316; x_wconf 78' lang='lat' dir='ltr'><strong>praedicat</strong></span> <span class='ocrx_word' id='word_1_294' title='bbox 759 1282 931 1309; x_wconf 86' lang='lat' dir='ltr'><strong>Emmanuel.</strong></span> 
     </span>
    </p>
   </div>
   <div class='ocr_carea' id='block_1_40' title="bbox 144 1325 933 1361">
    <p class='ocr_par' dir='ltr' id='par_1_40' title="bbox 144 1325 933 1361">
     <span class='ocr_line' id='line_1_40' title="bbox 144 1325 933 1361; baseline 0.004 -9"><span class='ocrx_word' id='word_1_295' title='bbox 144 1325 292 1360; x_wconf 84' lang='lat' dir='ltr'><strong>Propterea</strong></span> <span class='ocrx_word' id='word_1_296' title='bbox 307 1326 426 1361; x_wconf 85' lang='lat' dir='ltr'><strong>denique</strong></span> <span class='ocrx_word' id='word_1_297' title='bbox 436 1326 520 1354; x_wconf 85' lang='lat' dir='ltr'><strong>variis</strong></span> <span class='ocrx_word' id='word_1_298' title='bbox 533 1327 718 1355; x_wconf 85' lang='lat' dir='ltr'><strong>incusantium</strong></span> <span class='ocrx_word' id='word_1_299' title='bbox 742 1327 876 1355; x_wconf 89' lang='lat' dir='ltr'><strong>fluctuum</strong></span> <span class='ocrx_word' id='word_1_300' title='bbox 891 1327 933 1355; x_wconf 90' lang='lat' dir='ltr'><strong>la-</strong></span> 
     </span>
    </p>
   </div>
   <div class='ocr_carea' id='block_1_41' title="bbox 145 1371 933 1409">
    <p class='ocr_par' dir='ltr' id='par_1_41' title="bbox 145 1371 933 1409">
     <span class='ocr_line' id='line_1_41' title="bbox 145 1371 933 1409; baseline 0.004 -11"><span class='ocrx_word' id='word_1_301' title='bbox 145 1371 225 1398; x_wconf 86' lang='lat' dir='ltr'><strong>borat</strong></span> <span class='ocrx_word' id='word_1_302' title='bbox 245 1372 358 1406; x_wconf 88' lang='lat' dir='ltr'><strong>quidem</strong></span> <span class='ocrx_word' id='word_1_303' title='bbox 381 1377 479 1400; x_wconf 83' lang='lat' dir='ltr'><strong>vexata</strong></span> <span class='ocrx_word' id='word_1_304' title='bbox 503 1373 673 1407; x_wconf 86' lang='lat' dir='ltr'><strong>turbinibus,</strong></span> <span class='ocrx_word' id='word_1_305' title='bbox 688 1373 737 1401; x_wconf 87' lang='lat' dir='ltr'><strong>sed</strong></span> <span class='ocrx_word' id='word_1_306' title='bbox 752 1374 829 1400; x_wconf 87' lang='lat' dir='ltr'><strong>nullo</strong></span> <span class='ocrx_word' id='word_1_307' title='bbox 851 1377 933 1409; x_wconf 89' lang='lat' dir='ltr'><strong>pacto</strong></span> 
     </span>
    </p>
   </div>
   <div class='ocr_carea' id='block_1_42' title="bbox 146 1418 934 1455">
    <p class='ocr_par' dir='ltr' id='par_1_42' title="bbox 146 1418 934 1455">
     <span class='ocr_line' id='line_1_42' title="bbox 146 1418 934 1455; baseline 0.003 -10"><span class='ocrx_word' id='word_1_308' title='bbox 146 1418 302 1446; x_wconf 86' lang='lat' dir='ltr'><strong>subruitur.</strong></span> <span class='ocrx_word' id='word_1_309' title='bbox 318 1419 408 1446; x_wconf 78' lang='lat' dir='ltr'><strong>Manet</strong></span> <span class='ocrx_word' id='word_1_310' title='bbox 424 1427 544 1455; x_wconf 86' lang='lat' dir='ltr'><strong>namque</strong></span> <span class='ocrx_word' id='word_1_311' title='bbox 565 1427 675 1455; x_wconf 89' lang='lat' dir='ltr'><strong>semper</strong></span> <span class='ocrx_word' id='word_1_312' title='bbox 691 1420 849 1453; x_wconf 87' lang='lat' dir='ltr'><strong>immobilis,</strong></span> <span class='ocrx_word' id='word_1_313' title='bbox 869 1420 934 1455; x_wconf 90' lang='lat' dir='ltr'><strong>quia</strong></span> 
     </span>
    </p>
   </div>
   <div class='ocr_carea' id='block_1_43' title="bbox 142 1465 935 1501">
    <p class='ocr_par' dir='ltr' id='par_1_43' title="bbox 142 1465 935 1501">
     <span class='ocr_line' id='line_1_43' title="bbox 142 1465 935 1501; baseline 0.003 -10"><span class='ocrx_word' id='word_1_314' title='bbox 142 1472 162 1491; x_wconf 70' lang='lat' dir='ltr'><strong>a</strong></span> <span class='ocrx_word' id='word_1_315' title='bbox 179 1465 237 1491; x_wconf 90' lang='lat' dir='ltr'><strong>veri</strong></span> <span class='ocrx_word' id='word_1_316' title='bbox 260 1465 310 1492; x_wconf 85' lang='lat' dir='ltr'><strong>Dei</strong></span> <span class='ocrx_word' id='word_1_317' title='bbox 341 1465 446 1500; x_wconf 81' lang='lat' dir='ltr'><strong>regitur</strong></span> <span class='ocrx_word' id='word_1_318' title='bbox 474 1465 672 1501; x_wconf 72' lang='lat' dir='ltr'><strong>gubernaculo.</strong></span> <span class='ocrx_word' id='word_1_319' title='bbox 695 1465 836 1494; x_wconf 81' lang='lat' dir='ltr'><strong>Adversus</strong></span> <span class='ocrx_word' id='word_1_320' title='bbox 862 1466 935 1494; x_wconf 88' lang='lat' dir='ltr'><strong>hanc</strong></span> 
     </span>
    </p>
   </div>
   <div class='ocr_carea' id='block_1_44' title="bbox 146 1510 934 1546">
    <p class='ocr_par' dir='ltr' id='par_1_44' title="bbox 146 1510 934 1546">
     <span class='ocr_line' id='line_1_44' title="bbox 146 1510 934 1546; baseline 0.001 -9"><span class='ocrx_word' id='word_1_321' title='bbox 146 1517 243 1538; x_wconf 87' lang='lat' dir='ltr'><strong>omnes</strong></span> <span class='ocrx_word' id='word_1_322' title='bbox 266 1510 390 1538; x_wconf 64' lang='lat' dir='ltr'><strong>hatretici</strong></span> <span class='ocrx_word' id='word_1_323' title='bbox 402 1531 409 1543; x_wconf 91' lang='lat'><strong>,</strong></span> <span class='ocrx_word' id='word_1_324' title='bbox 427 1515 481 1538; x_wconf 89' lang='lat' dir='ltr'><strong>tam</strong></span> <span class='ocrx_word' id='word_1_325' title='bbox 501 1511 548 1546; x_wconf 93' lang='lat' dir='ltr'><strong>qui</strong></span> <span class='ocrx_word' id='word_1_326' title='bbox 564 1511 598 1538; x_wconf 87' lang='lat' dir='ltr'><strong>ab</strong></span> <span class='ocrx_word' id='word_1_327' title='bbox 616 1519 648 1538; x_wconf 88' lang='lat' dir='ltr'><strong>ea</strong></span> <span class='ocrx_word' id='word_1_328' title='bbox 664 1511 808 1539; x_wconf 87' lang='lat' dir='ltr'><strong>manifeste</strong></span> <span class='ocrx_word' id='word_1_329' title='bbox 819 1510 934 1539; x_wconf 89' lang='lat' dir='ltr'><strong>abscissi</strong></span> 
     </span>
    </p>
   </div>
   <div class='ocr_carea' id='block_1_45' title="bbox 146 1555 933 1591">
    <p class='ocr_par' dir='ltr' id='par_1_45' title="bbox 146 1555 933 1591">
     <span class='ocr_line' id='line_1_45' title="bbox 146 1555 933 1591; baseline 0.001 -9"><span class='ocrx_word' id='word_1_330' title='bbox 146 1559 230 1590; x_wconf 81' lang='lat' dir='ltr'><strong>atque</strong></span> <span class='ocrx_word' id='word_1_331' title='bbox 251 1555 333 1583; x_wconf 87' lang='lat' dir='ltr'><strong>divisi</strong></span> <span class='ocrx_word' id='word_1_332' title='bbox 348 1560 422 1589; x_wconf 86' lang='lat' dir='ltr'><strong>sunt,</strong></span> <span class='ocrx_word' id='word_1_333' title='bbox 441 1563 523 1590; x_wconf 87' lang='lat' dir='ltr'><strong>quam</strong></span> <span class='ocrx_word' id='word_1_334' title='bbox 550 1556 578 1583; x_wconf 93' lang='lat' dir='ltr'><strong>hi</strong></span> <span class='ocrx_word' id='word_1_335' title='bbox 600 1556 648 1591; x_wconf 88' lang='lat' dir='ltr'><strong>qui</strong></span> <span class='ocrx_word' id='word_1_336' title='bbox 672 1556 745 1583; x_wconf 91' lang='lat' dir='ltr'><strong>intra</strong></span> <span class='ocrx_word' id='word_1_337' title='bbox 765 1564 825 1584; x_wconf 88' lang='lat' dir='ltr'><strong>eam</strong></span> <span class='ocrx_word' id='word_1_338' title='bbox 840 1556 933 1591; x_wconf 89' lang='lat' dir='ltr'><strong>positi,</strong></span> 
     </span>
    </p>
   </div>
   <div class='ocr_carea' id='block_1_46' title="bbox 140 1601 936 1637">
    <p class='ocr_par' dir='ltr' id='par_1_46' title="bbox 140 1601 936 1637">
     <span class='ocr_line' id='line_1_46' title="bbox 140 1601 936 1637; baseline 0.003 -10"><span class='ocrx_word' id='word_1_339' title='bbox 140 1601 330 1636; x_wconf 68' lang='lat' dir='ltr'><strong>spiritualiter</strong></span> <span class='ocrx_word' id='word_1_340' title='bbox 342 1601 376 1628; x_wconf 88' lang='lat' dir='ltr'><strong>ab</strong></span> <span class='ocrx_word' id='word_1_341' title='bbox 390 1609 422 1628; x_wconf 89' lang='lat' dir='ltr'><strong>ea</strong></span> <span class='ocrx_word' id='word_1_342' title='bbox 437 1601 605 1629; x_wconf 87' lang='lat' dir='ltr'><strong>dissentiunt</strong></span> <span class='ocrx_word' id='word_1_343' title='bbox 625 1601 706 1637; x_wconf 92' lang='lat' dir='ltr'><strong>(quos</strong></span> <span class='ocrx_word' id='word_1_344' title='bbox 717 1601 826 1629; x_wconf 74' lang='lat' dir='ltr'><strong>fortiter</strong></span> <span class='ocrx_word' id='word_1_345' title='bbox 841 1605 936 1629; x_wconf 87' lang='lat' dir='ltr'><strong>sancta</strong></span> 
     </span>
    </p>
   </div>
   <div class='ocr_carea' id='block_1_47' title="bbox 141 1646 935 1683">
    <p class='ocr_par' dir='ltr' id='par_1_47' title="bbox 141 1646 935 1683">
     <span class='ocr_line' id='line_1_47' title="bbox 141 1646 935 1683; baseline 0.001 -10"><span class='ocrx_word' id='word_1_346' title='bbox 141 1646 272 1674; x_wconf 67' lang='lat' dir='ltr'><strong>ﬁdelium</strong></span> <span class='ocrx_word' id='word_1_347' title='bbox 293 1646 392 1674; x_wconf 83' lang='lat' dir='ltr'><strong>tolerat</strong></span> <span class='ocrx_word' id='word_1_348' title='bbox 404 1646 548 1683; x_wconf 75' lang='lat' dir='ltr'><strong>Charitas),</strong></span> <span class='ocrx_word' id='word_1_349' title='bbox 562 1654 670 1682; x_wconf 85' lang='lat' dir='ltr'><strong>semper</strong></span> <span class='ocrx_word' id='word_1_350' title='bbox 684 1654 760 1674; x_wconf 89' lang='lat' dir='ltr'><strong>arma</strong></span> <span class='ocrx_word' id='word_1_351' title='bbox 772 1647 935 1682; x_wconf 90' lang='lat' dir='ltr'><strong>corripiunt,</strong></span> 
     </span>
    </p>
   </div>
   <div class='ocr_carea' id='block_1_48' title="bbox 142 1692 937 1728">
    <p class='ocr_par' dir='ltr' id='par_1_48' title="bbox 142 1692 937 1728">
     <span class='ocr_line' id='line_1_48' title="bbox 142 1692 937 1728; baseline -0.003 -7"><span class='ocrx_word' id='word_1_352' title='bbox 142 1698 232 1728; x_wconf 69' lang='lat' dir='ltr'><strong>atque</strong></span> <span class='ocrx_word' id='word_1_353' title='bbox 246 1701 295 1721; x_wconf 89' lang='lat' dir='ltr'><strong>eos</strong></span> <span class='ocrx_word' id='word_1_354' title='bbox 308 1701 377 1728; x_wconf 88' lang='lat' dir='ltr'><strong>quos</strong></span> <span class='ocrx_word' id='word_1_355' title='bbox 389 1693 446 1720; x_wconf 86' lang='lat' dir='ltr'><strong>suis</strong></span> <span class='ocrx_word' id='word_1_356' title='bbox 456 1693 597 1728; x_wconf 87' lang='lat' dir='ltr'><strong>potuerint</strong></span> <span class='ocrx_word' id='word_1_357' title='bbox 610 1692 764 1725; x_wconf 89' lang='lat' dir='ltr'><strong>erroribus,</strong></span> <span class='ocrx_word' id='word_1_358' title='bbox 779 1693 806 1720; x_wconf 92' lang='lat' dir='ltr'><strong>in</strong></span> <span class='ocrx_word' id='word_1_359' title='bbox 818 1693 878 1728; x_wconf 86' lang='lat' dir='ltr'><strong>ejus</strong></span> <span class='ocrx_word' id='word_1_360' title='bbox 893 1692 937 1720; x_wconf 91' lang='lat' dir='ltr'><strong>ni-</strong></span> 
     </span>
    </p>
   </div>
   <div class='ocr_carea' id='block_1_49' title="bbox 143 1739 937 1774">
    <p class='ocr_par' dir='ltr' id='par_1_49' title="bbox 143 1739 937 1774">
     <span class='ocr_line' id='line_1_49' title="bbox 143 1739 937 1774; baseline -0.003 -6"><span class='ocrx_word' id='word_1_361' title='bbox 143 1740 389 1768; x_wconf 66' lang='lat' dir='ltr'><strong>Mnturinvidiam</strong></span> <span class='ocrx_word' id='word_1_362' title='bbox 403 1740 553 1768; x_wconf 86' lang='lat' dir='ltr'><strong>concitare.</strong></span> <span class='ocrx_word' id='word_1_363' title='bbox 571 1739 624 1767; x_wconf 88' lang='lat' dir='ltr'><strong>Sed</strong></span> <span class='ocrx_word' id='word_1_364' title='bbox 633 1740 661 1767; x_wconf 92' lang='lat' dir='ltr'><strong>in</strong></span> <span class='ocrx_word' id='word_1_365' title='bbox 673 1739 762 1767; x_wconf 85' lang='lat' dir='ltr'><strong>nihilo</strong></span> <span class='ocrx_word' id='word_1_366' title='bbox 779 1739 937 1774; x_wconf 71' lang='lat' dir='ltr'><strong>prmvalent,</strong></span> 
     </span>
    </p>
   </div>
   <div class='ocr_carea' id='block_1_50' title="bbox 143 1785 937 1822">
    <p class='ocr_par' dir='ltr' id='par_1_50' title="bbox 143 1785 937 1822">
     <span class='ocr_line' id='line_1_50' title="bbox 143 1785 937 1822; baseline -0.003 -8"><span class='ocrx_word' id='word_1_367' title='bbox 143 1788 215 1822; x_wconf 75' lang='lat' dir='ltr'><strong>quia</strong></span> <span class='ocrx_word' id='word_1_368' title='bbox 228 1787 364 1815; x_wconf 79' lang='lat' dir='ltr'><strong>veraciter</strong></span> <span class='ocrx_word' id='word_1_369' title='bbox 375 1794 391 1814; x_wconf 89' lang='lat' dir='ltr'><strong>a</strong></span> <span class='ocrx_word' id='word_1_370' title='bbox 404 1787 460 1814; x_wconf 91' lang='lat' dir='ltr'><strong>Deo</strong></span> <span class='ocrx_word' id='word_1_371' title='bbox 482 1794 558 1820; x_wconf 88' lang='lat' dir='ltr'><strong>vero,</strong></span> <span class='ocrx_word' id='word_1_372' title='bbox 572 1794 653 1821; x_wconf 90' lang='lat' dir='ltr'><strong>quem</strong></span> <span class='ocrx_word' id='word_1_373' title='bbox 670 1786 736 1813; x_wconf 90' lang='lat' dir='ltr'><strong>colit</strong></span> <span class='ocrx_word' id='word_1_374' title='bbox 748 1790 777 1814; x_wconf 83' lang='lat' dir='ltr'><strong>et</strong></span> <span class='ocrx_word' id='word_1_375' title='bbox 796 1785 937 1821; x_wconf 80' lang='lat' dir='ltr'><strong>praedicat,</strong></span> 
     </span>
    </p>
   </div>
   <div class='ocr_carea' id='block_1_51' title="bbox 145 1831 940 1868">
    <p class='ocr_par' dir='ltr' id='par_1_51' title="bbox 145 1831 940 1868">
     <span class='ocr_line' id='line_1_51' title="bbox 145 1831 940 1868; baseline -0.003 -8"><span class='ocrx_word' id='word_1_376' title='bbox 145 1834 191 1861; x_wconf 81' lang='lat' dir='ltr'><strong>illi</strong></span> <span class='ocrx_word' id='word_1_377' title='bbox 203 1833 370 1868; x_wconf 86' lang='lat' dir='ltr'><strong>promissum</strong></span> <span class='ocrx_word' id='word_1_378' title='bbox 383 1836 427 1860; x_wconf 84' lang='lat' dir='ltr'><strong>est</strong></span> <span class='ocrx_word' id='word_1_379' title='bbox 441 1832 600 1859; x_wconf 87' lang='lat' dir='ltr'><strong>nullatenus</strong></span> <span class='ocrx_word' id='word_1_380' title='bbox 622 1831 756 1859; x_wconf 86' lang='lat' dir='ltr'><strong>adversus</strong></span> <span class='ocrx_word' id='word_1_381' title='bbox 769 1839 830 1859; x_wconf 85' lang='lat' dir='ltr'><strong>eam</strong></span> <span class='ocrx_word' id='word_1_382' title='bbox 846 1835 940 1866; x_wconf 88' lang='lat' dir='ltr'><strong>portas</strong></span> 
     </span>
    </p>
   </div>
   <div class='ocr_carea' id='block_1_52' title="bbox 146 1877 939 1914">
    <p class='ocr_par' dir='ltr' id='par_1_52' title="bbox 146 1877 939 1914">
     <span class='ocr_line' id='line_1_52' title="bbox 146 1877 939 1914; baseline -0.003 -8"><span class='ocrx_word' id='word_1_383' title='bbox 146 1879 232 1906; x_wconf 69' lang='lat' dir='ltr'><strong>inferi</strong></span> <span class='ocrx_word' id='word_1_384' title='bbox 245 1878 434 1914; x_wconf 65' lang='lat' dir='ltr'><strong>praevalituras</strong></span> <span class='ocrx_word' id='word_1_385' title='bbox 444 1878 476 1905; x_wconf 79' lang='lat'><strong>&quot;.</strong></span> <span class='ocrx_word' id='word_1_386' title='bbox 490 1877 560 1905; x_wconf 90' lang='lat' dir='ltr'><strong>lluic</strong></span> <span class='ocrx_word' id='word_1_387' title='bbox 570 1877 690 1913; x_wconf 87' lang='lat' dir='ltr'><strong>denique</strong></span> <span class='ocrx_word' id='word_1_388' title='bbox 703 1877 769 1904; x_wconf 92' lang='lat' dir='ltr'><strong>illud</strong></span> <span class='ocrx_word' id='word_1_389' title='bbox 780 1878 875 1913; x_wconf 89' lang='lat' dir='ltr'><strong>procul</strong></span> <span class='ocrx_word' id='word_1_390' title='bbox 886 1877 939 1905; x_wconf 92' lang='lat' dir='ltr'><strong>du-</strong></span> 
     </span>
    </p>
   </div>
   <div class='ocr_carea' id='block_1_53' title="bbox 128 1925 941 1962">
    <p class='ocr_par' dir='ltr' id='par_1_53' title="bbox 128 1925 941 1962">
     <span class='ocr_line' id='line_1_53' title="bbox 128 1925 941 1962; baseline -0.002 -8"><span class='ocrx_word' id='word_1_391' title='bbox 128 1935 131 1937; x_wconf 91' lang='grc'>·</span> <span class='ocrx_word' id='word_1_392' title='bbox 150 1927 199 1954; x_wconf 86' lang='lat' dir='ltr'><strong>bio</strong></span> <span class='ocrx_word' id='word_1_393' title='bbox 218 1926 411 1962; x_wconf 88' lang='lat' dir='ltr'><strong>propheticum</strong></span> <span class='ocrx_word' id='word_1_394' title='bbox 431 1925 630 1953; x_wconf 83' lang='lat' dir='ltr'><strong>convenienter</strong></span> <span class='ocrx_word' id='word_1_395' title='bbox 652 1926 801 1962; x_wconf 84' lang='lat' dir='ltr'><strong>competit_</strong></span> <span class='ocrx_word' id='word_1_396' title='bbox 816 1925 941 1952; x_wconf 81' lang='lat' dir='ltr'><strong>testimo-</strong></span> 
     </span>
    </p>
   </div>
   <div class='ocr_carea' id='block_1_54' title="bbox 130 1971 940 2008">
    <p class='ocr_par' dir='ltr' id='par_1_54' title="bbox 130 1971 940 2008">
     <span class='ocr_line' id='line_1_54' title="bbox 130 1971 940 2008; baseline -0.001 -9"><span class='ocrx_word' id='word_1_397' title='bbox 130 1986 133 1989; x_wconf 86' lang='lat'><strong><em>-</em></strong></span> <span class='ocrx_word' id='word_1_398' title='bbox 152 1973 240 2004; x_wconf 88' lang='lat' dir='ltr'><strong>nium,</strong></span> <span class='ocrx_word' id='word_1_399' title='bbox 254 1972 328 2007; x_wconf 90' lang='lat' dir='ltr'><strong>quod</strong></span> <span class='ocrx_word' id='word_1_400' title='bbox 338 1971 416 2008; x_wconf 88' lang='lat' dir='ltr'><strong>quasi</strong></span> <span class='ocrx_word' id='word_1_401' title='bbox 429 1980 463 2000; x_wconf 79' lang='lat' dir='ltr'><strong>ex</strong></span> <span class='ocrx_word' id='word_1_402' title='bbox 480 1979 596 2007; x_wconf 88' lang='lat' dir='ltr'><strong>persona</strong></span> <span class='ocrx_word' id='word_1_403' title='bbox 609 1971 731 2007; x_wconf 88' lang='lat' dir='ltr'><strong>ejusdem</strong></span> <span class='ocrx_word' id='word_1_404' title='bbox 744 1971 874 1999; x_wconf 76' lang='lat' dir='ltr'><strong>Ecclesia:</strong></span> <span class='ocrx_word' id='word_1_405' title='bbox 889 1971 940 1998; x_wconf 89' lang='lat' dir='ltr'><strong>iste</strong></span> 
     </span>
    </p>
   </div>
   <div class='ocr_carea' id='block_1_55' title="bbox 152 2016 942 2053">
    <p class='ocr_par' dir='ltr' id='par_1_55' title="bbox 152 2016 942 2053">
     <span class='ocr_line' id='line_1_55' title="bbox 152 2016 942 2053; baseline -0.001 -8"><span class='ocrx_word' id='word_1_406' title='bbox 152 2017 278 2052; x_wconf 69' lang='lat' dir='ltr'><strong>protulit,</strong></span> <span class='ocrx_word' id='word_1_407' title='bbox 292 2017 387 2045; x_wconf 85' lang='lat' dir='ltr'><strong>dicens</strong></span> <span class='ocrx_word' id='word_1_408' title='bbox 407 2026 413 2044; x_wconf 89' lang='lat'><strong>:</strong></span> <span class='ocrx_word' id='word_1_409' title='bbox 432 2016 507 2052; x_wconf 71' lang='lat' dir='ltr'><strong>Saepe</strong></span> <span class='ocrx_word' id='word_1_410' title='bbox 528 2021 742 2053; x_wconf 67' lang='lat' dir='ltr'><strong>expugnaverunt</strong></span> <span class='ocrx_word' id='word_1_411' title='bbox 760 2025 800 2044; x_wconf 84' lang='lat' dir='ltr'><strong>me</strong></span> <span class='ocrx_word' id='word_1_412' title='bbox 817 2026 834 2044; x_wconf 90' lang='lat' dir='ltr'><strong>a</strong></span> <span class='ocrx_word' id='word_1_413' title='bbox 845 2017 942 2052; x_wconf 82' lang='lat' dir='ltr'><strong>juven-</strong></span> 
     </span>
    </p>
   </div>
   <div class='ocr_carea' id='block_1_56' title="bbox 148 2064 705 2099">
    <p class='ocr_par' dir='ltr' id='par_1_56' title="bbox 148 2064 705 2099">
     <span class='ocr_line' id='line_1_56' title="bbox 148 2064 705 2099; baseline 0 -9"><span class='ocrx_word' id='word_1_414' title='bbox 148 2068 209 2090; x_wconf 55' lang='lat' dir='ltr'><strong>‘tule</strong></span> <span class='ocrx_word' id='word_1_415' title='bbox 218 2071 286 2097; x_wconf 81' lang='lat' dir='ltr'><strong>mea,</strong></span> <span class='ocrx_word' id='word_1_416' title='bbox 299 2064 393 2090; x_wconf 79' lang='lat' dir='ltr'><strong>etenim</strong></span> <span class='ocrx_word' id='word_1_417' title='bbox 408 2071 459 2090; x_wconf 85' lang='lat' dir='ltr'><strong>mm</strong></span> <span class='ocrx_word' id='word_1_418' title='bbox 476 2067 618 2099; x_wconf 84' lang='lat' dir='ltr'><strong>potuerunt</strong></span> <span class='ocrx_word' id='word_1_419' title='bbox 632 2064 705 2090; x_wconf 80' lang='lat' dir='ltr'><strong>mihi.</strong></span> 
     </span>
    </p>
   </div>
   <div class='ocr_carea' id='block_1_57' title="bbox 192 2108 939 2146">
    <p class='ocr_par' dir='ltr' id='par_1_57' title="bbox 192 2108 939 2146">
     <span class='ocr_line' id='line_1_57' title="bbox 192 2108 939 2146; baseline -0.003 -8"><span class='ocrx_word' id='word_1_420' title='bbox 192 2110 245 2138; x_wconf 82' lang='lat' dir='ltr'><strong>Sed</strong></span> <span class='ocrx_word' id='word_1_421' title='bbox 257 2110 314 2146; x_wconf 88' lang='lat' dir='ltr'><strong>jam</strong></span> <span class='ocrx_word' id='word_1_422' title='bbox 325 2117 400 2138; x_wconf 91' lang='lat' dir='ltr'><strong>nunc</strong></span> <span class='ocrx_word' id='word_1_423' title='bbox 415 2117 448 2137; x_wconf 87' lang='lat' dir='ltr'><strong>ea</strong></span> <span class='ocrx_word' id='word_1_424' title='bbox 463 2117 523 2145; x_wconf 64' lang='lat' dir='ltr'><strong>quae</strong></span> <span class='ocrx_word' id='word_1_425' title='bbox 540 2113 704 2144; x_wconf 86' lang='lat' dir='ltr'><strong>sequuntur,</strong></span> <span class='ocrx_word' id='word_1_426' title='bbox 723 2108 939 2137; x_wconf 89' lang='lat' dir='ltr'><strong>consideremus.</strong></span> 
     </span>
    </p>
   </div>
   <div class='ocr_carea' id='block_1_58' title="bbox 155 2155 942 2192">
    <p class='ocr_par' dir='ltr' id='par_1_58' title="bbox 155 2155 942 2192">
     <span class='ocr_line' id='line_1_58' title="bbox 155 2155 942 2192; baseline -0.003 -8"><span class='ocrx_word' id='word_1_427' title='bbox 155 2166 166 2184; x_wconf 72' lang='grc' dir='ltr'>ί</span> <span class='ocrx_word' id='word_1_428' title='bbox 180 2157 390 2192; x_wconf 78' lang='lat' dir='ltr'><strong>Adhuc,inquit,</strong></span> <span class='ocrx_word' id='word_1_429' title='bbox 398 2157 425 2183; x_wconf 94' lang='lat' dir='ltr'><strong>in</strong></span> <span class='ocrx_word' id='word_1_430' title='bbox 436 2164 500 2184; x_wconf 85' lang='lat' dir='ltr'><strong>area</strong></span> <span class='ocrx_word' id='word_1_431' title='bbox 513 2163 619 2188; x_wconf 88' lang='lat' dir='ltr'><strong>sumus,</strong></span> <span class='ocrx_word' id='word_1_432' title='bbox 634 2155 714 2184; x_wconf 88' lang='lat' dir='ltr'><strong>mista</strong></span> <span class='ocrx_word' id='word_1_433' title='bbox 729 2160 794 2183; x_wconf 88' lang='lat' dir='ltr'><strong>sunt</strong></span> <span class='ocrx_word' id='word_1_434' title='bbox 805 2155 942 2183; x_wconf 87' lang='lat' dir='ltr'><strong>frumenta</strong></span> 
     </span>
    </p>
   </div>
   <div class='ocr_carea' id='block_1_59' title="bbox 153 2201 942 2240">
    <p class='ocr_par' dir='ltr' id='par_1_59' title="bbox 153 2201 942 2240">
     <span class='ocr_line' id='line_1_59' title="bbox 153 2201 942 2240; baseline -0.006 -7"><span class='ocrx_word' id='word_1_435' title='bbox 153 2212 217 2233; x_wconf 84' lang='lat' dir='ltr'><strong>cum</strong></span> <span class='ocrx_word' id='word_1_436' title='bbox 233 2205 330 2240; x_wconf 82' lang='lat' dir='ltr'><strong>paleis,</strong></span> <span class='ocrx_word' id='word_1_437' title='bbox 345 2208 459 2240; x_wconf 78' lang='lat' dir='ltr'><strong>gemunt</strong></span> <span class='ocrx_word' id='word_1_438' title='bbox 474 2203 538 2231; x_wconf 88' lang='lat' dir='ltr'><strong>boni</strong></span> <span class='ocrx_word' id='word_1_439' title='bbox 553 2202 693 2230; x_wconf 80' lang='lat' dir='ltr'><strong>consortia</strong></span> <span class='ocrx_word' id='word_1_440' title='bbox 711 2203 847 2229; x_wconf 92' lang='lat' dir='ltr'><strong>malorum</strong></span> <span class='ocrx_word' id='word_1_441' title='bbox 870 2210 876 2228; x_wconf 94' lang='lat'><strong>:</strong></span> <span class='ocrx_word' id='word_1_442' title='bbox 894 2201 942 2228; x_wconf 86' lang='lat' dir='ltr'><strong>sed</strong></span> 
     </span>
    </p>
   </div>
   <div class='ocr_carea' id='block_1_60' title="bbox 132 2249 942 2287">
    <p class='ocr_par' dir='ltr' id='par_1_60' title="bbox 132 2249 942 2287">
     <span class='ocr_line' id='line_1_60' title="bbox 132 2249 942 2287; baseline -0.007 -7"><span class='ocrx_word' id='word_1_443' title='bbox 132 2253 135 2258; x_wconf 87' lang='lat'>&#39;</span> <span class='ocrx_word' id='word_1_444' title='bbox 155 2256 281 2287; x_wconf 86' lang='lat' dir='ltr'><strong>superest</strong></span> <span class='ocrx_word' id='word_1_445' title='bbox 303 2251 412 2278; x_wconf 86' lang='lat' dir='ltr'><strong>flamma</strong></span> <span class='ocrx_word' id='word_1_446' title='bbox 428 2258 483 2278; x_wconf 90' lang='lat' dir='ltr'><strong>non</strong></span> <span class='ocrx_word' id='word_1_447' title='bbox 508 2249 694 2282; x_wconf 87' lang='lat' dir='ltr'><strong>necessariis,</strong></span> <span class='ocrx_word' id='word_1_448' title='bbox 715 2253 744 2276; x_wconf 89' lang='lat' dir='ltr'><strong>et</strong></span> <span class='ocrx_word' id='word_1_449' title='bbox 761 2252 856 2283; x_wconf 88' lang='lat' dir='ltr'><strong>parata</strong></span> <span class='ocrx_word' id='word_1_450' title='bbox 877 2251 942 2275; x_wconf 91' lang='lat' dir='ltr'><strong>sunt</strong></span> 
     </span>
    </p>
   </div>
   <div class='ocr_carea' id='block_1_61' title="bbox 135 2293 944 2332">
    <p class='ocr_par' dir='ltr' id='par_1_61' title="bbox 135 2293 944 2332">
     <span class='ocr_line' id='line_1_61' title="bbox 135 2293 944 2332; baseline -0.007 -7"><span class='ocrx_word' id='word_1_451' title='bbox 135 2314 137 2316; x_wconf 98' lang='lat'><strong><em>-</em></strong></span> <span class='ocrx_word' id='word_1_452' title='bbox 150 2298 253 2325; x_wconf 79' lang='lat' dir='ltr'><strong>horrea</strong></span> <span class='ocrx_word' id='word_1_453' title='bbox 263 2298 318 2332; x_wconf 88' lang='lat' dir='ltr'><strong>jam</strong></span> <span class='ocrx_word' id='word_1_454' title='bbox 345 2296 494 2332; x_wconf 67' lang='lat' dir='ltr'><strong>probatis.»</strong></span> <span class='ocrx_word' id='word_1_455' title='bbox 510 2296 540 2322; x_wconf 91' lang='lat' dir='ltr'><strong>ln</strong></span> <span class='ocrx_word' id='word_1_456' title='bbox 565 2303 596 2323; x_wconf 90' lang='lat' dir='ltr'><strong>re</strong></span> <span class='ocrx_word' id='word_1_457' title='bbox 613 2294 714 2322; x_wconf 90' lang='lat' dir='ltr'><strong>morari</strong></span> <span class='ocrx_word' id='word_1_458' title='bbox 729 2293 833 2321; x_wconf 79' lang='lat' dir='ltr'><strong>diI&#39;Jtius</strong></span> <span class='ocrx_word' id='word_1_459' title='bbox 848 2300 944 2328; x_wconf 85' lang='lat' dir='ltr'><strong>super-</strong></span> 
     </span>
    </p>
   </div>
   <div class='ocr_carea' id='block_1_62' title="bbox 150 2339 943 2376">
    <p class='ocr_par' dir='ltr' id='par_1_62' title="bbox 150 2339 943 2376">
     <span class='ocr_line' id='line_1_62' title="bbox 150 2339 943 2376; baseline -0.006 -5"><span class='ocrx_word' id='word_1_460' title='bbox 150 2343 241 2371; x_wconf 68' lang='lat' dir='ltr'><strong>ﬂuum</strong></span> <span class='ocrx_word' id='word_1_461' title='bbox 262 2344 378 2371; x_wconf 70' lang='lat' dir='ltr'><strong>aestimo.</strong></span> <span class='ocrx_word' id='word_1_462' title='bbox 394 2343 465 2376; x_wconf 79' lang='lat' dir='ltr'><strong>Quis</strong></span> <span class='ocrx_word' id='word_1_463' title='bbox 486 2342 560 2369; x_wconf 91' lang='lat' dir='ltr'><strong>enim</strong></span> <span class='ocrx_word' id='word_1_464' title='bbox 577 2342 693 2373; x_wconf 90' lang='lat' dir='ltr'><strong>nesciat,</strong></span> <span class='ocrx_word' id='word_1_465' title='bbox 713 2340 784 2368; x_wconf 88' lang='lat' dir='ltr'><strong>sicut</strong></span> <span class='ocrx_word' id='word_1_466' title='bbox 796 2339 943 2367; x_wconf 81' lang='lat' dir='ltr'><strong>frumentis</strong></span> 
     </span>
    </p>
   </div>
   <div class='ocr_carea' id='block_1_63' title="bbox 150 2385 942 2424">
    <p class='ocr_par' dir='ltr' id='par_1_63' title="bbox 150 2385 942 2424">
     <span class='ocr_line' id='line_1_63' title="bbox 150 2385 942 2424; baseline -0.005 -8"><span class='ocrx_word' id='word_1_467' title='bbox 150 2389 266 2421; x_wconf 81' lang='lat' dir='ltr'><strong>horrea,</strong></span> <span class='ocrx_word' id='word_1_468' title='bbox 282 2389 320 2416; x_wconf 83' lang='lat' dir='ltr'><strong>ita</strong></span> <span class='ocrx_word' id='word_1_469' title='bbox 336 2388 423 2424; x_wconf 84' lang='lat' dir='ltr'><strong>paleis</strong></span> <span class='ocrx_word' id='word_1_470' title='bbox 438 2387 574 2415; x_wconf 83' lang='lat' dir='ltr'><strong>flammam</strong></span> <span class='ocrx_word' id='word_1_471' title='bbox 594 2394 655 2414; x_wconf 88' lang='lat' dir='ltr'><strong>esse</strong></span> <span class='ocrx_word' id='word_1_472' title='bbox 674 2391 798 2424; x_wconf 80' lang='lat' dir='ltr'><strong>paratam</strong></span> <span class='ocrx_word' id='word_1_473' title='bbox 809 2386 822 2412; x_wconf 83' lang='lat'><strong>?</strong></span> <span class='ocrx_word' id='word_1_474' title='bbox 835 2385 889 2413; x_wconf 90' lang='lat' dir='ltr'><strong>Sed</strong></span> <span class='ocrx_word' id='word_1_475' title='bbox 914 2385 942 2412; x_wconf 93' lang='lat' dir='ltr'><strong>in</strong></span> 
     </span>
    </p>
   </div>
   <div class='ocr_carea' id='block_1_64' title="bbox 151 2422 943 2472">
    <p class='ocr_par' dir='ltr' id='par_1_64' title="bbox 151 2422 943 2472">
     <span class='ocr_line' id='line_1_64' title="bbox 151 2422 943 2472; baseline -0.005 -10"><span class='ocrx_word' id='word_1_476' title='bbox 151 2435 206 2462; x_wconf 86' lang='lat' dir='ltr'><strong>hac</strong></span> <span class='ocrx_word' id='word_1_477' title='bbox 221 2442 286 2462; x_wconf 89' lang='lat' dir='ltr'><strong>area</strong></span> <span class='ocrx_word' id='word_1_478' title='bbox 315 2434 385 2471; x_wconf 88' lang='lat' dir='ltr'><strong>(hoc</strong></span> <span class='ocrx_word' id='word_1_479' title='bbox 400 2437 443 2461; x_wconf 83' lang='lat' dir='ltr'><strong>est</strong></span> <span class='ocrx_word' id='word_1_480' title='bbox 460 2434 487 2461; x_wconf 94' lang='lat' dir='ltr'><strong>in</strong></span> <span class='ocrx_word' id='word_1_481' title='bbox 504 2431 658 2472; x_wconf 74' lang='lat' dir='ltr'><strong>Ecclesia),</strong></span> <span class='ocrx_word' id='word_1_482' title='bbox 672 2432 699 2459; x_wconf 90' lang='lat' dir='ltr'><strong>in</strong></span> <span class='ocrx_word' id='word_1_483' title='bbox 713 2422 766 2466; x_wconf 74' lang='lat' dir='ltr'><strong>qua</strong></span> <span class='ocrx_word' id='word_1_484' title='bbox 779 2432 860 2458; x_wconf 89' lang='lat' dir='ltr'><strong>mista</strong></span> <span class='ocrx_word' id='word_1_485' title='bbox 877 2435 943 2459; x_wconf 89' lang='lat' dir='ltr'><strong>sunt</strong></span> 
     </span>
    </p>
   </div>
   <div class='ocr_carea' id='block_1_65' title="bbox 154 2476 943 2514">
    <p class='ocr_par' dir='ltr' id='par_1_65' title="bbox 154 2476 943 2514">
     <span class='ocr_line' id='line_1_65' title="bbox 154 2476 943 2514; baseline -0.006 -6"><span class='ocrx_word' id='word_1_486' title='bbox 154 2482 363 2509; x_wconf 31' lang='lat' dir='ltr'><strong>frumentarcum</strong></span> <span class='ocrx_word' id='word_1_487' title='bbox 376 2479 471 2514; x_wconf 83' lang='lat' dir='ltr'><strong>paleis,</strong></span> <span class='ocrx_word' id='word_1_488' title='bbox 481 2484 509 2505; x_wconf 90' lang='lat' dir='ltr'><strong>et</strong></span> <span class='ocrx_word' id='word_1_489' title='bbox 517 2483 632 2514; x_wconf 79' lang='lat' dir='ltr'><strong>gemunt</strong></span> <span class='ocrx_word' id='word_1_490' title='bbox 641 2477 703 2505; x_wconf 89' lang='lat' dir='ltr'><strong>boni</strong></span> <span class='ocrx_word' id='word_1_491' title='bbox 712 2476 943 2505; x_wconf 86' lang='lat' dir='ltr'><strong>eonsortiamalo-</strong></span> 
     </span>
    </p>
   </div>
   <div class='ocr_carea' id='block_1_66' title="bbox 147 2521 944 2561">
    <p class='ocr_par' dir='ltr' id='par_1_66' title="bbox 147 2521 944 2561">
     <span class='ocr_line' id='line_1_66' title="bbox 147 2521 944 2561; baseline -0.009 -7"><span class='ocrx_word' id='word_1_492' title='bbox 147 2534 228 2559; x_wconf 68' lang='lat' dir='ltr'><strong>‘rum,</strong></span> <span class='ocrx_word' id='word_1_493' title='bbox 245 2525 308 2561; x_wconf 86' lang='lat' dir='ltr'><strong>quis</strong></span> <span class='ocrx_word' id='word_1_494' title='bbox 337 2533 384 2552; x_wconf 85' lang='lat' dir='ltr'><strong>eos</strong></span> <span class='ocrx_word' id='word_1_495' title='bbox 405 2524 591 2556; x_wconf 87' lang='lat' dir='ltr'><strong>necessarios,</strong></span> <span class='ocrx_word' id='word_1_496' title='bbox 614 2527 662 2550; x_wconf 88' lang='lat' dir='ltr'><strong>aut</strong></span> <span class='ocrx_word' id='word_1_497' title='bbox 680 2527 754 2549; x_wconf 88' lang='lat' dir='ltr'><strong>certe</strong></span> <span class='ocrx_word' id='word_1_498' title='bbox 776 2530 832 2549; x_wconf 88' lang='lat' dir='ltr'><strong>non</strong></span> <span class='ocrx_word' id='word_1_499' title='bbox 852 2521 944 2556; x_wconf 87' lang='lat' dir='ltr'><strong>paleas</strong></span> 
     </span>
    </p>
   </div>
   <div class='ocr_carea' id='block_1_67' title="bbox 153 2567 944 2607">
    <p class='ocr_par' dir='ltr' id='par_1_67' title="bbox 153 2567 944 2607">
     <span class='ocr_line' id='line_1_67' title="bbox 153 2567 944 2607; baseline -0.008 -8"><span class='ocrx_word' id='word_1_500' title='bbox 153 2575 290 2607; x_wconf 83' lang='lat' dir='ltr'><strong>perpetuo</strong></span> <span class='ocrx_word' id='word_1_501' title='bbox 310 2570 365 2606; x_wconf 73' lang='lat' dir='ltr'><strong>igni</strong></span> <span class='ocrx_word' id='word_1_502' title='bbox 385 2569 549 2597; x_wconf 87' lang='lat' dir='ltr'><strong>cremandos</strong></span> <span class='ocrx_word' id='word_1_503' title='bbox 565 2575 627 2596; x_wconf 80' lang='lat' dir='ltr'><strong>esse.</strong></span> <span class='ocrx_word' id='word_1_504' title='bbox 642 2568 756 2603; x_wconf 90' lang='lat' dir='ltr'><strong>judicet,</strong></span> <span class='ocrx_word' id='word_1_505' title='bbox 771 2567 818 2602; x_wconf 93' lang='lat' dir='ltr'><strong>qui</strong></span> <span class='ocrx_word' id='word_1_506' title='bbox 834 2574 882 2594; x_wconf 91' lang='lat' dir='ltr'><strong>ore</strong></span> <span class='ocrx_word' id='word_1_507' title='bbox 901 2573 944 2593; x_wconf 88' lang='lat' dir='ltr'><strong>sa-</strong></span> 
     </span>
    </p>
   </div>
   <div class='ocr_carea' id='block_1_68' title="bbox 153 2611 944 2652">
    <p class='ocr_par' dir='ltr' id='par_1_68' title="bbox 153 2611 944 2652">
     <span class='ocr_line' id='line_1_68' title="bbox 153 2611 944 2652; baseline -0.008 -8"><span class='ocrx_word' id='word_1_508' title='bbox 153 2617 270 2652; x_wconf 78' lang='lat' dir='ltr'><strong>crilego,</strong></span> <span class='ocrx_word' id='word_1_509' title='bbox 286 2621 382 2643; x_wconf 88' lang='lat' dir='ltr'><strong>natura</strong></span> <span class='ocrx_word' id='word_1_510' title='bbox 394 2615 480 2642; x_wconf 85' lang='lat' dir='ltr'><strong>Deum</strong></span> <span class='ocrx_word' id='word_1_511' title='bbox 495 2618 639 2649; x_wconf 79' lang='lat' dir='ltr'><strong>negantes,</strong></span> <span class='ocrx_word' id='word_1_512' title='bbox 652 2621 667 2640; x_wconf 87' lang='lat' dir='ltr'><strong>a</strong></span> <span class='ocrx_word' id='word_1_513' title='bbox 682 2613 816 2640; x_wconf 80' lang='lat' dir='ltr'><strong>catholica</strong></span> <span class='ocrx_word' id='word_1_514' title='bbox 827 2611 944 2639; x_wconf 88' lang='lat' dir='ltr'><strong>veritate</strong></span> 
     </span>
    </p>
   </div>
   <div class='ocr_carea' id='block_1_69' title="bbox 152 2658 943 2696">
    <p class='ocr_par' dir='ltr' id='par_1_69' title="bbox 152 2658 943 2696">
     <span class='ocr_line' id='line_1_69' title="bbox 152 2658 943 2696; baseline -0.008 -6"><span class='ocrx_word' id='word_1_515' title='bbox 152 2663 324 2692; x_wconf 77' lang='lat' dir='ltr'><strong>desciscunt,</strong></span> <span class='ocrx_word' id='word_1_516' title='bbox 339 2666 366 2688; x_wconf 89' lang='lat' dir='ltr'><strong>et</strong></span> <span class='ocrx_word' id='word_1_517' title='bbox 378 2666 509 2696; x_wconf 69' lang='lat' dir='ltr'><strong>apostatm</strong></span> <span class='ocrx_word' id='word_1_518' title='bbox 527 2660 636 2692; x_wconf 73' lang='lat' dir='ltr'><strong>effecti,</strong></span> <span class='ocrx_word' id='word_1_519' title='bbox 658 2660 741 2687; x_wconf 83' lang='lat' dir='ltr'><strong>armis</strong></span> <span class='ocrx_word' id='word_1_520' title='bbox 759 2658 878 2694; x_wconf 67' lang='lat' dir='ltr'><strong>propriae</strong></span> <span class='ocrx_word' id='word_1_521' title='bbox 892 2658 943 2684; x_wconf 93' lang='lat' dir='ltr'><strong>im-</strong></span> 
     </span>
    </p>
   </div>
   <div class='ocr_carea' id='block_1_70' title="bbox 153 2703 943 2745">
    <p class='ocr_par' dir='ltr' id='par_1_70' title="bbox 153 2703 943 2745">
     <span class='ocr_line' id='line_1_70' title="bbox 153 2703 943 2745; baseline -0.009 -9"><span class='ocrx_word' id='word_1_522' title='bbox 153 2708 268 2745; x_wconf 87' lang='lat' dir='ltr'><strong>pietatis</strong></span> <span class='ocrx_word' id='word_1_523' title='bbox 282 2707 415 2734; x_wconf 90' lang='lat' dir='ltr'><strong>adversus</strong></span> <span class='ocrx_word' id='word_1_524' title='bbox 436 2714 508 2738; x_wconf 82' lang='lat' dir='ltr'><strong>eam,</strong></span> <span class='ocrx_word' id='word_1_525' title='bbox 523 2714 585 2741; x_wconf 74' lang='lat' dir='ltr'><strong>quae</strong></span> <span class='ocrx_word' id='word_1_526' title='bbox 597 2713 645 2732; x_wconf 89' lang='lat' dir='ltr'><strong>eos</strong></span> <span class='ocrx_word' id='word_1_527' title='bbox 663 2705 767 2740; x_wconf 77' lang='lat' dir='ltr'><strong>genuit,</strong></span> <span class='ocrx_word' id='word_1_528' title='bbox 787 2703 943 2731; x_wconf 86' lang='lat' dir='ltr'><strong>dimicant?</strong></span> 
     </span>
    </p>
   </div>
   <div class='ocr_carea' id='block_1_71' title="bbox 153 2748 944 2786">
    <p class='ocr_par' dir='ltr' id='par_1_71' title="bbox 153 2748 944 2786">
     <span class='ocr_line' id='line_1_71' title="bbox 153 2748 944 2786; baseline -0.005 -6"><span class='ocrx_word' id='word_1_529' title='bbox 153 2753 308 2782; x_wconf 86' lang='lat' dir='ltr'><strong>Sciendum</strong></span> <span class='ocrx_word' id='word_1_530' title='bbox 327 2756 418 2780; x_wconf 88' lang='lat' dir='ltr'><strong>tamen</strong></span> <span class='ocrx_word' id='word_1_531' title='bbox 453 2759 534 2786; x_wconf 84' lang='lat' dir='ltr'><strong>posse</strong></span> <span class='ocrx_word' id='word_1_532' title='bbox 559 2750 643 2778; x_wconf 80' lang='lat' dir='ltr'><strong>etiam</strong></span> <span class='ocrx_word' id='word_1_533' title='bbox 667 2758 738 2777; x_wconf 64' lang='lat' dir='ltr'><strong>verte</strong></span> <span class='ocrx_word' id='word_1_534' title='bbox 765 2748 944 2785; x_wconf 85' lang='lat' dir='ltr'><strong>professionis</strong></span> 
     </span>
    </p>
   </div>
   <div class='ocr_carea' id='block_1_72' title="bbox 193 2851 827 2884">
    <p class='ocr_par' dir='ltr' id='par_1_72' title="bbox 193 2851 827 2884">
     <span class='ocr_line' id='line_1_72' title="bbox 193 2851 827 2884; baseline -0.003 -4"><span class='ocrx_word' id='word_1_535' title='bbox 193 2854 214 2870; x_wconf 90' lang='lat'><strong>&quot;</strong></span> <span class='ocrx_word' id='word_1_536' title='bbox 231 2853 301 2880; x_wconf 84' lang='lat' dir='ltr'><strong>Psal.</strong></span> <span class='ocrx_word' id='word_1_537' title='bbox 316 2860 427 2884; x_wconf 73' lang='lat' dir='ltr'><strong>cxxvm,</strong></span> <span class='ocrx_word' id='word_1_538' title='bbox 482 2852 509 2880; x_wconf 73' lang='lat'><strong>‘2.</strong></span> <span class='ocrx_word' id='word_1_539' title='bbox 567 2852 589 2868; x_wconf 77' lang='grc'><strong>’⁸</strong></span> <span class='ocrx_word' id='word_1_540' title='bbox 600 2851 697 2878; x_wconf 85' lang='lat' dir='ltr'><strong>Matth.</strong></span> <span class='ocrx_word' id='word_1_541' title='bbox 712 2859 766 2883; x_wconf 79' lang='lat' dir='ltr'><strong>xvi,</strong></span> <span class='ocrx_word' id='word_1_542' title='bbox 786 2851 827 2878; x_wconf 81' lang='grc'><strong>18.</strong></span> 
     </span>
    </p>
   </div>
   <div class='ocr_carea' id='block_1_73' title="bbox 152 2888 418 2921">
    <p class='ocr_par' dir='ltr' id='par_1_73' title="bbox 152 2888 418 2921">
     <span class='ocr_line' id='line_1_73' title="bbox 152 2888 418 2921; baseline -0.011 -5"><span class='ocrx_word' id='word_1_543' title='bbox 152 2890 177 2906; x_wconf 78' lang='grc'>⁵³</span> <span class='ocrx_word' id='word_1_544' title='bbox 192 2889 265 2918; x_wconf 70' lang='lat' dir='ltr'><strong>Psal.</strong></span> <span class='ocrx_word' id='word_1_545' title='bbox 282 2896 362 2921; x_wconf 68' lang='lat' dir='ltr'><strong>xxxv,</strong></span> <span class='ocrx_word' id='word_1_546' title='bbox 377 2888 418 2914; x_wconf 71' lang='grc'><strong>12.</strong></span> 
     </span>
    </p>
   </div>
   <div class='ocr_carea' id='block_1_74' title="bbox 887 2850 1103 2882">
    <p class='ocr_par' dir='ltr' id='par_1_74' title="bbox 887 2850 1103 2882">
     <span class='ocr_line' id='line_1_74' title="bbox 887 2850 1103 2882; baseline -0.005 -5"><span class='ocrx_word' id='word_1_547' title='bbox 887 2851 907 2866; x_wconf 75' lang='grc'><strong>¹⁹</strong></span> <span class='ocrx_word' id='word_1_548' title='bbox 919 2850 989 2878; x_wconf 86' lang='lat' dir='ltr'><strong>Psal.</strong></span> <span class='ocrx_word' id='word_1_549' title='bbox 1006 2857 1060 2882; x_wconf 77' lang='lat' dir='ltr'><strong>.vvt,</strong></span> <span class='ocrx_word' id='word_1_550' title='bbox 1078 2850 1103 2876; x_wconf 76' lang='lat'><strong>5.</strong></span> 
     </span>
    </p>
   </div>
   <div class='ocr_carea' id='block_1_75' title="bbox 983 960 1775 996">
    <p class='ocr_par' dir='ltr' id='par_1_75' title="bbox 983 960 1775 996">
     <span class='ocr_line' id='line_1_75' title="bbox 983 960 1775 996; baseline -0.004 -6"><span class='ocrx_word' id='word_1_551' title='bbox 983 962 1123 990; x_wconf 83' lang='lat' dir='ltr'><strong>occultare</strong></span> <span class='ocrx_word' id='word_1_552' title='bbox 1146 961 1312 996; x_wconf 83' lang='lat' dir='ltr'><strong>perfidiam?</strong></span> <span class='ocrx_word' id='word_1_553' title='bbox 1324 961 1378 988; x_wconf 87' lang='lat' dir='ltr'><strong>Sed</strong></span> <span class='ocrx_word' id='word_1_554' title='bbox 1395 965 1424 988; x_wconf 91' lang='lat' dir='ltr'><strong>te</strong></span> <span class='ocrx_word' id='word_1_555' title='bbox 1439 960 1586 995; x_wconf 88' lang='lat' dir='ltr'><strong>splendore</strong></span> <span class='ocrx_word' id='word_1_556' title='bbox 1603 967 1654 988; x_wconf 91' lang='lat' dir='ltr'><strong>suo</strong></span> <span class='ocrx_word' id='word_1_557' title='bbox 1669 960 1775 996; x_wconf 76' lang='lat' dir='ltr'><strong>detegit</strong></span> 
     </span>
    </p>
   </div>
   <div class='ocr_carea' id='block_1_76' title="bbox 982 1006 1780 1042">
    <p class='ocr_par' dir='ltr' id='par_1_76' title="bbox 982 1006 1780 1042">
     <span class='ocr_line' id='line_1_76' title="bbox 982 1006 1780 1042; baseline -0.004 -8"><span class='ocrx_word' id='word_1_558' title='bbox 982 1007 1119 1035; x_wconf 86' lang='lat' dir='ltr'><strong>catholica</strong></span> <span class='ocrx_word' id='word_1_559' title='bbox 1132 1007 1245 1038; x_wconf 86' lang='lat' dir='ltr'><strong>veritas,</strong></span> <span class='ocrx_word' id='word_1_560' title='bbox 1266 1011 1294 1034; x_wconf 89' lang='lat' dir='ltr'><strong>et</strong></span> <span class='ocrx_word' id='word_1_561' title='bbox 1312 1006 1389 1042; x_wconf 82' lang='lat' dir='ltr'><strong>juxta</strong></span> <span class='ocrx_word' id='word_1_562' title='bbox 1405 1010 1505 1033; x_wconf 79' lang='lat' dir='ltr'><strong>caetera</strong></span> <span class='ocrx_word' id='word_1_563' title='bbox 1519 1006 1605 1039; x_wconf 88' lang='lat' dir='ltr'><strong>mala,</strong></span> <span class='ocrx_word' id='word_1_564' title='bbox 1622 1006 1706 1034; x_wconf 90' lang='lat' dir='ltr'><strong>etiam</strong></span> <span class='ocrx_word' id='word_1_565' title='bbox 1732 1010 1780 1030; x_wconf 85' lang='lat' dir='ltr'><strong>su-</strong></span> 
     </span>
    </p>
   </div>
   <div class='ocr_carea' id='block_1_77' title="bbox 979 1046 1775 1088">
    <p class='ocr_par' dir='ltr' id='par_1_77' title="bbox 979 1046 1775 1088">
     <span class='ocr_line' id='line_1_77' title="bbox 979 1046 1775 1088; baseline 0 -9"><span class='ocrx_word' id='word_1_566' title='bbox 979 1046 1153 1088; x_wconf 66' lang='lat' dir='ltr'><strong>perbissimae</strong></span> <span class='ocrx_word' id='word_1_567' title='bbox 1167 1053 1318 1088; x_wconf 66' lang='lat' dir='ltr'><strong>Pelagiana:</strong></span> <span class='ocrx_word' id='word_1_568' title='bbox 1331 1052 1452 1087; x_wconf 73' lang='lat' dir='ltr'><strong>perfidia:</strong></span> <span class='ocrx_word' id='word_1_569' title='bbox 1462 1052 1615 1080; x_wconf 90' lang='lat' dir='ltr'><strong>involutum</strong></span> <span class='ocrx_word' id='word_1_570' title='bbox 1629 1052 1775 1080; x_wconf 81' lang='lat' dir='ltr'><strong>erroribus</strong></span> 
     </span>
    </p>
   </div>
   <div class='ocr_carea' id='block_1_78' title="bbox 983 1097 1776 1133">
    <p class='ocr_par' dir='ltr' id='par_1_78' title="bbox 983 1097 1776 1133">
     <span class='ocr_line' id='line_1_78' title="bbox 983 1097 1776 1133; baseline 0 -7"><span class='ocrx_word' id='word_1_571' title='bbox 983 1103 1149 1126; x_wconf 88' lang='lat' dir='ltr'><strong>cunctorum</strong></span> <span class='ocrx_word' id='word_1_572' title='bbox 1165 1098 1254 1126; x_wconf 86' lang='lat' dir='ltr'><strong>oculis</strong></span> <span class='ocrx_word' id='word_1_573' title='bbox 1268 1097 1427 1133; x_wconf 78' lang='lat' dir='ltr'><strong>anteponit,</strong></span> <span class='ocrx_word' id='word_1_574' title='bbox 1447 1098 1494 1133; x_wconf 90' lang='lat' dir='ltr'><strong>qui</strong></span> <span class='ocrx_word' id='word_1_575' title='bbox 1513 1099 1586 1127; x_wconf 89' lang='lat' dir='ltr'><strong>inter</strong></span> <span class='ocrx_word' id='word_1_576' title='bbox 1596 1098 1776 1126; x_wconf 83' lang='lat' dir='ltr'><strong>adversantes</strong></span> 
     </span>
    </p>
   </div>
   <div class='ocr_carea' id='block_1_79' title="bbox 981 1143 1779 1180">
    <p class='ocr_par' dir='ltr' id='par_1_79' title="bbox 981 1143 1779 1180">
     <span class='ocr_line' id='line_1_79' title="bbox 981 1143 1779 1180; baseline -0.001 -9"><span class='ocrx_word' id='word_1_577' title='bbox 981 1152 1038 1172; x_wconf 91' lang='lat' dir='ltr'><strong>non</strong></span> <span class='ocrx_word' id='word_1_578' title='bbox 1053 1145 1102 1171; x_wconf 92' lang='lat' dir='ltr'><strong>Dci</strong></span> <span class='ocrx_word' id='word_1_579' title='bbox 1121 1150 1245 1177; x_wconf 87' lang='lat' dir='ltr'><strong>munere,</strong></span> <span class='ocrx_word' id='word_1_580' title='bbox 1260 1143 1308 1172; x_wconf 88' lang='lat' dir='ltr'><strong>sed</strong></span> <span class='ocrx_word' id='word_1_581' title='bbox 1321 1144 1442 1179; x_wconf 89' lang='lat' dir='ltr'><strong>propriis</strong></span> <span class='ocrx_word' id='word_1_582' title='bbox 1454 1143 1534 1172; x_wconf 87' lang='lat' dir='ltr'><strong>bonis</strong></span> <span class='ocrx_word' id='word_1_583' title='bbox 1549 1144 1683 1180; x_wconf 89' lang='lat' dir='ltr'><strong>proficere</strong></span> <span class='ocrx_word' id='word_1_584' title='bbox 1693 1150 1779 1180; x_wconf 80' lang='lat' dir='ltr'><strong>posse</strong></span> 
     </span>
    </p>
   </div>
   <div class='ocr_carea' id='block_1_80' title="bbox 983 1186 1777 1224">
    <p class='ocr_par' dir='ltr' id='par_1_80' title="bbox 983 1186 1777 1224">
     <span class='ocr_line' id='line_1_80' title="bbox 983 1186 1777 1224; baseline 0 -7"><span class='ocrx_word' id='word_1_585' title='bbox 983 1189 1088 1217; x_wconf 87' lang='lat' dir='ltr'><strong>tumida</strong></span> <span class='ocrx_word' id='word_1_586' title='bbox 1103 1189 1223 1217; x_wconf 88' lang='lat' dir='ltr'><strong>elatione</strong></span> <span class='ocrx_word' id='word_1_587' title='bbox 1240 1186 1367 1217; x_wconf 87' lang='lat' dir='ltr'><strong>confidis.</strong></span> <span class='ocrx_word' id='word_1_588' title='bbox 1382 1189 1452 1222; x_wconf 82' lang='lat' dir='ltr'><strong>Quia</strong></span> <span class='ocrx_word' id='word_1_589' title='bbox 1467 1189 1489 1216; x_wconf 91' lang='lat' dir='ltr'><strong>si</strong></span> <span class='ocrx_word' id='word_1_590' title='bbox 1503 1189 1622 1224; x_wconf 88' lang='lat' dir='ltr'><strong>propriis</strong></span> <span class='ocrx_word' id='word_1_591' title='bbox 1642 1189 1734 1221; x_wconf 85' lang='lat' dir='ltr'><strong>bonis,</strong></span> <span class='ocrx_word' id='word_1_592' title='bbox 1746 1193 1777 1217; x_wconf 83' lang='lat' dir='ltr'><strong>et</strong></span> 
     </span>
    </p>
   </div>
   <div class='ocr_carea' id='block_1_81' title="bbox 982 1233 1775 1270">
    <p class='ocr_par' dir='ltr' id='par_1_81' title="bbox 982 1233 1775 1270">
     <span class='ocr_line' id='line_1_81' title="bbox 982 1233 1775 1270; baseline -0.001 -7"><span class='ocrx_word' id='word_1_593' title='bbox 982 1243 1038 1263; x_wconf 89' lang='lat' dir='ltr'><strong>non</strong></span> <span class='ocrx_word' id='word_1_594' title='bbox 1053 1235 1101 1263; x_wconf 89' lang='lat' dir='ltr'><strong>Dei</strong></span> <span class='ocrx_word' id='word_1_595' title='bbox 1115 1235 1218 1262; x_wconf 82' lang='lat' dir='ltr'><strong>auxilio</strong></span> <span class='ocrx_word' id='word_1_596' title='bbox 1240 1235 1315 1262; x_wconf 90' lang='lat' dir='ltr'><strong>inter</strong></span> <span class='ocrx_word' id='word_1_597' title='bbox 1330 1234 1507 1262; x_wconf 83' lang='lat' dir='ltr'><strong>adversantes</strong></span> <span class='ocrx_word' id='word_1_598' title='bbox 1523 1238 1617 1270; x_wconf 86' lang='lat' dir='ltr'><strong>posset</strong></span> <span class='ocrx_word' id='word_1_599' title='bbox 1637 1233 1775 1269; x_wconf 74' lang='lat' dir='ltr'><strong>proficere</strong></span> 
     </span>
    </p>
   </div>
   <div class='ocr_carea' id='block_1_82' title="bbox 983 1278 1775 1314">
    <p class='ocr_par' dir='ltr' id='par_1_82' title="bbox 983 1278 1775 1314">
     <span class='ocr_line' id='line_1_82' title="bbox 983 1278 1775 1314; baseline -0.003 -6"><span class='ocrx_word' id='word_1_600' title='bbox 983 1285 1081 1308; x_wconf 88' lang='lat' dir='ltr'><strong>natura</strong></span> <span class='ocrx_word' id='word_1_601' title='bbox 1095 1280 1227 1312; x_wconf 86' lang='lat' dir='ltr'><strong>humana,</strong></span> <span class='ocrx_word' id='word_1_602' title='bbox 1241 1284 1383 1314; x_wconf 86' lang='lat' dir='ltr'><strong>nunquam</strong></span> <span class='ocrx_word' id='word_1_603' title='bbox 1397 1279 1534 1314; x_wconf 82' lang='lat' dir='ltr'><strong>Propheta</strong></span> <span class='ocrx_word' id='word_1_604' title='bbox 1545 1279 1651 1314; x_wconf 86' lang='lat' dir='ltr'><strong>Spiritu</strong></span> <span class='ocrx_word' id='word_1_605' title='bbox 1668 1278 1716 1306; x_wconf 88' lang='lat' dir='ltr'><strong>Dei</strong></span> <span class='ocrx_word' id='word_1_606' title='bbox 1730 1286 1775 1306; x_wconf 87' lang='lat' dir='ltr'><strong>re—</strong></span> 
     </span>
    </p>
   </div>
   <div class='ocr_carea' id='block_1_83' title="bbox 983 1325 1775 1363">
    <p class='ocr_par' dir='ltr' id='par_1_83' title="bbox 983 1325 1775 1363">
     <span class='ocr_line' id='line_1_83' title="bbox 983 1325 1775 1363; baseline -0.003 -8"><span class='ocrx_word' id='word_1_607' title='bbox 983 1328 1074 1363; x_wconf 86' lang='lat' dir='ltr'><strong>pletus</strong></span> <span class='ocrx_word' id='word_1_608' title='bbox 1091 1331 1185 1355; x_wconf 85' lang='lat' dir='ltr'><strong>oraret</strong></span> <span class='ocrx_word' id='word_1_609' title='bbox 1193 1326 1289 1354; x_wconf 90' lang='lat' dir='ltr'><strong>dicens</strong></span> <span class='ocrx_word' id='word_1_610' title='bbox 1306 1335 1312 1352; x_wconf 93' lang='lat'><strong>:</strong></span> <span class='ocrx_word' id='word_1_611' title='bbox 1327 1325 1428 1360; x_wconf 82' lang='lat' dir='ltr'><strong>Perfice</strong></span> <span class='ocrx_word' id='word_1_612' title='bbox 1438 1333 1542 1361; x_wconf 71' lang='lat' dir='ltr'><strong>gressus</strong></span> <span class='ocrx_word' id='word_1_613' title='bbox 1556 1333 1626 1352; x_wconf 70' lang='lat' dir='ltr'><strong>meo:</strong></span> <span class='ocrx_word' id='word_1_614' title='bbox 1637 1326 1665 1352; x_wconf 84' lang='lat' dir='ltr'><strong>in</strong></span> <span class='ocrx_word' id='word_1_615' title='bbox 1676 1325 1775 1353; x_wconf 65' lang='lat' dir='ltr'><strong>semitis</strong></span> 
     </span>
    </p>
   </div>
   <div class='ocr_carea' id='block_1_84' title="bbox 983 1371 1776 1406">
    <p class='ocr_par' dir='ltr' id='par_1_84' title="bbox 983 1371 1776 1406">
     <span class='ocr_line' id='line_1_84' title="bbox 983 1371 1776 1406; baseline -0.003 -6"><span class='ocrx_word' id='word_1_616' title='bbox 983 1371 1046 1406; x_wconf 77' lang='lat' dir='ltr'><strong>tuis,</strong></span> <span class='ocrx_word' id='word_1_617' title='bbox 1064 1378 1092 1400; x_wconf 82' lang='lat' dir='ltr'><strong>tu</strong></span> <span class='ocrx_word' id='word_1_618' title='bbox 1106 1381 1158 1401; x_wconf 85' lang='lat' dir='ltr'><strong>non</strong></span> <span class='ocrx_word' id='word_1_619' title='bbox 1175 1376 1333 1400; x_wconf 81' lang='lat' dir='ltr'><strong>moveantur</strong></span> <span class='ocrx_word' id='word_1_620' title='bbox 1345 1372 1456 1406; x_wconf 74' lang='lat' dir='ltr'><strong>uestigia</strong></span> <span class='ocrx_word' id='word_1_621' title='bbox 1478 1380 1535 1398; x_wconf 82' lang='lat' dir='ltr'><strong>mea</strong></span> <span class='ocrx_word' id='word_1_622' title='bbox 1545 1371 1576 1399; x_wconf 84' lang='lat'><strong>“.</strong></span> <span class='ocrx_word' id='word_1_623' title='bbox 1596 1371 1695 1399; x_wconf 84' lang='lat' dir='ltr'><strong>Adhuc</strong></span> <span class='ocrx_word' id='word_1_624' title='bbox 1709 1378 1776 1399; x_wconf 72' lang='lat' dir='ltr'><strong>sane</strong></span> 
     </span>
    </p>
   </div>
   <div class='ocr_carea' id='block_1_85' title="bbox 984 1418 1777 1455">
    <p class='ocr_par' dir='ltr' id='par_1_85' title="bbox 984 1418 1777 1455">
     <span class='ocr_line' id='line_1_85' title="bbox 984 1418 1777 1455; baseline -0.001 -7"><span class='ocrx_word' id='word_1_625' title='bbox 984 1421 1129 1449; x_wconf 69' lang='lat' dir='ltr'><strong>antedictte</strong></span> <span class='ocrx_word' id='word_1_626' title='bbox 1152 1420 1293 1448; x_wconf 69' lang='lat' dir='ltr'><strong>hmreseos</strong></span> <span class='ocrx_word' id='word_1_627' title='bbox 1309 1418 1409 1454; x_wconf 83' lang='lat' dir='ltr'><strong>spiritu</strong></span> <span class='ocrx_word' id='word_1_628' title='bbox 1434 1418 1582 1452; x_wconf 76' lang='lat' dir='ltr'><strong>animatus,</strong></span> <span class='ocrx_word' id='word_1_629' title='bbox 1602 1420 1727 1455; x_wconf 87' lang='lat' dir='ltr'><strong>sequeris</strong></span> <span class='ocrx_word' id='word_1_630' title='bbox 1748 1423 1777 1447; x_wconf 80' lang='lat' dir='ltr'><strong>et</strong></span> 
     </span>
    </p>
   </div>
   <div class='ocr_carea' id='block_1_86' title="bbox 984 1465 1775 1498">
    <p class='ocr_par' dir='ltr' id='par_1_86' title="bbox 984 1465 1775 1498">
     <span class='ocr_line' id='line_1_86' title="bbox 984 1465 1775 1498; baseline -0.003 -4"><span class='ocrx_word' id='word_1_631' title='bbox 984 1467 1053 1494; x_wconf 90' lang='lat' dir='ltr'><strong>dicis</strong></span> <span class='ocrx_word' id='word_1_632' title='bbox 1071 1475 1077 1493; x_wconf 92' lang='lat'><strong>:</strong></span> <span class='ocrx_word' id='word_1_633' title='bbox 1100 1476 1108 1492; x_wconf 79' lang='grc' dir='ltr'><strong><em>ι</em></strong></span> <span class='ocrx_word' id='word_1_634' title='bbox 1127 1466 1230 1494; x_wconf 82' lang='lat' dir='ltr'><strong>Probat</strong></span> <span class='ocrx_word' id='word_1_635' title='bbox 1245 1465 1319 1493; x_wconf 90' lang='lat' dir='ltr'><strong>enim</strong></span> <span class='ocrx_word' id='word_1_636' title='bbox 1333 1465 1445 1493; x_wconf 91' lang='lat' dir='ltr'><strong>virtutis</strong></span> <span class='ocrx_word' id='word_1_637' title='bbox 1468 1472 1524 1493; x_wconf 77' lang='lat' dir='ltr'><strong>suae</strong></span> <span class='ocrx_word' id='word_1_638' title='bbox 1539 1465 1659 1493; x_wconf 90' lang='lat' dir='ltr'><strong>validum</strong></span> <span class='ocrx_word' id='word_1_639' title='bbox 1674 1465 1775 1498; x_wconf 90' lang='lat' dir='ltr'><strong>robur,</strong></span> 
     </span>
    </p>
   </div>
   <div class='ocr_carea' id='block_1_87' title="bbox 984 1512 1776 1548">
    <p class='ocr_par' dir='ltr' id='par_1_87' title="bbox 984 1512 1776 1548">
     <span class='ocr_line' id='line_1_87' title="bbox 984 1512 1776 1548; baseline -0.004 -8"><span class='ocrx_word' id='word_1_640' title='bbox 984 1513 1030 1548; x_wconf 87' lang='lat' dir='ltr'><strong>qui</strong></span> <span class='ocrx_word' id='word_1_641' title='bbox 1049 1521 1111 1541; x_wconf 89' lang='lat' dir='ltr'><strong>eum</strong></span> <span class='ocrx_word' id='word_1_642' title='bbox 1127 1512 1286 1547; x_wconf 87' lang='lat' dir='ltr'><strong>impellitur,</strong></span> <span class='ocrx_word' id='word_1_643' title='bbox 1299 1519 1355 1538; x_wconf 92' lang='lat' dir='ltr'><strong>non</strong></span> <span class='ocrx_word' id='word_1_644' title='bbox 1371 1516 1533 1544; x_wconf 65' lang='lat' dir='ltr'><strong>moveturp</strong></span> <span class='ocrx_word' id='word_1_645' title='bbox 1549 1519 1613 1538; x_wconf 87' lang='lat' dir='ltr'><strong>cum</strong></span> <span class='ocrx_word' id='word_1_646' title='bbox 1629 1518 1684 1538; x_wconf 91' lang='lat' dir='ltr'><strong>non</strong></span> <span class='ocrx_word' id='word_1_647' title='bbox 1702 1517 1776 1538; x_wconf 86' lang='lat' dir='ltr'><strong>sem-</strong></span> 
     </span>
    </p>
   </div>
   <div class='ocr_carea' id='block_1_88' title="bbox 985 1555 1778 1595">
    <p class='ocr_par' dir='ltr' id='par_1_88' title="bbox 985 1555 1778 1595">
     <span class='ocr_line' id='line_1_88' title="bbox 985 1555 1778 1595; baseline -0.004 -8"><span class='ocrx_word' id='word_1_648' title='bbox 985 1567 1045 1595; x_wconf 91' lang='lat' dir='ltr'><strong>per,</strong></span> <span class='ocrx_word' id='word_1_649' title='bbox 1057 1559 1106 1587; x_wconf 91' lang='lat' dir='ltr'><strong>sed</strong></span> <span class='ocrx_word' id='word_1_650' title='bbox 1119 1562 1185 1586; x_wconf 88' lang='lat' dir='ltr'><strong>tunc</strong></span> <span class='ocrx_word' id='word_1_651' title='bbox 1196 1557 1314 1593; x_wconf 87' lang='lat' dir='ltr'><strong>quihbet</strong></span> <span class='ocrx_word' id='word_1_652' title='bbox 1327 1558 1434 1585; x_wconf 86' lang='lat' dir='ltr'><strong>utiliter</strong></span> <span class='ocrx_word' id='word_1_653' title='bbox 1445 1560 1473 1585; x_wconf 91' lang='lat' dir='ltr'><strong>el.</strong></span> <span class='ocrx_word' id='word_1_654' title='bbox 1486 1555 1636 1585; x_wconf 87' lang='lat' dir='ltr'><strong>salubriter</strong></span> <span class='ocrx_word' id='word_1_655' title='bbox 1648 1564 1704 1584; x_wconf 90' lang='lat' dir='ltr'><strong>non</strong></span> <span class='ocrx_word' id='word_1_656' title='bbox 1721 1563 1778 1584; x_wconf 91' lang='lat' dir='ltr'><strong>mo-</strong></span> 
     </span>
    </p>
   </div>
   <div class='ocr_carea' id='block_1_89' title="bbox 986 1601 1776 1640">
    <p class='ocr_par' dir='ltr' id='par_1_89' title="bbox 986 1601 1776 1640">
     <span class='ocr_line' id='line_1_89' title="bbox 986 1601 1776 1640; baseline -0.003 -8"><span class='ocrx_word' id='word_1_657' title='bbox 986 1609 1083 1633; x_wconf 86' lang='lat' dir='ltr'><strong>veatur</strong></span> <span class='ocrx_word' id='word_1_658' title='bbox 1094 1604 1239 1640; x_wconf 90' lang='lat' dir='ltr'><strong>impulsus,</strong></span> <span class='ocrx_word' id='word_1_659' title='bbox 1254 1604 1364 1639; x_wconf 90' lang='lat' dir='ltr'><strong>quando</strong></span> <span class='ocrx_word' id='word_1_660' title='bbox 1377 1611 1393 1631; x_wconf 87' lang='lat' dir='ltr'><strong>a</strong></span> <span class='ocrx_word' id='word_1_661' title='bbox 1408 1602 1527 1631; x_wconf 87' lang='lat' dir='ltr'><strong>veritate</strong></span> <span class='ocrx_word' id='word_1_662' title='bbox 1548 1603 1613 1631; x_wconf 87' lang='lat' dir='ltr'><strong>fidei</strong></span> <span class='ocrx_word' id='word_1_663' title='bbox 1634 1611 1690 1630; x_wconf 93' lang='lat' dir='ltr'><strong>non</strong></span> <span class='ocrx_word' id='word_1_664' title='bbox 1705 1601 1776 1638; x_wconf 89' lang='lat' dir='ltr'><strong>deji-</strong></span> 
     </span>
    </p>
   </div>
   <div class='ocr_carea' id='block_1_90' title="bbox 986 1648 1777 1685">
    <p class='ocr_par' dir='ltr' id='par_1_90' title="bbox 986 1648 1777 1685">
     <span class='ocr_line' id='line_1_90' title="bbox 986 1648 1777 1685; baseline -0.005 -6"><span class='ocrx_word' id='word_1_665' title='bbox 986 1651 1057 1679; x_wconf 89' lang='lat' dir='ltr'><strong>citur</strong></span> <span class='ocrx_word' id='word_1_666' title='bbox 1073 1649 1400 1679; x_wconf 82' lang='lat' dir='ltr'><strong>diversistentationibus</strong></span> <span class='ocrx_word' id='word_1_667' title='bbox 1412 1649 1590 1685; x_wconf 80' lang='lat' dir='ltr'><strong>inquietatus.</strong></span> <span class='ocrx_word' id='word_1_668' title='bbox 1607 1648 1777 1684; x_wconf 83' lang='lat' dir='ltr'><strong>Frequenter</strong></span> 
     </span>
    </p>
   </div>
   <div class='ocr_carea' id='block_1_91' title="bbox 986 1693 1775 1731">
    <p class='ocr_par' dir='ltr' id='par_1_91' title="bbox 986 1693 1775 1731">
     <span class='ocr_line' id='line_1_91' title="bbox 986 1693 1775 1731; baseline -0.005 -6"><span class='ocrx_word' id='word_1_669' title='bbox 986 1697 1088 1725; x_wconf 88' lang='lat' dir='ltr'><strong>etenim</strong></span> <span class='ocrx_word' id='word_1_670' title='bbox 1112 1695 1232 1731; x_wconf 90' lang='lat' dir='ltr'><strong>imperiti</strong></span> <span class='ocrx_word' id='word_1_671' title='bbox 1248 1703 1371 1723; x_wconf 88' lang='lat' dir='ltr'><strong>errorem</strong></span> <span class='ocrx_word' id='word_1_672' title='bbox 1392 1702 1443 1730; x_wconf 92' lang='lat' dir='ltr'><strong>pro</strong></span> <span class='ocrx_word' id='word_1_673' title='bbox 1469 1695 1586 1722; x_wconf 87' lang='lat' dir='ltr'><strong>veritate</strong></span> <span class='ocrx_word' id='word_1_674' title='bbox 1605 1693 1775 1726; x_wconf 85' lang='lat' dir='ltr'><strong>defendunt,</strong></span> 
     </span>
    </p>
   </div>
   <div class='ocr_carea' id='block_1_92' title="bbox 987 1737 1778 1776">
    <p class='ocr_par' dir='ltr' id='par_1_92' title="bbox 987 1737 1778 1776">
     <span class='ocr_line' id='line_1_92' title="bbox 987 1737 1778 1776; baseline -0.005 -6"><span class='ocrx_word' id='word_1_675' title='bbox 987 1743 1054 1770; x_wconf 88' lang='lat' dir='ltr'><strong>etin</strong></span> <span class='ocrx_word' id='word_1_676' title='bbox 1067 1742 1141 1770; x_wconf 90' lang='lat' dir='ltr'><strong>falsis</strong></span> <span class='ocrx_word' id='word_1_677' title='bbox 1156 1741 1246 1774; x_wconf 86' lang='lat' dir='ltr'><strong>bonis,</strong></span> <span class='ocrx_word' id='word_1_678' title='bbox 1264 1748 1312 1769; x_wconf 90' lang='lat' dir='ltr'><strong>seu</strong></span> <span class='ocrx_word' id='word_1_679' title='bbox 1329 1740 1421 1776; x_wconf 90' lang='lat' dir='ltr'><strong>potius</strong></span> <span class='ocrx_word' id='word_1_680' title='bbox 1432 1741 1460 1768; x_wconf 92' lang='lat' dir='ltr'><strong>in</strong></span> <span class='ocrx_word' id='word_1_681' title='bbox 1475 1741 1549 1768; x_wconf 89' lang='lat' dir='ltr'><strong>veris</strong></span> <span class='ocrx_word' id='word_1_682' title='bbox 1561 1737 1641 1767; x_wconf 83' lang='lat' dir='ltr'><strong>mafis</strong></span> <span class='ocrx_word' id='word_1_683' title='bbox 1656 1740 1778 1775; x_wconf 86' lang='lat' dir='ltr'><strong>pertina-</strong></span> 
     </span>
    </p>
   </div>
   <div class='ocr_carea' id='block_1_93' title="bbox 988 1785 1779 1823">
    <p class='ocr_par' dir='ltr' id='par_1_93' title="bbox 988 1785 1779 1823">
     <span class='ocr_line' id='line_1_93' title="bbox 988 1785 1779 1823; baseline -0.006 -7"><span class='ocrx_word' id='word_1_684' title='bbox 988 1789 1058 1817; x_wconf 89' lang='lat' dir='ltr'><strong>citer</strong></span> <span class='ocrx_word' id='word_1_685' title='bbox 1078 1791 1276 1823; x_wconf 86' lang='lat' dir='ltr'><strong>perseverant:</strong></span> <span class='ocrx_word' id='word_1_686' title='bbox 1290 1787 1364 1822; x_wconf 89' lang='lat' dir='ltr'><strong>quod</strong></span> <span class='ocrx_word' id='word_1_687' title='bbox 1391 1795 1447 1814; x_wconf 89' lang='lat' dir='ltr'><strong>non</strong></span> <span class='ocrx_word' id='word_1_688' title='bbox 1466 1786 1590 1822; x_wconf 65' lang='lat' dir='ltr'><strong>probatae</strong></span> <span class='ocrx_word' id='word_1_689' title='bbox 1613 1785 1723 1813; x_wconf 77' lang='lat' dir='ltr'><strong>virtutis</strong></span> <span class='ocrx_word' id='word_1_690' title='bbox 1736 1788 1779 1812; x_wconf 84' lang='lat' dir='ltr'><strong>est</strong></span> 
     </span>
    </p>
   </div>
   <div class='ocr_carea' id='block_1_94' title="bbox 989 1830 1778 1868">
    <p class='ocr_par' dir='ltr' id='par_1_94' title="bbox 989 1830 1778 1868">
     <span class='ocr_line' id='line_1_94' title="bbox 989 1830 1778 1868; baseline -0.006 -6"><span class='ocrx_word' id='word_1_691' title='bbox 989 1834 1110 1862; x_wconf 88' lang='lat' dir='ltr'><strong>validum</strong></span> <span class='ocrx_word' id='word_1_692' title='bbox 1123 1833 1218 1866; x_wconf 87' lang='lat' dir='ltr'><strong>robur,</strong></span> <span class='ocrx_word' id='word_1_693' title='bbox 1235 1832 1283 1860; x_wconf 91' lang='lat' dir='ltr'><strong>sed</strong></span> <span class='ocrx_word' id='word_1_694' title='bbox 1300 1831 1491 1868; x_wconf 87' lang='lat' dir='ltr'><strong>improbabilis</strong></span> <span class='ocrx_word' id='word_1_695' title='bbox 1504 1831 1563 1859; x_wconf 84' lang='lat' dir='ltr'><strong>vitii</strong></span> <span class='ocrx_word' id='word_1_696' title='bbox 1579 1830 1717 1858; x_wconf 84' lang='lat' dir='ltr'><strong>imbecilla</strong></span> <span class='ocrx_word' id='word_1_697' title='bbox 1735 1834 1778 1857; x_wconf 88' lang='lat' dir='ltr'><strong>te-</strong></span> 
     </span>
    </p>
   </div>
   <div class='ocr_carea' id='block_1_95' title="bbox 989 1874 1779 1913">
    <p class='ocr_par' dir='ltr' id='par_1_95' title="bbox 989 1874 1779 1913">
     <span class='ocr_line' id='line_1_95' title="bbox 989 1874 1779 1913; baseline -0.006 -7"><span class='ocrx_word' id='word_1_698' title='bbox 989 1879 1111 1907; x_wconf 89' lang='lat' dir='ltr'><strong>meritas.</strong></span> <span class='ocrx_word' id='word_1_699' title='bbox 1153 1878 1206 1906; x_wconf 90' lang='lat' dir='ltr'><strong>Scd</strong></span> <span class='ocrx_word' id='word_1_700' title='bbox 1221 1878 1282 1913; x_wconf 88' lang='lat' dir='ltr'><strong>quis</strong></span> <span class='ocrx_word' id='word_1_701' title='bbox 1307 1886 1357 1905; x_wconf 89' lang='lat' dir='ltr'><strong>sua</strong></span> <span class='ocrx_word' id='word_1_702' title='bbox 1382 1877 1496 1909; x_wconf 90' lang='lat' dir='ltr'><strong>virtute,</strong></span> <span class='ocrx_word' id='word_1_703' title='bbox 1527 1881 1556 1904; x_wconf 91' lang='lat' dir='ltr'><strong>et</strong></span> <span class='ocrx_word' id='word_1_704' title='bbox 1597 1883 1651 1903; x_wconf 93' lang='lat' dir='ltr'><strong>non</strong></span> <span class='ocrx_word' id='word_1_705' title='bbox 1676 1874 1779 1902; x_wconf 81' lang='lat' dir='ltr'><strong>auxilio</strong></span> 
     </span>
    </p>
   </div>
   <div class='ocr_carea' id='block_1_96' title="bbox 989 1921 1781 1956">
    <p class='ocr_par' dir='ltr' id='par_1_96' title="bbox 989 1921 1781 1956">
     <span class='ocr_line' id='line_1_96' title="bbox 989 1921 1781 1956; baseline -0.008 -3"><span class='ocrx_word' id='word_1_706' title='bbox 989 1924 1118 1954; x_wconf 82' lang='lat' dir='ltr'><strong>Cruciﬁxi</strong></span> <span class='ocrx_word' id='word_1_707' title='bbox 1136 1925 1163 1952; x_wconf 93' lang='lat' dir='ltr'><strong>in</strong></span> <span class='ocrx_word' id='word_1_708' title='bbox 1176 1925 1291 1952; x_wconf 87' lang='lat' dir='ltr'><strong>veritate</strong></span> <span class='ocrx_word' id='word_1_709' title='bbox 1306 1923 1368 1951; x_wconf 86' lang='lat' dir='ltr'><strong>ﬁdei</strong></span> <span class='ocrx_word' id='word_1_710' title='bbox 1386 1931 1414 1951; x_wconf 92' lang='lat' dir='ltr'><strong>se</strong></span> <span class='ocrx_word' id='word_1_711' title='bbox 1431 1921 1610 1950; x_wconf 88' lang='lat' dir='ltr'><strong>immobiliter</strong></span> <span class='ocrx_word' id='word_1_712' title='bbox 1624 1928 1704 1956; x_wconf 84' lang='lat' dir='ltr'><strong>posse</strong></span> <span class='ocrx_word' id='word_1_713' title='bbox 1717 1928 1781 1955; x_wconf 83' lang='lat' dir='ltr'><strong>per-</strong></span> 
     </span>
    </p>
   </div>
   <div class='ocr_carea' id='block_1_97' title="bbox 990 1965 1781 2004">
    <p class='ocr_par' dir='ltr' id='par_1_97' title="bbox 990 1965 1781 2004">
     <span class='ocr_line' id='line_1_97' title="bbox 990 1965 1781 2004; baseline -0.01 -4"><span class='ocrx_word' id='word_1_714' title='bbox 990 1979 1117 2001; x_wconf 87' lang='lat' dir='ltr'><strong>severare</strong></span> <span class='ocrx_word' id='word_1_715' title='bbox 1130 1970 1254 2003; x_wconf 88' lang='lat' dir='ltr'><strong>confidit,</strong></span> <span class='ocrx_word' id='word_1_716' title='bbox 1272 1969 1324 1997; x_wconf 91' lang='lat' dir='ltr'><strong>nisi</strong></span> <span class='ocrx_word' id='word_1_717' title='bbox 1345 1969 1393 2004; x_wconf 94' lang='lat' dir='ltr'><strong>qui</strong></span> <span class='ocrx_word' id='word_1_718' title='bbox 1413 1969 1508 2003; x_wconf 87' lang='lat' dir='ltr'><strong>utique</strong></span> <span class='ocrx_word' id='word_1_719' title='bbox 1524 1967 1662 2002; x_wconf 75' lang='lat' dir='ltr'><strong>superbiae</strong></span> <span class='ocrx_word' id='word_1_720' title='bbox 1680 1965 1781 2001; x_wconf 91' lang='lat' dir='ltr'><strong>spiritu</strong></span> 
     </span>
    </p>
   </div>
   <div class='ocr_carea' id='block_1_98' title="bbox 990 2010 1782 2049">
    <p class='ocr_par' dir='ltr' id='par_1_98' title="bbox 990 2010 1782 2049">
     <span class='ocr_line' id='line_1_98' title="bbox 990 2010 1782 2049; baseline -0.011 -3"><span class='ocrx_word' id='word_1_721' title='bbox 990 2021 1143 2047; x_wconf 63' lang='lat' dir='ltr'><strong>excaecatus</strong></span> <span class='ocrx_word' id='word_1_722' title='bbox 1153 2037 1159 2049; x_wconf 92' lang='lat'><strong>,</strong></span> <span class='ocrx_word' id='word_1_723' title='bbox 1173 2015 1317 2044; x_wconf 84' lang='lat' dir='ltr'><strong>evidenter</strong></span> <span class='ocrx_word' id='word_1_724' title='bbox 1333 2014 1435 2042; x_wconf 83' lang='lat' dir='ltr'><strong>divinis</strong></span> <span class='ocrx_word' id='word_1_725' title='bbox 1453 2012 1618 2041; x_wconf 89' lang='lat' dir='ltr'><strong>contradicit</strong></span> <span class='ocrx_word' id='word_1_726' title='bbox 1642 2010 1782 2046; x_wconf 76' lang='lat' dir='ltr'><strong>eloquiis?</strong></span> 
     </span>
    </p>
   </div>
   <div class='ocr_carea' id='block_1_99' title="bbox 991 2057 1782 2098">
    <p class='ocr_par' dir='ltr' id='par_1_99' title="bbox 991 2057 1782 2098">
     <span class='ocr_line' id='line_1_99' title="bbox 991 2057 1782 2098; baseline -0.01 -7"><span class='ocrx_word' id='word_1_727' title='bbox 991 2063 1060 2098; x_wconf 84' lang='lat' dir='ltr'><strong>Quia</strong></span> <span class='ocrx_word' id='word_1_728' title='bbox 1074 2063 1212 2098; x_wconf 85' lang='lat' dir='ltr'><strong>Propheta</strong></span> <span class='ocrx_word' id='word_1_729' title='bbox 1237 2069 1291 2089; x_wconf 92' lang='lat' dir='ltr'><strong>non</strong></span> <span class='ocrx_word' id='word_1_730' title='bbox 1307 2061 1360 2088; x_wconf 90' lang='lat' dir='ltr'><strong>nisi</strong></span> <span class='ocrx_word' id='word_1_731' title='bbox 1380 2058 1466 2087; x_wconf 89' lang='lat' dir='ltr'><strong>divini</strong></span> <span class='ocrx_word' id='word_1_732' title='bbox 1491 2058 1615 2086; x_wconf 89' lang='lat' dir='ltr'><strong>muneris</strong></span> <span class='ocrx_word' id='word_1_733' title='bbox 1634 2057 1687 2084; x_wconf 85' lang='lat' dir='ltr'><strong>hoc</strong></span> <span class='ocrx_word' id='word_1_734' title='bbox 1712 2063 1782 2092; x_wconf 86' lang='lat' dir='ltr'><strong>opus</strong></span> 
     </span>
    </p>
   </div>
   <div class='ocr_carea' id='block_1_100' title="bbox 991 2105 1783 2141">
    <p class='ocr_par' dir='ltr' id='par_1_100' title="bbox 991 2105 1783 2141">
     <span class='ocr_line' id='line_1_100' title="bbox 991 2105 1783 2141; baseline -0.011 -4"><span class='ocrx_word' id='word_1_735' title='bbox 991 2117 1052 2137; x_wconf 85' lang='lat' dir='ltr'><strong>esse</strong></span> <span class='ocrx_word' id='word_1_736' title='bbox 1068 2112 1185 2136; x_wconf 89' lang='lat' dir='ltr'><strong>tcstetur</strong></span> <span class='ocrx_word' id='word_1_737' title='bbox 1203 2106 1299 2134; x_wconf 88' lang='lat' dir='ltr'><strong>dicens</strong></span> <span class='ocrx_word' id='word_1_738' title='bbox 1313 2115 1319 2133; x_wconf 94' lang='lat'><strong>:</strong></span> <span class='ocrx_word' id='word_1_739' title='bbox 1333 2105 1466 2141; x_wconf 61' lang='lat' dir='ltr'><strong>Impulsu:</strong></span> <span class='ocrx_word' id='word_1_740' title='bbox 1481 2108 1600 2131; x_wconf 73' lang='lat' dir='ltr'><strong>uersatur</strong></span> <span class='ocrx_word' id='word_1_741' title='bbox 1621 2111 1680 2130; x_wconf 79' lang='lat' dir='ltr'><strong>sum</strong></span> <span class='ocrx_word' id='word_1_742' title='bbox 1697 2107 1725 2129; x_wconf 88' lang='lat' dir='ltr'><strong>ut</strong></span> <span class='ocrx_word' id='word_1_743' title='bbox 1738 2110 1783 2129; x_wconf 82' lang='lat' dir='ltr'><strong>ca-</strong></span> 
     </span>
    </p>
   </div>
   <div class='ocr_carea' id='block_1_101' title="bbox 992 2148 1784 2186">
    <p class='ocr_par' dir='ltr' id='par_1_101' title="bbox 992 2148 1784 2186">
     <span class='ocr_line' id='line_1_101' title="bbox 992 2148 1784 2186; baseline -0.01 -5"><span class='ocrx_word' id='word_1_744' title='bbox 992 2155 1091 2186; x_wconf 81' lang='lat' dir='ltr'><strong>derem,</strong></span> <span class='ocrx_word' id='word_1_745' title='bbox 1107 2158 1131 2180; x_wconf 85' lang='lat' dir='ltr'><strong>et</strong></span> <span class='ocrx_word' id='word_1_746' title='bbox 1156 2153 1284 2180; x_wconf 77' lang='lat' dir='ltr'><strong>Dominus</strong></span> <span class='ocrx_word' id='word_1_747' title='bbox 1302 2151 1414 2186; x_wconf 76' lang='lat' dir='ltr'><strong>suscepit</strong></span> <span class='ocrx_word' id='word_1_748' title='bbox 1440 2158 1490 2178; x_wconf 89' lang='lat' dir='ltr'><strong>me.</strong></span> <span class='ocrx_word' id='word_1_749' title='bbox 1511 2148 1650 2176; x_wconf 80' lang='lat' dir='ltr'><strong>Fortitudo</strong></span> <span class='ocrx_word' id='word_1_750' title='bbox 1677 2155 1736 2174; x_wconf 80' lang='lat' dir='ltr'><strong>mea</strong></span> <span class='ocrx_word' id='word_1_751' title='bbox 1758 2150 1784 2173; x_wconf 83' lang='lat' dir='ltr'><strong>et</strong></span> 
     </span>
    </p>
   </div>
   <div class='ocr_carea' id='block_1_102' title="bbox 992 2192 1782 2230">
    <p class='ocr_par' dir='ltr' id='par_1_102' title="bbox 992 2192 1782 2230">
     <span class='ocr_line' id='line_1_102' title="bbox 992 2192 1782 2230; baseline -0.009 -3"><span class='ocrx_word' id='word_1_752' title='bbox 992 2199 1113 2227; x_wconf 79' lang='lat' dir='ltr'><strong>laudatio</strong></span> <span class='ocrx_word' id='word_1_753' title='bbox 1129 2207 1187 2226; x_wconf 80' lang='lat' dir='ltr'><strong>mea</strong></span> <span class='ocrx_word' id='word_1_754' title='bbox 1209 2198 1348 2226; x_wconf 81' lang='lat' dir='ltr'><strong>Dominus.</strong></span> <span class='ocrx_word' id='word_1_755' title='bbox 1366 2200 1391 2222; x_wconf 86' lang='lat' dir='ltr'><strong>et</strong></span> <span class='ocrx_word' id='word_1_756' title='bbox 1413 2196 1498 2230; x_wconf 80' lang='lat' dir='ltr'><strong>factus</strong></span> <span class='ocrx_word' id='word_1_757' title='bbox 1516 2198 1554 2221; x_wconf 80' lang='lat' dir='ltr'><strong>cst</strong></span> <span class='ocrx_word' id='word_1_758' title='bbox 1579 2195 1607 2221; x_wconf 83' lang='lat' dir='ltr'><strong>in</strong></span> <span class='ocrx_word' id='word_1_759' title='bbox 1625 2192 1740 2220; x_wconf 74' lang='lat' dir='ltr'><strong>salutem</strong></span> <span class='ocrx_word' id='word_1_760' title='bbox 1748 2193 1782 2220; x_wconf 79' lang='grc'><strong>¹⁰.</strong></span> 
     </span>
    </p>
   </div>
   <div class='ocr_carea' id='block_1_103' title="bbox 993 2238 1783 2275">
    <p class='ocr_par' dir='ltr' id='par_1_103' title="bbox 993 2238 1783 2275">
     <span class='ocr_line' id='line_1_103' title="bbox 993 2238 1783 2275; baseline -0.01 -2"><span class='ocrx_word' id='word_1_761' title='bbox 993 2246 1028 2273; x_wconf 85' lang='lat' dir='ltr'><strong>Et</strong></span> <span class='ocrx_word' id='word_1_762' title='bbox 1042 2245 1141 2272; x_wconf 89' lang='lat' dir='ltr'><strong>iterum</strong></span> <span class='ocrx_word' id='word_1_763' title='bbox 1158 2253 1164 2271; x_wconf 91' lang='lat'>:</span> <span class='ocrx_word' id='word_1_764' title='bbox 1177 2243 1206 2271; x_wconf 85' lang='lat' dir='ltr'><strong>Si</strong></span> <span class='ocrx_word' id='word_1_765' title='bbox 1218 2243 1335 2270; x_wconf 81' lang='lat' dir='ltr'><strong>dicebam</strong></span> <span class='ocrx_word' id='word_1_766' title='bbox 1347 2262 1353 2274; x_wconf 90' lang='lat'><strong>,</strong></span> <span class='ocrx_word' id='word_1_767' title='bbox 1366 2241 1450 2269; x_wconf 80' lang='lat' dir='ltr'><strong>Motus</strong></span> <span class='ocrx_word' id='word_1_768' title='bbox 1464 2245 1502 2267; x_wconf 81' lang='lat' dir='ltr'><strong>est</strong></span> <span class='ocrx_word' id='word_1_769' title='bbox 1516 2248 1559 2275; x_wconf 73' lang='lat' dir='ltr'><strong>pes</strong></span> <span class='ocrx_word' id='word_1_770' title='bbox 1575 2248 1647 2266; x_wconf 80' lang='lat' dir='ltr'><strong>meus</strong></span> <span class='ocrx_word' id='word_1_771' title='bbox 1658 2259 1665 2271; x_wconf 94' lang='lat'><strong>,</strong></span> <span class='ocrx_word' id='word_1_772' title='bbox 1680 2238 1783 2266; x_wconf 77' lang='lat' dir='ltr'><strong>miseri-</strong></span> 
     </span>
    </p>
   </div>
   <div class='ocr_carea' id='block_1_104' title="bbox 996 2285 1783 2322">
    <p class='ocr_par' dir='ltr' id='par_1_104' title="bbox 996 2285 1783 2322">
     <span class='ocr_line' id='line_1_104' title="bbox 996 2285 1783 2322; baseline -0.009 -4"><span class='ocrx_word' id='word_1_773' title='bbox 996 2291 1087 2318; x_wconf 84' lang='lat' dir='ltr'><strong>cordia</strong></span> <span class='ocrx_word' id='word_1_774' title='bbox 1103 2295 1161 2322; x_wconf 85' lang='lat' dir='ltr'><strong>tua,</strong></span> <span class='ocrx_word' id='word_1_775' title='bbox 1180 2289 1303 2320; x_wconf 79' lang='lat' dir='ltr'><strong>Domine,</strong></span> <span class='ocrx_word' id='word_1_776' title='bbox 1319 2287 1462 2322; x_wconf 80' lang='lat' dir='ltr'><strong>adjuvabat</strong></span> <span class='ocrx_word' id='word_1_777' title='bbox 1477 2294 1517 2313; x_wconf 87' lang='lat' dir='ltr'><strong>me</strong></span> <span class='ocrx_word' id='word_1_778' title='bbox 1530 2285 1607 2312; x_wconf 85' lang='lat' dir='ltr'><strong>“.Et</strong></span> <span class='ocrx_word' id='word_1_779' title='bbox 1625 2292 1733 2316; x_wconf 89' lang='lat' dir='ltr'><strong>rursus,</strong></span> <span class='ocrx_word' id='word_1_780' title='bbox 1747 2291 1783 2311; x_wconf 88' lang='lat' dir='ltr'><strong>ne</strong></span> 
     </span>
    </p>
   </div>
   <div class='ocr_carea' id='block_1_105' title="bbox 993 2329 1783 2367">
    <p class='ocr_par' dir='ltr' id='par_1_105' title="bbox 993 2329 1783 2367">
     <span class='ocr_line' id='line_1_105' title="bbox 993 2329 1783 2367; baseline -0.011 -3"><span class='ocrx_word' id='word_1_781' title='bbox 993 2336 1133 2364; x_wconf 87' lang='lat' dir='ltr'><strong>contraria</strong></span> <span class='ocrx_word' id='word_1_782' title='bbox 1149 2338 1307 2362; x_wconf 87' lang='lat' dir='ltr'><strong>moveretur</strong></span> <span class='ocrx_word' id='word_1_783' title='bbox 1325 2332 1572 2367; x_wconf 87' lang='lat' dir='ltr'><strong>impulsione,orat</strong></span> <span class='ocrx_word' id='word_1_784' title='bbox 1589 2330 1684 2358; x_wconf 88' lang='lat' dir='ltr'><strong>dicens</strong></span> <span class='ocrx_word' id='word_1_785' title='bbox 1702 2338 1708 2356; x_wconf 88' lang='lat'><strong>:</strong></span> <span class='ocrx_word' id='word_1_786' title='bbox 1724 2329 1783 2356; x_wconf 83' lang='lat' dir='ltr'><strong>Non</strong></span> 
     </span>
    </p>
   </div>
   <div class='ocr_carea' id='block_1_106' title="bbox 994 2375 1783 2415">
    <p class='ocr_par' dir='ltr' id='par_1_106' title="bbox 994 2375 1783 2415">
     <span class='ocr_line' id='line_1_106' title="bbox 994 2375 1783 2415; baseline -0.01 -6"><span class='ocrx_word' id='word_1_787' title='bbox 994 2382 1084 2410; x_wconf 74' lang='grc' dir='ltr'><strong>υεηὶηι</strong></span> <span class='ocrx_word' id='word_1_788' title='bbox 1109 2381 1172 2408; x_wconf 79' lang='lat' dir='ltr'><strong>mihi</strong></span> <span class='ocrx_word' id='word_1_789' title='bbox 1193 2388 1237 2415; x_wconf 81' lang='lat' dir='ltr'><strong>pes</strong></span> <span class='ocrx_word' id='word_1_790' title='bbox 1251 2379 1390 2415; x_wconf 76' lang='lat' dir='ltr'><strong>superbiaz,</strong></span> <span class='ocrx_word' id='word_1_791' title='bbox 1413 2381 1437 2404; x_wconf 78' lang='lat' dir='ltr'><strong>et</strong></span> <span class='ocrx_word' id='word_1_792' title='bbox 1455 2385 1549 2404; x_wconf 72' lang='lat' dir='ltr'><strong>manus</strong></span> <span class='ocrx_word' id='word_1_793' title='bbox 1571 2375 1716 2412; x_wconf 70' lang='lat' dir='ltr'><strong>peccatoris</strong></span> <span class='ocrx_word' id='word_1_794' title='bbox 1731 2383 1783 2402; x_wconf 84' lang='lat' dir='ltr'><strong>non</strong></span> 
     </span>
    </p>
   </div>
   <div class='ocr_carea' id='block_1_107' title="bbox 994 2427 1187 2456">
    <p class='ocr_par' dir='ltr' id='par_1_107' title="bbox 994 2427 1187 2456">
     <span class='ocr_line' id='line_1_107' title="bbox 994 2427 1187 2456; baseline -0.021 0"><span class='ocrx_word' id='word_1_795' title='bbox 994 2431 1096 2456; x_wconf 80' lang='lat' dir='ltr'><strong>moueat</strong></span> <span class='ocrx_word' id='word_1_796' title='bbox 1108 2427 1187 2454; x_wconf 84' lang='lat' dir='ltr'><strong>me&quot;.</strong></span> 
     </span>
    </p>
   </div>
   <div class='ocr_carea' id='block_1_108' title="bbox 1027 2467 1785 2507">
    <p class='ocr_par' dir='ltr' id='par_1_108' title="bbox 1027 2467 1785 2507">
     <span class='ocr_line' id='line_1_108' title="bbox 1027 2467 1785 2507; baseline -0.011 -7"><span class='ocrx_word' id='word_1_797' title='bbox 1027 2473 1076 2500; x_wconf 81' lang='lat' dir='ltr'><strong>His</strong></span> <span class='ocrx_word' id='word_1_798' title='bbox 1091 2473 1210 2507; x_wconf 86' lang='lat' dir='ltr'><strong>denique</strong></span> <span class='ocrx_word' id='word_1_799' title='bbox 1224 2471 1261 2498; x_wconf 87' lang='lat' dir='ltr'><strong>ita</strong></span> <span class='ocrx_word' id='word_1_800' title='bbox 1274 2469 1435 2505; x_wconf 70' lang='lat' dir='ltr'><strong>prtemissis,</strong></span> <span class='ocrx_word' id='word_1_801' title='bbox 1452 2467 1610 2504; x_wconf 84' lang='lat' dir='ltr'><strong>specialiter</strong></span> <span class='ocrx_word' id='word_1_802' title='bbox 1619 2467 1676 2502; x_wconf 90' lang='lat' dir='ltr'><strong>jam</strong></span> <span class='ocrx_word' id='word_1_803' title='bbox 1689 2470 1785 2494; x_wconf 84' lang='lat' dir='ltr'><strong>contra</strong></span> 
     </span>
    </p>
   </div>
   <div class='ocr_carea' id='block_1_109' title="bbox 996 2512 1786 2554">
    <p class='ocr_par' dir='ltr' id='par_1_109' title="bbox 996 2512 1786 2554">
     <span class='ocr_line' id='line_1_109' title="bbox 996 2512 1786 2554; baseline -0.011 -6"><span class='ocrx_word' id='word_1_804' title='bbox 996 2527 1054 2551; x_wconf 90' lang='lat' dir='ltr'><strong>eos,</strong></span> <span class='ocrx_word' id='word_1_805' title='bbox 1066 2526 1116 2554; x_wconf 90' lang='lat' dir='ltr'><strong>pro</strong></span> <span class='ocrx_word' id='word_1_806' title='bbox 1125 2517 1227 2553; x_wconf 90' lang='lat' dir='ltr'><strong>quibus</strong></span> <span class='ocrx_word' id='word_1_807' title='bbox 1236 2517 1352 2551; x_wconf 80' lang='lat' dir='ltr'><strong>agimus,</strong></span> <span class='ocrx_word' id='word_1_808' title='bbox 1363 2515 1513 2542; x_wconf 87' lang='lat' dir='ltr'><strong>monachos</strong></span> <span class='ocrx_word' id='word_1_809' title='bbox 1521 2513 1671 2541; x_wconf 72' lang='lat' dir='ltr'><strong>iracundiae</strong></span> <span class='ocrx_word' id='word_1_810' title='bbox 1680 2512 1786 2540; x_wconf 87' lang='lat' dir='ltr'><strong>facibus</strong></span> 
     </span>
    </p>
   </div>
   <div class='ocr_carea' id='block_1_110' title="bbox 997 2558 1785 2597">
    <p class='ocr_par' dir='ltr' id='par_1_110' title="bbox 997 2558 1785 2597">
     <span class='ocr_line' id='line_1_110' title="bbox 997 2558 1785 2597; baseline -0.011 -4"><span class='ocrx_word' id='word_1_811' title='bbox 997 2572 1139 2597; x_wconf 84' lang='lat' dir='ltr'><strong>accensus,</strong></span> <span class='ocrx_word' id='word_1_812' title='bbox 1154 2568 1182 2591; x_wconf 93' lang='lat' dir='ltr'><strong>et</strong></span> <span class='ocrx_word' id='word_1_813' title='bbox 1198 2563 1307 2590; x_wconf 63' lang='lat' dir='ltr'><strong>invidiae</strong></span> <span class='ocrx_word' id='word_1_814' title='bbox 1318 2561 1438 2589; x_wconf 87' lang='lat' dir='ltr'><strong>stimulis</strong></span> <span class='ocrx_word' id='word_1_815' title='bbox 1450 2561 1589 2590; x_wconf 84' lang='lat' dir='ltr'><strong>incitatus.</strong></span> <span class='ocrx_word' id='word_1_816' title='bbox 1603 2563 1677 2586; x_wconf 91' lang='lat' dir='ltr'><strong>totus</strong></span> <span class='ocrx_word' id='word_1_817' title='bbox 1693 2558 1785 2589; x_wconf 84' lang='lat' dir='ltr'><strong>inten-</strong></span> 
     </span>
    </p>
   </div>
   <div class='ocr_carea' id='block_1_111' title="bbox 998 2604 1784 2644">
    <p class='ocr_par' dir='ltr' id='par_1_111' title="bbox 998 2604 1784 2644">
     <span class='ocr_line' id='line_1_111' title="bbox 998 2604 1784 2644; baseline -0.011 -5"><span class='ocrx_word' id='word_1_818' title='bbox 998 2611 1049 2644; x_wconf 91' lang='lat' dir='ltr'><strong>dit,</strong></span> <span class='ocrx_word' id='word_1_819' title='bbox 1060 2615 1086 2638; x_wconf 88' lang='lat' dir='ltr'><strong>et</strong></span> <span class='ocrx_word' id='word_1_820' title='bbox 1098 2611 1162 2638; x_wconf 92' lang='lat' dir='ltr'><strong>licet</strong></span> <span class='ocrx_word' id='word_1_821' title='bbox 1173 2617 1232 2641; x_wconf 86' lang='lat' dir='ltr'><strong>eos,</strong></span> <span class='ocrx_word' id='word_1_822' title='bbox 1245 2608 1354 2643; x_wconf 87' lang='lat' dir='ltr'><strong>publica</strong></span> <span class='ocrx_word' id='word_1_823' title='bbox 1366 2607 1491 2635; x_wconf 83' lang='lat' dir='ltr'><strong>veritatis</strong></span> <span class='ocrx_word' id='word_1_824' title='bbox 1503 2606 1580 2642; x_wconf 68' lang='grc'><strong>54],</strong></span> <span class='ocrx_word' id='word_1_825' title='bbox 1598 2604 1784 2636; x_wconf 78' lang='lat' dir='ltr'><strong>conscientia,</strong></span> 
     </span>
    </p>
   </div>
   <div class='ocr_carea' id='block_1_112' title="bbox 998 2650 1786 2684">
    <p class='ocr_par' dir='ltr' id='par_1_112' title="bbox 998 2650 1786 2684">
     <span class='ocr_line' id='line_1_112' title="bbox 998 2650 1786 2684; baseline -0.01 0"><span class='ocrx_word' id='word_1_826' title='bbox 998 2656 1142 2684; x_wconf 89' lang='lat' dir='ltr'><strong>manifeste</strong></span> <span class='ocrx_word' id='word_1_827' title='bbox 1166 2655 1310 2682; x_wconf 78' lang='lat' dir='ltr'><strong>luereticos</strong></span> <span class='ocrx_word' id='word_1_828' title='bbox 1326 2661 1380 2681; x_wconf 91' lang='lat' dir='ltr'><strong>non</strong></span> <span class='ocrx_word' id='word_1_829' title='bbox 1395 2652 1494 2680; x_wconf 89' lang='lat' dir='ltr'><strong>audeat</strong></span> <span class='ocrx_word' id='word_1_830' title='bbox 1507 2659 1636 2679; x_wconf 87' lang='lat' dir='ltr'><strong>accusare</strong></span> <span class='ocrx_word' id='word_1_831' title='bbox 1650 2671 1657 2683; x_wconf 83' lang='lat'><strong>,</strong></span> <span class='ocrx_word' id='word_1_832' title='bbox 1673 2650 1786 2684; x_wconf 78' lang='lat' dir='ltr'><strong>oblique</strong></span> 
     </span>
    </p>
   </div>
   <div class='ocr_carea' id='block_1_113' title="bbox 999 2696 1786 2732">
    <p class='ocr_par' dir='ltr' id='par_1_113' title="bbox 999 2696 1786 2732">
     <span class='ocr_line' id='line_1_113' title="bbox 999 2696 1786 2732; baseline -0.01 -2"><span class='ocrx_word' id='word_1_833' title='bbox 999 2707 1089 2730; x_wconf 84' lang='lat' dir='ltr'><strong>tamen</strong></span> <span class='ocrx_word' id='word_1_834' title='bbox 1105 2706 1133 2729; x_wconf 93' lang='lat' dir='ltr'><strong>ct</strong></span> <span class='ocrx_word' id='word_1_835' title='bbox 1147 2701 1244 2728; x_wconf 87' lang='lat' dir='ltr'><strong>callide</strong></span> <span class='ocrx_word' id='word_1_836' title='bbox 1257 2701 1310 2728; x_wconf 89' lang='lat' dir='ltr'><strong>hoc</strong></span> <span class='ocrx_word' id='word_1_837' title='bbox 1326 2700 1384 2727; x_wconf 85' lang='lat' dir='ltr'><strong>vult</strong></span> <span class='ocrx_word' id='word_1_838' title='bbox 1407 2699 1441 2726; x_wconf 88' lang='lat' dir='ltr'><strong>de</strong></span> <span class='ocrx_word' id='word_1_839' title='bbox 1458 2698 1498 2726; x_wconf 89' lang='lat' dir='ltr'><strong>eis</strong></span> <span class='ocrx_word' id='word_1_840' title='bbox 1523 2697 1649 2732; x_wconf 79' lang='lat' dir='ltr'><strong>intelligi,</strong></span> <span class='ocrx_word' id='word_1_841' title='bbox 1665 2696 1786 2730; x_wconf 89' lang='lat' dir='ltr'><strong>dumque</strong></span> 
     </span>
    </p>
   </div>
   <div class='ocr_carea' id='block_1_114' title="bbox 998 2741 1785 2785">
    <p class='ocr_par' dir='ltr' id='par_1_114' title="bbox 998 2741 1785 2785">
     <span class='ocr_line' id='line_1_114' title="bbox 998 2741 1785 2785; baseline -0.01 -11"><span class='ocrx_word' id='word_1_842' title='bbox 998 2749 1072 2782; x_wconf 80' lang='lat' dir='ltr'><strong>ipsos</strong></span> <span class='ocrx_word' id='word_1_843' title='bbox 1086 2746 1188 2781; x_wconf 89' lang='lat' dir='ltr'><strong>iniquis</strong></span> <span class='ocrx_word' id='word_1_844' title='bbox 1202 2744 1393 2780; x_wconf 85' lang='lat' dir='ltr'><strong>imprudenter</strong></span> <span class='ocrx_word' id='word_1_845' title='bbox 1402 2742 1653 2772; x_wconf 88' lang='lat' dir='ltr'><strong>obtrectationibus</strong></span> <span class='ocrx_word' id='word_1_846' title='bbox 1670 2741 1785 2785; x_wconf 70' lang='lat' dir='ltr'><strong>lacerat,</strong></span> 
     </span>
    </p>
   </div>
   <div class='ocr_carea' id='block_1_115' title="bbox 1143 2840 1789 2880">
    <p class='ocr_par' dir='ltr' id='par_1_115' title="bbox 1143 2840 1789 2880">
     <span class='ocr_line' id='line_1_115' title="bbox 1143 2840 1789 2880; baseline -0.009 -5"><span class='ocrx_word' id='word_1_847' title='bbox 1143 2849 1165 2864; x_wconf 83' lang='grc'>²⁰</span> <span class='ocrx_word' id='word_1_848' title='bbox 1178 2847 1248 2876; x_wconf 78' lang='lat' dir='ltr'><strong>Psal.</strong></span> <span class='ocrx_word' id='word_1_849' title='bbox 1263 2855 1344 2880; x_wconf 77' lang='lat' dir='ltr'><strong>cxvii,</strong></span> <span class='ocrx_word' id='word_1_850' title='bbox 1361 2846 1402 2879; x_wconf 76' lang='lat' dir='ltr'><strong>l5,</strong></span> <span class='ocrx_word' id='word_1_851' title='bbox 1422 2845 1462 2872; x_wconf 69' lang='grc'><strong>14.</strong></span> <span class='ocrx_word' id='word_1_852' title='bbox 1519 2844 1539 2860; x_wconf 87' lang='grc'><strong>¹¹</strong></span> <span class='ocrx_word' id='word_1_853' title='bbox 1559 2842 1631 2871; x_wconf 85' lang='lat' dir='ltr'><strong>Psal.</strong></span> <span class='ocrx_word' id='word_1_854' title='bbox 1652 2849 1726 2869; x_wconf 78' lang='lat' dir='ltr'><strong>xeul.</strong></span> <span class='ocrx_word' id='word_1_855' title='bbox 1743 2840 1789 2870; x_wconf 71' lang='grc'><strong>18.</strong></span> 
     </span>
    </p>
   </div>
  </div>
