1953 3086
208 141 247 180 tu

839 143 1000 176 IO‘ANN'IS
1019 145 1208 177 MAXENTII

1788 140 1849 180 100'

212 205 343 241 falsisque
355 203 703 232 criminationibusnititur
712 202 868 234 obfuscare,
881 201 1002 236 seipsum
1019 203 1039 231 Α
1056 202 1226 230 Nestorianze
1242 203 1364 238 perﬁdia:
1382 204 1504 231 tenebris
1516 208 1679 239 excaecatus,
1708 208 1839 239 quartum

214 252 276 279 tetri
293 252 396 279 erroris
405 251 546 286 nigredine
562 250 737 285 adopertmn,
749 252 912 276 cunctorum
922 254 996 281 aspc.

208 298 304 325 ‘ctibus
315 297 468 332 anteponit.

247 343 378 378 Adiungit
390 350 507 377 namque
522 346 549 369 et
561 340 628 369 dicit
641 350 647 367 :
661 351 669 366 ι
683 340 734 368 Ubi
748 347 803 367 non
817 339 899 366 varim
911 342 1001 365 tenta-

207 390 299 418 Ttionis
312 390 422 417 aculei?
447 389 548 422 Quales
558 396 608 424 per
617 388 692 414 hunc
715 387 772 414 fere
789 387 881 421 jugem
897 387 1002 411 annum

214 435 397 469 quorumdam
424 435 599 470 Scytharum,
629 433 676 468 qui
701 432 852 459 monachos
872 430 1004 466 praefere-

213 481 280 508 bant
296 482 400 516 specie,
413 489 468 508 non
488 480 614 512 veritate,
629 478 815 514 professione,
832 485 888 504 non
903 484 999 511 opere,

211 527 310 555 subtili
324 532 411 555 tectas
423 527 573 554 calliditate
586 524 736 556 versutias,
750 529 776 551 et
792 523 843 550 sub
859 523 1002 558 religionis

214 573 331 600 obtentu
349 572 510 607 famulantia
536 571 608 598 odiis
619 571 678 598 suis
700 578 807 598 venena
824 569 1001 604 pertulimus,

215 619 360 646 studentes
371 625 419 645 eos
438 618 472 645 ab
488 618 599 645 interno
620 617 737 644 vulnere
764 615 937 643 medicabilis
956 624 1004 651 pa-

216 665 321 692 tientia:
337 663 529 693 moderatione
554 670 665 695 sanare,
690 661 764 689 beati
792 661 870 688 Pauli
895 662 1003 688 monita

215 719 270 738 non
288 714 414 738 tenentes
426 719 431 737 :
444 710 505 737 Noli
518 710 601 737 verbis
615 709 792 736 contendere:
805 708 839 734 ad
856 706 924 734 nihil
934 708 1004 734 enim

207 754 278 781 eutile
294 759 342 786 est,
352 754 403 781 nisi
414 754 449 780 ad
460 753 654 780 subversionem
673 746 837 780 audientium
847 752 882 778 ".
893 761 902 778 ι
920 751 1000 779 Prin-

206 800 312 835 'cipalis
324 799 463 835 professio
475 799 600 827 omnium
619 799 646 826 in
671 806 818 826 commune
830 798 1004 825 Christiano-

214 853 275 872 rum
287 849 340 878 est,
355 845 427 873 viam
442 845 570 873 veritatis
584 849 611 872 ct
622 844 777 876 charitatis,
792 844 862 871 duce
878 843 1001 876 Christo,

208 891 363 927 'vigilanter
380 891 500 926 ingredi.
519 890 694 925 Quapropter
710 890 733 917 si
749 889 922 925 professione
944 890 1002 917 sal-

208 937 281 966 tem,
293 939 341 963 aut
353 935 449 971 specie
463 940 537 963 esset
549 935 600 962 istc
616 934 781 967 catholicus,
799 934 847 969 qui
865 934 958 970 specie
974 938 1002 962 et

208 981 387 1016 'professione
416 985 522 1008 tantum
551 982 618 1014 (non
640 988 724 1015 opere
740 984 769 1007 et
795 980 924 1015 veritate)
938 980 1003 1007 reii-

215 1027 307 1062 giosos
328 1035 376 1054 eos
398 1031 494 1054 contra
512 1034 593 1061 quos,
606 1026 671 1061 agit,
688 1025 772 1054 audet
797 1026 891 1053 dicere
908 1031 1003 1052 mona-

208 1072 294 1105 ‘chos,
321 1072 397 1100 credi
420 1072 536 1100 forsitan
552 1076 664 1108 poterat
685 1076 761 1099 recto
778 1073 812 1099 de
833 1072 873 1099 eis
887 1077 916 1100 et
936 1079 1002 1099 vero

208 1117 503 1153 'exaggcrarejudicio.
520 1117 554 1144 At
571 1125 636 1144 vero
652 1117 699 1144 ubi
722 1117 864 1144 inimicum
882 1124 944 1144 eum
956 1124 1001 1144 ca-

216 1164 326 1191 tholicas
341 1163 466 1190 veritatis
485 1171 533 1190 sua
548 1163 636 1197 ipsius
653 1163 728 1191 dicta
745 1163 923 1198 redarguunt,
940 1163 1003 1198 quis

214 1209 337 1244 ambigat
365 1209 495 1237 hrcrctico
510 1217 574 1236 eum
603 1209 702 1244 spiritu
716 1210 885 1244 exagitatam
908 1209 1002 1244 inique

215 1256 273 1283 haec
288 1256 380 1282 omnia
392 1256 525 1284 adversus
538 1255 650 1283 eosdem
666 1256 816 1283 monachos
826 1255 1004 1283 evomuisse?

214 1300 309 1335 Neque
321 1301 395 1328 enim
410 1301 449 1328 illi
473 1301 520 1335 qui
542 1300 677 1327 catholica
702 1304 848 1334 sequentes
863 1299 999 1334 dogmata,

213 1345 355 1374 Christum
382 1346 482 1374 Filium
504 1346 553 1373 Dei
576 1354 662 1373 unum
695 1345 862 1373 conﬁtentur
886 1352 946 1373 esse
969 1352 1003 1371 ex

215 1397 309 1420 sancta
320 1397 348 1420 et
365 1393 447 1419 unius
462 1392 591 1420 essentiae
609 1391 756 1423 Trinitate,
778 1391 826 1418 sed
847 1391 897 1418 iste
910 1391 1003 1425 potius

213 1439 262 1474 qui
278 1439 330 1466 hoc
347 1438 430 1474 impie
447 1438 574 1474 denegat,
606 1437 700 1465 subtili
732 1441 818 1464 tectas
850 1437 1002 1464 calliditate

215 1485 346 1521 quasdam
362 1485 500 1512 versutias
517 1483 722 1516 machinari,ac
747 1482 869 1509 ﬁdelium
896 1483 1003 1510 animos

215 1530 385 1566 inquietare,
408 1535 436 1558 et
467 1530 519 1558 sub
542 1530 655 1557 obtentu
673 1528 814 1563 religionis
842 1528 1002 1557 famulantia

215 1583 272 1603 non
289 1579 394 1603 tantum
409 1575 478 1607 odii,
490 1574 537 1602 sed
551 1574 655 1601 erroris
671 1573 713 1601 sui
728 1581 833 1600 venena
857 1581 906 1608 per
920 1581 1002 1602 omne
1016 1560 1037 1590 ο

216 1620 317 1657 corpus
347 1621 478 1648 Ecclesia:
503 1620 575 1648 velle
593 1618 756 1655 {diffundere
780 1619 1004 1647 manifestissime

217 1668 390 1695 confutatur.
404 1667 565 1694 ‘Priesertim
581 1665 628 1700 qui
644 1665 715 1692 hanc
727 1669 850 1692 sanctam
866 1669 894 1692 et
910 1666 1005 1693 catho-

217 1713 300 1741 licam
322 1721 417 1740 vocem
438 1711 599 1740 tentationis
615 1711 727 1738 sibimet
742 1711 868 1738 aculeum
884 1718 943 1739 esse
963 1715 1004 1739 te-

217 1764 316 1786 statur.
336 1759 378 1786 An
405 1758 475 1785 forte
505 1765 560 1784 non
586 1761 627 1784 est
652 1756 837 1790 catholicum,
862 1756 1004 1784 Christum

217 1805 318 1832 Filium
334 1805 382 1831 Dei
403 1803 457 1831 vivi
471 1811 557 1830 unum
571 1802 697 1830 conﬁteri
715 1811 748 1830 ex
765 1807 859 1830 sancta
879 1807 907 1830 et
934 1803 1006 1830 indi-

217 1851 300 1877 vidua
318 1849 470 1876 Trinitate?
495 1849 548 1875 Pro
577 1849 628 1875 hac
651 1849 754 1876 etenim
785 1848 843 1876 sola
867 1849 1004 1877 sententia

218 1896 385 1932 Scytharum
408 1894 559 1922 monachos
572 1894 726 1922 constatad
741 1894 895 1922 Romanum
919 1895 1004 1929 fuisse

217 1942 359 1977 profectos
386 1941 563 1975 episcopum,
597 1941 669 1968 sicut
684 1940 812 1968 omnibus
836 1949 918 1975 pene,
949 1950 1004 1969 non

215 1987 306 2014 solum
324 1986 351 2012 in
365 1986 417 2013 hac
433 1987 506 2021 regia
522 1987 602 2019 urbe,
613 1995 709 2014 verum
727 1987 810 2014 etiam
825 1988 851 2014 in
874 1987 1005 2016 universa

217 2033 295 2060 Italia
314 2032 466 2060 Catholicis
491 2038 588 2060 notum
605 2037 656 2061 est.
674 2033 741 2060 Nam
758 2038 786 2061 et
808 2033 859 2069 ipsi
881 2034 1004 2062 barretici

218 2079 260 2114 (ut
270 2079 397 2114 superius
411 2079 515 2106 dictum
533 2080 586 2114 est)
600 2080 633 2107 ad
648 2079 701 2107 hoc
713 2080 814 2115 tibique
824 2080 895 2108 hanc
906 2081 1003 2116 ipsam,

215 2125 262 2152 cui
297 2125 501 2160 respondimus,
520 2124 670 2160 Epistolam
697 2126 852 2160 proferunt,
868 2131 1005 2161 quatenus

214 2175 243 2199 ct
258 2171 413 2206 smpcdictis
431 2171 575 2198 monachis
586 2171 716 2198 invidiam
731 2171 882 2204 concitent,
898 2176 925 2198 et
943 2179 1003 2199 om-

214 2225 265 2245 nes
280 2217 360 2252 quasi
371 2225 404 2244 ex
415 2217 580 2244 auctoritate
604 2216 727 2251 ejusdem
746 2216 862 2244 Romani
877 2217 999 2252 episcopi
1020 2232 1043 2260 η

214 2263 419 2299 prohibeantur
435 2262 575 2290 Christum
592 2263 690 2290 Filium
705 2262 753 2290 Dei
765 2271 851 2290 unum
875 2263 1002 2291 confiteri

212 2316 249 2336 ex
259 2309 406 2337 Trinitatc.
420 2309 472 2337 Sed
486 2309 549 2345 quis
559 2309 631 2336 hanc
646 2309 812 2337 sententiam
838 2310 1003 2338 catholicam

211 2362 270 2383 non
282 2363 342 2384 esse
356 2363 440 2384 ausus
455 2360 496 2382 est
508 2356 641 2391 profiteri,
652 2363 733 2390 quam
745 2356 873 2384 universa
889 2364 1004 2384 venera-

210 2404 261 2428 '~tur
281 2404 309 2427 et
333 2400 510 2433 amplectitur
536 2401 584 2427 Dei
605 2400 745 2433 Ecclesia;
774 2400 945 2428 conﬁdenter
959 2405 1003 2428 et-

209 2446 289 2474 enim
314 2446 408 2474 dicere
435 2446 535 2478 audeo,
553 2453 607 2475 non
638 2447 710 2481 quod
729 2446 751 2474 si
771 2455 821 2481 per
843 2447 1001 2481 epistolam,

212 2492 262 2519 sed
276 2492 348 2526 quod
363 2491 385 2519 si
396 2492 457 2519 viva
473 2499 538 2519 voce
552 2492 596 2519 hic
612 2492 637 2520 in
660 2492 787 2527 praesenti
803 2493 908 2527 positus
930 2493 1003 2520 idem

212 2536 296 2565 Rom.
313 2537 472 2572 prohiberet
499 2537 645 2572 episcopus
662 2537 803 2564 Christum
833 2537 933 2565 Filium
949 2537 999 2565 Dei

213 2590 301 2610 unum
319 2582 444 2609 conﬁteri
470 2590 503 2609 ex
526 2589 619 2610 sancta
644 2587 672 2609 et
688 2582 831 2610 individua
843 2583 980 2610 Trinitate
992 2603 999 2615 ,

213 2635 356 2662 nunquam
373 2627 463 2654 eidem
487 2628 535 2655 Dei
552 2628 672 2655 Ecclesia
706 2629 915 2663 acquiesceret;
933 2638 1005 2657 nun-

214 2681 297 2708 quam
311 2673 512 2707 utepiscopum
529 2673 696 2701 catholicum
726 2680 906 2702 veneraretur
921 2696 927 2707 ,
954 2675 1003 2702 sed

212 2719 328 2746 omnino
347 2723 377 2746 ut
392 2718 553 2745 htereticum
570 2719 681 2754 penitus
710 2725 914 2747 exsecraretur.
933 2720 1003 2754 Quia

212 2765 341 2800 quisquis
355 2765 407 2793 hoc
427 2771 487 2793 ‘non
502 2766 663 2798 conﬁtetur,
674 2774 728 2793 non
745 2771 787 2794 est
797 2767 913 2794 dubium
929 2766 1017 2814 quod.

253 2852 310 2881 "li
326 2854 397 2882 Tim.
413 2855 499 2887 11,14.
536 2854 558 2869 ’³
575 2853 659 2882 Eccli.
680 2854 771 2886 ιγ,7›5.

812 2854 834 2870 ³³
850 2853 904 2882 Tit.
924 2861 942 2886 t,
956 2853 1035 2881 9-H.

1052 251 1079 273 et
1091 252 1252 274 extraneum
1266 255 1280 274 a
1296 254 1390 275 sancta
1409 253 1436 276 et
1455 249 1590 275 ineffabili
1613 248 1759 281 Trinitate,
1775 256 1839 277 eum

1052 294 1099 328 qui
1117 302 1165 329 pro
1177 295 1258 323 nobis
1271 304 1382 322 crucem
1399 296 1543 329 sustinuit,
1559 296 1709 330 praedicare
1723 301 1839 324 conten—

1052 338 1109 366 dat.
1124 339 1176 366 Sed
1203 340 1274 367 absit
1292 346 1362 367 utex
1380 341 1507 375 qualibet
1524 345 1602 375 parte
1624 341 1767 376 catholicae
1777 349 1841 376 pro-

1051 385 1163 412 iussioni
1189 387 1303 413 Roman.
1327 388 1475 422 cpiscopus
1487 387 1678 415 contradicatl
1694 389 1839 423 Nunquam

1051 431 1155 458 etenim
1173 432 1337 468 Scytharum
1355 434 1505 461 monachos
1534 433 1615 468 (quos
1639 442 1694 461 non
1720 435 1839 470 simplici

1052 484 1189 511 sermone,
1203 479 1252 506 scd
1269 479 1353 507 etiam
1367 480 1489 515 scriptis,
1510 479 1651 508 Christum
1676 480 1776 508 Filium
1791 481 1839 508 Dei

1054 532 1138 551 unum
1151 532 1184 552 ex
1199 525 1335 554 Trinitate
1348 530 1465 554 noverat
1486 526 1625 562 confiteri)
1643 534 1693 561 per
1705 533 1839 561 quatuor-

1052 569 1141 598 decim
1155 578 1225 605 pene
1238 579 1358 603 menses,
1377 571 1501 606 quandiu
1517 579 1565 599 eos
1578 572 1615 598 ibi
1633 571 1762 604 detinuit,
1787 573 1839 600 sibi

1053 616 1258 644 communicare
1275 617 1458 651 permisisset,
1477 617 1511 649 si,
1529 621 1560 644 ut
1583 617 1707 644 hreretici
1731 618 1838 649 volunt,

1053 660 1125 687 hanc
1155 661 1379 696 praedicationem
1412 662 1554 690 catholica:
1579 663 1642 690 ﬁdei
1670 664 1839 691 contrariam

1050 707 1198 742 judicaret.
1212 707 1264 742 Qui
1281 709 1364 736 etiam
1380 713 1411 736 ut
1422 716 1450 736 se
1463 716 1478 736 a
1489 709 1624 743 pravitate
1639 709 1741 744 proprii
1759 710 1839 744 legati

1053 753 1224 787 purificaret,
1240 754 1337 782 multis
1350 754 1458 782 idoneis
1477 754 1547 782 viris
1571 755 1766 790 prtesentibus,
1785 755 1840 782 Ro-

1053 806 1165 826 manum
1187 799 1279 826 virum
1297 799 1526 835 gloriosissimum
1543 799 1705 835 magistrum
1720 800 1840 828 militum

1053 844 1219 879 deprecatus
1231 850 1282 878 est,
1301 849 1439 880 quatenus
1453 853 1500 873 sua
1513 846 1598 873 verba
1613 846 1739 881 piissimo
1753 847 1840 881 impe-

1054 891 1139 918 ratori
1154 891 1309 919 insinuaret
1324 899 1384 926 qua:
1397 891 1474 919 fuere
1489 891 1650 926 hujusmodi
1663 900 1670 918 :
1684 892 1743 919 Nisi
1763 892 1842 919 Chri—

1054 940 1112 963 tum
1126 936 1225 964 Filium
1242 936 1302 968 Dei,
1313 937 1360 971 qui
1376 944 1426 971 pro
1440 936 1521 964 nobis
1536 944 1634 972 passus
1642 942 1684 964 est
1701 938 1729 964 in
1746 945 1840 969 carne,

1053 989 1140 1010 unum
1153 990 1214 1010 esse
1225 990 1259 1010 cx
1274 987 1369 1011 sancta
1386 987 1416 1011 et
1436 982 1580 1010 individua
1605 982 1742 1010 Trinitate
1758 983 1842 1011 fuerit

1053 1026 1198 1054 confessus
1224 1027 1385 1060 Dioscorus,
1418 1027 1515 1062 pelago
1542 1026 1731 1061 demergatur.
1763 1026 1842 1054 Unde

1053 1073 1117 1108 quis
1132 1073 1214 1101 facile
1226 1073 1341 1101 credere
1352 1073 1452 1101 audeat
1474 1073 1547 1100 hanc
1570 1080 1585 1099 a
1606 1076 1760 1100 memorato
1781 1065 1842 1099 viro

1053 1119 1095 1154 (ut
1112 1127 1184 1154 saepe
1199 1119 1329 1154 diximus)
1345 1119 1480 1147 directam
1512 1118 1680 1153 Epistulam?
1694 1117 1752 1146 Nisi
1771 1118 1842 1145 forte

1054 1164 1139 1200 (quod
1154 1164 1188 1192 de
1203 1168 1279 1192 tanto
1297 1165 1420 1193 antistite
1431 1164 1545 1192 credere
1573 1164 1763 1199 importunum
1788 1164 1841 1199 est)

1053 1217 1068 1236 a
1087 1215 1238 1238 memorato
1257 1210 1391 1238 Dioscoro
1418 1213 1514 1244 postea
1541 1209 1717 1244 depravatus,
1745 1214 1852 1237 contra“

1054 1261 1131 1282 suam
1146 1254 1232 1289 ipsius
1251 1255 1418 1282 sententiam
1441 1255 1499 1282 haec
1518 1254 1661 1289 scripsisse
1686 1253 1843 1282 credendus

1053 1304 1106 1327 est.
1122 1299 1336 1332 Verumtamen,
1354 1300 1412 1327 sive
1426 1299 1460 1326 ab
1480 1300 1543 1331 hoc,
1560 1300 1642 1327 sivea
1653 1300 1777 1334 quolibet
1788 1299 1843 1327 alio

1053 1345 1111 1373 lucc
1127 1345 1163 1373 sit
1173 1345 1274 1380 scripta
1289 1344 1422 1379 Epistola,
1452 1352 1506 1371 non
1519 1349 1561 1371 est
1573 1344 1686 1372 dubium
1702 1347 1842 1372 auctorem

1053 1392 1114 1428 ejus
1130 1399 1191 1418 esse
1203 1391 1376 1423 hmreticum,
1400 1391 1448 1425 qui
1466 1390 1674 1418 contentionem
1691 1390 1843 1418 verborum

1053 1441 1081 1466 et
1105 1437 1315 1465 subversionem
1348 1436 1537 1467 audientium.
1562 1437 1670 1471 iudicat
1697 1436 1842 1465 Christum

1053 1483 1153 1511 Filium
1165 1483 1214 1511 Dei
1227 1483 1281 1510 vivi
1297 1490 1384 1510 unum
1396 1482 1476 1510 fateri
1485 1489 1519 1508 ex
1529 1481 1676 1509 Trinitate.
1690 1482 1842 1516 Apostolus

1054 1530 1128 1557 enim
1141 1534 1253 1556 sanctus
1263 1529 1365 1556 Paulus
1381 1536 1437 1556 non
1448 1527 1586 1555 veridicas
1604 1528 1774 1556 assertiones
1795 1529 1840 1563 (ex

1055 1575 1156 1612 quibus
1174 1575 1297 1603 ﬁdelium
1322 1575 1421 1603 animae
1435 1574 1619 1607 mdificantur,
1644 1579 1673 1602 et
1697 1574 1842 1602 haeretico-

1056 1629 1117 1649 rum
1142 1621 1263 1656 pravitas
1281 1620 1465 1655 confutatur),
1484 1620 1532 1648 sed
1557 1620 1654 1648 inanes
1673 1624 1702 1648 et
1729 1620 1842 1648 veritati

1056 1668 1221 1700 contrarias,
1244 1667 1325 1695 docet
1352 1675 1413 1695 esse
1436 1667 1586 1694 verborum
1613 1666 1840 1699 contentionem,

1056 1713 1322 1748 subversioncmque
1337 1713 1521 1740 audientium.
1546 1712 1678 1747 Alioquin
1699 1720 1842 1747 nunquam

1057 1767 1108 1786 nos
1122 1758 1265 1794 Scriptura
1289 1758 1382 1785 divina
1399 1758 1571 1790 admoneret,
1587 1757 1700 1785 dicens:
1725 1757 1765 1785 Ne
1778 1765 1843 1785 con-

1057 1805 1179 1841 fundari:
1193 1805 1264 1840 loqui
1278 1805 1383 1832 verbum
1397 1813 1445 1840 pro
1459 1804 1550 1831 anima
1572 1807 1629 1835 tua,
1649 1808 1674 1830 et
1700 1812 1748 1837 pro
1772 1804 1843 1831 aerio

1057 1855 1111 1878 tate
1120 1855 1191 1878 certa
1206 1859 1286 1886 usque
1304 1851 1338 1877 ad
1351 1849 1512 1881 mortem“;
1525 1855 1665 1882 nunquam
1677 1848 1760 1876 etiam
1769 1849 1843 1877 idem

1055 1896 1181 1931 gentium
1202 1896 1299 1923 doctor
1318 1895 1539 1923 contradicentes
1556 1894 1665 1922 Judzeos
1677 1895 1734 1922 sive
1752 1895 1844 1930 genti-

1054 1942 1096 1970 les
1119 1940 1261 1970 revincere
1273 1941 1417 1977 potuisset,
1438 1941 1491 1968 nisi
1511 1940 1632 1976 legitime
1663 1940 1842 1974 deccrtasset.

1056 1987 1126 2015 Hinc
1153 1987 1271 2022 denique
1289 2009 1296 2020 ,
1321 1987 1393 2014 inter
1427 1990 1545 2018 ctetera,
1572 1986 1619 2013 ubi
1648 1986 1682 2013 de
1707 1986 1845 2014 electione

1055 2034 1176 2069 episcopi
1190 2033 1329 2069 proprium
1344 2034 1371 2060 in
1382 2032 1434 2061 ﬁde
1447 2032 1531 2060 ﬁlium
1557 2032 1678 2064 instruit,
1702 2026 1855 2067 praecipit,‘

1056 2067 1167 2108 dicens:
1179 2067 1342 2114 dmptectere
1352 2079 1471 2114 eum,qui
1480 2078 1622 2105 secundant
1633 2079 1780 2106 doctrinam
1794 2067 1856 2111 est,l

1055 2125 1160 2160 ﬁdelem
1172 2134 1329 2158 sermonem,
1345 2129 1372 2152 ut
1388 2129 1478 2160 potens
1490 2124 1528 2152 sis
1543 2125 1678 2151 exhortari
1687 2125 1713 2151 in
1722 2124 1844 2157 doctrina

1055 2181 1134 2204 sana,
1150 2177 1173 2199 et
1193 2172 1400 2200 contradicentes
1432 2172 1574 2199 revincere.
1599 2171 1667 2198 'Sunt
1677 2172 1746 2198 enim
1766 2170 1845 2199 multi

1057 2219 1255 2251 inobedientes,
1287 2219 1442 2254 vaniloqui,
1475 2223 1500 2245 et
1527 2219 1695 2251 seductores,
1729 2220 1845 2247 maxime

1057 2266 1101 2299 qui
1129 2264 1160 2290 de
1179 2252 1453 2291 circumcisione'sunt
1466 2284 1473 2296 ,
1496 2272 1561 2299 quos
1584 2269 1685 2299 oportet
1706 2252 1855 2300 redargui,l

1056 2304 1102 2346 qu’i
1136 2311 1273 2339 universas
1308 2310 1399 2337 domas
1434 2310 1608 2343 subvertant,
1640 2310 1757 2338 docente;
1786 2301 1854 2348 gate:

1057 2365 1108 2384 non
1121 2360 1233 2393 oportet,
1252 2358 1334 2392 turpis
1348 2356 1415 2383 lucri
1424 2356 1512 2391 gratia
1521 2357 1554 2382 ".
1571 2356 1714 2389 Quocirca,
1724 2364 1779 2384 non

1055 2411 1118 2430 rum
1144 2403 1166 2430 si
1178 2403 1312 2431 catholica
1329 2403 1431 2430 sanitas
1449 2403 1593 2430 vuinusab
1611 2402 1749 2430 haereticis
1769 2391 1854 2430 asti-1

1058 2452 1158 2480 mctnr,
1170 2449 1241 2476 sicut
1255 2452 1283 2475 et
1301 2448 1336 2475 ab
1365 2448 1419 2475 hoc
1444 2447 1492 2483 qui
1524 2447 1647 2475 studium
1665 2447 1843 2475 medicabilis

1058 2493 1196 2529 patientiae
1225 2493 1415 2521 moderatione
1440 2493 1600 2520 adhibuisse
1624 2500 1653 2520 sc
1669 2493 1764 2528 jactat,
1788 2500 1844 2528 quo

1056 2539 1221 2574 Scytharum
1232 2539 1382 2566 monachos
1391 2547 1406 2565 a
1416 2539 1529 2573 proprio
1543 2542 1653 2566 sanaret
1661 2537 1790 2565 vulneret

1091 2585 1168 2613 lJnde
1183 2586 1325 2620 sequitur:
1343 2594 1352 2610 ε
1367 2585 1420 2612 Sed
1433 2585 1554 2620 quando,
1571 2584 1670 2619 inquit,
1682 2584 1759 2612 virus
1770 2584 1845 2620 quod

1055 2631 1162 2658 viscera
1187 2630 1354 2665 penetravit,
1367 2630 1515 2657 evellitur?
1533 2629 1644 2665 quando
1661 2629 1744 2657 corda
1772 2630 1845 2657 male

1055 2676 1107 2703 sibi
1137 2676 1271 2708 credula,
1301 2675 1427 2702 veritatis
1457 2675 1653 2709 obtemperant
1686 2674 1844 2702 institutis?

1054 2721 1165 2756 quando
1178 2721 1270 2749 induit
1279 2721 1445 2748 obedientiie
1465 2720 1650 2748 humilitatem
1663 2720 1844 2754 opinionibus

1056 2766 1114 2794 suis
1137 2766 1237 2794 vallata
1255 2765 1404 2801 superbia?
1434 2764 1546 2800 quando
1562 2764 1742 2798 acquiescunt
1767 2763 1842 2798 paci,
