1953 3086
338 99 365 113 νγ
383 100 397 103 ,

122 131 135 163 ’1
141 131 168 164 «ξι

565 132 613 161 AD
632 131 845 162 EPISTULA)“
865 131 1074 162 HORMISDE
1093 133 1312 165 ItESi’ONSlO.

1701 135 1751 170 i0!

126 190 333 220 contentionum
364 187 486 216 stimulis
516 188 636 221 assueti,
668 188 726 215 sola
758 186 911 214 certamina
927 189 949 218 Α
964 188 1010 216 hic
1024 189 1154 217 Christus
1178 200 1251 219 unus
1268 194 1305 219 sit
1321 201 1354 220 ex
1373 193 1522 227 Trinitate,
1550 195 1597 223 sed
1620 196 1686 231 quia
1702 198 1751 226 Dei

126 241 237 265 aventes
246 237 280 264 de
289 235 421 272 religione
431 238 551 270 captare,
561 239 589 261 et
601 234 729 261 mandata
741 233 878 268 negligere
886 233 911 259 ἳι

127 287 183 314 Non
196 289 241 313 est
257 285 374 312 dubium
387 283 524 311 catholica
543 282 682 317 dogmata,
697 282 770 310 sicut
786 281 915 308 ﬁdelibus

126 330 278 362 salutifera,
296 331 333 357 ita
350 337 411 357 esse
424 328 567 356 mortifera
593 328 764 355 inﬁdelibus.
780 327 851 354 Hinc
863 327 913 354 des

130 377 210 412 inique
222 378 319 404 beatus
334 375 483 411 Apostolus
500 374 666 409 quibusdam
679 374 792 401 odorem
807 381 836 400 se
850 373 916 400 dicit

128 431 185 451 esse
204 423 267 450 vita:
283 422 416 453 invitam,
435 421 602 456 quibusdam
622 421 822 448 vero-odorem
838 427 915 446 mor-

129 469 162 496 tis
176 469 205 496 in
222 472 338 495 mortem
349 467 383 493 “.
398 466 438 494 Ex
451 466 553 501 quibus
564 473 636 493 unus
658 466 709 493 iste
722 473 783 493 esse
802 465 915 492 omnino

126 513 300 542 convincitur
312 511 359 547 qui
375 516 499 539 sanctam
512 515 540 538 et
558 510 671 538 veritati
698 509 911 537 convenientem

129 561 302 596 Scytharum,
320 559 376 586 imo
405 557 540 584 universae
554 556 693 588 Ecclesiae,
716 554 916 590 professionem

129 608 204 634 virus
230 605 341 633 noxium
369 604 537 632 arbitratur.
564 602 621 630 Nec
655 601 812 633 immerito;
841 600 917 628 videt

95 651 100 657 '
127 659 247 686 namque
270 650 390 685 proprias
421 648 546 684 perﬁdiae
572 648 645 675 hanc
663 655 725 675 esse
749 646 916 674 sententiam

130 699 187 727 sine
201 698 287 725 dubio
303 696 531 732 peremptoriam,
547 703 608 730 qua:
622 695 732 722 illorum
749 694 915 726 visceribus,

128 752 198 780 quos
207 743 300 771 divina
307 742 427 770 custodit
438 741 535 777 gratia.
549 741 611 768 idco
623 748 764 776 nunquam
775 740 916 773 evellitur,

130 790 193 825 quia
215 790 277 825 ejus
290 788 383 817 vitalis
395 787 544 815 suavitudo
574 787 663 815 nutrit
684 792 713 814 et
735 786 809 814 fovet
834 786 918 814 corda

130 836 265 863 ﬁdelium.
282 835 332 862 liie
345 838 438 861 autem
454 833 561 861 ideirco
575 833 735 860 nullatenus
756 832 840 867 hujus
855 840 930 873 δέῃ-ιι-¹

131 881 349 910 ιίωειωνίιιιιίἱηί
361 879 612 915 acquiescit,quia,
627 883 698 907 srcut
710 879 768 914 ipse
777 878 829 911 ait,
844 886 917 906 nun-
931 874 933 878 ⁷

129 936 210 964 quam
220 928 290 955 male
302 927 356 955 sibi
365 926 477 954 credula
490 925 575 954 corda
587 925 710 952 veritatis
726 924 918 959 obtemperant

123 969 275 1006 institutis,
285 980 428 1008 nunquam
442 972 533 999 induit
550 971 717 999 obedientia:
733 970 918 998 humilitatem

131 1020 308 1055 opinionibus
316 1019 375 1046 suis
387 1018 488 1046 vallata
502 1017 726 1053 superbia.Unde
741 1024 796 1043 non
805 1017 860 1051 jam
879 1015 919 1042 illi

124 1066 340 1101 vquihaareticam
355 1071 450 1099 pacem
460 1064 611 1099 refugiunt,
621 1063 669 1090 sed
684 1063 734 1090 iste
750 1062 844 1098 potius
851 1069 919 1089 con-—

132 1111 285 1139 tentionum
297 1111 417 1139 stimulis
437 1114 565 1138 assuetus
574 1110 689 1144 penitus
704 1108 915 1143 comprobatur,

130 1156 176 1191 qui
186 1156 293 1184 veritati
307 1156 389 1192 impie
401 1156 544 1189 resistens,
555 1163 570 1183 a
586 1155 722 1183 catholica
734 1154 919 1189 paecdissen-

132 1201 174 1228 tit.
191 1201 249 1229 Nec
279 1201 408 1228 mandata
421 1200 525 1229 Christi
541 1201 697 1235 negligunt,
725 1199 799 1227 sicut
824 1198 920 1233 inique

124 1247 302 1282 obloquitur,
315 1247 364 1275 sed
375 1247 489 1275 omnino
500 1247 671 1277 custodiunt,
702 1246 751 1281 qui
771 1253 826 1272 non
840 1244 920 1277 falsa,

130 1292 179 1320 sed
213 1301 279 1321 vera
309 1297 441 1320 exercent
454 1300 506 1327 pro
524 1292 661 1320 catholica
681 1291 816 1327 religione
832 1296 922 1318 certa-

126 1338 223 1370 rmina_
238 1337 333 1368 Adhuc
345 1338 401 1366 odii
419 1339 463 1366 sui
480 1346 589 1366 veneno
612 1338 741 1365 turbatus
752 1356 759 1369 ,
780 1343 920 1371 nunquam

125 1385 298 1413 charitatem
307 1392 380 1412 novo
390 1389 528 1420 praecepto
537 1383 769 1416 commendat-am,
779 1390 921 1417 nunquam

128 1438 228 1466 pacem
242 1430 384 1458 Dominico
400 1431 524 1458 discessu
543 1431 666 1457 relictam
680 1429 751 1464 apud
759 1428 922 1464 Scytharum

130 1476 284 1504 monachos
309 1484 382 1509 esse,
405 1476 605 1511 conqueritur:
622 1475 689 1511 quia
714 1482 762 1502 eos
790 1474 923 1509 prospicit

929 858 966 887 7B.

966 234 1048 262 Verbi
1064 235 1091 261 in
1114 243 1143 263 se
1158 236 1310 265 habitantis
1327 246 1474 273 personam
1496 240 1609 274 habeat,
1634 249 1695 276 quas
1709 248 1752 270 est

966 287 1021 305 una
1038 287 1072 306 ex
1087 280 1234 314 Trinitate,
1249 287 1280 310 ut
1292 283 1348 318 jam
1365 284 1406 312 sic
1424 285 1547 313 vicarius
1571 287 1752 322 quodammo-

966 324 1003 351 do
1021 325 1077 352 sive
1093 326 1222 354 minister
1243 328 1279 355 sit
1293 329 1341 356 Dei
1355 330 1437 358 Verbi
1462 331 1602 366 Christus,
1630 341 1687 361 non
1703 341 1753 361 au-

967 375 1022 398 tem
1040 372 1098 406 ipse
1118 373 1192 400 Deus
1211 374 1332 402 Verbum
1350 376 1386 404 sit
1410 376 1555 405 Christus:
1571 380 1646 414 quod
1669 387 1752 415 quam

967 417 1004 444 sit
1019 417 1146 453 impium,
1171 420 1254 448 etiam
1282 421 1336 456 ipsi
1361 423 1410 458 qui
1434 423 1488 451 hoc
1510 430 1650 459 asserunt,
1668 426 1753 453 credo

965 462 1204 493 animadvertunt.
1221 467 1278 494 llac
1290 467 1412 504 denique
1428 470 1580 499 calliditate
1593 479 1676 499 unam
1691 472 1754 507 qui-

967 509 1029 537 dem
1049 518 1196 545 personam
1221 513 1363 542 Christum
1394 516 1518 545 fatentur
1540 526 1572 545 ex
1603 519 1752 551 Trinitate,

968 561 1054 581 unum
1065 559 1159 582 autem
1176 564 1210 584 ex
1222 557 1358 586 Trinitate
1373 567 1436 587 eum
1449 561 1549 589 nolunt
1564 562 1676 596 penitus
1686 569 1753 590 con-

967 599 1052 627 ﬁteri.
1067 601 1120 634 Qui
1139 606 1232 630 autem
1251 611 1307 631 non
1321 605 1371 634 Dei
1395 606 1479 634 Verbi
1502 615 1650 642 personam
1672 608 1754 636 Chri-

967 650 1040 673 stum
1060 647 1162 675 haberc
1179 649 1311 683 fatentur,
1335 652 1384 679 sed
1416 653 1506 688 ipsum
1521 654 1608 682 Deum
1629 655 1753 683 Verbum

966 691 1108 720 Christum
1123 694 1241 723 credun‘t
1254 700 1282 723 et
1297 698 1476 733 conﬁtentur,
1499 700 1571 728 sicut
1590 709 1671 728 unam
1688 710 1754 736 per-

969 743 1064 764 sonam
1088 746 1121 765 ex
1133 738 1282 772 Trinitate,
1297 741 1335 768 ita
1349 746 1378 769 et
1387 751 1471 770 unum
1488 751 1521 771 ex
1534 745 1670 772 Trinitalc
1684 753 1755 780 prae-

969 782 1225 812 dicantChristum.
1241 786 1311 819 Quia
1337 788 1360 815 si
1376 789 1449 816 Deus
1464 790 1585 817 Verbum
1607 796 1651 818 est
1677 791 1757 819 Chri-

969 832 1039 861 stus,
1059 833 1087 857 et
1111 830 1239 859 Christus
1268 833 1340 861 Deus
1361 835 1494 868 Verbum,
1516 837 1590 864 sicut
1619 837 1757 865 catholica

970 874 1059 901 credit
1070 876 1187 909 sanitas,
1200 879 1341 912 quomodo
1355 887 1411 908 non
1425 885 1468 908 est
1490 881 1620 909 Christus
1637 891 1710 910 unus
1723 891 1756 911 ex

962 918 1118 954 'Trinitatc,
1141 923 1164 950 si
1191 931 1245 951 una
1275 933 1392 959 persona
1423 931 1465 954 est
1481 928 1553 956 Deus
1577 929 1700 956 Verbum
1723 938 1756 957 ex

971 966 1128 996 Trinitate?
1143 969 1200 996 Nisi
1213 970 1286 998 forte
1301 971 1388 999 Deum
1405 973 1527 1001 Verbum
1545 974 1603 1002 sive
1614 974 1757 1003 Christum

969 1011 1077 1047 aliquid
1102 1019 1204 1048 praeter
1230 1017 1368 1044 naturalis
1394 1025 1522 1052 personat
1538 1024 1671 1047 asserunt
1695 1028 1757 1048 esse

969 1057 1148 1091 vocabulum,
1163 1059 1238 1092 quod
1248 1060 1332 1087 credo
1351 1061 1446 1088 nullus
1463 1070 1584 1096 unquam
1603 1071 1689 1090 ausus
1705 1064 1758 1090 fuit

969 1100 1165 1129 haereticorum
1194 1103 1299 1131 dicere.
1334 1104 1363 1132 Si
1393 1110 1486 1133 autem
1519 1107 1606 1134 Deum
1635 1107 1757 1135 Verbum

969 1147 1028 1174 sive
1041 1147 1183 1176 Christum
1196 1157 1250 1178 non
1262 1150 1337 1178 aliud
1352 1151 1468 1186 aliquid,
1485 1152 1534 1180 sed
1548 1153 1684 1181 naturalis
1694 1161 1758 1189 per-

969 1199 1044 1221 sona:
1070 1194 1238 1223 vocabulum
1260 1203 1320 1224 esse
1346 1197 1516 1233 intelligunt,
1534 1199 1675 1233 quomodo
1699 1207 1757 1227 non

969 1238 1150 1267 estChristus
1181 1249 1253 1269 unus
1267 1249 1301 1269 ex
1322 1242 1469 1275 Trinitate,
1494 1245 1517 1270 si
1539 1251 1592 1270 una
1620 1245 1758 1272 naturalis

969 1292 1088 1319 persona
1115 1290 1158 1314 est
1183 1287 1258 1314 idem
1281 1287 1410 1315 Christus
1431 1296 1465 1316 ex
1483 1289 1704 1318 Trinitate?Sed
1728 1290 1758 1319 in

970 1331 1014 1359 his
1035 1332 1158 1360 tenebris
1189 1333 1252 1361 ideo
1279 1334 1478 1369 devolvuntur,
1508 1337 1574 1372 quia
1601 1345 1658 1364 non
1682 1337 1758 1372 iuxta

969 1378 1157 1412 compositum
1173 1373 1260 1406 Deum
1277 1381 1410 1414 Verbum,
1436 1386 1465 1410 et
1489 1383 1524 1410 ab
1541 1390 1574 1410 eo
1601 1387 1758 1418 susceptam

971 1429 1097 1452 naturam
1104 1425 1265 1459 humanam,
1274 1435 1360 1454 unum
1375 1427 1535 1463 intelligunt
1544 1428 1699 1461 Christum,
1710 1427 1759 1455 sed

969 1471 1046 1507 juxta
1055 1472 1168 1500 alterius
1182 1473 1210 1500 in
1219 1473 1306 1501 altero
1315 1474 1529 1508 habitationem,
1541 1474 1615 1502 sicut
1629 1475 1761 1510 superius

131 1530 184 1558 pro
200 1523 258 1550 telo
268 1522 411 1550 catholicre
420 1521 482 1549 ﬁdei
496 1529 553 1549 non
566 1520 700 1555 ﬁdelium,
711 1520 920 1548 sedinﬁdelium
935 1532 957 1563 ο
972 1517 1128 1551 docuimUS,
1143 1518 1202 1545 sive
1222 1520 1374 1547 secundum
1385 1520 1503 1548 duarum
1517 1528 1700 1555 personarum
1713 1528 1760 1549 so-

132 1569 281 1604 vigilantcr
308 1576 359 1603 per
385 1568 433 1595 Dei
463 1567 579 1603 gratiam
604 1567 744 1595 declinare
768 1567 920 1595 consortia.

131 1614 255 1642 Eosdem
270 1622 323 1640 una
340 1614 493 1649 pertinacis
510 1614 647 1649 propositi
668 1620 733 1641 cura
755 1613 865 1640 deditos
877 1621 921 1640 ra-

134 1660 205 1688 tioni
222 1660 292 1688 velle
315 1660 467 1699 imperare,
484 1667 539 1687 non
562 1659 667 1687 cedere
687 1660 864 1694 impudenter
874 1667 922 1686 ac-

131 1711 224 1739 cusat,
242 1714 306 1733 cum
323 1714 372 1733 eos
399 1705 503 1733 veritas
515 1705 573 1733 suis
587 1705 701 1741 penitus
723 1706 858 1741 approbat
878 1714 922 1733 ra-

133 1752 261 1780 tionibus
276 1752 428 1788 subjectos.
446 1752 488 1779 An
505 1751 578 1779 forte
602 1752 665 1780 illos
691 1751 794 1779 rationi
811 1751 921 1783 cedere,

133 1806 191 1826 non
207 1799 345 1834 imperare
361 1798 482 1833 judicat,
499 1798 548 1832 qui
566 1797 708 1826 Christum
725 1805 807 1824 unam
824 1804 922 1832 perso—

132 1852 198 1871 nam
227 1844 340 1878 quidem
362 1851 396 1871 ex
422 1842 572 1875 Trinitate,
590 1850 644 1870 non
671 1846 764 1870 autem
781 1849 868 1869 unum
889 1849 922 1869 ev

134 1889 272 1916 Trinitate
300 1896 361 1916 esse
379 1887 521 1915 fatentur?
545 1887 599 1914 Sed
629 1887 658 1915 hi
688 1888 736 1922 qui
752 1887 805 1914 hoc
825 1887 923 1914 dicunt

134 1934 229 1969 potius
243 1933 343 1960 rationi
357 1932 589 1967 velleimperare,
604 1939 661 1959 non
671 1932 799 1965 credere,
811 1931 923 1966 penitus

134 1981 354 2007 convincuntur.
374 1978 443 2012 Quis
453 1978 527 2006 enim
545 1983 600 2005 tam
614 1979 717 2006 stultus
732 1983 759 2005 et
775 1982 873 2006 vecors
887 1977 923 2006 sit

133 2025 184 2060 qui
199 2025 292 2053 dicere
308 2024 419 2057 audeat,
430 2024 547 2051 Paulum
563 2032 597 2051 ex
611 2024 746 2059 apostolis
762 2031 845 2051 unam
862 2025 922 2052 esse

133 2073 295 2106 personam,
304 2077 359 2097 non
372 2073 466 2097 autem
484 2077 571 2096 unum
583 2076 644 2096 esse
658 2077 691 2096 (ΞΣ
705 2069 838 2106 apostolis
851 2069 922 2096 Pau—

128 2116 212 2144 ‘lum?
238 2116 306 2143 Loci
321 2117 517 2151 opportunitas
531 2116 617 2151 exigit
636 2119 667 2143 ut
686 2116 922 2144 demonstretura

129 2161 217 2189 "nobis
243 2161 362 2196 qualiter
379 2166 407 2189 et
426 2170 477 2189 cur
505 2161 645 2194 haeretici,
675 2168 709 2188 ex
724 2161 827 2196 quibus
847 2169 922 2189 unus

973 1563 1071 1591 cialem
1102 1563 1259 1592 unitionem
1289 1573 1338 1600 per
1361 1566 1477 1600 gratiam
1503 1574 1587 1593 unam
1613 1573 1761 1601 personam

974 1609 1143 1645 intelligunt;
1153 1611 1307 1638 secundum
1320 1611 1386 1638 illud
1401 1612 1475 1646 quod
1486 1612 1513 1639 in
1523 1611 1639 1639 Actibus
1651 1616 1761 1647 aposto-

973 1655 1062 1683 lorum
1072 1662 1186 1691 propter
1195 1657 1363 1686 concordem
1370 1658 1541 1686 voluntatem
1549 1658 1761 1693 legitur’multot

974 1702 1243 1738 rumdiscipulorum
1251 1712 1336 1731 unum
1344 1712 1405 1732 esse
1411 1712 1460 1732 cor
1471 1709 1588 1738 etunam
1596 1704 1717 1732 animam
1725 1702 1760 1731 ".

1009 1747 1063 1776 Sed
1076 1749 1132 1784 jam
1145 1749 1217 1783 quod
1227 1750 1365 1784 sequitur,
1380 1751 1535 1778 videamus.
1551 1760 1561 1776 ‹
1581 1750 1762 1785 Contempto‘

974 1800 1028 1827 res,
1041 1795 1090 1827 ait,
1120 1795 1313 1823 auctoritatum
1341 1800 1478 1828 veterum,
1497 1803 1630 1823 novarum
1666 1795 1761 1830 cupidi

973 1840 1168 1876 quaestionum,
1182 1841 1267 1869 solam
1281 1846 1410 1876 putantes
1426 1842 1548 1869 scientite
1561 1846 1664 1869 rectam
1676 1841 1759 1875 viam,

974 1886 1099 1921 qualibet
1112 1891 1269 1921 susceptam
1286 1886 1418 1914 facilitate
1432 1886 1655 1914 sententiamJO
1668 1887 1761 1922 impu~

975 1931 1044 1959 dens
1060 1935 1088 1958 et
1111 1932 1195 1959 stulta
1221 1932 1417 1959 haereticorum
1444 1932 1598 1965 temeritas,
1621 1940 1683 1968 qua:
1708 1931 1760 1960 sub

974 1978 1067 2013 specie
1078 1978 1371 2014 pietatisimpietatcm
1388 1983 1507 2007 conatur
1527 1983 1654 2012 πίναξι-θ
1675 1980 1681 2006 l
1699 1979 1762 2007 Non

973 2025 1048 2052 enim
1059 2028 1204 2059 putant,ut
1215 2025 1267 2058 ais,
1279 2033 1296 2051 ο
1311 2025 1406 2053 infelix
1428 2025 1544 2061 perﬁdia
1559 2026 1565 2052 l
1579 2025 1627 2053 sed
1643 2025 1759 2053 omnino

973 2076 1078 2099 rectam
1090 2071 1208 2099 credunt
1219 2079 1281 2099 esse
1292 2073 1436 2100 sententiae
1448 2072 1531 2103 viam,
1545 2072 1593 2106 qui
1618 2071 1761 2099 Christum

974 2117 1062 2145 Deum
1077 2117 1209 2150 Verbum,
1227 2122 1254 2145 et
1279 2117 1315 2145 ob
1329 2118 1383 2145 hoc
1399 2126 1484 2145 unum
1501 2117 1624 2144 fatentur
1639 2125 1673 2144 ex
1700 2117 1762 2144 Tri‘

974 2163 1073 2190 nitate.
1089 2162 1146 2190 Nec
1174 2167 1394 2198 contemptores,
1407 2163 1456 2191 sed
1470 2163 1563 2198 potius
1580 2166 1761 2190 veneratores

128 2206 297 2239 Dioscorus,
312 2214 396 2234 unam
410 2215 557 2242 personam
576 2207 720 2235 Christum
738 2206 923 2242 praedicantes
938 2205 961 2233 Β
975 2208 1172 2236 auctoritatum
1204 2212 1330 2237 veterum
1366 2209 1585 2244 comprobantur
1615 2208 1663 2243 qui
1690 2207 1762 2235 hanc

132 2261 167 2280 ex
184 2250 333 2286 Trinitate,
353 2261 439 2280 unum
454 2262 489 2281 ex
498 2253 635 2281 Trinitate
644 2252 786 2281 Christum
796 2253 925 2281 conﬁteri

131 2299 294 2326 nullatenus
305 2299 499 2334 acquiescant.
510 2300 660 2328 Personam
676 2300 760 2335 igitur
773 2300 822 2327 Dei
839 2300 924 2328 Verbi

130 2344 240 2373 habere
254 2351 385 2374 asserunt
407 2345 564 2380 Christum,
584 2354 642 2374 non
664 2351 756 2373 autem
774 2347 849 2381 quod
865 2347 924 2381 ipse

132 2390 210 2418 Deus
226 2391 347 2419 Verbum
366 2392 403 2420 sit
427 2392 567 2425 Christus,
599 2393 673 2420 sicut
697 2401 848 2428 personam
875 2393 924 2421 Dei

132 2436 284 2463 videbatur
309 2437 411 2465 habere
424 2437 502 2474 542
521 2439 673 2473 propheta,
701 2440 749 2474 qui
768 2439 878 2467 dicebat
890 2439 923 2466 ad

130 2481 268 2509 lsraelem
280 2491 285 2508 :
299 2482 378 2515 Audi,
394 2483 509 2518 populus
525 2492 609 2516 meus,
627 2488 651 2511 et
661 2484 769 2520 loquar,
784 2484 888 2518 Israel;
901 2489 925 2512 et

129 2527 298 2561 Itesliﬁcabor
326 2529 371 2555 tibi
387 2536 395 2554 :
413 2529 483 2556 Deus
498 2529 566 2557 Deus
592 2535 651 2557 tuus
675 2539 734 2558 sum
746 2539 792 2566 ego
808 2532 842 2563 ⁵⁷,
863 2533 926 2559 cum

130 2581 230 2603 tamen
249 2583 310 2602 anon
323 2581 397 2604 esset
417 2577 476 2612 ipse
490 2577 575 2610 Deus,
596 2577 644 2605 sed
661 2578 707 2604 ille
722 2578 768 2613 qni
783 2579 842 2606 haec
856 2586 923 2606 con-

133 2621 293 2648 testabatur
308 2621 392 2649 lsrael
409 2630 459 2656 per
482 2631 557 2655 eum,
579 2629 607 2651 et
638 2628 739 2656 tamen,
758 2625 836 2658 quasi
865 2625 924 2660 ipse

127 2672 210 2695 esset
225 2668 299 2695 Deus
319 2667 447 2695 dicebat:
469 2668 539 2696 Deus
555 2670 624 2696 Deus
647 2675 706 2697 tuus
721 2678 780 2697 sum
800 2679 855 2706 ego.
877 2671 925 2698 Se-

130 2713 260 2740 cundum
274 2714 349 2741 hunc
363 2722 428 2750 ergo
440 2715 552 2743 modum
566 2716 710 2743 Christum
728 2725 810 2744 unam
827 2725 924 2752 perso-

133 2765 200 2785 nam
215 2759 481 2787 asserunthaeretici
499 2768 560 2788 esse
574 2769 606 2788 ex
618 2761 767 2794 Trinitatc,
783 2770 838 2788 non
850 2762 923 2796 quod

172 2848 194 2864 "
209 2847 230 2874 ll
244 2847 308 2876 Cor.
324 2856 351 2881 u,
372 2848 414 2875 l6.
452 2849 472 2864 ’⁷
488 2849 559 2877 Psal.
571 2858 640 2883 κως,
653 2850 678 2876 7.
719 2850 810 2878 "Act.
825 2858 861 2883 iv,
880 2850 924 2878 52.

973 2257 1098 2281 sanctam
1113 2257 1141 2281 et
1152 2254 1238 2282 totius
1258 2254 1391 2282 Ecclesia:
1401 2253 1581 2285 sententiam,
1605 2261 1671 2286 non,
1688 2253 1761 2280 sicut

975 2306 1005 2329 tu
1028 2305 1131 2329 temere
1146 2301 1278 2334 insultas,
1290 2302 1414 2336 qualibet
1430 2300 1568 2328 facilitate
1592 2302 1759 2334 susceptam,

973 2347 1022 2375 sed
1043 2348 1122 2384 juxta
1148 2347 1309 2375 divinorum
1334 2348 1516 2383 Eloquiorum
1547 2352 1575 2375 et
1601 2351 1760 2374 sanctorum

975 2393 1088 2420 Patrum
1114 2393 1292 2421 traditionem
1312 2394 1433 2421 ﬁdeliter
1447 2393 1629 2421 conﬁtentur.
1647 2392 1682 2420 Et
1697 2391 1761 2420 ideo

977 2447 1032 2467 non
1043 2439 1094 2472 illi,
1109 2440 1158 2467 sed
1174 2444 1201 2466 tu
1229 2440 1322 2475 potius
1334 2447 1470 2467 novarum
1488 2440 1608 2475 cupidus
1627 2439 1760 2474 quaestio-

976 2494 1043 2513 num
1067 2486 1214 2521 detogeris,
1242 2487 1289 2521 qui
1314 2487 1402 2514 Deum
1417 2485 1558 2514 Christum
1589 2489 1718 2520 quartum
1734 2486 1764 2511 et

976 2531 1096 2559 alienum
1115 2539 1130 2559 a
1149 2536 1244 2559 sancta
1274 2536 1302 2559 et
1332 2531 1476 2559 individua
1495 2531 1631 2559 Trinitate
1652 2529 1762 2558 conaris

976 2586 1111 2610 asserere,
1131 2574 1204 2613 quod
1223 2578 1317 2606 nullus
1331 2586 1464 2613 unquam,
1481 2583 1580 2613 praeter
1604 2576 1764 2605 Nestorium

975 2624 1123 2659 sociosque
1137 2625 1207 2659 ejus,
1227 2624 1381 2659 praedicare
1399 2625 1427 2651 in
1453 2624 1577 2651 Ecclesia
1604 2623 1761 2656 usurpavit,

976 2678 1058 2705 quem
1074 2670 1139 2697 talia
1157 2670 1396 2704 blasphemantem
1426 2676 1442 2697 a
1489 2669 1612 2697 ﬁdelium
1634 2674 1761 2699 numero,

976 2724 1032 2743 non
1046 2716 1196 2748 immerito,
1212 2720 1372 2744 sanctorum
1385 2717 1499 2744 Patrum
1528 2714 1646 2742 exclusit
1660 2717 1689 2741 et
1712 2712 1763 2740 ab-

973 2762 1040 2797 jccit
1064 2762 1227 2790 auctoritas.
1248 2763 1404 2798 Exaggeras
1420 2770 1486 2790 sane
1510 2761 1620 2792 adhuc,
1639 2764 1666 2787 et
1692 2759 1763 2786 dicis
