  <div class='ocr_page' id='page_1' title='image "/cluster/home/n/w/nwhite01/storage/ocr_20150623/86,pt.1/njp.32101007877465/069.png"; bbox 0 0 1953 3086; ppageno 0'>
   <div class='ocr_carea' id='block_1_1' title="bbox 208 122 258 156">
    <p class='ocr_par' dir='ltr' id='par_1_1' title="bbox 208 122 258 156">
     <span class='ocr_line' id='line_1_1' title="bbox 208 122 258 156; baseline -0.02 0"><span class='ocrx_word' id='word_1_1' title='bbox 208 122 258 156; x_wconf 80' lang='grc'><strong>103</strong></span> 
     </span>
    </p>
   </div>
   <div class='ocr_carea' id='block_1_2' title="bbox 827 116 1196 150">
    <p class='ocr_par' dir='ltr' id='par_1_2' title="bbox 827 116 1196 150">
     <span class='ocr_line' id='line_1_2' title="bbox 827 116 1196 150; baseline -0.005 -3"><span class='ocrx_word' id='word_1_2' title='bbox 827 116 986 150; x_wconf 73' lang='lat' dir='ltr'><strong>JOANNIS</strong></span> <span class='ocrx_word' id='word_1_3' title='bbox 1006 116 1196 147; x_wconf 70' lang='grc' dir='ltr'><strong>ΜΑΧΕΝΤΠ</strong></span> 
     </span>
    </p>
   </div>
   <div class='ocr_carea' id='block_1_3' title="bbox 1786 103 1838 146">
    <p class='ocr_par' dir='ltr' id='par_1_3' title="bbox 1786 103 1838 146">
     <span class='ocr_line' id='line_1_3' title="bbox 1786 103 1838 146; baseline -0.038 0"><span class='ocrx_word' id='word_1_4' title='bbox 1786 103 1838 146; x_wconf 73' lang='lat' dir='ltr'><strong>tot</strong></span> 
     </span>
    </p>
   </div>
   <div class='ocr_carea' id='block_1_4' title="bbox 205 169 1840 207">
    <p class='ocr_par' dir='ltr' id='par_1_4' title="bbox 205 169 1840 207">
     <span class='ocr_line' id='line_1_4' title="bbox 205 169 1840 207; baseline -0.004 -2"><span class='ocrx_word' id='word_1_5' title='bbox 205 177 319 205; x_wconf 85' lang='lat' dir='ltr'><strong>eosdem</strong></span> <span class='ocrx_word' id='word_1_6' title='bbox 341 173 494 202; x_wconf 82' lang='lat' dir='ltr'><strong>monachos</strong></span> <span class='ocrx_word' id='word_1_7' title='bbox 514 179 638 207; x_wconf 87' lang='lat' dir='ltr'><strong>eousque</strong></span> <span class='ocrx_word' id='word_1_8' title='bbox 652 170 772 198; x_wconf 81' lang='lat' dir='ltr'><strong>tumoris</strong></span> <span class='ocrx_word' id='word_1_9' title='bbox 799 171 897 203; x_wconf 86' lang='lat' dir='ltr'><strong>elatos,</strong></span> <span class='ocrx_word' id='word_1_10' title='bbox 923 175 952 197; x_wconf 88' lang='lat' dir='ltr'><strong>ut</strong></span> <span class='ocrx_word' id='word_1_11' title='bbox 966 171 1000 198; x_wconf 88' lang='lat' dir='ltr'><strong>ad</strong></span> <span class='ocrx_word' id='word_1_12' title='bbox 1017 172 1037 199; x_wconf 83' lang='lat' dir='ltr'><strong>A</strong></span> <span class='ocrx_word' id='word_1_13' title='bbox 1053 171 1185 206; x_wconf 80' lang='lat' dir='ltr'><strong>priinere.</strong></span> <span class='ocrx_word' id='word_1_14' title='bbox 1202 181 1210 197; x_wconf 70' lang='grc' dir='ltr'>ι</span> <span class='ocrx_word' id='word_1_15' title='bbox 1230 170 1282 198; x_wconf 86' lang='lat' dir='ltr'><strong>Sed</strong></span> <span class='ocrx_word' id='word_1_16' title='bbox 1298 178 1312 198; x_wconf 84' lang='lat' dir='ltr'><strong>a</strong></span> <span class='ocrx_word' id='word_1_17' title='bbox 1330 177 1385 205; x_wconf 88' lang='lat' dir='ltr'><strong>quo</strong></span> <span class='ocrx_word' id='word_1_18' title='bbox 1404 177 1511 201; x_wconf 84' lang='lat' dir='ltr'><strong>errore,</strong></span> <span class='ocrx_word' id='word_1_19' title='bbox 1529 178 1544 197; x_wconf 89' lang='lat' dir='ltr'><strong>a</strong></span> <span class='ocrx_word' id='word_1_20' title='bbox 1560 177 1614 205; x_wconf 90' lang='lat' dir='ltr'><strong>qua</strong></span> <span class='ocrx_word' id='word_1_21' title='bbox 1630 169 1778 197; x_wconf 72' lang='lat' dir='ltr'><strong>insolentia</strong></span> <span class='ocrx_word' id='word_1_22' title='bbox 1791 172 1840 198; x_wconf 75' lang='lat' dir='ltr'><strong>vo-</strong></span> 
     </span>
    </p>
   </div>
   <div class='ocr_carea' id='block_1_5' title="bbox 200 216 996 253">
    <p class='ocr_par' dir='ltr' id='par_1_5' title="bbox 200 216 996 253">
     <span class='ocr_line' id='line_1_5' title="bbox 200 216 996 253; baseline -0.011 -2"><span class='ocrx_word' id='word_1_23' title='bbox 200 222 355 252; x_wconf 70' lang='lat' dir='ltr'><strong>arbitrium</strong></span> <span class='ocrx_word' id='word_1_24' title='bbox 371 227 453 248; x_wconf 88' lang='lat' dir='ltr'><strong>suum</strong></span> <span class='ocrx_word' id='word_1_25' title='bbox 469 218 617 253; x_wconf 85' lang='lat' dir='ltr'><strong>utriusque</strong></span> <span class='ocrx_word' id='word_1_26' title='bbox 632 217 710 245; x_wconf 84' lang='lat' dir='ltr'><strong>orbis</strong></span> <span class='ocrx_word' id='word_1_27' title='bbox 729 220 830 253; x_wconf 87' lang='lat' dir='ltr'><strong>putent</strong></span> <span class='ocrx_word' id='word_1_28' title='bbox 855 216 996 244; x_wconf 84' lang='lat' dir='ltr'><strong>inclinan-</strong></span> 
     </span>
    </p>
   </div>
   <div class='ocr_carea' id='block_1_6' title="bbox 206 262 997 307">
    <p class='ocr_par' dir='ltr' id='par_1_6' title="bbox 206 262 997 307">
     <span class='ocr_line' id='line_1_6' title="bbox 206 262 997 307; baseline -0.011 -10"><span class='ocrx_word' id='word_1_29' title='bbox 206 271 271 297; x_wconf 89' lang='lat' dir='ltr'><strong>dum</strong></span> <span class='ocrx_word' id='word_1_30' title='bbox 284 267 432 304; x_wconf 87' lang='lat' dir='ltr'><strong>judicium.</strong></span> <span class='ocrx_word' id='word_1_31' title='bbox 462 266 518 293; x_wconf 87' lang='lat' dir='ltr'><strong>Nec</strong></span> <span class='ocrx_word' id='word_1_32' title='bbox 531 265 559 292; x_wconf 92' lang='lat' dir='ltr'><strong>in</strong></span> <span class='ocrx_word' id='word_1_33' title='bbox 575 271 692 291; x_wconf 89' lang='lat' dir='ltr'><strong>numero</strong></span> <span class='ocrx_word' id='word_1_34' title='bbox 714 263 838 307; x_wconf 68' lang='lat' dir='ltr'><strong>ﬁdelium</strong></span> <span class='ocrx_word' id='word_1_35' title='bbox 860 262 997 297; x_wconf 88' lang='lat' dir='ltr'><strong>deputent</strong></span> 
     </span>
    </p>
   </div>
   <div class='ocr_carea' id='block_1_7' title="bbox 207 309 998 349">
    <p class='ocr_par' dir='ltr' id='par_1_7' title="bbox 207 309 998 349">
     <span class='ocr_line' id='line_1_7' title="bbox 207 309 998 349; baseline -0.008 -8"><span class='ocrx_word' id='word_1_36' title='bbox 207 320 354 349; x_wconf 86' lang='lat' dir='ltr'><strong>sequacem</strong></span> <span class='ocrx_word' id='word_1_37' title='bbox 373 312 531 340; x_wconf 87' lang='lat' dir='ltr'><strong>traditionis</strong></span> <span class='ocrx_word' id='word_1_38' title='bbox 546 316 680 346; x_wconf 68' lang='lat' dir='ltr'><strong>pateram,</strong></span> <span class='ocrx_word' id='word_1_39' title='bbox 696 318 780 344; x_wconf 88' lang='lat' dir='ltr'><strong>quem</strong></span> <span class='ocrx_word' id='word_1_40' title='bbox 795 317 851 336; x_wconf 79' lang='lat' dir='ltr'><strong>sua:</strong></span> <span class='ocrx_word' id='word_1_41' title='bbox 878 309 998 336; x_wconf 84' lang='lat' dir='ltr'><strong>viderim</strong></span> 
     </span>
    </p>
   </div>
   <div class='ocr_carea' id='block_1_8' title="bbox 207 355 998 388">
    <p class='ocr_par' dir='ltr' id='par_1_8' title="bbox 207 355 998 388">
     <span class='ocr_line' id='line_1_8' title="bbox 207 355 998 388; baseline -0.008 0"><span class='ocrx_word' id='word_1_42' title='bbox 207 359 321 388; x_wconf 83' lang='lat' dir='ltr'><strong>credere</strong></span> <span class='ocrx_word' id='word_1_43' title='bbox 333 359 406 386; x_wconf 84' lang='lat' dir='ltr'><strong>nolle</strong></span> <span class='ocrx_word' id='word_1_44' title='bbox 433 357 591 386; x_wconf 69' lang='lat' dir='ltr'><strong>sementim.</strong></span> <span class='ocrx_word' id='word_1_45' title='bbox 608 356 649 383; x_wconf 90' lang='lat' dir='ltr'><strong>Tu</strong></span> <span class='ocrx_word' id='word_1_46' title='bbox 670 356 723 383; x_wconf 92' lang='lat' dir='ltr'><strong>hoc</strong></span> <span class='ocrx_word' id='word_1_47' title='bbox 740 360 807 383; x_wconf 89' lang='lat' dir='ltr'><strong>tunc</strong></span> <span class='ocrx_word' id='word_1_48' title='bbox 825 363 890 383; x_wconf 86' lang='lat' dir='ltr'><strong>vere</strong></span> <span class='ocrx_word' id='word_1_49' title='bbox 905 355 940 383; x_wconf 90' lang='lat' dir='ltr'><strong>de</strong></span> <span class='ocrx_word' id='word_1_50' title='bbox 955 355 998 382; x_wconf 89' lang='lat' dir='ltr'><strong>eis</strong></span> 
     </span>
    </p>
   </div>
   <div class='ocr_carea' id='block_1_9' title="bbox 206 402 999 438">
    <p class='ocr_par' dir='ltr' id='par_1_9' title="bbox 206 402 999 438">
     <span class='ocr_line' id='line_1_9' title="bbox 206 402 999 438; baseline -0.009 -3"><span class='ocrx_word' id='word_1_51' title='bbox 206 414 358 438; x_wconf 79' lang='lat' dir='ltr'><strong>assereres,</strong></span> <span class='ocrx_word' id='word_1_52' title='bbox 375 405 398 432; x_wconf 87' lang='lat' dir='ltr'><strong>si</strong></span> <span class='ocrx_word' id='word_1_53' title='bbox 415 412 513 432; x_wconf 86' lang='lat' dir='ltr'><strong>eorum</strong></span> <span class='ocrx_word' id='word_1_54' title='bbox 530 403 697 431; x_wconf 88' lang='lat' dir='ltr'><strong>sententiam</strong></span> <span class='ocrx_word' id='word_1_55' title='bbox 709 402 878 430; x_wconf 89' lang='lat' dir='ltr'><strong>contrariam</strong></span> <span class='ocrx_word' id='word_1_56' title='bbox 903 402 999 429; x_wconf 88' lang='lat' dir='ltr'><strong>catho-</strong></span> 
     </span>
    </p>
   </div>
   <div class='ocr_carea' id='block_1_10' title="bbox 207 443 1000 489">
    <p class='ocr_par' dir='ltr' id='par_1_10' title="bbox 207 443 1000 489">
     <span class='ocr_line' id='line_1_10' title="bbox 207 443 1000 489; baseline -0.008 -8"><span class='ocrx_word' id='word_1_57' title='bbox 207 454 270 481; x_wconf 86' lang='lat' dir='ltr'><strong>licis</strong></span> <span class='ocrx_word' id='word_1_58' title='bbox 279 460 374 489; x_wconf 91' lang='lat' dir='ltr'><strong>posses</strong></span> <span class='ocrx_word' id='word_1_59' title='bbox 387 451 564 486; x_wconf 79' lang='lat' dir='ltr'><strong>dogmatibus</strong></span> <span class='ocrx_word' id='word_1_60' title='bbox 576 449 780 485; x_wconf 82' lang='lat' dir='ltr'><strong>approbare.At</strong></span> <span class='ocrx_word' id='word_1_61' title='bbox 793 456 858 476; x_wconf 87' lang='lat' dir='ltr'><strong>vero</strong></span> <span class='ocrx_word' id='word_1_62' title='bbox 873 443 935 476; x_wconf 88' lang='lat' dir='ltr'><strong>cum</strong></span> <span class='ocrx_word' id='word_1_63' title='bbox 946 449 1000 476; x_wconf 88' lang='lat' dir='ltr'><strong>hoc</strong></span> 
     </span>
    </p>
   </div>
   <div class='ocr_carea' id='block_1_11' title="bbox 207 494 999 530">
    <p class='ocr_par' dir='ltr' id='par_1_11' title="bbox 207 494 999 530">
     <span class='ocr_line' id='line_1_11' title="bbox 207 494 999 530; baseline -0.01 -3"><span class='ocrx_word' id='word_1_64' title='bbox 207 500 284 527; x_wconf 88' lang='lat' dir='ltr'><strong>nulla</strong></span> <span class='ocrx_word' id='word_1_65' title='bbox 301 499 394 526; x_wconf 86' lang='lat' dir='ltr'><strong>valeas</strong></span> <span class='ocrx_word' id='word_1_66' title='bbox 410 497 517 524; x_wconf 82' lang='lat' dir='ltr'><strong>ratione</strong></span> <span class='ocrx_word' id='word_1_67' title='bbox 547 496 676 528; x_wconf 85' lang='lat' dir='ltr'><strong>educere,</strong></span> <span class='ocrx_word' id='word_1_68' title='bbox 698 495 793 530; x_wconf 90' lang='lat' dir='ltr'><strong>inique</strong></span> <span class='ocrx_word' id='word_1_69' title='bbox 806 494 921 521; x_wconf 88' lang='lat' dir='ltr'><strong>omnino</strong></span> <span class='ocrx_word' id='word_1_70' title='bbox 938 499 999 521; x_wconf 87' lang='lat' dir='ltr'><strong>tan-</strong></span> 
     </span>
    </p>
   </div>
   <div class='ocr_carea' id='block_1_12' title="bbox 209 541 1000 580">
    <p class='ocr_par' dir='ltr' id='par_1_12' title="bbox 209 541 1000 580">
     <span class='ocr_line' id='line_1_12' title="bbox 209 541 1000 580; baseline -0.009 -8"><span class='ocrx_word' id='word_1_71' title='bbox 209 549 305 580; x_wconf 87' lang='lat' dir='ltr'><strong>topere</strong></span> <span class='ocrx_word' id='word_1_72' title='bbox 318 548 414 571; x_wconf 92' lang='lat' dir='ltr'><strong>contra</strong></span> <span class='ocrx_word' id='word_1_73' title='bbox 433 551 482 570; x_wconf 91' lang='lat' dir='ltr'><strong>eos</strong></span> <span class='ocrx_word' id='word_1_74' title='bbox 500 542 654 574; x_wconf 88' lang='lat' dir='ltr'><strong>inveheris,</strong></span> <span class='ocrx_word' id='word_1_75' title='bbox 681 541 728 576; x_wconf 91' lang='lat' dir='ltr'><strong>qui</strong></span> <span class='ocrx_word' id='word_1_76' title='bbox 745 541 823 576; x_wconf 76' lang='lat' dir='ltr'><strong>juxta</strong></span> <span class='ocrx_word' id='word_1_77' title='bbox 838 543 1000 568; x_wconf 83' lang='lat' dir='ltr'><strong>sanctorum</strong></span> 
     </span>
    </p>
   </div>
   <div class='ocr_carea' id='block_1_13' title="bbox 210 586 1000 621">
    <p class='ocr_par' dir='ltr' id='par_1_13' title="bbox 210 586 1000 621">
     <span class='ocr_line' id='line_1_13' title="bbox 210 586 1000 621; baseline -0.006 -4"><span class='ocrx_word' id='word_1_78' title='bbox 210 590 323 617; x_wconf 79' lang='lat' dir='ltr'><strong>Patrum</strong></span> <span class='ocrx_word' id='word_1_79' title='bbox 339 588 518 616; x_wconf 68' lang='lat' dir='ltr'><strong>traditionem</strong></span> <span class='ocrx_word' id='word_1_80' title='bbox 533 587 687 619; x_wconf 85' lang='lat' dir='ltr'><strong>Christum,</strong></span> <span class='ocrx_word' id='word_1_81' title='bbox 702 593 784 621; x_wconf 86' lang='lat' dir='ltr'><strong>quem</strong></span> <span class='ocrx_word' id='word_1_82' title='bbox 806 593 890 620; x_wconf 82' lang='lat' dir='ltr'><strong>super</strong></span> <span class='ocrx_word' id='word_1_83' title='bbox 907 586 1000 612; x_wconf 87' lang='lat' dir='ltr'><strong>omnia</strong></span> 
     </span>
    </p>
   </div>
   <div class='ocr_carea' id='block_1_14' title="bbox 209 632 999 668">
    <p class='ocr_par' dir='ltr' id='par_1_14' title="bbox 209 632 999 668">
     <span class='ocr_line' id='line_1_14' title="bbox 209 632 999 668; baseline -0.005 -6"><span class='ocrx_word' id='word_1_84' title='bbox 209 635 295 662; x_wconf 84' lang='lat' dir='ltr'><strong>Deum</strong></span> <span class='ocrx_word' id='word_1_85' title='bbox 310 638 428 662; x_wconf 82' lang='lat' dir='ltr'><strong>testatur</strong></span> <span class='ocrx_word' id='word_1_86' title='bbox 453 633 603 668; x_wconf 74' lang='lat' dir='ltr'><strong>Apostolus</strong></span> <span class='ocrx_word' id='word_1_87' title='bbox 618 633 651 664; x_wconf 68' lang='grc'><strong>’⁸,</strong></span> <span class='ocrx_word' id='word_1_88' title='bbox 666 640 752 659; x_wconf 90' lang='lat' dir='ltr'><strong>unum</strong></span> <span class='ocrx_word' id='word_1_89' title='bbox 779 632 950 659; x_wconf 91' lang='lat' dir='ltr'><strong>conﬁtentur</strong></span> <span class='ocrx_word' id='word_1_90' title='bbox 964 639 999 659; x_wconf 81' lang='lat' dir='ltr'><strong>ex</strong></span> 
     </span>
    </p>
   </div>
   <div class='ocr_carea' id='block_1_15' title="bbox 209 678 1001 712">
    <p class='ocr_par' dir='ltr' id='par_1_15' title="bbox 209 678 1001 712">
     <span class='ocr_line' id='line_1_15' title="bbox 209 678 1001 712; baseline -0.005 -3"><span class='ocrx_word' id='word_1_91' title='bbox 209 685 303 709; x_wconf 84' lang='lat' dir='ltr'><strong>sancta</strong></span> <span class='ocrx_word' id='word_1_92' title='bbox 316 685 344 708; x_wconf 88' lang='lat' dir='ltr'><strong>et</strong></span> <span class='ocrx_word' id='word_1_93' title='bbox 354 680 438 707; x_wconf 89' lang='lat' dir='ltr'><strong>unius</strong></span> <span class='ocrx_word' id='word_1_94' title='bbox 449 681 578 707; x_wconf 61' lang='lat' dir='ltr'><strong>essentia:</strong></span> <span class='ocrx_word' id='word_1_95' title='bbox 591 679 740 706; x_wconf 77' lang='lat' dir='ltr'><strong>Trinitate.</strong></span> <span class='ocrx_word' id='word_1_96' title='bbox 750 678 874 712; x_wconf 86' lang='lat' dir='ltr'><strong>Quorum</strong></span> <span class='ocrx_word' id='word_1_97' title='bbox 888 683 1001 706; x_wconf 88' lang='lat' dir='ltr'><strong>senten-</strong></span> 
     </span>
    </p>
   </div>
   <div class='ocr_carea' id='block_1_16' title="bbox 208 724 1000 761">
    <p class='ocr_par' dir='ltr' id='par_1_16' title="bbox 208 724 1000 761">
     <span class='ocr_line' id='line_1_16' title="bbox 208 724 1000 761; baseline -0.003 -8"><span class='ocrx_word' id='word_1_98' title='bbox 208 727 257 754; x_wconf 73' lang='lat' dir='ltr'><strong>tiis</strong></span> <span class='ocrx_word' id='word_1_99' title='bbox 273 734 328 753; x_wconf 84' lang='lat' dir='ltr'><strong>non</strong></span> <span class='ocrx_word' id='word_1_100' title='bbox 359 733 496 761; x_wconf 83' lang='lat' dir='ltr'><strong>sequaces</strong></span> <span class='ocrx_word' id='word_1_101' title='bbox 519 730 644 761; x_wconf 68' lang='lat' dir='ltr'><strong>paterna:</strong></span> <span class='ocrx_word' id='word_1_102' title='bbox 671 724 840 757; x_wconf 86' lang='lat' dir='ltr'><strong>traditionis,</strong></span> <span class='ocrx_word' id='word_1_103' title='bbox 866 724 914 752; x_wconf 85' lang='lat' dir='ltr'><strong>sed</strong></span> <span class='ocrx_word' id='word_1_104' title='bbox 928 724 967 751; x_wconf 89' lang='lat' dir='ltr'><strong>illi</strong></span> <span class='ocrx_word' id='word_1_105' title='bbox 985 731 1000 751; x_wconf 90' lang='lat' dir='ltr'><strong>a</strong></span> 
     </span>
    </p>
   </div>
   <div class='ocr_carea' id='block_1_17' title="bbox 209 770 1000 805">
    <p class='ocr_par' dir='ltr' id='par_1_17' title="bbox 209 770 1000 805">
     <span class='ocr_line' id='line_1_17' title="bbox 209 770 1000 805; baseline -0.004 -6"><span class='ocrx_word' id='word_1_106' title='bbox 209 776 328 800; x_wconf 77' lang='lat' dir='ltr'><strong>numen)</strong></span> <span class='ocrx_word' id='word_1_107' title='bbox 354 771 479 799; x_wconf 90' lang='lat' dir='ltr'><strong>ﬁdelium</strong></span> <span class='ocrx_word' id='word_1_108' title='bbox 502 771 702 803; x_wconf 75' lang='lat' dir='ltr'><strong>excluduntur,</strong></span> <span class='ocrx_word' id='word_1_109' title='bbox 729 770 778 805; x_wconf 85' lang='lat' dir='ltr'><strong>qui</strong></span> <span class='ocrx_word' id='word_1_110' title='bbox 799 778 917 802; x_wconf 88' lang='lat' dir='ltr'><strong>eorum,</strong></span> <span class='ocrx_word' id='word_1_111' title='bbox 942 770 1000 797; x_wconf 83' lang='lat' dir='ltr'><strong>imo</strong></span> 
     </span>
    </p>
   </div>
   <div class='ocr_carea' id='block_1_18' title="bbox 211 816 998 852">
    <p class='ocr_par' dir='ltr' id='par_1_18' title="bbox 211 816 998 852">
     <span class='ocr_line' id='line_1_18' title="bbox 211 816 998 852; baseline -0.004 -6"><span class='ocrx_word' id='word_1_112' title='bbox 211 819 297 846; x_wconf 85' lang='lat' dir='ltr'><strong>totius</strong></span> <span class='ocrx_word' id='word_1_113' title='bbox 323 819 468 852; x_wconf 62' lang='lat' dir='ltr'><strong>Ecclesiae,</strong></span> <span class='ocrx_word' id='word_1_114' title='bbox 492 817 662 846; x_wconf 84' lang='lat' dir='ltr'><strong>confessioni</strong></span> <span class='ocrx_word' id='word_1_115' title='bbox 689 817 829 845; x_wconf 83' lang='lat' dir='ltr'><strong>exsistunt</strong></span> <span class='ocrx_word' id='word_1_116' title='bbox 855 816 998 844; x_wconf 88' lang='lat' dir='ltr'><strong>contrarii.</strong></span> 
     </span>
    </p>
   </div>
   <div class='ocr_carea' id='block_1_19' title="bbox 208 863 1004 900">
    <p class='ocr_par' dir='ltr' id='par_1_19' title="bbox 208 863 1004 900">
     <span class='ocr_line' id='line_1_19' title="bbox 208 863 1004 900; baseline -0.003 -8"><span class='ocrx_word' id='word_1_117' title='bbox 208 864 270 892; x_wconf 80' lang='lat' dir='ltr'><strong>Jam</strong></span> <span class='ocrx_word' id='word_1_118' title='bbox 286 873 351 892; x_wconf 90' lang='lat' dir='ltr'><strong>vero</strong></span> <span class='ocrx_word' id='word_1_119' title='bbox 360 865 388 892; x_wconf 91' lang='lat' dir='ltr'><strong>in</strong></span> <span class='ocrx_word' id='word_1_120' title='bbox 402 864 642 900; x_wconf 82' lang='lat' dir='ltr'><strong>consequentibus</strong></span> <span class='ocrx_word' id='word_1_121' title='bbox 649 863 713 899; x_wconf 87' lang='lat' dir='ltr'><strong>quis</strong></span> <span class='ocrx_word' id='word_1_122' title='bbox 725 871 782 891; x_wconf 91' lang='lat' dir='ltr'><strong>non</strong></span> <span class='ocrx_word' id='word_1_123' title='bbox 793 863 886 891; x_wconf 78' lang='lat' dir='ltr'><strong>videat</strong></span> <span class='ocrx_word' id='word_1_124' title='bbox 899 868 1004 899; x_wconf 87' lang='lat' dir='ltr'><strong>quanta</strong></span> 
     </span>
    </p>
   </div>
   <div class='ocr_carea' id='block_1_20' title="bbox 212 909 1005 946">
    <p class='ocr_par' dir='ltr' id='par_1_20' title="bbox 212 909 1005 946">
     <span class='ocr_line' id='line_1_20' title="bbox 212 909 1005 946; baseline -0.003 -8"><span class='ocrx_word' id='word_1_125' title='bbox 212 919 262 938; x_wconf 87' lang='lat' dir='ltr'><strong>eos</strong></span> <span class='ocrx_word' id='word_1_126' title='bbox 273 911 394 946; x_wconf 88' lang='lat' dir='ltr'><strong>repletus</strong></span> <span class='ocrx_word' id='word_1_127' title='bbox 409 911 549 938; x_wconf 84' lang='lat' dir='ltr'><strong>dementia</strong></span> <span class='ocrx_word' id='word_1_128' title='bbox 564 910 689 938; x_wconf 88' lang='lat' dir='ltr'><strong>laceres?</strong></span> <span class='ocrx_word' id='word_1_129' title='bbox 707 919 718 936; x_wconf 81' lang='grc'><strong>‹</strong></span> <span class='ocrx_word' id='word_1_130' title='bbox 736 909 937 944; x_wconf 87' lang='lat' dir='ltr'><strong>Docti,inquis,</strong></span> <span class='ocrx_word' id='word_1_131' title='bbox 947 910 1005 937; x_wconf 87' lang='lat' dir='ltr'><strong>cri-</strong></span> 
     </span>
    </p>
   </div>
   <div class='ocr_carea' id='block_1_21' title="bbox 207 957 1003 992">
    <p class='ocr_par' dir='ltr' id='par_1_21' title="bbox 207 957 1003 992">
     <span class='ocr_line' id='line_1_21' title="bbox 207 957 1003 992; baseline -0.004 -7"><span class='ocrx_word' id='word_1_132' title='bbox 207 958 297 992; x_wconf 28' lang='lat' dir='ltr'><strong>,mina</strong></span> <span class='ocrx_word' id='word_1_133' title='bbox 307 965 410 989; x_wconf 84' lang='lat' dir='ltr'><strong>serere,</strong></span> <span class='ocrx_word' id='word_1_134' title='bbox 426 957 662 985; x_wconf 74' lang='lat' dir='ltr'><strong>obtrectationem</strong></span> <span class='ocrx_word' id='word_1_135' title='bbox 693 963 801 984; x_wconf 79' lang='lat' dir='ltr'><strong>venena</strong></span> <span class='ocrx_word' id='word_1_136' title='bbox 825 962 1003 991; x_wconf 84' lang='lat' dir='ltr'><strong>componere,</strong></span> 
     </span>
    </p>
   </div>
   <div class='ocr_carea' id='block_1_22' title="bbox 210 1001 1005 1038">
    <p class='ocr_par' dir='ltr' id='par_1_22' title="bbox 210 1001 1005 1038">
     <span class='ocr_line' id='line_1_22' title="bbox 210 1001 1005 1038; baseline 0 -10"><span class='ocrx_word' id='word_1_137' title='bbox 210 1001 350 1038; x_wconf 78' lang='lat' dir='ltr'><strong>integrum</strong></span> <span class='ocrx_word' id='word_1_138' title='bbox 370 1002 500 1029; x_wconf 67' lang='lat' dir='ltr'><strong>Ecclesiae</strong></span> <span class='ocrx_word' id='word_1_139' title='bbox 513 1009 616 1037; x_wconf 88' lang='lat' dir='ltr'><strong>corpus</strong></span> <span class='ocrx_word' id='word_1_140' title='bbox 625 1001 733 1035; x_wconf 76' lang='lat' dir='ltr'><strong>odisse,</strong></span> <span class='ocrx_word' id='word_1_141' title='bbox 750 1001 903 1029; x_wconf 82' lang='lat' dir='ltr'><strong>seditiones</strong></span> <span class='ocrx_word' id='word_1_142' title='bbox 914 1005 1005 1028; x_wconf 86' lang='lat' dir='ltr'><strong>strue—</strong></span> 
     </span>
    </p>
   </div>
   <div class='ocr_carea' id='block_1_23' title="bbox 212 1047 1004 1083">
    <p class='ocr_par' dir='ltr' id='par_1_23' title="bbox 212 1047 1004 1083">
     <span class='ocr_line' id='line_1_23' title="bbox 212 1047 1004 1083; baseline -0.001 -7"><span class='ocrx_word' id='word_1_143' title='bbox 212 1056 253 1081; x_wconf 83' lang='lat' dir='ltr'><strong>re,</strong></span> <span class='ocrx_word' id='word_1_144' title='bbox 271 1048 404 1076; x_wconf 82' lang='lat' dir='ltr'><strong>invidiam</strong></span> <span class='ocrx_word' id='word_1_145' title='bbox 439 1049 589 1083; x_wconf 78' lang='lat' dir='ltr'><strong>concitate,</strong></span> <span class='ocrx_word' id='word_1_146' title='bbox 619 1052 647 1076; x_wconf 88' lang='lat' dir='ltr'><strong>et</strong></span> <span class='ocrx_word' id='word_1_147' title='bbox 670 1055 721 1083; x_wconf 89' lang='lat' dir='ltr'><strong>pro</strong></span> <span class='ocrx_word' id='word_1_148' title='bbox 745 1047 904 1075; x_wconf 81' lang='lat' dir='ltr'><strong>obedientia</strong></span> <span class='ocrx_word' id='word_1_149' title='bbox 929 1048 1004 1083; x_wconf 78' lang='lat' dir='ltr'><strong>(qua:</strong></span> 
     </span>
    </p>
   </div>
   <div class='ocr_carea' id='block_1_24' title="bbox 213 1093 1004 1130">
    <p class='ocr_par' dir='ltr' id='par_1_24' title="bbox 213 1093 1004 1130">
     <span class='ocr_line' id='line_1_24' title="bbox 213 1093 1004 1130; baseline -0.003 -8"><span class='ocrx_word' id='word_1_150' title='bbox 213 1095 241 1121; x_wconf 92' lang='lat' dir='ltr'><strong>in</strong></span> <span class='ocrx_word' id='word_1_151' title='bbox 260 1095 399 1122; x_wconf 69' lang='lat' dir='ltr'><strong>cmnobiis</strong></span> <span class='ocrx_word' id='word_1_152' title='bbox 421 1095 609 1130; x_wconf 86' lang='lat' dir='ltr'><strong>principatum</strong></span> <span class='ocrx_word' id='word_1_153' title='bbox 625 1094 761 1130; x_wconf 71' lang='lat' dir='ltr'><strong>regularis</strong></span> <span class='ocrx_word' id='word_1_154' title='bbox 786 1098 863 1122; x_wconf 87' lang='lat' dir='ltr'><strong>tenet</strong></span> <span class='ocrx_word' id='word_1_155' title='bbox 878 1093 1004 1129; x_wconf 86' lang='lat' dir='ltr'><strong>discipli-</strong></span> 
     </span>
    </p>
   </div>
   <div class='ocr_carea' id='block_1_25' title="bbox 212 1141 999 1176">
    <p class='ocr_par' dir='ltr' id='par_1_25' title="bbox 212 1141 999 1176">
     <span class='ocr_line' id='line_1_25' title="bbox 212 1141 999 1176; baseline 0 -8"><span class='ocrx_word' id='word_1_156' title='bbox 212 1141 266 1176; x_wconf 66' lang='lat' dir='ltr'><strong>nae)</strong></span> <span class='ocrx_word' id='word_1_157' title='bbox 301 1141 520 1169; x_wconf 83' lang='lat' dir='ltr'><strong>obstinationem</strong></span> <span class='ocrx_word' id='word_1_158' title='bbox 546 1141 699 1176; x_wconf 84' lang='lat' dir='ltr'><strong>pertinacis</strong></span> <span class='ocrx_word' id='word_1_159' title='bbox 715 1148 809 1168; x_wconf 88' lang='lat' dir='ltr'><strong>amare</strong></span> <span class='ocrx_word' id='word_1_160' title='bbox 833 1141 999 1176; x_wconf 65' lang='lat' dir='ltr'><strong>superbiae.)</strong></span> 
     </span>
    </p>
   </div>
   <div class='ocr_carea' id='block_1_26' title="bbox 213 1186 1004 1221">
    <p class='ocr_par' dir='ltr' id='par_1_26' title="bbox 213 1186 1004 1221">
     <span class='ocr_line' id='line_1_26' title="bbox 213 1186 1004 1221; baseline 0 -7"><span class='ocrx_word' id='word_1_161' title='bbox 213 1186 282 1214; x_wconf 89' lang='lat' dir='ltr'><strong>Cum</strong></span> <span class='ocrx_word' id='word_1_162' title='bbox 300 1187 359 1215; x_wconf 76' lang='lat' dir='ltr'><strong>haec</strong></span> <span class='ocrx_word' id='word_1_163' title='bbox 375 1195 432 1215; x_wconf 84' lang='lat' dir='ltr'><strong>non</strong></span> <span class='ocrx_word' id='word_1_164' title='bbox 458 1187 513 1215; x_wconf 90' lang='lat' dir='ltr'><strong>nisi</strong></span> <span class='ocrx_word' id='word_1_165' title='bbox 530 1187 564 1215; x_wconf 87' lang='lat' dir='ltr'><strong>de</strong></span> <span class='ocrx_word' id='word_1_166' title='bbox 582 1187 637 1215; x_wconf 91' lang='lat' dir='ltr'><strong>il-lis</strong></span> <span class='ocrx_word' id='word_1_167' title='bbox 654 1194 728 1221; x_wconf 67' lang='lat' dir='ltr'><strong>vero</strong></span> <span class='ocrx_word' id='word_1_168' title='bbox 739 1191 768 1215; x_wconf 90' lang='lat' dir='ltr'><strong>et</strong></span> <span class='ocrx_word' id='word_1_169' title='bbox 787 1191 864 1215; x_wconf 89' lang='lat' dir='ltr'><strong>certo</strong></span> <span class='ocrx_word' id='word_1_170' title='bbox 879 1187 1004 1215; x_wconf 89' lang='lat' dir='ltr'><strong>omnium</strong></span> 
     </span>
    </p>
   </div>
   <div class='ocr_carea' id='block_1_27' title="bbox 212 1232 1005 1269">
    <p class='ocr_par' dir='ltr' id='par_1_27' title="bbox 212 1232 1005 1269">
     <span class='ocr_line' id='line_1_27' title="bbox 212 1232 1005 1269; baseline 0.001 -9"><span class='ocrx_word' id='word_1_171' title='bbox 212 1233 539 1269; x_wconf 77' lang='lat' dir='ltr'><strong>asseveranturjudicio,</strong></span> <span class='ocrx_word' id='word_1_172' title='bbox 555 1233 603 1268; x_wconf 90' lang='lat' dir='ltr'><strong>qui</strong></span> <span class='ocrx_word' id='word_1_173' title='bbox 623 1232 872 1260; x_wconf 86' lang='lat' dir='ltr'><strong>tenebrisnefandi</strong></span> <span class='ocrx_word' id='word_1_174' title='bbox 897 1232 1005 1261; x_wconf 85' lang='lat' dir='ltr'><strong>erroris</strong></span> 
     </span>
    </p>
   </div>
   <div class='ocr_carea' id='block_1_28' title="bbox 210 1278 1004 1313">
    <p class='ocr_par' dir='ltr' id='par_1_28' title="bbox 210 1278 1004 1313">
     <span class='ocr_line' id='line_1_28' title="bbox 210 1278 1004 1313; baseline 0 -8"><span class='ocrx_word' id='word_1_175' title='bbox 210 1278 306 1306; x_wconf 71' lang='lat' dir='ltr'><strong>cazeati</strong></span> <span class='ocrx_word' id='word_1_176' title='bbox 323 1278 469 1306; x_wconf 63' lang='lat' dir='ltr'><strong>catholicae</strong></span> <span class='ocrx_word' id='word_1_177' title='bbox 481 1278 595 1306; x_wconf 89' lang='lat' dir='ltr'><strong>veritati</strong></span> <span class='ocrx_word' id='word_1_178' title='bbox 614 1278 763 1311; x_wconf 85' lang='lat' dir='ltr'><strong>resistunt,</strong></span> <span class='ocrx_word' id='word_1_179' title='bbox 787 1282 962 1313; x_wconf 86' lang='lat' dir='ltr'><strong>quapropter</strong></span> <span class='ocrx_word' id='word_1_180' title='bbox 977 1283 1004 1306; x_wconf 91' lang='lat' dir='ltr'><strong>te</strong></span> 
     </span>
    </p>
   </div>
   <div class='ocr_carea' id='block_1_29' title="bbox 210 1324 1004 1359">
    <p class='ocr_par' dir='ltr' id='par_1_29' title="bbox 210 1324 1004 1359">
     <span class='ocr_line' id='line_1_29' title="bbox 210 1324 1004 1359; baseline 0.001 -8"><span class='ocrx_word' id='word_1_181' title='bbox 210 1325 306 1359; x_wconf 77' lang='lat' dir='ltr'><strong>potius</strong></span> <span class='ocrx_word' id='word_1_182' title='bbox 318 1325 527 1352; x_wconf 88' lang='lat' dir='ltr'><strong>criminatorem</strong></span> <span class='ocrx_word' id='word_1_183' title='bbox 545 1329 573 1352; x_wconf 90' lang='lat' dir='ltr'><strong>et</strong></span> <span class='ocrx_word' id='word_1_184' title='bbox 589 1324 821 1357; x_wconf 86' lang='lat' dir='ltr'><strong>obtrectatorem,</strong></span> <span class='ocrx_word' id='word_1_185' title='bbox 836 1324 1004 1352; x_wconf 81' lang='lat' dir='ltr'><strong>seditiosum</strong></span> 
     </span>
    </p>
   </div>
   <div class='ocr_carea' id='block_1_30' title="bbox 212 1370 1004 1406">
    <p class='ocr_par' dir='ltr' id='par_1_30' title="bbox 212 1370 1004 1406">
     <span class='ocr_line' id='line_1_30' title="bbox 212 1370 1004 1406; baseline 0.001 -9"><span class='ocrx_word' id='word_1_186' title='bbox 212 1378 324 1405; x_wconf 89' lang='lat' dir='ltr'><strong>quoque</strong></span> <span class='ocrx_word' id='word_1_187' title='bbox 336 1371 499 1398; x_wconf 87' lang='lat' dir='ltr'><strong>etinvidum</strong></span> <span class='ocrx_word' id='word_1_188' title='bbox 517 1375 602 1406; x_wconf 88' lang='lat' dir='ltr'><strong>atque</strong></span> <span class='ocrx_word' id='word_1_189' title='bbox 613 1375 765 1398; x_wconf 88' lang='lat' dir='ltr'><strong>amatorem</strong></span> <span class='ocrx_word' id='word_1_190' title='bbox 785 1370 936 1406; x_wconf 87' lang='lat' dir='ltr'><strong>pertinacis</strong></span> <span class='ocrx_word' id='word_1_191' title='bbox 956 1378 1004 1398; x_wconf 87' lang='lat' dir='ltr'><strong>su-</strong></span> 
     </span>
    </p>
   </div>
   <div class='ocr_carea' id='block_1_31' title="bbox 211 1416 1005 1451">
    <p class='ocr_par' dir='ltr' id='par_1_31' title="bbox 211 1416 1005 1451">
     <span class='ocr_line' id='line_1_31' title="bbox 211 1416 1005 1451; baseline 0.001 -8"><span class='ocrx_word' id='word_1_192' title='bbox 211 1416 317 1451; x_wconf 70' lang='lat' dir='ltr'><strong>perbite</strong></span> <span class='ocrx_word' id='word_1_193' title='bbox 328 1422 357 1444; x_wconf 85' lang='lat' dir='ltr'><strong>et</strong></span> <span class='ocrx_word' id='word_1_194' title='bbox 377 1416 598 1450; x_wconf 88' lang='lat' dir='ltr'><strong>inobedicntem,</strong></span> <span class='ocrx_word' id='word_1_195' title='bbox 618 1424 674 1444; x_wconf 93' lang='lat' dir='ltr'><strong>non</strong></span> <span class='ocrx_word' id='word_1_196' title='bbox 690 1417 831 1444; x_wconf 86' lang='lat' dir='ltr'><strong>humanus</strong></span> <span class='ocrx_word' id='word_1_197' title='bbox 851 1424 941 1450; x_wconf 88' lang='lat' dir='ltr'><strong>error,</strong></span> <span class='ocrx_word' id='word_1_198' title='bbox 955 1416 1005 1445; x_wconf 91' lang='lat' dir='ltr'><strong>sed</strong></span> 
     </span>
    </p>
   </div>
   <div class='ocr_carea' id='block_1_32' title="bbox 212 1456 1005 1500">
    <p class='ocr_par' dir='ltr' id='par_1_32' title="bbox 212 1456 1005 1500">
     <span class='ocr_line' id='line_1_32' title="bbox 212 1456 1005 1500; baseline 0.001 -10"><span class='ocrx_word' id='word_1_199' title='bbox 212 1463 272 1498; x_wconf 87' lang='lat' dir='ltr'><strong>ipsa</strong></span> <span class='ocrx_word' id='word_1_200' title='bbox 287 1456 392 1490; x_wconf 83' lang='lat' dir='ltr'><strong>veritas</strong></span> <span class='ocrx_word' id='word_1_201' title='bbox 408 1463 512 1498; x_wconf 89' lang='lat' dir='ltr'><strong>prodit,</strong></span> <span class='ocrx_word' id='word_1_202' title='bbox 527 1464 589 1500; x_wconf 93' lang='lat' dir='ltr'><strong>ejus</strong></span> <span class='ocrx_word' id='word_1_203' title='bbox 605 1468 632 1491; x_wconf 89' lang='lat' dir='ltr'><strong>te</strong></span> <span class='ocrx_word' id='word_1_204' title='bbox 652 1463 797 1490; x_wconf 91' lang='lat' dir='ltr'><strong>inimicum</strong></span> <span class='ocrx_word' id='word_1_205' title='bbox 811 1471 871 1491; x_wconf 86' lang='lat' dir='ltr'><strong>esse</strong></span> <span class='ocrx_word' id='word_1_206' title='bbox 885 1471 940 1491; x_wconf 92' lang='lat' dir='ltr'><strong>non</strong></span> <span class='ocrx_word' id='word_1_207' title='bbox 952 1463 1005 1491; x_wconf 89' lang='lat' dir='ltr'><strong>du-</strong></span> 
     </span>
    </p>
   </div>
   <div class='ocr_carea' id='block_1_33' title="bbox 1051 215 1840 251">
    <p class='ocr_par' dir='ltr' id='par_1_33' title="bbox 1051 215 1840 251">
     <span class='ocr_line' id='line_1_33' title="bbox 1051 215 1840 251; baseline -0.003 -7"><span class='ocrx_word' id='word_1_208' title='bbox 1051 217 1117 245; x_wconf 88' lang='lat' dir='ltr'><strong>stris</strong></span> <span class='ocrx_word' id='word_1_209' title='bbox 1143 217 1257 244; x_wconf 83' lang='lat' dir='ltr'><strong>monitis</strong></span> <span class='ocrx_word' id='word_1_210' title='bbox 1272 237 1278 249; x_wconf 90' lang='lat'><strong>,</strong></span> <span class='ocrx_word' id='word_1_211' title='bbox 1310 220 1460 251; x_wconf 85' lang='lat' dir='ltr'><strong>vestraque</strong></span> <span class='ocrx_word' id='word_1_212' title='bbox 1485 215 1700 243; x_wconf 84' lang='lat' dir='ltr'><strong>mansuetudine</strong></span> <span class='ocrx_word' id='word_1_213' title='bbox 1724 215 1767 243; x_wconf 90' lang='lat' dir='ltr'><strong>vel</strong></span> <span class='ocrx_word' id='word_1_214' title='bbox 1786 222 1840 242; x_wconf 86' lang='lat' dir='ltr'><strong>au-</strong></span> 
     </span>
    </p>
   </div>
   <div class='ocr_carea' id='block_1_34' title="bbox 1051 261 1841 298">
    <p class='ocr_par' dir='ltr' id='par_1_34' title="bbox 1051 261 1841 298">
     <span class='ocr_line' id='line_1_34' title="bbox 1051 261 1841 298; baseline -0.005 -6"><span class='ocrx_word' id='word_1_215' title='bbox 1051 266 1182 292; x_wconf 87' lang='lat' dir='ltr'><strong>ctoritate</strong></span> <span class='ocrx_word' id='word_1_216' title='bbox 1217 264 1334 291; x_wconf 89' lang='lat' dir='ltr'><strong>minime</strong></span> <span class='ocrx_word' id='word_1_217' title='bbox 1374 271 1423 292; x_wconf 87' lang='lat' dir='ltr'><strong>eos</strong></span> <span class='ocrx_word' id='word_1_218' title='bbox 1467 262 1653 298; x_wconf 89' lang='lat' dir='ltr'><strong>comprimere</strong></span> <span class='ocrx_word' id='word_1_219' title='bbox 1698 261 1841 297; x_wconf 83' lang='lat' dir='ltr'><strong>potueris,</strong></span> 
     </span>
    </p>
   </div>
   <div class='ocr_carea' id='block_1_35' title="bbox 1051 309 1843 347">
    <p class='ocr_par' dir='ltr' id='par_1_35' title="bbox 1051 309 1843 347">
     <span class='ocr_line' id='line_1_35' title="bbox 1051 309 1843 347; baseline -0.005 -8"><span class='ocrx_word' id='word_1_220' title='bbox 1051 312 1215 340; x_wconf 88' lang='lat' dir='ltr'><strong>nullatenus</strong></span> <span class='ocrx_word' id='word_1_221' title='bbox 1245 311 1391 347; x_wconf 79' lang='lat' dir='ltr'><strong>exprimis.</strong></span> <span class='ocrx_word' id='word_1_222' title='bbox 1406 310 1486 344; x_wconf 83' lang='lat' dir='ltr'><strong>Quod</strong></span> <span class='ocrx_word' id='word_1_223' title='bbox 1514 310 1577 337; x_wconf 85' lang='lat' dir='ltr'><strong>ideo</strong></span> <span class='ocrx_word' id='word_1_224' title='bbox 1598 309 1698 336; x_wconf 85' lang='lat' dir='ltr'><strong>callide</strong></span> <span class='ocrx_word' id='word_1_225' title='bbox 1719 313 1843 344; x_wconf 68' lang='lat' dir='ltr'><strong>praeter-</strong></span> 
     </span>
    </p>
   </div>
   <div class='ocr_carea' id='block_1_36' title="bbox 1051 355 1841 391">
    <p class='ocr_par' dir='ltr' id='par_1_36' title="bbox 1051 355 1841 391">
     <span class='ocr_line' id='line_1_36' title="bbox 1051 355 1841 391; baseline -0.005 -5"><span class='ocrx_word' id='word_1_226' title='bbox 1051 359 1152 391; x_wconf 87' lang='lat' dir='ltr'><strong>mittis,</strong></span> <span class='ocrx_word' id='word_1_227' title='bbox 1173 367 1207 386; x_wconf 90' lang='lat' dir='ltr'><strong>ne</strong></span> <span class='ocrx_word' id='word_1_228' title='bbox 1231 359 1285 386; x_wconf 92' lang='lat' dir='ltr'><strong>hoc</strong></span> <span class='ocrx_word' id='word_1_229' title='bbox 1307 359 1431 389; x_wconf 85' lang='lat' dir='ltr'><strong>faciens,</strong></span> <span class='ocrx_word' id='word_1_230' title='bbox 1453 356 1631 390; x_wconf 85' lang='lat' dir='ltr'><strong>temetipsum</strong></span> <span class='ocrx_word' id='word_1_231' title='bbox 1651 355 1796 390; x_wconf 85' lang='lat' dir='ltr'><strong>profanum</strong></span> <span class='ocrx_word' id='word_1_232' title='bbox 1815 359 1841 383; x_wconf 87' lang='lat' dir='ltr'><strong>et</strong></span> 
     </span>
    </p>
   </div>
   <div class='ocr_carea' id='block_1_37' title="bbox 1052 403 1845 442">
    <p class='ocr_par' dir='ltr' id='par_1_37' title="bbox 1052 403 1845 442">
     <span class='ocr_line' id='line_1_37' title="bbox 1052 403 1845 442; baseline -0.005 -9"><span class='ocrx_word' id='word_1_233' title='bbox 1052 407 1170 442; x_wconf 87' lang='lat' dir='ltr'><strong>impium</strong></span> <span class='ocrx_word' id='word_1_234' title='bbox 1181 406 1308 441; x_wconf 82' lang='lat' dir='ltr'><strong>detegas.</strong></span> <span class='ocrx_word' id='word_1_235' title='bbox 1324 405 1371 437; x_wconf 80' lang='lat' dir='ltr'><strong>Et,</strong></span> <span class='ocrx_word' id='word_1_236' title='bbox 1386 412 1403 432; x_wconf 86' lang='grc' dir='ltr'>ο</span> <span class='ocrx_word' id='word_1_237' title='bbox 1421 404 1526 431; x_wconf 85' lang='lat' dir='ltr'><strong>invicta</strong></span> <span class='ocrx_word' id='word_1_238' title='bbox 1541 403 1654 434; x_wconf 80' lang='lat' dir='ltr'><strong>veritas,</strong></span> <span class='ocrx_word' id='word_1_239' title='bbox 1672 410 1735 437; x_wconf 75' lang='lat' dir='ltr'><strong>qua:</strong></span> <span class='ocrx_word' id='word_1_240' title='bbox 1760 408 1845 430; x_wconf 69' lang='lat' dir='ltr'><strong>aemu-</strong></span> 
     </span>
    </p>
   </div>
   <div class='ocr_carea' id='block_1_38' title="bbox 1052 449 1844 479">
    <p class='ocr_par' dir='ltr' id='par_1_38' title="bbox 1052 449 1844 479">
     <span class='ocr_line' id='line_1_38' title="bbox 1052 449 1844 479; baseline -0.008 0"><span class='ocrx_word' id='word_1_241' title='bbox 1052 453 1143 479; x_wconf 92' lang='lat' dir='ltr'><strong>lorum</strong></span> <span class='ocrx_word' id='word_1_242' title='bbox 1162 451 1382 479; x_wconf 80' lang='lat' dir='ltr'><strong>obtrectationes</strong></span> <span class='ocrx_word' id='word_1_243' title='bbox 1413 450 1441 477; x_wconf 90' lang='lat' dir='ltr'><strong>in</strong></span> <span class='ocrx_word' id='word_1_244' title='bbox 1459 449 1626 477; x_wconf 77' lang='lat' dir='ltr'><strong>famulorum</strong></span> <span class='ocrx_word' id='word_1_245' title='bbox 1650 451 1759 475; x_wconf 83' lang='lat' dir='ltr'><strong>tuorum</strong></span> <span class='ocrx_word' id='word_1_246' title='bbox 1774 454 1844 474; x_wconf 82' lang='lat' dir='ltr'><strong>eon—</strong></span> 
     </span>
    </p>
   </div>
   <div class='ocr_carea' id='block_1_39' title="bbox 1052 492 1843 533">
    <p class='ocr_par' dir='ltr' id='par_1_39' title="bbox 1052 492 1843 533">
     <span class='ocr_line' id='line_1_39' title="bbox 1052 492 1843 533; baseline -0.008 -8"><span class='ocrx_word' id='word_1_247' title='bbox 1052 498 1141 525; x_wconf 87' lang='lat' dir='ltr'><strong>vertis</strong></span> <span class='ocrx_word' id='word_1_248' title='bbox 1154 497 1270 533; x_wconf 78' lang='lat' dir='ltr'><strong>gloriam</strong></span> <span class='ocrx_word' id='word_1_249' title='bbox 1291 498 1299 524; x_wconf 81' lang='grc' dir='ltr'>ι</span> <span class='ocrx_word' id='word_1_250' title='bbox 1318 497 1465 530; x_wconf 88' lang='lat' dir='ltr'><strong>Nunquam</strong></span> <span class='ocrx_word' id='word_1_251' title='bbox 1496 495 1600 522; x_wconf 78' lang='lat' dir='ltr'><strong>etenim</strong></span> <span class='ocrx_word' id='word_1_252' title='bbox 1621 501 1694 527; x_wconf 84' lang='lat' dir='ltr'><strong>reor,</strong></span> <span class='ocrx_word' id='word_1_253' title='bbox 1715 492 1843 529; x_wconf 79' lang='lat' dir='ltr'><strong>quamvis</strong></span> 
     </span>
    </p>
   </div>
   <div class='ocr_carea' id='block_1_40' title="bbox 1052 538 1843 577">
    <p class='ocr_par' dir='ltr' id='par_1_40' title="bbox 1052 538 1843 577">
     <span class='ocr_line' id='line_1_40' title="bbox 1052 538 1843 577; baseline -0.008 -6"><span class='ocrx_word' id='word_1_254' title='bbox 1052 543 1186 571; x_wconf 85' lang='lat' dir='ltr'><strong>laudandi</strong></span> <span class='ocrx_word' id='word_1_255' title='bbox 1217 543 1323 577; x_wconf 50' lang='lat' dir='ltr'><strong>fideles;</strong></span> <span class='ocrx_word' id='word_1_256' title='bbox 1343 541 1480 576; x_wconf 91' lang='lat' dir='ltr'><strong>cupidus,</strong></span> <span class='ocrx_word' id='word_1_257' title='bbox 1516 540 1550 568; x_wconf 88' lang='lat' dir='ltr'><strong>ad</strong></span> <span class='ocrx_word' id='word_1_258' title='bbox 1581 547 1677 567; x_wconf 91' lang='lat' dir='ltr'><strong>eorum</strong></span> <span class='ocrx_word' id='word_1_259' title='bbox 1704 538 1843 574; x_wconf 83' lang='lat' dir='ltr'><strong>praeconia</strong></span> 
     </span>
    </p>
   </div>
   <div class='ocr_carea' id='block_1_41' title="bbox 1052 584 1843 622">
    <p class='ocr_par' dir='ltr' id='par_1_41' title="bbox 1052 584 1843 622">
     <span class='ocr_line' id='line_1_41' title="bbox 1052 584 1843 622; baseline -0.008 -5"><span class='ocrx_word' id='word_1_260' title='bbox 1052 588 1229 617; x_wconf 84' lang='lat' dir='ltr'><strong>constantius</strong></span> <span class='ocrx_word' id='word_1_261' title='bbox 1237 588 1295 616; x_wconf 55' lang='lat' dir='ltr'><strong>haec</strong></span> <span class='ocrx_word' id='word_1_262' title='bbox 1310 587 1406 615; x_wconf 89' lang='lat' dir='ltr'><strong>dicere</strong></span> <span class='ocrx_word' id='word_1_263' title='bbox 1428 586 1577 622; x_wconf 80' lang='lat' dir='ltr'><strong>potuisses,</strong></span> <span class='ocrx_word' id='word_1_264' title='bbox 1597 593 1659 621; x_wconf 81' lang='lat' dir='ltr'><strong>quae</strong></span> <span class='ocrx_word' id='word_1_265' title='bbox 1676 593 1751 612; x_wconf 89' lang='lat' dir='ltr'><strong>nunc</strong></span> <span class='ocrx_word' id='word_1_266' title='bbox 1763 584 1843 619; x_wconf 88' lang='lat' dir='ltr'><strong>quasi</strong></span> 
     </span>
    </p>
   </div>
   <div class='ocr_carea' id='block_1_42' title="bbox 1054 632 1865 669">
    <p class='ocr_par' dir='ltr' id='par_1_42' title="bbox 1054 632 1865 669">
     <span class='ocr_line' id='line_1_42' title="bbox 1054 632 1865 669; baseline -0.009 -7"><span class='ocrx_word' id='word_1_267' title='bbox 1054 635 1083 662; x_wconf 92' lang='lat' dir='ltr'><strong>in</strong></span> <span class='ocrx_word' id='word_1_268' title='bbox 1099 634 1333 669; x_wconf 76' lang='lat' dir='ltr'><strong>vituperationem</strong></span> <span class='ocrx_word' id='word_1_269' title='bbox 1350 632 1665 664; x_wconf 78' lang='lat' dir='ltr'><strong>monachorum,contra</strong></span> <span class='ocrx_word' id='word_1_270' title='bbox 1680 636 1844 664; x_wconf 76' lang='lat' dir='ltr'><strong>quosagere</strong></span> <span class='ocrx_word' id='word_1_271' title='bbox 1862 666 1865 668; x_wconf 9' lang='grc' dir='ltr'><em>ἓ</em></span> 
     </span>
    </p>
   </div>
   <div class='ocr_carea' id='block_1_43' title="bbox 1052 675 1844 713">
    <p class='ocr_par' dir='ltr' id='par_1_43' title="bbox 1052 675 1844 713">
     <span class='ocr_line' id='line_1_43' title="bbox 1052 675 1844 713; baseline -0.009 -6"><span class='ocrx_word' id='word_1_272' title='bbox 1052 679 1168 711; x_wconf 89' lang='lat' dir='ltr'><strong>videris,</strong></span> <span class='ocrx_word' id='word_1_273' title='bbox 1187 678 1387 713; x_wconf 84' lang='lat' dir='ltr'><strong>conscripsisse</strong></span> <span class='ocrx_word' id='word_1_274' title='bbox 1398 681 1424 705; x_wconf 93' lang='lat' dir='ltr'><strong>te</strong></span> <span class='ocrx_word' id='word_1_275' title='bbox 1441 677 1543 705; x_wconf 86' lang='lat' dir='ltr'><strong>credis.</strong></span> <span class='ocrx_word' id='word_1_276' title='bbox 1556 676 1625 704; x_wconf 80' lang='lat' dir='ltr'><strong>Nam</strong></span> <span class='ocrx_word' id='word_1_277' title='bbox 1636 675 1775 710; x_wconf 82' lang='lat' dir='ltr'><strong>quom‘odo</strong></span> <span class='ocrx_word' id='word_1_278' title='bbox 1788 681 1844 701; x_wconf 80' lang='lat' dir='ltr'><strong>non</strong></span> 
     </span>
    </p>
   </div>
   <div class='ocr_carea' id='block_1_44' title="bbox 1054 721 1846 758">
    <p class='ocr_par' dir='ltr' id='par_1_44' title="bbox 1054 721 1846 758">
     <span class='ocr_line' id='line_1_44' title="bbox 1054 721 1846 758; baseline -0.008 -4"><span class='ocrx_word' id='word_1_279' title='bbox 1054 727 1083 754; x_wconf 93' lang='lat' dir='ltr'><strong>in</strong></span> <span class='ocrx_word' id='word_1_280' title='bbox 1103 734 1202 754; x_wconf 90' lang='lat' dir='ltr'><strong>eorum</strong></span> <span class='ocrx_word' id='word_1_281' title='bbox 1218 725 1341 758; x_wconf 90' lang='lat' dir='ltr'><strong>laudem,</strong></span> <span class='ocrx_word' id='word_1_282' title='bbox 1356 725 1385 752; x_wconf 80' lang='lat' dir='ltr'><strong>et</strong></span> <span class='ocrx_word' id='word_1_283' title='bbox 1412 724 1446 752; x_wconf 87' lang='lat' dir='ltr'><strong>ad</strong></span> <span class='ocrx_word' id='word_1_284' title='bbox 1467 728 1543 751; x_wconf 86' lang='lat' dir='ltr'><strong>tuam</strong></span> <span class='ocrx_word' id='word_1_285' title='bbox 1566 722 1759 751; x_wconf 86' lang='lat' dir='ltr'><strong>confusionem</strong></span> <span class='ocrx_word' id='word_1_286' title='bbox 1786 721 1846 748; x_wconf 71' lang='lat' dir='ltr'><strong>htec</strong></span> 
     </span>
    </p>
   </div>
   <div class='ocr_carea' id='block_1_45' title="bbox 1054 768 1846 808">
    <p class='ocr_par' dir='ltr' id='par_1_45' title="bbox 1054 768 1846 808">
     <span class='ocr_line' id='line_1_45' title="bbox 1054 768 1846 808; baseline -0.009 -7"><span class='ocrx_word' id='word_1_287' title='bbox 1054 772 1200 808; x_wconf 84' lang='lat' dir='ltr'><strong>scripsisse</strong></span> <span class='ocrx_word' id='word_1_288' title='bbox 1215 771 1352 800; x_wconf 81' lang='lat' dir='ltr'><strong>veraciter</strong></span> <span class='ocrx_word' id='word_1_289' title='bbox 1371 769 1570 807; x_wconf 77' lang='lat' dir='ltr'><strong>intelligendus</strong></span> <span class='ocrx_word' id='word_1_290' title='bbox 1581 777 1623 802; x_wconf 90' lang='lat' dir='ltr'><strong>es,</strong></span> <span class='ocrx_word' id='word_1_291' title='bbox 1646 768 1694 804; x_wconf 90' lang='lat' dir='ltr'><strong>qui</strong></span> <span class='ocrx_word' id='word_1_292' title='bbox 1711 775 1767 796; x_wconf 86' lang='lat' dir='ltr'><strong>non</strong></span> <span class='ocrx_word' id='word_1_293' title='bbox 1787 774 1846 794; x_wconf 85' lang='lat' dir='ltr'><strong>mo-</strong></span> 
     </span>
    </p>
   </div>
   <div class='ocr_carea' id='block_1_46' title="bbox 1053 811 1846 853">
    <p class='ocr_par' dir='ltr' id='par_1_46' title="bbox 1053 811 1846 853">
     <span class='ocr_line' id='line_1_46' title="bbox 1053 811 1846 853; baseline -0.01 -6"><span class='ocrx_word' id='word_1_294' title='bbox 1053 819 1133 853; x_wconf 87' lang='lat' dir='ltr'><strong>nitis,</strong></span> <span class='ocrx_word' id='word_1_295' title='bbox 1159 826 1215 846; x_wconf 91' lang='lat' dir='ltr'><strong>non</strong></span> <span class='ocrx_word' id='word_1_296' title='bbox 1234 817 1461 848; x_wconf 86' lang='lat' dir='ltr'><strong>mansuetudine,</strong></span> <span class='ocrx_word' id='word_1_297' title='bbox 1490 823 1547 843; x_wconf 90' lang='lat' dir='ltr'><strong>non</strong></span> <span class='ocrx_word' id='word_1_298' title='bbox 1562 814 1731 844; x_wconf 82' lang='lat' dir='ltr'><strong>auctoritate</strong></span> <span class='ocrx_word' id='word_1_299' title='bbox 1745 821 1793 841; x_wconf 84' lang='lat' dir='ltr'><strong>eos</strong></span> <span class='ocrx_word' id='word_1_300' title='bbox 1809 811 1846 839; x_wconf 74' lang='lat' dir='ltr'><strong>ad</strong></span> 
     </span>
    </p>
   </div>
   <div class='ocr_carea' id='block_1_47' title="bbox 1056 857 1846 899">
    <p class='ocr_par' dir='ltr' id='par_1_47' title="bbox 1056 857 1846 899">
     <span class='ocr_line' id='line_1_47' title="bbox 1056 857 1846 899; baseline -0.01 -7"><span class='ocrx_word' id='word_1_301' title='bbox 1056 869 1131 892; x_wconf 88' lang='lat' dir='ltr'><strong>tuam</strong></span> <span class='ocrx_word' id='word_1_302' title='bbox 1155 863 1321 899; x_wconf 88' lang='lat' dir='ltr'><strong>pravitatem</strong></span> <span class='ocrx_word' id='word_1_303' title='bbox 1351 862 1476 897; x_wconf 87' lang='lat' dir='ltr'><strong>potuisse</strong></span> <span class='ocrx_word' id='word_1_304' title='bbox 1502 860 1685 896; x_wconf 83' lang='lat' dir='ltr'><strong>detorqueri,</strong></span> <span class='ocrx_word' id='word_1_305' title='bbox 1719 857 1846 894; x_wconf 79' lang='lat' dir='ltr'><strong>propriis</strong></span> 
     </span>
    </p>
   </div>
   <div class='ocr_carea' id='block_1_48' title="bbox 1055 904 1845 942">
    <p class='ocr_par' dir='ltr' id='par_1_48' title="bbox 1055 904 1845 942">
     <span class='ocr_line' id='line_1_48' title="bbox 1055 904 1845 942; baseline -0.01 -4"><span class='ocrx_word' id='word_1_306' title='bbox 1055 909 1197 939; x_wconf 84' lang='lat' dir='ltr'><strong>attestaris</strong></span> <span class='ocrx_word' id='word_1_307' title='bbox 1214 907 1434 936; x_wconf 85' lang='lat' dir='ltr'><strong>assertionibus?</strong></span> <span class='ocrx_word' id='word_1_308' title='bbox 1456 907 1536 935; x_wconf 88' lang='lat' dir='ltr'><strong>Nunc</strong></span> <span class='ocrx_word' id='word_1_309' title='bbox 1546 906 1602 942; x_wconf 88' lang='lat' dir='ltr'><strong>jam</strong></span> <span class='ocrx_word' id='word_1_310' title='bbox 1617 904 1764 940; x_wconf 88' lang='lat' dir='ltr'><strong>sequentia</strong></span> <span class='ocrx_word' id='word_1_311' title='bbox 1777 911 1845 932; x_wconf 87' lang='lat' dir='ltr'><strong>con-</strong></span> 
     </span>
    </p>
   </div>
   <div class='ocr_carea' id='block_1_49' title="bbox 1055 951 1847 989">
    <p class='ocr_par' dir='ltr' id='par_1_49' title="bbox 1055 951 1847 989">
     <span class='ocr_line' id='line_1_49' title="bbox 1055 951 1847 989; baseline -0.006 -6"><span class='ocrx_word' id='word_1_312' title='bbox 1055 955 1204 983; x_wconf 90' lang='lat' dir='ltr'><strong>sideranda</strong></span> <span class='ocrx_word' id='word_1_313' title='bbox 1219 959 1295 987; x_wconf 85' lang='lat' dir='ltr'><strong>sunt,</strong></span> <span class='ocrx_word' id='word_1_314' title='bbox 1311 954 1357 982; x_wconf 90' lang='lat' dir='ltr'><strong>ubi</strong></span> <span class='ocrx_word' id='word_1_315' title='bbox 1370 960 1500 989; x_wconf 72' lang='lat' dir='ltr'><strong>perverso</strong></span> <span class='ocrx_word' id='word_1_316' title='bbox 1515 953 1614 980; x_wconf 88' lang='lat' dir='ltr'><strong>ordine</strong></span> <span class='ocrx_word' id='word_1_317' title='bbox 1629 959 1662 980; x_wconf 92' lang='lat' dir='ltr'><strong>ea</strong></span> <span class='ocrx_word' id='word_1_318' title='bbox 1679 959 1739 987; x_wconf 66' lang='lat' dir='ltr'><strong>quae</strong></span> <span class='ocrx_word' id='word_1_319' title='bbox 1750 951 1847 979; x_wconf 75' lang='lat' dir='ltr'><strong>Roma:</strong></span> 
     </span>
    </p>
   </div>
   <div class='ocr_carea' id='block_1_50' title="bbox 1054 998 1847 1037">
    <p class='ocr_par' dir='ltr' id='par_1_50' title="bbox 1054 998 1847 1037">
     <span class='ocr_line' id='line_1_50' title="bbox 1054 998 1847 1037; baseline -0.006 -8"><span class='ocrx_word' id='word_1_320' title='bbox 1054 1005 1152 1030; x_wconf 88' lang='lat' dir='ltr'><strong>contra</strong></span> <span class='ocrx_word' id='word_1_321' title='bbox 1165 1001 1239 1037; x_wconf 88' lang='lat' dir='ltr'><strong>ipsos</strong></span> <span class='ocrx_word' id='word_1_322' title='bbox 1251 1005 1313 1028; x_wconf 88' lang='lat' dir='ltr'><strong>acta</strong></span> <span class='ocrx_word' id='word_1_323' title='bbox 1330 1004 1395 1028; x_wconf 90' lang='lat' dir='ltr'><strong>sunt</strong></span> <span class='ocrx_word' id='word_1_324' title='bbox 1413 999 1566 1027; x_wconf 88' lang='lat' dir='ltr'><strong>monachos</strong></span> <span class='ocrx_word' id='word_1_325' title='bbox 1588 998 1724 1034; x_wconf 76' lang='lat' dir='ltr'><strong>dirigens,</strong></span> <span class='ocrx_word' id='word_1_326' title='bbox 1745 1000 1847 1025; x_wconf 86' lang='lat' dir='ltr'><strong>cuncta</strong></span> 
     </span>
    </p>
   </div>
   <div class='ocr_carea' id='block_1_51' title="bbox 1055 1042 1848 1082">
    <p class='ocr_par' dir='ltr' id='par_1_51' title="bbox 1055 1042 1848 1082">
     <span class='ocr_line' id='line_1_51' title="bbox 1055 1042 1848 1082; baseline -0.006 -7"><span class='ocrx_word' id='word_1_327' title='bbox 1055 1047 1190 1075; x_wconf 87' lang='lat' dir='ltr'><strong>mentitus</strong></span> <span class='ocrx_word' id='word_1_328' title='bbox 1205 1054 1262 1074; x_wconf 67' lang='lat' dir='ltr'><strong>cs.c</strong></span> <span class='ocrx_word' id='word_1_329' title='bbox 1281 1047 1312 1074; x_wconf 91' lang='lat' dir='ltr'><strong>ln</strong></span> <span class='ocrx_word' id='word_1_330' title='bbox 1324 1046 1478 1082; x_wconf 86' lang='lat' dir='ltr'><strong>publicum,</strong></span> <span class='ocrx_word' id='word_1_331' title='bbox 1488 1044 1595 1080; x_wconf 80' lang='lat' dir='ltr'><strong>inquis,</strong></span> <span class='ocrx_word' id='word_1_332' title='bbox 1610 1051 1699 1080; x_wconf 83' lang='lat' dir='ltr'><strong>usque</strong></span> <span class='ocrx_word' id='word_1_333' title='bbox 1714 1042 1848 1079; x_wconf 82' lang='lat' dir='ltr'><strong>prodiere</strong></span> 
     </span>
    </p>
   </div>
   <div class='ocr_carea' id='block_1_52' title="bbox 1052 1090 1848 1127">
    <p class='ocr_par' dir='ltr' id='par_1_52' title="bbox 1052 1090 1848 1127">
     <span class='ocr_line' id='line_1_52' title="bbox 1052 1090 1848 1127; baseline -0.005 -6"><span class='ocrx_word' id='word_1_334' title='bbox 1052 1097 1236 1127; x_wconf 79' lang='lat' dir='ltr'><strong>conventum,</strong></span> <span class='ocrx_word' id='word_1_335' title='bbox 1249 1098 1279 1121; x_wconf 87' lang='lat' dir='ltr'><strong>et</strong></span> <span class='ocrx_word' id='word_1_336' title='bbox 1293 1093 1328 1120; x_wconf 84' lang='lat' dir='ltr'><strong>ad</strong></span> <span class='ocrx_word' id='word_1_337' title='bbox 1357 1093 1569 1121; x_wconf 88' lang='lat' dir='ltr'><strong>concussionem</strong></span> <span class='ocrx_word' id='word_1_338' title='bbox 1586 1091 1692 1127; x_wconf 77' lang='lat' dir='ltr'><strong>quietis</strong></span> <span class='ocrx_word' id='word_1_339' title='bbox 1713 1090 1789 1119; x_wconf 84' lang='lat' dir='ltr'><strong>circa</strong></span> <span class='ocrx_word' id='word_1_340' title='bbox 1801 1097 1848 1118; x_wconf 85' lang='lat' dir='ltr'><strong>re-</strong></span> 
     </span>
    </p>
   </div>
   <div class='ocr_carea' id='block_1_53' title="bbox 1052 1136 1848 1175">
    <p class='ocr_par' dir='ltr' id='par_1_53' title="bbox 1052 1136 1848 1175">
     <span class='ocr_line' id='line_1_53' title="bbox 1052 1136 1848 1175; baseline -0.004 -9"><span class='ocrx_word' id='word_1_341' title='bbox 1052 1143 1121 1175; x_wconf 71' lang='lat' dir='ltr'><strong>gum</strong></span> <span class='ocrx_word' id='word_1_342' title='bbox 1136 1139 1220 1166; x_wconf 89' lang='lat' dir='ltr'><strong>etiam</strong></span> <span class='ocrx_word' id='word_1_343' title='bbox 1233 1143 1342 1167; x_wconf 84' lang='lat' dir='ltr'><strong>statuas</strong></span> <span class='ocrx_word' id='word_1_344' title='bbox 1358 1139 1553 1171; x_wconf 86' lang='lat' dir='ltr'><strong>inclamantes,</strong></span> <span class='ocrx_word' id='word_1_345' title='bbox 1569 1142 1598 1165; x_wconf 90' lang='lat' dir='ltr'><strong>et</strong></span> <span class='ocrx_word' id='word_1_346' title='bbox 1619 1137 1674 1165; x_wconf 88' lang='lat' dir='ltr'><strong>nisi</strong></span> <span class='ocrx_word' id='word_1_347' title='bbox 1692 1136 1782 1165; x_wconf 89' lang='lat' dir='ltr'><strong>fidelis</strong></span> <span class='ocrx_word' id='word_1_348' title='bbox 1797 1144 1848 1172; x_wconf 84' lang='lat' dir='ltr'><strong>po-</strong></span> 
     </span>
    </p>
   </div>
   <div class='ocr_carea' id='block_1_54' title="bbox 1055 1183 1845 1221">
    <p class='ocr_par' dir='ltr' id='par_1_54' title="bbox 1055 1183 1845 1221">
     <span class='ocr_line' id='line_1_54' title="bbox 1055 1183 1845 1221; baseline -0.004 -8"><span class='ocrx_word' id='word_1_349' title='bbox 1055 1186 1115 1221; x_wconf 89' lang='lat' dir='ltr'><strong>puli</strong></span> <span class='ocrx_word' id='word_1_350' title='bbox 1137 1186 1296 1213; x_wconf 87' lang='lat' dir='ltr'><strong>constantia</strong></span> <span class='ocrx_word' id='word_1_351' title='bbox 1320 1185 1480 1219; x_wconf 86' lang='lat' dir='ltr'><strong>restitisset,</strong></span> <span class='ocrx_word' id='word_1_352' title='bbox 1503 1193 1556 1220; x_wconf 89' lang='lat' dir='ltr'><strong>per</strong></span> <span class='ocrx_word' id='word_1_353' title='bbox 1574 1184 1718 1212; x_wconf 73' lang='lat' dir='ltr'><strong>diabolica:</strong></span> <span class='ocrx_word' id='word_1_354' title='bbox 1737 1183 1845 1211; x_wconf 76' lang='lat' dir='ltr'><strong>semina</strong></span> 
     </span>
    </p>
   </div>
   <div class='ocr_carea' id='block_1_55' title="bbox 1056 1229 1847 1267">
    <p class='ocr_par' dir='ltr' id='par_1_55' title="bbox 1056 1229 1847 1267">
     <span class='ocr_line' id='line_1_55' title="bbox 1056 1229 1847 1267; baseline -0.004 -8"><span class='ocrx_word' id='word_1_355' title='bbox 1056 1231 1175 1259; x_wconf 89' lang='lat' dir='ltr'><strong>nefanda</strong></span> <span class='ocrx_word' id='word_1_356' title='bbox 1195 1232 1309 1259; x_wconf 69' lang='lat' dir='ltr'><strong>zizaniaa</strong></span> <span class='ocrx_word' id='word_1_357' title='bbox 1324 1232 1397 1267; x_wconf 88' lang='lat' dir='ltr'><strong>apud</strong></span> <span class='ocrx_word' id='word_1_358' title='bbox 1409 1239 1457 1259; x_wconf 86' lang='lat' dir='ltr'><strong>eos</strong></span> <span class='ocrx_word' id='word_1_359' title='bbox 1477 1231 1681 1259; x_wconf 88' lang='lat' dir='ltr'><strong>dissensionem</strong></span> <span class='ocrx_word' id='word_1_360' title='bbox 1700 1233 1729 1256; x_wconf 87' lang='lat' dir='ltr'><strong>et</strong></span> <span class='ocrx_word' id='word_1_361' title='bbox 1739 1229 1847 1257; x_wconf 79' lang='lat' dir='ltr'><strong>discor-</strong></span> 
     </span>
    </p>
   </div>
   <div class='ocr_carea' id='block_1_56' title="bbox 1055 1275 1846 1313">
    <p class='ocr_par' dir='ltr' id='par_1_56' title="bbox 1055 1275 1846 1313">
     <span class='ocr_line' id='line_1_56' title="bbox 1055 1275 1846 1313; baseline -0.004 -7"><span class='ocrx_word' id='word_1_362' title='bbox 1055 1279 1129 1306; x_wconf 88' lang='lat' dir='ltr'><strong>diam</strong></span> <span class='ocrx_word' id='word_1_363' title='bbox 1153 1279 1383 1310; x_wconf 80' lang='lat' dir='ltr'><strong>commovissem,</strong></span> <span class='ocrx_word' id='word_1_364' title='bbox 1407 1285 1458 1313; x_wconf 88' lang='lat' dir='ltr'><strong>per</strong></span> <span class='ocrx_word' id='word_1_365' title='bbox 1480 1286 1550 1313; x_wconf 88' lang='lat' dir='ltr'><strong>quos</strong></span> <span class='ocrx_word' id='word_1_366' title='bbox 1576 1277 1719 1313; x_wconf 84' lang='lat' dir='ltr'><strong>adjutorio</strong></span> <span class='ocrx_word' id='word_1_367' title='bbox 1732 1276 1780 1304; x_wconf 88' lang='lat' dir='ltr'><strong>Dei</strong></span> <span class='ocrx_word' id='word_1_368' title='bbox 1810 1275 1846 1303; x_wconf 75' lang='lat' dir='ltr'><strong>de</strong></span> 
     </span>
    </p>
   </div>
   <div class='ocr_carea' id='block_1_57' title="bbox 1056 1323 1616 1360">
    <p class='ocr_par' dir='ltr' id='par_1_57' title="bbox 1056 1323 1616 1360">
     <span class='ocr_line' id='line_1_57' title="bbox 1056 1323 1616 1360; baseline -0.005 -8"><span class='ocrx_word' id='word_1_369' title='bbox 1056 1325 1169 1360; x_wconf 78' lang='lat' dir='ltr'><strong>regione</strong></span> <span class='ocrx_word' id='word_1_370' title='bbox 1185 1331 1282 1352; x_wconf 90' lang='lat' dir='ltr'><strong>eorum</strong></span> <span class='ocrx_word' id='word_1_371' title='bbox 1294 1328 1337 1352; x_wconf 91' lang='lat' dir='ltr'><strong>est</strong></span> <span class='ocrx_word' id='word_1_372' title='bbox 1347 1323 1426 1359; x_wconf 86' lang='lat' dir='ltr'><strong>pulsa</strong></span> <span class='ocrx_word' id='word_1_373' title='bbox 1437 1323 1588 1352; x_wconf 74' lang='lat' dir='ltr'><strong>&#39;diss‘ensio.</strong></span> <span class='ocrx_word' id='word_1_374' title='bbox 1607 1333 1616 1349; x_wconf 82' lang='lat' dir='ltr'><strong>I</strong></span> 
     </span>
    </p>
   </div>
   <div class='ocr_carea' id='block_1_58' title="bbox 1092 1369 1849 1404">
    <p class='ocr_par' dir='ltr' id='par_1_58' title="bbox 1092 1369 1849 1404">
     <span class='ocr_line' id='line_1_58' title="bbox 1092 1369 1849 1404; baseline -0.004 -5"><span class='ocrx_word' id='word_1_375' title='bbox 1092 1371 1115 1400; x_wconf 90' lang='grc' dir='ltr'>Ο</span> <span class='ocrx_word' id='word_1_376' title='bbox 1128 1372 1198 1399; x_wconf 87' lang='lat' dir='ltr'><strong>mira</strong></span> <span class='ocrx_word' id='word_1_377' title='bbox 1213 1371 1385 1399; x_wconf 84' lang='lat' dir='ltr'><strong>furiosorum</strong></span> <span class='ocrx_word' id='word_1_378' title='bbox 1398 1371 1524 1404; x_wconf 82' lang='lat' dir='ltr'><strong>caecitas,</strong></span> <span class='ocrx_word' id='word_1_379' title='bbox 1537 1376 1565 1398; x_wconf 93' lang='lat' dir='ltr'><strong>et</strong></span> <span class='ocrx_word' id='word_1_380' title='bbox 1578 1378 1594 1398; x_wconf 87' lang='lat' dir='ltr'><strong>a</strong></span> <span class='ocrx_word' id='word_1_381' title='bbox 1608 1370 1726 1398; x_wconf 86' lang='lat' dir='ltr'><strong>veritate</strong></span> <span class='ocrx_word' id='word_1_382' title='bbox 1743 1369 1849 1397; x_wconf 83' lang='lat' dir='ltr'><strong>aliena-</strong></span> 
     </span>
    </p>
   </div>
   <div class='ocr_carea' id='block_1_59' title="bbox 1057 1415 1848 1451">
    <p class='ocr_par' dir='ltr' id='par_1_59' title="bbox 1057 1415 1848 1451">
     <span class='ocr_line' id='line_1_59' title="bbox 1057 1415 1848 1451; baseline -0.004 -6"><span class='ocrx_word' id='word_1_383' title='bbox 1057 1423 1149 1446; x_wconf 88' lang='lat' dir='ltr'><strong>tarum</strong></span> <span class='ocrx_word' id='word_1_384' title='bbox 1171 1417 1307 1445; x_wconf 87' lang='lat' dir='ltr'><strong>mentium</strong></span> <span class='ocrx_word' id='word_1_385' title='bbox 1335 1416 1487 1445; x_wconf 86' lang='lat' dir='ltr'><strong>criminosa</strong></span> <span class='ocrx_word' id='word_1_386' title='bbox 1511 1416 1622 1444; x_wconf 80' lang='lat' dir='ltr'><strong>fallacia</strong></span> <span class='ocrx_word' id='word_1_387' title='bbox 1639 1415 1756 1451; x_wconf 87' lang='lat' dir='ltr'><strong>lNeque</strong></span> <span class='ocrx_word' id='word_1_388' title='bbox 1771 1415 1848 1443; x_wconf 87' lang='lat' dir='ltr'><strong>enim</strong></span> 
     </span>
    </p>
   </div>
   <div class='ocr_carea' id='block_1_60' title="bbox 1055 1463 1847 1501">
    <p class='ocr_par' dir='ltr' id='par_1_60' title="bbox 1055 1463 1847 1501">
     <span class='ocr_line' id='line_1_60' title="bbox 1055 1463 1847 1501; baseline -0.004 -8"><span class='ocrx_word' id='word_1_389' title='bbox 1055 1465 1097 1493; x_wconf 86' lang='lat' dir='ltr'><strong>fas</strong></span> <span class='ocrx_word' id='word_1_390' title='bbox 1114 1469 1156 1493; x_wconf 87' lang='lat' dir='ltr'><strong>est</strong></span> <span class='ocrx_word' id='word_1_391' title='bbox 1171 1470 1224 1493; x_wconf 86' lang='lat' dir='ltr'><strong>tam</strong></span> <span class='ocrx_word' id='word_1_392' title='bbox 1238 1469 1335 1501; x_wconf 84' lang='lat' dir='ltr'><strong>aperte</strong></span> <span class='ocrx_word' id='word_1_393' title='bbox 1348 1471 1428 1501; x_wconf 90' lang='lat' dir='ltr'><strong>posse</strong></span> <span class='ocrx_word' id='word_1_394' title='bbox 1448 1464 1562 1492; x_wconf 89' lang='lat' dir='ltr'><strong>mentiri</strong></span> <span class='ocrx_word' id='word_1_395' title='bbox 1578 1464 1658 1491; x_wconf 77' lang='lat' dir='ltr'><strong>Rom.</strong></span> <span class='ocrx_word' id='word_1_396' title='bbox 1675 1463 1847 1498; x_wconf 62' lang='lat' dir='ltr'><strong>episcopum.</strong></span> 
     </span>
    </p>
   </div>
   <div class='ocr_carea' id='block_1_61' title="bbox 213 1507 1847 1552">
    <p class='ocr_par' dir='ltr' id='par_1_61' title="bbox 213 1507 1847 1552">
     <span class='ocr_line' id='line_1_61' title="bbox 213 1507 1847 1552; baseline 0 -16"><span class='ocrx_word' id='word_1_397' title='bbox 213 1509 292 1536; x_wconf 85' lang='lat' dir='ltr'><strong>bium</strong></span> <span class='ocrx_word' id='word_1_398' title='bbox 307 1515 360 1542; x_wconf 87' lang='lat' dir='ltr'><strong>est,</strong></span> <span class='ocrx_word' id='word_1_399' title='bbox 378 1510 450 1538; x_wconf 89' lang='lat' dir='ltr'><strong>sicut</strong></span> <span class='ocrx_word' id='word_1_400' title='bbox 465 1510 595 1546; x_wconf 85' lang='lat' dir='ltr'><strong>superius</strong></span> <span class='ocrx_word' id='word_1_401' title='bbox 613 1517 686 1545; x_wconf 85' lang='lat' dir='ltr'><strong>saepe</strong></span> <span class='ocrx_word' id='word_1_402' title='bbox 702 1510 893 1545; x_wconf 89' lang='lat' dir='ltr'><strong>probavimus.</strong></span> <span class='ocrx_word' id='word_1_403' title='bbox 904 1510 1005 1538; x_wconf 88' lang='lat' dir='ltr'><strong>Levius</strong></span> <span class='ocrx_word' id='word_1_404' title='bbox 1018 1521 1040 1552; x_wconf 68' lang='grc' dir='ltr'>α</span> <span class='ocrx_word' id='word_1_405' title='bbox 1056 1512 1130 1539; x_wconf 84' lang='lat' dir='ltr'><strong>Bene</strong></span> <span class='ocrx_word' id='word_1_406' title='bbox 1146 1514 1254 1539; x_wconf 77' lang='lat' dir='ltr'><strong>certum</strong></span> <span class='ocrx_word' id='word_1_407' title='bbox 1270 1516 1313 1539; x_wconf 90' lang='lat' dir='ltr'><strong>est</strong></span> <span class='ocrx_word' id='word_1_408' title='bbox 1323 1511 1455 1539; x_wconf 89' lang='lat' dir='ltr'><strong>omnibus</strong></span> <span class='ocrx_word' id='word_1_409' title='bbox 1468 1511 1563 1539; x_wconf 67' lang='lat' dir='ltr'><strong>Romae</strong></span> <span class='ocrx_word' id='word_1_410' title='bbox 1574 1510 1750 1546; x_wconf 79' lang='lat' dir='ltr'><strong>degentibus,</strong></span> <span class='ocrx_word' id='word_1_411' title='bbox 1772 1507 1847 1544; x_wconf 85' lang='lat' dir='ltr'><strong>quod</strong></span> 
     </span>
    </p>
   </div>
   <div class='ocr_carea' id='block_1_62' title="bbox 213 1556 1007 1592">
    <p class='ocr_par' dir='ltr' id='par_1_62' title="bbox 213 1556 1007 1592">
     <span class='ocr_line' id='line_1_62' title="bbox 213 1556 1007 1592; baseline 0 -9"><span class='ocrx_word' id='word_1_412' title='bbox 213 1556 317 1583; x_wconf 87' lang='lat' dir='ltr'><strong>etenim</strong></span> <span class='ocrx_word' id='word_1_413' title='bbox 334 1561 377 1584; x_wconf 89' lang='lat' dir='ltr'><strong>est</strong></span> <span class='ocrx_word' id='word_1_414' title='bbox 391 1556 542 1592; x_wconf 81' lang='lat' dir='ltr'><strong>cujuslibet</strong></span> <span class='ocrx_word' id='word_1_415' title='bbox 558 1556 680 1583; x_wconf 87' lang='lat' dir='ltr'><strong>hominis</strong></span> <span class='ocrx_word' id='word_1_416' title='bbox 696 1563 779 1591; x_wconf 76' lang='lat' dir='ltr'><strong>quam</strong></span> <span class='ocrx_word' id='word_1_417' title='bbox 797 1556 846 1583; x_wconf 83' lang='lat' dir='ltr'><strong>Dei</strong></span> <span class='ocrx_word' id='word_1_418' title='bbox 869 1564 933 1584; x_wconf 81' lang='lat' dir='ltr'><strong>esse</strong></span> <span class='ocrx_word' id='word_1_419' title='bbox 952 1557 1007 1584; x_wconf 89' lang='lat' dir='ltr'><strong>cri-</strong></span> 
     </span>
    </p>
   </div>
   <div class='ocr_carea' id='block_1_63' title="bbox 212 1601 1007 1629">
    <p class='ocr_par' dir='ltr' id='par_1_63' title="bbox 212 1601 1007 1629">
     <span class='ocr_line' id='line_1_63' title="bbox 212 1601 1007 1629; baseline 0.001 -1"><span class='ocrx_word' id='word_1_420' title='bbox 212 1602 389 1629; x_wconf 85' lang='lat' dir='ltr'><strong>minatorem.</strong></span> <span class='ocrx_word' id='word_1_421' title='bbox 415 1602 456 1629; x_wconf 82' lang='lat' dir='ltr'><strong>An</strong></span> <span class='ocrx_word' id='word_1_422' title='bbox 472 1610 529 1629; x_wconf 90' lang='lat' dir='ltr'><strong>non</strong></span> <span class='ocrx_word' id='word_1_423' title='bbox 546 1605 589 1629; x_wconf 86' lang='lat' dir='ltr'><strong>est</strong></span> <span class='ocrx_word' id='word_1_424' title='bbox 612 1602 748 1629; x_wconf 84' lang='lat' dir='ltr'><strong>adversus</strong></span> <span class='ocrx_word' id='word_1_425' title='bbox 774 1601 862 1629; x_wconf 89' lang='lat' dir='ltr'><strong>Deum</strong></span> <span class='ocrx_word' id='word_1_426' title='bbox 891 1601 1007 1629; x_wconf 90' lang='lat' dir='ltr'><strong>crimina</strong></span> 
     </span>
    </p>
   </div>
   <div class='ocr_carea' id='block_1_64' title="bbox 212 1649 1007 1682">
    <p class='ocr_par' dir='ltr' id='par_1_64' title="bbox 212 1649 1007 1682">
     <span class='ocr_line' id='line_1_64' title="bbox 212 1649 1007 1682; baseline 0.001 -7"><span class='ocrx_word' id='word_1_427' title='bbox 212 1656 321 1680; x_wconf 82' lang='lat' dir='ltr'><strong>serere,</strong></span> <span class='ocrx_word' id='word_1_428' title='bbox 336 1653 365 1676; x_wconf 82' lang='lat' dir='ltr'><strong>et</strong></span> <span class='ocrx_word' id='word_1_429' title='bbox 391 1649 626 1676; x_wconf 85' lang='lat' dir='ltr'><strong>obtrectationum</strong></span> <span class='ocrx_word' id='word_1_430' title='bbox 647 1655 754 1675; x_wconf 84' lang='lat' dir='ltr'><strong>venena</strong></span> <span class='ocrx_word' id='word_1_431' title='bbox 777 1655 957 1682; x_wconf 88' lang='lat' dir='ltr'><strong>componere,</strong></span> <span class='ocrx_word' id='word_1_432' title='bbox 973 1649 1007 1676; x_wconf 87' lang='lat' dir='ltr'><strong>de</strong></span> 
     </span>
    </p>
   </div>
   <div class='ocr_carea' id='block_1_65' title="bbox 213 1692 1008 1730">
    <p class='ocr_par' dir='ltr' id='par_1_65' title="bbox 213 1692 1008 1730">
     <span class='ocr_line' id='line_1_65' title="bbox 213 1692 1008 1730; baseline 0.003 -10"><span class='ocrx_word' id='word_1_433' title='bbox 213 1700 248 1720; x_wconf 87' lang='lat' dir='ltr'><strong>eo</strong></span> <span class='ocrx_word' id='word_1_434' title='bbox 263 1701 325 1728; x_wconf 55' lang='lat' dir='ltr'><strong>quae</strong></span> <span class='ocrx_word' id='word_1_435' title='bbox 340 1694 407 1721; x_wconf 84' lang='lat' dir='ltr'><strong>falsa</strong></span> <span class='ocrx_word' id='word_1_436' title='bbox 420 1697 486 1720; x_wconf 87' lang='lat' dir='ltr'><strong>sunt</strong></span> <span class='ocrx_word' id='word_1_437' title='bbox 501 1692 665 1728; x_wconf 71' lang='lat' dir='ltr'><strong>praedicare,</strong></span> <span class='ocrx_word' id='word_1_438' title='bbox 696 1693 931 1728; x_wconf 85' lang='lat' dir='ltr'><strong>adversariosque</strong></span> <span class='ocrx_word' id='word_1_439' title='bbox 947 1694 1008 1730; x_wconf 86' lang='lat' dir='ltr'><strong>ejus</strong></span> 
     </span>
    </p>
   </div>
   <div class='ocr_carea' id='block_1_66' title="bbox 214 1737 1005 1773">
    <p class='ocr_par' dir='ltr' id='par_1_66' title="bbox 214 1737 1005 1773">
     <span class='ocr_line' id='line_1_66' title="bbox 214 1737 1005 1773; baseline 0.004 -9"><span class='ocrx_word' id='word_1_440' title='bbox 214 1737 384 1765; x_wconf 82' lang='lat' dir='ltr'><strong>defendere?</strong></span> <span class='ocrx_word' id='word_1_441' title='bbox 401 1737 589 1772; x_wconf 81' lang='lat' dir='ltr'><strong>Quis‘_autem</strong></span> <span class='ocrx_word' id='word_1_442' title='bbox 608 1741 664 1764; x_wconf 86' lang='lat' dir='ltr'><strong>tam</strong></span> <span class='ocrx_word' id='word_1_443' title='bbox 684 1738 787 1766; x_wconf 90' lang='lat' dir='ltr'><strong>stultus</strong></span> <span class='ocrx_word' id='word_1_444' title='bbox 811 1743 839 1766; x_wconf 89' lang='lat' dir='ltr'><strong>et</strong></span> <span class='ocrx_word' id='word_1_445' title='bbox 859 1738 947 1766; x_wconf 86' lang='lat' dir='ltr'><strong>hebes</strong></span> <span class='ocrx_word' id='word_1_446' title='bbox 959 1739 1005 1773; x_wconf 87' lang='lat' dir='ltr'><strong>sit,</strong></span> 
     </span>
    </p>
   </div>
   <div class='ocr_carea' id='block_1_67' title="bbox 215 1783 1008 1820">
    <p class='ocr_par' dir='ltr' id='par_1_67' title="bbox 215 1783 1008 1820">
     <span class='ocr_line' id='line_1_67' title="bbox 215 1783 1008 1820; baseline 0.004 -10"><span class='ocrx_word' id='word_1_447' title='bbox 215 1783 264 1818; x_wconf 87' lang='lat' dir='ltr'><strong>qui</strong></span> <span class='ocrx_word' id='word_1_448' title='bbox 277 1791 331 1811; x_wconf 93' lang='lat' dir='ltr'><strong>non</strong></span> <span class='ocrx_word' id='word_1_449' title='bbox 347 1791 411 1811; x_wconf 88' lang='lat' dir='ltr'><strong>eum</strong></span> <span class='ocrx_word' id='word_1_450' title='bbox 431 1783 653 1817; x_wconf 83' lang='lat' dir='ltr'><strong>inobedientem,</strong></span> <span class='ocrx_word' id='word_1_451' title='bbox 674 1784 826 1818; x_wconf 89' lang='lat' dir='ltr'><strong>superbum</strong></span> <span class='ocrx_word' id='word_1_452' title='bbox 841 1789 869 1812; x_wconf 89' lang='lat' dir='ltr'><strong>et</strong></span> <span class='ocrx_word' id='word_1_453' title='bbox 885 1785 1008 1820; x_wconf 58' lang='lat' dir='ltr'><strong>perlinat.</strong></span> 
     </span>
    </p>
   </div>
   <div class='ocr_carea' id='block_1_68' title="bbox 214 1829 1008 1865">
    <p class='ocr_par' dir='ltr' id='par_1_68' title="bbox 214 1829 1008 1865">
     <span class='ocr_line' id='line_1_68' title="bbox 214 1829 1008 1865; baseline 0.004 -9"><span class='ocrx_word' id='word_1_454' title='bbox 214 1837 275 1857; x_wconf 85' lang='lat' dir='ltr'><strong>cem</strong></span> <span class='ocrx_word' id='word_1_455' title='bbox 287 1829 406 1865; x_wconf 73' lang='lat' dir='ltr'><strong>iudicet,</strong></span> <span class='ocrx_word' id='word_1_456' title='bbox 419 1837 501 1864; x_wconf 86' lang='lat' dir='ltr'><strong>quem</strong></span> <span class='ocrx_word' id='word_1_457' title='bbox 515 1829 592 1857; x_wconf 91' lang='lat' dir='ltr'><strong>videt</strong></span> <span class='ocrx_word' id='word_1_458' title='bbox 614 1829 642 1856; x_wconf 92' lang='lat' dir='ltr'><strong>in</strong></span> <span class='ocrx_word' id='word_1_459' title='bbox 665 1830 781 1865; x_wconf 90' lang='lat' dir='ltr'><strong>proprio</strong></span> <span class='ocrx_word' id='word_1_460' title='bbox 796 1838 895 1858; x_wconf 86' lang='lat' dir='ltr'><strong>errore</strong></span> <span class='ocrx_word' id='word_1_461' title='bbox 920 1831 1008 1859; x_wconf 90' lang='lat' dir='ltr'><strong>obsti-</strong></span> 
     </span>
    </p>
   </div>
   <div class='ocr_carea' id='block_1_69' title="bbox 216 1874 1008 1912">
    <p class='ocr_par' dir='ltr' id='par_1_69' title="bbox 216 1874 1008 1912">
     <span class='ocr_line' id='line_1_69' title="bbox 216 1874 1008 1912; baseline 0.003 -10"><span class='ocrx_word' id='word_1_462' title='bbox 216 1879 281 1903; x_wconf 88' lang='lat' dir='ltr'><strong>nate</strong></span> <span class='ocrx_word' id='word_1_463' title='bbox 306 1874 457 1909; x_wconf 86' lang='lat' dir='ltr'><strong>persistere</strong></span> <span class='ocrx_word' id='word_1_464' title='bbox 471 1895 478 1907; x_wconf 92' lang='lat'><strong>,</strong></span> <span class='ocrx_word' id='word_1_465' title='bbox 508 1879 537 1902; x_wconf 91' lang='lat' dir='ltr'><strong>et</strong></span> <span class='ocrx_word' id='word_1_466' title='bbox 564 1874 713 1902; x_wconf 87' lang='lat' dir='ltr'><strong>catholicis</strong></span> <span class='ocrx_word' id='word_1_467' title='bbox 733 1875 808 1903; x_wconf 89' lang='lat' dir='ltr'><strong>nolle</strong></span> <span class='ocrx_word' id='word_1_468' title='bbox 829 1876 1008 1912; x_wconf 76' lang='lat' dir='ltr'><strong>dogmatibus</strong></span> 
     </span>
    </p>
   </div>
   <div class='ocr_carea' id='block_1_70' title="bbox 217 1921 1008 1956">
    <p class='ocr_par' dir='ltr' id='par_1_70' title="bbox 217 1921 1008 1956">
     <span class='ocr_line' id='line_1_70' title="bbox 217 1921 1008 1956; baseline 0.001 -8"><span class='ocrx_word' id='word_1_469' title='bbox 217 1921 336 1948; x_wconf 86' lang='lat' dir='ltr'><strong>cedere?</strong></span> <span class='ocrx_word' id='word_1_470' title='bbox 351 1921 407 1948; x_wconf 86' lang='lat' dir='ltr'><strong>Aut</strong></span> <span class='ocrx_word' id='word_1_471' title='bbox 422 1921 485 1956; x_wconf 84' lang='lat' dir='ltr'><strong>quis</strong></span> <span class='ocrx_word' id='word_1_472' title='bbox 509 1929 566 1949; x_wconf 87' lang='lat' dir='ltr'><strong>non</strong></span> <span class='ocrx_word' id='word_1_473' title='bbox 596 1928 661 1948; x_wconf 90' lang='lat' dir='ltr'><strong>eum</strong></span> <span class='ocrx_word' id='word_1_474' title='bbox 677 1921 771 1956; x_wconf 90' lang='lat' dir='ltr'><strong>potius</strong></span> <span class='ocrx_word' id='word_1_475' title='bbox 788 1926 866 1949; x_wconf 86' lang='lat' dir='ltr'><strong>certo</strong></span> <span class='ocrx_word' id='word_1_476' title='bbox 891 1926 921 1950; x_wconf 88' lang='lat' dir='ltr'><strong>et</strong></span> <span class='ocrx_word' id='word_1_477' title='bbox 940 1930 1008 1950; x_wconf 87' lang='lat' dir='ltr'><strong>vero</strong></span> 
     </span>
    </p>
   </div>
   <div class='ocr_carea' id='block_1_71' title="bbox 214 1967 1008 2003">
    <p class='ocr_par' dir='ltr' id='par_1_71' title="bbox 214 1967 1008 2003">
     <span class='ocr_line' id='line_1_71' title="bbox 214 1967 1008 2003; baseline 0.003 -9"><span class='ocrx_word' id='word_1_478' title='bbox 214 1967 321 2003; x_wconf 85' lang='lat' dir='ltr'><strong>judicio</strong></span> <span class='ocrx_word' id='word_1_479' title='bbox 333 1967 488 1996; x_wconf 84' lang='lat' dir='ltr'><strong>seditiones</strong></span> <span class='ocrx_word' id='word_1_480' title='bbox 501 1972 623 2000; x_wconf 72' lang='lat' dir='ltr'><strong>struere,</strong></span> <span class='ocrx_word' id='word_1_481' title='bbox 649 1973 678 1997; x_wconf 83' lang='lat' dir='ltr'><strong>et</strong></span> <span class='ocrx_word' id='word_1_482' title='bbox 708 1968 842 1996; x_wconf 86' lang='lat' dir='ltr'><strong>invidiam</strong></span> <span class='ocrx_word' id='word_1_483' title='bbox 865 1969 1008 1997; x_wconf 87' lang='lat' dir='ltr'><strong>concitare</strong></span> 
     </span>
    </p>
   </div>
   <div class='ocr_carea' id='block_1_72' title="bbox 216 2014 1009 2050">
    <p class='ocr_par' dir='ltr' id='par_1_72' title="bbox 216 2014 1009 2050">
     <span class='ocr_line' id='line_1_72' title="bbox 216 2014 1009 2050; baseline 0.004 -11"><span class='ocrx_word' id='word_1_484' title='bbox 216 2017 324 2048; x_wconf 71' lang='lat' dir='ltr'><strong>arguat,</strong></span> <span class='ocrx_word' id='word_1_485' title='bbox 337 2021 420 2048; x_wconf 89' lang='lat' dir='ltr'><strong>quem</strong></span> <span class='ocrx_word' id='word_1_486' title='bbox 430 2014 567 2049; x_wconf 84' lang='lat' dir='ltr'><strong>perspicit</strong></span> <span class='ocrx_word' id='word_1_487' title='bbox 582 2015 719 2043; x_wconf 80' lang='lat' dir='ltr'><strong>adversus</strong></span> <span class='ocrx_word' id='word_1_488' title='bbox 729 2014 888 2043; x_wconf 82' lang='lat' dir='ltr'><strong>Catholicos</strong></span> <span class='ocrx_word' id='word_1_489' title='bbox 913 2015 1009 2050; x_wconf 87' lang='lat' dir='ltr'><strong>iniqua</strong></span> 
     </span>
    </p>
   </div>
   <div class='ocr_carea' id='block_1_73' title="bbox 218 2058 1008 2097">
    <p class='ocr_par' dir='ltr' id='par_1_73' title="bbox 218 2058 1008 2097">
     <span class='ocr_line' id='line_1_73' title="bbox 218 2058 1008 2097; baseline 0.004 -11"><span class='ocrx_word' id='word_1_490' title='bbox 218 2058 337 2086; x_wconf 81' lang='lat' dir='ltr'><strong>dilatare</strong></span> <span class='ocrx_word' id='word_1_491' title='bbox 354 2059 514 2088; x_wconf 83' lang='lat' dir='ltr'><strong>mendacia?</strong></span> <span class='ocrx_word' id='word_1_492' title='bbox 525 2060 669 2094; x_wconf 88' lang='lat' dir='ltr'><strong>Quomodo</strong></span> <span class='ocrx_word' id='word_1_493' title='bbox 680 2066 773 2089; x_wconf 86' lang='lat' dir='ltr'><strong>autem</strong></span> <span class='ocrx_word' id='word_1_494' title='bbox 799 2069 853 2089; x_wconf 92' lang='lat' dir='ltr'><strong>non</strong></span> <span class='ocrx_word' id='word_1_495' title='bbox 870 2062 1008 2097; x_wconf 80' lang='lat' dir='ltr'><strong>integrum</strong></span> 
     </span>
    </p>
   </div>
   <div class='ocr_carea' id='block_1_74' title="bbox 217 2105 1007 2143">
    <p class='ocr_par' dir='ltr' id='par_1_74' title="bbox 217 2105 1007 2143">
     <span class='ocr_line' id='line_1_74' title="bbox 217 2105 1007 2143; baseline 0.004 -11"><span class='ocrx_word' id='word_1_496' title='bbox 217 2105 352 2133; x_wconf 71' lang='lat' dir='ltr'><strong>Ecclesia:</strong></span> <span class='ocrx_word' id='word_1_497' title='bbox 369 2114 471 2140; x_wconf 89' lang='lat' dir='ltr'><strong>corpus</strong></span> <span class='ocrx_word' id='word_1_498' title='bbox 485 2107 578 2135; x_wconf 85' lang='lat' dir='ltr'><strong>odisse</strong></span> <span class='ocrx_word' id='word_1_499' title='bbox 592 2107 632 2134; x_wconf 92' lang='lat' dir='ltr'><strong>illi</strong></span> <span class='ocrx_word' id='word_1_500' title='bbox 652 2107 900 2143; x_wconf 86' lang='lat' dir='ltr'><strong>potiusjudicandi</strong></span> <span class='ocrx_word' id='word_1_501' title='bbox 931 2112 1007 2142; x_wconf 87' lang='lat' dir='ltr'><strong>sunt,</strong></span> 
     </span>
    </p>
   </div>
   <div class='ocr_carea' id='block_1_75' title="bbox 217 2151 1009 2189">
    <p class='ocr_par' dir='ltr' id='par_1_75' title="bbox 217 2151 1009 2189">
     <span class='ocr_line' id='line_1_75' title="bbox 217 2151 1009 2189; baseline 0.004 -11"><span class='ocrx_word' id='word_1_502' title='bbox 217 2151 265 2186; x_wconf 90' lang='lat' dir='ltr'><strong>qui</strong></span> <span class='ocrx_word' id='word_1_503' title='bbox 281 2152 405 2186; x_wconf 73' lang='lat' dir='ltr'><strong>perﬁdiae</strong></span> <span class='ocrx_word' id='word_1_504' title='bbox 420 2160 477 2179; x_wconf 78' lang='lat' dir='ltr'><strong>suae</strong></span> <span class='ocrx_word' id='word_1_505' title='bbox 488 2161 597 2180; x_wconf 85' lang='lat' dir='ltr'><strong>venena</strong></span> <span class='ocrx_word' id='word_1_506' title='bbox 611 2153 640 2180; x_wconf 90' lang='lat' dir='ltr'><strong>in</strong></span> <span class='ocrx_word' id='word_1_507' title='bbox 651 2154 712 2189; x_wconf 89' lang='lat' dir='ltr'><strong>ejus</strong></span> <span class='ocrx_word' id='word_1_508' title='bbox 735 2153 860 2180; x_wconf 85' lang='lat' dir='ltr'><strong>membra</strong></span> <span class='ocrx_word' id='word_1_509' title='bbox 871 2158 1009 2181; x_wconf 86' lang='lat' dir='ltr'><strong>conantur</strong></span> 
     </span>
    </p>
   </div>
   <div class='ocr_carea' id='block_1_76' title="bbox 216 2192 1046 2236">
    <p class='ocr_par' dir='ltr' id='par_1_76' title="bbox 216 2192 1046 2236">
     <span class='ocr_line' id='line_1_76' title="bbox 216 2192 1046 2236; baseline 0.006 -12"><span class='ocrx_word' id='word_1_510' title='bbox 216 2198 386 2230; x_wconf 82' lang='lat' dir='ltr'><strong>diﬂ‘undere,</strong></span> <span class='ocrx_word' id='word_1_511' title='bbox 415 2205 503 2233; x_wconf 89' lang='lat' dir='ltr'><strong>eaque</strong></span> <span class='ocrx_word' id='word_1_512' title='bbox 519 2206 534 2226; x_wconf 94' lang='lat' dir='ltr'><strong>a</strong></span> <span class='ocrx_word' id='word_1_513' title='bbox 551 2200 664 2234; x_wconf 88' lang='lat' dir='ltr'><strong>propria</strong></span> <span class='ocrx_word' id='word_1_514' title='bbox 677 2204 706 2227; x_wconf 90' lang='lat' dir='ltr'><strong>et</strong></span> <span class='ocrx_word' id='word_1_515' title='bbox 731 2200 879 2227; x_wconf 88' lang='lat' dir='ltr'><strong>salutifera</strong></span> <span class='ocrx_word' id='word_1_516' title='bbox 896 2201 1006 2236; x_wconf 88' lang='lat' dir='ltr'><strong>profcs-</strong></span> <span class='ocrx_word' id='word_1_517' title='bbox 1023 2192 1046 2220; x_wconf 77' lang='lat' dir='ltr'><strong>D</strong></span> 
     </span>
    </p>
   </div>
   <div class='ocr_carea' id='block_1_77' title="bbox 216 2245 1003 2281">
    <p class='ocr_par' dir='ltr' id='par_1_77' title="bbox 216 2245 1003 2281">
     <span class='ocr_line' id='line_1_77' title="bbox 216 2245 1003 2281; baseline 0.003 -8"><span class='ocrx_word' id='word_1_518' title='bbox 216 2245 294 2273; x_wconf 68' lang='lat' dir='ltr'><strong>sione</strong></span> <span class='ocrx_word' id='word_1_519' title='bbox 311 2245 457 2272; x_wconf 84' lang='lat' dir='ltr'><strong>avertere?</strong></span> <span class='ocrx_word' id='word_1_520' title='bbox 470 2246 545 2280; x_wconf 91' lang='lat' dir='ltr'><strong>quod</strong></span> <span class='ocrx_word' id='word_1_521' title='bbox 562 2249 589 2272; x_wconf 86' lang='lat' dir='ltr'><strong>te</strong></span> <span class='ocrx_word' id='word_1_522' title='bbox 603 2249 632 2273; x_wconf 91' lang='lat' dir='ltr'><strong>et</strong></span> <span class='ocrx_word' id='word_1_523' title='bbox 644 2253 741 2273; x_wconf 90' lang='lat' dir='ltr'><strong>omnes</strong></span> <span class='ocrx_word' id='word_1_524' title='bbox 752 2246 800 2281; x_wconf 88' lang='lat' dir='ltr'><strong>qui</strong></span> <span class='ocrx_word' id='word_1_525' title='bbox 819 2246 870 2274; x_wconf 87' lang='lat' dir='ltr'><strong>tibi</strong></span> <span class='ocrx_word' id='word_1_526' title='bbox 883 2255 1003 2275; x_wconf 91' lang='lat' dir='ltr'><strong>consen-</strong></span> 
     </span>
    </p>
   </div>
   <div class='ocr_carea' id='block_1_78' title="bbox 218 2290 1007 2328">
    <p class='ocr_par' dir='ltr' id='par_1_78' title="bbox 218 2290 1007 2328">
     <span class='ocr_line' id='line_1_78' title="bbox 218 2290 1007 2328; baseline 0.006 -11"><span class='ocrx_word' id='word_1_527' title='bbox 218 2290 292 2317; x_wconf 82' lang='lat' dir='ltr'><strong>tiunt</strong></span> <span class='ocrx_word' id='word_1_528' title='bbox 314 2290 429 2326; x_wconf 87' lang='lat' dir='ltr'><strong>implere</strong></span> <span class='ocrx_word' id='word_1_529' title='bbox 451 2292 524 2319; x_wconf 83' lang='lat' dir='ltr'><strong>velle</strong></span> <span class='ocrx_word' id='word_1_530' title='bbox 555 2299 610 2319; x_wconf 90' lang='lat' dir='ltr'><strong>non</strong></span> <span class='ocrx_word' id='word_1_531' title='bbox 629 2291 747 2319; x_wconf 91' lang='lat' dir='ltr'><strong>dubium</strong></span> <span class='ocrx_word' id='word_1_532' title='bbox 764 2296 817 2325; x_wconf 90' lang='lat' dir='ltr'><strong>est,</strong></span> <span class='ocrx_word' id='word_1_533' title='bbox 844 2293 892 2328; x_wconf 91' lang='lat' dir='ltr'><strong>qui</strong></span> <span class='ocrx_word' id='word_1_534' title='bbox 907 2294 1007 2322; x_wconf 90' lang='lat' dir='ltr'><strong>callida</strong></span> 
     </span>
    </p>
   </div>
   <div class='ocr_carea' id='block_1_79' title="bbox 218 2336 1009 2372">
    <p class='ocr_par' dir='ltr' id='par_1_79' title="bbox 218 2336 1009 2372">
     <span class='ocr_line' id='line_1_79' title="bbox 218 2336 1009 2372; baseline 0.006 -9"><span class='ocrx_word' id='word_1_535' title='bbox 218 2336 451 2372; x_wconf 72' lang='lat' dir='ltr'><strong>tergiversatione</strong></span> <span class='ocrx_word' id='word_1_536' title='bbox 479 2337 621 2365; x_wconf 86' lang='lat' dir='ltr'><strong>Christum</strong></span> <span class='ocrx_word' id='word_1_537' title='bbox 646 2337 749 2365; x_wconf 87' lang='lat' dir='ltr'><strong>Filium</strong></span> <span class='ocrx_word' id='word_1_538' title='bbox 766 2346 853 2366; x_wconf 92' lang='lat' dir='ltr'><strong>unum</strong></span> <span class='ocrx_word' id='word_1_539' title='bbox 874 2347 930 2367; x_wconf 91' lang='lat' dir='ltr'><strong>non</strong></span> <span class='ocrx_word' id='word_1_540' title='bbox 947 2348 1009 2369; x_wconf 87' lang='lat' dir='ltr'><strong>esse</strong></span> 
     </span>
    </p>
   </div>
   <div class='ocr_carea' id='block_1_80' title="bbox 217 2382 1010 2419">
    <p class='ocr_par' dir='ltr' id='par_1_80' title="bbox 217 2382 1010 2419">
     <span class='ocr_line' id='line_1_80' title="bbox 217 2382 1010 2419; baseline 0.006 -10"><span class='ocrx_word' id='word_1_541' title='bbox 217 2389 253 2410; x_wconf 82' lang='lat' dir='ltr'><strong>ex</strong></span> <span class='ocrx_word' id='word_1_542' title='bbox 269 2382 406 2410; x_wconf 87' lang='lat' dir='ltr'><strong>Trinitate</strong></span> <span class='ocrx_word' id='word_1_543' title='bbox 425 2383 579 2419; x_wconf 62' lang='lat' dir='ltr'><strong>praedicare</strong></span> <span class='ocrx_word' id='word_1_544' title='bbox 599 2383 782 2411; x_wconf 86' lang='lat' dir='ltr'><strong>contenditis.</strong></span> <span class='ocrx_word' id='word_1_545' title='bbox 811 2385 938 2413; x_wconf 84' lang='lat' dir='ltr'><strong>Monachi</strong></span> <span class='ocrx_word' id='word_1_546' title='bbox 961 2395 1010 2414; x_wconf 90' lang='lat' dir='ltr'><strong>au-</strong></span> 
     </span>
    </p>
   </div>
   <div class='ocr_carea' id='block_1_81' title="bbox 219 2429 1008 2464">
    <p class='ocr_par' dir='ltr' id='par_1_81' title="bbox 219 2429 1008 2464">
     <span class='ocr_line' id='line_1_81' title="bbox 219 2429 1008 2464; baseline 0.006 -8"><span class='ocrx_word' id='word_1_547' title='bbox 219 2433 286 2461; x_wconf 69' lang='lat' dir='ltr'><strong>tem,</strong></span> <span class='ocrx_word' id='word_1_548' title='bbox 305 2437 376 2464; x_wconf 90' lang='lat' dir='ltr'><strong>quos</strong></span> <span class='ocrx_word' id='word_1_549' title='bbox 396 2429 490 2464; x_wconf 84' lang='lat' dir='ltr'><strong>inique</strong></span> <span class='ocrx_word' id='word_1_550' title='bbox 504 2430 620 2463; x_wconf 81' lang='lat' dir='ltr'><strong>laceras,</strong></span> <span class='ocrx_word' id='word_1_551' title='bbox 636 2430 671 2457; x_wconf 88' lang='lat' dir='ltr'><strong>&#39;in</strong></span> <span class='ocrx_word' id='word_1_552' title='bbox 689 2434 797 2458; x_wconf 91' lang='lat' dir='ltr'><strong>tantum</strong></span> <span class='ocrx_word' id='word_1_553' title='bbox 822 2431 856 2458; x_wconf 90' lang='lat' dir='ltr'><strong>ab</strong></span> <span class='ocrx_word' id='word_1_554' title='bbox 878 2432 931 2460; x_wconf 89' lang='lat' dir='ltr'><strong>hoc</strong></span> <span class='ocrx_word' id='word_1_555' title='bbox 951 2435 1008 2462; x_wconf 88' lang='lat' dir='ltr'><strong>cri-</strong></span> 
     </span>
    </p>
   </div>
   <div class='ocr_carea' id='block_1_82' title="bbox 219 2475 1008 2514">
    <p class='ocr_par' dir='ltr' id='par_1_82' title="bbox 219 2475 1008 2514">
     <span class='ocr_line' id='line_1_82' title="bbox 219 2475 1008 2514; baseline 0.008 -12"><span class='ocrx_word' id='word_1_556' title='bbox 219 2475 295 2502; x_wconf 88' lang='lat' dir='ltr'><strong>mine</strong></span> <span class='ocrx_word' id='word_1_557' title='bbox 313 2476 398 2507; x_wconf 87' lang='lat' dir='ltr'><strong>alieni</strong></span> <span class='ocrx_word' id='word_1_558' title='bbox 411 2481 486 2509; x_wconf 90' lang='lat' dir='ltr'><strong>sunt,</strong></span> <span class='ocrx_word' id='word_1_559' title='bbox 505 2481 536 2504; x_wconf 87' lang='lat' dir='ltr'><strong>ut</strong></span> <span class='ocrx_word' id='word_1_560' title='bbox 550 2485 695 2512; x_wconf 91' lang='lat' dir='ltr'><strong>nunquam</strong></span> <span class='ocrx_word' id='word_1_561' title='bbox 709 2486 760 2513; x_wconf 89' lang='lat' dir='ltr'><strong>per</strong></span> <span class='ocrx_word' id='word_1_562' title='bbox 786 2478 835 2506; x_wconf 82' lang='lat' dir='ltr'><strong>Dei</strong></span> <span class='ocrx_word' id='word_1_563' title='bbox 859 2480 977 2514; x_wconf 77' lang='lat' dir='ltr'><strong>gratiam</strong></span> <span class='ocrx_word' id='word_1_564' title='bbox 994 2489 1008 2509; x_wconf 92' lang='lat' dir='ltr'><strong>a</strong></span> 
     </span>
    </p>
   </div>
   <div class='ocr_carea' id='block_1_83' title="bbox 219 2522 1008 2557">
    <p class='ocr_par' dir='ltr' id='par_1_83' title="bbox 219 2522 1008 2557">
     <span class='ocr_line' id='line_1_83' title="bbox 219 2522 1008 2557; baseline 0.009 -9"><span class='ocrx_word' id='word_1_565' title='bbox 219 2522 358 2551; x_wconf 87' lang='lat' dir='ltr'><strong>catholica</strong></span> <span class='ocrx_word' id='word_1_566' title='bbox 371 2523 568 2551; x_wconf 90' lang='lat' dir='ltr'><strong>communione</strong></span> <span class='ocrx_word' id='word_1_567' title='bbox 585 2523 778 2557; x_wconf 88' lang='lat' dir='ltr'><strong>discesserint,</strong></span> <span class='ocrx_word' id='word_1_568' title='bbox 794 2525 860 2553; x_wconf 90' lang='lat' dir='ltr'><strong>licet</strong></span> <span class='ocrx_word' id='word_1_569' title='bbox 883 2526 917 2554; x_wconf 92' lang='lat' dir='ltr'><strong>ad</strong></span> <span class='ocrx_word' id='word_1_570' title='bbox 938 2531 1008 2555; x_wconf 90' lang='lat' dir='ltr'><strong>tem-</strong></span> 
     </span>
    </p>
   </div>
   <div class='ocr_carea' id='block_1_84' title="bbox 220 2569 1010 2608">
    <p class='ocr_par' dir='ltr' id='par_1_84' title="bbox 220 2569 1010 2608">
     <span class='ocr_line' id='line_1_84' title="bbox 220 2569 1010 2608; baseline 0.009 -13"><span class='ocrx_word' id='word_1_571' title='bbox 220 2576 283 2604; x_wconf 89' lang='lat' dir='ltr'><strong>pus,</strong></span> <span class='ocrx_word' id='word_1_572' title='bbox 309 2569 443 2597; x_wconf 85' lang='lat' dir='ltr'><strong>nonnulla</strong></span> <span class='ocrx_word' id='word_1_573' title='bbox 471 2570 594 2598; x_wconf 87' lang='lat' dir='ltr'><strong>secunda</strong></span> <span class='ocrx_word' id='word_1_574' title='bbox 608 2570 636 2598; x_wconf 91' lang='lat' dir='ltr'><strong>in</strong></span> <span class='ocrx_word' id='word_1_575' title='bbox 655 2571 778 2599; x_wconf 88' lang='lat' dir='ltr'><strong>Orientis</strong></span> <span class='ocrx_word' id='word_1_576' title='bbox 795 2572 920 2607; x_wconf 87' lang='lat' dir='ltr'><strong>partibus</strong></span> <span class='ocrx_word' id='word_1_577' title='bbox 935 2578 1010 2608; x_wconf 70' lang='lat' dir='ltr'><strong>orla,</strong></span> 
     </span>
    </p>
   </div>
   <div class='ocr_carea' id='block_1_85' title="bbox 219 2614 891 2646">
    <p class='ocr_par' dir='ltr' id='par_1_85' title="bbox 219 2614 891 2646">
     <span class='ocr_line' id='line_1_85' title="bbox 219 2614 891 2646; baseline 0.006 -4"><span class='ocrx_word' id='word_1_578' title='bbox 219 2614 446 2643; x_wconf 88' lang='lat' dir='ltr'><strong>Occidentalibus</strong></span> <span class='ocrx_word' id='word_1_579' title='bbox 460 2615 595 2644; x_wconf 89' lang='lat' dir='ltr'><strong>Ecclesiis</strong></span> <span class='ocrx_word' id='word_1_580' title='bbox 608 2618 891 2646; x_wconf 87' lang='lat' dir='ltr'><strong>communicaverint.</strong></span> 
     </span>
    </p>
   </div>
   <div class='ocr_carea' id='block_1_86' title="bbox 255 2661 1011 2700">
    <p class='ocr_par' dir='ltr' id='par_1_86' title="bbox 255 2661 1011 2700">
     <span class='ocr_line' id='line_1_86' title="bbox 255 2661 1011 2700; baseline 0.009 -13"><span class='ocrx_word' id='word_1_581' title='bbox 255 2661 355 2689; x_wconf 84' lang='lat' dir='ltr'><strong>Adhuc</strong></span> <span class='ocrx_word' id='word_1_582' title='bbox 372 2668 438 2688; x_wconf 82' lang='lat' dir='ltr'><strong>sane</strong></span> <span class='ocrx_word' id='word_1_583' title='bbox 454 2669 509 2689; x_wconf 92' lang='lat' dir='ltr'><strong>non</strong></span> <span class='ocrx_word' id='word_1_584' title='bbox 533 2663 727 2696; x_wconf 89' lang='lat' dir='ltr'><strong>confunderis,</strong></span> <span class='ocrx_word' id='word_1_585' title='bbox 758 2664 807 2692; x_wconf 89' lang='lat' dir='ltr'><strong>sed</strong></span> <span class='ocrx_word' id='word_1_586' title='bbox 825 2665 1011 2700; x_wconf 81' lang='lat' dir='ltr'><strong>impudentis-</strong></span> 
     </span>
    </p>
   </div>
   <div class='ocr_carea' id='block_1_87' title="bbox 220 2707 1011 2746">
    <p class='ocr_par' dir='ltr' id='par_1_87' title="bbox 220 2707 1011 2746">
     <span class='ocr_line' id='line_1_87' title="bbox 220 2707 1011 2746; baseline 0.008 -11"><span class='ocrx_word' id='word_1_587' title='bbox 220 2707 290 2735; x_wconf 78' lang='lat' dir='ltr'><strong>sima</strong></span> <span class='ocrx_word' id='word_1_588' title='bbox 301 2707 392 2735; x_wconf 88' lang='lat' dir='ltr'><strong>fronte</strong></span> <span class='ocrx_word' id='word_1_589' title='bbox 409 2708 537 2742; x_wconf 91' lang='lat' dir='ltr'><strong>sequeris</strong></span> <span class='ocrx_word' id='word_1_590' title='bbox 550 2709 676 2737; x_wconf 88' lang='lat' dir='ltr'><strong>etdicis:</strong></span> <span class='ocrx_word' id='word_1_591' title='bbox 693 2719 702 2735; x_wconf 74' lang='grc' dir='ltr'><strong><em>ι</em></strong></span> <span class='ocrx_word' id='word_1_592' title='bbox 712 2709 772 2738; x_wconf 90' lang='lat' dir='ltr'><strong>Non</strong></span> <span class='ocrx_word' id='word_1_593' title='bbox 791 2711 934 2746; x_wconf 89' lang='lat' dir='ltr'><strong>potuimus</strong></span> <span class='ocrx_word' id='word_1_594' title='bbox 948 2713 1011 2742; x_wconf 80' lang='lat' dir='ltr'><strong>illos</strong></span> 
     </span>
    </p>
   </div>
   <div class='ocr_carea' id='block_1_88' title="bbox 220 2751 1009 2787">
    <p class='ocr_par' dir='ltr' id='par_1_88' title="bbox 220 2751 1009 2787">
     <span class='ocr_line' id='line_1_88' title="bbox 220 2751 1009 2787; baseline 0.011 -9"><span class='ocrx_word' id='word_1_595' title='bbox 220 2751 346 2785; x_wconf 83' lang='lat' dir='ltr'><strong>monitis,</strong></span> <span class='ocrx_word' id='word_1_596' title='bbox 363 2759 418 2779; x_wconf 86' lang='lat' dir='ltr'><strong>non</strong></span> <span class='ocrx_word' id='word_1_597' title='bbox 434 2754 659 2787; x_wconf 87' lang='lat' dir='ltr'><strong>mansuetudine,</strong></span> <span class='ocrx_word' id='word_1_598' title='bbox 676 2764 730 2783; x_wconf 91' lang='lat' dir='ltr'><strong>non</strong></span> <span class='ocrx_word' id='word_1_599' title='bbox 743 2757 911 2786; x_wconf 88' lang='lat' dir='ltr'><strong>auctoritate</strong></span> <span class='ocrx_word' id='word_1_600' title='bbox 930 2765 1009 2787; x_wconf 90' lang='lat' dir='ltr'><strong>com-</strong></span> 
     </span>
    </p>
   </div>
   <div class='ocr_carea' id='block_1_89' title="bbox 259 2837 460 2876">
    <p class='ocr_par' dir='ltr' id='par_1_89' title="bbox 259 2837 460 2876">
     <span class='ocr_line' id='line_1_89' title="bbox 259 2837 460 2876; baseline 0.01 -8"><span class='ocrx_word' id='word_1_601' title='bbox 259 2837 281 2853; x_wconf 79' lang='lat'>&quot;</span> <span class='ocrx_word' id='word_1_602' title='bbox 292 2841 371 2869; x_wconf 71' lang='lat' dir='ltr'><strong>item.</strong></span> <span class='ocrx_word' id='word_1_603' title='bbox 385 2850 423 2876; x_wconf 84' lang='lat' dir='ltr'><strong>lx,</strong></span> <span class='ocrx_word' id='word_1_604' title='bbox 434 2842 460 2870; x_wconf 88' lang='lat'><strong>5.</strong></span> 
     </span>
    </p>
   </div>
   <div class='ocr_carea' id='block_1_90' title="bbox 1059 1557 1848 1593">
    <p class='ocr_par' dir='ltr' id='par_1_90' title="bbox 1059 1557 1848 1593">
     <span class='ocr_line' id='line_1_90' title="bbox 1059 1557 1848 1593; baseline -0.004 -8"><span class='ocrx_word' id='word_1_605' title='bbox 1059 1558 1110 1593; x_wconf 92' lang='lat' dir='ltr'><strong>ipsi</strong></span> <span class='ocrx_word' id='word_1_606' title='bbox 1127 1557 1257 1585; x_wconf 86' lang='lat' dir='ltr'><strong>monachi</strong></span> <span class='ocrx_word' id='word_1_607' title='bbox 1273 1558 1307 1586; x_wconf 91' lang='lat' dir='ltr'><strong>de</strong></span> <span class='ocrx_word' id='word_1_608' title='bbox 1334 1558 1379 1586; x_wconf 92' lang='lat' dir='ltr'><strong>his</strong></span> <span class='ocrx_word' id='word_1_609' title='bbox 1394 1565 1456 1593; x_wconf 73' lang='lat' dir='ltr'><strong>qua:</strong></span> <span class='ocrx_word' id='word_1_610' title='bbox 1480 1557 1553 1585; x_wconf 83' lang='lat' dir='ltr'><strong>circa</strong></span> <span class='ocrx_word' id='word_1_611' title='bbox 1576 1563 1606 1584; x_wconf 85' lang='lat' dir='ltr'><strong>se</strong></span> <span class='ocrx_word' id='word_1_612' title='bbox 1620 1561 1681 1584; x_wconf 86' lang='lat' dir='ltr'><strong>acta</strong></span> <span class='ocrx_word' id='word_1_613' title='bbox 1693 1559 1769 1588; x_wconf 90' lang='lat' dir='ltr'><strong>sunt,</strong></span> <span class='ocrx_word' id='word_1_614' title='bbox 1791 1560 1848 1582; x_wconf 90' lang='lat' dir='ltr'><strong>tam</strong></span> 
     </span>
    </p>
   </div>
   <div class='ocr_carea' id='block_1_91' title="bbox 1057 1601 1850 1639">
    <p class='ocr_par' dir='ltr' id='par_1_91' title="bbox 1057 1601 1850 1639">
     <span class='ocr_line' id='line_1_91' title="bbox 1057 1601 1850 1639; baseline -0.005 -8"><span class='ocrx_word' id='word_1_615' title='bbox 1057 1607 1212 1631; x_wconf 77' lang='lat' dir='ltr'><strong>memorato</strong></span> <span class='ocrx_word' id='word_1_616' title='bbox 1226 1603 1358 1639; x_wconf 87' lang='lat' dir='ltr'><strong>episcopo</strong></span> <span class='ocrx_word' id='word_1_617' title='bbox 1373 1609 1456 1638; x_wconf 89' lang='lat' dir='ltr'><strong>quam</strong></span> <span class='ocrx_word' id='word_1_618' title='bbox 1478 1602 1563 1630; x_wconf 87' lang='lat' dir='ltr'><strong>etiam</strong></span> <span class='ocrx_word' id='word_1_619' title='bbox 1584 1601 1772 1634; x_wconf 88' lang='lat' dir='ltr'><strong>senatoribus,</strong></span> <span class='ocrx_word' id='word_1_620' title='bbox 1796 1606 1850 1628; x_wconf 87' lang='lat' dir='ltr'><strong>nec</strong></span> 
     </span>
    </p>
   </div>
   <div class='ocr_carea' id='block_1_92' title="bbox 1058 1647 1849 1683">
    <p class='ocr_par' dir='ltr' id='par_1_92' title="bbox 1058 1647 1849 1683">
     <span class='ocr_line' id='line_1_92' title="bbox 1058 1647 1849 1683; baseline -0.005 -7"><span class='ocrx_word' id='word_1_621' title='bbox 1058 1657 1114 1676; x_wconf 90' lang='lat' dir='ltr'><strong>non</strong></span> <span class='ocrx_word' id='word_1_622' title='bbox 1127 1649 1266 1677; x_wconf 70' lang='lat' dir='ltr'><strong>universae</strong></span> <span class='ocrx_word' id='word_1_623' title='bbox 1292 1649 1424 1676; x_wconf 78' lang='lat' dir='ltr'><strong>Ecclesia:</strong></span> <span class='ocrx_word' id='word_1_624' title='bbox 1452 1647 1565 1683; x_wconf 87' lang='lat' dir='ltr'><strong>scriptis</strong></span> <span class='ocrx_word' id='word_1_625' title='bbox 1591 1650 1748 1675; x_wconf 79' lang='lat' dir='ltr'><strong>contestata</strong></span> <span class='ocrx_word' id='word_1_626' title='bbox 1771 1647 1849 1672; x_wconf 79' lang='lat' dir='ltr'><strong>sunt.</strong></span> 
     </span>
    </p>
   </div>
   <div class='ocr_carea' id='block_1_93' title="bbox 1058 1690 1848 1728">
    <p class='ocr_par' dir='ltr' id='par_1_93' title="bbox 1058 1690 1848 1728">
     <span class='ocr_line' id='line_1_93' title="bbox 1058 1690 1848 1728; baseline -0.005 -7"><span class='ocrx_word' id='word_1_627' title='bbox 1058 1694 1184 1721; x_wconf 81' lang='lat' dir='ltr'><strong>Humana</strong></span> <span class='ocrx_word' id='word_1_628' title='bbox 1195 1701 1315 1728; x_wconf 88' lang='lat' dir='ltr'><strong>namque</strong></span> <span class='ocrx_word' id='word_1_629' title='bbox 1333 1693 1486 1720; x_wconf 89' lang='lat' dir='ltr'><strong>tentatione</strong></span> <span class='ocrx_word' id='word_1_630' title='bbox 1500 1696 1659 1728; x_wconf 67' lang='lat' dir='ltr'><strong>praeventus</strong></span> <span class='ocrx_word' id='word_1_631' title='bbox 1674 1691 1749 1719; x_wconf 89' lang='lat' dir='ltr'><strong>idem</strong></span> <span class='ocrx_word' id='word_1_632' title='bbox 1765 1690 1848 1718; x_wconf 79' lang='lat' dir='ltr'><strong>Rom.</strong></span> 
     </span>
    </p>
   </div>
   <div class='ocr_carea' id='block_1_94' title="bbox 1057 1737 1850 1775">
    <p class='ocr_par' dir='ltr' id='par_1_94' title="bbox 1057 1737 1850 1775">
     <span class='ocr_line' id='line_1_94' title="bbox 1057 1737 1850 1775; baseline -0.004 -8"><span class='ocrx_word' id='word_1_633' title='bbox 1057 1740 1315 1775; x_wconf 89' lang='lat' dir='ltr'><strong>episcopus,utpote</strong></span> <span class='ocrx_word' id='word_1_634' title='bbox 1323 1739 1499 1767; x_wconf 89' lang='lat' dir='ltr'><strong>mortalitatis</strong></span> <span class='ocrx_word' id='word_1_635' title='bbox 1508 1738 1598 1766; x_wconf 91' lang='lat' dir='ltr'><strong>adhuc</strong></span> <span class='ocrx_word' id='word_1_636' title='bbox 1609 1737 1718 1765; x_wconf 88' lang='lat' dir='ltr'><strong>sarcina</strong></span> <span class='ocrx_word' id='word_1_637' title='bbox 1727 1741 1850 1773; x_wconf 65' lang='lat' dir='ltr'><strong>pragm-</strong></span> 
     </span>
    </p>
   </div>
   <div class='ocr_carea' id='block_1_95' title="bbox 1057 1784 1851 1821">
    <p class='ocr_par' dir='ltr' id='par_1_95' title="bbox 1057 1784 1851 1821">
     <span class='ocr_line' id='line_1_95' title="bbox 1057 1784 1851 1821; baseline -0.003 -9"><span class='ocrx_word' id='word_1_638' title='bbox 1057 1789 1156 1819; x_wconf 88' lang='lat' dir='ltr'><strong>vatus,</strong></span> <span class='ocrx_word' id='word_1_639' title='bbox 1167 1790 1314 1821; x_wconf 86' lang='lat' dir='ltr'><strong>postquam</strong></span> <span class='ocrx_word' id='word_1_640' title='bbox 1326 1786 1462 1820; x_wconf 89' lang='lat' dir='ltr'><strong>comperit</strong></span> <span class='ocrx_word' id='word_1_641' title='bbox 1476 1785 1580 1813; x_wconf 81' lang='lat' dir='ltr'><strong>reverti</strong></span> <span class='ocrx_word' id='word_1_642' title='bbox 1605 1784 1782 1816; x_wconf 86' lang='lat' dir='ltr'><strong>Dioscorum,</strong></span> <span class='ocrx_word' id='word_1_643' title='bbox 1801 1788 1851 1810; x_wconf 82' lang='lat' dir='ltr'><strong>vo-</strong></span> 
     </span>
    </p>
   </div>
   <div class='ocr_carea' id='block_1_96' title="bbox 1058 1827 1850 1868">
    <p class='ocr_par' dir='ltr' id='par_1_96' title="bbox 1058 1827 1850 1868">
     <span class='ocr_line' id='line_1_96' title="bbox 1058 1827 1850 1868; baseline -0.005 -8"><span class='ocrx_word' id='word_1_644' title='bbox 1058 1833 1119 1860; x_wconf 88' lang='lat' dir='ltr'><strong>lens</strong></span> <span class='ocrx_word' id='word_1_645' title='bbox 1135 1832 1161 1860; x_wconf 90' lang='lat' dir='ltr'><strong>ei</strong></span> <span class='ocrx_word' id='word_1_646' title='bbox 1177 1837 1308 1868; x_wconf 86' lang='lat' dir='ltr'><strong>praestare</strong></span> <span class='ocrx_word' id='word_1_647' title='bbox 1326 1832 1379 1859; x_wconf 87' lang='lat' dir='ltr'><strong>hoc</strong></span> <span class='ocrx_word' id='word_1_648' title='bbox 1391 1831 1574 1863; x_wconf 87' lang='lat' dir='ltr'><strong>beneﬁcium,</strong></span> <span class='ocrx_word' id='word_1_649' title='bbox 1591 1838 1627 1858; x_wconf 88' lang='lat' dir='ltr'><strong>ne</strong></span> <span class='ocrx_word' id='word_1_650' title='bbox 1643 1829 1672 1857; x_wconf 92' lang='lat' dir='ltr'><strong>in</strong></span> <span class='ocrx_word' id='word_1_651' title='bbox 1686 1829 1801 1865; x_wconf 88' lang='lat' dir='ltr'><strong>publico</strong></span> <span class='ocrx_word' id='word_1_652' title='bbox 1815 1827 1850 1856; x_wconf 90' lang='lat' dir='ltr'><strong>ab</strong></span> 
     </span>
    </p>
   </div>
   <div class='ocr_carea' id='block_1_97' title="bbox 1055 1873 1851 1912">
    <p class='ocr_par' dir='ltr' id='par_1_97' title="bbox 1055 1873 1851 1912">
     <span class='ocr_line' id='line_1_97' title="bbox 1055 1873 1851 1912; baseline -0.006 -6"><span class='ocrx_word' id='word_1_653' title='bbox 1055 1878 1163 1907; x_wconf 86' lang='lat' dir='ltr'><strong>eisdem</strong></span> <span class='ocrx_word' id='word_1_654' title='bbox 1195 1878 1339 1906; x_wconf 87' lang='lat' dir='ltr'><strong>monachis</strong></span> <span class='ocrx_word' id='word_1_655' title='bbox 1372 1881 1537 1912; x_wconf 81' lang='lat' dir='ltr'><strong>argueretur</strong></span> <span class='ocrx_word' id='word_1_656' title='bbox 1563 1875 1729 1908; x_wconf 77' lang='lat' dir='ltr'><strong>haereticus,</strong></span> <span class='ocrx_word' id='word_1_657' title='bbox 1756 1873 1851 1902; x_wconf 82' lang='lat' dir='ltr'><strong>missis</strong></span> 
     </span>
    </p>
   </div>
   <div class='ocr_carea' id='block_1_98' title="bbox 1056 1921 1850 1960">
    <p class='ocr_par' dir='ltr' id='par_1_98' title="bbox 1056 1921 1850 1960">
     <span class='ocr_line' id='line_1_98' title="bbox 1056 1921 1850 1960; baseline -0.005 -7"><span class='ocrx_word' id='word_1_658' title='bbox 1056 1925 1255 1952; x_wconf 81' lang='lat' dir='ltr'><strong>defensoribus</strong></span> <span class='ocrx_word' id='word_1_659' title='bbox 1274 1931 1339 1952; x_wconf 86' lang='lat' dir='ltr'><strong>eum</strong></span> <span class='ocrx_word' id='word_1_660' title='bbox 1369 1923 1474 1960; x_wconf 77' lang='lat' dir='ltr'><strong>ingenti</strong></span> <span class='ocrx_word' id='word_1_661' title='bbox 1490 1923 1624 1950; x_wconf 87' lang='lat' dir='ltr'><strong>violentia</strong></span> <span class='ocrx_word' id='word_1_662' title='bbox 1652 1929 1700 1949; x_wconf 88' lang='lat' dir='ltr'><strong>eos</strong></span> <span class='ocrx_word' id='word_1_663' title='bbox 1719 1921 1755 1949; x_wconf 89' lang='lat' dir='ltr'><strong>ab</strong></span> <span class='ocrx_word' id='word_1_664' title='bbox 1779 1921 1850 1949; x_wconf 80' lang='lat' dir='ltr'><strong>urbe</strong></span> 
     </span>
    </p>
   </div>
   <div class='ocr_carea' id='block_1_99' title="bbox 1059 1967 1850 2009">
    <p class='ocr_par' dir='ltr' id='par_1_99' title="bbox 1059 1967 1850 2009">
     <span class='ocr_line' id='line_1_99' title="bbox 1059 1967 1850 2009; baseline -0.008 -8"><span class='ocrx_word' id='word_1_665' title='bbox 1059 1973 1148 2001; x_wconf 84' lang='lat' dir='ltr'><strong>Roma</strong></span> <span class='ocrx_word' id='word_1_666' title='bbox 1167 1973 1261 2009; x_wconf 85' lang='lat' dir='ltr'><strong>subito</strong></span> <span class='ocrx_word' id='word_1_667' title='bbox 1286 1972 1363 2000; x_wconf 81' lang='lat' dir='ltr'><strong>exire</strong></span> <span class='ocrx_word' id='word_1_668' title='bbox 1393 1971 1540 2006; x_wconf 87' lang='lat' dir='ltr'><strong>compulit,</strong></span> <span class='ocrx_word' id='word_1_669' title='bbox 1556 1977 1715 2006; x_wconf 86' lang='lat' dir='ltr'><strong>quanquam</strong></span> <span class='ocrx_word' id='word_1_670' title='bbox 1748 1967 1850 2005; x_wconf 62' lang='lat' dir='ltr'><strong>saepius</strong></span> 
     </span>
    </p>
   </div>
   <div class='ocr_carea' id='block_1_100' title="bbox 1058 2014 1849 2054">
    <p class='ocr_par' dir='ltr' id='par_1_100' title="bbox 1058 2014 1849 2054">
     <span class='ocr_line' id='line_1_100' title="bbox 1058 2014 1849 2054; baseline -0.006 -7"><span class='ocrx_word' id='word_1_671' title='bbox 1058 2019 1172 2054; x_wconf 86' lang='lat' dir='ltr'><strong>publice</strong></span> <span class='ocrx_word' id='word_1_672' title='bbox 1182 2024 1210 2046; x_wconf 87' lang='lat' dir='ltr'><strong>et</strong></span> <span class='ocrx_word' id='word_1_673' title='bbox 1224 2018 1367 2054; x_wconf 84' lang='lat' dir='ltr'><strong>privatim,</strong></span> <span class='ocrx_word' id='word_1_674' title='bbox 1377 2022 1433 2046; x_wconf 88' lang='lat' dir='ltr'><strong>tam</strong></span> <span class='ocrx_word' id='word_1_675' title='bbox 1451 2018 1479 2045; x_wconf 94' lang='lat' dir='ltr'><strong>in</strong></span> <span class='ocrx_word' id='word_1_676' title='bbox 1492 2021 1634 2045; x_wconf 88' lang='lat' dir='ltr'><strong>conventu</strong></span> <span class='ocrx_word' id='word_1_677' title='bbox 1658 2014 1849 2043; x_wconf 86' lang='lat' dir='ltr'><strong>ecclesiastico</strong></span> 
     </span>
    </p>
   </div>
   <div class='ocr_carea' id='block_1_101' title="bbox 1059 2054 1850 2100">
    <p class='ocr_par' dir='ltr' id='par_1_101' title="bbox 1059 2054 1850 2100">
     <span class='ocr_line' id='line_1_101' title="bbox 1059 2054 1850 2100; baseline -0.006 -7"><span class='ocrx_word' id='word_1_678' title='bbox 1059 2070 1141 2100; x_wconf 87' lang='lat' dir='ltr'><strong>quam</strong></span> <span class='ocrx_word' id='word_1_679' title='bbox 1154 2065 1237 2093; x_wconf 88' lang='lat' dir='ltr'><strong>etiam</strong></span> <span class='ocrx_word' id='word_1_680' title='bbox 1250 2065 1376 2092; x_wconf 91' lang='lat' dir='ltr'><strong>omnium</strong></span> <span class='ocrx_word' id='word_1_681' title='bbox 1388 2068 1562 2096; x_wconf 89' lang='lat' dir='ltr'><strong>senatorum,</strong></span> <span class='ocrx_word' id='word_1_682' title='bbox 1575 2063 1617 2090; x_wconf 88' lang='lat' dir='ltr'><strong>eis</strong></span> <span class='ocrx_word' id='word_1_683' title='bbox 1631 2054 1763 2090; x_wconf 81' lang='lat' dir='ltr'><strong>veniente</strong></span> <span class='ocrx_word' id='word_1_684' title='bbox 1782 2061 1850 2088; x_wconf 89' lang='lat' dir='ltr'><strong>Dio-</strong></span> 
     </span>
    </p>
   </div>
   <div class='ocr_carea' id='block_1_102' title="bbox 1060 2107 1851 2145">
    <p class='ocr_par' dir='ltr' id='par_1_102' title="bbox 1060 2107 1851 2145">
     <span class='ocr_line' id='line_1_102' title="bbox 1060 2107 1851 2145; baseline -0.005 -6"><span class='ocrx_word' id='word_1_685' title='bbox 1060 2119 1140 2141; x_wconf 88' lang='lat' dir='ltr'><strong>scoro</strong></span> <span class='ocrx_word' id='word_1_686' title='bbox 1165 2111 1337 2138; x_wconf 85' lang='lat' dir='ltr'><strong>audientiam</strong></span> <span class='ocrx_word' id='word_1_687' title='bbox 1363 2110 1429 2138; x_wconf 89' lang='lat' dir='ltr'><strong>dare</strong></span> <span class='ocrx_word' id='word_1_688' title='bbox 1447 2114 1522 2138; x_wconf 85' lang='lat' dir='ltr'><strong>esset</strong></span> <span class='ocrx_word' id='word_1_689' title='bbox 1536 2109 1689 2145; x_wconf 89' lang='lat' dir='ltr'><strong>pollicitus.</strong></span> <span class='ocrx_word' id='word_1_690' title='bbox 1711 2107 1764 2142; x_wconf 85' lang='lat' dir='ltr'><strong>Qui</strong></span> <span class='ocrx_word' id='word_1_691' title='bbox 1786 2113 1851 2135; x_wconf 88' lang='lat' dir='ltr'><strong>cum</strong></span> 
     </span>
    </p>
   </div>
   <div class='ocr_carea' id='block_1_103' title="bbox 1060 2150 1851 2193">
    <p class='ocr_par' dir='ltr' id='par_1_103' title="bbox 1060 2150 1851 2193">
     <span class='ocr_line' id='line_1_103' title="bbox 1060 2150 1851 2193; baseline -0.003 -9"><span class='ocrx_word' id='word_1_692' title='bbox 1060 2157 1095 2184; x_wconf 87' lang='lat' dir='ltr'><strong>ab</strong></span> <span class='ocrx_word' id='word_1_693' title='bbox 1110 2157 1177 2193; x_wconf 87' lang='lat' dir='ltr'><strong>ipsis</strong></span> <span class='ocrx_word' id='word_1_694' title='bbox 1189 2150 1387 2185; x_wconf 76' lang='lat' dir='ltr'><strong>defensuribus</strong></span> <span class='ocrx_word' id='word_1_695' title='bbox 1397 2155 1494 2192; x_wconf 82' lang='lat' dir='ltr'><strong>egredi</strong></span> <span class='ocrx_word' id='word_1_696' title='bbox 1520 2159 1698 2192; x_wconf 77' lang='lat' dir='ltr'><strong>urgerentur,</strong></span> <span class='ocrx_word' id='word_1_697' title='bbox 1715 2154 1851 2190; x_wconf 91' lang='lat' dir='ltr'><strong>compulsi</strong></span> 
     </span>
    </p>
   </div>
   <div class='ocr_carea' id='block_1_104' title="bbox 1060 2201 1852 2238">
    <p class='ocr_par' dir='ltr' id='par_1_104' title="bbox 1060 2201 1852 2238">
     <span class='ocr_line' id='line_1_104' title="bbox 1060 2201 1852 2238; baseline -0.006 -7"><span class='ocrx_word' id='word_1_698' title='bbox 1060 2207 1126 2231; x_wconf 91' lang='lat' dir='ltr'><strong>sunt</strong></span> <span class='ocrx_word' id='word_1_699' title='bbox 1142 2204 1169 2230; x_wconf 94' lang='lat' dir='ltr'><strong>in</strong></span> <span class='ocrx_word' id='word_1_700' title='bbox 1182 2203 1252 2230; x_wconf 90' lang='lat' dir='ltr'><strong>locis</strong></span> <span class='ocrx_word' id='word_1_701' title='bbox 1269 2203 1392 2238; x_wconf 90' lang='lat' dir='ltr'><strong>publicis</strong></span> <span class='ocrx_word' id='word_1_702' title='bbox 1411 2203 1544 2238; x_wconf 87' lang='lat' dir='ltr'><strong>populum</strong></span> <span class='ocrx_word' id='word_1_703' title='bbox 1558 2201 1722 2234; x_wconf 88' lang='lat' dir='ltr'><strong>contestari,</strong></span> <span class='ocrx_word' id='word_1_704' title='bbox 1741 2208 1777 2228; x_wconf 90' lang='lat' dir='ltr'><strong>ne</strong></span> <span class='ocrx_word' id='word_1_705' title='bbox 1789 2203 1852 2235; x_wconf 87' lang='lat' dir='ltr'><strong>post</strong></span> 
     </span>
    </p>
   </div>
   <div class='ocr_carea' id='block_1_105' title="bbox 1059 2245 1852 2278">
    <p class='ocr_par' dir='ltr' id='par_1_105' title="bbox 1059 2245 1852 2278">
     <span class='ocr_line' id='line_1_105' title="bbox 1059 2245 1852 2278; baseline -0.005 0"><span class='ocrx_word' id='word_1_706' title='bbox 1059 2258 1139 2278; x_wconf 89' lang='lat' dir='ltr'><strong>suum</strong></span> <span class='ocrx_word' id='word_1_707' title='bbox 1149 2250 1301 2278; x_wconf 87' lang='lat' dir='ltr'><strong>discessum</strong></span> <span class='ocrx_word' id='word_1_708' title='bbox 1319 2250 1389 2278; x_wconf 91' lang='lat' dir='ltr'><strong>clam</strong></span> <span class='ocrx_word' id='word_1_709' title='bbox 1406 2257 1454 2277; x_wconf 90' lang='lat' dir='ltr'><strong>eos</strong></span> <span class='ocrx_word' id='word_1_710' title='bbox 1471 2249 1620 2277; x_wconf 87' lang='lat' dir='ltr'><strong>recessisse</strong></span> <span class='ocrx_word' id='word_1_711' title='bbox 1642 2248 1769 2276; x_wconf 89' lang='lat' dir='ltr'><strong>fautores</strong></span> <span class='ocrx_word' id='word_1_712' title='bbox 1784 2245 1852 2274; x_wconf 90' lang='lat' dir='ltr'><strong>Dio-</strong></span> 
     </span>
    </p>
   </div>
   <div class='ocr_carea' id='block_1_106' title="bbox 1059 2292 1850 2332">
    <p class='ocr_par' dir='ltr' id='par_1_106' title="bbox 1059 2292 1850 2332">
     <span class='ocr_line' id='line_1_106' title="bbox 1059 2292 1850 2332; baseline -0.004 -8"><span class='ocrx_word' id='word_1_713' title='bbox 1059 2297 1133 2324; x_wconf 79' lang='lat' dir='ltr'><strong>scori</strong></span> <span class='ocrx_word' id='word_1_714' title='bbox 1155 2297 1228 2332; x_wconf 89' lang='lat' dir='ltr'><strong>apud</strong></span> <span class='ocrx_word' id='word_1_715' title='bbox 1251 2296 1403 2324; x_wconf 88' lang='lat' dir='ltr'><strong>Ecclesiam</strong></span> <span class='ocrx_word' id='word_1_716' title='bbox 1431 2296 1620 2327; x_wconf 75' lang='lat' dir='ltr'><strong>diﬁ‘amarent,</strong></span> <span class='ocrx_word' id='word_1_717' title='bbox 1647 2292 1722 2323; x_wconf 87' lang='lat' dir='ltr'><strong>unde</strong></span> <span class='ocrx_word' id='word_1_718' title='bbox 1747 2292 1850 2322; x_wconf 85' lang='lat' dir='ltr'><strong>factum</strong></span> 
     </span>
    </p>
   </div>
   <div class='ocr_carea' id='block_1_107' title="bbox 1059 2342 1852 2378">
    <p class='ocr_par' dir='ltr' id='par_1_107' title="bbox 1059 2342 1852 2378">
     <span class='ocr_line' id='line_1_107' title="bbox 1059 2342 1852 2378; baseline -0.004 -7"><span class='ocrx_word' id='word_1_719' title='bbox 1059 2348 1102 2371; x_wconf 87' lang='lat' dir='ltr'><strong>est</strong></span> <span class='ocrx_word' id='word_1_720' title='bbox 1118 2348 1147 2371; x_wconf 87' lang='lat' dir='ltr'><strong>nt</strong></span> <span class='ocrx_word' id='word_1_721' title='bbox 1161 2344 1260 2371; x_wconf 88' lang='lat' dir='ltr'><strong>saltem</strong></span> <span class='ocrx_word' id='word_1_722' title='bbox 1278 2343 1320 2371; x_wconf 90' lang='lat' dir='ltr'><strong>eis</strong></span> <span class='ocrx_word' id='word_1_723' title='bbox 1347 2351 1432 2378; x_wconf 88' lang='lat' dir='ltr'><strong>parva</strong></span> <span class='ocrx_word' id='word_1_724' title='bbox 1447 2342 1544 2370; x_wconf 89' lang='lat' dir='ltr'><strong>dilatio</strong></span> <span class='ocrx_word' id='word_1_725' title='bbox 1564 2346 1752 2377; x_wconf 83' lang='lat' dir='ltr'><strong>praestaretur,</strong></span> <span class='ocrx_word' id='word_1_726' title='bbox 1765 2349 1852 2377; x_wconf 87' lang='lat' dir='ltr'><strong>quan-</strong></span> 
     </span>
    </p>
   </div>
   <div class='ocr_carea' id='block_1_108' title="bbox 1060 2384 1852 2422">
    <p class='ocr_par' dir='ltr' id='par_1_108' title="bbox 1060 2384 1852 2422">
     <span class='ocr_line' id='line_1_108' title="bbox 1060 2384 1852 2422; baseline -0.001 -8"><span class='ocrx_word' id='word_1_727' title='bbox 1060 2386 1108 2414; x_wconf 91' lang='lat' dir='ltr'><strong>diu</strong></span> <span class='ocrx_word' id='word_1_728' title='bbox 1123 2395 1152 2415; x_wconf 91' lang='lat' dir='ltr'><strong>se</strong></span> <span class='ocrx_word' id='word_1_729' title='bbox 1171 2387 1273 2415; x_wconf 79' lang='lat' dir='ltr'><strong>exinde</strong></span> <span class='ocrx_word' id='word_1_730' title='bbox 1287 2387 1382 2422; x_wconf 81' lang='lat' dir='ltr'><strong>egredi</strong></span> <span class='ocrx_word' id='word_1_731' title='bbox 1398 2391 1596 2422; x_wconf 59' lang='lat' dir='ltr'><strong>prapararent,</strong></span> <span class='ocrx_word' id='word_1_732' title='bbox 1623 2384 1674 2414; x_wconf 86' lang='lat' dir='ltr'><strong>sub</strong></span> <span class='ocrx_word' id='word_1_733' title='bbox 1699 2394 1755 2421; x_wconf 89' lang='lat' dir='ltr'><strong>quo</strong></span> <span class='ocrx_word' id='word_1_734' title='bbox 1782 2391 1852 2414; x_wconf 84' lang='lat' dir='ltr'><strong>tem-</strong></span> 
     </span>
    </p>
   </div>
   <div class='ocr_carea' id='block_1_109' title="bbox 1062 2427 1851 2468">
    <p class='ocr_par' dir='ltr' id='par_1_109' title="bbox 1062 2427 1851 2468">
     <span class='ocr_line' id='line_1_109' title="bbox 1062 2427 1851 2468; baseline -0.001 -8"><span class='ocrx_word' id='word_1_735' title='bbox 1062 2438 1129 2468; x_wconf 88' lang='lat' dir='ltr'><strong>pore</strong></span> <span class='ocrx_word' id='word_1_736' title='bbox 1141 2432 1265 2467; x_wconf 79' lang='lat' dir='ltr'><strong>scriptis,</strong></span> <span class='ocrx_word' id='word_1_737' title='bbox 1280 2432 1373 2460; x_wconf 89' lang='lat' dir='ltr'><strong>omnia</strong></span> <span class='ocrx_word' id='word_1_738' title='bbox 1397 2437 1459 2467; x_wconf 62' lang='lat' dir='ltr'><strong>quae</strong></span> <span class='ocrx_word' id='word_1_739' title='bbox 1481 2432 1508 2459; x_wconf 93' lang='lat' dir='ltr'><strong>in</strong></span> <span class='ocrx_word' id='word_1_740' title='bbox 1533 2427 1612 2468; x_wconf 70' lang='grc'><strong>543</strong></span> <span class='ocrx_word' id='word_1_741' title='bbox 1633 2440 1661 2460; x_wconf 90' lang='lat' dir='ltr'><strong>se</strong></span> <span class='ocrx_word' id='word_1_742' title='bbox 1684 2438 1759 2467; x_wconf 67' lang='lat' dir='ltr'><strong>gesta</strong></span> <span class='ocrx_word' id='word_1_743' title='bbox 1776 2440 1851 2464; x_wconf 70' lang='lat' dir='ltr'><strong>sunt,</strong></span> 
     </span>
    </p>
   </div>
   <div class='ocr_carea' id='block_1_110' title="bbox 1062 2477 1852 2512">
    <p class='ocr_par' dir='ltr' id='par_1_110' title="bbox 1062 2477 1852 2512">
     <span class='ocr_line' id='line_1_110' title="bbox 1062 2477 1852 2512; baseline -0.003 -6"><span class='ocrx_word' id='word_1_744' title='bbox 1062 2479 1181 2506; x_wconf 85' lang='lat' dir='ltr'><strong>facultas</strong></span> <span class='ocrx_word' id='word_1_745' title='bbox 1196 2478 1260 2506; x_wconf 86' lang='lat' dir='ltr'><strong>data</strong></span> <span class='ocrx_word' id='word_1_746' title='bbox 1290 2483 1333 2506; x_wconf 90' lang='lat' dir='ltr'><strong>est</strong></span> <span class='ocrx_word' id='word_1_747' title='bbox 1352 2478 1540 2506; x_wconf 85' lang='lat' dir='ltr'><strong>contestandi.</strong></span> <span class='ocrx_word' id='word_1_748' title='bbox 1567 2477 1646 2512; x_wconf 80' lang='lat' dir='ltr'><strong>Quod</strong></span> <span class='ocrx_word' id='word_1_749' title='bbox 1671 2483 1852 2505; x_wconf 63' lang='lat' dir='ltr'><strong>tamennun-</strong></span> 
     </span>
    </p>
   </div>
   <div class='ocr_carea' id='block_1_111' title="bbox 1062 2524 1853 2561">
    <p class='ocr_par' dir='ltr' id='par_1_111' title="bbox 1062 2524 1853 2561">
     <span class='ocr_line' id='line_1_111' title="bbox 1062 2524 1853 2561; baseline 0 -9"><span class='ocrx_word' id='word_1_750' title='bbox 1062 2533 1145 2561; x_wconf 87' lang='lat' dir='ltr'><strong>quam</strong></span> <span class='ocrx_word' id='word_1_751' title='bbox 1161 2525 1252 2552; x_wconf 90' lang='lat' dir='ltr'><strong>facere</strong></span> <span class='ocrx_word' id='word_1_752' title='bbox 1263 2525 1431 2560; x_wconf 84' lang='lat' dir='ltr'><strong>potuissent,</strong></span> <span class='ocrx_word' id='word_1_753' title='bbox 1450 2525 1502 2552; x_wconf 91' lang='lat' dir='ltr'><strong>nisi</strong></span> <span class='ocrx_word' id='word_1_754' title='bbox 1519 2525 1571 2553; x_wconf 92' lang='lat' dir='ltr'><strong>hoc</strong></span> <span class='ocrx_word' id='word_1_755' title='bbox 1588 2525 1629 2552; x_wconf 83' lang='lat' dir='ltr'><strong>eis</strong></span> <span class='ocrx_word' id='word_1_756' title='bbox 1645 2524 1787 2552; x_wconf 78' lang='lat' dir='ltr'><strong>Romanus</strong></span> <span class='ocrx_word' id='word_1_757' title='bbox 1801 2532 1853 2560; x_wconf 86' lang='lat' dir='ltr'><strong>po-</strong></span> 
     </span>
    </p>
   </div>
   <div class='ocr_carea' id='block_1_112' title="bbox 1063 2572 1855 2608">
    <p class='ocr_par' dir='ltr' id='par_1_112' title="bbox 1063 2572 1855 2608">
     <span class='ocr_line' id='line_1_112' title="bbox 1063 2572 1855 2608; baseline 0 -9"><span class='ocrx_word' id='word_1_758' title='bbox 1063 2573 1145 2608; x_wconf 89' lang='lat' dir='ltr'><strong>pulus</strong></span> <span class='ocrx_word' id='word_1_759' title='bbox 1166 2572 1351 2607; x_wconf 62' lang='lat' dir='ltr'><strong>praestitisset,</strong></span> <span class='ocrx_word' id='word_1_760' title='bbox 1368 2572 1432 2607; x_wconf 86' lang='lat' dir='ltr'><strong>qui,</strong></span> <span class='ocrx_word' id='word_1_761' title='bbox 1447 2573 1512 2599; x_wconf 89' lang='lat' dir='ltr'><strong>licet</strong></span> <span class='ocrx_word' id='word_1_762' title='bbox 1536 2581 1586 2608; x_wconf 90' lang='lat' dir='ltr'><strong>pro</strong></span> <span class='ocrx_word' id='word_1_763' title='bbox 1602 2572 1643 2599; x_wconf 91' lang='lat' dir='ltr'><strong>eis</strong></span> <span class='ocrx_word' id='word_1_764' title='bbox 1658 2572 1772 2600; x_wconf 89' lang='lat' dir='ltr'><strong>minime</strong></span> <span class='ocrx_word' id='word_1_765' title='bbox 1791 2580 1855 2608; x_wconf 80' lang='lat' dir='ltr'><strong>pro-</strong></span> 
     </span>
    </p>
   </div>
   <div class='ocr_carea' id='block_1_113' title="bbox 1063 2617 1855 2653">
    <p class='ocr_par' dir='ltr' id='par_1_113' title="bbox 1063 2617 1855 2653">
     <span class='ocr_line' id='line_1_113' title="bbox 1063 2617 1855 2653; baseline -0.001 -8"><span class='ocrx_word' id='word_1_766' title='bbox 1063 2619 1208 2651; x_wconf 88' lang='lat' dir='ltr'><strong>clamaret,</strong></span> <span class='ocrx_word' id='word_1_767' title='bbox 1222 2618 1283 2653; x_wconf 89' lang='lat' dir='ltr'><strong>ipsa</strong></span> <span class='ocrx_word' id='word_1_768' title='bbox 1295 2621 1387 2645; x_wconf 89' lang='lat' dir='ltr'><strong>tamen</strong></span> <span class='ocrx_word' id='word_1_769' title='bbox 1402 2626 1450 2645; x_wconf 89' lang='lat' dir='ltr'><strong>sua</strong></span> <span class='ocrx_word' id='word_1_770' title='bbox 1475 2618 1557 2645; x_wconf 85' lang='lat' dir='ltr'><strong>tacita</strong></span> <span class='ocrx_word' id='word_1_771' title='bbox 1571 2617 1794 2645; x_wconf 86' lang='lat' dir='ltr'><strong>murmuratione</strong></span> <span class='ocrx_word' id='word_1_772' title='bbox 1807 2618 1855 2645; x_wconf 91' lang='lat' dir='ltr'><strong>de-</strong></span> 
     </span>
    </p>
   </div>
   <div class='ocr_carea' id='block_1_114' title="bbox 1063 2663 1852 2700">
    <p class='ocr_par' dir='ltr' id='par_1_114' title="bbox 1063 2663 1852 2700">
     <span class='ocr_line' id='line_1_114' title="bbox 1063 2663 1852 2700; baseline -0.004 -7"><span class='ocrx_word' id='word_1_773' title='bbox 1063 2666 1203 2698; x_wconf 79' lang='lat' dir='ltr'><strong>fensores,</strong></span> <span class='ocrx_word' id='word_1_774' title='bbox 1231 2664 1279 2700; x_wconf 88' lang='lat' dir='ltr'><strong>qui</strong></span> <span class='ocrx_word' id='word_1_775' title='bbox 1313 2672 1363 2692; x_wconf 90' lang='lat' dir='ltr'><strong>eos</strong></span> <span class='ocrx_word' id='word_1_776' title='bbox 1385 2664 1486 2692; x_wconf 83' lang='lat' dir='ltr'><strong>exinde</strong></span> <span class='ocrx_word' id='word_1_777' title='bbox 1511 2664 1605 2700; x_wconf 78' lang='lat' dir='ltr'><strong>egredi</strong></span> <span class='ocrx_word' id='word_1_778' title='bbox 1635 2663 1852 2699; x_wconf 85' lang='lat' dir='ltr'><strong>compellebant,</strong></span> 
     </span>
    </p>
   </div>
   <div class='ocr_carea' id='block_1_115' title="bbox 1064 2709 1854 2744">
    <p class='ocr_par' dir='ltr' id='par_1_115' title="bbox 1064 2709 1854 2744">
     <span class='ocr_line' id='line_1_115' title="bbox 1064 2709 1854 2744; baseline -0.004 -6"><span class='ocrx_word' id='word_1_779' title='bbox 1064 2711 1223 2743; x_wconf 90' lang='lat' dir='ltr'><strong>deterrens,</strong></span> <span class='ocrx_word' id='word_1_780' title='bbox 1241 2711 1307 2738; x_wconf 85' lang='lat' dir='ltr'><strong>fecit</strong></span> <span class='ocrx_word' id='word_1_781' title='bbox 1321 2714 1352 2738; x_wconf 91' lang='lat' dir='ltr'><strong>ut</strong></span> <span class='ocrx_word' id='word_1_782' title='bbox 1375 2718 1473 2738; x_wconf 86' lang='lat' dir='ltr'><strong>eorum</strong></span> <span class='ocrx_word' id='word_1_783' title='bbox 1489 2710 1611 2737; x_wconf 84' lang='lat' dir='ltr'><strong>violenta</strong></span> <span class='ocrx_word' id='word_1_784' title='bbox 1637 2709 1764 2744; x_wconf 79' lang='lat' dir='ltr'><strong>expulsio</strong></span> <span class='ocrx_word' id='word_1_785' title='bbox 1793 2709 1854 2736; x_wconf 83' lang='lat' dir='ltr'><strong>uni-</strong></span> 
     </span>
    </p>
   </div>
   <div class='ocr_carea' id='block_1_116' title="bbox 1063 2756 1854 2793">
    <p class='ocr_par' dir='ltr' id='par_1_116' title="bbox 1063 2756 1854 2793">
     <span class='ocr_line' id='line_1_116' title="bbox 1063 2756 1854 2793; baseline -0.001 -7"><span class='ocrx_word' id='word_1_786' title='bbox 1063 2766 1150 2787; x_wconf 67' lang='lat' dir='ltr'><strong>versa:</strong></span> <span class='ocrx_word' id='word_1_787' title='bbox 1173 2759 1304 2787; x_wconf 72' lang='lat' dir='ltr'><strong>Ecclesia:</strong></span> <span class='ocrx_word' id='word_1_788' title='bbox 1327 2759 1523 2786; x_wconf 85' lang='lat' dir='ltr'><strong>innotesceret.</strong></span> <span class='ocrx_word' id='word_1_789' title='bbox 1550 2758 1610 2785; x_wconf 84' lang='lat' dir='ltr'><strong>Non</strong></span> <span class='ocrx_word' id='word_1_790' title='bbox 1636 2764 1702 2793; x_wconf 77' lang='lat' dir='ltr'><strong>ergo</strong></span> <span class='ocrx_word' id='word_1_791' title='bbox 1732 2756 1774 2792; x_wconf 88' lang='lat' dir='ltr'><strong>(ut</strong></span> <span class='ocrx_word' id='word_1_792' title='bbox 1801 2756 1854 2785; x_wconf 75' lang='lat' dir='ltr'><strong>ista</strong></span> 
     </span>
    </p>
   </div>
  </div>
