1953 3086
80 115 131 148 105

527 113 577 144 AD
596 109 810 147 EPISTOLAM
828 110 1039 144 HORMISD/E
1059 111 1278 145 RESPONSIO.

1663 110 1714 146 10$

83 171 226 207 mentitur)
249 167 380 207 populus,
406 169 455 198 sed
477 169 639 199 defensores
657 170 801 203 Ecclesiae,
828 178 876 199 eos
890 173 913 202 Α
926 170 1006 204 Quod
1019 176 1111 199 autem
1128 179 1191 199 sero
1203 179 1233 199 se
1243 171 1376 206 probasse
1390 170 1502 204 fatetur,
1517 170 1570 198 hoc
1594 171 1713 206 Aposto-

82 218 188 247 exinde
213 216 308 253 egredi
335 216 544 252 compulerunt.
561 216 657 252 Neque
676 217 752 245 enim
776 222 875 253 sponte

82 273 130 294 sua
146 265 175 292 in
193 263 308 300 publico
336 263 511 299 prodierunt,
528 268 559 291 ut
583 265 683 292 merito
708 264 742 292 ad
759 271 876 292 concus-

82 311 189 340 sionem
204 310 317 345 quietis,
341 309 399 336 sive
429 309 463 336 ad
481 309 701 344 dissipationem,
723 313 752 337 et
770 309 876 337 discor-

83 357 157 385 diam
171 356 473 389 commovendam,hoc
490 364 538 384 eos
551 356 648 384 fecisse
665 357 784 392 quilibet
800 360 876 384 recte

83 403 264 440 dijudicaret,
281 402 330 430 sed
348 402 485 430 violenter
497 401 530 429 ad
545 402 598 430 hoc
614 395 679 430 sunt
691 403 786 431 venire
799 409 876 431 com-

84 450 168 485 pulsi.
190 448 260 476 Nam
284 448 321 476 ita
334 448 392 475 haec
426 455 455 475 se
481 447 598 480 habere,
627 449 714 475 etiam
740 456 775 476 ex
788 449 876 485 ipsius

83 495 166 523 istius
198 494 293 522 verbis
324 493 406 521 facile
428 492 593 526 educentur,
613 493 718 529 quibus
732 501 781 521 eos
803 494 877 521 circa

85 548 180 577 regum
206 545 313 568 statuas
337 540 440 568 asserit
466 539 643 572 inclamasse,
668 539 743 575 quod
767 540 876 572 nullus,

84 589 138 616 nisi
148 587 196 625 qui
208 586 411 614 violentissime
425 586 600 618 molestatur,
618 585 710 613 facere
735 583 878 620 compelli-

85 633 284 667 tur.Quamvis
297 641 352 660 non
372 632 453 667 quasi
471 631 554 667 regiae
574 631 721 667 potestatis
743 631 876 659 auxilium

84 680 241 716 ﬂagitantes
276 679 360 715 (sicut
394 678 516 706 haeretici
544 677 683 713 iactitant)
711 685 784 713 saepe
809 675 878 705 dicti

86 725 216 754 monachi
239 725 311 752 circa
339 731 436 760 regum
462 727 567 752 statuas
586 723 808 756 inclamaverint,
828 722 878 751 sed

84 776 235 808 postquam
252 779 267 798 a
286 771 348 798 loco
373 767 610 806 quemadmodum
633 774 808 806 acceperant,
826 777 878 805 pro

87 818 220 846 mandato
232 817 356 852 ejusdem
370 817 488 844 Romani
504 813 628 852 episcopi
641 814 877 851 fuerantexpuisi,

87 864 117 892 in
130 864 244 899 publico
263 863 459 891 consistentes.
475 859 527 890 Ubi
543 870 609 891 casu
624 870 721 898 regum
743 863 880 899 imagines

86 911 208 941 fuerant,
226 909 300 944 quod
322 907 452 944 petitioni
467 917 525 936 suae
540 909 683 937 audientia
692 908 880 944 denegaretur

86 956 190 993 populo
206 955 355 983 contestati
371 959 447 982 sunt.
459 954 515 982 Cur
531 962 596 990 ergo
616 955 658 983 eis
681 955 771 983 ﬁdelis
783 954 881 990 populi

87 1003 255 1035 constantia,
275 1007 306 1030 ut
319 1001 371 1030 iste
392 1001 472 1034 dicit,
499 1001 655 1034 resisteret,
682 1009 752 1036 quos
769 1000 882 1029 videbat

87 1057 139 1086 pro
158 1049 212 1076 sibi
224 1049 331 1084 ingesta
345 1047 477 1076 violentia
489 1055 654 1083 progressos
673 1047 706 1075 ad
718 1046 882 1082 publicum?

87 1095 137 1124 sed
149 1103 239 1130 neque
266 1095 308 1122 eis
332 1094 425 1129 aliqua
442 1093 496 1122 fuit
514 1094 542 1121 in
569 1093 682 1128 publico
704 1093 880 1128 disceptatio,

88 1144 121 1168 ut
137 1141 240 1168 merito
250 1144 431 1176 exasperatus
450 1136 588 1176 populus,
605 1147 656 1168 eos
670 1147 685 1167 a
704 1139 762 1168 suis
786 1140 881 1175 expel-

87 1186 161 1214 leret
179 1186 352 1222 regionibus.

123 1233 227 1261 Verum
234 1233 257 1260 si
270 1230 434 1269 diligentius
445 1233 505 1261 ham
517 1233 599 1261 istius
613 1233 699 1261 verba
709 1231 881 1264 consideres,

88 1278 217 1306 invenies
238 1286 303 1306 eum
330 1278 415 1306 etiam
447 1279 604 1307 Romanum
641 1279 774 1314 populum
799 1286 882 1313 quem

88 1323 201 1351 ﬁdelem
216 1324 325 1357 asserit,
357 1331 413 1352 non
431 1325 521 1352 solum
535 1329 567 1352 ut
591 1324 758 1356 violentum,
774 1330 884 1351 verum-

88 1370 185 1402 etiam,
201 1374 232 1397 ut
247 1370 410 1398 hmreticum
425 1378 569 1399 accusare.
585 1371 653 1398 Nam
666 1371 688 1398 si
705 1370 740 1398 de
754 1370 802 1399 illa
817 1378 882 1399 sen-

90 1416 190 1449 tentia,
206 1424 290 1452 quam
308 1417 437 1445 universa
451 1417 499 1445 Dei
514 1422 590 1445 tenet
607 1422 636 1445 et
650 1416 774 1445 defendit
784 1415 882 1445 Eccle-

89 1461 141 1494 sia,
165 1461 310 1490 monachis
333 1463 361 1490 in
376 1463 489 1498 publico
513 1463 731 1498 disputanlibus,
749 1463 803 1490 hoc
828 1467 881 1495 est,

929 215 987 243 lum
1009 217 1172 252 prophetica
1189 223 1256 245 voce
1285 217 1389 245 dixisse
1416 225 1472 244 non
1488 222 1532 244 est
1553 218 1667 250 mirum,
1689 217 1714 245 si

928 262 1063 290 hactenus
1075 263 1166 291 surdis
1179 263 1295 291 auribus
1312 263 1440 291 eumdem
1456 263 1578 292 audierit
1594 263 1714 298 Aposto-

927 308 984 335 lum
998 308 1052 336 hoc
1076 309 1201 344 quotidie
1216 310 1243 338 in
1264 299 1387 337 Ecclesia
1408 309 1586 342 clamantem,
1610 310 1657 344 qui
1681 317 1716 336 ne

927 361 1002 382 nunc
1027 355 1140 390 quidem
1162 350 1227 382 'vim
1251 355 1410 390 apostolica
1439 355 1583 382 sententiae
1608 354 1717 382 intellc—
1749 368 1751 381 ς

928 399 1002 427 xisse
1012 400 1199 428 convincitur.
1217 400 1341 429 Ecclesia
1351 405 1443 428 autem
1455 401 1504 428 Dei
1518 401 1561 428 his
1573 400 1638 427 olim
1655 407 1717 428 mo-

930 443 997 471 nitis
1014 445 1188 479 praemunita,
1214 445 1305 474 sciens
1316 453 1458 481 nunquam
1470 446 1617 474 hmretices
1636 454 1717 481 posse

933 489 1088 525 quiescere,
1105 491 1252 527 vigilanter
1271 499 1433 526 occurrens,
1442 499 1541 519 eorum
1565 491 1649 520 falsas
1664 492 1715 519 de-

928 536 1012 565 struit
1027 538 1205 566 assertiones.

963 581 1029 611 Post
1041 584 1100 611 haec
1110 584 1220 613 tandem
1231 584 1348 613 satiatus
1356 593 1408 613 nec
1416 584 1531 618 habens,
1541 583 1634 618 credo,
1644 581 1718 620 quod

929 627 1063 657 adversus
1077 630 1190 658 eosdem
1217 631 1369 660 monachos
1392 639 1442 659 sua
1462 631 1515 659 sibi
1532 631 1640 660 fallacia
1653 639 1719 667 sug-

930 679 1017 711 gerat,
1033 675 1158 712 adjungit
1173 675 1269 704 dicens
1283 685 1290 704 :
1303 677 1368 705 llaec
1383 677 1446 705 ideo
1464 677 1607 706 dilectioni
1620 683 1719 706 vestrae

930 721 1077 750 indicanda
1089 722 1142 750 sub
1155 723 1300 751 occasione
1317 723 1467 757 credimus,
1485 732 1520 752 ne
1533 725 1556 752 si
1571 724 1636 753 illuc
1657 725 1720 753 fue-

929 768 986 795 rint
1005 767 1077 796 forte
1097 769 1193 802 delati,
1209 769 1369 804 ignorantes
1393 770 1629 805 quemadmodum
1646 779 1676 799 se
1692 772 1720 799 in

934 814 1061 842 Romana
1077 815 1148 843 urbe
1162 815 1299 851 gesserint
1311 836 1318 848 ,
1340 816 1434 851 aliqua
1444 817 1592 845 verborum
1603 818 1722 846 simula.

930 860 1006 888 tione
1013 861 1121 897 aliquos
1131 862 1240 898 possint
1247 862 1385 898 decipere.
1396 863 1448 897 Qui
1456 871 1522 892 vere
1531 865 1604 892 scire
1613 865 1723 893 deside-

930 911 983 939 rat,
995 915 1028 935 ex
1043 915 1139 935 eorum
1153 908 1405 937 contestationibus
1416 917 1488 945 quas
1499 910 1528 937 in
1539 909 1637 938 eadem
1652 911 1722 939 urbe

930 953 1000 982 locis
1016 954 1136 990 publicis
1147 954 1314 988 deiixerunt,
1333 955 1420 991 magis
1431 962 1573 992 agnoscet,
1586 965 1668 992 quam
1689 965 1723 986 ex

931 1000 1014 1028 istius
1036 1001 1158 1036 scriptis,
1175 1002 1222 1037 qui
1245 1010 1301 1030 non
1317 1006 1362 1030 est
1387 1010 1482 1030 eorum
1496 1007 1614 1036 tantum,
1631 1004 1679 1032 sed
1695 1009 1724 1032 et

931 1047 1018 1075 totius
1031 1047 1161 1076 Ecclesiae
1178 1048 1308 1076 inimicus
1323 1050 1494 1085 agnoscitur.
1511 1049 1578 1077 Nam
1594 1055 1623 1078 et
1636 1051 1725 1086 ipsius

932 1092 1062 1121 Romana
1087 1092 1228 1128 Ecclesiae,
1253 1095 1334 1130 cujus
1351 1102 1380 1123 se
1396 1096 1474 1130 quasi
1491 1096 1664 1131 defensorem
1683 1097 1724 1124 si-

933 1139 1030 1172 mulat,
1046 1139 1074 1166 in
1091 1144 1197 1168 tantum
1211 1140 1390 1168 adversarius
1402 1140 1563 1176 denotatur,
1578 1147 1609 1170 ut
1619 1142 1647 1170 si
1663 1150 1724 1170 me-

933 1184 1031 1212 morati
1053 1185 1194 1218 monachi,
1207 1193 1277 1222 quos
1295 1186 1375 1221 quasi
1393 1186 1484 1214 eidem
1499 1187 1632 1216 Ecclesiae
1655 1196 1724 1216 con—

933 1230 1035 1258 trarios
1048 1230 1179 1264 aestimat,
1203 1231 1299 1267 inique
1314 1231 1448 1260 adversus
1462 1240 1523 1260 eam
1543 1232 1570 1260 in
1594 1233 1639 1261 his
1655 1242 1723 1269 .par-

933 1277 1010 1304 tibus
1035 1277 1127 1312 aliqua
1150 1277 1254 1314 ﬁngere
1281 1278 1447 1311 voluissent,
1471 1286 1615 1314 nunquam
1640 1280 1723 1308 credo

933 1323 974 1351 ita
985 1323 1108 1359 ejusdem
1118 1324 1249 1352 Ecclesia:
1259 1323 1341 1352 fidem
1355 1324 1489 1361 derogare
1501 1326 1722 1360 praevaluissent,

934 1369 1168 1404 quemadmodum
1186 1370 1248 1403 iste,
1261 1371 1350 1405 quiex
1361 1379 1480 1406 persona
1492 1371 1580 1406 ipsius
1592 1372 1726 1401 Ecclesia:

934 1414 998 1442 ideo
1009 1414 1103 1450 inique
1110 1423 1157 1443 eos
1164 1415 1302 1443 obtrectat
1310 1420 1337 1443 et
1347 1416 1462 1448 lacerat,
1473 1415 1620 1452 quiajuxta
1631 1418 1725 1446 divina

935 1460 1092 1496 eloquia,et
1104 1465 1262 1489 sanctorum
1273 1458 1385 1489 Patrum
1403 1462 1568 1490 traditiones
1583 1463 1724 1492 Christum

89 1518 145 1546 qua
163 1509 294 1538 Christus
315 1510 403 1538 Filius
433 1511 482 1538 Dei
511 1519 587 1551 unus
615 1518 676 1538 esse
702 1510 827 1538 creditur
849 1517 918 1547 exc
936 1505 1036 1535 Filium
1048 1507 1201 1543 Dei,quem
1221 1507 1248 1535 in
1271 1507 1380 1536 duabus
1397 1509 1506 1536 naturis
1519 1511 1724 1543 essentialiter,

89 1560 189 1583 sancta
204 1560 232 1583 et
258 1555 396 1583 ineilabili
422 1556 571 1588 Trinitate,
593 1556 737 1583 Romanus
763 1556 885 1591 populus

90 1603 217 1636 resistit;
236 1603 290 1638 jam
300 1610 356 1630 non
371 1606 477 1630 tantum
493 1603 556 1635 iste,
568 1602 617 1638 qui
627 1602 733 1630 erroris
752 1603 797 1629 sui
811 1607 886 1630 tene-

90 1647 152 1674 bris
166 1653 332 1679 excmcatus,
346 1646 490 1674 diabolicae
507 1647 612 1674 semina
634 1646 752 1674 nefanda
772 1647 885 1675 zizanire

94 1693 169 1720 hanc
207 1697 331 1720 sanctam
357 1693 525 1721 sententiam
558 1694 672 1726 asserit,
703 1694 885 1721 verumetiam

91 1729 185 1765 omnis
197 1738 357 1765 autedictus
373 1738 498 1774 populus
515 1738 666 1765 hmreticus
682 1738 767 1774 (quod
784 1739 884 1774 absit!)

91 1791 153 1812 esse
182 1784 369 1812 convincitur.
400 1784 428 1812 Si
453 1788 545 1812 autem
574 1792 662 1820 usque
679 1785 714 1813 ad
729 1786 821 1813 aemuli
842 1786 884 1813 sui

92 1830 268 1865 pmsentiam
297 1831 402 1858 eisdem
437 1831 581 1859 monachis
612 1831 716 1859 ibidem
750 1832 886 1860 remorari

93 1877 263 1909 volentibus,
280 1886 336 1912 quo
360 1878 420 1913 ipso
442 1881 580 1913 prasente
591 1885 674 1906 causa
689 1886 785 1905 eorum
805 1885 885 1913 (equo

91 1923 190 1950 ordine
210 1923 422 1956 terminaretur,
445 1924 565 1959 populus
593 1924 710 1957 restitit,
723 1925 836 1956 stultus,
857 1928 886 1951 et

92 1969 207 2005 iniquus
218 1974 278 1997 erat
294 1970 367 1999 idem
394 1970 523 2005 populus,
551 1971 599 2005 qui
624 1971 797 1998 audientiam
819 1972 883 2006 jure

92 2014 256 2048 petentibus
270 2012 419 2048 denegavit
431 2022 533 2048 eosque
542 2022 556 2041 a
568 2014 626 2043 suis
637 2016 774 2043 violenter
783 2016 886 2050 repulit

92 2060 266 2095 regionibus.
282 2060 342 2087 liuc
356 2061 505 2088 attendant
518 2065 546 2088 et
566 2061 772 2089 confundantur
795 2062 823 2089 hi
837 2062 885 2097 qui

92 2107 193 2134 exinde
204 2115 253 2134 eos
271 2107 355 2134 fuisse
364 2107 503 2142 iactitant.

127 2151 210 2179 Nunc
225 2159 288 2186 quae
316 2151 372 2179 sint
398 2151 544 2187 sequentia
565 2150 721 2180 videamus.
747 2151 825 2184 Sero,
846 2152 885 2179 in-

92 2197 162 2232 quit.
175 2197 359 2232 probavimus
371 2195 536 2233 prophetica
548 2198 709 2232 Apostolum
719 2206 787 2226 voce
800 2198 886 2226 dixis.

93 2250 122 2270 se
138 2243 161 2259 ³⁸
179 2243 208 2270 in
232 2243 393 2271 novissimis
415 2244 516 2271 diebus
536 2242 642 2273 instare
658 2249 784 2279 tempora
810 2245 884 2279 peri-

93 2289 188 2316 culosa
220 2293 249 2316 et
274 2289 346 2317 fore.
371 2290 497 2317 homines
524 2290 566 2317 sui
591 2295 698 2318 tantum
727 2295 884 2325 amatores,

94 2336 230 2363 habentes
255 2336 372 2363 formam
398 2336 521 2371 pietatis,
550 2334 682 2363 virtutem
707 2341 798 2364 autem
825 2338 886 2373 ejus

92 2381 275 2416 abnegantes,
285 2385 312 2407 et
326 2381 362 2407 ita
379 2388 438 2407 esse
454 2380 592 2408 vitandos.
604 2380 632 2408 Si
644 2381 760 2408 formam
774 2381 886 2416 pictatis

93 2434 146 2453 non
162 2427 297 2453 virtutem
319 2426 481 2461 judicantur
504 2426 618 2459 habere,
635 2425 683 2462 qui
702 2427 821 2454 fideliter
836 2435 883 2454 ca-

94 2471 205 2498 tholicis
230 2472 407 2506 dogmatibus
435 2473 633 2507 acquiescunt:
665 2477 770 2507 quanto
797 2473 884 2507 magis

95 2525 144 2544 oce
159 2517 248 2552 ipsam
262 2517 378 2544 formam
396 2518 507 2552 pietatis
527 2518 642 2550 habere,
667 2518 715 2546 sed
739 2519 885 2547 evidenter

94 2563 167 2598 impii
177 2563 323 2599 iudicandi
336 2564 465 2598 sunt,qui
477 2563 618 2591 Christum
631 2565 730 2591 Filium
739 2565 786 2592 Dei
798 2572 884 2592 unum

96 2617 151 2636 esse
164 2613 268 2644 negant
292 2617 326 2636 ex
337 2614 431 2636 sancta
444 2615 472 2636 et
491 2610 611 2637 terribili
634 2610 791 2638 Trinitate?
805 2610 884 2639 Unde

97 2663 146 2682 non
168 2655 222 2687 illi,
250 2655 300 2682 sed
325 2655 370 2682 isti
388 2655 481 2689 potius
497 2655 540 2683 sui
565 2660 714 2687 amatores.
731 2660 760 2683 et
777 2657 884 2684 vitandi

97 2698 166 2732 juxta
182 2699 348 2734 Apostoium
363 2699 506 2726 verissime
517 2699 682 2733 edocontur,
699 2701 746 2735 qui
763 2701 884 2735 propriis

99 2745 199 2782 accepti
211 2743 406 2781 opinionibus,
420 2745 555 2772 resistunt
569 2745 750 2780 apertissima:
760 2746 882 2775 veritati.

128 2835 175 2863 “ii
187 2837 260 2864 Tim.
272 2844 314 2868 in,
330 2837 389 2867 1-5.
438 2836 458 2852 ³¹
472 2836 568 2864 Matth.
581 2846 609 2870 v,
623 2823 667 2865 il.
705 2838 727 2854 ³²
739 2837 822 2867 Prov.
836 2847 891 2874 xix,
903 2837 932 2868 δ’.

290 2884 427 2916 ΡΑτιιοι.
448 2884 507 2916 Gs.
529 2885 707 2919 LXXXVI.

938 1553 1317 1589 sivejuxtacompositioncm
1326 1552 1460 1582 unitionis
1479 1559 1507 1582 et
1523 1555 1727 1583 inconfusionis

937 1599 1095 1628 docetfides
1103 1599 1250 1633 catholica,
1260 1599 1440 1633 conﬁtentur,
1449 1605 1477 1628 ct
1489 1601 1544 1629 illis
1550 1601 1662 1636 quidem
1676 1602 1728 1629 hu-

933 1646 1106 1682 jus'falsitas,
1136 1654 1192 1674 non
1204 1647 1291 1674 solum
1303 1646 1409 1675 auferet
1424 1647 1504 1680 nihil,
1519 1655 1615 1675 verum
1640 1648 1725 1676 etiam

936 1692 1050 1719 multam
1064 1699 1140 1727 spem
1153 1691 1333 1719 beatitudinis
1343 1691 1461 1723 confert,
1472 1692 1589 1720 Domino
1597 1692 1707 1720 dicente
1717 1702 1725 1720 :

936 1737 1013 1765 Beati
1025 1738 1086 1765 estis
1105 1747 1164 1765 cum
1178 1746 1221 1765 vos
1237 1738 1453 1773 exprobraverint
1483 1739 1612 1770 homines,
1627 1745 1650 1766 et
1664 1748 1728 1775 per-

936 1784 1017 1810 secuti
1031 1783 1139 1818 fuerint,
1158 1788 1182 1810 et
1196 1783 1311 1810 dixerint
1335 1791 1412 1810 ommz
1432 1784 1538 1811 verbum
1557 1784 1658 1812 malum
1677 1786 1728 1812 ad-

936 1837 1026 1856 versus
1036 1837 1080 1855 vos
1098 1829 1252 1856 mentientes
1264 1833 1372 1864 propter
1386 1837 1426 1856 me
1438 1827 1470 1861 ³¹,
1484 1829 1536 1856 sibi
1548 1835 1644 1857 autem
1665 1837 1729 1864 per-

937 1878 1047 1909 petuam
1056 1873 1212 1901 sinc'dubio
1221 1874 1339 1901 contulit
1351 1879 1467 1901 mortem
1476 1876 1551 1910 ;r;uia
1561 1875 1646 1910 falsus
1655 1878 1728 1903 testi:

936 1929 988 1947 non
1004 1921 1055 1947 erit
1068 1919 1214 1956 impunitus
1228 1919 1261 1946 ³².
1280 1919 1329 1947 llis
1342 1920 1379 1948 ita
1396 1919 1494 1952 finitis,
1525 1921 1611 1948 multa
1624 1925 1652 1949 et
1671 1930 1728 1950 non

936 1965 1094 1994 necessaria
1108 1967 1143 1994 de
1159 1964 1239 1994 libris
1250 1965 1344 1994 Fausti
1356 1967 1499 2002 cujusdam
1517 1966 1585 1995 Galli
1603 1969 1728 2005 episcopi

936 2013 964 2040 in
980 2013 1214 2048 consequentibus
1228 2013 1364 2047 loquitur,
1387 2021 1439 2040 nec
1461 2014 1495 2041 ad
1513 2014 1539 2041 id
1565 2016 1639 2050 quod
1654 2024 1728 2050 qure-

936 2059 1018 2089 ritur,
1041 2058 1223 2094 respondens,
1249 2058 1296 2095 sed
1323 2059 1376 2086 alia
1404 2060 1500 2086 nescio
1533 2069 1595 2095 qua:
1617 2061 1651 2088 ad
1670 2070 1727 2089 rem

937 2112 993 2132 non
1008 2104 1174 2140 pertinentia
1201 2104 1330 2132 inani'ct
1344 2105 1451 2140 prolixo
1473 2113 1601 2134 sermone
1614 2107 1727 2143 digerit.

939 2150 1008 2177 Nam
1022 2157 1086 2177 cum
1101 2148 1136 2178 de
1156 2149 1223 2184 ipsis
1237 2149 1325 2183 libris,
1342 2158 1398 2177 non
1423 2154 1516 2178 utrum
1535 2151 1643 2187 legendi
1660 2154 1727 2186 sint,

937 2195 985 2223 sed
1016 2190 1109 2223 utrium
1134 2195 1191 2223 sint
1210 2196 1352 2228 catholici,
1374 2200 1503 2224 vertatur
1520 2199 1647 2234 quaestio,
1673 2200 1726 2227 istc

936 2247 993 2268 non
1007 2240 1041 2268 de
1055 2241 1123 2276 ipsis
1139 2240 1206 2275 quid
1219 2241 1395 2282 sentiendum
1413 2242 1459 2274 sit,
1474 2242 1522 2269 sed
1537 2251 1585 2270 eos
1601 2245 1727 2278 quamvis

936 2295 991 2315 non
1003 2288 1167 2315 auctoritate
1181 2287 1336 2319 habendos,
1352 2293 1442 2315 tamen
1459 2289 1589 2323 legendos
1607 2299 1667 2318 esse
1677 2291 1727 2318 du-

937 2334 1036 2362 cernit.
1058 2334 1267 2373 Verumtamen,
1295 2334 1359 2369 quia
1375 2343 1422 2362 eos
1437 2335 1525 2362 libros
1538 2344 1608 2371 quos
1628 2338 1728 2366 beatus

938 2381 1113 2415 Augustinus
1131 2381 1278 2415 episcopus
1289 2380 1322 2407 ad
1341 2381 1475 2408 liiiarium
1492 2383 1604 2417 scripsit
1619 2388 1646 2410 ct
1663 2385 1729 2411 Pro-

940 2434 1052 2461 sperum
1072 2426 1099 2453 in
1125 2427 1179 2453 iinc
1198 2426 1280 2461 hujus
1297 2427 1421 2461 epistola:
1440 2427 1592 2455 Romanam
1611 2433 1728 2469 testatur

938 2473 1080 2508 suscipere
1088 2472 1249 2505 Ecclesiam,
1264 2473 1369 2507 etquid
1383 2473 1417 2501 de
1432 2474 1521 2509 gratia
1533 2474 1591 2508 Dei,
1601 2476 1730 2508 etlibero

938 2518 1062 2546 humano
1077 2518 1194 2546 arbitrio
1206 2519 1302 2547 eadem
1314 2524 1406 2547 teneat
1431 2525 1461 2548 et
1480 2526 1571 2548 servet
1593 2521 1727 2556 Ecclesia,

938 2571 973 2591 ex
990 2563 1057 2598 ipsis
1073 2564 1153 2591 libris
1166 2563 1279 2591 abunde
1296 2572 1376 2598 posse
1395 2565 1459 2592 scivi
1473 2566 1584 2599 asserit,
1597 2567 1731 2602 omitten-

941 2614 982 2637 tcs
1002 2618 1035 2637 ea
1057 2618 1118 2645 qua:
1143 2609 1282 2644 superflue
1310 2615 1339 2637 et
1362 2611 1470 2645 prolixe
1494 2611 1520 2638 in
1549 2612 1608 2647 ipsa
1624 2613 1737 2650 digesta

938 2657 1092 2691 probantur
1105 2657 1233 2692 cpistola,
1251 2657 1421 2684 conveniens
1437 2659 1544 2686 credidi
1561 2660 1653 2694 aliqua
1674 2665 1729 2687 tam

939 2703 973 2730 de
989 2703 1083 2730 Fausti
1107 2711 1189 2737 quam
1207 2703 1241 2730 de
1261 2702 1412 2731 antedictis
1433 2705 1511 2731 libris
1525 2705 1647 2740 ejusdem
1665 2714 1736 2733 san--

939 2748 976 2776 eti
997 2749 1151 2784 Augustini
1181 2754 1258 2777 certa
1278 2750 1399 2785 capitula
1420 2750 1588 2786 decerpere,
1620 2757 1648 2779 et
1663 2750 1736 2781 inflet
