1953 3086
207 94 264 126 ’107

833 96 995 128 JOANNIS
1014 97 1208 128 MAXENTII

1798 98 1846 130 lii8

213 153 308 177 nostro
323 149 458 184 opusculo
471 148 604 181 inserere,
619 153 651 176 ut
673 155 735 176 cum
758 150 787 177 in
807 149 885 178 brevi
901 151 1000 179 collata
1016 156 1038 183 Α
1087 151 1214 186 Denique
1234 157 1297 186 post
1320 151 1462 187 aliquanta
1484 159 1542 186 qua:
1552 152 1589 179 ibi
1616 151 1650 179 de
1674 151 1753 180 initio
1772 153 1844 186 ﬁdei,

213 195 245 222 ad
259 193 379 222 invicem
396 193 536 221 contraria
552 194 604 221 sibi
620 199 730 228 reperta
745 194 862 227 fuerim,
883 195 1000 223 eviden-

213 249 253 268 .er
269 241 382 273 clareat,
398 240 486 267 libros
512 239 605 267 Fausti
628 247 689 267 esse
713 240 871 268 haereticos.
898 241 1001 276 Sicque

212 286 416 313 confundantur
429 293 536 318 omnes,
561 286 608 320 qui
625 293 673 313 eos
698 286 834 314 hactenus
849 286 1002 313 defendunt

182 320 201 337 ’¹’
212 332 374 360 catholicos.
390 331 514 365 Quorum
538 332 719 367 princepset
747 336 845 359 auctor
869 336 912 360 est
939 340 1003 367 pos-

189 379 191 387 ‘
211 385 304 404 sessor
321 376 469 404 Africanus
478 374 678 415 episcopusqi
691 381 785 414 tarmen
799 377 828 404 in
850 377 902 405 hac
923 381 1003 412 parte

179 418 184 448 Ῐ
213 431 269 451 non
285 423 368 458 hujus
385 427 496 458 reputat
512 423 693 456 sententiam,
712 415 802 459 cujus,
825 428 857 451 ut
873 423 1004 451 Christus

213 469 298 498 Filius
312 471 362 498 Dei
378 469 446 502 vivi,
468 469 515 504 qui
540 477 592 504 pro
611 469 732 496 humana
758 470 849 498 salute
868 470 897 496 in
917 476 1003 497 carne

211 521 254 544 est
268 516 418 545 cruciﬁxus
434 524 507 544 unus
522 520 641 551 negetur
654 524 689 544 ex
706 516 855 550 Trinitate,
875 524 1003 552 magnam

202 563 343 598 .pncdicat
356 563 565 590 auctoritatem.
579 563 632 590 Sed
650 566 799 597 antequam
814 562 873 598 ipsa
891 572 905 590 a
922 563 1004 591 nobis

211 609 371 636 inserantur
381 608 513 643 capitula,
537 608 604 642 quid
626 608 725 635 beatus
748 607 919 643 Augustinus
936 609 1004 644 ipsis

211 655 290 682 libris
304 654 435 685 defendat
450 659 480 682 et
498 657 612 686 statuat,
641 653 709 689 quid
732 662 747 682 e
774 658 871 682 contra
885 655 1004 683 Faustus

211 702 239 728 in
253 701 311 728 suis
327 705 446 728 conetur»
466 705 606 733 astruere,
632 700 756 728 breviter
773 701 909 729 lectorem
935 709 1005 736 prae-

210 752 323 775 monere
341 746 531 774 necessarium
545 746 662 779 credidi,
678 754 734 782 quo
751 747 833 776 facile
848 755 944 775 eorum
963 747 1006 775 in-

210 794 351 822 tentiones
366 794 529 821 discernere
543 794 647 822 valeat.

1052 197 1126 233 quod
1143 197 1224 225 nobis
1238 198 1290 236 nisi
1304 198 1425 233 desuper
1453 198 1513 226 dari
1533 199 1697 226 certissimis
1713 198 1847 234 approbat

1051 243 1238 276 documentis,
1256 244 1427 279 exprobrans
1451 244 1528 271 hunc
1553 252 1665 272 sensum
1682 265 1689 277 ,
1718 244 1804 272 infert
1820 249 1847 272 et

1052 287 1143 315 dicit:
1167 289 1272 316 Nolens
1299 297 1367 324 ergo
1395 294 1450 316 tam
1472 289 1554 317 claris
1576 290 1742 317 testimoniis
1766 299 1847 326 repu-

1052 342 1146 370 gnare,
1171 339 1199 362 et
1222 340 1313 363 tamen
1340 336 1436 363 volens
1467 344 1482 363 a
1507 337 1598 371 seipso
1613 336 1665 364 sibi
1689 345 1750 364 esse
1773 337 1846 372 quod

1053 381 1153 413 credit,
1171 381 1250 415 quasi
1266 382 1409 417 componit
1425 382 1508 409 homo
1525 391 1588 410 cum
1606 383 1672 415 Deo,
1692 389 1722 410 ut
1738 388 1846 418 partem

1052 426 1106 454 sibi
1123 427 1186 454 ﬁdei
1205 428 1339 461 vindicet,
1363 433 1445 463 atque
1463 428 1502 455 illi
1514 433 1619 463 partem
1638 429 1776 465 relinquat
1795 439 1801 457 :
1819 435 1846 458 et

1053 472 1127 506 quod
1142 478 1184 500 est
1199 473 1310 506 elatius,
1331 474 1449 508 primam
1468 474 1532 507 sibi,
1549 481 1713 509 sequentem
1730 476 1778 503 dat
1793 477 1843 509 illi,

1053 521 1080 545 et
1096 519 1125 545 in
1140 526 1173 546 eo
1185 519 1258 553 quod
1271 527 1332 546 esse
1346 519 1421 547 dicat
1434 520 1578 547 amborum
1590 521 1710 555 primum
1724 529 1753 549 se
1770 522 1844 554 facit,

1054 564 1242 599 posteriorem
1268 565 1366 592 Deum.
1385 565 1439 593 Sed
1458 565 1575 593 Faustus
1595 567 1737 602 (inquiunt
1753 567 1781 594 hi
1800 568 1846 602 qui

1053 618 1117 638 eum
1126 611 1293 639 catholicum
1306 616 1442 639 conantur
1453 612 1628 646 defendere),
1638 613 1742 648 primas
1754 617 1846 647 partes

1054 664 1110 684 non
1128 657 1246 689 homini,
1271 657 1320 685 sed
1333 658 1427 693 gratire
1445 658 1495 685 Dei
1512 659 1620 686 tribuit.
1637 659 1706 686 Nam
1725 660 1752 686 in
1767 663 1846 687 sexto

1054 704 1178 739 ejusdem
1191 704 1255 731 libri
1269 704 1360 739 capite
1379 712 1441 731 cum
1458 695 1581 739 Apostoli
1602 705 1767 732 sententiam
1787 705 1846 733 dis-

1054 755 1170 783 sereret,
1189 751 1226 778 ita
1242 751 1282 778 ait
1301 759 1308 777 :
1325 751 1418 779 Gratia
1432 751 1489 784 Dei,
1509 772 1516 783 ,
1532 751 1632 786 inquit,
1648 760 1707 779 sum
1726 753 1762 785 id,
1777 753 1847 788 quod

1053 805 1113 824 sum
1131 797 1163 824 “.
1191 797 1298 824 Primas
1319 801 1413 832 partes
1439 797 1490 824 soli
1507 798 1606 832 ‘gratiae
1630 797 1675 832 pie
1703 798 1846 833 subjectus

246 839 333 875 igitur
356 839 431 867 idem
457 843 570 867 sanctus
590 838 763 878 Augustinus
787 839 824 867 ita
849 837 1040 875 humanum}3
1055 843 1179 876 ascribit,
1196 843 1287 871 media
1303 851 1419 879 quaeque
1436 843 1542 871 laboris
1560 844 1720 879 magisterio
1735 849 1763 871 et
1775 844 1845 871 obe-

204 886 359 914 .arbitrium
381 886 501 914 liberum
520 886 613 919 docet,
629 890 660 914 ut
676 885 856 919 illuminatio,
871 887 961 915 virtus
972 891 1001 915 et

211 934 286 961 ξυιυς
304 933 343 960 illi
360 941 375 960 a
389 933 503 960 Christo
518 937 546 960 et
565 941 616 968 per
629 932 771 961 Christum
791 937 820 961 et
840 941 903 961 cum
919 933 1002 961 Chri-

211 985 254 1008 sto
271 980 317 1008 sit.
334 980 453 1007 Faustus
467 987 534 1006 vero
548 979 586 1007 ita
609 979 729 1007 liberum
750 979 940 1008 Christianum
959 988 1003 1008 ar-

210 1026 325 1054 bitrium
343 1026 445 1054 docere
461 1029 590 1059 conatus,
609 1029 640 1053 ut
657 1026 836 1060 illuminatio,
854 1027 955 1060 virtus,
974 1032 1003 1054 et

212 1073 298 1106 salus,
310 1080 367 1100 non
384 1079 400 1100 a
415 1072 537 1106 Christo,
557 1072 606 1100 sed
622 1077 722 1100 natura
735 1073 782 1100 sit.
796 1073 830 1101 Et
844 1078 875 1100 ut
889 1073 1002 1109 planum

213 1122 260 1147 ttat
294 1119 369 1155 quod
393 1119 522 1152 dicimus,
545 1120 592 1147 ille
620 1127 672 1148 nos
694 1119 880 1153 Christianos.
907 1120 1004 1148 ﬁdeles

211 1169 294 1200 atque
308 1165 472 1193 obedientes
486 1165 542 1192 Deo
555 1165 706 1193 salubriter
725 1173 775 1201 per
792 1166 909 1202 gratiam
919 1166 1004 1194 Chri-

212 1211 258 1244 sti,
290 1219 372 1246 quam
400 1211 482 1238 nobis
506 1219 557 1246 per
582 1211 787 1240 lnearnationis
809 1221 867 1240 suae
890 1213 1004 1241 donavit

207 1258 383 1293 praesentiam
394 1279 401 1291 ,
417 1265 478 1286 esse
492 1257 590 1286 deﬁnit
604 1267 612 1286 :
628 1258 693 1292 iste,
707 1259 784 1294 juxta
797 1259 914 1294 profana
928 1267 1004 1287 com~

208 1309 304 1332 menta
315 1305 418 1340 Pelagii
432 1305 598 1332 naturaliter
613 1312 675 1333 esse
697 1305 840 1333 discernit.
866 1305 1003 1333 Refutans

213 1359 331 1387 namque
346 1351 444 1379 callide
456 1351 581 1387 ejusdem
598 1352 702 1387 Pelagii
727 1359 851 1386 sensum,
879 1356 907 1379 et
923 1352 1003 1387 quasi

208 1398 396 1433 exprobrans,
425 1398 500 1434 quod
528 1398 643 1426 omnino
662 1398 767 1426 Christi
782 1399 925 1434 negaverit
943 1407 1005 1434 gra-

215 1444 290 1477 tiam,
322 1452 431 1473 necnon
448 1448 477 1472 et
495 1444 567 1475 illos.
598 1444 646 1479 qui
671 1445 756 1473 nullis
780 1445 1004 1480 prmcedentibus

212 1490 324 1518 meritis
346 1492 425 1527 juxta
445 1490 608 1526 Apostolum
632 1490 750 1526 gratiam
775 1491 825 1518 Dei
844 1491 1004 1519 hominibus

212 1537 272 1565 dari
288 1537 411 1566 fatentur
427 1537 459 1570 ³³,
478 1537 538 1572 ipse
554 1536 632 1571 quasi
649 1536 872 1571 sapientisstmus
890 1541 918 1564 et
938 1545 1004 1573 pru—

212 1584 392 1612 dentissimus
408 1591 497 1611 novus
515 1590 594 1610 novae
616 1582 760 1618 pravitatis
778 1583 921 1621 apostolus
934 1591 998 1618 gra-

210 1630 279 1658 tiam
296 1629 345 1657 Dei
359 1628 512 1657 secundum
528 1628 659 1656 meritum
679 1627 743 1655 ﬁdei
766 1632 795 1655 et
825 1628 929 1655 laboris
951 1627 1002 1655 da-

214 1676 256 1708 ri,
274 1675 374 1703 nititur
399 1675 529 1706 edocere,
560 1677 590 1700 ut
614 1673 671 1709 jam
699 1673 740 1700 sic
763 1673 812 1700 Dei
833 1673 923 1709 gratia
947 1681 1003 1700 non

213 1722 249 1749 sit
281 1721 380 1757 gratia.
411 1721 480 1748 Nam
510 1727 573 1747 cum
610 1727 693 1747 nemo
717 1719 833 1747 obediat
864 1720 924 1747 sive
960 1720 1002 1747 la-

214 1769 294 1796 boret
314 1768 367 1795 nisi
384 1767 492 1799 volens,
522 1774 604 1794 nemo
625 1767 704 1800 velit,
730 1766 785 1794 nisi
803 1767 901 1794 scierit
925 1767 1001 1802 quod

213 1813 239 1840 ci
255 1813 404 1840 conveniat
423 1812 562 1844 laborare,
588 1812 639 1839 iste
660 1816 724 1847 post
744 1813 890 1840 scientiam
911 1817 940 1841 et
955 1822 1003 1841 vo-

213 1860 347 1886 luntatem
364 1866 413 1886 seu
429 1857 619 1885 obedientiam
637 1858 759 1886 humano
776 1859 863 1894 labqri
877 1859 1003 1895 adjungit

214 1905 310 1940 gratiae
333 1903 514 1939 adjutorium,
548 1907 579 1930 ut
606 1903 738 1932 videlicet
762 1896 849 1940 gratia
876 1910 904 1932 et
924 1904 1003 1932 labor

213 1951 363 1981 humanus,
392 1949 472 1985 cujus
497 1949 713 1984 possibilitatem
738 1958 795 1977 non
812 1958 862 1985 per
878 1950 1003 1978 eamdem

213 1994 342 2030 gratiam,
371 1993 419 2020 sed
429 1990 602 2020 'naturaliter
619 1994 709 2022 inesse
735 1994 864 2022 omnibus
890 1995 1001 2028 asserit,

211 2040 318 2075 pariter
337 2040 446 2073 sociati,
474 2041 580 2075 reliqua
606 2041 751 2075 perﬁciant
770 2049 865 2077 opera,
899 2047 928 2070 et
950 2042 1003 2069 hoc

212 2085 326 2121 quidem
340 2093 369 2113 se
388 2086 537 2121 pollicetur
556 2086 715 2115 defendere.
732 2088 830 2115 Postea
846 2092 939 2116 autem
951 2089 1003 2115 im-

215 2140 321 2159 memor
340 2133 384 2160 sui
400 2133 542 2168 promissi,
569 2137 655 2161 totam
672 2135 782 2168 plenius
799 2135 914 2170 gratiam
937 2143 1002 2162 eva-

1053 888 1167 917 dientia:
1184 889 1465 924 dcputat,utrumque
1480 890 1507 916 in
1532 889 1772 917 consummatione
1787 898 1846 918 mo-

1052 932 1165 967 deratus
1179 933 1294 968 gratiam
1305 933 1488 968 laboremque
1500 934 1656 969 conjungit.
1683 934 1743 961 Non
1764 934 1844 967 dicit,

1052 979 1109 1015 Ego
1121 980 1181 1007 sine
1196 980 1296 1015 gratia,
1311 984 1359 1007 aut
1371 980 1459 1016 gratia
1473 980 1533 1008 sine
1547 980 1664 1011 me.-sed
1690 980 1785 1008 Gratia
1797 981 1845 1008 Dei

1052 1034 1154 1053 mecum
1165 1026 1197 1053 ³⁵.
1208 1026 1260 1053 Sed
1268 1026 1393 1061 gratiam,
1406 1026 1451 1053 cui
1467 1027 1521 1053 hoc
1538 1027 1599 1054 loco
1608 1027 1726 1054 Faustus
1742 1027 1846 1061 primas

1051 1077 1143 1108 partes
1159 1073 1266 1106 tribuit,
1280 1081 1336 1100 non
1348 1080 1408 1100 eam
1422 1081 1482 1108 qua:
1496 1081 1545 1108 per
1558 1073 1693 1108 Spiritum
1711 1078 1840 1100 sanctum

1052 1119 1092 1152 ﬁt,
1111 1123 1142 1147 ut
1154 1120 1278 1148 Verbum
1291 1120 1340 1148 Dei
1359 1119 1516 1148 forinsecus
1533 1119 1673 1147 intonauti
1698 1128 1844 1148 assensum

1052 1166 1234 1201 prmbeamus,
1251 1171 1280 1194 et
1294 1165 1460 1193 obedientes
1470 1165 1625 1193 elliciamur
1641 1186 1648 1198 ,
1672 1166 1720 1194 sed
1742 1167 1845 1201 praedi-

1052 1211 1188 1239 cationem
1202 1205 1360 1239 divinorum
1383 1211 1485 1238 asserit
1512 1212 1705 1246 cloquiorum,
1723 1217 1753 1239 ut
1767 1212 1847 1240 vide-

1051 1257 1117 1285 licet
1135 1257 1231 1293 gratite
1253 1257 1289 1285 sit
1315 1257 1390 1292 quod
1406 1257 1486 1284 nobis
1507 1257 1600 1285 divina
1617 1259 1728 1293 eloquia
1742 1259 1846 1293 pracdi-

1052 1307 1151 1331 cantur
1164 1311 1172 1330 :
1187 1307 1312 1330 nostrum
1333 1307 1425 1330 autem
1439 1303 1484 1336 sit,
1494 1307 1525 1330 ut
1540 1304 1630 1330 eidem
1646 1304 1844 1339 praedicationi

1054 1350 1271 1378 consentiamus.
1289 1350 1415 1386 Denique
1436 1351 1464 1377 in
1485 1350 1576 1386 capite
1593 1351 1730 1387 vigesimo
1747 1355 1846 1379 octavo

1053 1395 1177 1432 ejusdem
1189 1396 1255 1423 libri
1272 1396 1356 1431 primi
1382 1396 1525 1424 disserens
1544 1397 1716 1425 Dominicam
1733 1402 1847 1426 sentcn-

1055 1441 1134 1475 tiam,
1150 1449 1204 1477 qua
1222 1441 1261 1469 ait
1278 1451 1284 1468 :
1301 1441 1383 1469 Nemo
1399 1443 1468 1469 venit
1486 1443 1521 1469 ad
1534 1451 1574 1470 me
1589 1443 1640 1470 nisi
1660 1443 1741 1470 Pater
1757 1448 1845 1471 attra-

1054 1487 1124 1514 xerit
1154 1495 1213 1514 eum
1233 1487 1266 1520 ",
1285 1488 1322 1515 ita
1341 1487 1414 1515 inter
1442 1493 1540 1516 caetera
1562 1488 1697 1523 loquitur.
1714 1488 1843 1521 'Clamat,

1055 1533 1158 1568 inquit,
1175 1534 1315 1566 voluntas,
1336 1534 1400 1569 quia
1420 1535 1477 1562 sola
1500 1542 1551 1569 per
1575 1542 1606 1562 se
1630 1535 1734 1562 elevari
1755 1534 1846 1562 nescit

1054 1579 1213 1607 inﬁrmitas.
1245 1579 1288 1607 ita
1312 1580 1447 1608 Dominus
1473 1581 1590 1608 attrahit
1618 1580 1843 1613 desiderantem,

1054 1625 1136 1661 erigit
1153 1625 1338 1653 adnitentem.
1361 1625 1433 1659 Quid
1445 1631 1489 1654 est
1502 1630 1595 1653 autetn
1612 1626 1765 1657 attrahere,
1789 1626 1844 1654 nisi

1054 1671 1228 1707 praedicare,
1253 1671 1309 1699 nisi
1337 1671 1510 1707 Scripturam
1536 1672 1776 1699 consolationibus
1797 1680 1845 1699 ex-

1054 1718 1158 1751 citare,
1190 1718 1431 1753 increpationibus
1463 1719 1630 1752 deterrere,
1661 1719 1844 1746 desideranda

1054 1773 1219 1800 proponere,
1237 1765 1379 1792 intentare
1395 1766 1555 1798 metuenda,
1577 1765 1713 1801 judicium
1728 1765 1845 1792 commi-

1053 1811 1125 1844 nari,
1144 1811 1289 1846 prtemium
1305 1810 1450 1846 polliceri?
1466 1811 1544 1843 Quod
1562 1810 1584 1837 si
1598 1811 1656 1837 sola
1668 1810 1842 1845 praedicatio,

1054 1857 1126 1885 sicut
1149 1857 1201 1884 iste
1218 1857 1394 1893 vult,gratia
1416 1857 1465 1884 Dei
1493 1857 1632 1885 credenda
1645 1862 1698 1889 est,
1716 1865 1777 1892 qum
1794 1865 1845 1892 per

1053 1903 1146 1931 Jesum
1161 1903 1305 1931 Christum
1332 1903 1405 1930 facta
1420 1908 1482 1936 est;
1504 1911 1573 1938 ergo
1593 1904 1649 1939 jam
1668 1911 1723 1930 non
1746 1903 1845 1930 Salva-

1055 1955 1110 1982 tor,
1128 1949 1175 1978 scd
1201 1949 1368 1985 praedicator
1395 1949 1590 1977 tantummodo
1614 1949 1687 1977 idem
1710 1950 1784 1976 Deus
1807 1954 1836 1976 et

1053 1996 1188 2024 Dominus
1206 2001 1303 2024 noster
1317 1996 1397 2024 Jesus
1413 1995 1553 2028 Christus,
1568 1995 1653 2030 (quod
1666 1993 1770 2029 absit!)
1781 2002 1844 2022 ere-

1053 2042 1162 2070 dendus
1179 2047 1230 2069 est.

1090 2088 1144 2116 Sed
1168 2089 1244 2116 hunc
1260 2088 1398 2116 nefarium
1416 2089 1478 2124 ejus
1495 2096 1608 2116 sensum
1628 2088 1664 2115 ita
1690 2086 1843 2121 exprobrat

1053 2139 1081 2163 et
1097 2134 1201 2162 refutat
1217 2135 1317 2162 beatus
1341 2135 1524 2169 Augustinus,
1554 2134 1676 2169 denique
1695 2141 1757 2160 mox
1777 2136 1842 2167 post

213 2186 296 2206 cuare
316 2179 501 2211 convincitur,
516 2179 636 2214 denique
648 2180 675 2207 in
684 2180 849 2208 Praefatione
858 2189 908 2208 sua
927 2181 1000 2209 inter
1016 2183 1038 2211 D
1051 2180 1127 2208 illam
1145 2180 1324 2212 sententiam,
1348 2180 1428 2214 cujus
1444 2179 1573 2214 superius
1587 2179 1704 2205 fecimus
1723 2177 1842 2204 mentio-

213 2229 312 2252 czetcra
337 2225 373 2252 ita
390 2224 514 2259 loquitur
534 2225 686 2253 :Studium
708 2226 821 2262 (inquit)
847 2227 1002 2254 asserenda

212 2271 307 2306 gratiae
319 2274 508 2305 competenter
525 2275 552 2298 et
567 2272 717 2300 salubriter
729 2273 859 2308 suscipit,
874 2274 922 2309 qui
934 2275 1002 2302 obe-

213 2317 345 2344 dientiam
357 2316 451 2344 famuli
466 2317 555 2344 labori
573 2318 709 2354 adjungit.

247 2362 281 2389 Et
301 2362 401 2389 iterum
416 2362 444 2388 in
459 2362 548 2396 capite
570 2363 583 2389 1
600 2363 683 2398 primi
703 2363 768 2391 libri
784 2372 791 2390 :
808 2364 837 2391 Si
849 2372 916 2400 ergo
940 2371 1003 2399 par-

214 2408 298 2438 tibus,
318 2408 420 2443 inquit,
443 2409 630 2443 proprietates
643 2417 707 2437 suas
732 2410 843 2442 reddas,
867 2415 895 2438 et
921 2410 1003 2438 Chri-

213 2457 286 2480 stum
297 2453 384 2480 Deum
396 2458 424 2480 et
441 2453 582 2481 hominem
601 2454 699 2481 credas
714 2458 743 2481 ct
751 2463 868 2487 asseras,
887 2455 1002 2490 perinde

212 2503 256 2527 est
275 2506 308 2526 ac
331 2498 353 2525 si
374 2499 490 2533 gratiam
514 2506 577 2526 cum
603 2499 697 2527 labore
722 2500 891 2535 eonjungas,
913 2505 942 2528 et
968 2501 1002 2527 ab

214 2544 352 2580 adjutorio
367 2544 416 2571 Dei
437 2548 566 2570 conatum
589 2544 710 2572 hominis
724 2552 779 2572 non
804 2544 932 2579 repellas.
949 2544 1002 2572 Cui

214 2588 361 2616 assertioni
376 2588 404 2615 in
414 2588 506 2623 primo
531 2596 629 2616 eorum
654 2589 725 2616 libro
742 2596 812 2624 quos
837 2597 921 2623 supra
943 2597 1001 2616 me-

214 2635 334 2662 moravit
350 2635 388 2662 ita
401 2634 567 2662 contradicit
576 2634 657 2670 5&4
669 2635 850 2671 Augustinus,
862 2640 892 2663 ut
902 2636 1002 2663 credas

214 2689 278 2709 cum
300 2685 366 2709 tunc
392 2681 504 2709 nonnisi
525 2685 622 2709 contra
632 2682 735 2718 scripta
760 2682 855 2710 Fausti
883 2691 1000 2718 respon-

215 2735 291 2755 uere.

250 2816 272 2832 ³³
283 2815 361 2844 Rom.
374 2824 410 2850 ιι,
421 2816 438 2845 6
453 2823 529 2850 seqq.
568 2817 609 2843 "l
625 2816 686 2843 Cor.
701 2825 744 2849 xv,
758 2817 799 2844 10.
839 2818 862 2833 ⁸⁸
873 2817 944 2844 ibid.

984 2817 1006 2833 ³⁸
1017 2816 1097 2845 Joan.
1109 2825 1148 2849 vi,
1159 2817 1204 2844 Μ.

1052 2234 1126 2259 nem,
1146 2226 1273 2261 sequitur
1289 2230 1317 2253 et
1328 2225 1397 2253 dicit
1412 2234 1417 2252 ε
1434 2225 1494 2252 Non
1509 2225 1549 2252 sic
1564 2224 1626 2259 pius
1645 2229 1728 2258 atque
1742 2223 1836 2249 humi-

1053 2273 1088 2300 lis
1104 2272 1202 2300 doctor
1228 2272 1273 2299 ille
1294 2271 1421 2306 sapiebat
1445 2270 1625 2306 (Cyprianum
1651 2269 1842 2296 beatissimum

1053 2317 1165 2353 loquor)
1178 2317 1225 2351 qui
1238 2317 1306 2343 dicit
1319 2317 1346 2343 in
1364 2316 1442 2343 nullo
1459 2315 1645 2350 gloriandum,
1660 2314 1770 2349 quando
1785 2322 1839 2341 no—

1054 2369 1144 2391 strum
1170 2363 1240 2390 nihil
1266 2363 1313 2390 sit.
1340 2362 1417 2395 Quod
1446 2366 1476 2388 ut
1504 2361 1687 2393 ostenderet,
1713 2361 1844 2388 adhibuit

1057 2409 1218 2443 Apostolutn
1243 2412 1341 2435 testem
1369 2407 1509 2434 dicentem
1534 2415 1541 2433 :
1565 2406 1634 2439 Quid
1650 2411 1736 2432 autem
1763 2406 1843 2432 habes

1056 2455 1125 2490 quod
1140 2463 1191 2481 non
1206 2454 1351 2489 accepisti?
1360 2454 1383 2480 si
1399 2458 1487 2480 autem
1500 2453 1633 2486 accepisti,
1645 2451 1706 2487 quid
1717 2452 1842 2486 gloriaris

1057 2500 1133 2535 quasi
1156 2508 1208 2526 non
1237 2497 1495 2533 acceperiH'iQuo
1521 2498 1663 2532 praecipuo
1679 2497 1842 2523 testimonio

1056 2545 1138 2572 etiam
1160 2545 1217 2579 ipse
1233 2544 1378 2571 convictus
1392 2551 1464 2575 sum,
1481 2550 1543 2569 cum
1560 2542 1689 2569 similiter
1706 2549 1842 2574 errarem,

1056 2595 1155 2626 putans
1167 2591 1321 2625 ﬁdem,qua
1338 2590 1365 2616 in
1383 2589 1471 2628 Deum
1487 2588 1637 2620 credimus,
1653 2595 1706 2614 non
1723 2595 1784 2614 esse
1793 2587 1845 2614 do-

1055 2645 1121 2665 num
1133 2637 1192 2668 Dei,
1206 2636 1254 2663 sed
1273 2644 1287 2662 a
1301 2635 1383 2662 nobis
1393 2642 1453 2662 esse
1466 2635 1494 2661 in
1507 2634 1598 2667 nobis,
1609 2637 1637 2661 et
1649 2641 1698 2668 per
1709 2634 1782 2660 illam
1791 2640 1844 2660 nos

1056 2683 1204 2717 impetrare
1215 2681 1261 2708 Dei
1272 2681 1343 2708 dona
1354 2680 1455 2715 quibus
1464 2684 1661 2714 temperanter,
1672 2683 1701 2705 et
1715 2679 1800 2714 juste,
1813 2679 1854 2727 et,

1056 2729 1100 2764 pie
1119 2728 1245 2755 vivamus
1258 2728 1285 2754 in
1298 2727 1351 2754 hoc
1368 2726 1480 2754 saeculo.
1492 2725 1587 2760 Neque
1601 2724 1676 2752 enim
1689 2723 1771 2751 ﬁdem
1788 2723 1853 2759 pu-j

1243 2816 1265 2832 ³⁷
1278 2816 1288 2843 l
1302 2814 1366 2843 Cor.
1378 2823 1414 2849 iv,
1427 2815 1453 2841 7.
