1953 3086
96 139 148 174 109
546 136 592 166 AD
611 133 827 164 EPIS’l‘OLAM
847 132 901 163 ΗΟ

95 195 189 229 tabam
209 193 259 221 Dei
285 192 374 228 gratia
394 191 559 227 praeveniri,
583 196 613 217 ut
637 198 686 225 per
709 189 783 216 illam
806 188 888 216 nobis

96 242 211 270 daretur
226 239 302 275 quod
319 238 426 266 utiliter
442 244 622 273 posceremus
636 257 642 270 ,
662 236 716 263 nisi
740 235 806 270 quia
825 242 886 262 cre-

97 288 162 315 dere
179 294 236 314 nou
251 283 406 321 possemus,
423 284 447 311 si
459 291 514 311 non
529 282 698 318 praecederet
714 281 885 317 prreconium

98 334 236 362 veritatis.
270 332 306 360 Ut
329 336 422 359 autem
451 330 604 365 praedicato
632 328 715 356 nobis
738 328 891 364 Evangelio

97 379 333 411 consentiremus,
348 381 478 404 nostrum
500 384 562 404 esse
576 375 723 411 proprium
733 395 741 407 ,
767 378 797 402 et
811 373 892 401 nobis

98 435 130 454 ex
148 425 230 453 nobis
251 432 314 452 esse
340 423 509 451 arbitrabar.
535 422 622 455 Quem
648 428 740 449 meum
762 428 893 448 errorem

98 471 235 498 nonnulla
250 469 387 505 opuscula
411 476 473 496 mea
497 468 643 500 indicant,
665 471 730 495 ante
744 467 889 503 episcopa-

97 523 156 545 tum
174 524 266 544 meum
282 516 408 551 scripta;
426 515 479 543 iste
495 522 622 542 errorem
638 515 718 546 dicit,
737 514 818 541 ﬁdem
834 520 890 540 non

98 563 147 592 Dei
163 563 267 591 donum
282 562 409 594 credere,
422 561 469 589 sed
483 569 498 588 a
512 560 592 588 nobis
604 568 664 588 esse
677 560 706 587 in
721 559 811 587 nobis.
824 559 895 586 Fad-

99 613 158 637 stus
176 612 270 636 autem
287 615 345 634 non
361 607 409 634 Dei
428 606 548 638 donum,
565 605 613 633 sed
633 613 648 632 a
669 605 751 632 nobis
770 605 797 632 in
814 603 895 631 nobis

97 663 159 684 esse
179 653 315 682 aﬁirmare
337 657 462 680 conatur.
476 652 506 679 In
526 651 617 686 capite
636 657 756 685 namque
777 649 896 684 septimo

98 701 161 731 yibri
182 700 266 735 primi
282 698 430 734 exponens
451 698 519 725 illud
539 697 664 732 Apostoli
687 705 694 723 :
717 696 810 725 Gratia
828 695 897 722 salui

100 741 162 776 iacti
184 747 245 774 estis
268 754 315 781 per
333 745 427 780 ﬁdem,
443 750 468 772 et
488 746 536 772 hac
554 752 607 772 non
626 752 659 771 ea:
684 743 768 773 vobis,
785 742 830 769 sed
849 741 898 768 Dei

95 794 197 820 donum
213 796 251 818 est
263 790 297 823 ³⁸,
310 796 373 826 post
388 791 528 825 aliquanta
543 789 671 825 sequitur
686 798 693 815 :
709 788 839 823 Tempus,
854 786 897 813 in-

99 838 175 873 quit,
188 837 285 873 gratiae
299 845 355 872 quo
372 836 508 872 redempti
525 843 636 868 sumus,
653 835 782 861 meritum
806 832 897 859 homi-

101 884 144 911 nis
159 891 217 910 non
232 883 411 918 exspectavit,
427 889 511 917 opera
529 890 585 909 non
601 880 740 916 quaesivit,
757 879 816 907 sola
831 877 897 906 ﬁdei

101 934 203 959 nostra;
225 929 374 957 devotione
388 933 537 957 contentus
549 928 612 955 fuit.
623 928 658 955 Et
670 929 767 954 contra
784 928 897 953 sanctus

103 976 273 1012 Augustinus
295 975 371 1002 inter
392 975 473 1002 initia
493 973 625 1002 antedicti
643 973 724 1008 primi
742 971 806 999 libri
824 971 867 999 sui
888 979 896 998 :

103 1023 155 1051 Sed
174 1031 259 1055 nunc,
276 1023 377 1057 inquit,
392 1021 454 1049 istis
477 1019 703 1056 respondendum
721 1025 783 1046 esse
800 1016 894 1050 video,

103 1070 149 1104 qui
166 1069 260 1096 divina
277 1067 446 1100 testimonia,
462 1074 523 1102 qua:
539 1065 573 1094 de
590 1066 643 1093 hac
660 1072 689 1092 re
706 1063 896 1096 adhibuimus,

86 1124 89 1126 ·
104 1115 137 1142 ad
154 1115 207 1142 hoc
222 1114 319 1142 dicunt
333 1114 436 1145 valere,
450 1116 482 1140 ut
497 1112 669 1142 noverimus,
683 1118 717 1138 ex
734 1110 817 1137 nobis
835 1109 898 1144 qui-

103 1161 168 1188 dem
191 1168 243 1187 nos
267 1160 371 1187 habere
394 1159 480 1194 ipsam
506 1157 605 1190 ﬁdem,
625 1157 674 1185 sed
695 1156 900 1184 incrementum

104 1206 165 1240 ejus
183 1213 217 1232 ex
237 1204 304 1237 Deo,
322 1209 451 1238 tanquam
471 1202 540 1230 ﬁdes
557 1209 614 1230 non
633 1202 667 1230 ab
688 1202 748 1237 ipso
767 1201 898 1235 donetur,

99 1252 152 1279 sed
167 1251 201 1278 ab
215 1251 274 1286 ipso
287 1255 377 1278 tamen
391 1254 524 1285 augeatur
535 1249 565 1276 in
577 1248 668 1281 nobis,
681 1256 715 1275 eo
727 1248 830 1275 merito
843 1255 899 1282 quo

100 1298 189 1332 erepit
203 1305 219 1324 a
234 1297 326 1324 nobis.
341 1297 403 1324 Non
418 1304 484 1331 ergo
500 1295 642 1324 reccditur
655 1295 690 1322 ab
703 1302 735 1322 ea
750 1294 899 1326 sententia,

101 1351 186 1379 quam
199 1343 326 1378 Pelagius
344 1342 402 1377 ipse
418 1343 446 1369 in
461 1341 613 1377 episcopali
622 1340 728 1376 judicio
742 1339 899 1372 Palaestino,

102 1390 177 1417 sicut
198 1389 297 1416 eadem
318 1393 395 1424 gesta
417 1391 568 1420 testantur,
587 1387 720 1414 damnare
741 1386 901 1421 compulsus

105 1439 156 1464 est.
168 1435 262 1463 Gratia
275 1434 324 1462 Dei
337 1434 490 1462 secundum
503 1433 604 1461 merita
616 1437 710 1460 nostra
723 1436 817 1468 posset
828 1431 899 1465 dari,

106 1481 128 1510 si
151 1489 208 1508 non
232 1481 371 1515 pertineat
394 1480 429 1507 ad
454 1480 571 1515 gratiam
598 1479 663 1511 Dei,
685 1479 759 1514 quod
785 1478 901 1506 credere

106 1527 251 1562 coepimus,
264 1526 313 1554 sed
331 1526 400 1554 illud
418 1526 511 1561 potius
529 1525 603 1561 quod
622 1529 737 1560 propter
750 1524 802 1552 hoc
818 1524 900 1551 nobis

103 1573 229 1606 additur,
246 1577 277 1600 ut
298 1573 409 1608 plenius
432 1571 640 1607 perfectiusque
664 1571 811 1598 credamus
837 1579 844 1597 :
868 1578 902 1597 ac

106 1627 156 1654 per
172 1619 226 1646 hoc
243 1619 323 1646 initia
340 1618 406 1646 ﬁdei
424 1618 528 1646 nostris
548 1617 657 1652 priores
673 1617 771 1644 damus
789 1617 856 1649 Deo,
873 1620 902 1643 ut

108 1665 281 1692 retribuatur
302 1664 385 1692 nobis
405 1664 627 1699 supplementum
651 1663 724 1698 ejus,
743 1666 771 1688 et
791 1661 814 1688 si
835 1661 902 1696 quid

106 1712 184 1739 aliud
204 1712 324 1739 ﬁdeliter
344 1711 539 1746 prospicimus.
588 1740 593 1746 ί

142 1758 198 1785 Sed
220 1762 315 1784 contra
332 1757 392 1785 haec
409 1765 459 1784 cur
477 1764 533 1784 non
550 1755 643 1791 potius
660 1755 790 1782 audimus
810 1763 816 1781 :
837 1753 902 1786 Quis

108 1805 183 1839 prior
197 1805 267 1831 dedit
282 1805 315 1836 ei,
327 1808 351 1831 et
367 1803 527 1831 rctribuetur
542 1802 593 1835 illi,
606 1802 732 1838 quoniam
750 1809 781 1828 ex
798 1802 864 1836 ipso,
879 1803 902 1826 et

108 1858 156 1884 per
171 1851 268 1885 ipsum,
283 1855 306 1877 ct
322 1851 349 1876 in
365 1850 421 1885 ipsa
437 1849 598 1876 suntomnia
610 1848 696 1875 “?Et
744 1848 833 1882 ipsum
850 1847 902 1882 igi-

108 1904 154 1925 tur
170 1896 281 1924 initium
298 1896 360 1923 ﬁdei
379 1899 480 1923 nostra:
496 1904 530 1923 ex
545 1903 600 1930 quo
614 1894 668 1921 nisi
684 1902 717 1921 ex
733 1894 792 1928 ipso
811 1897 839 1920 ct
854 1900 903 1928 per

109 1943 250 1978 ipsum,et
263 1943 291 1969 in
304 1942 364 1977 ipso
378 1947 444 1969 sunt
455 1941 638 1974 omnia?Quis
651 1945 742 1968 autem
756 1940 829 1967 dicat
841 1947 904 1966 eum

108 1990 157 2025 qui
170 1990 228 2024 jam
243 1989 327 2024 coepit
341 1988 456 2016 credere
471 1988 506 2015 ab
519 1987 568 2014 illo
584 1988 612 2015 in
626 1995 707 2022 quem
722 1986 851 2018 credidit,
864 1986 904 2013 nil

108 2034 230 2062 mereri?
246 2033 324 2062 Unde
341 2033 383 2065 ﬁt,
396 2037 426 2060 ut
441 2033 497 2068 jam
516 2033 641 2060 credenti
660 2038 759 2060 czetera
777 2032 905 2059 dicantur

107 2079 175 2108 addi
201 2079 386 2106 retributione
408 2078 513 2110 divina,
542 2086 574 2105 ac
599 2085 648 2112 per
670 2077 722 2105 hoc
746 2077 860 2112 gratiam
870 2078 916 2106 Dei

108 2127 267 2155 secundum
284 2126 382 2153 merita
399 2130 495 2153 nostra
512 2124 588 2156 dari,
604 2123 678 2159 quod
695 2124 834 2159 obiectum
852 2122 905 2150 sibi

109 2173 250 2209 Pelagius,
265 2180 300 2200 ne
315 2172 496 2200 damnaretur
509 2171 578 2206 ipse,
594 2171 746 2198 damnavit.

147 2219 203 2247 Sed
220 2218 338 2246 Faustus
354 2218 402 2253 qui
419 2217 547 2252 superius
561 2217 670 2244 dixerat
687 2226 693 2243 :
709 2216 830 2251 Tempus
843 2223 905 2251 gra-

111 2266 157 2294 tia:
168 2272 226 2300 quo
241 2264 378 2298 redempti
394 2271 499 2294 sumus,
513 2263 612 2290 merita
628 2262 772 2289 hominum
788 2270 844 2289 non
859 2270 908 2289 ex-

109 2309 260 2346 spectavit,
271 2316 356 2344 opera
370 2308 481 2343 penitus
493 2315 549 2334 non
564 2307 700 2342 qumsivit,
711 2307 759 2334 scd
773 2309 830 2335 sola
844 2307 909 2335 ﬁdei

110 2360 217 2384 nostrae
239 2355 389 2383 devotione
417 2358 568 2382 contentus
591 2354 734 2385 fuitgmox
757 2354 785 2381 in
810 2354 908 2381 eodem

110 2402 216 2437 capite,
230 2405 292 2435 post
309 2400 451 2435 paululum
468 2401 603 2435 sequitur,
618 2407 752 2434 suamque
769 2400 828 2435 ipse
842 2407 907 2427 sen-

111 2448 231 2476 tentiam
242 2447 390 2475 destruens
401 2447 473 2474 sicut
485 2446 578 2478 ﬁdem,
590 2446 628 2474 ita
642 2446 725 2473 etiam
740 2454 825 2481 opera
837 2446 905 2474 dicit

111 2494 145 2522 ad
170 2492 315 2520 hominem
338 2492 478 2527 pertinere
504 2501 510 2518 :
535 2491 614 2519 Sicut
637 2492 727 2525 enim,
746 2491 853 2527 inquit,
870 2492 904 2520 ad

111 2541 201 2568 Deum
217 2539 330 2574 largitio
344 2538 520 2571 munerandi,
535 2538 571 2566 ita
588 2538 622 2565 ad
638 2538 778 2566 hominem
793 2538 906 2566 devotio

114 2586 231 2621 respicit
257 2585 428 2620 inquirendi.
451 2585 506 2612 Sed
530 2585 607 2612 dices
632 2584 714 2612 ﬁdem
739 2585 828 2619 ipsam
852 2592 908 2612 non

114 2632 246 2660 omnibus
265 2638 348 2666 posse
370 2635 537 2665 competere.
550 2629 611 2656 Non
630 2629 743 2663 mirum,
757 2630 780 2657 si
802 2629 909 2657 homini

115 2679 147 2706 ad
161 2686 245 2713 quem
260 2677 382 2712 denegas
395 2684 478 2712 opera
493 2676 647 2712 pertinere,
660 2676 745 2703 etiam
758 2675 839 2704 ﬁdem
853 2680 911 2704 stu-

115 2725 182 2753 deas
198 2724 344 2759 derogare.
364 2723 471 2750 Rursus
488 2722 516 2749 in
533 2722 624 2757 capite
639 2721 763 2757 ejusdem
781 2722 847 2750 libri
864 2730 909 2756 xv,

116 2778 201 2806 agens
223 2773 322 2797 contra
344 2776 394 2796 eos
415 2768 462 2804 qui
485 2775 541 2796 non
562 2768 700 2804 generale,
718 2767 766 2796 sed
790 2768 911 2803 speciale

153 2860 176 2876 "
185 2859 289 2895 Ephes.
301 2867 331 2892 ιι,
345 2858 371 2886 8.
388 2855 496 2885 "Rom'
506 2864 544 2891 x1,
552 2856 597 2891 55,
606 2856 650 2886 56.
666 2856 689 2874 ⁸ο
700 2857 723 2885 ιι
735 2856 834 2886 Thess.
846 2865 885 2891 ιιι,
896 2857 924 2885 Ξ.

905 132 1060 162 RMISDIE
1080 133 1294 164 RESPONSIO
1685 132 1737 166 lit)

903 191 926 217 Α
940 193 1068 216 asserunt
1085 189 1190 216 donum
1208 196 1270 216 esse
1289 188 1474 221 credulitatis,
1491 189 1528 216 ita
1547 188 1619 216 inter
1636 194 1734 217 cmteru

942 234 1067 270 loquitur
1092 244 1098 262 :
1126 235 1181 263 Sed
1204 235 1289 267 dicis,
1312 235 1417 270 inquit,
1439 236 1504 270 quia
1528 243 1583 263 non
1608 237 1737 263 omnibus

942 281 1033 314 detur,
1059 281 1106 309 sed
1125 281 1229 309 donum
1250 282 1287 309 sit
1305 282 1452 317 personale
1472 281 1621 309 credulitas
1638 286 1666 309 et
1683 282 1739 309 illis

942 332 1051 355 tantum
1071 327 1187 355 credere
1207 332 1347 363 suppetat,
1363 328 1466 363 quibus
1485 328 1559 355 Deus
1578 329 1738 362 specialiter

943 376 1057 403 donavit
1079 381 1110 403 ut
1132 375 1289 403 crederent.
1310 375 1370 403 Non
1392 375 1430 402 ita
1453 379 1505 403 est.
1525 375 1653 402 Nondum
1677 383 1738 402 eam

943 421 1076 449 Dominus
1095 421 1179 448 etiam
1197 421 1231 448 ab
1247 420 1399 448 incredulis
1416 421 1512 456 exigit,
1529 421 1658 448 omnibus
1676 430 1737 448 cam

944 467 1077 494 insertam
1099 474 1159 494 esse
1181 467 1365 494 demonstrat.
1385 466 1436 494 Cui
1458 471 1552 494 autem
1575 468 1659 494 etiam
1681 468 1739 503 ipsa

946 516 1055 539 natura:
1073 512 1133 547 lege
1164 519 1220 539 non
1254 515 1385 547 suppetat
1413 511 1544 544 credere,
1570 512 1681 546 quando
1711 516 1740 539 et

946 559 1085 586 datmones
1102 558 1234 590 credunt,
1250 562 1279 585 et
1295 558 1529 586 contremiscunt?
1547 557 1597 585 Hic
1610 559 1666 593 jam
1684 566 1741 585 non

946 604 1101 638 Augustino
1122 609 1240 637 tantum,
1256 612 1352 632 verum
1372 604 1455 631 etiam
1475 603 1608 638 Apostolo
1627 603 1741 630 omnino

946 651 1066 679 Faustus
1093 651 1250 679 contrarius
1276 651 1456 686 approbatur.
1481 650 1549 677 Nam
1577 657 1640 677 cum
1668 649 1742 677 idem

947 697 1096 732 Apostolus
1111 697 1185 724 dicat
1197 696 1271 724 :Non
1288 697 1358 723 enim
1375 697 1492 723 omnium
1508 700 1546 722 est
1561 695 1625 729 ﬁdes
1637 694 1670 727 ‘°,
1688 695 1742 722 iste

948 743 1079 771 omnibus
1097 751 1159 771 eam
1178 743 1344 770 naturaliter
1363 741 1432 769 dicit
1450 749 1511 769 esse
1532 742 1673 769 insertam.
1690 741 1743 768 Cui

950 790 973 818 si
997 790 1203 825 acquiescatur,
1221 797 1278 817 non
1304 789 1392 817 solum
1418 788 1541 816 haeretici
1564 792 1593 816 et
1614 788 1743 823 gentiles,

913 862 934 890 Β
950 845 1046 865 verum
1065 837 1148 865 etiam
1165 837 1305 864 dtemones
1321 835 1417 863 ﬁdeles
1433 843 1493 862 esse
1511 834 1642 862 credendi
1657 838 1742 861 sunt:

989 884 995 890 .
1039 884 1044 889 .
1202 886 1211 890 -
1337 882 1343 888 .
1369 881 1402 890 η,
1564 880 1636 890 ηιμ
1663 883 1742 890 ___.-

949 884 1014 919 quia
1038 884 1066 911 in
1089 891 1145 918 quo
1169 886 1212 910 est
1235 882 1320 915 ﬁdes,
1336 881 1458 909 inﬁdelis
1483 880 1538 908 dici
1564 880 1640 907 nullo
1663 883 1745 915 pacto

948 934 1051 965 potest.

984 975 1038 1004 Sed
1055 976 1137 1011 longe
1154 976 1235 1003 aliter
1248 979 1361 1003 sanctus
1374 974 1547 1010 Augustinus
1562 973 1595 1001 ad
1608 973 1746 1001 Hilarium

949 1022 1074 1050 scribens
1092 1026 1120 1049 et
1138 1022 1317 1056 Prosperum,
1332 1020 1425 1053 docet,
1440 1020 1488 1055 qui
1509 1028 1564 1047 non
1587 1024 1694 1047 tantum
1715 1023 1746 1046 ut

949 1069 1069 1096 ﬁdeliter
1082 1076 1243 1104 operemur,
1255 1075 1351 1095 verum
1366 1067 1450 1095 etiam
1466 1067 1553 1102 ipsam
1568 1067 1649 1094 ﬁdem
1659 1075 1674 1093 a
1690 1066 1746 1093 Dco

948 1115 1032 1142 nobis
1050 1114 1161 1146 donari,
1177 1115 1250 1141 sicut
1266 1114 1397 1148 superius
1414 1112 1587 1145 edocuimus,
1604 1112 1632 1139 in
1647 1111 1747 1139 eodem

949 1161 1021 1188 libro
1042 1161 1154 1196 penitus
1175 1164 1356 1195 protestatur,
1373 1159 1410 1186 ita
1433 1158 1530 1186 dicens
1555 1167 1560 1184 :
1585 1157 1747 1184 Cavendum

950 1212 1010 1240 est,
1032 1207 1133 1234 fratres
1154 1207 1249 1234 dilecti
1276 1214 1291 1233 a
1315 1206 1390 1238 Deo,
1410 1213 1447 1232 ne
1472 1205 1555 1232 homo
1579 1212 1609 1232 se
1634 1204 1749 1232 extollat

951 1254 1087 1281 adversus
1102 1254 1188 1280 Deum
1207 1261 1270 1280 cum
1288 1260 1317 1280 se
1332 1252 1400 1279 dicit
1414 1251 1516 1282 facere,
1529 1251 1602 1286 quod
1620 1250 1748 1285 promisit

951 1300 1034 1328 Deus.
1046 1299 1143 1327 Nonne
1158 1299 1226 1327 ﬁdes
1239 1299 1363 1334 gentium
1378 1299 1514 1333 promissa
1526 1302 1568 1325 est
1581 1297 1708 1330 Abrahae,
1720 1298 1750 1324 et

951 1346 997 1373 ille
1013 1345 1081 1373 dans
1097 1345 1213 1380 gloriam
1227 1345 1284 1373 Deo
1299 1344 1459 1380 plenissime
1472 1344 1600 1376 credidit,
1616 1344 1749 1379 quoniam

952 1399 1014 1427 qum
1026 1391 1165 1426 promisit,
1178 1395 1277 1426 potens
1290 1395 1332 1418 est
1344 1395 1372 1418 et
1384 1390 1558 1425 facere‘!lpse
1571 1390 1654 1426 igitur
1667 1390 1749 1418 ﬁdem

952 1438 1077 1474 gentium
1092 1437 1170 1469 facit,
1184 1437 1232 1472 qui
1246 1441 1345 1472 potens
1360 1441 1402 1464 est
1416 1437 1506 1464 facere
1520 1437 1594 1471 quod
1608 1437 1748 1471 promisit.

952 1483 1042 1510 Porro
1057 1482 1081 1509 si
1095 1482 1170 1509 Deus
1184 1485 1316 1516 operatur
1330 1481 1411 1508 ﬁdem
1430 1485 1564 1513 nostram,
1579 1481 1650 1509 miro
1666 1480 1751 1509 modo

913 1535 935 1565 ε
952 1536 1037 1564 agens
1056 1528 1084 1555 in
1103 1528 1206 1555 nostris
1225 1527 1358 1555 cordibus
1379 1532 1409 1554 ut
1425 1527 1574 1555 credamus
1594 1535 1601 1554 :
1621 1527 1749 1563 nunquid

952 1574 1132 1602 metuendum
1145 1578 1197 1607 est,
1210 1581 1244 1601 ne
1261 1577 1348 1600 totum
1362 1573 1453 1601 facere
1466 1581 1521 1600 non
1536 1573 1633 1608 possit,
1646 1578 1674 1600 et
1687 1573 1750 1600 ideo

953 1620 1007 1648 sibi
1026 1620 1109 1647 homo
1125 1620 1228 1655 primas
1244 1619 1305 1655 ejus
1324 1619 1448 1647 vindicat
1462 1623 1565 1654 partes,
1581 1623 1611 1646 ut
1626 1619 1749 1646 novissi-

953 1673 1013 1694 mas
1033 1666 1067 1693 ab
1088 1665 1135 1693 illo
1155 1665 1282 1700 accipere
1304 1665 1461 1692 mereatur?
1480 1664 1579 1692 Videte
1599 1664 1621 1692 si
1644 1664 1750 1699 aliquid

954 1716 1052 1747 agatur
1066 1711 1120 1738 isto
1138 1711 1236 1744 modo,
1253 1711 1306 1739 nisi
1324 1715 1356 1738 ut
1371 1711 1460 1746 gratia
1479 1711 1631 1738 secundum
1651 1711 1751 1738 merita

954 1762 1049 1785 nostra
1071 1758 1153 1785 detur
1175 1758 1301 1793 quolibet
1321 1757 1415 1790 modo,
1430 1765 1462 1785 ac
1483 1757 1506 1784 si
1529 1757 1617 1792 gratia
1637 1765 1693 1784 non
1715 1756 1752 1784 sit

955 1803 1051 1838 gratia.
1075 1803 1211 1831 Redditur
1234 1811 1353 1838 namque
1379 1803 1434 1830 hoc
1457 1807 1538 1838 pacto
1560 1803 1670 1836 debita,
1693 1810 1749 1833 non

955 1849 1076 1876 donatur
1091 1848 1188 1883 gratis.
1202 1849 1289 1882 Datur
1303 1849 1378 1876 enim
1396 1848 1538 1881 credenti,
1555 1853 1586 1876 ut
1601 1857 1615 1875 a
1632 1848 1750 1875 Domino

956 1895 1014 1930 ipsa
1029 1894 1096 1922 ﬁdes
1112 1899 1256 1929 augeatur,
1272 1899 1300 1922 et
1315 1895 1351 1921 sit
1366 1903 1473 1922 merces
1488 1894 1553 1922 fidei
1570 1898 1667 1929 erepta:
1683 1893 1751 1922 ﬁdcs

955 1946 1045 1969 aucta.
1062 1942 1118 1969 Nec
1132 1941 1286 1968 attenditur
1300 1949 1363 1968 cum
1379 1941 1433 1968 hoc
1446 1941 1560 1972 dicitur,
1575 1949 1631 1968 non
1649 1948 1750 1968 secun-

956 1988 1021 2015 dum
1037 1988 1164 2023 gratiam,
1179 1987 1228 2015 sed
1244 1987 1395 2015 secundum
1410 1987 1534 2014 debitum
1550 1987 1630 2015 istam
1645 1995 1751 2015 mercc-

956 2035 1018 2061 dcm
1038 2034 1215 2061 credentibus
1234 2033 1375 2068 imputari.
1392 2033 1448 2061 Cur
1468 2038 1560 2061 autem
1580 2042 1637 2061 non
1661 2038 1750 2061 totum

958 2080 1097 2107 tribuatur
1109 2079 1226 2111 homini,
1238 2083 1268 2106 ut
1280 2080 1326 2114 qui
1343 2079 1394 2106 sibi
1411 2079 1500 2114 potuit
1515 2079 1664 2107 instituere
1676 2079 1751 2114 quod

957 2133 1014 2153 non
1037 2126 1167 2157 habebat,
1189 2126 1247 2161 ipse
1269 2126 1341 2161 quod
1369 2126 1501 2158 instituit,
1519 2131 1617 2161 augeat
1638 2127 1752 2154 omnino

958 2179 1013 2198 non
1029 2171 1121 2201 video.
1137 2171 1191 2198 nisi
1207 2171 1271 2205 quia
1287 2171 1379 2198 resisti
1397 2178 1453 2197 non
1472 2175 1563 2206 potest
1578 2171 1680 2199 divinis
1693 2179 1752 2198 ma-

921 2205 944 2232 D
959 2217 1068 2245 nifestis
1089 2217 1263 2248 testimoniis,
1280 2217 1381 2251 quibus
1400 2221 1428 2243 ct
1448 2216 1516 2244 ﬁdes
1537 2217 1621 2251 (unde
1640 2217 1753 2252 pictatis

957 2263 1102 2291 exordium
1128 2263 1260 2297 sumitur)
1285 2262 1388 2290 donum
1414 2262 1461 2289 Dei
1486 2270 1547 2290 esse
1571 2267 1752 2290 monstratur.

957 2309 1042 2342 Quale
1062 2314 1105 2336 est
1122 2309 1189 2336 illud
1209 2318 1215 2336 :
1236 2308 1311 2341 Quod
1329 2310 1469 2344 unicuique
1492 2308 1563 2336 Deus
1579 2310 1694 2344 partitus
1714 2314 1754 2337 est

958 2355 1258 2390 "tonsuram/nlui“.Et
1274 2354 1341 2381 illud
1360 2363 1365 2381 :
1385 2354 1442 2381 Pax
1456 2354 1582 2389 fratribus
1598 2358 1621 2381 et
1636 2354 1753 2382 Charitas

958 2409 1017 2428 cum
1031 2400 1083 2434 [ide
1100 2409 1116 2427 (ι
1135 2400 1186 2427 Deo
1203 2401 1298 2432 Patre,
1315 2404 1339 2426 et
1356 2400 1468 2432 Domino
1481 2399 1544 2427 Iesu
1562 2399 1664 2427 Christo
1676 2400 1708 2433 η,
1725 2406 1752 2428 ct

961 2451 1059 2474 caetera
1074 2447 1149 2473 talia.
1170 2451 1172 2453 ’

999 2491 1031 2518 Et
1042 2500 1138 2519 rursus
1151 2492 1223 2519 idem
1240 2491 1338 2519 beatus
1345 2491 1517 2526 Augustinus
1526 2497 1588 2527 post
1595 2493 1751 2528 aliquanta:

963 2537 1117 2572 Utrumque
1131 2538 1205 2565 enim
1223 2542 1347 2565 nostrum
1365 2542 1418 2571 est,
1434 2537 1535 2573 inquit,
1551 2543 1666 2574 propter
1681 2539 1755 2566 arbi—

963 2584 1048 2611 trium
1061 2583 1222 2615 voluntatis,
1235 2588 1261 2610 ct
1274 2589 1422 2619 utrumque
1439 2588 1530 2612 tamen
1543 2585 1636 2612 datum
1652 2589 1694 2613 est
1706 2593 1755 2621 per

963 2629 1096 2665 Spiritum
1110 2630 1175 2657 ﬁdei
1187 2634 1214 2657 et
1227 2629 1382 2657 charitatis.
1397 2630 1489 2665 Neque
1504 2631 1578 2658 enim
1594 2631 1650 2658 sola
1662 2631 1754 2658 chari-

964 2683 1015 2709 tas,
1030 2675 1078 2704 sed
1092 2675 1164 2703 sicut
1178 2675 1311 2710 seriptum
1324 2680 1376 2708 est,
1390 2677 1513 2704 charitas
1527 2684 1589 2704 cum
1605 2677 1658 2704 ﬁde
1671 2685 1686 2704 a
1699 2677 1756 2704 Deo

966 2722 1046 2749 Patre
1063 2725 1091 2749 ct
1105 2721 1222 2748 Domino
1237 2722 1303 2750 Jesu
1320 2722 1442 2750 Christo.
1460 2722 1603 2750 Eracuans
1636 2731 1756 2758 namque

965 2768 1067 2796 donum
1082 2768 1131 2795 Dei
1147 2768 1274 2802 Faustus,
1288 2776 1427 2803 omneque
1443 2768 1523 2804 545
1540 2770 1634 2805 gratia:
1647 2770 1756 2806 adjuto-

933 2856 986 2895 yﬁ“
998 2857 1079 2885 Rom.
1093 2865 1140 2891 xu,
1154 2858 1180 2884 5.
1219 2857 1241 2874 ⁸¹
1253 2857 1354 2893 Ephes.
1367 2866 1403 2891 γι,
1413 2858 1459 2885 9.5.
