1953 3086
200 86 247 121 Ill

827 83 988 114 JOANNIS
1002 83 1197 114 ’ΜΑΧΕΝΤΙΙ

1788 77 1840 108 112

199 146 281 177 rium,
299 151 362 171 mox
383 143 412 171 in
434 141 595 178 praefatione
617 148 666 167 sua
690 139 909 167 tnisericordiam
931 139 990 171 Dei,
1007 142 1030 170 Α
1044 142 1165 173 sumpta,
1178 145 1227 173 pro
1251 137 1373 164 humano
1396 143 1497 172 genere
1519 134 1608 162 mori?
1632 134 1697 162 Sed
1714 133 1840 169 nunquid

196 199 249 226 qua
270 190 356 226 gratis
373 189 566 226 justiﬁcamur,
594 187 705 214 nonnisi
736 187 789 214 ﬁde
809 191 837 213 et
856 185 988 220 operibus

196 237 408 273 pmmerendam
423 237 522 264 docere
535 235 644 267 nititur,
657 234 754 261 dicens
768 242 776 260 ι
792 232 990 261 Asserentibus

198 285 288 317 nobis,
303 284 377 319 quod
392 284 440 311 Dei
452 282 655 314 misericordia,
672 281 725 308 ﬁde
735 284 763 307 et
775 280 908 315 operibus
924 286 989 314 pro—

199 330 331 358 merenda
348 336 400 363 est,
415 330 580 358 catholicam
596 336 691 356 vocem
708 327 742 355 ad
757 326 859 362 Pelagii
878 331 990 353 sensum

199 375 378 403 discretionis
395 375 507 402 nescius
522 373 641 409 quilibet
655 372 804 408 adjudicet.
820 371 897 399 Unde
917 374 945 397 et
963 370 991 397 in

199 422 270 450 li'bro
301 421 449 449 undecimo
477 428 527 456 per
555 419 708 447 naturalem
737 418 859 454 vigorem
889 416 992 451 absque

198 468 294 504 gratiae
308 467 447 504 adjutorio
462 466 565 494 multos
579 473 634 493 non
650 464 739 492 solum
760 468 823 492 ante
842 463 992 490 adventum

201 515 322 548 Domini,
338 522 434 544 verum
453 515 535 542 etiam
552 517 581 541 et
598 517 663 540 ante
680 513 768 548 legem
785 512 885 538 litterae
903 510 991 538 salva-

201 567 255 594 tos,
268 567 350 596 atque
368 562 402 589 ad
420 561 532 596 plenam
550 560 644 588 cordis
661 559 809 595 puritatem
827 556 994 592 perlectam-

202 617 256 643 que
275 609 411 644 justitiam
433 607 605 643 pervenisse,
622 606 693 634 ﬁlios
713 604 763 632 Dei
783 603 842 632 ﬁeri
860 603 995 631 meruisse

202 655 378 691 impudenter
397 658 425 682 et
445 653 602 689 procaciter
622 655 774 681 asseverat.
999 645 1002 648 λ

237 701 362 735 Denique
379 701 406 728 in
424 706 498 726 nono
514 698 604 734 capite
619 697 744 734 ejusdem
759 696 836 729 libri,
856 696 929 723 inter
943 695 998 722 cre-

203 753 274 783 tera,
289 745 357 773 dicit
373 755 379 773 :
395 745 464 773 Cum
484 745 613 772 homines
634 744 670 771 ita
686 743 789 771 fuerint
802 742 836 770 ad
849 741 998 777 imaginem

201 798 230 821 et
251 791 464 820 similitudinem
483 791 531 818 Dei
557 789 675 826 praediti,
690 793 721 816 ut
743 789 821 816 multi
842 787 926 815 etiam
948 787 999 815 ﬁlii

202 840 252 868 Dei
268 839 424 867 meruerint
438 837 603 873 nuncupari,
621 836 664 864 vel
683 835 779 872 paucis
792 834 883 863 adhuc
903 841 998 861 exem-

204 887 258 922 plis
268 885 462 921 praestringere
473 892 525 912 nos
540 887 660 919 oportet,
672 882 768 918 quanti
778 885 842 909 ante
852 881 941 917 legem
951 881 1004 914 lit-_

205 937 282 964 terre,
299 930 443 958 erudiente
467 929 526 965 lege
551 934 657 956 naturte
680 935 741 963 qure
755 927 843 963 prima
863 928 906 961 (ut
925 925 999 953 dixi-

205 977 277 1013 mus)
293 977 381 1013 gratia
396 976 445 1004 Dei
462 960 509 1004 es;
519 979 550 1003 ut
565 960 700 1002 vestibula
723 960 821 1001 salutis
841 960 1004 1000 intraverit."

205 1023 240 1051 Et
256 1023 356 1050 iterum
381 1024 443 1056 post
463 1027 572 1055 pauca:
587 1018 665 1047 Unde
681 1017 789 1050 EnOrh,
815 1017 916 1052 inquit,
934 1024 999 1043 cum

205 1069 262 1096 Deo
278 1067 432 1100 ambulare,
448 1066 492 1094 vel
507 1066 564 1093 Deo
579 1065 688 1100 placere
704 1064 849 1100 potuisset,
866 1063 918 1091 nisi
935 1071 999 1090 eutn

205 1116 250 1142 lex
268 1113 423 1142 visceribus
440 1112 529 1140 infusa
546 1116 653 1139 secreto
670 1110 827 1146 magisterio
843 1110 999 1137 illuminas-

207 1161 259 1194 set,
276 1161 304 1187 in
322 1164 427 1187 tantum
444 1164 474 1186 ut
489 1159 558 1186 nihil
576 1163 720 1185 terrenum
741 1157 863 1192 sapiens,
883 1156 999 1183 mirabi-

205 1208 271 1234 liter
287 1214 303 1234 a
320 1211 405 1238 terra,
428 1206 484 1233 Deo
504 1209 674 1236 assumente,
691 1203 854 1238 raperetur?
871 1202 923 1235 Qui
937 1209 1004 1240 cum_

206 1253 272 1280 ﬁdei
289 1252 389 1280 merito
414 1252 441 1278 in
461 1251 549 1287 prima
575 1250 667 1278 saeculi
691 1249 767 1277 illius
788 1253 867 1276 atate
886 1252 1001 1275 caeteros

207 1299 359 1331 antecellit,
377 1298 459 1326 fidem
474 1298 562 1333 ipsam
577 1304 639 1324 cum
653 1297 713 1332 lege
725 1299 831 1322 natura:
845 1294 898 1321 sibi
914 1293 1010 1326 tradi-,

208 1351 263 1374 tam
285 1345 370 1373 fuisse
393 1344 549 1381 perdocuit.
576 1343 611 1371 Et
634 1343 734 1371 iterum
754 1346 816 1376 post
839 1340 1000 1375 aliquanta:

208 1392 322 1425 Qualem
339 1396 537 1426 quantamque,
558 1389 659 1425 inquit,
683 1388 773 1422 legem
792 1386 881 1422 prima
905 1385 1009 1412 condi--

208 1436 285 1464 tione
301 1435 465 1470 susceperit,
479 1434 600 1469 perfecta
617 1432 701 1461 etiam
715 1431 773 1460 Noe
788 1430 894 1466 iustitia
909 1430 1003 1458 deela-

209 1481 291 1513 tavit,
315 1481 362 1517 qui
385 1481 525 1516 generalia
545 1479 607 1507 ﬁdei
632 1479 704 1507 dona
728 1477 841 1515 speciali
866 1477 894 1504 in
911 1476 1003 1505 studio

208 1530 344 1556 Virtutum
363 1532 483 1556 sectator
496 1526 627 1554 excoluit.
644 1525 672 1553 Si
687 1523 839 1553 secundum
854 1524 937 1560 hujus
950 1524 1003 1551 im-

209 1575 286 1609 pium
304 1581 426 1606 sensum,
442 1577 469 1601 et
485 1572 578 1600 Enoah
600 1571 675 1599 omni
690 1570 756 1599 faece
773 1575 883 1599 terrena
899 1569 928 1597 in
941 1573 1003 1597 tan-

212 1627 269 1648 tum
286 1619 399 1656 purgari
415 1619 506 1655 potuit
528 1626 577 1654 per
598 1622 706 1645 natura!
727 1616 861 1652 vigorem,
888 1621 918 1644 ut
934 1615 1004 1643 nihil

212 1674 353 1695 terrenum
376 1670 498 1702 saperet,
516 1671 544 1693 et
565 1666 623 1693 Noe
645 1664 679 1692 ad
700 1664 849 1700 perfectam
869 1663 1005 1699 justitiam

211 1713 380 1748 perveniret,
391 1721 452 1748 ergo
460 1712 577 1740 Christus
585 1712 669 1747 gratis
684 1714 804 1738 mortuus
812 1714 849 1737 est
857 1709 891 1737 ".
902 1709 931 1737 Si
940 1716 1005 1736 eum

213 1768 262 1796 per
277 1765 383 1788 natura:
396 1760 519 1795 vigerent
534 1758 626 1786 carnis
640 1757 775 1793 sapientia
790 1758 862 1793 (qua:
877 1757 935 1785 Deo
951 1756 1006 1784 ini-

213 1805 285 1833 mica
311 1806 363 1840 est)
380 1805 488 1840 plenius
512 1811 664 1839 expurgare
690 1803 798 1838 potuit,
829 1807 858 1830 et
885 1802 1007 1837 perfecta

212 1851 320 1887 iustitia
336 1851 498 1886 adimplere,
511 1851 578 1886 quid
590 1858 702 1878 necesse
714 1854 774 1878 erat
784 1850 851 1882 Deo,
865 1857 948 1877 carne
963 1857 1006 1877 as-

255 1941 278 1957 "
293 1941 382 1968 Galat.
397 1947 427 1971 ll,
446 1938 492 1966 2i.

216 1976 239 1991 δ’
255 1978 316 2002 Act.
337 1984 380 2006 xv,
405 1975 445 2007 l0,
470 1975 513 2001 11.

549 1938 572 1953 ⁸⁸
591 1937 675 1965 Hebr.
692 1944 728 1971 ιι,
747 1937 774 1963 5.
829 1933 852 1951 ⁵⁵
870 1934 937 1962 ibid.
956 1933 981 1960 7.

224 2075 268 2089 ινὲι
279 2081 288 2086 ι
296 2081 343 2086 ν...

1039 185 1191 221 Apostolus
1207 184 1305 216 tacuit,
1330 183 1403 210 unde
1418 182 1513 210 Enoch
1532 187 1559 209 et
1573 181 1631 209 Noe
1651 181 1710 208 Deo
1731 180 1841 214 placere

1040 235 1204 266 potuerunt,
1227 230 1345 258 dicens:
1370 229 1433 256 Fide
1454 229 1545 256 Enoch
1568 226 1715 254 translatus
1740 231 1788 259 est,
1808 233 1842 252 ne

1040 279 1139 306 uideret
1158 281 1278 310 mortem,
1297 281 1322 304 et
1341 285 1393 304 non
1412 275 1604 306 inveniebatur,
1618 274 1681 308 quia
1703 271 1841 305 transtuli;

1041 324 1119 351 illum
1141 323 1234 350 Deus?
1248 324 1317 350 Ante
1339 321 1545 349 translationem
1568 321 1638 347 enim
1664 319 1842 346 testimonium

1041 370 1152 398 habebat
1165 370 1295 406 placuisse
1301 366 1425 402 Deo“;et
1434 367 1542 402 reliqua
1557 376 1564 393 :
1577 366 1640 393 Fide
1650 365 1706 393 Noe
1717 372 1843 400 responso

1043 421 1160 451 accepto,
1173 416 1204 442 de
1224 416 1264 442 Itis
1281 422 1340 450 qua:
1357 414 1443 441 adhuc
1464 421 1516 440 non
1539 412 1706 444 videbantur,
1724 414 1843 437 metuens

1044 463 1145 499 aptavit
1161 470 1254 489 arcam
1268 462 1296 488 in
1308 460 1424 488 salutem
1435 460 1527 486 domus
1537 466 1603 489 sua,
1617 466 1664 493 per
1674 465 1755 493 quam
1766 456 1845 483 dant-

1046 510 1118 538 navit
1129 509 1269 542 mundum,
1279 513 1305 535 et
1314 507 1429 544 justitia:
1436 514 1495 542 qua:
1505 514 1551 542 per
1558 505 1637 539 ﬁdem
1645 508 1693 537 est,
1710 505 1791 531 luem
1805 509 1844 530 est

1046 558 1181 586 institutus
1194 557 1227 583 “.
1240 555 1334 584 Fidem
1347 554 1496 590 Apostolus
1510 560 1565 580 non
1576 551 1716 579 utdelirat
1727 548 1846 577 Faustus

1047 605 1205 641 generalem
1228 602 1277 630 sed
1294 602 1440 638 specialem
1457 600 1548 631 docet,
1559 599 1655 626 dicens
1671 607 1677 624 :
1695 597 1755 626 Non
1769 597 1846 624 enim

1047 650 1171 679 omnium
1183 653 1226 677 est
1240 648 1412 683 ﬁdes;neque
1423 646 1588 674 naturaliter
1598 644 1729 672 omnibus
1741 643 1844 675 inesse,

1048 697 1097 725 sed
1107 704 1124 724 a
1135 696 1193 725 Deo
1204 694 1314 728 donari,
1326 694 1374 730 qui
1383 697 1515 729 operatur
1525 691 1617 720 omnia
1631 690 1659 717 in
1671 689 1800 717 omnibus
1810 688 1844 716 “.

1049 743 1128 772 Sicut
1145 747 1176 771 et
1190 741 1256 770 alibi
1276 741 1350 769 idem
1365 739 1515 776 Apostolus
1527 738 1605 771 dicit,
1620 737 1689 765 illud
1706 735 1780 771 quod
1797 743 1845 762 su-

1050 790 1145 827 perius
1160 788 1337 817 beatissimus
1357 787 1452 823 posuit
1469 785 1639 821 Augustinus
1654 792 1660 810 :
1676 782 1735 810 Pas:
1753 782 1847 818 fratri-

1052 838 1099 864 bus
1116 841 1141 864 et
1157 837 1274 863 charitas
1285 843 1346 862 cum
1360 833 1413 868 [ide
1424 841 1441 861 a
1451 832 1506 860 Deo
1518 831 1609 864 Patre,
1623 833 1648 857 et
1659 828 1771 856 Domino
1783 826 1848 854 Iesu

1053 883 1157 911 Christo
1170 883 1204 910 ".
1218 882 1280 910 Non
1290 888 1357 916 ergo
1371 887 1421 915 per
1429 879 1519 914 legem
1531 881 1648 908 naturae,
1661 875 1709 902 sed
1725 881 1773 909 per
1786 880 1849 908 gra-

1053 929 1118 956 tiam
1133 935 1229 956 onmes
1251 926 1339 954 sancti
1355 929 1419 952 ante
1434 924 1583 951 adventum
1597 921 1705 949 Domini
1717 921 1773 947 Deo
1787 919 1848 954 pla-

1053 978 1180 1003 cuerunt.
1198 973 1358 1001 Secundum
1376 971 1405 999 id
1425 970 1499 1006 quod
1515 974 1544 996 et
1560 967 1736 996 beatissimus
1751 966 1849 993 Petrus

1053 1023 1082 1050 in
1110 1021 1226 1049 Actibus
1247 1024 1365 1048 testatur
1385 1017 1592 1053 Apostolorum,
1613 1014 1709 1042 dicens
1730 1022 1737 1040 :
1759 1011 1849 1040 Nolite

1048 1069 1147 1104 jugum
1164 1068 1299 1103 imponere
1318 1074 1399 1102 super
1418 1065 1529 1091 cervices
1555 1059 1754 1096 discipulorum,
1780 1057 1850 1094 quod

1054 1122 1138 1150 neque
1151 1122 1209 1147 nos,
1223 1121 1307 1149 neque
1320 1117 1409 1148 patres
1425 1110 1509 1138 nostri
1521 1112 1629 1145 portare
1642 1107 1786 1143 potuimus,
1804 1104 1850 1132 sed

1054 1169 1102 1198 per
1116 1161 1232 1196 gratiam
1247 1159 1345 1187 Christi
1363 1165 1503 1194 speramus
1517 1155 1585 1182 salvi
1600 1153 1659 1188 ﬁeri
1678 1151 1851 1188 quemadmo-

1055 1209 1117 1235 dum
1133 1211 1158 1234 et
1172 1207 1214 1234 illi
1225 1207 1258 1234 ‘3.
1276 1206 1327 1234 Eat
1341 1212 1415 1232 nunc
1429 1204 1587 1234 Possessor,
1600 1204 1627 1227 et
1639 1199 1730 1226 adhuc
1745 1198 1772 1225 in
1788 1205 1852 1232 per-

1055 1253 1127 1281 nicie
1142 1252 1265 1288 propria,
1286 1256 1315 1279 et
1340 1258 1436 1279 eorum
1458 1250 1505 1285 qui
1522 1248 1575 1276 sibi
1596 1246 1783 1276 consentiunt,
1800 1243 1850 1270 de-

1055 1297 1149 1325 fendat
1173 1297 1266 1324 Fausti
1288 1296 1374 1323 libros
1401 1295 1562 1326 catholicos,
1586 1299 1657 1328 quos
1679 1298 1735 1318 non
1761 1290 1851 1317 solum

1055 1342 1340 1379 scriptissanctissimi
1351 1342 1403 1369 viri
1411 1341 1569 1376 Augustini,
1578 1345 1674 1366 verum
1683 1337 1767 1365 etiam
1777 1343 1851 1363 sum-

1056 1397 1165 1417 morum
1182 1394 1210 1416 et
1232 1389 1436 1424 prmeipuorum
1456 1386 1559 1415 Christi
1580 1384 1770 1421 apostolorum
1786 1389 1851 1410 sen-

1049 1436 1152 1464 :tentiis
1167 1435 1322 1463 contrarios
1337 1434 1447 1470 penitus
1465 1433 1568 1461 veritas
1585 1432 1681 1466 docet,
1705 1430 1777 1458 sicut
1799 1428 1852 1456 hoc

1057 1483 1119 1511 loco
1136 1481 1281 1510 manifesta
1297 1480 1404 1508 ratione
1419 1479 1606 1515 probavimus.
1623 1478 1691 1506 Nam
1714 1476 1777 1504 ideo
1791 1483 1852 1503 cer-

1057 1535 1097 1558 tas
1112 1529 1263 1557 sententias
1286 1532 1339 1555 tam
1360 1535 1394 1554 ex
1419 1526 1580 1562 praefatione
1597 1531 1725 1553 errorum
1746 1521 1850 1555 Fausti,

1056 1582 1138 1610 quam
1158 1574 1243 1601 etiam
1264 1581 1299 1601 ex
1321 1572 1435 1608 capituli
1460 1571 1544 1607 primi
1564 1575 1593 1599 et
1615 1569 1725 1606 septimi
1750 1567 1853 1604 prioris

1055 1621 1121 1649 libri
1139 1620 1274 1652 inserere,
1291 1612 1422 1646 hoc'loco
1444 1617 1630 1645 necessarium
1651 1613 1823 1643 consideravi
1844 1622 1852 1641 :

1056 1667 1121 1703 quia
1145 1674 1174 1694 se
1197 1665 1275 1694 idem
1293 1665 1439 1693 Possessor
1455 1665 1492 1692 ita
1507 1664 1577 1692 solet
1593 1663 1692 1690 callide
1708 1667 1853 1693 excusare,

1059 1713 1133 1750 quod
1146 1720 1201 1740 non
1216 1713 1335 1748 amplius
1352 1712 1406 1740 nisi
1421 1716 1485 1739 octo
1498 1710 1616 1746 capitula
1633 1709 1697 1736 libri
1720 1707 1799 1743 primi
1813 1707 1855 1734 le-

1059 1760 1140 1796 gerit,
1157 1764 1188 1788 ut
1209 1760 1250 1788 sic
1270 1759 1367 1787 saltem
1389 1758 1520 1785 confusus
1534 1755 1683 1791 aliquando
1698 1754 1854 1789 resipiscat,

1060 1813 1092 1833 ea
1107 1814 1168 1841 quze
1182 1805 1296 1841 proprio
1313 1812 1361 1832 ore
1378 1804 1477 1840 legisse
1489 1811 1518 1831 se
1529 1802 1638 1834 asserit,
1655 1800 1790 1828 catholica
1805 1808 1850 1826 ne-

1061 1850 1135 1877 fario
1153 1857 1238 1877 ausus
1257 1848 1448 1884 pronuntiare.

1029 1932 1052 1947 “
1067 1932 1088 1959 ll
1104 1932 1205 1960 Thess.
1219 1940 1259 1965 tu,
1273 1932 1303 1965 2;
1321 1932 1343 1959 ll
1359 1931 1422 1960 Cor.
1446 1939 1495 1964 xu,
1518 1931 1544 1959 6.
1583 1931 1608 1947 ”
1622 1931 1723 1966 Ephes.
1740 1938 1778 1964 vt,
1798 1930 1846 1958 83.

1576 2060 1657 2063 ηπῄ
1670 2059 1746 2070 -.ᾂ-
1777 2057 1842 2069 2:,

371 2073 378 2086 ε
395 2066 1315 2085 κῆρ-μ-νῌημ-ψρηηῇ-,ῇψκ
1326 2066 1347 2067 νγ

863 2154 1221 2220 EJUSDEM

553 2283 792 2330 CONTRA
827 2277 1174 2327 ACEPHALOS
1214 2276 1530 2348 LIBELLUS,

259 2452 408 2481 Catholica:
437 2451 500 2478 ﬁdei
531 2448 701 2485 professione
726 2446 849 2474 breviter
872 2445 996 2480 exposita
1009 2464 1018 2478 ,
1032 2443 1057 2476 D
1071 2449 1132 2480 post
1151 2442 1348 2471 adunationcm
1371 2441 1399 2468 in
1415 2440 1526 2468 Christo
1542 2442 1641 2466 natura
1662 2441 1715 2470 est,
1732 2444 1797 2471 ergo
1812 2443 1862 2463 nec

223 2501 364 2536 perginms
386 2506 461 2526 nunc
477 2497 589 2524 illorum
608 2493 776 2530 respondere
798 2492 1017 2524 deﬁnitionibus,

225 2547 272 2581 qui
289 2547 366 2580 lapsu
380 2541 530 2570 miserabili
546 2544 720 2571 corruentes,
736 2538 816 2565 novis
828 2543 857 2564 et
874 2536 1020 2572 exquisitis

227 2588 515 2627 εληςίιιιωιιιιηίοιτιὶὶιιιδ
535 2586 670 2614 nefarium
686 2586 784 2620 dogma
801 2584 904 2611 Christi
925 2582 1019 2610 Eccle-

227 2639 275 2667 siis
294 2637 446 2665 moliuntur
466 2633 579 2665 inferre,
595 2638 623 2660 et
636 2633 721 2660 Deum
739 2637 767 2659 et
783 2631 934 2662 hominem,
951 2630 1021 2657 Ver-

228 2686 294 2713 bum
318 2688 346 2711 ct
362 2688 473 2708 carnem
495 2680 670 2711 conﬁtentes,
695 2686 777 2705 unum
795 2681 857 2712 post
879 2676 1022 2704 adunatio-

228 2738 293 2759 ncm
307 2730 334 2756 in
347 2727 458 2756 Christo
472 2730 610 2757 naturam,
628 2725 710 2752 stulte
732 2724 815 2751 nimis
831 2723 1022 2758 impudenter-

230 2786 284 2814 que
296 2780 432 2804 conantur
446 2779 579 2805 astruere,
596 2773 672 2807 quia,
682 2772 821 2806 inquiunt,
835 2779 890 2798 non
903 2778 963 2798 esse
978 2778 1025 2797 ua-

232 2830 322 2853 turam
345 2825 404 2851 sine
424 2829 555 2858 persona.
581 2819 684 2853 quibus
705 2819 891 2854 respondetur
920 2818 948 2845 Si
972 2825 1024 2844 una

1072 2490 1203 2518 adunatio
1213 2489 1305 2516 carnis
1316 2489 1387 2515 facta
1398 2490 1441 2514 est
1457 2495 1462 2513 :
1475 2485 1548 2521 quod
1560 2486 1583 2512 si
1595 2483 1761 2512 coadunatio
1773 2482 1863 2509 carnis

1073 2536 1144 2563 facta
1162 2543 1216 2562 non
1232 2539 1286 2565 est,
1308 2541 1357 2560 cur
1380 2531 1556 2560 adunationis
1580 2530 1610 2557 ﬁt
1626 2528 1785 2556 mentio?si
1799 2535 1865 2554 vero

1074 2582 1206 2610 adunatio
1220 2581 1312 2608 carnis
1327 2579 1399 2606 facta
1415 2583 1468 2611 est,
1484 2579 1540 2613 jam
1554 2584 1610 2603 non
1634 2578 1740 2602 tantum
1760 2573 1863 2606 divina,

1075 2629 1122 2656 sed
1138 2632 1165 2655 et
1186 2627 1278 2654 carnis
1293 2630 1393 2653 natura
1411 2625 1439 2652 in
1452 2623 1562 2652 Christo
1575 2627 1627 2654 est,
1646 2621 1708 2648 dua:
1722 2620 1804 2655 igitur
1817 2627 1865 2647 na-

1076 2681 1145 2703 turm
1170 2675 1230 2702 sine
1255 2673 1309 2700 ulla
1336 2671 1509 2699 dubitatione
1532 2673 1594 2704 post
1619 2667 1814 2694 adunationcm
1840 2665 1865 2692 in

1075 2722 1185 2750 Christo
1199 2724 1273 2748 sunt.
1299 2719 1328 2746 Si
1351 2723 1443 2745 autem
1465 2716 1632 2744 adu-natione
1655 2714 1737 2745 facta,
1762 2720 1826 2743 una,
1842 2718 1870 2739 ct

1077 2769 1136 2797 sola
1153 2771 1246 2795 manet
1263 2766 1291 2792 in
1304 2765 1422 2792 Christo
1436 2764 1575 2794 divinitas,
1590 2769 1656 2797 ergo
1674 2769 1728 2788 non
1744 2759 1871 2793 simplex,

1078 2815 1126 2843 sed
1147 2812 1298 2848 cotnposita
1323 2811 1516 2847 passibilisque
1531 2814 1574 2836 est
1589 2807 1686 2836 cadent
1700 2804 1781 2834 Verbi
1800 2803 1870 2831 divi-
