1953 3086
104 216 151 250 113

613 217 763 259 CONTRA
782 219 1000 250 ACEPHALOS
1017 220 1211 252 LIBELLUS.

1680 219 1731 251 ιιι

103 275 179 303 nitas.
195 273 265 308 Quia
279 273 414 309 quidquid
428 280 462 302 ex
476 273 645 302 adunatione
659 275 811 303 subsistere
827 283 888 303 crc—
902 278 924 305 A
939 282 1004 304 vare
1021 283 1172 311 personas;
1187 276 1252 312 quia
1269 276 1391 304 Verbum
1402 280 1431 304 et
1445 284 1556 305 carnem
1571 276 1654 304 etiam
1668 282 1731 312 post

104 320 183 353 ditur,
194 320 354 348 nullatenus
365 319 518 348 secundum
531 319 688 353 veritatem,
701 321 813 356 proprie
824 321 890 349 sim-

105 367 161 404 plex
175 373 228 402 est,
242 368 290 396 sed
309 367 421 395 omnino
436 367 619 403 compositum
636 368 811 405 intelligitur.
833 368 891 396 Hoc

105 419 191 442 autem
215 414 249 442 de
266 414 324 442 sola
347 413 491 441 divinitate
510 412 614 441 Christi
639 415 742 443 sentire
759 415 898 450 probatur

104 467 162 487 esse
183 458 370 494 sacrilegium.
395 457 492 485 Restat
515 464 581 493 ergo
613 462 644 484 ut
665 458 807 491 adunatio,
831 466 892 494 quae

106 505 329 540 compositionem
342 504 418 536 facit,
432 503 549 538 refugiat
567 503 783 539 simplicitatem,
797 512 892 532 susce-

105 551 278 587 ptionemque
292 549 388 585 procul
399 549 485 586 dubio
496 557 511 576 a
524 549 594 577 Filio
609 550 658 577 Dei
673 550 800 577 humanae
813 554 893 577 natu-

106 604 141 624 ra!
153 596 296 632 signiticet.
309 595 344 623 Et
358 595 421 623 ideo
433 599 542 623 constat
556 594 635 627 duas,
649 594 677 622 id
696 599 749 626 est,
765 594 895 622 divinita-

107 642 140 670 tis
153 646 180 670 et
197 641 388 674 humanitatis,
406 641 434 668 in
449 640 521 668 Filio
541 641 591 668 Dei
615 644 678 676 post
700 640 894 668 adunationem

106 696 163 717 esse
180 693 303 721 naturas,
317 696 351 716 ex
365 687 468 723 quibus
490 690 518 714 et
533 687 561 714 in
582 687 684 722 quibus
699 686 826 714 subsistit
842 695 895 715 una

106 738 134 763 et
153 734 300 770 singularis
316 734 418 762 Christi
437 741 566 769 persona.

141 780 255 814 Rursus,
273 781 294 808 si
314 784 376 815 post
389 780 585 808 adunationem
599 787 654 807 una
669 784 767 810 natura
783 780 811 807 in
826 779 896 807 Filio

107 825 154 853 Dei
165 826 320 861 profitenda
331 830 384 860 est,
394 830 442 854 aut
453 826 612 854 humanitas
619 827 676 854 sola
685 826 714 853 in
723 825 835 854 Christo
842 830 895 858 est,

108 875 154 899 aut
163 877 238 899 certe
250 872 308 899 sola
323 872 465 900 divinitas.
477 872 544 900 Item
554 872 577 900 si
587 879 643 899 non
658 876 701 900 est
716 875 826 903 natura,
837 871 897 899 sine

108 924 236 952 persona,
250 918 337 945 multo
349 918 435 954 magis
450 926 568 953 persona
582 926 637 946 non
651 922 742 953 potest
756 926 816 946 esse
837 918 898 946 sine

109 966 217 991 natura.
227 963 255 992 Si
269 971 336 1000 ergo
346 969 453 992 nonest
466 968 565 992 natura
581 964 641 992 sine
657 971 786 1000 persona,
798 969 827 992 et
835 972 899 1000 pcr-

110 1015 174 1036 sona
191 1017 247 1037 non
268 1014 311 1038 est
334 1010 394 1038 sine
417 1015 528 1044 natura,
545 1015 601 1039 "'88
616 1019 682 1047 ergo
705 1015 772 1038 sunt
795 1015 900 1038 natura:

110 1051 270 1087 divinitatis,
281 1063 336 1082 non
345 1063 411 1083 una.
422 1055 492 1089 Quia
507 1060 565 1084 tres
580 1060 646 1084 sunt
658 1055 719 1084 sine
734 1056 819 1084 dubio
831 1056 899 1084 stib-

110 1099 241 1128 sistentize
262 1101 321 1130 sive
339 1109 465 1137 personae
476 1123 484 1136 ,
501 1103 593 1130 Patris
612 1106 641 1131 et
655 1103 717 1130 Filii
738 1107 766 1131 et
780 1103 902 1139 Spiritus

110 1146 207 1174 sancti.
224 1145 276 1174 Sed
293 1147 346 1175 hoc
363 1148 411 1183 qui
425 1148 522 1176 dicunt
538 1149 649 1176 Arianis
668 1149 782 1176 omnino
795 1148 902 1177 socian-

110 1195 166 1223 tur,
180 1196 209 1219 et
224 1192 283 1227 pari
299 1193 406 1221 cautela
422 1194 535 1221 cavendi
556 1199 632 1227 sunt,
644 1194 710 1230 quia
730 1194 857 1222 similiter
871 1199 902 1221 ut

111 1236 149 1264 illi
163 1237 356 1273 blasphemare
374 1243 538 1267 noscuntur.
555 1239 715 1273 Quaeramus
731 1245 822 1268 tamen
835 1240 902 1276 quid

111 1283 162 1310 sibi
177 1284 236 1311 vult
252 1285 372 1321 adjectio
387 1284 433 1313 illa
454 1285 622 1321 significare,
640 1293 704 1314 cum
718 1286 824 1319 dicunt,
840 1291 903 1322 post

111 1328 317 1358 adunationem.
332 1330 430 1359 Utrum
453 1331 520 1366 quia
535 1335 600 1359 ante
623 1331 819 1360 adunationem
841 1332 903 1361 duae

112 1375 141 1402 in
151 1374 262 1404 Christo
275 1381 382 1404 natura;
393 1376 518 1409 fuerunt,
532 1381 560 1405 et
574 1377 637 1405 ideo
648 1377 744 1406 dicunt
759 1384 821 1415 post
832 1379 902 1407 adu-

113 1421 262 1454 nationem,
279 1430 314 1449 an
329 1425 357 1450 et
380 1426 443 1450 ante
458 1423 654 1452 adunationem
670 1432 752 1452 unam
769 1425 903 1460 profiten-

114 1471 159 1493 tur
176 1466 261 1494 fuisse
277 1468 304 1495 in
319 1467 431 1495 Christo
448 1470 594 1497 naturam?
607 1469 685 1503 Quod
708 1470 730 1498 si
752 1475 816 1499 ante
833 1472 904 1499 adu-

114 1511 253 1539 nationem
270 1520 352 1540 unam
377 1513 461 1541 fuisse
482 1514 590 1547 dicunt,
606 1516 777 1551 superﬂuum
793 1517 905 1545 omnino

114 1561 165 1589 est,
190 1562 254 1592 post
270 1558 464 1586 adunationem
486 1559 591 1593 dicere,
606 1561 670 1596 quia
693 1569 801 1597 semper
822 1571 906 1590 unam

940 319 1136 348 adunationem
1158 320 1186 348 in
1200 315 1310 348 Christo
1325 329 1426 357 negare
1443 329 1499 348 non
1513 325 1640 356 possunt,
1660 329 1730 356 quo-

941 372 1002 391 rum
1015 364 1137 393 diversas
1147 373 1207 393 esse
1223 370 1336 393 naturas
1348 366 1442 393 nullus
1453 366 1571 400 ignorat.
1583 364 1639 393 Sed
1650 365 1730 396 duas.

941 409 1081 444 inquiunt,
1106 410 1168 438 ideo
1191 418 1247 438 non
1271 411 1372 439 debere
1398 411 1454 439 dici
1481 412 1509 439 in
1535 411 1644 440 Christo
1670 414 1732 446 post

942 456 1137 484 adunationem
1161 457 1280 484 fatemur
1297 465 1358 485 esse
1379 462 1502 490 naturas,
1522 458 1587 493 quia
1607 457 1663 484 duo
1679 464 1734 483 nu-

943 508 1037 529 merus
1050 509 1111 529 esse
1133 510 1189 529 non
1213 507 1304 538 potest
1325 503 1471 536 indivisus,
1497 511 1561 530 eum
1579 502 1731 530 secundum

943 546 1100 578 veritatem,
1116 548 1207 574 omnis
1221 555 1354 576 numerus
1372 548 1501 575 divisioni
1519 548 1653 584 suhjacet.
1669 547 1734 575 Haec

944 596 973 620 et
991 593 1148 629 bujusmodi
1164 594 1235 622 solet
1249 602 1345 622 eorum
1360 595 1599 630 impudentissima
1619 594 1735 622 catholi-

945 646 1005 666 cam
1017 639 1161 667 veritatem
1173 641 1358 676 argumentari
1372 641 1489 668 vanitas.
1501 641 1536 668 Et
1545 641 1664 676 primum
1672 640 1734 675 qui-

946 684 1009 713 dem
1024 693 1080 713 non
1100 693 1150 721 per
1171 694 1201 714 se
1217 687 1318 722 ipsum,
1334 687 1383 715 sed
1399 687 1428 714 in
1448 694 1542 715 rerum
1558 687 1665 715 naturis
1677 693 1736 713 om-

946 738 1011 757 nem
1041 731 1193 758 subsistere
1214 739 1360 760 numerum
1393 731 1599 759 evidentissima
1629 731 1737 759 ratione

948 774 1090 802 docemur.
1106 775 1221 808 Deinde,
1239 776 1262 803 si
1283 777 1442 804 nullatenus
1455 784 1486 803 ea
1508 784 1569 810 quae
1584 775 1737 804 secundum

948 820 1053 855 aliquid
1071 821 1267 848 discernuntur
1293 826 1322 848 et
1343 826 1545 852 numerantur,
1571 826 1686 855 possunt
1709 821 1737 848 in

949 865 1055 893 unitate
1067 866 1229 900 subsistere,
1245 874 1349 902 quaero,
1363 871 1391 894 et
1405 866 1485 893 Pater
1499 869 1526 893 et
1541 865 1627 892 Filius
1636 869 1664 892 et
1678 864 1741 899 Spi-

950 910 1021 938 ritus
1037 915 1158 944 sanctus,
1166 907 1218 946 qui
1236 919 1292 938 non
1309 911 1410 946 rcipsa,
1425 911 1473 938 sed
1501 910 1665 946 cognitione.
1680 913 1741 936 tan-

951 961 1009 984 tum
1023 956 1058 984 ab
1070 956 1188 984 invicem
1202 956 1407 990 discernuntur,
1424 957 1563 992 quomodo
1578 964 1632 984 non
1649 956 1677 983 in
1700 955 1728 982 di

949 1002 1067 1035 visione,
1084 1002 1133 1031 sed
1147 1003 1176 1030 in
1193 1007 1300 1030 natura:
1314 1003 1419 1030 unitate
1435 1001 1602 1029 subsistant?

986 1047 1065 1081 Quod
1079 1048 1101 1076 si
1117 1049 1145 1076 hi
1160 1053 1218 1077 tres
1234 1056 1319 1076 unum
1337 1052 1412 1081 sunt,
1434 1052 1462 1075 ct
1478 1054 1659 1083 personarum
1680 1054 1743 1074 sua-

951 1102 1013 1123 rum
1037 1096 1219 1130 proprietates
1245 1094 1364 1129 intcgras
1387 1098 1416 1120 et
1438 1092 1574 1129 perfectas
1598 1092 1742 1120 inconfuse

951 1141 1122 1178 custodiunt,
1135 1148 1188 1168 nec
1209 1140 1237 1167 in
1253 1139 1401 1172 divisione,
1418 1139 1465 1167 sed
1481 1140 1509 1167 in
1529 1139 1635 1166 unitate
1652 1138 1743 1166 subsi-

952 1190 1039 1221 stunt,
1062 1190 1158 1220 restat,
1185 1191 1216 1214 ut
1235 1186 1292 1222 jam
1314 1193 1370 1213 non
1387 1185 1480 1213 omnia
1503 1192 1564 1219 quae
1588 1183 1741 1212 secundum

953 1232 1139 1269 cognitionem
1158 1236 1335 1260 numerantes
1356 1230 1551 1263 discernimus,
1563 1229 1645 1258 etiam
1659 1229 1742 1257 rebus

953 1278 1030 1314 ipsis,
1045 1278 1150 1306 nefarie
1171 1277 1337 1305 dividamus.
1360 1276 1429 1310 Quia
1453 1283 1505 1304 nec
1523 1283 1586 1303 cum
1608 1275 1700 1303 carnis
1715 1279 1744 1302 ct

953 1325 1051 1352 animae
1074 1323 1143 1351 duas
1166 1323 1378 1359 pronuntiamus
1408 1322 1588 1357 diversasque
1618 1326 1742 1352 naturas.

954 1378 1039 1399 unum
1051 1370 1191 1398 hominem
1205 1370 1233 1397 in
1245 1369 1300 1396 duo
1313 1368 1472 1401 dividimus,
1487 1376 1569 1403 quem
1582 1375 1636 1395 non
1650 1367 1742 1398 rebus.

955 1418 1002 1446 sed
1036 1417 1193 1453 cognitione
1224 1416 1420 1443 discernimus.
1458 1415 1587 1449 Alioquin
1619 1413 1746 1441 dividant

955 1464 1046 1499 primo
1063 1463 1086 1490 si
1101 1467 1226 1498 possunt,
1242 1470 1296 1489 non
1319 1461 1408 1489 solum
1428 1460 1578 1493 intellectu,
1594 1460 1642 1487 sed
1662 1460 1745 1488 etiam

956 1510 1052 1542 rebus,
1067 1518 1081 1537 a
1094 1509 1240 1545 splendore
1255 1509 1387 1541 colorem,
1401 1511 1429 1535 et
1449 1508 1568 1535 calorem
1581 1515 1595 1534 a
1611 1507 1747 1542 sole;tunc

957 1563 1052 1583 eorum
1068 1555 1169 1590 poterit
1183 1555 1242 1582 haec
1258 1554 1341 1582 stulta
1359 1553 1495 1581 sententia
1513 1553 1639 1580 stabiliri.

114 1602 267 1630 secundum
291 1604 366 1637 ipsos
384 1608 494 1632 constat
509 1604 595 1634 fuisse
616 1610 644 1633 et
659 1614 719 1634 esse
744 1607 771 1634 in
795 1607 906 1636 Christo
921 1619 942 1649 α
993 1603 1070 1636 Quod
1088 1604 1111 1631 si
1128 1602 1218 1630 facere
1230 1606 1381 1636 nequeunt.
1393 1601 1493 1628 cedant
1507 1600 1628 1630 veritati.
1641 1603 1669 1626 ct
1679 1599 1748 1626 duas

114 1652 253 1675 naturam.
268 1649 370 1676 Verum
386 1649 408 1677 si
424 1650 462 1677 ita
477 1655 529 1683 est,
545 1651 659 1680 omnino
673 1652 808 1680 fallaciter
819 1653 853 1681 ab
864 1655 905 1682 eis

114 1693 197 1720 etiam
221 1694 325 1722 mentio
339 1695 516 1724 adunationis
531 1696 658 1724 affertur.
673 1697 753 1730 Quia,
770 1698 791 1726 si
807 1706 862 1726 una
878 1703 906 1727 et

115 1744 179 1767 ante
192 1744 221 1767 et
237 1745 300 1774 post
313 1742 414 1769 mansit
428 1743 456 1769 in
468 1742 581 1771 Christo
601 1748 711 1776 natura,
727 1745 802 1772 nulla
814 1745 906 1772 omni-

115 1784 199 1812 modo
215 1785 286 1813 facta
303 1791 344 1813 est
361 1787 503 1819 adunatio,
516 1788 581 1823 quia
595 1788 792 1818 adunationem
808 1798 841 1818 cx
862 1791 907 1819 di-

115 1837 258 1858 versarum
275 1839 369 1859 rerum
387 1833 494 1861 naturis
508 1833 578 1866 ﬁeri,
593 1842 675 1862 nemo
689 1836 792 1870 estqui
808 1836 905 1864 nescit.

116 1874 144 1902 Si
164 1880 256 1903 autem
274 1876 342 1905 duas
359 1882 423 1905 ante
436 1878 632 1906 adunationem
649 1879 734 1907 fuisse
750 1884 862 1908 naturas
879 1881 907 1908 in

115 1919 226 1949 Christo
244 1921 375 1955 dixerint,
392 1923 462 1951 duas
483 1924 566 1951 etiam
577 1924 636 1952 sine
650 1924 736 1952 dubio
758 1929 822 1953 ante
838 1926 908 1953 adu-

115 1966 258 1994 nationem
283 1967 376 1995 dicere
401 1969 605 1997 convincuntur
630 1969 660 1996 in
683 1969 793 1998 Christo
822 1970 907 2000 fuisse

115 2018 260 2046 personas,
284 2013 360 2048 quia,
385 2014 539 2042 secundum
565 2015 652 2050 ipsos,
670 2023 725 2043 non
744 2021 787 2044 est
809 2021 908 2045 natura

115 2059 177 2086 sine
194 2066 324 2094 persona.
350 2059 429 2093 Quod
454 2069 519 2089 cum
534 2061 642 2096 dicunt,
659 2062 722 2098 quis
731 2071 780 2091 eos
802 2064 908 2092 nesciat

115 2104 288 2133 Nestoriantc
304 2106 426 2141 perﬁdia:
443 2107 528 2142 (quod
540 2107 663 2144 fugiunt)
676 2109 782 2144 laqueis
797 2117 909 2145 compe-

115 2150 184 2182 diri,
201 2151 250 2186 qui
270 2151 411 2180 hominem
425 2152 537 2188 plenum
554 2153 623 2185 Deo.
637 2161 693 2182 non
708 2155 796 2183 Deum
817 2156 906 2184 homi-

115 2204 182 2224 nem
200 2197 303 2225 factum
324 2198 477 2234 praedicare
494 2199 708 2228 convincuntur.
723 2201 792 2229 Item
810 2201 833 2230 si
852 2209 908 2229 non

115 2247 161 2270 est
176 2248 275 2271 natura
285 2244 345 2272 sine
363 2240 493 2279 persona,
511 2252 665 2281 quaeramus
679 2246 715 2275 ab
728 2246 770 2275 eis
788 2256 794 2274 :
809 2247 908 2277 Utrum

959 1649 1103 1677 nobiscum
1119 1649 1148 1676 in
1160 1647 1271 1679 Christo
1287 1647 1470 1683 proﬁteantur
1487 1653 1548 1674 esse
1561 1650 1684 1681 naturas,
1701 1645 1747 1680 qui

960 1703 1006 1723 eas
1019 1703 1075 1722 non
1093 1695 1177 1723 rebus
1193 1694 1259 1730 ipsis
1275 1694 1436 1726 dividimus,
1454 1692 1502 1720 sed
1519 1692 1674 1728 cognitione
1687 1695 1749 1718 tan-

960 1748 1020 1770 tum
1040 1741 1225 1769 discernimus
1247 1745 1274 1769 ct
1297 1741 1458 1776 probamus.
1477 1740 1506 1767 Si
1530 1747 1596 1768 vero
1607 1739 1747 1766 dixerint:

962 1787 1039 1815 Sicut
1054 1794 1088 1814 ex
1104 1787 1193 1814 anima
1210 1791 1238 1814 et
1252 1794 1334 1814 carne
1349 1794 1402 1813 una
1417 1786 1535 1813 humana
1551 1789 1647 1812 natura
1663 1784 1750 1812 conli-

961 1833 1044 1867 citur,
1062 1841 1123 1868 qute
1139 1833 1282 1868 singulari,
1297 1840 1353 1860 non
1375 1832 1475 1868 plurali
1495 1839 1610 1860 numero
1625 1839 1750 1867 pronun-

962 1880 1055 1913 tiatur,
1074 1880 1111 1907 ita
1127 1887 1161 1906 ex
1176 1879 1320 1907 divinitate
1333 1883 1360 1906 et
1374 1879 1544 1906 humanitate
1557 1886 1611 1906 una
1625 1878 1694 1905 facta
1709 1882 1751 1905 cst

961 1925 1064 1954 Christi
1084 1929 1195 1954 natura.
1219 1926 1312 1953 Primo
1330 1926 1440 1961 quidem
1458 1926 1511 1953 hoc
1521 1925 1672 1959 exemplum
1681 1924 1751 1952 Filio

961 1972 1011 2000 Dei
1037 1972 1151 1999 minime
1174 1972 1303 1999 existimo
1328 1971 1495 2004 convenire,
1516 1971 1559 1998 cui
1584 1969 1751 1998 subsistcndi

962 2027 1043 2046 causa
1056 2027 1120 2047 caro
1132 2026 1187 2046 non
1201 2018 1261 2045 fuit.
1277 2017 1383 2053 Quippe
1394 2017 1443 2052 qui
1457 2021 1520 2045 ante
1535 2017 1634 2045 saecula
1646 2025 1660 2044 a
1671 2017 1753 2044 Patro

962 2070 1044 2093 natus
1057 2066 1085 2094 in
1105 2065 1218 2101 propria
1240 2072 1358 2100 persona
1379 2063 1642 2091 incommutabiliter
1661 2063 1753 2090 subsi-

963 2113 1027 2146 stit,
1053 2112 1101 2140 sed
1126 2120 1188 2140 cum
1209 2111 1329 2139 Verbum
1347 2118 1413 2138 caro
1438 2111 1532 2142 ﬁeret,
1557 2109 1754 2137 misericordia:

963 2159 1026 2187 fuit.
1046 2158 1171 2187 Animam
1194 2163 1286 2187 autem
1312 2159 1460 2186 humanam
1487 2161 1550 2185 ante
1567 2164 1678 2184 carnem
1702 2156 1754 2183 uli~

960 2205 1027 2233 cubi
1043 2205 1204 2238 subsistere,
1219 2210 1247 2233 et
1262 2205 1440 2240 postmodum
1457 2203 1534 2231 carni
1558 2202 1654 2235 inseri,
1672 2211 1755 2230 nemo

963 2258 1047 2279 ausus
1060 2255 1102 2279 est
1114 2250 1259 2278 allirmarc.
1276 2250 1346 2279 Sane
1360 2250 1424 2286 quia
1437 2249 1513 2277 nulla
1526 2256 1571 2276 res
1583 2248 1639 2275 sive
1656 2255 1753 2275 natura

116 2294 181 2326 post
191 2291 388 2320 adunationem
400 2283 483 2320 Verbi
497 2294 525 2319 et
541 2292 632 2320 carnis
647 2292 676 2321 in
691 2292 801 2322 Christo
816 2293 910 2322 dicant
925 2297 948 2326 ι)
961 2300 1014 2328 est,
1032 2304 1094 2331 quae
1109 2303 1165 2323 non
1177 2295 1290 2331 proprio
1304 2283 1457 2331 appelletur
1471 2294 1593 2327 nomine,
1611 2294 1693 2321 unius
1706 2301 1755 2321 na-

116 2336 189 2364 duas
209 2344 270 2365 esse
282 2342 408 2371 naturas,
423 2346 457 2366 an
471 2339 618 2374 denegem.
636 2339 715 2372 Quod
730 2340 753 2367 si
768 2341 812 2368 vel
825 2341 908 2370 Verbi

116 2382 159 2409 vel
174 2383 268 2410 carnis
279 2384 427 2411 essentiam
441 2384 469 2411 in
484 2383 596 2412 Christo
611 2385 782 2421 negaverint,
798 2391 847 2414 aut
863 2387 912 2414 Ju—

115 2427 242 2456 daeorum
260 2428 396 2465 impietati
410 2430 523 2458 omnino
536 2431 669 2467 iungendi
684 2436 749 2459 sunt
764 2432 812 2467 qui
828 2432 911 2461 Chri—

113 2478 193 2501 stum
209 2482 310 2509 purum
335 2475 477 2503 hominem
500 2476 584 2505 fuisse
608 2482 746 2511 asserunt,
762 2483 810 2506 aut
825 2478 912 2506 Mani-

113 2520 261 2548 chaeorum
276 2521 428 2557 sacrilegiis
440 2523 612 2558 coatquandi,
627 2524 674 2559 qui
685 2524 778 2552 carnis
790 2524 817 2551 in
831 2524 912 2552 Chri—

113 2569 161 2592 sto
177 2570 281 2600 negant
293 2567 440 2594 essentiam
454 2569 498 2595 vel
511 2572 652 2596 naturam.
675 2569 702 2597 Si
718 2577 784 2597 vero
800 2575 828 2597 et
842 2570 911 2598 Ver—

114 2611 185 2638 bum
201 2619 313 2640 carnem
329 2620 390 2641 esse
411 2614 439 2640 in
457 2613 566 2651 Christo
582 2614 714 2647 dixerint,
730 2616 799 2644 duas
813 2617 910 2652 utique

115 2658 254 2686 essentias
268 2659 346 2686 inviti
359 2659 530 2688 diversarum
544 2665 704 2689 naturarum
720 2663 842 2697 ipsorum
863 2672 912 2691 no-

116 2703 226 2730 minum
251 2704 411 2732 testimonio
436 2705 618 2740 proﬁtentur,
641 2707 704 2742 quia
733 2715 788 2735 non
815 2709 912 2736 eadem

116 2753 185 2776 sunt
197 2749 309 2776 nomina
323 2750 403 2777 Verbi
417 2754 445 2777 et
454 2751 546 2778 carnis
557 2759 564 2784 ;
576 2759 639 2779 naut
654 2752 776 2780 Verban
793 2753 911 2782 Verbum

115 2798 171 2826 est,
191 2799 219 2821 et
232 2803 298 2822 caro
315 2803 380 2822 caro
393 2800 445 2823 est.
470 2797 570 2824 Verum
592 2798 655 2832 quia
673 2799 770 2826 nolunt
785 2807 845 2827 esse
864 2809 912 2828 na-

117 2844 210 2867 turam
235 2841 294 2868 sine
320 2849 447 2876 persona,
463 2841 544 2879 546
559 2844 655 2879 procul
673 2844 757 2872 dubio
771 2846 853 2873 etiam
872 2846 913 2874 sic

116 2888 274 2916 secundum
299 2889 371 2928 hanc
394 2890 506 2918 stultam
535 2895 563 2918 ct
586 2891 698 2927 impiam
723 2893 911 2922 deﬁnitionem

115 2941 208 2966 suam,
223 2935 275 2971 ipsi
293 2936 386 2972 potius
401 2936 470 2964 duas
491 2936 632 2965 invenient
648 2938 674 2966 in
696 2939 805 2968 Christo
822 2948 912 2968 asser-

965 2346 1034 2371 turae
1046 2351 1127 2378 quam
1141 2350 1175 2370 ex
1188 2342 1325 2369 lI‘rinitate
1346 2346 1374 2370 et
1388 2341 1562 2369 humanitate
1583 2340 1681 2368 factam
1695 2348 1755 2367 esse

963 2387 1145 2419 contendunt,
1160 2395 1260 2414 nomen
1272 2387 1400 2414 doceant.
1413 2386 1447 2414 At
1457 2386 1479 2414 si
1492 2385 1631 2413 voluerint
1643 2385 1733 2412 dicere
1749 2393 1758 2412 ;

963 2433 1086 2461 Verbum
1101 2434 1284 2466 incarnatum,
1300 2433 1357 2461 sive
1372 2440 1454 2460 unam
1470 2437 1596 2460 naturam
1610 2431 1658 2459 Dei
1670 2431 1755 2459 Verbi

964 2480 1146 2511 incarnatam,
1170 2487 1203 2507 eo
1220 2480 1280 2515 ipso
1296 2487 1351 2515 quo
1367 2479 1420 2506 hoc
1436 2478 1542 2512 dicunt,
1567 2478 1636 2506 duas
1659 2477 1756 2513 procul

965 2526 1049 2555 dubio
1061 2526 1156 2554 dicere
1167 2526 1372 2554 convincuntur
1386 2525 1414 2552 in
1424 2524 1538 2552 Christo
1550 2528 1674 2555 naturas.
1689 2523 1758 2550 dua-

966 2579 1093 2607 rumque,
1109 2579 1164 2598 non
1181 2571 1264 2598 unius
1286 2570 1397 2598 nomina
1414 2575 1587 2601 naturarum,
1604 2570 1664 2605 ejus
1677 2568 1757 2596 vide-

965 2619 1040 2651 licet,
1057 2619 1103 2654 qui
1121 2619 1279 2646 incarnatus
1295 2621 1346 2650 cst,
1366 2617 1393 2644 id
1414 2622 1458 2645 est
1472 2617 1556 2645 Verbi
1579 2617 1638 2649 Dei,
1654 2621 1682 2644 ct
1697 2617 1759 2652 eius

965 2674 1026 2702 qua:
1040 2665 1074 2693 ab
1092 2666 1151 2700 ipso
1164 2669 1303 2700 assumpta
1319 2668 1371 2697 cst,
1385 2663 1412 2692 id
1429 2668 1481 2697 est,
1497 2665 1599 2692 carnis.
1616 2664 1676 2691 Non
1692 2671 1758 2698 ergo

965 2710 1018 2738 hoc
1042 2710 1126 2738 unius
1144 2710 1183 2737 rei
1206 2717 1306 2737 nomen
1323 2713 1375 2742 est,
1392 2709 1465 2744 quod
1483 2709 1522 2736 sic
1537 2717 1695 2743 expressam
1716 2710 1759 2736 si-
1787 2734 1794 2742 ι

966 2757 1169 2792 gnificationem
1183 2756 1300 2783 duarum
1313 2755 1541 2790 diversarumquc
1555 2755 1695 2782 unitarum
1707 2755 1759 2781 do—

966 2807 1026 2830 ceat
1049 2807 1222 2832 naturarum,
1239 2800 1471 2836 quemadmodum
1491 2808 1553 2828 cum
1578 2800 1692 2833 dicitur,
1705 2800 1760 2827 hu-

967 2857 1046 2877 mana
1062 2854 1168 2881 natura,
1188 2856 1269 2883 quam
1287 2856 1320 2875 ex
1337 2847 1446 2875 duabus
1463 2854 1510 2875 seu
1532 2846 1635 2882 potius,
1649 2847 1676 2874 in
1693 2847 1763 2874 dus-

967 2895 1018 2922 hus
1042 2895 1214 2930 diversisque
1238 2894 1355 2927 naturis,
1375 2894 1401 2921 id
1427 2897 1478 2926 est,
1502 2893 1594 2920 carnis
1619 2897 1646 2920 et
1663 2893 1762 2920 anime

967 2940 1119 2969 subsistere
1145 2948 1227 2968 nemo
1255 2939 1379 2974 dubitat,
1404 2938 1453 2967 sed
1479 2938 1711 2973 quemadmodum
1739 2939 1763 2966 si
