  <div class='ocr_page' id='page_1' title='image "/cluster/home/n/w/nwhite01/storage/ocr_20150623/86,pt.1/njp.32101007877465/075.png"; bbox 0 0 1953 3086; ppageno 0'>
   <div class='ocr_carea' id='block_1_1' title="bbox 219 192 271 226">
    <p class='ocr_par' dir='ltr' id='par_1_1' title="bbox 219 192 271 226">
     <span class='ocr_line' id='line_1_1' title="bbox 219 192 271 226; baseline 0.038 -2"><span class='ocrx_word' id='word_1_1' title='bbox 219 192 271 226; x_wconf 84' lang='grc'><strong>115</strong></span> 
     </span>
    </p>
   </div>
   <div class='ocr_carea' id='block_1_2' title="bbox 846 191 1223 225">
    <p class='ocr_par' dir='ltr' id='par_1_2' title="bbox 846 191 1223 225">
     <span class='ocr_line' id='line_1_2' title="bbox 846 191 1223 225; baseline -0.005 0"><span class='ocrx_word' id='word_1_2' title='bbox 846 191 1008 225; x_wconf 84' lang='lat' dir='ltr'><strong>JOANNIS</strong></span> <span class='ocrx_word' id='word_1_3' title='bbox 1029 192 1223 224; x_wconf 80' lang='grc' dir='ltr'><strong>ΜΑΧΕΝΤΙΙ</strong></span> 
     </span>
    </p>
   </div>
   <div class='ocr_carea' id='block_1_3' title="bbox 1799 189 1846 223">
    <p class='ocr_par' dir='ltr' id='par_1_3' title="bbox 1799 189 1846 223">
     <span class='ocr_line' id='line_1_3' title="bbox 1799 189 1846 223; baseline -0.043 0"><span class='ocrx_word' id='word_1_4' title='bbox 1799 189 1846 223; x_wconf 88' lang='grc'><strong>116</strong></span> 
     </span>
    </p>
   </div>
   <div class='ocr_carea' id='block_1_4' title="bbox 217 247 1846 286">
    <p class='ocr_par' dir='ltr' id='par_1_4' title="bbox 217 247 1846 286">
     <span class='ocr_line' id='line_1_4' title="bbox 217 247 1846 286; baseline -0.002 -8"><span class='ocrx_word' id='word_1_5' title='bbox 217 250 334 284; x_wconf 89' lang='lat' dir='ltr'><strong>dicatur,</strong></span> <span class='ocrx_word' id='word_1_6' title='bbox 351 251 442 279; x_wconf 87' lang='lat' dir='ltr'><strong>anima</strong></span> <span class='ocrx_word' id='word_1_7' title='bbox 468 251 618 285; x_wconf 84' lang='lat' dir='ltr'><strong>incarnata,</strong></span> <span class='ocrx_word' id='word_1_8' title='bbox 637 251 694 280; x_wconf 86' lang='lat' dir='ltr'><strong>sive</strong></span> <span class='ocrx_word' id='word_1_9' title='bbox 717 260 772 280; x_wconf 87' lang='lat' dir='ltr'><strong>una</strong></span> <span class='ocrx_word' id='word_1_10' title='bbox 795 255 893 280; x_wconf 87' lang='lat' dir='ltr'><strong>natura</strong></span> <span class='ocrx_word' id='word_1_11' title='bbox 909 252 1007 280; x_wconf 83' lang='lat' dir='ltr'><strong>animae</strong></span> <span class='ocrx_word' id='word_1_12' title='bbox 1021 256 1044 285; x_wconf 81' lang='grc' dir='ltr'><strong>Α</strong></span> <span class='ocrx_word' id='word_1_13' title='bbox 1061 250 1216 286; x_wconf 71' lang='lat' dir='ltr'><strong>appelletur</strong></span> <span class='ocrx_word' id='word_1_14' title='bbox 1242 248 1481 285; x_wconf 82' lang='lat' dir='ltr'><strong>signiﬁcationem.</strong></span> <span class='ocrx_word' id='word_1_15' title='bbox 1509 247 1648 276; x_wconf 86' lang='lat' dir='ltr'><strong>Christum</strong></span> <span class='ocrx_word' id='word_1_16' title='bbox 1676 251 1766 275; x_wconf 89' lang='lat' dir='ltr'><strong>autem</strong></span> <span class='ocrx_word' id='word_1_17' title='bbox 1795 254 1846 274; x_wconf 90' lang='lat' dir='ltr'><strong>non</strong></span> 
     </span>
    </p>
   </div>
   <div class='ocr_carea' id='block_1_5' title="bbox 216 297 1008 332">
    <p class='ocr_par' dir='ltr' id='par_1_5' title="bbox 216 297 1008 332">
     <span class='ocr_line' id='line_1_5' title="bbox 216 297 1008 332; baseline 0 -8"><span class='ocrx_word' id='word_1_18' title='bbox 216 297 374 325; x_wconf 69' lang='lat' dir='ltr'><strong>incarnatas.</strong></span> <span class='ocrx_word' id='word_1_19' title='bbox 389 297 424 325; x_wconf 88' lang='lat' dir='ltr'><strong>Et</strong></span> <span class='ocrx_word' id='word_1_20' title='bbox 435 298 497 326; x_wconf 91' lang='lat' dir='ltr'><strong>ideo</strong></span> <span class='ocrx_word' id='word_1_21' title='bbox 512 306 612 326; x_wconf 84' lang='lat' dir='ltr'><strong>nomen</strong></span> <span class='ocrx_word' id='word_1_22' title='bbox 626 303 731 326; x_wconf 62' lang='lat' dir='ltr'><strong>natura:</strong></span> <span class='ocrx_word' id='word_1_23' title='bbox 748 298 841 332; x_wconf 88' lang='lat' dir='ltr'><strong>unius,</strong></span> <span class='ocrx_word' id='word_1_24' title='bbox 856 306 916 332; x_wconf 83' lang='lat' dir='ltr'><strong>quae</strong></span> <span class='ocrx_word' id='word_1_25' title='bbox 936 298 1008 325; x_wconf 86' lang='lat' dir='ltr'><strong>divi-</strong></span> 
     </span>
    </p>
   </div>
   <div class='ocr_carea' id='block_1_6' title="bbox 216 341 1009 380">
    <p class='ocr_par' dir='ltr' id='par_1_6' title="bbox 216 341 1009 380">
     <span class='ocr_line' id='line_1_6' title="bbox 216 341 1009 380; baseline 0.003 -12"><span class='ocrx_word' id='word_1_26' title='bbox 216 341 321 375; x_wconf 87' lang='lat' dir='ltr'><strong>nitatis,</strong></span> <span class='ocrx_word' id='word_1_27' title='bbox 349 347 377 371; x_wconf 88' lang='lat' dir='ltr'><strong>et</strong></span> <span class='ocrx_word' id='word_1_28' title='bbox 398 343 588 377; x_wconf 75' lang='lat' dir='ltr'><strong>humanitatis,</strong></span> <span class='ocrx_word' id='word_1_29' title='bbox 612 352 770 379; x_wconf 82' lang='lat' dir='ltr'><strong>expressam</strong></span> <span class='ocrx_word' id='word_1_30' title='bbox 796 345 884 380; x_wconf 86' lang='lat' dir='ltr'><strong>possit</strong></span> <span class='ocrx_word' id='word_1_31' title='bbox 905 344 1009 371; x_wconf 87' lang='lat' dir='ltr'><strong>habere</strong></span> 
     </span>
    </p>
   </div>
   <div class='ocr_carea' id='block_1_7' title="bbox 217 387 733 426">
    <p class='ocr_par' dir='ltr' id='par_1_7' title="bbox 217 387 733 426">
     <span class='ocr_line' id='line_1_7' title="bbox 217 387 733 426; baseline 0.006 -12"><span class='ocrx_word' id='word_1_32' title='bbox 217 387 456 423; x_wconf 73' lang='lat' dir='ltr'><strong>significationem,</strong></span> <span class='ocrx_word' id='word_1_33' title='bbox 472 389 572 418; x_wconf 92' lang='lat' dir='ltr'><strong>docere</strong></span> <span class='ocrx_word' id='word_1_34' title='bbox 587 395 733 426; x_wconf 79' lang='lat' dir='ltr'><strong>coguntur.</strong></span> 
     </span>
    </p>
   </div>
   <div class='ocr_carea' id='block_1_8' title="bbox 251 433 1008 471">
    <p class='ocr_par' dir='ltr' id='par_1_8' title="bbox 251 433 1008 471">
     <span class='ocr_line' id='line_1_8' title="bbox 251 433 1008 471; baseline 0.003 -11"><span class='ocrx_word' id='word_1_35' title='bbox 251 433 353 461; x_wconf 84' lang='lat' dir='ltr'><strong>Verum</strong></span> <span class='ocrx_word' id='word_1_36' title='bbox 369 434 392 462; x_wconf 88' lang='lat' dir='ltr'><strong>si</strong></span> <span class='ocrx_word' id='word_1_37' title='bbox 407 435 435 462; x_wconf 92' lang='lat' dir='ltr'><strong>in</strong></span> <span class='ocrx_word' id='word_1_38' title='bbox 451 440 557 463; x_wconf 84' lang='lat' dir='ltr'><strong>tantum</strong></span> <span class='ocrx_word' id='word_1_39' title='bbox 573 435 836 471; x_wconf 85' lang='lat' dir='ltr'><strong>desipuerint,quod</strong></span> <span class='ocrx_word' id='word_1_40' title='bbox 844 435 936 463; x_wconf 77' lang='lat' dir='ltr'><strong>dicant</strong></span> <span class='ocrx_word' id='word_1_41' title='bbox 949 443 1008 462; x_wconf 88' lang='lat' dir='ltr'><strong>eam</strong></span> 
     </span>
    </p>
   </div>
   <div class='ocr_carea' id='block_1_9' title="bbox 215 478 1010 516">
    <p class='ocr_par' dir='ltr' id='par_1_9' title="bbox 215 478 1010 516">
     <span class='ocr_line' id='line_1_9' title="bbox 215 478 1010 516; baseline 0.001 -11"><span class='ocrx_word' id='word_1_42' title='bbox 215 478 320 506; x_wconf 84' lang='lat' dir='ltr'><strong>Christi</strong></span> <span class='ocrx_word' id='word_1_43' title='bbox 334 487 394 507; x_wconf 89' lang='lat' dir='ltr'><strong>esse</strong></span> <span class='ocrx_word' id='word_1_44' title='bbox 406 485 544 514; x_wconf 85' lang='lat' dir='ltr'><strong>naturam,</strong></span> <span class='ocrx_word' id='word_1_45' title='bbox 558 488 653 508; x_wconf 81' lang='lat' dir='ltr'><strong>rursus</strong></span> <span class='ocrx_word' id='word_1_46' title='bbox 665 481 700 507; x_wconf 85' lang='lat' dir='ltr'><strong>ab</strong></span> <span class='ocrx_word' id='word_1_47' title='bbox 714 480 755 508; x_wconf 89' lang='lat' dir='ltr'><strong>eis</strong></span> <span class='ocrx_word' id='word_1_48' title='bbox 767 481 909 516; x_wconf 67' lang='lat' dir='ltr'><strong>qumritur,</strong></span> <span class='ocrx_word' id='word_1_49' title='bbox 922 480 1010 515; x_wconf 83' lang='lat' dir='ltr'><strong>qualis</strong></span> 
     </span>
    </p>
   </div>
   <div class='ocr_carea' id='block_1_10' title="bbox 217 525 1010 562">
    <p class='ocr_par' dir='ltr' id='par_1_10' title="bbox 217 525 1010 562">
     <span class='ocr_line' id='line_1_10' title="bbox 217 525 1010 562; baseline 0.001 -10"><span class='ocrx_word' id='word_1_50' title='bbox 217 525 264 552; x_wconf 83' lang='lat' dir='ltr'><strong>illa</strong></span> <span class='ocrx_word' id='word_1_51' title='bbox 280 526 325 553; x_wconf 95' lang='lat' dir='ltr'><strong>sit.</strong></span> <span class='ocrx_word' id='word_1_52' title='bbox 343 526 411 559; x_wconf 85' lang='lat' dir='ltr'><strong>Quia</strong></span> <span class='ocrx_word' id='word_1_53' title='bbox 426 526 555 554; x_wconf 84' lang='lat' dir='ltr'><strong>Christus</strong></span> <span class='ocrx_word' id='word_1_54' title='bbox 573 534 629 554; x_wconf 91' lang='lat' dir='ltr'><strong>non</strong></span> <span class='ocrx_word' id='word_1_55' title='bbox 644 530 761 559; x_wconf 67' lang='lat' dir='ltr'><strong>naturae,</strong></span> <span class='ocrx_word' id='word_1_56' title='bbox 780 526 827 554; x_wconf 87' lang='lat' dir='ltr'><strong>sed</strong></span> <span class='ocrx_word' id='word_1_57' title='bbox 843 526 1010 562; x_wconf 79' lang='lat' dir='ltr'><strong>operationis</strong></span> 
     </span>
    </p>
   </div>
   <div class='ocr_carea' id='block_1_11' title="bbox 218 571 1010 605">
    <p class='ocr_par' dir='ltr' id='par_1_11' title="bbox 218 571 1010 605">
     <span class='ocr_line' id='line_1_11' title="bbox 218 571 1010 605; baseline 0.001 -7"><span class='ocrx_word' id='word_1_58' title='bbox 218 571 276 598; x_wconf 88' lang='lat' dir='ltr'><strong>sive</strong></span> <span class='ocrx_word' id='word_1_59' title='bbox 290 571 454 604; x_wconf 70' lang='lat' dir='ltr'><strong>ellicientiaz,</strong></span> <span class='ocrx_word' id='word_1_60' title='bbox 469 572 496 599; x_wconf 89' lang='lat' dir='ltr'><strong>id</strong></span> <span class='ocrx_word' id='word_1_61' title='bbox 508 576 561 604; x_wconf 88' lang='lat' dir='ltr'><strong>est,</strong></span> <span class='ocrx_word' id='word_1_62' title='bbox 574 572 713 600; x_wconf 80' lang='lat' dir='ltr'><strong>unctionis</strong></span> <span class='ocrx_word' id='word_1_63' title='bbox 726 579 826 600; x_wconf 87' lang='lat' dir='ltr'><strong>nomen</strong></span> <span class='ocrx_word' id='word_1_64' title='bbox 842 576 893 605; x_wconf 89' lang='lat' dir='ltr'><strong>est,</strong></span> <span class='ocrx_word' id='word_1_65' title='bbox 908 578 936 600; x_wconf 90' lang='lat' dir='ltr'><strong>et</strong></span> <span class='ocrx_word' id='word_1_66' title='bbox 948 572 1010 599; x_wconf 91' lang='lat' dir='ltr'><strong>ideo</strong></span> 
     </span>
    </p>
   </div>
   <div class='ocr_carea' id='block_1_12' title="bbox 218 617 1013 653">
    <p class='ocr_par' dir='ltr' id='par_1_12' title="bbox 218 617 1013 653">
     <span class='ocr_line' id='line_1_12' title="bbox 218 617 1013 653; baseline 0.001 -9"><span class='ocrx_word' id='word_1_67' title='bbox 218 617 310 644; x_wconf 87' lang='lat' dir='ltr'><strong>adhuc</strong></span> <span class='ocrx_word' id='word_1_68' title='bbox 322 623 510 651; x_wconf 84' lang='lat' dir='ltr'><strong>coarctautur,</strong></span> <span class='ocrx_word' id='word_1_69' title='bbox 520 622 551 644; x_wconf 92' lang='lat' dir='ltr'><strong>ut</strong></span> <span class='ocrx_word' id='word_1_70' title='bbox 561 618 636 645; x_wconf 90' lang='lat' dir='ltr'><strong>illius</strong></span> <span class='ocrx_word' id='word_1_71' title='bbox 650 622 756 645; x_wconf 67' lang='lat' dir='ltr'><strong>natura:</strong></span> <span class='ocrx_word' id='word_1_72' title='bbox 767 617 1013 653; x_wconf 79' lang='lat' dir='ltr'><strong>singularis,quam</strong></span> 
     </span>
    </p>
   </div>
   <div class='ocr_carea' id='block_1_13' title="bbox 217 663 1014 697">
    <p class='ocr_par' dir='ltr' id='par_1_13' title="bbox 217 663 1014 697">
     <span class='ocr_line' id='line_1_13' title="bbox 217 663 1014 697; baseline 0.003 -8"><span class='ocrx_word' id='word_1_73' title='bbox 217 667 282 697; x_wconf 85' lang='lat' dir='ltr'><strong>post</strong></span> <span class='ocrx_word' id='word_1_74' title='bbox 304 663 499 690; x_wconf 82' lang='lat' dir='ltr'><strong>adunationem</strong></span> <span class='ocrx_word' id='word_1_75' title='bbox 527 663 555 690; x_wconf 90' lang='lat' dir='ltr'><strong>in</strong></span> <span class='ocrx_word' id='word_1_76' title='bbox 577 663 688 691; x_wconf 87' lang='lat' dir='ltr'><strong>Christo</strong></span> <span class='ocrx_word' id='word_1_77' title='bbox 709 671 771 691; x_wconf 90' lang='lat' dir='ltr'><strong>esse</strong></span> <span class='ocrx_word' id='word_1_78' title='bbox 786 664 892 697; x_wconf 93' lang='lat' dir='ltr'><strong>volunt,</strong></span> <span class='ocrx_word' id='word_1_79' title='bbox 913 671 1014 691; x_wconf 92' lang='lat' dir='ltr'><strong>nomen</strong></span> 
     </span>
    </p>
   </div>
   <div class='ocr_carea' id='block_1_14' title="bbox 220 707 347 735">
    <p class='ocr_par' dir='ltr' id='par_1_14' title="bbox 220 707 347 735">
     <span class='ocr_line' id='line_1_14' title="bbox 220 707 347 735; baseline 0 -1"><span class='ocrx_word' id='word_1_80' title='bbox 220 707 347 735; x_wconf 82' lang='lat' dir='ltr'><strong>doceant.</strong></span> 
     </span>
    </p>
   </div>
   <div class='ocr_carea' id='block_1_15' title="bbox 255 751 1016 790">
    <p class='ocr_par' dir='ltr' id='par_1_15' title="bbox 255 751 1016 790">
     <span class='ocr_line' id='line_1_15' title="bbox 255 751 1016 790; baseline 0.001 -10"><span class='ocrx_word' id='word_1_81' title='bbox 255 751 324 786; x_wconf 86' lang='lat' dir='ltr'><strong>Quia</strong></span> <span class='ocrx_word' id='word_1_82' title='bbox 339 753 415 780; x_wconf 89' lang='lat' dir='ltr'><strong>nulla</strong></span> <span class='ocrx_word' id='word_1_83' title='bbox 438 754 479 781; x_wconf 85' lang='lat' dir='ltr'><strong>rei</strong></span> <span class='ocrx_word' id='word_1_84' title='bbox 503 758 601 781; x_wconf 88' lang='lat' dir='ltr'><strong>natura</strong></span> <span class='ocrx_word' id='word_1_85' title='bbox 626 758 678 788; x_wconf 89' lang='lat' dir='ltr'><strong>est,</strong></span> <span class='ocrx_word' id='word_1_86' title='bbox 696 762 758 790; x_wconf 70' lang='lat' dir='ltr'><strong>qua:</strong></span> <span class='ocrx_word' id='word_1_87' title='bbox 781 762 835 782; x_wconf 91' lang='lat' dir='ltr'><strong>non</strong></span> <span class='ocrx_word' id='word_1_88' title='bbox 852 754 965 790; x_wconf 83' lang='lat' dir='ltr'><strong>proprio</strong></span> <span class='ocrx_word' id='word_1_89' title='bbox 986 757 1016 781; x_wconf 90' lang='lat' dir='ltr'><strong>et</strong></span> 
     </span>
    </p>
   </div>
   <div class='ocr_carea' id='block_1_16' title="bbox 221 798 1016 835">
    <p class='ocr_par' dir='ltr' id='par_1_16' title="bbox 221 798 1016 835">
     <span class='ocr_line' id='line_1_16' title="bbox 221 798 1016 835; baseline 0.004 -11"><span class='ocrx_word' id='word_1_90' title='bbox 221 798 354 833; x_wconf 76' lang='lat' dir='ltr'><strong>singulari</strong></span> <span class='ocrx_word' id='word_1_91' title='bbox 382 799 495 827; x_wconf 87' lang='lat' dir='ltr'><strong>nomine</strong></span> <span class='ocrx_word' id='word_1_92' title='bbox 523 800 676 827; x_wconf 89' lang='lat' dir='ltr'><strong>secundum</strong></span> <span class='ocrx_word' id='word_1_93' title='bbox 710 800 858 835; x_wconf 82' lang='lat' dir='ltr'><strong>specialem</strong></span> <span class='ocrx_word' id='word_1_94' title='bbox 884 799 1016 827; x_wconf 77' lang='lat' dir='ltr'><strong>videlicet</strong></span> 
     </span>
    </p>
   </div>
   <div class='ocr_carea' id='block_1_17' title="bbox 1061 292 1847 328">
    <p class='ocr_par' dir='ltr' id='par_1_17' title="bbox 1061 292 1847 328">
     <span class='ocr_line' id='line_1_17' title="bbox 1061 292 1847 328; baseline -0.006 -3"><span class='ocrx_word' id='word_1_95' title='bbox 1061 305 1122 325; x_wconf 89' lang='lat' dir='ltr'><strong>esse</strong></span> <span class='ocrx_word' id='word_1_96' title='bbox 1135 300 1240 324; x_wconf 67' lang='lat' dir='ltr'><strong>natura:</strong></span> <span class='ocrx_word' id='word_1_97' title='bbox 1255 302 1367 326; x_wconf 88' lang='lat' dir='ltr'><strong>nomen,</strong></span> <span class='ocrx_word' id='word_1_98' title='bbox 1383 294 1431 322; x_wconf 92' lang='lat' dir='ltr'><strong>sed</strong></span> <span class='ocrx_word' id='word_1_99' title='bbox 1446 293 1596 325; x_wconf 88' lang='lat' dir='ltr'><strong>unctionis,</strong></span> <span class='ocrx_word' id='word_1_100' title='bbox 1609 297 1637 321; x_wconf 90' lang='lat' dir='ltr'><strong>et</strong></span> <span class='ocrx_word' id='word_1_101' title='bbox 1649 301 1681 320; x_wconf 81' lang='lat' dir='ltr'><strong>ex</strong></span> <span class='ocrx_word' id='word_1_102' title='bbox 1700 293 1763 325; x_wconf 90' lang='lat' dir='ltr'><strong>hoc,</strong></span> <span class='ocrx_word' id='word_1_103' title='bbox 1777 292 1847 328; x_wconf 91' lang='lat' dir='ltr'><strong>quod</strong></span> 
     </span>
    </p>
   </div>
   <div class='ocr_carea' id='block_1_18' title="bbox 1062 339 1846 372">
    <p class='ocr_par' dir='ltr' id='par_1_18' title="bbox 1062 339 1846 372">
     <span class='ocr_line' id='line_1_18' title="bbox 1062 339 1846 372; baseline -0.005 -2"><span class='ocrx_word' id='word_1_104' title='bbox 1062 341 1141 370; x_wconf 92' lang='lat' dir='ltr'><strong>multi</strong></span> <span class='ocrx_word' id='word_1_105' title='bbox 1155 341 1258 370; x_wconf 89' lang='lat' dir='ltr'><strong>Christi</strong></span> <span class='ocrx_word' id='word_1_106' title='bbox 1273 340 1339 368; x_wconf 87' lang='lat' dir='ltr'><strong>dicti</strong></span> <span class='ocrx_word' id='word_1_107' title='bbox 1355 345 1419 368; x_wconf 91' lang='lat' dir='ltr'><strong>sunt</strong></span> <span class='ocrx_word' id='word_1_108' title='bbox 1434 340 1461 368; x_wconf 93' lang='lat' dir='ltr'><strong>in</strong></span> <span class='ocrx_word' id='word_1_109' title='bbox 1474 340 1574 368; x_wconf 86' lang='lat' dir='ltr'><strong>Vetere</strong></span> <span class='ocrx_word' id='word_1_110' title='bbox 1589 339 1776 372; x_wconf 89' lang='lat' dir='ltr'><strong>Testamento,</strong></span> <span class='ocrx_word' id='word_1_111' title='bbox 1792 346 1846 366; x_wconf 67' lang='lat' dir='ltr'><strong>ma&lt;</strong></span> 
     </span>
    </p>
   </div>
   <div class='ocr_carea' id='block_1_19' title="bbox 1061 385 1850 421">
    <p class='ocr_par' dir='ltr' id='par_1_19' title="bbox 1061 385 1850 421">
     <span class='ocr_line' id='line_1_19' title="bbox 1061 385 1850 421; baseline -0.004 -7"><span class='ocrx_word' id='word_1_112' title='bbox 1061 387 1192 414; x_wconf 78' lang='lat' dir='ltr'><strong>nifcstum</strong></span> <span class='ocrx_word' id='word_1_113' title='bbox 1213 391 1264 414; x_wconf 91' lang='lat' dir='ltr'><strong>est.</strong></span> <span class='ocrx_word' id='word_1_114' title='bbox 1281 385 1456 421; x_wconf 84' lang='lat' dir='ltr'><strong>Quapropter</strong></span> <span class='ocrx_word' id='word_1_115' title='bbox 1469 390 1517 413; x_wconf 91' lang='lat' dir='ltr'><strong>aut</strong></span> <span class='ocrx_word' id='word_1_116' title='bbox 1529 393 1630 413; x_wconf 91' lang='lat' dir='ltr'><strong>nomen</strong></span> <span class='ocrx_word' id='word_1_117' title='bbox 1651 385 1726 412; x_wconf 89' lang='lat' dir='ltr'><strong>illius</strong></span> <span class='ocrx_word' id='word_1_118' title='bbox 1747 389 1850 412; x_wconf 64' lang='lat' dir='ltr'><strong>natura!</strong></span> 
     </span>
    </p>
   </div>
   <div class='ocr_carea' id='block_1_20' title="bbox 1062 431 1848 468">
    <p class='ocr_par' dir='ltr' id='par_1_20' title="bbox 1062 431 1848 468">
     <span class='ocr_line' id='line_1_20' title="bbox 1062 431 1848 468; baseline -0.003 -8"><span class='ocrx_word' id='word_1_119' title='bbox 1062 433 1156 465; x_wconf 89' lang='lat' dir='ltr'><strong>unius,</strong></span> <span class='ocrx_word' id='word_1_120' title='bbox 1182 432 1256 467; x_wconf 91' lang='lat' dir='ltr'><strong>quod</strong></span> <span class='ocrx_word' id='word_1_121' title='bbox 1274 432 1309 459; x_wconf 92' lang='lat' dir='ltr'><strong>ab</strong></span> <span class='ocrx_word' id='word_1_122' title='bbox 1332 432 1373 459; x_wconf 89' lang='lat' dir='ltr'><strong>eis</strong></span> <span class='ocrx_word' id='word_1_123' title='bbox 1393 432 1548 460; x_wconf 87' lang='lat' dir='ltr'><strong>rectissime</strong></span> <span class='ocrx_word' id='word_1_124' title='bbox 1572 431 1704 468; x_wconf 70' lang='lat' dir='ltr'><strong>qureritur</strong></span> <span class='ocrx_word' id='word_1_125' title='bbox 1725 431 1848 463; x_wconf 85' lang='lat' dir='ltr'><strong>doceant,</strong></span> 
     </span>
    </p>
   </div>
   <div class='ocr_carea' id='block_1_21' title="bbox 1063 476 1851 514">
    <p class='ocr_par' dir='ltr' id='par_1_21' title="bbox 1063 476 1851 514">
     <span class='ocr_line' id='line_1_21' title="bbox 1063 476 1851 514; baseline -0.004 -7"><span class='ocrx_word' id='word_1_126' title='bbox 1063 483 1110 507; x_wconf 90' lang='lat' dir='ltr'><strong>aut</strong></span> <span class='ocrx_word' id='word_1_127' title='bbox 1123 479 1146 506; x_wconf 88' lang='lat' dir='ltr'><strong>si</strong></span> <span class='ocrx_word' id='word_1_128' title='bbox 1163 478 1216 506; x_wconf 91' lang='lat' dir='ltr'><strong>hoc</strong></span> <span class='ocrx_word' id='word_1_129' title='bbox 1229 478 1320 505; x_wconf 83' lang='lat' dir='ltr'><strong>facere</strong></span> <span class='ocrx_word' id='word_1_130' title='bbox 1334 478 1448 506; x_wconf 89' lang='lat' dir='ltr'><strong>minime</strong></span> <span class='ocrx_word' id='word_1_131' title='bbox 1463 482 1579 513; x_wconf 89' lang='lat' dir='ltr'><strong>possunt</strong></span> <span class='ocrx_word' id='word_1_132' title='bbox 1592 477 1666 514; x_wconf 89' lang='lat' dir='ltr'><strong>(quia</strong></span> <span class='ocrx_word' id='word_1_133' title='bbox 1683 476 1796 505; x_wconf 90' lang='lat' dir='ltr'><strong>omnino</strong></span> <span class='ocrx_word' id='word_1_134' title='bbox 1811 481 1851 504; x_wconf 90' lang='lat' dir='ltr'><strong>est</strong></span> 
     </span>
    </p>
   </div>
   <div class='ocr_carea' id='block_1_22' title="bbox 1064 523 1849 560">
    <p class='ocr_par' dir='ltr' id='par_1_22' title="bbox 1064 523 1849 560">
     <span class='ocr_line' id='line_1_22' title="bbox 1064 523 1849 560; baseline -0.003 -8"><span class='ocrx_word' id='word_1_135' title='bbox 1064 524 1244 560; x_wconf 85' lang='lat' dir='ltr'><strong>impossibile)</strong></span> <span class='ocrx_word' id='word_1_136' title='bbox 1261 523 1330 551; x_wconf 91' lang='lat' dir='ltr'><strong>duas</strong></span> <span class='ocrx_word' id='word_1_137' title='bbox 1345 531 1401 551; x_wconf 90' lang='lat' dir='ltr'><strong>non</strong></span> <span class='ocrx_word' id='word_1_138' title='bbox 1416 528 1490 557; x_wconf 84' lang='lat' dir='ltr'><strong>ante,</strong></span> <span class='ocrx_word' id='word_1_139' title='bbox 1507 524 1554 551; x_wconf 87' lang='lat' dir='ltr'><strong>sed</strong></span> <span class='ocrx_word' id='word_1_140' title='bbox 1571 527 1632 559; x_wconf 90' lang='lat' dir='ltr'><strong>post</strong></span> <span class='ocrx_word' id='word_1_141' title='bbox 1646 523 1849 555; x_wconf 85' lang='lat' dir='ltr'><strong>adunationem,</strong></span> 
     </span>
    </p>
   </div>
   <div class='ocr_carea' id='block_1_23' title="bbox 1063 568 1850 604">
    <p class='ocr_par' dir='ltr' id='par_1_23' title="bbox 1063 568 1850 604">
     <span class='ocr_line' id='line_1_23' title="bbox 1063 568 1850 604; baseline -0.003 -8"><span class='ocrx_word' id='word_1_142' title='bbox 1063 574 1091 596; x_wconf 92' lang='lat' dir='ltr'><strong>et</strong></span> <span class='ocrx_word' id='word_1_143' title='bbox 1104 569 1245 604; x_wconf 87' lang='lat' dir='ltr'><strong>deinceps,</strong></span> <span class='ocrx_word' id='word_1_144' title='bbox 1268 576 1377 604; x_wconf 88' lang='lat' dir='ltr'><strong>semper</strong></span> <span class='ocrx_word' id='word_1_145' title='bbox 1391 568 1620 596; x_wconf 89' lang='lat' dir='ltr'><strong>indissolubiliter</strong></span> <span class='ocrx_word' id='word_1_146' title='bbox 1634 571 1788 599; x_wconf 84' lang='lat' dir='ltr'><strong>manentes,</strong></span> <span class='ocrx_word' id='word_1_147' title='bbox 1803 574 1850 594; x_wconf 85' lang='lat' dir='ltr'><strong>na-</strong></span> 
     </span>
    </p>
   </div>
   <div class='ocr_carea' id='block_1_24' title="bbox 1064 612 1851 649">
    <p class='ocr_par' dir='ltr' id='par_1_24' title="bbox 1064 612 1851 649">
     <span class='ocr_line' id='line_1_24' title="bbox 1064 612 1851 649; baseline -0.003 -7"><span class='ocrx_word' id='word_1_148' title='bbox 1064 619 1140 642; x_wconf 90' lang='lat' dir='ltr'><strong>turas</strong></span> <span class='ocrx_word' id='word_1_149' title='bbox 1161 615 1189 642; x_wconf 89' lang='lat' dir='ltr'><strong>in</strong></span> <span class='ocrx_word' id='word_1_150' title='bbox 1211 622 1265 642; x_wconf 89' lang='lat' dir='ltr'><strong>una</strong></span> <span class='ocrx_word' id='word_1_151' title='bbox 1283 613 1387 642; x_wconf 85' lang='lat' dir='ltr'><strong>Christi</strong></span> <span class='ocrx_word' id='word_1_152' title='bbox 1413 621 1543 649; x_wconf 84' lang='lat' dir='ltr'><strong>persona,</strong></span> <span class='ocrx_word' id='word_1_153' title='bbox 1566 617 1658 649; x_wconf 90' lang='lat' dir='ltr'><strong>spreta</strong></span> <span class='ocrx_word' id='word_1_154' title='bbox 1683 613 1786 641; x_wconf 91' lang='lat' dir='ltr'><strong>erroris</strong></span> <span class='ocrx_word' id='word_1_155' title='bbox 1810 612 1851 640; x_wconf 90' lang='lat' dir='ltr'><strong>sui</strong></span> 
     </span>
    </p>
   </div>
   <div class='ocr_carea' id='block_1_25' title="bbox 1063 659 1851 696">
    <p class='ocr_par' dir='ltr' id='par_1_25' title="bbox 1063 659 1851 696">
     <span class='ocr_line' id='line_1_25' title="bbox 1063 659 1851 696; baseline -0.004 -8"><span class='ocrx_word' id='word_1_156' title='bbox 1063 661 1190 696; x_wconf 79' lang='lat' dir='ltr'><strong>caligine,</strong></span> <span class='ocrx_word' id='word_1_157' title='bbox 1208 659 1331 695; x_wconf 88' lang='lat' dir='ltr'><strong>proﬁteri</strong></span> <span class='ocrx_word' id='word_1_158' title='bbox 1353 668 1407 687; x_wconf 90' lang='lat' dir='ltr'><strong>non</strong></span> <span class='ocrx_word' id='word_1_159' title='bbox 1428 663 1561 693; x_wconf 88' lang='lat' dir='ltr'><strong>metuant,</strong></span> <span class='ocrx_word' id='word_1_160' title='bbox 1578 667 1614 687; x_wconf 90' lang='lat' dir='ltr'><strong>ne</strong></span> <span class='ocrx_word' id='word_1_161' title='bbox 1638 664 1686 687; x_wconf 84' lang='lat' dir='ltr'><strong>aut</strong></span> <span class='ocrx_word' id='word_1_162' title='bbox 1705 659 1851 686; x_wconf 80' lang='lat' dir='ltr'><strong>humanam</strong></span> 
     </span>
    </p>
   </div>
   <div class='ocr_carea' id='block_1_26' title="bbox 1064 704 1852 740">
    <p class='ocr_par' dir='ltr' id='par_1_26' title="bbox 1064 704 1852 740">
     <span class='ocr_line' id='line_1_26' title="bbox 1064 704 1852 740; baseline -0.004 -6"><span class='ocrx_word' id='word_1_163' title='bbox 1064 711 1172 735; x_wconf 86' lang='lat' dir='ltr'><strong>tantum</strong></span> <span class='ocrx_word' id='word_1_164' title='bbox 1188 714 1250 734; x_wconf 93' lang='lat' dir='ltr'><strong>cum</strong></span> <span class='ocrx_word' id='word_1_165' title='bbox 1265 706 1377 740; x_wconf 73' lang='lat' dir='ltr'><strong>Iudaeis,</strong></span> <span class='ocrx_word' id='word_1_166' title='bbox 1394 710 1441 733; x_wconf 83' lang='lat' dir='ltr'><strong>ant</strong></span> <span class='ocrx_word' id='word_1_167' title='bbox 1455 705 1577 733; x_wconf 84' lang='lat' dir='ltr'><strong>divinam</strong></span> <span class='ocrx_word' id='word_1_168' title='bbox 1593 709 1701 733; x_wconf 88' lang='lat' dir='ltr'><strong>tantum</strong></span> <span class='ocrx_word' id='word_1_169' title='bbox 1720 712 1781 732; x_wconf 90' lang='lat' dir='ltr'><strong>cum</strong></span> <span class='ocrx_word' id='word_1_170' title='bbox 1800 704 1852 732; x_wconf 86' lang='lat' dir='ltr'><strong>Ma-</strong></span> 
     </span>
    </p>
   </div>
   <div class='ocr_carea' id='block_1_27' title="bbox 1065 750 1852 784">
    <p class='ocr_par' dir='ltr' id='par_1_27' title="bbox 1065 750 1852 784">
     <span class='ocr_line' id='line_1_27' title="bbox 1065 750 1852 784; baseline -0.004 -4"><span class='ocrx_word' id='word_1_171' title='bbox 1065 753 1179 781; x_wconf 83' lang='lat' dir='ltr'><strong>nichacis</strong></span> <span class='ocrx_word' id='word_1_172' title='bbox 1197 752 1370 784; x_wconf 89' lang='lat' dir='ltr'><strong>conﬁtentes,</strong></span> <span class='ocrx_word' id='word_1_173' title='bbox 1389 752 1423 779; x_wconf 90' lang='lat' dir='ltr'><strong>ab</strong></span> <span class='ocrx_word' id='word_1_174' title='bbox 1441 751 1521 778; x_wconf 87' lang='lat' dir='ltr'><strong>unica</strong></span> <span class='ocrx_word' id='word_1_175' title='bbox 1536 755 1565 779; x_wconf 90' lang='lat' dir='ltr'><strong>et</strong></span> <span class='ocrx_word' id='word_1_176' title='bbox 1577 751 1719 779; x_wconf 87' lang='lat' dir='ltr'><strong>Catholica</strong></span> <span class='ocrx_word' id='word_1_177' title='bbox 1733 750 1852 778; x_wconf 88' lang='lat' dir='ltr'><strong>damnati</strong></span> 
     </span>
    </p>
   </div>
   <div class='ocr_carea' id='block_1_28' title="bbox 1065 797 1712 834">
    <p class='ocr_par' dir='ltr' id='par_1_28' title="bbox 1065 797 1712 834">
     <span class='ocr_line' id='line_1_28' title="bbox 1065 797 1712 834; baseline -0.002 -8"><span class='ocrx_word' id='word_1_178' title='bbox 1065 803 1153 826; x_wconf 85' lang='lat' dir='ltr'><strong>matre</strong></span> <span class='ocrx_word' id='word_1_179' title='bbox 1168 798 1301 831; x_wconf 85' lang='lat' dir='ltr'><strong>Ecclesia,</strong></span> <span class='ocrx_word' id='word_1_180' title='bbox 1317 797 1345 826; x_wconf 89' lang='lat' dir='ltr'><strong>in</strong></span> <span class='ocrx_word' id='word_1_181' title='bbox 1364 802 1529 834; x_wconf 88' lang='lat' dir='ltr'><strong>perpetuum</strong></span> <span class='ocrx_word' id='word_1_182' title='bbox 1542 798 1712 826; x_wconf 90' lang='lat' dir='ltr'><strong>crucientur.</strong></span> 
     </span>
    </p>
   </div>
   <div class='ocr_carea' id='block_1_29' title="bbox 225 891 1845 908">
    <p class='ocr_par' dir='ltr' id='par_1_29' title="bbox 225 891 1845 908">
     <span class='ocr_line' id='line_1_29' title="bbox 225 891 1845 908; baseline 0.001 -2"><span class='ocrx_word' id='word_1_183' title='bbox 225 891 1845 908; x_wconf 40' lang='grc' dir='ltr'><strong>Μ</strong></span> 
     </span>
    </p>
   </div>
   <div class='ocr_carea' id='block_1_30' title="bbox 748 977 1339 1025">
    <p class='ocr_par' dir='ltr' id='par_1_30' title="bbox 748 977 1339 1025">
     <span class='ocr_line' id='line_1_30' title="bbox 748 977 1339 1025; baseline -0.003 0"><span class='ocrx_word' id='word_1_184' title='bbox 748 977 1005 1025; x_wconf 86' lang='lat' dir='ltr'><strong>JOANNIS</strong></span> <span class='ocrx_word' id='word_1_185' title='bbox 1038 977 1339 1024; x_wconf 83' lang='grc' dir='ltr'><strong>ΜΑΧΕΝΤΙΙ</strong></span> 
     </span>
    </p>
   </div>
   <div class='ocr_carea' id='block_1_31' title="bbox 392 1038 1695 1153">
    <p class='ocr_par' dir='ltr' id='par_1_31' title="bbox 392 1038 1695 1153">
     <span class='ocr_line' id='line_1_31' title="bbox 392 1038 1695 1153; baseline 0.002 -3"><span class='ocrx_word' id='word_1_186' title='bbox 392 1038 721 1152; x_wconf 80' lang='lat' dir='ltr'><strong>DIALOGI</strong></span> <span class='ocrx_word' id='word_1_187' title='bbox 768 1084 1092 1153; x_wconf 83' lang='lat' dir='ltr'><strong>CONTRA</strong></span> <span class='ocrx_word' id='word_1_188' title='bbox 1141 1085 1695 1153; x_wconf 82' lang='lat' dir='ltr'><strong>NESTORIANOS</strong></span> 
     </span>
    </p>
   </div>
   <div class='ocr_carea' id='block_1_32' title="bbox 858 1206 1233 1240">
    <p class='ocr_par' dir='ltr' id='par_1_32' title="bbox 858 1206 1233 1240">
     <span class='ocr_line' id='line_1_32' title="bbox 858 1206 1233 1240; baseline -0.003 -1"><span class='ocrx_word' id='word_1_189' title='bbox 858 1208 915 1239; x_wconf 80' lang='lat' dir='ltr'><strong>AD</strong></span> <span class='ocrx_word' id='word_1_190' title='bbox 936 1206 1233 1240; x_wconf 80' lang='lat' dir='ltr'><strong>THEOPHILUM.</strong></span> 
     </span>
    </p>
   </div>
   <div class='ocr_carea' id='block_1_33' title="bbox 939 1355 1131 1386">
    <p class='ocr_par' dir='ltr' id='par_1_33' title="bbox 939 1355 1131 1386">
     <span class='ocr_line' id='line_1_33' title="bbox 939 1355 1131 1386; baseline 0 -2"><span class='ocrx_word' id='word_1_191' title='bbox 939 1355 1131 1386; x_wconf 65' lang='lat' dir='ltr'><strong>PREFATIO.</strong></span> 
     </span>
    </p>
   </div>
   <div class='ocr_carea' id='block_1_34' title="bbox 248 1411 1856 1453">
    <p class='ocr_par' dir='ltr' id='par_1_34' title="bbox 248 1411 1856 1453">
     <span class='ocr_line' id='line_1_34' title="bbox 248 1411 1856 1453; baseline 0.003 -10"><span class='ocrx_word' id='word_1_192' title='bbox 248 1413 277 1443; x_wconf 88' lang='lat' dir='ltr'><strong>Si</strong></span> <span class='ocrx_word' id='word_1_193' title='bbox 298 1413 327 1444; x_wconf 81' lang='lat' dir='ltr'><strong>in</strong></span> <span class='ocrx_word' id='word_1_194' title='bbox 347 1412 402 1442; x_wconf 90' lang='lat' dir='ltr'><strong>hoc</strong></span> <span class='ocrx_word' id='word_1_195' title='bbox 416 1414 517 1442; x_wconf 63' lang='lat' dir='ltr'><strong>smeulo</strong></span> <span class='ocrx_word' id='word_1_196' title='bbox 535 1416 629 1448; x_wconf 86' lang='lat' dir='ltr'><strong>posset</strong></span> <span class='ocrx_word' id='word_1_197' title='bbox 644 1411 706 1440; x_wconf 87' lang='lat' dir='ltr'><strong>ﬁnis</strong></span> <span class='ocrx_word' id='word_1_198' title='bbox 721 1420 782 1441; x_wconf 84' lang='lat' dir='ltr'><strong>esse</strong></span> <span class='ocrx_word' id='word_1_199' title='bbox 802 1412 950 1446; x_wconf 87' lang='lat' dir='ltr'><strong>mendacii,</strong></span> <span class='ocrx_word' id='word_1_200' title='bbox 968 1418 1093 1441; x_wconf 88' lang='lat' dir='ltr'><strong>maneret</strong></span> <span class='ocrx_word' id='word_1_201' title='bbox 1109 1414 1205 1449; x_wconf 86' lang='lat' dir='ltr'><strong>utique</strong></span> <span class='ocrx_word' id='word_1_202' title='bbox 1218 1415 1312 1450; x_wconf 88' lang='lat' dir='ltr'><strong>quieta</strong></span> <span class='ocrx_word' id='word_1_203' title='bbox 1327 1415 1430 1444; x_wconf 89' lang='lat' dir='ltr'><strong>Christi</strong></span> <span class='ocrx_word' id='word_1_204' title='bbox 1445 1416 1578 1450; x_wconf 85' lang='lat' dir='ltr'><strong>Ecclesia,</strong></span> <span class='ocrx_word' id='word_1_205' title='bbox 1592 1418 1640 1446; x_wconf 86' lang='lat' dir='ltr'><strong>sed</strong></span> <span class='ocrx_word' id='word_1_206' title='bbox 1659 1417 1724 1453; x_wconf 88' lang='lat' dir='ltr'><strong>quia</strong></span> <span class='ocrx_word' id='word_1_207' title='bbox 1740 1418 1856 1448; x_wconf 86' lang='lat' dir='ltr'><strong>inextri-</strong></span> 
     </span>
    </p>
   </div>
   <div class='ocr_carea' id='block_1_35' title="bbox 218 1459 1856 1500">
    <p class='ocr_par' dir='ltr' id='par_1_35' title="bbox 218 1459 1856 1500">
     <span class='ocr_line' id='line_1_35' title="bbox 218 1459 1856 1500; baseline 0.004 -12"><span class='ocrx_word' id='word_1_208' title='bbox 218 1459 307 1488; x_wconf 82' lang='lat' dir='ltr'><strong>cabile</strong></span> <span class='ocrx_word' id='word_1_209' title='bbox 322 1459 526 1495; x_wconf 84' lang='lat' dir='ltr'><strong>quodammodo</strong></span> <span class='ocrx_word' id='word_1_210' title='bbox 543 1459 645 1486; x_wconf 89' lang='lat' dir='ltr'><strong>malum</strong></span> <span class='ocrx_word' id='word_1_211' title='bbox 664 1467 804 1495; x_wconf 88' lang='lat' dir='ltr'><strong>nunquam</strong></span> <span class='ocrx_word' id='word_1_212' title='bbox 820 1460 923 1488; x_wconf 88' lang='lat' dir='ltr'><strong>desinit</strong></span> <span class='ocrx_word' id='word_1_213' title='bbox 935 1460 1055 1488; x_wconf 89' lang='lat' dir='ltr'><strong>humana</strong></span> <span class='ocrx_word' id='word_1_214' title='bbox 1070 1460 1153 1488; x_wconf 88' lang='lat' dir='ltr'><strong>corda</strong></span> <span class='ocrx_word' id='word_1_215' title='bbox 1166 1462 1286 1496; x_wconf 89' lang='lat' dir='ltr'><strong>pulsare,</strong></span> <span class='ocrx_word' id='word_1_216' title='bbox 1301 1466 1383 1498; x_wconf 85' lang='lat' dir='ltr'><strong>atque</strong></span> <span class='ocrx_word' id='word_1_217' title='bbox 1400 1463 1551 1499; x_wconf 84' lang='lat' dir='ltr'><strong>inopinatis</strong></span> <span class='ocrx_word' id='word_1_218' title='bbox 1573 1465 1745 1500; x_wconf 78' lang='lat' dir='ltr'><strong>argumentis</strong></span> <span class='ocrx_word' id='word_1_219' title='bbox 1774 1466 1856 1495; x_wconf 86' lang='lat' dir='ltr'><strong>ﬁdem</strong></span> 
     </span>
    </p>
   </div>
   <div class='ocr_carea' id='block_1_36' title="bbox 217 1505 1854 1547">
    <p class='ocr_par' dir='ltr' id='par_1_36' title="bbox 217 1505 1854 1547">
     <span class='ocr_line' id='line_1_36' title="bbox 217 1505 1854 1547; baseline 0.005 -13"><span class='ocrx_word' id='word_1_220' title='bbox 217 1506 374 1542; x_wconf 82' lang='lat' dir='ltr'><strong>inquietare</strong></span> <span class='ocrx_word' id='word_1_221' title='bbox 391 1505 566 1537; x_wconf 86' lang='lat' dir='ltr'><strong>catholicam,</strong></span> <span class='ocrx_word' id='word_1_222' title='bbox 583 1513 697 1533; x_wconf 88' lang='lat' dir='ltr'><strong>necesse</strong></span> <span class='ocrx_word' id='word_1_223' title='bbox 716 1510 759 1534; x_wconf 90' lang='lat' dir='ltr'><strong>est</strong></span> <span class='ocrx_word' id='word_1_224' title='bbox 775 1507 959 1535; x_wconf 88' lang='lat' dir='ltr'><strong>sectatoribus</strong></span> <span class='ocrx_word' id='word_1_225' title='bbox 975 1508 1099 1535; x_wconf 87' lang='lat' dir='ltr'><strong>veritatis</strong></span> <span class='ocrx_word' id='word_1_226' title='bbox 1116 1508 1267 1544; x_wconf 87' lang='lat' dir='ltr'><strong>prudenter</strong></span> <span class='ocrx_word' id='word_1_227' title='bbox 1283 1510 1420 1544; x_wconf 75' lang='lat' dir='ltr'><strong>captiosae</strong></span> <span class='ocrx_word' id='word_1_228' title='bbox 1440 1510 1501 1546; x_wconf 82' lang='lat' dir='ltr'><strong>eius</strong></span> <span class='ocrx_word' id='word_1_229' title='bbox 1515 1511 1669 1540; x_wconf 87' lang='lat' dir='ltr'><strong>sententias</strong></span> <span class='ocrx_word' id='word_1_230' title='bbox 1691 1513 1854 1547; x_wconf 69' lang='lat' dir='ltr'><strong>praevidere.</strong></span> 
     </span>
    </p>
   </div>
   <div class='ocr_carea' id='block_1_37' title="bbox 217 1552 1857 1591">
    <p class='ocr_par' dir='ltr' id='par_1_37' title="bbox 217 1552 1857 1591">
     <span class='ocr_line' id='line_1_37' title="bbox 217 1552 1857 1591; baseline 0.004 -11"><span class='ocrx_word' id='word_1_231' title='bbox 217 1553 414 1588; x_wconf 86' lang='lat' dir='ltr'><strong>sapienterque</strong></span> <span class='ocrx_word' id='word_1_232' title='bbox 437 1552 575 1587; x_wconf 84' lang='lat' dir='ltr'><strong>detegere,</strong></span> <span class='ocrx_word' id='word_1_233' title='bbox 594 1552 771 1587; x_wconf 85' lang='lat' dir='ltr'><strong>prolatasque</strong></span> <span class='ocrx_word' id='word_1_234' title='bbox 793 1553 821 1580; x_wconf 93' lang='lat' dir='ltr'><strong>in</strong></span> <span class='ocrx_word' id='word_1_235' title='bbox 844 1553 965 1581; x_wconf 88' lang='lat' dir='ltr'><strong>medium</strong></span> <span class='ocrx_word' id='word_1_236' title='bbox 987 1554 1088 1582; x_wconf 86' lang='lat' dir='ltr'><strong>malleo</strong></span> <span class='ocrx_word' id='word_1_237' title='bbox 1101 1555 1225 1582; x_wconf 81' lang='lat' dir='ltr'><strong>veritatis</strong></span> <span class='ocrx_word' id='word_1_238' title='bbox 1241 1555 1383 1587; x_wconf 86' lang='lat' dir='ltr'><strong>cohibere,</strong></span> <span class='ocrx_word' id='word_1_239' title='bbox 1398 1559 1426 1583; x_wconf 86' lang='lat' dir='ltr'><strong>et</strong></span> <span class='ocrx_word' id='word_1_240' title='bbox 1448 1564 1536 1591; x_wconf 91' lang='lat' dir='ltr'><strong>usque</strong></span> <span class='ocrx_word' id='word_1_241' title='bbox 1557 1557 1590 1584; x_wconf 84' lang='lat' dir='ltr'><strong>ad</strong></span> <span class='ocrx_word' id='word_1_242' title='bbox 1612 1557 1776 1586; x_wconf 82' lang='lat' dir='ltr'><strong>eﬁ&#39;usionem</strong></span> <span class='ocrx_word' id='word_1_243' title='bbox 1792 1568 1857 1588; x_wconf 91' lang='lat' dir='ltr'><strong>san-</strong></span> 
     </span>
    </p>
   </div>
   <div class='ocr_carea' id='block_1_38' title="bbox 217 1599 1858 1640">
    <p class='ocr_par' dir='ltr' id='par_1_38' title="bbox 217 1599 1858 1640">
     <span class='ocr_line' id='line_1_38' title="bbox 217 1599 1858 1640; baseline 0.004 -14"><span class='ocrx_word' id='word_1_244' title='bbox 217 1599 310 1635; x_wconf 75' lang='lat' dir='ltr'><strong>guinis</strong></span> <span class='ocrx_word' id='word_1_245' title='bbox 326 1604 423 1626; x_wconf 87' lang='lat' dir='ltr'><strong>contra</strong></span> <span class='ocrx_word' id='word_1_246' title='bbox 443 1607 489 1626; x_wconf 87' lang='lat' dir='ltr'><strong>eas</strong></span> <span class='ocrx_word' id='word_1_247' title='bbox 504 1607 555 1634; x_wconf 90' lang='lat' dir='ltr'><strong>pro</strong></span> <span class='ocrx_word' id='word_1_248' title='bbox 577 1599 695 1626; x_wconf 87' lang='lat' dir='ltr'><strong>veritate</strong></span> <span class='ocrx_word' id='word_1_249' title='bbox 718 1603 834 1627; x_wconf 87' lang='lat' dir='ltr'><strong>certare.</strong></span> <span class='ocrx_word' id='word_1_250' title='bbox 852 1600 1007 1627; x_wconf 76' lang='lat' dir='ltr'><strong>Praesertim</strong></span> <span class='ocrx_word' id='word_1_251' title='bbox 1024 1608 1086 1628; x_wconf 92' lang='lat' dir='ltr'><strong>cum</strong></span> <span class='ocrx_word' id='word_1_252' title='bbox 1103 1600 1246 1635; x_wconf 88' lang='lat' dir='ltr'><strong>Scriptura</strong></span> <span class='ocrx_word' id='word_1_253' title='bbox 1269 1600 1364 1628; x_wconf 89' lang='lat' dir='ltr'><strong>divina</strong></span> <span class='ocrx_word' id='word_1_254' title='bbox 1386 1606 1497 1629; x_wconf 89' lang='lat' dir='ltr'><strong>moneat</strong></span> <span class='ocrx_word' id='word_1_255' title='bbox 1510 1606 1539 1629; x_wconf 88' lang='lat' dir='ltr'><strong>et</strong></span> <span class='ocrx_word' id='word_1_256' title='bbox 1551 1602 1625 1630; x_wconf 89' lang='lat' dir='ltr'><strong>dicat</strong></span> <span class='ocrx_word' id='word_1_257' title='bbox 1641 1612 1647 1630; x_wconf 89' lang='lat'><strong>:</strong></span> <span class='ocrx_word' id='word_1_258' title='bbox 1663 1614 1678 1628; x_wconf 75' lang='grc' dir='ltr'>ι</span> <span class='ocrx_word' id='word_1_259' title='bbox 1692 1604 1731 1632; x_wconf 85' lang='lat' dir='ltr'><strong>Ne</strong></span> <span class='ocrx_word' id='word_1_260' title='bbox 1745 1606 1858 1640; x_wconf 78' lang='lat' dir='ltr'><strong>confun-</strong></span> 
     </span>
    </p>
   </div>
   <div class='ocr_carea' id='block_1_39' title="bbox 217 1645 1859 1686">
    <p class='ocr_par' dir='ltr' id='par_1_39' title="bbox 217 1645 1859 1686">
     <span class='ocr_line' id='line_1_39' title="bbox 217 1645 1859 1686; baseline 0.003 -12"><span class='ocrx_word' id='word_1_261' title='bbox 217 1646 292 1674; x_wconf 72' lang='lat' dir='ltr'><strong>daris</strong></span> <span class='ocrx_word' id='word_1_262' title='bbox 309 1645 381 1681; x_wconf 86' lang='lat' dir='ltr'><strong>loqui</strong></span> <span class='ocrx_word' id='word_1_263' title='bbox 398 1645 504 1673; x_wconf 84' lang='lat' dir='ltr'><strong>verbum</strong></span> <span class='ocrx_word' id='word_1_264' title='bbox 520 1654 567 1682; x_wconf 79' lang='lat' dir='ltr'><strong>pro</strong></span> <span class='ocrx_word' id='word_1_265' title='bbox 583 1647 674 1673; x_wconf 82' lang='lat' dir='ltr'><strong>anima</strong></span> <span class='ocrx_word' id='word_1_266' title='bbox 691 1651 747 1679; x_wconf 83' lang='lat' dir='ltr'><strong>tua,</strong></span> <span class='ocrx_word' id='word_1_267' title='bbox 765 1651 789 1673; x_wconf 85' lang='lat' dir='ltr'><strong>et</strong></span> <span class='ocrx_word' id='word_1_268' title='bbox 803 1655 850 1682; x_wconf 85' lang='lat' dir='ltr'><strong>pro</strong></span> <span class='ocrx_word' id='word_1_269' title='bbox 866 1648 977 1674; x_wconf 82' lang='lat' dir='ltr'><strong>veritate</strong></span> <span class='ocrx_word' id='word_1_270' title='bbox 991 1652 1063 1674; x_wconf 80' lang='lat' dir='ltr'><strong>certa</strong></span> <span class='ocrx_word' id='word_1_271' title='bbox 1078 1647 1204 1683; x_wconf 76' lang='lat' dir='ltr'><strong>usquead</strong></span> <span class='ocrx_word' id='word_1_272' title='bbox 1219 1652 1330 1675; x_wconf 84' lang='lat' dir='ltr'><strong>mortem</strong></span> <span class='ocrx_word' id='word_1_273' title='bbox 1346 1649 1379 1676; x_wconf 76' lang='lat'><strong>‘°.</strong></span> <span class='ocrx_word' id='word_1_274' title='bbox 1404 1659 1413 1675; x_wconf 73' lang='grc' dir='ltr'><strong><em>ι</em></strong></span> <span class='ocrx_word' id='word_1_275' title='bbox 1432 1649 1568 1678; x_wconf 90' lang='lat' dir='ltr'><strong>Similiter</strong></span> <span class='ocrx_word' id='word_1_276' title='bbox 1584 1655 1612 1678; x_wconf 91' lang='lat' dir='ltr'><strong>et</strong></span> <span class='ocrx_word' id='word_1_277' title='bbox 1625 1651 1771 1686; x_wconf 81' lang='lat' dir='ltr'><strong>Apostolus</strong></span> <span class='ocrx_word' id='word_1_278' title='bbox 1788 1659 1859 1686; x_wconf 90' lang='lat' dir='ltr'><strong>quo-</strong></span> 
     </span>
    </p>
   </div>
   <div class='ocr_carea' id='block_1_40' title="bbox 217 1694 1858 1734">
    <p class='ocr_par' dir='ltr' id='par_1_40' title="bbox 217 1694 1858 1734">
     <span class='ocr_line' id='line_1_40' title="bbox 217 1694 1858 1734; baseline 0.002 -12"><span class='ocrx_word' id='word_1_279' title='bbox 217 1696 347 1723; x_wconf 84' lang='lat' dir='ltr'><strong>rumdam</strong></span> <span class='ocrx_word' id='word_1_280' title='bbox 368 1695 502 1722; x_wconf 87' lang='lat' dir='ltr'><strong>denotans</strong></span> <span class='ocrx_word' id='word_1_281' title='bbox 524 1694 703 1722; x_wconf 86' lang='lat' dir='ltr'><strong>timiditatem</strong></span> <span class='ocrx_word' id='word_1_282' title='bbox 719 1703 726 1722; x_wconf 92' lang='lat'><strong>:</strong></span> <span class='ocrx_word' id='word_1_283' title='bbox 742 1694 877 1729; x_wconf 87' lang='lat' dir='ltr'><strong>Nondum,</strong></span> <span class='ocrx_word' id='word_1_284' title='bbox 895 1695 996 1730; x_wconf 88' lang='lat' dir='ltr'><strong>inquit,</strong></span> <span class='ocrx_word' id='word_1_285' title='bbox 1015 1703 1097 1732; x_wconf 79' lang='lat' dir='ltr'><strong>usque</strong></span> <span class='ocrx_word' id='word_1_286' title='bbox 1119 1695 1154 1722; x_wconf 84' lang='lat' dir='ltr'><strong>ad</strong></span> <span class='ocrx_word' id='word_1_287' title='bbox 1169 1697 1326 1731; x_wconf 74' lang='lat' dir='ltr'><strong>sanguinem</strong></span> <span class='ocrx_word' id='word_1_288' title='bbox 1351 1698 1484 1725; x_wconf 69' lang='lat' dir='ltr'><strong>restitistis</strong></span> <span class='ocrx_word' id='word_1_289' title='bbox 1507 1698 1631 1726; x_wconf 76' lang='lat' dir='ltr'><strong>adversus</strong></span> <span class='ocrx_word' id='word_1_290' title='bbox 1649 1703 1784 1734; x_wconf 79' lang='lat' dir='ltr'><strong>peccatum</strong></span> <span class='ocrx_word' id='word_1_291' title='bbox 1800 1708 1858 1726; x_wconf 85' lang='lat' dir='ltr'><strong>cer-</strong></span> 
     </span>
    </p>
   </div>
   <div class='ocr_carea' id='block_1_41' title="bbox 218 1734 1860 1781">
    <p class='ocr_par' dir='ltr' id='par_1_41' title="bbox 218 1734 1860 1781">
     <span class='ocr_line' id='line_1_41' title="bbox 218 1734 1860 1781; baseline 0.003 -12"><span class='ocrx_word' id='word_1_292' title='bbox 218 1746 306 1770; x_wconf 75' lang='lat' dir='ltr'><strong>tantes</strong></span> <span class='ocrx_word' id='word_1_293' title='bbox 320 1743 354 1770; x_wconf 65' lang='lat'><strong>5°.</strong></span> <span class='ocrx_word' id='word_1_294' title='bbox 373 1742 567 1770; x_wconf 81' lang='lat' dir='ltr'><strong>Resistendum</strong></span> <span class='ocrx_word' id='word_1_295' title='bbox 584 1742 678 1777; x_wconf 80' lang='lat' dir='ltr'><strong>igitur,</strong></span> <span class='ocrx_word' id='word_1_296' title='bbox 693 1750 745 1770; x_wconf 88' lang='lat' dir='ltr'><strong>nec</strong></span> <span class='ocrx_word' id='word_1_297' title='bbox 759 1743 873 1770; x_wconf 88' lang='lat' dir='ltr'><strong>omnino</strong></span> <span class='ocrx_word' id='word_1_298' title='bbox 889 1747 932 1770; x_wconf 87' lang='lat' dir='ltr'><strong>est</strong></span> <span class='ocrx_word' id='word_1_299' title='bbox 946 1734 1114 1777; x_wconf 84' lang='lat' dir='ltr'><strong>parcendum</strong></span> <span class='ocrx_word' id='word_1_300' title='bbox 1130 1742 1279 1776; x_wconf 71' lang='lat' dir='ltr'><strong>htereticis,</strong></span> <span class='ocrx_word' id='word_1_301' title='bbox 1302 1744 1472 1773; x_wconf 89' lang='lat' dir='ltr'><strong>conﬁdentes</strong></span> <span class='ocrx_word' id='word_1_302' title='bbox 1486 1745 1516 1773; x_wconf 89' lang='lat' dir='ltr'><strong>in</strong></span> <span class='ocrx_word' id='word_1_303' title='bbox 1536 1746 1582 1773; x_wconf 90' lang='lat' dir='ltr'><strong>tali</strong></span> <span class='ocrx_word' id='word_1_304' title='bbox 1596 1746 1707 1781; x_wconf 77' lang='lat' dir='ltr'><strong>negotio</strong></span> <span class='ocrx_word' id='word_1_305' title='bbox 1721 1746 1860 1774; x_wconf 82' lang='lat' dir='ltr'><strong>sermonis</strong></span> 
     </span>
    </p>
   </div>
   <div class='ocr_carea' id='block_1_42' title="bbox 218 1790 1859 1828">
    <p class='ocr_par' dir='ltr' id='par_1_42' title="bbox 218 1790 1859 1828">
     <span class='ocr_line' id='line_1_42' title="bbox 218 1790 1859 1828; baseline 0.001 -10"><span class='ocrx_word' id='word_1_306' title='bbox 218 1791 326 1826; x_wconf 89' lang='lat' dir='ltr'><strong>copiam</strong></span> <span class='ocrx_word' id='word_1_307' title='bbox 348 1790 462 1818; x_wconf 92' lang='lat' dir='ltr'><strong>minime</strong></span> <span class='ocrx_word' id='word_1_308' title='bbox 484 1790 652 1818; x_wconf 78' lang='lat' dir='ltr'><strong>defuturam.</strong></span> <span class='ocrx_word' id='word_1_309' title='bbox 667 1790 734 1818; x_wconf 87' lang='lat' dir='ltr'><strong>Nam</strong></span> <span class='ocrx_word' id='word_1_310' title='bbox 751 1791 774 1818; x_wconf 92' lang='lat' dir='ltr'><strong>si</strong></span> <span class='ocrx_word' id='word_1_311' title='bbox 789 1790 824 1818; x_wconf 86' lang='lat' dir='ltr'><strong>ad</strong></span> <span class='ocrx_word' id='word_1_312' title='bbox 840 1790 1036 1818; x_wconf 80' lang='lat' dir='ltr'><strong>confutandam</strong></span> <span class='ocrx_word' id='word_1_313' title='bbox 1057 1790 1200 1825; x_wconf 65' lang='lat' dir='ltr'><strong>prophetae</strong></span> <span class='ocrx_word' id='word_1_314' title='bbox 1222 1791 1410 1826; x_wconf 89' lang='lat' dir='ltr'><strong>insipientiam</strong></span> <span class='ocrx_word' id='word_1_315' title='bbox 1431 1800 1463 1820; x_wconf 89' lang='lat' dir='ltr'><strong>os</strong></span> <span class='ocrx_word' id='word_1_316' title='bbox 1484 1791 1571 1821; x_wconf 55' lang='lat' dir='ltr'><strong>asina).</strong></span> <span class='ocrx_word' id='word_1_317' title='bbox 1584 1793 1692 1828; x_wconf 89' lang='lat' dir='ltr'><strong>aperuit</strong></span> <span class='ocrx_word' id='word_1_318' title='bbox 1707 1794 1740 1826; x_wconf 84' lang='lat'><strong>“,</strong></span> <span class='ocrx_word' id='word_1_319' title='bbox 1754 1797 1859 1828; x_wconf 90' lang='lat' dir='ltr'><strong>quanto</strong></span> 
     </span>
    </p>
   </div>
   <div class='ocr_carea' id='block_1_43' title="bbox 217 1837 1859 1875">
    <p class='ocr_par' dir='ltr' id='par_1_43' title="bbox 217 1837 1859 1875">
     <span class='ocr_line' id='line_1_43' title="bbox 217 1837 1859 1875; baseline 0.001 -10"><span class='ocrx_word' id='word_1_320' title='bbox 217 1838 307 1873; x_wconf 82' lang='lat' dir='ltr'><strong>magis</strong></span> <span class='ocrx_word' id='word_1_321' title='bbox 323 1846 372 1866; x_wconf 88' lang='lat' dir='ltr'><strong>cor</strong></span> <span class='ocrx_word' id='word_1_322' title='bbox 389 1838 478 1866; x_wconf 88' lang='lat' dir='ltr'><strong>ﬁdelis</strong></span> <span class='ocrx_word' id='word_1_323' title='bbox 493 1846 617 1866; x_wconf 88' lang='lat' dir='ltr'><strong>reserare</strong></span> <span class='ocrx_word' id='word_1_324' title='bbox 631 1839 801 1874; x_wconf 75' lang='lat' dir='ltr'><strong>dignabitur,</strong></span> <span class='ocrx_word' id='word_1_325' title='bbox 822 1843 852 1865; x_wconf 93' lang='lat' dir='ltr'><strong>ut</strong></span> <span class='ocrx_word' id='word_1_326' title='bbox 871 1838 1042 1873; x_wconf 84' lang='lat' dir='ltr'><strong>perﬁdorum</strong></span> <span class='ocrx_word' id='word_1_327' title='bbox 1064 1837 1204 1865; x_wconf 87' lang='lat' dir='ltr'><strong>dementia</strong></span> <span class='ocrx_word' id='word_1_328' title='bbox 1224 1839 1401 1867; x_wconf 75' lang='lat' dir='ltr'><strong>confutatur?</strong></span> <span class='ocrx_word' id='word_1_329' title='bbox 1412 1839 1586 1875; x_wconf 89' lang='lat' dir='ltr'><strong>Quapropter</strong></span> <span class='ocrx_word' id='word_1_330' title='bbox 1600 1840 1729 1875; x_wconf 89' lang='lat' dir='ltr'><strong>quoniam</strong></span> <span class='ocrx_word' id='word_1_331' title='bbox 1743 1840 1808 1867; x_wconf 91' lang='lat' dir='ltr'><strong>olim</strong></span> <span class='ocrx_word' id='word_1_332' title='bbox 1829 1839 1859 1867; x_wconf 87' lang='lat' dir='ltr'><strong>in</strong></span> 
     </span>
    </p>
   </div>
   <div class='ocr_carea' id='block_1_44' title="bbox 218 1885 1859 1924">
    <p class='ocr_par' dir='ltr' id='par_1_44' title="bbox 218 1885 1859 1924">
     <span class='ocr_line' id='line_1_44' title="bbox 218 1885 1859 1924; baseline 0.001 -12"><span class='ocrx_word' id='word_1_333' title='bbox 218 1885 314 1913; x_wconf 88' lang='lat' dir='ltr'><strong>radice</strong></span> <span class='ocrx_word' id='word_1_334' title='bbox 328 1886 450 1920; x_wconf 88' lang='lat' dir='ltr'><strong>pravitas</strong></span> <span class='ocrx_word' id='word_1_335' title='bbox 466 1886 628 1914; x_wconf 86' lang='lat' dir='ltr'><strong>Nestoriana</strong></span> <span class='ocrx_word' id='word_1_336' title='bbox 644 1887 784 1918; x_wconf 86' lang='lat' dir='ltr'><strong>damnata,</strong></span> <span class='ocrx_word' id='word_1_337' title='bbox 801 1893 876 1914; x_wconf 89' lang='lat' dir='ltr'><strong>nunc</strong></span> <span class='ocrx_word' id='word_1_338' title='bbox 890 1893 988 1913; x_wconf 90' lang='lat' dir='ltr'><strong>rursus</strong></span> <span class='ocrx_word' id='word_1_339' title='bbox 1001 1885 1125 1913; x_wconf 85' lang='lat' dir='ltr'><strong>vivacior</strong></span> <span class='ocrx_word' id='word_1_340' title='bbox 1145 1886 1263 1921; x_wconf 76' lang='lat' dir='ltr'><strong>assurgit</strong></span> <span class='ocrx_word' id='word_1_341' title='bbox 1281 1886 1495 1922; x_wconf 88' lang='lat' dir='ltr'><strong>quodammodo,</strong></span> <span class='ocrx_word' id='word_1_342' title='bbox 1510 1887 1671 1923; x_wconf 83' lang='lat' dir='ltr'><strong>callidisque</strong></span> <span class='ocrx_word' id='word_1_343' title='bbox 1685 1888 1859 1924; x_wconf 78' lang='lat' dir='ltr'><strong>syllogismo-</strong></span> 
     </span>
    </p>
   </div>
   <div class='ocr_carea' id='block_1_45' title="bbox 218 1929 1859 1967">
    <p class='ocr_par' dir='ltr' id='par_1_45' title="bbox 218 1929 1859 1967">
     <span class='ocr_line' id='line_1_45' title="bbox 218 1929 1859 1967; baseline 0.001 -9"><span class='ocrx_word' id='word_1_344' title='bbox 218 1938 281 1958; x_wconf 91' lang='lat' dir='ltr'><strong>rum</strong></span> <span class='ocrx_word' id='word_1_345' title='bbox 297 1931 467 1966; x_wconf 82' lang='lat' dir='ltr'><strong>argumentis</strong></span> <span class='ocrx_word' id='word_1_346' title='bbox 480 1931 613 1959; x_wconf 86' lang='lat' dir='ltr'><strong>adversus</strong></span> <span class='ocrx_word' id='word_1_347' title='bbox 626 1931 685 1967; x_wconf 87' lang='lat' dir='ltr'><strong>ipsa</strong></span> <span class='ocrx_word' id='word_1_348' title='bbox 703 1931 846 1959; x_wconf 69' lang='lat' dir='ltr'><strong>catholica:</strong></span> <span class='ocrx_word' id='word_1_349' title='bbox 868 1930 932 1958; x_wconf 90' lang='lat' dir='ltr'><strong>ﬁdei</strong></span> <span class='ocrx_word' id='word_1_350' title='bbox 947 1929 1128 1958; x_wconf 80' lang='lat' dir='ltr'><strong>fundamenta</strong></span> <span class='ocrx_word' id='word_1_351' title='bbox 1142 1930 1288 1964; x_wconf 87' lang='lat' dir='ltr'><strong>dimicans,</strong></span> <span class='ocrx_word' id='word_1_352' title='bbox 1305 1932 1356 1959; x_wconf 87' lang='lat' dir='ltr'><strong>sub</strong></span> <span class='ocrx_word' id='word_1_353' title='bbox 1374 1931 1502 1967; x_wconf 79' lang='lat' dir='ltr'><strong>religiosa</strong></span> <span class='ocrx_word' id='word_1_354' title='bbox 1516 1932 1741 1967; x_wconf 83' lang='lat' dir='ltr'><strong>pronuntiatione</strong></span> <span class='ocrx_word' id='word_1_355' title='bbox 1756 1933 1859 1960; x_wconf 87' lang='lat' dir='ltr'><strong>verbo-</strong></span> 
     </span>
    </p>
   </div>
   <div class='ocr_carea' id='block_1_46' title="bbox 218 1977 1858 2015">
    <p class='ocr_par' dir='ltr' id='par_1_46' title="bbox 218 1977 1858 2015">
     <span class='ocr_line' id='line_1_46' title="bbox 218 1977 1858 2015; baseline 0.001 -10"><span class='ocrx_word' id='word_1_356' title='bbox 218 1985 282 2005; x_wconf 88' lang='lat' dir='ltr'><strong>rum</strong></span> <span class='ocrx_word' id='word_1_357' title='bbox 297 1977 458 2013; x_wconf 80' lang='lat' dir='ltr'><strong>religionem</strong></span> <span class='ocrx_word' id='word_1_358' title='bbox 474 1978 621 2014; x_wconf 77' lang='lat' dir='ltr'><strong>profanare</strong></span> <span class='ocrx_word' id='word_1_359' title='bbox 637 1978 790 2010; x_wconf 87' lang='lat' dir='ltr'><strong>contendit,</strong></span> <span class='ocrx_word' id='word_1_360' title='bbox 805 1977 962 2005; x_wconf 90' lang='lat' dir='ltr'><strong>necessario</strong></span> <span class='ocrx_word' id='word_1_361' title='bbox 978 1977 1096 2010; x_wconf 87' lang='lat' dir='ltr'><strong>credidi,</strong></span> <span class='ocrx_word' id='word_1_362' title='bbox 1114 1977 1151 2004; x_wconf 94' lang='lat' dir='ltr'><strong>mi</strong></span> <span class='ocrx_word' id='word_1_363' title='bbox 1169 1978 1333 2014; x_wconf 89' lang='lat' dir='ltr'><strong>Theophile,</strong></span> <span class='ocrx_word' id='word_1_364' title='bbox 1351 1979 1405 2006; x_wconf 87' lang='lat' dir='ltr'><strong>tuis</strong></span> <span class='ocrx_word' id='word_1_365' title='bbox 1426 1979 1537 2015; x_wconf 80' lang='lat' dir='ltr'><strong>adjutus</strong></span> <span class='ocrx_word' id='word_1_366' title='bbox 1552 1979 1693 2014; x_wconf 88' lang='lat' dir='ltr'><strong>precibus,</strong></span> <span class='ocrx_word' id='word_1_367' title='bbox 1707 1980 1858 2013; x_wconf 90' lang='lat' dir='ltr'><strong>occultum,</strong></span> 
     </span>
    </p>
   </div>
   <div class='ocr_carea' id='block_1_47' title="bbox 219 2025 1860 2062">
    <p class='ocr_par' dir='ltr' id='par_1_47' title="bbox 219 2025 1860 2062">
     <span class='ocr_line' id='line_1_47' title="bbox 219 2025 1860 2062; baseline 0.001 -9"><span class='ocrx_word' id='word_1_368' title='bbox 219 2031 248 2053; x_wconf 90' lang='lat' dir='ltr'><strong>et</strong></span> <span class='ocrx_word' id='word_1_369' title='bbox 263 2026 314 2054; x_wconf 92' lang='lat' dir='ltr'><strong>sub</strong></span> <span class='ocrx_word' id='word_1_370' title='bbox 329 2026 423 2054; x_wconf 84' lang='lat' dir='ltr'><strong>verbis</strong></span> <span class='ocrx_word' id='word_1_371' title='bbox 443 2026 594 2056; x_wconf 89' lang='lat' dir='ltr'><strong>Catholicis</strong></span> <span class='ocrx_word' id='word_1_372' title='bbox 614 2026 756 2058; x_wconf 87' lang='lat' dir='ltr'><strong>latentem,</strong></span> <span class='ocrx_word' id='word_1_373' title='bbox 774 2033 872 2053; x_wconf 91' lang='lat' dir='ltr'><strong>eorum</strong></span> <span class='ocrx_word' id='word_1_374' title='bbox 889 2025 1005 2060; x_wconf 88' lang='lat' dir='ltr'><strong>impium</strong></span> <span class='ocrx_word' id='word_1_375' title='bbox 1023 2025 1142 2060; x_wconf 89' lang='lat' dir='ltr'><strong>prodere</strong></span> <span class='ocrx_word' id='word_1_376' title='bbox 1167 2025 1351 2059; x_wconf 88' lang='lat' dir='ltr'><strong>intellectum,</strong></span> <span class='ocrx_word' id='word_1_377' title='bbox 1368 2031 1506 2062; x_wconf 84' lang='lat' dir='ltr'><strong>quatenus</strong></span> <span class='ocrx_word' id='word_1_378' title='bbox 1520 2027 1647 2055; x_wconf 86' lang='lat' dir='ltr'><strong>detectus</strong></span> <span class='ocrx_word' id='word_1_379' title='bbox 1667 2032 1695 2055; x_wconf 89' lang='lat' dir='ltr'><strong>et</strong></span> <span class='ocrx_word' id='word_1_380' title='bbox 1710 2028 1860 2056; x_wconf 81' lang='lat' dir='ltr'><strong>denotatus</strong></span> 
     </span>
    </p>
   </div>
   <div class='ocr_carea' id='block_1_48' title="bbox 219 2073 1857 2111">
    <p class='ocr_par' dir='ltr' id='par_1_48' title="bbox 219 2073 1857 2111">
     <span class='ocr_line' id='line_1_48' title="bbox 219 2073 1857 2111; baseline 0 -9"><span class='ocrx_word' id='word_1_381' title='bbox 219 2074 267 2102; x_wconf 83' lang='lat' dir='ltr'><strong>ﬁat</strong></span> <span class='ocrx_word' id='word_1_382' title='bbox 282 2074 390 2102; x_wconf 88' lang='lat' dir='ltr'><strong>cunctis</strong></span> <span class='ocrx_word' id='word_1_383' title='bbox 401 2075 504 2111; x_wconf 90' lang='lat' dir='ltr'><strong>ubique</strong></span> <span class='ocrx_word' id='word_1_384' title='bbox 518 2075 691 2111; x_wconf 88' lang='lat' dir='ltr'><strong>perspicuus.</strong></span> <span class='ocrx_word' id='word_1_385' title='bbox 710 2074 800 2109; x_wconf 81' lang='lat' dir='ltr'><strong>Agens</strong></span> <span class='ocrx_word' id='word_1_386' title='bbox 814 2074 896 2101; x_wconf 88' lang='lat' dir='ltr'><strong>simul</strong></span> <span class='ocrx_word' id='word_1_387' title='bbox 913 2073 997 2101; x_wconf 85' lang='lat' dir='ltr'><strong>etiam</strong></span> <span class='ocrx_word' id='word_1_388' title='bbox 1013 2077 1108 2101; x_wconf 86' lang='lat' dir='ltr'><strong>contra</strong></span> <span class='ocrx_word' id='word_1_389' title='bbox 1125 2082 1183 2106; x_wconf 88' lang='lat' dir='ltr'><strong>eos,</strong></span> <span class='ocrx_word' id='word_1_390' title='bbox 1197 2075 1244 2110; x_wconf 88' lang='lat' dir='ltr'><strong>qui</strong></span> <span class='ocrx_word' id='word_1_391' title='bbox 1262 2074 1327 2102; x_wconf 90' lang='lat' dir='ltr'><strong>licet</strong></span> <span class='ocrx_word' id='word_1_392' title='bbox 1340 2074 1482 2102; x_wconf 87' lang='lat' dir='ltr'><strong>Christum</strong></span> <span class='ocrx_word' id='word_1_393' title='bbox 1496 2075 1643 2102; x_wconf 91' lang='lat' dir='ltr'><strong>Dominum</strong></span> <span class='ocrx_word' id='word_1_394' title='bbox 1660 2076 1857 2108; x_wconf 87' lang='lat' dir='ltr'><strong>conﬁteantur,</strong></span> 
     </span>
    </p>
   </div>
   <div class='ocr_carea' id='block_1_49' title="bbox 219 2120 1860 2158">
    <p class='ocr_par' dir='ltr' id='par_1_49' title="bbox 219 2120 1860 2158">
     <span class='ocr_line' id='line_1_49' title="bbox 219 2120 1860 2158; baseline 0 -9"><span class='ocrx_word' id='word_1_395' title='bbox 219 2127 312 2149; x_wconf 87' lang='lat' dir='ltr'><strong>tamen</strong></span> <span class='ocrx_word' id='word_1_396' title='bbox 334 2122 427 2150; x_wconf 89' lang='lat' dir='ltr'><strong>nescio</strong></span> <span class='ocrx_word' id='word_1_397' title='bbox 449 2131 504 2158; x_wconf 90' lang='lat' dir='ltr'><strong>qua</strong></span> <span class='ocrx_word' id='word_1_398' title='bbox 518 2128 626 2150; x_wconf 77' lang='lat' dir='ltr'><strong>rursus</strong></span> <span class='ocrx_word' id='word_1_399' title='bbox 651 2121 757 2149; x_wconf 88' lang='lat' dir='ltr'><strong>inducti</strong></span> <span class='ocrx_word' id='word_1_400' title='bbox 782 2121 975 2156; x_wconf 87' lang='lat' dir='ltr'><strong>perversitate,</strong></span> <span class='ocrx_word' id='word_1_401' title='bbox 993 2120 1134 2148; x_wconf 86' lang='lat' dir='ltr'><strong>declinant</strong></span> <span class='ocrx_word' id='word_1_402' title='bbox 1159 2129 1224 2149; x_wconf 87' lang='lat' dir='ltr'><strong>eum</strong></span> <span class='ocrx_word' id='word_1_403' title='bbox 1247 2129 1334 2149; x_wconf 89' lang='lat' dir='ltr'><strong>unum</strong></span> <span class='ocrx_word' id='word_1_404' title='bbox 1352 2122 1477 2150; x_wconf 88' lang='lat' dir='ltr'><strong>conﬁteri</strong></span> <span class='ocrx_word' id='word_1_405' title='bbox 1502 2130 1536 2150; x_wconf 81' lang='lat' dir='ltr'><strong>ex</strong></span> <span class='ocrx_word' id='word_1_406' title='bbox 1553 2126 1648 2150; x_wconf 89' lang='lat' dir='ltr'><strong>sancta</strong></span> <span class='ocrx_word' id='word_1_407' title='bbox 1671 2126 1699 2150; x_wconf 91' lang='lat' dir='ltr'><strong>et</strong></span> <span class='ocrx_word' id='word_1_408' title='bbox 1713 2122 1860 2149; x_wconf 82' lang='lat' dir='ltr'><strong>individua</strong></span> 
     </span>
    </p>
   </div>
   <div class='ocr_carea' id='block_1_50' title="bbox 219 2167 1859 2208">
    <p class='ocr_par' dir='ltr' id='par_1_50' title="bbox 219 2167 1859 2208">
     <span class='ocr_line' id='line_1_50' title="bbox 219 2167 1859 2208; baseline -0.001 -13"><span class='ocrx_word' id='word_1_409' title='bbox 219 2168 367 2196; x_wconf 86' lang='lat' dir='ltr'><strong>Trinitate.</strong></span> <span class='ocrx_word' id='word_1_410' title='bbox 385 2169 462 2203; x_wconf 89' lang='lat' dir='ltr'><strong>Quod</strong></span> <span class='ocrx_word' id='word_1_411' title='bbox 487 2169 613 2197; x_wconf 87' lang='lat' dir='ltr'><strong>nolentes</strong></span> <span class='ocrx_word' id='word_1_412' title='bbox 632 2175 773 2201; x_wconf 86' lang='lat' dir='ltr'><strong>asserere,</strong></span> <span class='ocrx_word' id='word_1_413' title='bbox 791 2168 853 2202; x_wconf 90' lang='lat' dir='ltr'><strong>quis</strong></span> <span class='ocrx_word' id='word_1_414' title='bbox 874 2174 923 2194; x_wconf 87' lang='lat' dir='ltr'><strong>eos</strong></span> <span class='ocrx_word' id='word_1_415' title='bbox 946 2175 1002 2195; x_wconf 89' lang='lat' dir='ltr'><strong>non</strong></span> <span class='ocrx_word' id='word_1_416' title='bbox 1020 2167 1155 2204; x_wconf 81' lang='lat' dir='ltr'><strong>intelligat</strong></span> <span class='ocrx_word' id='word_1_417' title='bbox 1170 2168 1232 2196; x_wconf 86' lang='lat' dir='ltr'><strong>aliis</strong></span> <span class='ocrx_word' id='word_1_418' title='bbox 1254 2168 1349 2196; x_wconf 83' lang='lat' dir='ltr'><strong>verbis</strong></span> <span class='ocrx_word' id='word_1_419' title='bbox 1372 2168 1493 2203; x_wconf 88' lang='lat' dir='ltr'><strong>idipsum</strong></span> <span class='ocrx_word' id='word_1_420' title='bbox 1518 2175 1620 2203; x_wconf 83' lang='lat' dir='ltr'><strong>negare</strong></span> <span class='ocrx_word' id='word_1_421' title='bbox 1641 2167 1716 2203; x_wconf 93' lang='lat' dir='ltr'><strong>quod</strong></span> <span class='ocrx_word' id='word_1_422' title='bbox 1742 2168 1859 2208; x_wconf 39' lang='lat' dir='ltr'><strong>dicunt,</strong></span> 
     </span>
    </p>
   </div>
   <div class='ocr_carea' id='block_1_51' title="bbox 218 2213 1860 2251">
    <p class='ocr_par' dir='ltr' id='par_1_51' title="bbox 218 2213 1860 2251">
     <span class='ocr_line' id='line_1_51' title="bbox 218 2213 1860 2251; baseline -0.001 -9"><span class='ocrx_word' id='word_1_423' title='bbox 218 2214 345 2250; x_wconf 84' lang='lat' dir='ltr'><strong>nihilque</strong></span> <span class='ocrx_word' id='word_1_424' title='bbox 358 2215 432 2243; x_wconf 87' lang='lat' dir='ltr'><strong>aliud</strong></span> <span class='ocrx_word' id='word_1_425' title='bbox 450 2215 591 2243; x_wconf 88' lang='lat' dir='ltr'><strong>Christum</strong></span> <span class='ocrx_word' id='word_1_426' title='bbox 607 2215 661 2243; x_wconf 91' lang='lat' dir='ltr'><strong>nisi</strong></span> <span class='ocrx_word' id='word_1_427' title='bbox 675 2218 837 2242; x_wconf 82' lang='lat' dir='ltr'><strong>extraneum</strong></span> <span class='ocrx_word' id='word_1_428' title='bbox 851 2222 866 2241; x_wconf 90' lang='lat' dir='ltr'><strong>a</strong></span> <span class='ocrx_word' id='word_1_429' title='bbox 881 2214 1017 2241; x_wconf 88' lang='lat' dir='ltr'><strong>Trinitate</strong></span> <span class='ocrx_word' id='word_1_430' title='bbox 1029 2217 1058 2242; x_wconf 89' lang='lat' dir='ltr'><strong>et</strong></span> <span class='ocrx_word' id='word_1_431' title='bbox 1069 2214 1147 2250; x_wconf 73' lang='lat' dir='ltr'><strong>juxta</strong></span> <span class='ocrx_word' id='word_1_432' title='bbox 1166 2214 1294 2247; x_wconf 82' lang='lat' dir='ltr'><strong>Arianos,</strong></span> <span class='ocrx_word' id='word_1_433' title='bbox 1312 2214 1426 2242; x_wconf 88' lang='lat' dir='ltr'><strong>credere</strong></span> <span class='ocrx_word' id='word_1_434' title='bbox 1447 2214 1530 2251; x_wconf 79' lang='lat' dir='ltr'><strong>impie</strong></span> <span class='ocrx_word' id='word_1_435' title='bbox 1545 2214 1724 2242; x_wconf 79' lang='lat' dir='ltr'><strong>creaturam?</strong></span> <span class='ocrx_word' id='word_1_436' title='bbox 1739 2213 1767 2241; x_wconf 91' lang='lat' dir='ltr'><strong>Si</strong></span> <span class='ocrx_word' id='word_1_437' title='bbox 1783 2213 1860 2241; x_wconf 88' lang='lat' dir='ltr'><strong>enim</strong></span> 
     </span>
    </p>
   </div>
   <div class='ocr_carea' id='block_1_52' title="bbox 219 2260 1860 2296">
    <p class='ocr_par' dir='ltr' id='par_1_52' title="bbox 219 2260 1860 2296">
     <span class='ocr_line' id='line_1_52' title="bbox 219 2260 1860 2296; baseline -0.001 -7"><span class='ocrx_word' id='word_1_438' title='bbox 219 2269 303 2290; x_wconf 86' lang='lat' dir='ltr'><strong>verus</strong></span> <span class='ocrx_word' id='word_1_439' title='bbox 315 2267 357 2290; x_wconf 91' lang='lat' dir='ltr'><strong>est</strong></span> <span class='ocrx_word' id='word_1_440' title='bbox 370 2263 443 2290; x_wconf 88' lang='lat' dir='ltr'><strong>Deus</strong></span> <span class='ocrx_word' id='word_1_441' title='bbox 464 2262 536 2289; x_wconf 86' lang='lat' dir='ltr'><strong>sicut</strong></span> <span class='ocrx_word' id='word_1_442' title='bbox 559 2265 611 2294; x_wconf 91' lang='lat' dir='ltr'><strong>est,</strong></span> <span class='ocrx_word' id='word_1_443' title='bbox 635 2265 683 2289; x_wconf 87' lang='lat' dir='ltr'><strong>aut</strong></span> <span class='ocrx_word' id='word_1_444' title='bbox 699 2260 821 2289; x_wconf 86' lang='lat' dir='ltr'><strong>Trinitas</strong></span> <span class='ocrx_word' id='word_1_445' title='bbox 841 2265 894 2296; x_wconf 85' lang='lat' dir='ltr'><strong>est,</strong></span> <span class='ocrx_word' id='word_1_446' title='bbox 917 2267 965 2289; x_wconf 90' lang='lat' dir='ltr'><strong>aut</strong></span> <span class='ocrx_word' id='word_1_447' title='bbox 979 2269 1051 2289; x_wconf 88' lang='lat' dir='ltr'><strong>unus</strong></span> <span class='ocrx_word' id='word_1_448' title='bbox 1070 2269 1104 2289; x_wconf 83' lang='lat' dir='ltr'><strong>ex</strong></span> <span class='ocrx_word' id='word_1_449' title='bbox 1121 2261 1268 2289; x_wconf 89' lang='lat' dir='ltr'><strong>Trinitatc.</strong></span> <span class='ocrx_word' id='word_1_450' title='bbox 1287 2261 1341 2289; x_wconf 89' lang='lat' dir='ltr'><strong>Sed</strong></span> <span class='ocrx_word' id='word_1_451' title='bbox 1357 2261 1422 2296; x_wconf 88' lang='lat' dir='ltr'><strong>quia</strong></span> <span class='ocrx_word' id='word_1_452' title='bbox 1439 2265 1525 2296; x_wconf 79' lang='lat' dir='ltr'><strong>totam</strong></span> <span class='ocrx_word' id='word_1_453' title='bbox 1537 2261 1701 2289; x_wconf 89' lang='lat' dir='ltr'><strong>Trinitatem</strong></span> <span class='ocrx_word' id='word_1_454' title='bbox 1716 2260 1860 2289; x_wconf 87' lang='lat' dir='ltr'><strong>Christum</strong></span> 
     </span>
    </p>
   </div>
   <div class='ocr_carea' id='block_1_53' title="bbox 220 2308 1861 2343">
    <p class='ocr_par' dir='ltr' id='par_1_53' title="bbox 220 2308 1861 2343">
     <span class='ocr_line' id='line_1_53' title="bbox 220 2308 1861 2343; baseline -0.001 -7"><span class='ocrx_word' id='word_1_455' title='bbox 220 2308 334 2336; x_wconf 89' lang='lat' dir='ltr'><strong>credere</strong></span> <span class='ocrx_word' id='word_1_456' title='bbox 348 2308 521 2342; x_wconf 75' lang='lat' dir='ltr'><strong>sacrilegium</strong></span> <span class='ocrx_word' id='word_1_457' title='bbox 535 2312 586 2340; x_wconf 84' lang='lat' dir='ltr'><strong>est,</strong></span> <span class='ocrx_word' id='word_1_458' title='bbox 602 2312 688 2336; x_wconf 86' lang='lat' dir='ltr'><strong>restat</strong></span> <span class='ocrx_word' id='word_1_459' title='bbox 702 2312 732 2336; x_wconf 92' lang='lat' dir='ltr'><strong>ut</strong></span> <span class='ocrx_word' id='word_1_460' title='bbox 743 2316 816 2336; x_wconf 90' lang='lat' dir='ltr'><strong>unus</strong></span> <span class='ocrx_word' id='word_1_461' title='bbox 829 2310 864 2337; x_wconf 91' lang='lat' dir='ltr'><strong>sit</strong></span> <span class='ocrx_word' id='word_1_462' title='bbox 877 2310 950 2338; x_wconf 88' lang='lat' dir='ltr'><strong>Deus</strong></span> <span class='ocrx_word' id='word_1_463' title='bbox 963 2309 1091 2338; x_wconf 89' lang='lat' dir='ltr'><strong>Christus</strong></span> <span class='ocrx_word' id='word_1_464' title='bbox 1104 2317 1138 2337; x_wconf 84' lang='lat' dir='ltr'><strong>ex</strong></span> <span class='ocrx_word' id='word_1_465' title='bbox 1152 2309 1299 2337; x_wconf 86' lang='lat' dir='ltr'><strong>Trinitate.</strong></span> <span class='ocrx_word' id='word_1_466' title='bbox 1311 2309 1369 2337; x_wconf 87' lang='lat' dir='ltr'><strong>Nisi</strong></span> <span class='ocrx_word' id='word_1_467' title='bbox 1386 2309 1457 2337; x_wconf 84' lang='lat' dir='ltr'><strong>forte</strong></span> <span class='ocrx_word' id='word_1_468' title='bbox 1472 2310 1558 2337; x_wconf 88' lang='lat' dir='ltr'><strong>alium</strong></span> <span class='ocrx_word' id='word_1_469' title='bbox 1573 2317 1636 2337; x_wconf 93' lang='lat' dir='ltr'><strong>eum</strong></span> <span class='ocrx_word' id='word_1_470' title='bbox 1651 2309 1738 2336; x_wconf 86' lang='lat' dir='ltr'><strong>Deum</strong></span> <span class='ocrx_word' id='word_1_471' title='bbox 1755 2312 1861 2343; x_wconf 79' lang='lat' dir='ltr'><strong>praeter</strong></span> 
     </span>
    </p>
   </div>
   <div class='ocr_carea' id='block_1_54' title="bbox 219 2353 1859 2392">
    <p class='ocr_par' dir='ltr' id='par_1_54' title="bbox 219 2353 1859 2392">
     <span class='ocr_line' id='line_1_54' title="bbox 219 2353 1859 2392; baseline 0 -11"><span class='ocrx_word' id='word_1_472' title='bbox 219 2353 383 2385; x_wconf 85' lang='lat' dir='ltr'><strong>Trinitatem</strong></span> <span class='ocrx_word' id='word_1_473' title='bbox 395 2361 456 2382; x_wconf 86' lang='lat' dir='ltr'><strong>esse</strong></span> <span class='ocrx_word' id='word_1_474' title='bbox 467 2354 646 2388; x_wconf 86' lang='lat' dir='ltr'><strong>contendant,</strong></span> <span class='ocrx_word' id='word_1_475' title='bbox 658 2355 733 2391; x_wconf 92' lang='lat' dir='ltr'><strong>quod</strong></span> <span class='ocrx_word' id='word_1_476' title='bbox 748 2364 802 2383; x_wconf 91' lang='lat' dir='ltr'><strong>non</strong></span> <span class='ocrx_word' id='word_1_477' title='bbox 816 2356 1032 2390; x_wconf 88' lang='lat' dir='ltr'><strong>Catholicorum,</strong></span> <span class='ocrx_word' id='word_1_478' title='bbox 1046 2356 1094 2385; x_wconf 91' lang='lat' dir='ltr'><strong>sed</strong></span> <span class='ocrx_word' id='word_1_479' title='bbox 1109 2357 1322 2384; x_wconf 64' lang='lat' dir='ltr'><strong>Manichaeorum</strong></span> <span class='ocrx_word' id='word_1_480' title='bbox 1338 2360 1381 2384; x_wconf 90' lang='lat' dir='ltr'><strong>est</strong></span> <span class='ocrx_word' id='word_1_481' title='bbox 1399 2356 1554 2392; x_wconf 88' lang='lat' dir='ltr'><strong>proprium,</strong></span> <span class='ocrx_word' id='word_1_482' title='bbox 1570 2355 1618 2390; x_wconf 94' lang='lat' dir='ltr'><strong>qui</strong></span> <span class='ocrx_word' id='word_1_483' title='bbox 1634 2356 1705 2383; x_wconf 92' lang='lat' dir='ltr'><strong>duos</strong></span> <span class='ocrx_word' id='word_1_484' title='bbox 1718 2355 1785 2382; x_wconf 88' lang='lat' dir='ltr'><strong>deos</strong></span> <span class='ocrx_word' id='word_1_485' title='bbox 1803 2354 1859 2381; x_wconf 87' lang='lat' dir='ltr'><strong>sibi</strong></span> 
     </span>
    </p>
   </div>
   <div class='ocr_carea' id='block_1_55' title="bbox 220 2399 1860 2438">
    <p class='ocr_par' dir='ltr' id='par_1_55' title="bbox 220 2399 1860 2438">
     <span class='ocr_line' id='line_1_55' title="bbox 220 2399 1860 2438; baseline -0.001 -11"><span class='ocrx_word' id='word_1_486' title='bbox 220 2399 374 2428; x_wconf 86' lang='lat' dir='ltr'><strong>contrarios</strong></span> <span class='ocrx_word' id='word_1_487' title='bbox 398 2399 587 2428; x_wconf 90' lang='lat' dir='ltr'><strong>introducunt.</strong></span> <span class='ocrx_word' id='word_1_488' title='bbox 609 2400 716 2428; x_wconf 88' lang='lat' dir='ltr'><strong>Placuit</strong></span> <span class='ocrx_word' id='word_1_489' title='bbox 737 2401 821 2436; x_wconf 82' lang='lat' dir='ltr'><strong>igitur</strong></span> <span class='ocrx_word' id='word_1_490' title='bbox 845 2403 897 2430; x_wconf 91' lang='lat' dir='ltr'><strong>sub</strong></span> <span class='ocrx_word' id='word_1_491' title='bbox 919 2410 1037 2438; x_wconf 87' lang='lat' dir='ltr'><strong>persona</strong></span> <span class='ocrx_word' id='word_1_492' title='bbox 1063 2402 1260 2438; x_wconf 81' lang='lat' dir='ltr'><strong>interrogantis</strong></span> <span class='ocrx_word' id='word_1_493' title='bbox 1284 2401 1418 2434; x_wconf 67' lang='lat' dir='ltr'><strong>haeretici,</strong></span> <span class='ocrx_word' id='word_1_494' title='bbox 1444 2405 1473 2429; x_wconf 91' lang='lat' dir='ltr'><strong>et</strong></span> <span class='ocrx_word' id='word_1_495' title='bbox 1490 2401 1619 2429; x_wconf 87' lang='lat' dir='ltr'><strong>catholici</strong></span> <span class='ocrx_word' id='word_1_496' title='bbox 1643 2400 1860 2435; x_wconf 83' lang='lat' dir='ltr'><strong>respondentis,</strong></span> 
     </span>
    </p>
   </div>
   <div class='ocr_carea' id='block_1_56' title="bbox 220 2445 1861 2485">
    <p class='ocr_par' dir='ltr' id='par_1_56' title="bbox 220 2445 1861 2485">
     <span class='ocr_line' id='line_1_56' title="bbox 220 2445 1861 2485; baseline -0.001 -11"><span class='ocrx_word' id='word_1_497' title='bbox 220 2447 358 2482; x_wconf 82' lang='lat' dir='ltr'><strong>explicare</strong></span> <span class='ocrx_word' id='word_1_498' title='bbox 383 2446 466 2482; x_wconf 87' lang='lat' dir='ltr'><strong>hujus</strong></span> <span class='ocrx_word' id='word_1_499' title='bbox 490 2451 592 2475; x_wconf 81' lang='lat' dir='ltr'><strong>nostrae</strong></span> <span class='ocrx_word' id='word_1_500' title='bbox 613 2447 808 2483; x_wconf 87' lang='lat' dir='ltr'><strong>disputationis</strong></span> <span class='ocrx_word' id='word_1_501' title='bbox 832 2449 1009 2484; x_wconf 91' lang='lat' dir='ltr'><strong>opusculum,</strong></span> <span class='ocrx_word' id='word_1_502' title='bbox 1035 2456 1092 2485; x_wconf 92' lang='lat' dir='ltr'><strong>quo</strong></span> <span class='ocrx_word' id='word_1_503' title='bbox 1118 2449 1227 2477; x_wconf 83' lang='lat' dir='ltr'><strong>facilius</strong></span> <span class='ocrx_word' id='word_1_504' title='bbox 1251 2449 1440 2485; x_wconf 89' lang='lat' dir='ltr'><strong>objectionum</strong></span> <span class='ocrx_word' id='word_1_505' title='bbox 1467 2447 1605 2476; x_wconf 87' lang='lat' dir='ltr'><strong>absolutio</strong></span> <span class='ocrx_word' id='word_1_506' title='bbox 1627 2446 1781 2483; x_wconf 78' lang='lat' dir='ltr'><strong>legentibus</strong></span> <span class='ocrx_word' id='word_1_507' title='bbox 1797 2445 1861 2473; x_wconf 90' lang='lat' dir='ltr'><strong>elu-</strong></span> 
     </span>
    </p>
   </div>
   <div class='ocr_carea' id='block_1_57' title="bbox 222 2499 323 2522">
    <p class='ocr_par' dir='ltr' id='par_1_57' title="bbox 222 2499 323 2522">
     <span class='ocr_line' id='line_1_57' title="bbox 222 2499 323 2522; baseline 0 0"><span class='ocrx_word' id='word_1_508' title='bbox 222 2499 323 2522; x_wconf 60' lang='lat'><strong>685031.</strong></span> 
     </span>
    </p>
   </div>
   <div class='ocr_carea' id='block_1_58' title="bbox 258 2553 1082 2589">
    <p class='ocr_par' dir='ltr' id='par_1_58' title="bbox 258 2553 1082 2589">
     <span class='ocr_line' id='line_1_58' title="bbox 258 2553 1082 2589; baseline 0.002 -8"><span class='ocrx_word' id='word_1_509' title='bbox 258 2554 280 2570; x_wconf 70' lang='grc' dir='ltr'>δ’</span> <span class='ocrx_word' id='word_1_510' title='bbox 297 2553 384 2581; x_wconf 86' lang='lat' dir='ltr'><strong>Eccli.</strong></span> <span class='ocrx_word' id='word_1_511' title='bbox 399 2562 436 2587; x_wconf 84' lang='lat' dir='ltr'><strong>iV,</strong></span> <span class='ocrx_word' id='word_1_512' title='bbox 451 2554 496 2582; x_wconf 81' lang='lat'><strong>55.</strong></span> <span class='ocrx_word' id='word_1_513' title='bbox 534 2554 556 2571; x_wconf 71' lang='grc'><strong>⁵³</strong></span> <span class='ocrx_word' id='word_1_514' title='bbox 575 2553 658 2583; x_wconf 83' lang='lat' dir='ltr'><strong>Hebr.</strong></span> <span class='ocrx_word' id='word_1_515' title='bbox 678 2562 725 2587; x_wconf 85' lang='lat' dir='ltr'><strong>xu,</strong></span> <span class='ocrx_word' id='word_1_516' title='bbox 743 2555 769 2582; x_wconf 76' lang='grc'><strong>4.</strong></span> <span class='ocrx_word' id='word_1_517' title='bbox 812 2555 833 2571; x_wconf 81' lang='grc'><strong>⁵¹</strong></span> <span class='ocrx_word' id='word_1_518' title='bbox 851 2554 935 2583; x_wconf 83' lang='lat' dir='ltr'><strong>Num.</strong></span> <span class='ocrx_word' id='word_1_519' title='bbox 954 2563 1019 2589; x_wconf 64' lang='grc' dir='ltr'>χχιι,</span> <span class='ocrx_word' id='word_1_520' title='bbox 1035 2554 1082 2583; x_wconf 77' lang='grc'><strong>28.</strong></span> 
     </span>
    </p>
   </div>
   <div class='ocr_carea' id='block_1_59' title="bbox 227 2627 1841 2647">
    <p class='ocr_par' dir='ltr' id='par_1_59' title="bbox 227 2627 1841 2647">
     <span class='ocr_line' id='line_1_59' title="bbox 227 2627 1841 2647; baseline 0 -4"><span class='ocrx_word' id='word_1_521' title='bbox 227 2627 1841 2647; x_wconf 52' lang='lat' dir='ltr'><strong>nmm—</strong></span> 
     </span>
    </p>
   </div>
   <div class='ocr_carea' id='block_1_60' title="bbox 817 2698 1282 2775">
    <p class='ocr_par' dir='ltr' id='par_1_60' title="bbox 817 2698 1282 2775">
     <span class='ocr_line' id='line_1_60' title="bbox 817 2698 1282 2775; baseline 0 -33"><span class='ocrx_word' id='word_1_522' title='bbox 817 2698 992 2743; x_wconf 78' lang='lat' dir='ltr'><strong>LIBEB</strong></span> <span class='ocrx_word' id='word_1_523' title='bbox 1036 2698 1282 2775; x_wconf 67' lang='lat' dir='ltr'><strong>PRIMllS.</strong></span> 
     </span>
    </p>
   </div>
   <div class='ocr_carea' id='block_1_61' title="bbox 414 2816 820 2846">
    <p class='ocr_par' dir='ltr' id='par_1_61' title="bbox 414 2816 820 2846">
     <span class='ocr_line' id='line_1_61' title="bbox 414 2816 820 2846; baseline 0 -1"><span class='ocrx_word' id='word_1_524' title='bbox 414 2816 585 2846; x_wconf 84' lang='lat' dir='ltr'><strong>CAPITULA</strong></span> <span class='ocrx_word' id='word_1_525' title='bbox 604 2817 696 2846; x_wconf 78' lang='lat' dir='ltr'><strong>LIBRI</strong></span> <span class='ocrx_word' id='word_1_526' title='bbox 715 2817 820 2845; x_wconf 78' lang='lat' dir='ltr'><strong>PRIMI.</strong></span> 
     </span>
    </p>
   </div>
   <div class='ocr_carea' id='block_1_62' title="bbox 227 2861 1015 2900">
    <p class='ocr_par' dir='ltr' id='par_1_62' title="bbox 227 2861 1015 2900">
     <span class='ocr_line' id='line_1_62' title="bbox 227 2861 1015 2900; baseline 0 -9"><span class='ocrx_word' id='word_1_527' title='bbox 227 2862 247 2890; x_wconf 87' lang='grc' dir='ltr'><strong>Ι.</strong></span> <span class='ocrx_word' id='word_1_528' title='bbox 271 2863 307 2891; x_wconf 82' lang='lat' dir='ltr'><strong>De</strong></span> <span class='ocrx_word' id='word_1_529' title='bbox 335 2864 411 2891; x_wconf 89' lang='lat' dir='ltr'><strong>modo</strong></span> <span class='ocrx_word' id='word_1_530' title='bbox 429 2863 615 2900; x_wconf 78' lang='lat' dir='ltr'><strong>appellationis</strong></span> <span class='ocrx_word' id='word_1_531' title='bbox 641 2861 789 2896; x_wconf 66' lang='lat' dir='ltr'><strong>Theolocc&#39;z,</strong></span> <span class='ocrx_word' id='word_1_532' title='bbox 820 2864 866 2891; x_wconf 83' lang='lat' dir='ltr'><strong>hoc</strong></span> <span class='ocrx_word' id='word_1_533' title='bbox 888 2869 942 2896; x_wconf 69' lang='lat' dir='ltr'><strong>est,</strong></span> <span class='ocrx_word' id='word_1_534' title='bbox 965 2864 1015 2891; x_wconf 75' lang='lat' dir='ltr'><strong>Dei</strong></span> 
     </span>
    </p>
   </div>
   <div class='ocr_carea' id='block_1_63' title="bbox 260 2915 406 2943">
    <p class='ocr_par' dir='ltr' id='par_1_63' title="bbox 260 2915 406 2943">
     <span class='ocr_line' id='line_1_63' title="bbox 260 2915 406 2943; baseline -0.007 0"><span class='ocrx_word' id='word_1_535' title='bbox 260 2915 406 2943; x_wconf 68' lang='lat' dir='ltr'><strong>Genitricis.</strong></span> 
     </span>
    </p>
   </div>
   <div class='ocr_carea' id='block_1_64' title="bbox 1069 2807 1865 2851">
    <p class='ocr_par' dir='ltr' id='par_1_64' title="bbox 1069 2807 1865 2851">
     <span class='ocr_line' id='line_1_64' title="bbox 1069 2807 1865 2851; baseline -0.008 -5"><span class='ocrx_word' id='word_1_536' title='bbox 1069 2819 1100 2847; x_wconf 84' lang='lat' dir='ltr'><strong>ll.</strong></span> <span class='ocrx_word' id='word_1_537' title='bbox 1118 2818 1193 2851; x_wconf 79' lang='lat' dir='ltr'><strong>Quod</strong></span> <span class='ocrx_word' id='word_1_538' title='bbox 1210 2818 1352 2845; x_wconf 74' lang='lat' dir='ltr'><strong>Theotocon</strong></span> <span class='ocrx_word' id='word_1_539' title='bbox 1367 2816 1484 2844; x_wconf 65' lang='lat' dir='ltr'><strong>haretici</strong></span> <span class='ocrx_word' id='word_1_540' title='bbox 1498 2815 1603 2843; x_wconf 78' lang='lat' dir='ltr'><strong>beatam</strong></span> <span class='ocrx_word' id='word_1_541' title='bbox 1617 2814 1747 2851; x_wconf 77' lang='lat' dir='ltr'><strong>Virginem</strong></span> <span class='ocrx_word' id='word_1_542' title='bbox 1761 2807 1799 2841; x_wconf 67' lang='lat' dir='ltr'><strong>ile</strong></span> <span class='ocrx_word' id='word_1_543' title='bbox 1817 2813 1865 2849; x_wconf 79' lang='lat' dir='ltr'><strong>fa-</strong></span> 
     </span>
    </p>
   </div>
   <div class='ocr_carea' id='block_1_65' title="bbox 1104 2860 1867 2899">
    <p class='ocr_par' dir='ltr' id='par_1_65' title="bbox 1104 2860 1867 2899">
     <span class='ocr_line' id='line_1_65' title="bbox 1104 2860 1867 2899; baseline -0.005 -8"><span class='ocrx_word' id='word_1_544' title='bbox 1104 2868 1221 2896; x_wconf 81' lang='lat' dir='ltr'><strong>teantur,</strong></span> <span class='ocrx_word' id='word_1_545' title='bbox 1238 2872 1289 2890; x_wconf 84' lang='lat' dir='ltr'><strong>non</strong></span> <span class='ocrx_word' id='word_1_546' title='bbox 1317 2863 1380 2899; x_wconf 87' lang='lat' dir='ltr'><strong>quia</strong></span> <span class='ocrx_word' id='word_1_547' title='bbox 1400 2862 1485 2890; x_wconf 82' lang='lat' dir='ltr'><strong>Deum</strong></span> <span class='ocrx_word' id='word_1_548' title='bbox 1510 2861 1654 2890; x_wconf 78' lang='lat' dir='ltr'><strong>secundum</strong></span> <span class='ocrx_word' id='word_1_549' title='bbox 1680 2868 1798 2895; x_wconf 81' lang='lat' dir='ltr'><strong>carnem,</strong></span> <span class='ocrx_word' id='word_1_550' title='bbox 1815 2860 1867 2888; x_wconf 78' lang='lat' dir='ltr'><strong>sed</strong></span> 
     </span>
    </p>
   </div>
   <div class='ocr_carea' id='block_1_66' title="bbox 1103 2908 1647 2946">
    <p class='ocr_par' dir='ltr' id='par_1_66' title="bbox 1103 2908 1647 2946">
     <span class='ocr_line' id='line_1_66' title="bbox 1103 2908 1647 2946; baseline 0 -10"><span class='ocrx_word' id='word_1_551' title='bbox 1103 2912 1165 2946; x_wconf 80' lang='lat' dir='ltr'><strong>quia</strong></span> <span class='ocrx_word' id='word_1_552' title='bbox 1180 2911 1312 2938; x_wconf 81' lang='lat' dir='ltr'><strong>hominem</strong></span> <span class='ocrx_word' id='word_1_553' title='bbox 1327 2909 1382 2937; x_wconf 84' lang='lat' dir='ltr'><strong>Dea</strong></span> <span class='ocrx_word' id='word_1_554' title='bbox 1398 2909 1501 2937; x_wconf 83' lang='lat' dir='ltr'><strong>unitum</strong></span> <span class='ocrx_word' id='word_1_555' title='bbox 1516 2908 1647 2944; x_wconf 81' lang='lat' dir='ltr'><strong>genuerit.</strong></span> 
     </span>
    </p>
   </div>
  </div>
