1953 3086
127 174 141 201 ι
146 172 177 202 Π

561 171 661 203 DIAL.
680 172 832 203 CONTRA
846 172 1123 205 NESTORIANOS.
1141 185 1177 192 —
1197 173 1310 218 LIB..I.

1710 168 1770 202 1‘18.

125 225 171 254 III.
190 224 265 259 Quod
283 225 388 253 initium
409 226 469 254 dari
491 226 546 254 Deo
565 226 647 255 Verbo
670 236 702 255 ea:
727 228 826 263 femina
842 227 923 255 stulte
937 230 960 258 A
974 227 1019 256 IX.
1035 228 1111 261 Quod
1125 230 1172 256 hoc
1187 232 1292 256 tantum
1311 229 1410 256 distare
1429 236 1445 254 α
1469 227 1612 265 ΡγορΙιειὶὲ⁴
1629 226 1771 254 Christum»

161 272 371 306 calumniantur,
384 273 423 300 his
438 273 483 308 qui
498 281 558 300 vere
573 278 599 304 et
614 275 720 310 proprie
734 274 818 302 Deum
830 282 922 302 secun-

162 319 226 346 dum
239 327 347 346 carnem
362 323 455 346 natum
471 328 502 346 ex
515 319 615 354 femina
632 320 799 354 conﬁtentur.

130 363 172 392 Ν.
189 363 265 396 Quod
277 364 373 391 callide
386 369 411 392 et
425 373 546 400 perverse
560 373 619 393 eam
638 371 752 393 matrem
766 366 922 394 humanita-

164 411 197 438 tis
219 410 367 445 affirment.

131 455 161 483 ν.
176 455 251 488 Quod
275 464 307 483 ex
330 456 385 483 illis
407 457 564 494 euangelicis
581 459 683 486 vocibus
701 467 760 494 quae
778 459 813 486 ad
827 459 923 495 Ioseph

162 500 295 536 Sponsum
309 506 408 530 sancta:
420 502 534 539 Virginis
544 504 622 539 facile
633 504 765 540 leguntur,
777 513 828 532 non
839 505 923 531 Deum

163 546 259 582 fortem
283 548 428 575 secundum
452 548 612 584 Prophetam
633 550 667 582 ⁸¹,
687 550 731 577 sed
748 558 845 586 purum
861 554 923 577 tan-

164 596 230 626 tum,
246 593 292 628 qui
305 598 414 629 propter
428 603 498 628 eum,
515 596 556 622 cui
570 596 643 624 uniri
658 597 764 629 meruit,
784 596 853 623 Deus
868 597 924 631 for-

163 639 197 665 tis
213 639 328 672 dicatur,
346 639 392 666 sed
408 640 508 675 femina
525 649 619 668 natum
641 646 768 669 conentur
792 647 922 669 astruere.

134 685 172 713 VI.
196 685 275 721 547
293 686 331 712 De
346 695 375 713 eo
392 688 462 722 quod
477 688 607 723 scriptum
630 693 668 715 est
685 696 713 715 :1
731 687 807 720 Quod
826 692 920 714 natum

164 737 204 758 est
219 732 251 758 de
266 740 357 764 carne,
369 741 431 760 caro
451 737 508 761 est:
526 734 601 767 quod.
616 739 709 762 natum
729 739 767 762 est
785 735 816 762 de
829 734 925 770 spiritu

164 779 274 812 spiritus
285 783 324 804 est
339 779 373 805 ".
395 788 405 804 ι

136 824 186 852 VII.
198 824 236 851 De
244 833 273 851 eo
282 825 352 860 quod
364 833 416 852 non
428 825 513 853 Deum
527 826 637 861 factum,
647 827 693 854 sed
701 827 834 855 Christum
842 828 926 856 Deum

166 872 268 905 factum
283 871 380 899 callide
399 873 529 907 fatentur.

134 916 199 944 \‘Ill.
217 917 293 950 Quod
323 927 377 946 non
395 923 508 952 natura,
528 919 575 946 sed
600 920 731 955 dignitate
760 923 786 946 et
805 921 925 948 unitione

166 962 251 990 Deum
263 963 344 991 stulte
368 969 490 992 asserunt
507 964 641 993 Christum
658 973 667 992 :
681 964 712 992 ob
724 965 752 992 id
774 966 845 1000 quod
858 966 925 993 scri-

167 1012 243 1044 ptum
254 1014 292 1036 est
307 1010 334 1036 in
350 1009 457 1037 Actibus
474 1010 675 1045 Apostolorum,
701 1010 782 1038 Petro
797 1011 833 1038 ad
860 1010 927 1038 Cor—

157 1054 270 1090 ‘nelium
281 1055 384 1083 dicente
397 1056 410 1083 Ξ)
421 1055 492 1090 Quia
505 1056 576 1085 Deus
587 1060 645 1084 erat
658 1065 718 1084 cum
728 1056 776 1084 illo
793 1057 826 1084 “.

1008 276 1088 311 impie
1103 276 1250 311 fateantur,
1271 277 1315 311 qui
1324 284 1377 302 non
1390 275 1424 302 sit
1441 279 1518 302 natus
1534 281 1565 301 ea;
1580 274 1679 300 semine
1701 274 1761 306 viri,

1008 324 1128 359 quamvis
1154 331 1206 351 non
1226 327 1284 359 post
1309 323 1558 358 conformationem,
1587 320 1633 347 sed
1659 320 1687 347 in
1703 321 1760 355 ipsa

1009 370 1228 404 conformatione,
1239 368 1342 397 Christo
1349 373 1437 396 tamen
1445 368 1529 395 Deum
1538 367 1649 395 Verbum
1658 366 1761 393 unitum

1008 416 1097 451 inique
1109 415 1279 442 contendant.

973 461 1006 490 Χ.
1028 461 1102 494 Quod
1116 462 1183 488 sicut
1199 461 1265 488 duas
1276 463 1400 492 naturas,
1414 459 1452 486 ita
1463 461 1489 486 et
1501 457 1692 491 fsubsistentias
1712 456 1763 483 sive

1008 516 1137 544 personas
1153 507 1181 534 in
1196 506 1300 534 Christo
1315 506 1464 541 fateantur.

973 553 1021 581 XI.
1035 552 1110 586 Quod
1127 556 1292 587 assumptum
1304 561 1321 579 a
1334 551 1400 583 Deo,
1412 558 1465 577 non
1474 549 1560 576 Deum
1573 548 1673 583 factum
1683 546 1763 573 homi-

1010 607 1069 626 nem
1080 606 1200 634 perverse
1209 601 1342 631 asserant,
1352 601 1377 623 et
1392 595 1462 631 quod
1471 596 1558 630 ipsum
1570 593 1702 628 deﬁniant
1717 600 1764 619 na-

1011 649 1101 672 turam
1110 652 1165 671 esse
1176 643 1244 680 quod
1262 651 1377 678 persona
1393 646 1442 669 est.

974 691 1034 719 XII.
1057 691 1132 724 Quod
1152 690 1209 718 alia
1220 683 1286 717 sunt
1302 690 1412 726 propria
1430 688 1540 715 nomina
1557 691 1720 714 naturarum
1743 690 1765 713 et

976 744 1172 773 persome,qua:
1188 735 1292 763 nullam
1305 736 1404 771 faciant
1416 734 1599 769 qumstionem,
1622 732 1678 759 alia
1698 739 1766 758 conv-

1012 785 1104 810 muni'a
1120 791 1179 818 qua:
1191 783 1219 809 in
1232 782 1403 817 qumstionem
1418 779 1537 806 veniant.

977 829 1049 858 XIII.
1070 829 1139 861 Quid
1160 829 1230 855 inter
1247 831 1360 855 naturas
1386 825 1554 860 distetatque
1576 831 1717 860 personam
1745 825 1772 849 et

1014 876 1145 911 quodnon
1160 875 1246 901 omnis
1258 874 1292 900 sit
1308 876 1407 900 natura
1423 879 1549 906 persona.

976 922 1045 950 XIV.
1060 921 1135 953 Quod
1156 924 1180 946 et
1202 919 1287 946 Deum
1304 918 1403 954 factum
1422 916 1564 948 hominem,
1590 917 1614 941 et
1628 919 1773 941 secundum

1012 967 1178 994 nativitatem
1192 964 1241 992 Dei
1255 964 1330 992 Verbi
1345 964 1427 1000 juxta
1447 969 1555 990 carnem
1577 959 1693 988 heretici
1716 964 1778 991 cur

1014 1013 1076 1040 dere
1094 1011 1271 1038 detestantur.

793 1169 1120 1199 INTERLOCUTORES.

657 1224 962 1263 NESTORIANUS,
987 1223 1262 1257 CATHOLICUS.

390 1288 504 1316 CAPUT
520 1288 667 1317 PRIMUM.

171 1333 425 1363 NES’I‘OIIIANUS.
460 1334 534 1362 Olim
554 1339 583 1362 te
604 1338 765 1362 nostrorum
790 1334 931 1361 dictorum

136 1379 257 1407 audiens
281 1379 598 1416 infamatorem,saepius
625 1379 794 1407 incitabatur
812 1379 922 1406 animus

139 1431 231 1454 tecum
256 1425 292 1453 de
323 1426 426 1453 divinae
458 1426 674 1460 dispensationis
700 1426 867 1460 conquirere
892 1432 936 1452 sa-

143 1476 294 1500 cramento.
324 1472 406 1500 Nunc
434 1480 502 1500 vero
529 1463 688 1508 opportuno
716 1472 779 1499 loco
810 1474 839 1498 et
864 1475 936 1498 tem-

145 1524 209 1552 pore
222 1521 271 1545 tua
291 1517 373 1545 nobis
387 1525 403 1545 a
416 1517 474 1545 Deo
498 1517 601 1544 donata
616 1516 777 1551 prtesentia,
790 1514 870 1542 valde
885 1514 937 1542 de-

145 1563 248 1595 sidero,
261 1568 293 1591 ut
304 1567 470 1599 praesentem
481 1571 590 1599 arguas,
603 1547 649 1590 cui
661 1561 769 1590 absenti
777 1568 834 1589 non
847 1560 940 1596 quies-
952 1547 978 1581 ο

146 1611 185 1639 cis
201 1611 364 1638 detrahere.
443 1630 446 1632 -

179 1656 407 1685 CATHOLICUS.
425 1656 479 1690 Qui
494 1664 524 1684 se
539 1664 595 1684 non
611 1654 760 1687 mendacii,
774 1653 824 1681 sed
837 1653 940 1680 verita-

147 1703 183 1731 tis
199 1704 314 1731 exhibet
326 1708 504 1736 sectatorem,
517 1703 612 1730 nullus
625 1704 753 1729 movetur
769 1699 942 1737 mussitatio—

148 1749 231 1776 nibus
247 1749 442 1783 qucrulorum.
462 1749 548 1784 Cujus
557 1752 651 1775 autem
664 1747 775 1774 animus
788 1746 824 1774 de
837 1753 887 1773 sua
900 1747 943 1772 est.

148 1793 268 1822 falsitate
282 1794 421 1826 conscius,
437 1794 502 1821 licet
512 1801 595 1820 nemo
615 1793 650 1820 de
664 1800 698 1819 eo
720 1796 865 1827 queratur,
882 1798 944 1818 sus-

149 1839 289 1875 picionum
304 1843 398 1867 tamen
413 1838 534 1867 stimulis
548 1838 722 1873 inquietatur
735 1835 943 1864 assidue.Nihil

148 1890 242 1913 autem
270 1885 457 1920 prudentibus
483 1884 586 1917 aufert,
616 1883 674 1911 imo
701 1883 794 1918 potius
822 1881 941 1913 confert,

150 1931 267 1959 mendax
281 1930 425 1958 iniamatio
439 1930 649 1966 malevolorum.
669 1928 697 1956 Si
715 1928 790 1954 enim
804 1927 943 1954 veraciter

149 1977 213 2013 quis
227 1977 261 2004 de
279 1977 381 2004 talibus
400 1975 627 2011 reprehenditur,
644 1972 827 2009 corrigendns
839 1976 896 2004 est,
908 1979 943 1999 ne

151 2024 269 2051 ulterius
278 2023 496 2058 reprehendant,
509 2023 531 2049 si
542 2022 727 2054 mendaciter,
737 2019 943 2048 condemnandi

151 2074 218 2097 sunt
231 2069 322 2104 potius
336 2073 365 2096 et
376 2069 497 2096 delendi.
513 2068 688 2103 Quapropter
699 2067 733 2099 si,
748 2070 779 2094 ut
792 2067 851 2101 ipse
868 2065 943 2093 testi-

151 2122 228 2147 mas,
253 2118 365 2141 tuarum
394 2122 455 2141 sum
484 2121 534 2149 ego
562 2113 711 2141 intamator
737 2112 943 2143 assertiOnum.

152 2168 202 2196 age
217 2168 292 2188 nunc
313 2161 386 2188 sicut
402 2159 580 2192 desiderasti,
604 2163 633 2186 et
650 2163 676 2186 te
702 2162 869 2186 sectatorem
895 2165 944 2184 ve-

984 1287 1119 1322 scriptum
1143 1286 1197 1322 est)
1211 1286 1340 1314 hilariter
1360 1285 1419 1320 ipsa
1443 1283 1547 1312 veritas
1559 1281 1699 1315 intimare,
1714 1288 1778 1309 cum

986 1333 1020 1360 ad
1033 1332 1272 1368 investigationem
1295 1331 1338 1359 sui
1350 1329 1556 1366 disputantium
1574 1331 1684 1356 mentes
1711 1327 1777 1355 sim-

986 1379 1053 1415 plici
1081 1379 1184 1406 viderit
1211 1378 1369 1406 intentione
1394 1375 1572 1412 pertendere.
1603 1375 1665 1402 Erit
1697 1373 1778 1409 igitur

987 1425 1085 1461 procul
1103 1425 1188 1453 dubio
1205 1428 1308 1452 nostrae
1322 1423 1521 1459 disputationis
1534 1421 1694 1449 fructuosus
1708 1419 1779 1452 finis,

989 1472 1012 1499 si
1036 1471 1120 1499 modo
1145 1471 1253 1499 furiosa
1283 1470 1427 1499 contentio
1453 1469 1652 1497 submoventur
1680 1473 1697 1493 e
1726 1471 1781 1492 me—

991 1517 1048 1544 dio.
1789 1512 1791 1515 ’

1026 1562 1059 1590 Ν.
1077 1562 1137 1590 Mea
1150 1565 1225 1589 certe
1237 1561 1297 1589 haec
1313 1565 1356 1589 est
1368 1560 1483 1588 omnino
1497 1557 1635 1589 intentio,
1651 1555 1674 1583 si
1692 1558 1782 1582 tamen

992 1612 1021 1636 et
1034 1611 1063 1634 tu
1080 1606 1188 1642 placido
1197 1605 1290 1633 animo
1301 1605 1371 1633 meis
1385 1602 1653 1639 interrogationibus
1667 1599 1781 1635 dignum

992 1652 1106 1680 duxeris
1121 1651 1303 1687 respondere.

1027 1698 1057 1726 C.
1070 1698 1148 1726 Move
1165 1698 1239 1732 quod
1251 1698 1303 1730 vis,
1324 1701 1354 1724 ut
1363 1697 1420 1732 jam
1435 1695 1579 1724 videamus
1591 1702 1624 1723 ea
1637 1701 1698 1730 quae
1712 1701 1729 1722 a
1741 1700 1782 1722 me

993 1745 1066 1773 scire
1081 1743 1233 1772 desideres.

1027 1790 1061 1818 N.
1085 1790 1154 1818 Volo
1183 1790 1285 1824 igitur,
1310 1793 1340 1817 ut
1363 1788 1432 1816 mihi
1456 1788 1571 1823 planum
1596 1786 1692 1819 facias,
1719 1793 1787 1820 quo-

993 1844 1058 1864 nam
1071 1836 1153 1863 modo
1164 1836 1264 1863 avobis
1275 1835 1356 1862 beata
1366 1835 1448 1870 Virgo
1461 1834 1614 1869 appellatur
1621 1833 1783 1869 'l'heotocos,

994 1882 1048 1910 hoc
1059 1886 1111 1914 cst,
1132 1881 1180 1908 Dei
1195 1880 1332 1913 Genitrix,
1349 1888 1432 1915 quam
1449 1883 1557 1907 constat
1583 1878 1712 1914 genuisse
1724 1878 1785 1905 Em.

994 1929 1162 1956 manuelem.

1028 1973 1060 2002 C.
1081 1973 1142 2009 Ipsa
1171 1981 1287 2009 prorsus
1306 1977 1359 2001 tuas
1385 1971 1614 2008 interrogationis
1639 1971 1785 2007 principia,

995 2020 1066 2048 duos
1078 2024 1103 2046 te
1121 2019 1192 2046 ﬁlios
1204 2018 1319 2046 credere
1336 2018 1523 2046 manifestam.

1029 2066 1062 2094 N.
1075 2066 1149 2098 Noli,
1169 2073 1262 2100 quaeso
1285 2069 1321 2098 te,
1336 2069 1485 2100 antequam
1507 2072 1634 2092 meorum
1651 2063 1785 2091 dictorum

996 2112 1132 2148 rationem
1148 2112 1297 2147 diligenter
1315 2111 1461 2146 discutias,
1474 2110 1656 2140 calumniosis
1672 2117 1718 2137 me
1737 2109 1794 2146 im-I

996 2163 1092 2194 petere
1110 2159 1237 2186 vocibus.

151 2205 244 2232 ritatis
257 2205 416 2237 ostendens,
433 2212 478 2233 me
493 2209 572 2232 tuum
590 2203 768 2231 falsissimum
787 2207 853 2230 nota
864 2208 946 2229 aecu-

1035 2205 1066 2232 C.
1081 2205 1168 2232 Nemo
1182 2209 1258 2232 recte
1287 2203 1340 2232 sibi
1355 2203 1452 2230 inferri
1473 2201 1639 2230 calumniam
1663 2200 1787 2236 queritur

153 2258 183 2278 sa
187 2256 284 2278 torem.

190 2296 223 2323 N.
242 2296 453 2331 Relinquentes,
482 2297 505 2324 si
522 2297 623 2332 placet,
639 2296 701 2328 ista,
717 2303 751 2323 ea
770 2295 946 2330 proferamus

154 2342 331 2369 discutienda
343 2343 371 2369 in
387 2343 520 2376 medium,
537 2351 599 2378 qum
611 2343 805 2377 unusquisque
820 2347 948 2371 nostrum

155 2388 275 2422 simplici
302 2393 405 2421 mente,
428 2388 580 2422 Catholicis
595 2388 703 2424 judicat
717 2389 867 2417 convenire
882 2389 950 2425 dog-

156 2435 289 2467 matibus,
304 2443 338 2462 ne
353 2435 381 2462 in
396 2435 440 2462 his
452 2443 512 2470 qua:
524 2435 558 2462 ad
571 2443 629 2463 rem
647 2443 703 2462 non
718 2435 861 2470 pertinent
878 2439 948 2464 tem-

157 2489 210 2516 pus
221 2481 367 2508 videamur
384 2482 559 2517 expendisse.

192 2527 224 2555 C.
237 2527 379 2563 Optimum
391 2529 503 2564 quidem
516 2529 584 2556 mihi
594 2533 623 2557 et
633 2529 717 2557 nimis
726 2534 847 2565 gratum,
858 2537 950 2558 semo-

158 2572 195 2601 tis
205 2573 340 2601 conviciis
356 2582 465 2609 semper
476 2573 511 2602 de
520 2575 639 2603 veritate
654 2568 841 2610 conquirere.

194 2617 228 2645 N.
239 2618 335 2646 Solent
350 2619 459 2654 injurias
472 2619 526 2647 illis
541 2624 673 2655 praestare
694 2619 870 2654 sulTragium,
888 2619 952 2654 qui-

160 2662 213 2690 bus
229 2663 353 2690 studium
376 2667 418 2691 est
435 2672 492 2692 non
510 2664 544 2692 de
561 2665 691 2698 veritate,
707 2667 756 2693 sed
781 2666 816 2693 de
840 2665 953 2700 propria

160 2709 271 2745 gloriari
284 2710 412 2737 victoria.
429 2710 459 2738 In
475 2711 518 2738 his
530 2716 635 2744 autem,
652 2711 699 2747 qui
723 2716 779 2740 tota
797 2712 953 2739 intentione

161 2756 278 2791 cupiunt
292 2755 326 2783 de
343 2761 484 2792 comperta
506 2758 623 2794 veritate
642 2758 774 2794 gaudere,
785 2758 877 2786 locum
895 2761 954 2786 haec

162 2802 272 2836 penitus
284 2810 340 2830 non
355 2803 469 2831 habent.

196 2847 332 2883 C._Facile
345 2849 416 2877 solet
429 2849 457 2877 in
474 2849 693 2885 disputationum
704 2850 813 2878 semitis
822 2853 857 2879 'sc
871 2851 954 2886 (sicut

200 2905 223 2922 "
235 2905 310 2934 Psal.

999 2257 1082 2286 quem
1099 2257 1151 2276 non
1168 2249 1268 2281 aliena,
1283 2248 1331 2275 scd
1346 2256 1395 2275 sua
1417 2247 1510 2283 potius
1540 2246 1720 2282 redarguunt.
1739 2245 1789 2272 Vo-

999 2302 1062 2322 rum
1076 2294 1099 2322 si
1110 2302 1161 2329 ego
1175 2292 1405 2328 interrogationis
1425 2297 1478 2319 tua:
1490 2292 1658 2320 sententiam
1676 2290 1790 2318 minime

1000 2340 1155 2375 intelligere
1170 2339 1259 2375 potui,
1273 2339 1375 2374 dcputa
1388 2339 1441 2366 hoc
1463 2337 1622 2373 imperitiae,
1640 2336 1791 2364 dummodo

1000 2389 1030 2414 tu
1042 2386 1161 2413 lucidius
1172 2385 1309 2420 explices,
1325 2385 1372 2424 qui
1392 2384 1505 2412 modum
1523 2383 1557 2411 de
1572 2383 1719 2411 Theotocae
1743 2389 1794 2417 ap-

1001 2432 1151 2469 pellatione
1177 2433 1290 2467 planum
1318 2427 1369 2459 tibi
1397 2431 1456 2458 fieri
1481 2430 1608 2465 flagitans
1636 2429 1793 2464 subjecisti,

1001 2486 1084 2514 quam
1099 2481 1207 2505 constat
1223 2478 1353 2513 genuisse
1364 2476 1584 2504 Emmanuelem.
1606 2475 1633 2503 Si
1646 2476 1719 2503 enim
1734 2483 1791 2502 mo-

1002 2524 1068 2551 dum
1087 2523 1280 2559 appellationis
1308 2523 1457 2550 ’Πιθοιοοω
1476 2522 1682 2557 perquirentes,
1711 2521 1793 2548 etiam

1002 2570 1221 2602 Emmanuclem,
1232 2577 1315 2605 quem
1338 2574 1435 2596 natum
1448 2561 1542 2596 dixisti
1557 2576 1591 2596 ex
1600 2567 1724 2602 Virgine,
1745 2567 1792 2594 Dci

1003 2616 1104 2644 Filium
1119 2616 1260 2649 crederes,
1274 2615 1414 2644 sutlicerct
1438 2607 1542 2647 dicere,
1567 2622 1688 2649 quonam
1714 2613 1794 2653 modo

1003 2663 1159 2691 Theotocos
1171 2663 1249 2690 beata
1259 2662 1340 2698 Virgo
1351 2652 1506 2699 appelletur
1515 2670 1530 2688 a
1541 2659 1794 2695 vobis.Adjicicndo

1003 2715 1107 2742 autem,
1130 2718 1212 2744 quam
1236 2713 1344 2737 constat
1357 2709 1489 2743 genuisse
1506 2706 1724 2738 Emmanuelcm,
1748 2705 1799 2733 do-

1004 2757 1097 2789 cuisti,
1117 2757 1189 2784 sicut
1203 2755 1285 2784 datur
1301 2755 1432 2791 intelligi,
1453 2753 1662 2782 Emmanuelem
1690 2760 1746 2780 non
1770 2757 1799 2780 te

1004 2803 1105 2831 Filium
1118 2803 1166 2830 Dei
1178 2802 1304 2830 Credere.

1041 2849 1074 2877 N.
1093 2849 1240 2884 Nunquam
1261 2856 1324 2885 ego,
1352 2852 1384 2876 ut
1406 2853 1435 2876 tu
1452 2847 1565 2882 asseris,
1587 2845 1796 2875 Emmanueleut

359 2908 451 2943 [1.ηὸ-
490 2909 604 2937 "Joan.
632 2917 670 2943 Ill,
684 2909 709 2937 6.
748 2910 847 2938 "Act.
867 2917 892 2943 x,
915 2909 926 2936 Ι
954 2916 1033 2945 seqq.

1780 2950 1794 2958 κ
