1953 3086
126 166 174 200 121

558 169 658 200 DIAL.
692 170 850 202 CONTRA
862 173 1138 204 NESTORIANOS.
1158 184 1192 192 -·
1205 173 1281 205 LIB.
1294 173 1322 204 Ῑ.

1703 173 1765 223 12ηΓ

156 224 189 253 N.
205 224 362 253 Secundum
377 234 459 261 quem
480 227 592 255 modum
613 235 647 256 ex
672 229 765 262 Patre,
795 229 853 257 sive
876 238 909 257 ex
925 234 947 261 Α
996 231 1030 259 N.
1048 231 1103 259 Illae
1115 232 1260 265 nimirum,
1272 240 1334 267 qua:
1347 232 1381 260 ad
1400 231 1502 267 Ioseph
1514 231 1542 259 in
1561 231 1665 259 somnis
1673 232 1753 260 facta

125 272 207 298 Matre
221 279 286 299 eum
302 273 404 300 asseris
419 273 532 301 natum?

156 317 186 345 ε.
195 317 353 346 Secundum
368 318 541 348 divinitatem
556 320 668 356 quidem
680 329 714 349 ex
726 322 906 354 Patre,eum—

125 364 184 392 dem
198 365 351 392 secundum
366 365 566 393 humanitatem
581 374 616 395 ex
629 367 727 395 Matre.

158 410 191 437 N.
207 410 264 438 Cur
281 419 347 446 ergo
361 419 426 439 vere
442 416 471 439 et
494 413 609 448 proprie
623 413 672 441 Dei
686 413 813 441 Genitrix
829 421 843 441 a
858 421 908 441 vo-

124 455 167 483 bis
183 455 269 484 Mater
294 456 404 485 Domini
417 457 594 493 praedicatur,
610 463 640 486 et
655 467 711 487 non
734 459 821 495 magis
834 459 909 486 illius

124 507 238 534 naturae,
254 503 333 538 cujus
350 507 379 531 et
398 503 485 531 Mater
504 508 557 536 est,
574 505 620 533 cui
647 505 697 534 Dei
719 505 803 534 Verbi
817 505 909 533 unitio

124 547 277 576 divinitatis
293 556 350 576 sua:
362 549 482 577 contulit
492 550 658 579 vocabulum
674 555 703 579 et
725 550 909 587 dignitatem?

123 591 272 627 Cujusnam
288 594 380 622 credis
391 599 517 623 naturam
543 596 617 624 hanc
637 604 699 626 esse
714 597 908 630 humanitatis,

124 646 206 673 quam
220 647 285 667 vere
298 645 326 667 et
339 641 452 676 proprie
468 641 509 669 vis
523 650 586 671 esse
600 650 633 670 ex
654 642 787 678 Virgine?

158 685 192 712 N.
205 686 305 713 Procul
322 686 408 714 dubio
421 687 533 715 Domini
548 688 662 717 Christi.

158 729 189 758 C.
205 730 346 759 Christum
360 732 427 767 quid
441 740 502 761 esse
516 733 634 763 definis?

158 775 191 803 N.
207 776 294 804 Deum
307 782 336 805 et
348 777 501 807 hominem.

157 821 189 849 C.
203 822 251 851 Dei
267 831 333 858 ergo
347 828 374 851 et
387 823 510 853 hominis
523 825 595 854 facta
608 830 651 854 est
668 830 768 855 natura
789 827 834 855 illa
856 828 910 855 hu-

123 869 266 897 manitatis
277 877 361 905 quam
373 879 438 900 vere
453 877 482 900 et
492 874 603 908 proprie
620 874 695 910 “dicis
712 882 773 903 esse
798 883 832 902 ex
845 875 909 902 Vir-

122 915 205 950 gine?

155 959 190 986 N.
203 960 272 993 Quis
286 961 340 989 hoc
351 961 481 991 dubitet?

154 1003 186 1032 C.
204 1006 239 1033 Et
256 1008 395 1041 quomodo
409 1016 466 1036 non
478 1013 521 1037 est
532 1009 683 1039 absurdum
697 1012 812 1041 credere
822 1014 911 1041 Deum

122 1054 150 1078 et
163 1051 306 1080 hominem
316 1061 351 1081 ex
367 1054 478 1090 Virgine
501 1060 631 1084 naturam
648 1059 832 1094 assumpsisse
855 1060 910 1088 hu-

124 1103 233 1124 manam
243 1098 255 1125 ?
266 1098 346 1131 Quod
360 1100 384 1127 si
397 1100 471 1128 Deus
484 1106 513 1129 et
523 1102 607 1131 homo
623 1111 658 1131 ex
664 1104 776 1140 Virgine
787 1106 912 1134 creditur

119 1141 198 1177 juxta
216 1151 266 1171 vos
284 1149 412 1173 naturam
435 1149 618 1183 assumpsisse
647 1149 808 1184 humanam,
836 1153 912 1182 unde

120 1193 271 1224 antequam
286 1198 320 1221 ex
333 1191 447 1228 Virgine
461 1194 536 1222 Deus
546 1200 702 1223 assumeret
714 1201 844 1226 naturam
856 1199 910 1227 hu-

119 1242 242 1269 manam,
257 1236 349 1265 factus
367 1238 451 1266 homo
470 1240 629 1269 credendus
645 1247 699 1275 est,
714 1248 746 1271 ut
767 1244 808 1272 sic
836 1245 911 1273 Deus

119 1284 147 1309 et
161 1281 247 1310 homo
261 1283 393 1312 credatur
404 1286 587 1322 assumpsisse
603 1294 638 1315 ex
650 1289 765 1325 Virgine
780 1295 910 1320 naturam

119 1326 280 1357 humanam.

152 1375 188 1404 N.
203 1375 290 1404 Miror
307 1381 335 1404 te
349 1381 404 1405 tam
419 1382 524 1407 temere
533 1379 628 1409 ridere
644 1381 679 1410 de
690 1383 820 1412 veritate.

151 1420 184 1448 C.
202 1421 367 1450 Nullatenus
379 1430 430 1458 ego
438 1424 586 1453 veritatem
599 1425 716 1460 irrideo,
729 1427 778 1456 sed
794 1435 910 1464 respon-

119 1464 207 1494 sionis
231 1469 286 1495 tuae
314 1467 516 1497 absurditatem
532 1471 679 1500 verissima
704 1473 813 1502 ratione
827 1481 908 1502 coar-

119 1519 184 1547 guo.

150 1558 184 1587 N.
197 1557 356 1588 Oﬂ‘enderis
380 1561 422 1595 (ut
449 1561 519 1590 mihi
533 1562 656 1600 videtur)
678 1571 743 1592 cum
765 1565 907 1595 Christum

117 1603 207 1635 Deum
222 1605 303 1632 audis
313 1610 342 1633 et
353 1606 506 1635 hominem.

150 1648 182 1677 C.
201 1649 264 1677 Non
292 1658 336 1678 me
353 1651 470 1679 oll'endit
484 1651 628 1681 Christum
652 1654 740 1683 Deum
768 1656 866 1685 audire
881 1661 910 1686 et

117 1693 272 1728 hominem,
287 1696 336 1723 sed
351 1700 378 1725 te
391 1697 519 1731 oll‘endit,
536 1699 585 1734 qui
601 1698 745 1728 Christum
767 1702 909 1731 hominem

117 1739 222 1769 factum
232 1748 288 1768 non
305 1742 408 1769 credis.
427 1742 497 1770 Nam
509 1751 572 1771 cum
584 1752 636 1781 ego
653 1754 740 1774 unum
764 1748 909 1777 eumdem-

117 1793 170 1821 que
179 1787 319 1821 genitum,
332 1793 362 1815 et
371 1796 405 1816 ex
417 1789 498 1817 Patre
510 1791 665 1819 secundum
685 1792 870 1827 divinitatem,
881 1798 909 1822 et

116 1838 149 1860 ex
161 1831 249 1859 Matre
268 1832 422 1861 secundum
439 1833 652 1869 humanitatem,
671 1837 837 1872 simpliciter
853 1839 909 1866 tuis

116 1876 386 1913 interrogationibus
409 1880 629 1918 respondissem,
644 1884 675 1909 tu
698 1882 785 1910 Deum
808 1891 842 1911 ex
856 1883 908 1911 Pa-

116 1926 170 1954 tre,
199 1922 345 1950 hominem
368 1931 436 1951 vero
460 1931 496 1952 ex
519 1925 605 1953 Matre
629 1926 727 1955 volens
746 1928 907 1963 ostendere,

115 1967 196 2001 quasi
213 1974 249 1995 ex
263 1970 445 2004 consequenti
459 1970 567 1999 ratione
584 1972 741 2006 concludis,
759 1977 788 2001 et
805 1974 907 2003 docere

114 2012 227 2045 niteris,
242 2020 300 2040 non
314 2013 419 2043 debere
443 2023 510 2044 vere
530 2020 559 2044 et
578 2018 691 2053 proprie
715 2018 826 2047 beatam
843 2020 908 2047 Vir-

113 2058 209 2093 ginem
223 2058 273 2086 Dei
303 2060 419 2088 credere
441 2060 625 2096 Genitricem,
643 2063 693 2091 sed
719 2068 827 2093 natura:
855 2066 908 2093 hu-

114 2111 206 2132 mana:
218 2105 301 2141 cujus
317 2110 406 2134 mater
421 2111 475 2135 est.
487 2107 516 2136 Si
540 2108 626 2144 igitur
645 2109 722 2138 Deus
735 2111 853 2140 verbum
871 2120 907 2140 ex

113 2150 251 2178 maternis
264 2150 419 2180 visceribus
435 2160 548 2181 carnem
558 2161 715 2189 assumens,
725 2157 906 2193 semetipsum

114 2193 248 2224 formavit
259 2196 411 2232 hominem,
431 2206 489 2226 non
500 2199 616 2228 alterius
630 2201 690 2228 sine
707 2201 793 2230 dubio
807 2208 906 2231 natura

961 277 1103 313 leguntur.

1289 323 1365 352 CAP.
1381 324 1423 352 Vl.

996 366 1027 395 C.
1043 367 1078 394 Et
1093 367 1161 402 quid
1175 369 1231 396 tale
1248 369 1354 396 dictum
1371 368 1405 396 ad
1426 375 1490 396 eum
1506 367 1629 403 legitur?

997 413 1031 441 N.
1049 413 1130 447 Tolle,
1149 415 1250 450 inquit,
1263 423 1375 450 puerum
1386 419 1411 442 et
1435 418 1550 442 matrem
1563 413 1630 449 ejus,
1652 417 1677 441 et
1692 413 1753 449 fuga

961 459 991 486 in
1008 459 1172 496 ligyptum;
1189 461 1309 496 futurum
1323 464 1360 488 est
1371 461 1451 493 enim,
1467 464 1496 487 ut
1510 460 1626 488 Herodes
1648 463 1752 495 (μιαν-αι

963 505 1073 540 perdere
1087 514 1200 541 puerum
1215 507 1249 534 ".
1259 507 1295 535 Et
1307 515 1421 534 rursus:
1436 506 1561 542 Περιπειί
1572 510 1633 533 sunt
1651 512 1751 537 omnes,

961 551 1007 586 qui
1022 551 1175 586 qucrebant
1202 554 1322 580 animam
1347 553 1421 588 pueri
1434 553 1468 579 ".
1492 551 1688 586 Nunquidnam
1708 549 1752 578 di-

963 602 1038 626 ctum
1056 604 1099 627 est
1114 608 1119 626 ε
1134 599 1265 628 Deluncti
1298 604 1373 632 sunt,
1392 600 1438 635 qui
1454 599 1615 634 quaerebant
1630 598 1753 625 animam

963 643 1034 671 Dei?
1058 648 1128 672 aut!
1147 645 1224 672 Tolle
1253 645 1340 673 Deum
1358 649 1387 673 et
1399 646 1466 680 tuge
1480 645 1508 672 in
1526 643 1693 679 Egyptum?
1708 642 1753 670 vel

964 695 1040 718 certe
1053 691 1178 718 futurum
1196 695 1250 724 est,
1264 697 1295 719 ut
1313 691 1437 719 Herodes
1449 695 1555 727 quaerat
1578 691 1665 718 Deum
1687 697 1752 724 per-

964 733 1049 762 dere?
1060 734 1121 768 Quo
1138 735 1204 771 quid
1219 740 1310 771 potest
1321 744 1383 764 esse
1397 736 1533 772 iniquius,
1549 742 1632 770 quam
1651 738 1681 761 ut
1693 741 1754 761 cre-

964 781 1046 809 datur
1061 783 1136 811 Deus
1148 787 1261 818 propter
1277 783 1421 811 hominem
1433 783 1535 818 fugisse
1550 782 1577 808 in
1590 780 1754 816 Egyptum‘l

964 827 1043 855 Unde
1070 828 1247 855 manifestum
1277 833 1330 862 est,
1359 827 1437 856 vanis
1465 825 1754 862 argumentationibus

964 877 1063 901 contra
1078 873 1238 901 divinorum
1255 874 1430 909 eloquiorum
1446 872 1600 901 sententias
1611 871 1751 902 laborare,

927 910 951 941 Β
964 918 1011 953 qui
1038 927 1167 955 puerum,
1181 920 1209 947 id
1231 925 1283 953 est,
1299 920 1439 947 hominem
1454 919 1556 946 docent
1570 925 1645 948 eum,
1668 923 1752 951 quem

962 968 993 993 tu
1004 966 1093 994 Deum
1110 970 1210 993 natura
1227 966 1338 993 conaris
1354 970 1488 994 astruere.

998 1013 1107 1041 C.Dum
1122 1013 1203 1041 nimis
1213 1013 1338 1041 intentus
1348 1020 1378 1040 es
1389 1013 1416 1039 in
1430 1012 1474 1039 his
1485 1011 1636 1046 Scriptura:
1649 1009 1752 1036 divinm

961 1059 1091 1092 vocibus,
1102 1067 1172 1095 quas
1184 1060 1239 1087 tuis
1254 1064 1336 1094 putas
1349 1062 1508 1093 competere
1522 1057 1660 1093 partibus,
1674 1059 1752 1083 caete-

962 1112 1008 1132 ras
1017 1105 1130 1140 penitus
1145 1104 1276 1139 despicis.
1292 1104 1333 1131 An
1354 1104 1424 1131 forte
1440 1103 1504 1130 vilis
1518 1102 1568 1130 tibi
1584 1105 1614 1129 et
1624 1104 1751 1128 contem-

961 1150 1055 1178 nenda
1064 1150 1176 1178 videtur
1187 1150 1296 1178 Veteris
1311 1149 1480 1177 Testamenti
1493 1148 1655 1179 auctoritas,
1674 1154 1736 1181 quae

961 1203 1091 1231 puerum,
1105 1204 1187 1231 quem
1202 1199 1230 1223 tu
1239 1196 1326 1223 Deum
1342 1195 1473 1230 denegas,
1485 1194 1571 1222 Deum
1588 1191 1752 1224 fortem,do.

962 1242 1130 1269 minatorem
1141 1241 1399 1277 praedicanNonne
1412 1239 1550 1267 clamabat
1568 1239 1614 1266 ille
1630 1237 1750 1273 prophe-

962 1292 1052 1316 tarum
1068 1287 1188 1315 eximius
1201 1287 1297 1319 Isaias,
1308 1286 1404 1314 dicens
1416 1295 1422 1313 :
1438 1285 1510 1312 Puer
1527 1288 1606 1311 natus
1616 1287 1654 1310 est
1664 1282 1749 1314 nobis,

961 1338 987 1361 et
1001 1333 1074 1368 ﬁlius
1090 1333 1169 1360 datus
1182 1337 1220 1360 est
1237 1332 1322 1365 nobis,
1345 1332 1420 1367 cujus
1435 1334 1550 1366 potestas
1577 1330 1605 1356 in
1633 1327 1749 1356 humeris

961 1381 1032 1416 eius.I
1049 1385 1074 1407 et
1084 1380 1220 1408 vocabitur
1235 1380 1326 1415 magni
1341 1377 1445 1406 consilii
1471 1376 1592 1412 angelus,
1607 1374 1752 1402 admirabi-

961 1428 1004 1462 lis,
1017 1427 1196 1461 consiliarius,
1219 1426 1289 1454 Deus
1308 1427 1400 1462 fortis,
1418 1426 1595 1457 Dominator,
1623 1423 1750 1458 Princeps

959 1474 1044 1510 pacis,
1055 1474 1137 1502 Pater
1152 1474 1236 1509 futuri
1264 1472 1355 1500 saeculi
1370 1472 1414 1499 δι’.
1429 1470 1559 1506 Nunquid
1576 1470 1635 1497 haec
1652 1474 1679 1496 te
1700 1476 1751 1495 nc-

959 1520 1031 1548 scire
1047 1519 1180 1548 credibile
1190 1519 1253 1547 est?
1268 1518 1327 1546 Nisi
1342 1518 1416 1546 forte
1429 1517 1597 1546 contrariam
1614 1515 1670 1543 illis
1689 1522 1705 1542 a
1723 1518 1750 1542 te

960 1566 1076 1601 prolatis
1095 1564 1262 1601 evangelicis
1273 1563 1445 1593 testimoniis
1472 1563 1615 1599 propheta:
1636 1565 1750 1589 senten-

960 1610 1026 1638 tiam
1033 1609 1162 1646 .judicas?
1558 1649 1561 1653 γ

995 1656 1029 1683 Ν.
1049 1655 1110 1684 Νοιι
1123 1663 1176 1691 ego
1193 1655 1362 1683 contrariam
1385 1654 1483 1689 judico
1523 1651 1690 1687 evangelicis
1710 1653 1750 1678 te-

960 1703 1101 1732 stimoniis
1120 1703 1263 1738 prophetae.
1291 1702 1470 1734 sententiam,
1489 1700 1538 1728 sed
1553 1699 1603 1727 tibi
1632 1699 1685 1725 hoc
1708 1697 1749 1724 vi-

960 1749 1052 1782 detur,
1069 1749 1244 1785 quinecdum
1256 1756 1353 1776 eorum
1376 1747 1551 1775 intellectum
1575 1744 1685 1779 assequi
1700 1751 1749 1778 po-

959 1797 1048 1825 tuisti.
1060 1795 1179 1824 Attende
1194 1795 1292 1831 igitur,
1304 1795 1327 1823 si
1343 1795 1397 1827 vis,
1415 1793 1584 1830 prophetica
1600 1791 1746 1819 sententiae

959 1851 974 1870 a
987 1847 1012 1870 te
1023 1842 1135 1878 prolatae
1151 1841 1330 1877 purissimum
1347 1840 1532 1871 intellectum,
1541 1842 1570 1866 et
1581 1838 1655 1869 vide,
1664 1844 1748 1871 quam

958 1897 1015 1917 non
1037 1888 1073 1916 sit
1096 1888 1201 1916 nostris
1223 1885 1366 1915 contraria
1391 1883 1610 1916 aSsertionibus;
1626 1882 1748 1916 denique

958 1941 1076 1970 puerum
1100 1936 1246 1966 natum,et
1272 1931 1360 1959 ﬁlium
1387 1931 1482 1959 datum
1503 1929 1639 1965 propheta
1655 1927 1747 1955 vocari

957 1978 1071 2013 quidem
1095 1977 1193 2009 Deum,
1206 1984 1262 2004 non
1279 1980 1373 2004 autem
1389 1983 1452 2004 esse
1468 1978 1605 2002 testatur:
1618 1972 1654 2000 Et
1667 1980 1748 1999 noca-

957 2024 1037 2054 bitur.
1057 2023 1158 2058 inquit,
1185 2023 1276 2059 magni
1296 2021 1399 2049 consilii
1425 2020 1548 2057 angelus,
1571 2017 1747 2050 admirabilis,

957 2070 1136 2102 consiliarius,
1150 2069 1222 2096 Deus
1236 2069 1323 2104 fortis.
1348 2068 1444 2103 Neque
1471 2067 1547 2095 enim
1571 2065 1664 2093 omnia
1686 2071 1748 2099 quae

956 2120 1101 2149 vocantur,
1120 2115 1252 2143 continuo
1264 2115 1347 2142 etiam
1368 2113 1522 2142 vocationis
1548 2119 1606 2140 suae
1619 2110 1747 2138 obtinent

955 2162 1169 2198 proprietatem.
1185 2161 1310 2196 Denique
1333 2160 1407 2188 Deus
1429 2158 1679 2193 vocatusZMoyses,
1699 2156 1747 2184 scd

956 2208 1115 2235 nullatenus
1133 2205 1288 2234 vocationis
1315 2206 1398 2241 hujus
1417 2205 1545 2232 obtinere
1559 2202 1684 2231 creditur
1698 2209 1746 2228 ve-

114 2241 452 2280 humanitatisassumpta
465 2252 500 2273 ex
513 2245 637 2281 Virgine,
656 2247 711 2275 nisi
737 2247 813 2276 illius
834 2249 905 2277 facta
920 2259 945 2289 ι)
958 2253 1079 2280 ritatem.
1093 2251 1145 2279 Hic
1168 2251 1312 2282 docemur,
1334 2258 1392 2277 non
1417 2257 1478 2277 esse
1501 2255 1620 2284 puerum
1648 2250 1746 2274 natura

113 2292 166 2320 est,
182 2289 233 2323 qui
249 2295 279 2316 se
293 2296 327 2317 ex
343 2289 403 2325 ipsa
413 2290 554 2325 [formavit
572 2292 724 2326 hominem,
746 2298 776 2322 et
800 2294 906 2323 idcirco

113 2339 179 2360 vere
200 2337 231 2361 et
248 2334 361 2369 proprie
378 2335 536 2363 secundum
565 2344 679 2365 carnem
711 2344 806 2367 sancta
820 2340 905 2376 Virgo

114 2377 164 2405 Dei
177 2377 309 2406 Genitrix
319 2380 453 2414 creditur,
467 2382 533 2416 quia
544 2390 600 2410 non
613 2383 688 2411 Deus
705 2384 733 2412 in
744 2385 836 2413 carnis
856 2394 905 2414 na-

116 2427 207 2451 turam
217 2431 372 2453 conversus
381 2430 434 2459 est,
458 2432 556 2455 utnon
571 2433 646 2456 esset
658 2430 732 2458 Deus
752 2431 800 2466 qui
823 2435 905 2460 natus

115 2473 167 2500 est,
182 2470 234 2497 sed
254 2477 370 2499 manens
387 2471 470 2504 Deus,
485 2472 567 2500 homo
584 2473 672 2502 factus
682 2479 711 2502 et
724 2480 807 2504 natus
819 2481 871 2504 est.

148 2515 183 2543 N.
199 2515 318 2543 Sursum
334 2524 367 2544 ac
383 2517 515 2546 deorsum
538 2519 609 2546 nihil
632 2520 706 2547 aliud
732 2522 839 2550 moliris
861 2522 903 2559 (ut

115 2560 224 2596 video),
241 2561 295 2590 nisi
318 2566 348 2590 ut
366 2564 451 2591 Deum
471 2570 570 2592 natura
593 2565 695 2594 doceas
720 2575 795 2601 eum,
816 2577 900 2604 quem

115 2603 199 2641 Virgo
225 2607 309 2634 enixa
323 2612 381 2635 cst:
397 2609 445 2636 sed
471 2609 522 2637 tibi
541 2618 593 2645 pro
615 2619 659 2639 me
685 2619 767 2640 voces
788 2603 904 2642 obviant

115 2652 292 2688 evangelicae,
308 2661 371 2688 quae
384 2654 540 2683 nullatenus
549 2657 714 2691 permittunt
731 2658 818 2686 Deum
833 2667 904 2695 prae-

117 2695 209 2725 dicare
224 2705 301 2732 eum,
319 2699 367 2734 qui
379 2707 413 2727 ex
428 2700 542 2736 Virgine
556 2706 640 2730 natus
653 2708 707 2731 est.

148 2740 180 2769 C.
197 2742 232 2770 Et
244 2751 371 2778 quaenam
380 2744 434 2773 illa).
443 2752 526 2773 voces
537 2750 611 2781 sunt,
625 2755 688 2783 qua
697 2756 742 2778 me
753 2749 903 2784 prohibent

119 2785 202 2814 Deum
216 2794 250 2814 ex
265 2786 377 2823 Virgine
391 2793 485 2817 uatum
505 2790 680 2825 praedicare?

152 2870 173 2885 ”
191 2869 287 2898 Matlh.
305 2879 334 2905 ll,
354 2872 395 2903 13.
435 2873 459 2890 ³⁸
472 2873 536 2902 ibid.
551 2874 597 2903 20.
636 2874 670 2892 ⁸⁸⁸
685 2874 736 2905 lsa.
754 2883 791 2910 lx,
807 2877 841 2907 9..

956 2298 1054 2330 Deum,
1073 2297 1121 2325 sed
1134 2300 1249 2332 propter
1267 2296 1354 2323 Deum
1369 2295 1418 2330 qui
1431 2295 1456 2323 ei
1474 2294 1570 2322 unitus
1581 2298 1634 2326 est,
1659 2292 1745 2320 Deum

956 2351 971 2371 a
989 2343 1124 2378 propheta
1137 2342 1242 2370 vocari.

990 2389 1021 2417 C.
1037 2389 1167 2424 Impietas
1183 2387 1330 2416 manifesta
1344 2397 1350 2415 ε
1366 2386 1521 2415 secundum
1535 2385 1610 2413 hunc
1626 2392 1745 2419 namque

954 2434 1139 2469 expositionis
1157 2438 1211 2462 tuae
1236 2441 1362 2466 sensum,
1389 2440 1455 2468 ergo
1472 2437 1501 2460 et
1525 2431 1599 2466 quod
1628 2430 1745 2462 dicitur,

956 2487 1026 2515 puer
1043 2480 1291 2507 natusnullatenus
1308 2479 1529 2507 substantialiter
1546 2477 1745 2513 intelligendus

955 2529 999 2553 est
1017 2529 1115 2552 natus:
1131 2525 1195 2559 quia
1211 2525 1233 2552 si
1256 2525 1330 2552 Deus
1342 2524 1422 2552 fortis
1437 2524 1510 2551 idem
1534 2531 1615 2558 puer,
1638 2522 1712 2557 quod
1729 2529 1744 2549 a

956 2571 1091 2605 propheta
1105 2575 1233 2603 vocatur,
1248 2570 1325 2605 juxta
1338 2574 1364 2597 te
1379 2569 1600 2598 substantialiter
1616 2576 1672 2596 non
1688 2572 1744 2600 est,

956 2615 1021 2650 quia
1034 2618 1063 2642 et
1082 2614 1189 2650 Moyses
1207 2618 1331 2647 vocatur,
1347 2618 1377 2641 ut
1405 2615 1456 2646 ais,
1476 2615 1558 2646 Deus,
1584 2613 1659 2649 quod
1676 2612 1745 2640 sub-

939 2661 1120 2688 'stantialiter
1135 2668 1190 2688 non
1207 2665 1268 2688 est:
1288 2667 1355 2696 ergo
1383 2664 1411 2687 et
1438 2660 1512 2695 quod
1529 2660 1643 2691 dicitur,
1662 2661 1743 2693 ipuer

953 2709 1046 2738 natus,
1072 2713 1127 2732 non
1156 2709 1198 2732 est
1223 2705 1444 2732 substantialiter
1460 2709 1553 2736 natus,
1575 2705 1640 2739 quia
1662 2703 1743 2731 multi

952 2750 1084 2778 dicuntur
1098 2750 1185 2783 nasci,
1201 2749 1249 2785 qui
1268 2754 1359 2778 tamen
1376 2750 1597 2778 substantialitcr
1622 2756 1678 2776 non
1691 2755 1743 2776 nas

953 2800 1079 2828 scuntur,
1093 2795 1166 2824 sicut
1177 2795 1264 2827 habes
1279 2805 1286 2824 :
1304 2795 1423 2832 Populus
1443 2796 1489 2831 qui
1513 2799 1646 2828 nascetur,
1665 2802 1744 2831 quem
