1953 3086
208 163 261 197 123

829 163 991 197 JOANNIS
1008 165 1203 196 MAXENTII

1793 167 1844 200 124

203 221 268 257 fecit
282 219 409 248 Dominus
421 219 454 248 ".
470 220 505 248 Et
518 218 670 256 Apostolus
683 219 716 248 ad
727 228 787 254 eos,
807 222 855 256 qui
868 223 925 258 jam
939 223 1001 252 sub-
1016 225 1038 254 A
1052 222 1139 251 dubio
1150 223 1224 251 Deus
1238 227 1281 250 est
1300 227 1412 255 unctus,
1425 226 1454 250 et
1464 230 1519 250 non
1531 230 1600 258 puer
1613 222 1694 252 Jesus
1702 224 1842 257 Christus.

205 266 375 296 stantialiter
393 266 582 294 exsistebant:
597 266 667 294 Nam
687 267 709 293 si
729 267 817 294 decem
837 268 934 303 millia,
956 269 999 296 in-

207 313 278 348 quit,
305 313 510 348 paedagogorum
540 312 660 339 habeatis
675 312 703 340 in
729 312 846 346 Christo,
872 315 918 342 sed
947 323 1000 342 non

207 357 304 386 multos
315 362 416 394 patres.
429 357 498 385 Nam
511 359 538 385 in
557 358 661 386 Christo
681 358 744 386 Iesu
764 368 811 394 per
822 360 1000 396 Euangelium

166 394 169 405 ¹
207 412 254 439 ego
281 413 326 431 vos
346 404 425 438 genui
448 403 481 431 ".
497 403 648 432 Contendit
672 404 795 440 denique
820 407 880 434 haec
901 394 1000 435 Vvestra

207 449 401 484 interpretatio
426 449 509 476 etiam
540 449 620 482 illud,
637 450 711 485 quod
739 451 831 480 omnis
858 453 998 480 catholica

207 495 331 523 Ecclesia
352 495 511 528 conﬁtetur,
526 495 627 523 Filium
642 494 702 524 Dei'
724 497 811 525 Deum
837 502 935 526 natum
961 499 996 528 de

207 541 291 568 Patre
307 541 538 573 substantialiter,
573 542 674 569 falsum
691 542 804 576 docere,
821 545 857 571 et‘
870 552 934 573 eum
958 546 1000 574 A-

208 586 295 614 rianis
309 592 404 614 natum
421 587 533 622 quidem
552 586 586 614 de
596 588 676 615 Patre
704 588 800 617 dicere
819 589 932 623 Filium,
950 591 999 618 sed

208 640 266 660 non
297 632 519 660 substantialiter
548 632 583 660 de
605 640 639 660 eo
669 638 777 661 natum.
796 634 831 662 Et
848 636 921 664 unde
941 636 999 672 jam

209 677 430 706 substantialiter
447 682 529 705 natus
543 678 675 706 credatur
687 680 761 708 Deus
775 688 855 715 puer,
878 682 926 717 qui
948 690 1001 712 nec

210 725 243 752 de
259 730 345 752 matre
360 731 412 752 nec
432 724 466 752 de
491 729 572 760 patre
596 727 751 754 secundum
764 735 813 755 vos
836 727 1002 764 intelligitur

208 771 430 798 substantialiler
439 771 539 798 natus?

244 817 278 844 N.
293 817 365 849 Noli.
384 825 477 852 qnatso
504 821 541 851 te,
562 817 590 845 in
607 819 791 854 supervacuis
817 825 927 856 tempus
951 830 1000 850 ex-

209 862 342 898 pendere.
367 862 422 891 Nos
453 863 527 891 enim
552 864 640 892 Deum
669 865 780 900 Filium,
808 867 1001 896 abominantes

210 907 382 943 impietatem
419 909 491 942 Arii,
524 910 750 939 substantialiter
764 916 861 940 natum
884 920 918 941 ex
942 914 1000 941 Deo

209 952 291 980 Patre
309 953 452 981 credimus
468 959 497 984 et
519 955 715 990 praedicamus,
730 961 759 984 et
771 965 890 992 puerum
903 963 1001 986 natum

209 1006 244 1026 ex
258 999 368 1035 Virgine
381 1000 604 1029 substantialiter
630 1002 691 1029 sine
716 1003 801 1031 dubio
825 1005 1000 1038 conﬁtemur.

210 1052 292 1079 quem
310 1045 394 1073 etiam
420 1050 535 1081 propter
547 1054 611 1075 eum
627 1048 674 1083 qui
705 1049 731 1076 ei
753 1050 849 1078 unitus
874 1055 929 1084 est,
960 1059 1002 1079 se-

209 1095 327 1126 quentes
342 1092 518 1127 prophetam,
537 1093 656 1121 dicimus
670 1095 768 1123 Deum.

243 1134 274 1163 C.
286 1136 335 1163 Est
349 1144 415 1171 ergo
432 1145 502 1171 puer
517 1145 572 1165 non
582 1143 682 1166 natura
694 1139 780 1172 Deus,
799 1140 847 1168 sed
857 1141 1002 1170 vocatione

209 1180 280 1208 sicut
299 1181 425 1217 Moyses?
843 1180 847 1184 ’

243 1227 276 1255 Ν.
315 1227 343 1255 Si
365 1236 422 1256 non
440 1230 585 1258 vocatione
609 1234 637 1258 et
660 1230 807 1267 dignitate,
828 1233 875 1261 sed
902 1238 1003 1262 natura

207 1273 281 1300 Deus
290 1278 332 1301 est
341 1282 420 1309 puer,
429 1279 477 1302 aut
491 1275 761 1305 consubstantialem
772 1277 855 1314 549
862 1280 919 1308 Deo
927 1279 1002 1308 Patri

208 1319 300 1347 credis
314 1327 439 1353 carnem,
448 1325 495 1348 aut
507 1329 628 1357 puerum
637 1326 734 1351 natum
741 1323 776 1351 de
784 1324 896 1360 Virgine
910 1325 1003 1354 incor-

208 1372 325 1400 poreum
350 1365 504 1395 conﬁteris.

243 1410 275 1438 C.
290 1411 330 1438 Tu
345 1420 463 1446 puerum
481 1412 679 1449 incorporeum
693 1422 750 1443 non
778 1416 894 1444 credere
919 1421 1003 1445 autu-

209 1464 279 1489 mas,
296 1465 348 1485 nos
364 1466 379 1486 e
393 1463 488 1486 contra
505 1459 593 1487 Deum
608 1460 659 1488 tibi
680 1468 794 1489 carnem
810 1462 915 1490 factum
925 1464 1004 1499 juxta

209 1503 354 1538 Evangelii
378 1504 546 1532 sententiam
564 1506 759 1541 praedicamus,
789 1508 870 1543 cuius
891 1516 1003 1536 carnem

209 1556 266 1577 non
281 1550 336 1577 Deo
347 1551 433 1583 Patri,
450 1550 499 1579 sed
523 1551 605 1580 matri
624 1553 893 1582 consubstantialem
910 1554 1003 1582 credi-
1017 1564 1040 1596 α

209 1603 282 1623 mus.
314 1596 492 1623 Divinitatem
518 1604 586 1625 vero
599 1605 656 1625 non
676 1598 770 1631 matri,
787 1599 834 1627 sed
854 1600 911 1627 Deo
927 1600 1002 1628 Patri

211 1642 479 1669 consubstantialem
492 1641 624 1671 fatemur.

247 1687 281 1714 N.
298 1687 411 1714 Varium
440 1688 588 1723 quemdam
612 1694 642 1717 et
670 1690 814 1719 diversum
840 1692 1003 1721 assertionis

212 1737 266 1761 tuae
283 1741 407 1767 sensum,
423 1733 506 1762 modo
526 1735 758 1770 confundentem,
785 1738 869 1765 modo
895 1738 1003 1766 discer-

211 1784 324 1807 nentem
339 1784 463 1813 naturas,
483 1789 598 1816 prorsus
616 1783 772 1819 intelligere
795 1792 851 1812 non
875 1793 999 1820 possum.

213 1826 242 1853 Si
254 1826 338 1861 igitur
354 1826 528 1855 divinitatem
544 1828 632 1862 Patri,
658 1837 772 1858 carnem
799 1838 867 1858 vero
879 1832 1003 1860 consub-

213 1872 370 1900 stantialem
385 1874 521 1908 prtedicas
538 1876 635 1909 matri,
663 1877 804 1913 quomodo
822 1886 915 1905 sanam
931 1879 1003 1907 hanc

213 1923 373 1947 naturarum
389 1919 563 1949 confundens
577 1921 787 1957 discretionem,
808 1932 905 1953 rursus
916 1926 1003 1954 Deum

208 1971 325 1992 carnem
336 1965 440 1993 factum
454 1966 568 1999 asseris,
590 1975 654 1995 eum
673 1968 710 1996 sit
727 1969 802 1997 Deus
816 1978 873 1998 non
888 1978 1001 2006 corpus,

207 2011 262 2038 sed
281 2011 413 2046 Spiritus,
428 2012 546 2040 Domino
562 2013 688 2041 dicente:
702 2014 771 2042 Deus
785 2015 900 2051 Spiritus
921 2021 959 2044 est
968 2017 1004 2044 5'?

245 2055 276 2084 C.
293 2057 392 2084 Veram
405 2062 570 2086 naturarum
588 2061 802 2089 conventionem
817 2062 867 2090 Dei
878 2063 963 2091 Verbi
975 2067 1004 2091 et

213 2101 305 2129 carnis
330 2101 460 2137 fatentes,
489 2111 546 2132 non
571 2105 780 2139 confundimus.
803 2107 852 2135 sed
879 2108 1002 2142 animus,

212 2146 278 2181 quia
302 2155 358 2175 non
381 2147 409 2175 in
435 2156 547 2189 carnem
569 2158 692 2185 versum,
718 2151 768 2180 sed
789 2153 865 2180 carni
882 2153 1002 2186 unitum,

213 2191 315 2219 factum
329 2193 470 2222 hominem
482 2194 676 2230 praedicamus.

1052 268 1151 303 Sicque
1167 269 1224 304 jam
1252 275 1309 296 non
1330 268 1459 296 Christus
1487 268 1576 296 factus
1608 271 1734 298 creditur
1758 273 1842 307 Deus,

1050 314 1098 341 sed
1115 313 1188 341 Deus
1204 314 1281 349 juxta
1297 321 1346 341 vos
1358 313 1448 341 factus
1470 314 1636 350 intelligitur
1657 315 1796 350 Christus,
1815 323 1844 346 et

1050 360 1224 388 mentiuntur
1241 360 1372 395 discipuli
1387 360 1415 387 in
1430 360 1548 388 Actibus
1572 363 1773 396 apostolorum,
1787 372 1844 393 non

1050 404 1149 437 Deum,
1180 405 1227 433 sed
1248 413 1365 440 puerum
1395 406 1490 433 Jesum
1518 411 1632 434 unctum
1665 408 1845 438 testiﬁcantes

1051 455 1135 485 atque
1151 450 1293 478 dicentes:
1307 450 1492 478 Convenerunt
1516 452 1587 479 enim
1614 461 1675 480 uere
1694 454 1722 480 in
1739 455 1846 482 civitate

1051 497 1104 524 ista
1114 497 1255 524 adversum
1269 502 1391 524 sanctum
1420 505 1534 532 puerum
1560 502 1635 526 tuum
1650 499 1754 533 Iesum,
1767 509 1845 536 quem

1050 543 1161 576 unxisti,
1177 542 1295 570 Herodes
1318 547 1343 570 et
1358 542 1466 570 Pontius
1477 543 1582 571 Pilatus
1597 545 1630 572 ".

1086 611 1116 639 C.
1133 611 1194 639 Non
1221 611 1420 639 contundimus
1442 615 1607 640 naturarum
1635 613 1846 648 diversitatem,

1051 659 1123 686 sicut
1139 659 1268 694 superius
1281 659 1331 686 tibi
1349 667 1514 693 responsum
1530 664 1583 688 est.
1612 661 1684 694 Quia
1700 669 1751 689 nec
1770 662 1846 690 divi-

1051 703 1166 731 nitatem
1181 703 1266 731 Verbi
1298 703 1327 730 in
1362 709 1490 731 naturam
1511 704 1653 732 credimus
1683 703 1846 733 conversam

1051 751 1212 782 humanam,
1225 757 1277 777 nec
1290 758 1388 780 rursus
1401 751 1551 778 humanam
1567 751 1595 778 in
1619 751 1772 779 divinitatis
1789 760 1848 779 mu-

1052 800 1136 823 tatam
1153 796 1302 824 essentiam
1329 796 1525 831 praedicamus,
1545 803 1738 826 verumtamen
1763 797 1847 826 Chri-

1052 845 1124 869 stum
1136 844 1244 873 non,ut
1261 845 1288 868 lu
1306 842 1419 874 asseris,
1443 842 1529 869 Deum
1545 842 1661 875 factum,
1685 842 1734 870 sed
1756 842 1846 870 Deum

1016 897 1037 926 Β
1052 886 1155 914 factum
1169 886 1312 914 Christum
1335 887 1420 923 (quod
1436 887 1488 914 tibi
1501 887 1642 922 displicet)
1665 888 1845 916 conﬁtemur.

1053 933 1123 966 Quia
1137 940 1194 960 non
1211 940 1275 960 cum
1296 941 1402 968 pauper
1411 937 1496 965 esset,
1527 933 1606 960 dives
1619 933 1709 961 factus
1726 938 1778 965 est,
1797 934 1847 962 sed

1053 986 1115 1006 cum
1127 978 1204 1006 dives
1221 982 1305 1011 esset,
1325 986 1431 1013 pauper
1444 978 1536 1006 factus
1559 983 1612 1011 est,
1629 984 1661 1007 ut
1679 987 1729 1007 nos
1747 979 1848 1008 divites

1052 1023 1157 1051 faceret
1171 1024 1205 1052 ⁸⁸.
1221 1024 1278 1051 Nec
1290 1024 1364 1051 enim
1377 1031 1440 1051 cum
1457 1028 1531 1052 esset
1543 1025 1571 1052 in
1588 1025 1676 1053 forma
1690 1026 1772 1058 servi,
1790 1026 1849 1053 for-

1052 1076 1124 1096 mam
1141 1068 1189 1096 Dei
1207 1069 1323 1104 accepit,
1338 1068 1387 1096 sed
1403 1077 1466 1096 cum
1484 1074 1556 1097 esset
1571 1069 1599 1096 in
1608 1069 1695 1097 forma
1711 1069 1772 1102 Dei,
1789 1069 1849 1097 for-

1053 1123 1126 1143 mam
1137 1115 1209 1143 servi
1222 1114 1330 1150 accepit
1340 1114 1373 1142 ⁸³.
1381 1114 1518 1142 Similiter
1531 1114 1616 1142 etiam
1627 1123 1680 1142 nec
1697 1123 1761 1142 cum
1774 1119 1850 1143 esset

1052 1169 1129 1195 caro,
1145 1161 1267 1191 Verbum
1279 1161 1449 1194 estfactum,
1469 1161 1518 1189 sed
1542 1168 1606 1189 cum
1625 1165 1700 1189 esset
1712 1161 1847 1195 Verbum,

1053 1216 1119 1237 caro
1212 1208 1316 1236 factum
1333 1212 1377 1236 est
1393 1208 1426 1235 “.
1440 1207 1519 1241 Quod
1530 1212 1622 1235 autem
1638 1207 1713 1235 dicis
1727 1216 1733 1234 :
1750 1208 1779 1236 Si
1796 1216 1849 1235 na-

1053 1257 1116 1281 tura
1131 1257 1175 1282 est
1191 1254 1265 1282 Deus
1281 1261 1362 1289 puer,
1384 1257 1466 1281 natus
1481 1253 1515 1280 de
1534 1252 1661 1289 Virgine,
1682 1253 1784 1282 fallunt
1808 1254 1851 1282 di-

1053 1300 1154 1335 scipuli
1183 1299 1212 1327 in
1238 1300 1356 1327 Actibus
1368 1299 1570 1334 apostolorum,
1593 1307 1650 1327 non
1676 1299 1775 1332 Deum,
1798 1299 1849 1327 sed

1053 1353 1173 1381 puerum
1197 1345 1293 1373 Jesum
1318 1348 1436 1372 unctum
1462 1344 1644 1372 testiﬁcantes
1672 1345 1709 1372 “.
1731 1345 1792 1372 Non
1803 1344 1848 1373 illi

1053 1389 1164 1422 fallunt,
1179 1389 1229 1418 sed
1247 1392 1278 1417 tu
1294 1389 1389 1425 potius
1402 1387 1518 1421 falleris,
1535 1389 1583 1424 qui
1594 1389 1681 1417 Deum
1693 1389 1850 1417 secundum

1054 1443 1167 1464 carnem
1191 1439 1307 1463 unctum
1323 1427 1541 1470 non'intelligis.
1574 1434 1643 1462 Nam
1670 1434 1693 1462 si
1709 1442 1766 1462 non
1780 1441 1849 1463 con-

1054 1482 1151 1515 trario,
1167 1482 1217 1510 sed
1239 1490 1297 1509 uno
1321 1481 1424 1516 spiritu
1449 1480 1604 1516 discipulos
1631 1485 1660 1509 et
1685 1482 1850 1517 prophetam

1054 1527 1275 1559 credislocutos,
1293 1526 1358 1554 audi
1380 1526 1545 1561 prophetam
1564 1525 1650 1554 Deum
1661 1531 1775 1554 unctum
1789 1535 1850 1554 ma-

1055 1571 1156 1600 nifeste
1169 1571 1317 1599 docentem
1332 1574 1415 1606 atque
1429 1569 1584 1597 dicentem:
1598 1569 1677 1597 Sedes
1691 1575 1748 1603 tua,
1767 1569 1848 1603 Deus,

1055 1619 1084 1646 in
1095 1616 1333 1649 swculumsteculi,
1348 1617 1424 1651 virga
1439 1615 1583 1651 aequitatis,
1605 1615 1681 1650 uirga
1700 1615 1775 1651 regni
1799 1616 1848 1642 tui.

1056 1663 1180 1691 Dilezisti
1188 1663 1336 1699 justitiam,
1360 1665 1384 1688 et
1402 1661 1480 1689 odisti
1503 1661 1685 1696 iniquitatem,
1709 1665 1851 1696 propterea

1055 1713 1134 1739 unxit
1147 1715 1171 1738 te
1180 1711 1260 1744 Deus,
1271 1710 1341 1738 Deus
1351 1713 1422 1741 tuus,
1433 1708 1490 1736 oleo
1501 1707 1601 1735 lmtitiw
1611 1715 1667 1743 prce
1678 1707 1850 1743 participibus

1056 1759 1108 1785 tuis
1124 1758 1157 1784 “.
1179 1757 1250 1784 llinc
1280 1755 1425 1784 evidenter
1451 1758 1568 1789 apparet
1598 1761 1654 1781 non
1682 1753 1766 1780 alium
1788 1761 1850 1781 esse

1056 1807 1171 1831 unctum
1188 1809 1307 1838 puerum
1323 1801 1428 1833 Jesum,
1444 1800 1500 1827 nisi
1516 1800 1615 1833 Deum,
1630 1807 1683 1826 nec
1696 1799 1850 1826 essealium

1056 1850 1144 1877 Deum
1156 1853 1283 1881 unctum,
1300 1847 1354 1875 nisi
1385 1854 1505 1882 puerum
1519 1847 1626 1878 Jesum,
1645 1845 1668 1873 si
1685 1850 1778 1873 tamen
1793 1853 1850 1872 non

1056 1895 1137 1927 duos,
1150 1895 1198 1922 sed
1211 1901 1299 1921 unum
1312 1892 1455 1920 Christum
1480 1891 1632 1928 prophetas
1658 1895 1686 1919 et
1709 1891 1851 1926 apostolos

1055 1940 1223 1975 praedicasse
1238 1947 1295 1967 non
1313 1937 1436 1966 dubitas.

1092 2009 1126 2037 N.
1140 2009 1215 2036 Duos
1227 2008 1355 2036 Christos
1365 2006 1551 2042 praedicantes
1568 2005 1681 2032 omnino
1692 2004 1848 2036 abominor.

1057 2055 1122 2090 quia
1144 2061 1201 2082 uno
1218 2053 1321 2088 spiritu
1344 2051 1509 2088 prophetam
1534 2055 1562 2079 et
1582 2051 1722 2086 apostolos
1742 2050 1851 2078 locutos

1057 2109 1118 2129 esse
1131 2108 1187 2128 non
1204 2100 1326 2135 ambigo,
1340 2098 1389 2127 sed
1406 2103 1433 2127 te
1449 2097 1589 2125 contraria
1613 2097 1779 2125 sentientem
1805 2103 1850 2124 re—

1056 2150 1135 2182 puto,
1151 2145 1215 2180 quia
1227 2144 1307 2180 quasi
1322 2151 1356 2171 ex
1370 2143 1516 2178 propheta:
1530 2142 1680 2174 sententia,
1693 2149 1756 2169 eum
1767 2148 1849 2175 quem

1058 2193 1118 2229 ipse
1157 2196 1273 2220 unctum
1300 2191 1445 2226 praedicas,
1473 2191 1563 2218 Deum
1604 2193 1705 2216 natura
1738 2188 1851 2215 conaris

247 2239 279 2267 N.
310 2239 379 2267 Cum
400 2241 473 2269 Deus
488 2242 572 2275 dicat,
599 2243 668 2278 quod
692 2243 725 2270 de
736 2250 817 2270 carne
844 2248 938 2271 natum
953 2229 1002 2277 est,
1018 2241 1192 2273 DaSll'llGTe-
1220 2239 1289 2266 Nam
1314 2246 1377 2266 cum
1406 2237 1542 2273 Propheta
1568 2243 1633 2263 eum
1657 2236 1745 2262 Deum
1765 2235 1851 2263 ³1)θο

208 2293 276 2312 euro
297 2290 346 2319 est,
379 2287 448 2322 quod
478 2292 568 2314 autem
598 2292 691 2315 uatum
716 2293 754 2315 est
778 2289 810 2315 de
830 2289 936 2324 spiritu,
948 2290 1005 2325 spi-

212 2333 281 2359 ritus
307 2337 344 2360 est
361 2333 398 2361 ⁸ο,
427 2333 569 2368 quomodo
586 2341 705 2369 puerum
723 2338 820 2362 natum
849 2343 883 2363 ex
899 2335 1004 2363 femina

211 2387 270 2406 non
288 2379 426 2412 unitione,
442 2379 489 2406 sed
504 2384 604 2407 natura
616 2380 704 2407 Deum
724 2381 850 2409 asseris?

250 2425 279 2453 C.
295 2425 365 2458 Quia
377 2433 432 2453 non
451 2430 494 2453 est
506 2426 577 2453 alter
596 2430 677 2454 natus
699 2426 734 2454 de
753 2434 837 2454 carne
858 2427 1006 2455 carnaliter

209 2480 289 2503 caro,
301 2471 354 2498 nisi
369 2471 414 2499 ille
429 2472 476 2507 qui
486 2471 520 2499 de
539 2471 639 2507 spiritu
654 2472 840 2508 spiritualiter
861 2477 945 2501 natus
963 2478 1006 2502 est

210 2517 339 2552 spiritus.
354 2518 461 2545 Idcirco
482 2518 604 2554 denique
621 2527 656 2547 ex
667 2519 776 2547 duabus
797 2523 825 2547 et
844 2519 874 2547 in
895 2519 1005 2548 duabus

212 2564 323 2591 naturis
353 2564 440 2592 unitis
462 2568 491 2592 et
522 2565 687 2599 inconfusis,
712 2565 799 2593 Deum
827 2565 878 2594 Dei
904 2566 1006 2594 Filium

212 2609 408 2644 praedicamus.

251 2656 284 2683 N.
302 2656 355 2684 Sed
371 2656 471 2684 harum
485 2661 650 2685 naturarum
675 2658 866 2686 diversitatem
887 2658 1007 2686 confun-

213 2702 269 2732 dis,
285 2702 371 2730 Deum
390 2707 490 2731 natura
504 2704 658 2739 praedicans
674 2704 806 2740 eum,qui
819 2704 946 2732 unitione
957 2705 1007 2733 Dei

216 2749 299 2776 Verbi
320 2750 393 2777 Deus
408 2749 522 2778 dicitur.
539 2750 608 2778 Nam
627 2750 650 2778 si
666 2758 722 2778 non
740 2751 876 2784 unitione;
891 2751 940 2778 sed
954 2759 1006 2778 na-

217 2799 279 2821 tura
295 2794 366 2822 Ueus
390 2800 444 2829 est,
469 2796 516 2830 qui
533 2795 567 2823 de
594 2795 707 2831 Virgine
733 2800 815 2825 natus
836 2800 889 2829 est,
908 2797 1004 2831 procul

253 2863 274 2879 ³⁷
292 2863 361 2890 Psal.
385 2871 440 2898 uxr,
469 2863 515 2892 52.
551 2863 597 2890 ⁸⁸1
616 2862 678 2891 Cor.
693 2864 782 2894 ιγ,ίᾶ
807 2864 829 2880 "
839 2864 918 2892 Joan.
934 2872 972 2894 IV,
983 2863 1028 2891 Ἡ.

217 2898 241 2914 ⁵³
256 2898 375 2930 Philipp.
396 2907 424 2932 ιι,
440 2899 466 2926 6.
506 2899 528 2915 ⁸*
547 2898 625 2927 Joan.
646 2907 665 2932 ι,
692 2899 733 2926 Η.
771 2899 793 2916 θ’
808 2898 869 2927 Act.
890 2907 917 2934 Χ,
935 2899 980 2928 58.

1020 2898 1042 2914 ⁸⁸
1059 2898 1132 2927 Psal.
1155 2906 1224 2931 XLIV,
1240 2897 1266 2931 7,
1279 2897 1306 2925 8.

1055 2290 1169 2314 unctum
1187 2285 1330 2321 praedicet,
1359 2292 1442 2320 quem
1468 2288 1496 2311 et
1520 2282 1670 2318 participes
1696 2282 1777 2310 docet
1802 2282 1852 2309 ha-

1054 2333 1133 2366 bere,
1151 2337 1180 2361 tu
1197 2337 1297 2360 natura
1306 2332 1406 2363 Deum,
1418 2330 1465 2366 qui
1481 2330 1589 2357 nullum
1601 2329 1686 2356 habet
1697 2327 1849 2356 secundum

1056 2384 1184 2407 naturam
1204 2387 1282 2406 suam
1295 2377 1472 2413 participem,
1487 2381 1602 2404 unctum
1617 2375 1720 2403 docere
1735 2374 1849 2402 conclu-

1056 2427 1111 2460 dis,
1126 2435 1189 2455 cum
1201 2427 1275 2454 Deus
1290 2433 1348 2453 non
1363 2424 1449 2452 habet
1461 2423 1576 2452 omnino
1591 2421 1754 2458 participes,
1777 2421 1850 2448 sicut

1057 2481 1112 2501 non
1126 2473 1211 2500 habet
1225 2472 1336 2504 fratres,
1349 2470 1399 2498 sed
1421 2470 1470 2497 ille
1486 2469 1602 2497 docetur
1617 2468 1720 2495 habere
1735 2465 1850 2501 partici-

1057 2527 1116 2556 pes,
1134 2519 1168 2547 de
1184 2526 1240 2554 quo
1256 2518 1294 2546 ait
1308 2517 1479 2553 Apostolus:
1504 2516 1574 2564 Quia
1593 2522 1654 2564 ergo
1678 2513 1754 2549 pueri
1777 2520 1860 2564 εοξηη-ἦ

1057 2566 1260 2593 municaverunt
1271 2564 1350 2591 carni
1361 2568 1387 2591 et
1398 2562 1534 2598 sanguini,
1554 2565 1578 2589 et
1593 2562 1650 2596 ipse
1667 2559 1861 2605 communica-1‘

1056 2614 1092 2641 vit
1110 2613 1203 2640 iisdem
1215 2611 1248 2638 ".
1269 2611 1304 2638 Et
1333 2610 1381 2645 qui
1406 2608 1495 2637 dixit:
1509 2607 1632 2635 Narrabo
1660 2614 1756 2633 nomen
1775 2613 1860 2653 suum.

1057 2658 1186 2694 fratribus
1212 2657 1288 2689 meis,
1303 2657 1331 2683 in
1349 2655 1435 2683 medio
1466 2653 1593 2682 Ecclesia:
1620 2652 1737 2680 laudabo
1765 2657 1791 2679 te
1815 2651 1849 2680 ".

1061 2703 1140 2731 Unde
1158 2701 1303 2730 evidenter
1315 2704 1440 2736 apparet,
1453 2707 1509 2727 non
1531 2703 1642 2731 natura,
1659 2697 1709 2726 sed
1724 2697 1850 2725 unitione

1058 2749 1145 2777 Deum
1173 2755 1234 2777 esse
1245 2755 1321 2780 eum,
1345 2754 1427 2782 quem
1443 2753 1500 2781 prae
1526 2744 1711 2780 participibus
1736 2746 1850 2771 unctum

1060 2795 1194 2831 propheta
1210 2798 1339 2822 testatur.

1068 2863 1091 2879 ⁸ο
1108 2863 1186 2890 Joan.
1204 2870 1243 2893 nt.
1255 2862 1281 2889 6.
1318 2861 1521 2890 “Act.1v.27.
1569 2859 1591 2875 “
1612 2859 1634 2886 ll
1656 2858 1721 2886 Cor.
1752 2850 1861 2893 νιιιηὲ-Ἰ

1345 2897 1366 2913 ⁸⁷
1384 2896 1467 2923 llebr.
1485 2903 1514 2927 η,
1528 2894 1570 2927 Η,
1608 2893 1630 2909 ⁸⁸
1642 2893 1716 2922 Psai.
1734 2900 1788 2925 ni,
1804 2891 1848 2918 25.
