1953 3086
135 175 186 209 125
220 171 222 173 ’

601 177 700 208 DIAL.
717 177 868 208 CONTRA
885 175 1160 208 NESTORIANOS.
1175 189 1209 195 —
1227 177 1304 208 LIB.

1716 174 1766 206 126

154 235 199 279 ’C.
215 234 361 269 Quomodo
374 244 434 270 eos,
459 236 507 272 qui
526 236 596 264 duos
610 236 737 264 Christos
756 235 921 271 praedicant,
936 237 960 266 Δ
973 235 1074 270 Ioseph
1087 235 1228 263 credimus
1239 235 1364 263 omnium
1379 222 1574 265 Salvatorem;
1589 234 1637 261 sed
1660 234 1765 261 incom-

133 282 286 310 ahominari
303 287 330 310 te
345 283 457 314 asseris,
477 291 541 311 eum
555 287 583 310 tu
600 282 671 310 duos
686 282 758 310 ﬁlios
777 281 923 310 manifeste

133 327 284 364 praedicare
297 328 493 356 convinceris?

167 374 201 402 N.
214 375 249 402 Et
267 375 314 401 ubi
331 375 433 402 audisti
447 383 491 403 me
510 375 580 402 duos
595 374 666 402 ﬁlios
682 373 854 410 prmdicarei

168 419 198 448 C.
216 420 245 447 ln
258 428 291 448 eo
308 428 372 448 cum
385 420 467 453 dicis,
482 428 536 447 non
551 427 614 447 eum
633 423 749 447 unctum
761 419 809 454 qui
823 423 924 446 natura

134 470 176 494 est
189 466 272 498 Deus,
287 466 334 493 sed
348 474 410 493 eum
429 466 476 501 qui
499 474 514 493 a
533 465 670 501 propheta
686 465 802 493 docetur
820 464 924 493 habere

133 511 284 546 participes
306 511 353 546 qui
369 512 502 539 unctione
516 511 565 538 Dei
587 510 691 538 dicitur
705 510 788 538 Deus.

168 555 201 583 N.
219 555 279 583 Non
293 555 374 587 duos,
395 560 425 583 ut
439 560 467 583 tu
483 560 620 587 autumas,
631 555 680 582 sed
701 563 786 582 unum
803 554 925 589 praedico

137 600 236 633 ﬁlium,
254 600 320 636 quia
337 606 366 628 et
382 601 443 636 ejus
454 601 611 636 quinatura
620 601 691 628 Deus
707 605 760 631 est.
773 605 800 628 ct
808 601 869 636 ejus
877 600 925 635 qui

134 647 267 674 unctione
293 647 341 675 Dei
358 647 430 674 Deus
445 651 499 680 est,
526 655 609 674 unam
630 646 679 674 ﬁlii
696 646 926 682 appellationem,

134 700 273 728 unamque
297 692 430 728 proﬁteor
444 693 618 728 dignitatem.
639 692 718 726 Quod
735 698 826 719 autem
839 692 863 719 is
877 691 927 727 qui

134 743 236 766 unctus
249 743 302 770 est,
321 747 374 766 non
391 743 500 771 natura,
514 739 563 766 sed
582 739 708 766 unitione
722 738 770 766 Dei
785 739 859 766 Deus
871 742 925 771 est,

133 785 201 812 audi
220 785 332 812 beatum
346 786 456 813 Petrum
472 785 628 821 apostolum
642 785 782 812 dicentem
805 784 839 811 ad
857 783 927 811 Cor-

133 831 255 859 nelium:
272 831 393 864 Verbum,
406 831 508 867 inquit,
528 832 598 859 misit
616 831 680 866 ﬁliis
704 830 800 863 Israel,
817 838 927 857 annun-

134 877 206 904 tians
218 885 310 912 pacem
331 886 376 913 per
400 877 492 905 Iesum
510 877 657 909 Christum,
679 877 719 904 hic
745 880 783 904 est
808 877 926 904 omnium

133 921 274 950 Dominus.
307 923 356 951 Vos
380 924 451 951 scitis
464 924 535 959 quod
562 924 662 958 factum
684 928 722 950 est
747 923 859 950 Verbum
880 931 927 959 per

133 969 286 996 universam
300 970 434 1004 Judwam,
449 970 577 1006 incipiens
590 979 606 997 a
622 969 736 997 Galilwa
753 973 812 1005 post
838 969 927 1004 bapti-

133 1023 222 1042 smum
231 1016 302 1051 quod
310 1017 464 1051 prwdicavit
479 1016 607 1048 Joannes,
633 1016 724 1044 losum
743 1025 760 1043 a
781 1015 926 1048 Nazarelh,

99 1098 102 1102 '
134 1060 266 1094 quomodo
286 1061 362 1087 unxit
383 1068 442 1087 eum
466 1060 537 1088 Deus
559 1059 661 1096 Spiritu
677 1064 769 1087 sancto
781 1064 806 1086 et
821 1060 926 1092 virtute,

134 1107 181 1141 qui
194 1107 349 1141 pertransiit
373 1107 558 1142 benefaciendo
583 1111 608 1133 et
629 1106 751 1133 sanando
771 1114 860 1133 omnes
883 1113 928 1141 op-

135 1161 239 1188 pressos
252 1161 268 1179 a
286 1152 400 1186 diabolo,
426 1153 553 1188 quoniam
567 1152 638 1180 Deus
654 1157 712 1179 erat
739 1159 799 1178 cum
819 1151 867 1178 illo
894 1151 927 1177 ".

135 1196 203 1224 Sine
215 1196 301 1224 dubio
320 1205 375 1224 non
383 1205 447 1224 cum
464 1197 532 1230 Deo,
543 1197 591 1224 sed
606 1204 669 1225 cum
681 1197 745 1225 Jesu
764 1205 779 1224 a
790 1196 928 1224 Nazareth

134 1247 223 1270 uncto
239 1247 268 1270 et
289 1242 397 1278 Spiritu
417 1248 525 1283 sancto,
542 1248 571 1271 et
594 1243 698 1271 virtute
717 1243 790 1271 Deus
802 1250 863 1270 esse
880 1250 928 1270 co—

134 1290 290 1325 gnoscitur.
303 1290 371 1318 Nam
382 1290 524 1326 quomodo
538 1298 594 1318 non
613 1294 656 1318 est
678 1290 793 1324 impium
813 1293 929 1317 unctum

135 1333 252 1361 credere
268 1339 368 1362 natura
401 1335 501 1368 Deum,
515 1335 561 1362 cui
587 1335 648 1363 sine
663 1334 751 1362 dubio
766 1334 842 1362 nulla
858 1333 930 1361 valet

134 1384 239 1407 natura
254 1380 406 1407 resistere?
420 1380 470 1408 sed
483 1381 530 1409 ille
541 1381 666 1417 ungitur,
683 1380 731 1416 qui
748 1384 809 1408 erat
820 1379 929 1415 prazlia-

136 1427 220 1451 turus
231 1428 327 1452 contra
343 1424 497 1453 diabolum.

173 1468 205 1498 C.
231 1470 349 1498 Versuta
375 1471 488 1506 quidem
512 1471 610 1499 fraude
640 1472 856 1507 argumentaris,
880 1471 930 1500 sed

135 1516 298 1545 nullatenus
311 1525 326 1545 a
343 1518 462 1558 duorum
481 1518 602 1547 ﬁliorum
628 1519 825 1554 praedicatione
837 1519 930 1547 disce-

941 908 964 937 Β

975 281 1139 316 parabiliter
1173 282 1414 309 excellentiorem.
1438 279 1509 313 Quia
1531 279 1660 314 quamvis
1679 279 1766 307 fuerit

975 327 1049 355 Deus
1063 335 1126 355 cum
1140 327 1208 360 illis,
1230 335 1286 355 non
1314 331 1404 354 tamen
1419 326 1480 354 sine
1502 325 1555 353 viri
1579 325 1698 357 semine,
1716 324 1765 353 sed

975 374 1033 401 nati
1047 379 1112 401 sunt
1140 373 1200 409 lege
1227 377 1344 400 natura.
1366 372 1495 400 Christus
1522 376 1615 398 autem
1631 370 1767 398 Dominus

976 426 1050 446 novo
1074 419 1231 446 nativitatis
1250 418 1333 446 modo
1349 426 1384 445 ex
1398 417 1505 452 Spiritu
1522 420 1618 444 sancto
1637 419 1666 443 et
1681 415 1767 442 Maria

975 464 1089 500 Virgine
1117 469 1200 491 natus
1213 468 1266 496 est,
1288 469 1372 498 atque
1395 463 1425 490 in
1448 462 1508 497 ipsa
1529 468 1645 497 prorsus
1662 460 1767 488 forma-

977 511 1051 539 tione
1066 510 1196 538 Christus
1212 515 1254 538 est
1274 510 1375 538 factus.

1010 556 1042 584 C.
1059 556 1087 583 Si
1105 564 1161 584 non
1177 561 1222 584 est
1232 555 1362 584 Christus
1378 554 1494 590 aequalis
1505 561 1596 588 neque
1607 553 1766 589 prophetis,

977 607 1024 630 aut
1051 603 1164 638 Joseph,
1187 607 1236 631 aut
1256 602 1374 631 cuilibet
1399 604 1583 632 sanctorum,
1607 599 1662 627 erit
1692 602 1768 627 certe

974 650 1053 685 juxta
1071 657 1122 677 nos
1144 649 1260 684 aequalis
1274 648 1376 676 Joanni
1403 647 1535 683 Baptista:
1559 645 1603 673 vel
1629 645 1766 677 Jeremim,

977 695 1026 730 qui
1051 695 1081 722 in
1109 695 1168 730 ipsa
1195 695 1363 722 formatione
1392 692 1557 721 sanctiﬁcati
1588 697 1664 724 sunt,
1695 691 1770 719 sicut

977 743 1046 770 dicit
1056 743 1130 770 Deus
1145 742 1178 770 ad
1196 741 1344 770 Jeremiam
1368 749 1376 767 :
1391 740 1554 775 Priusquam
1583 742 1607 766 te
1624 739 1770 774 formarem

977 790 1006 817 in
1034 794 1109 816 utero
1131 789 1191 816 ηουὶ
1213 793 1258 821 te,
1279 792 1304 815 et
1322 787 1480 822 priusquam
1512 785 1596 812 exire:
1629 784 1662 811 de
1688 783 1767 812 vulva

977 835 1141 870 sanctiﬁcavi
1161 839 1186 861 te
1202 835 1246 861 "‘.

1012 881 1046 909 N.
1063 881 1125 909 Non
1133 885 1175 908 est
1186 879 1315 908 Christus
1326 879 1441 914 :equalis
1454 878 1482 905 in
1497 877 1580 904 vulVa
1609 873 1777 904 sanctiﬁca-'

978 927 1025 961 tis,
1047 929 1113 963 quia
1128 927 1174 955 isti
1186 927 1300 962 quidem
1328 926 1355 954 in
1373 925 1457 953 vulva
1477 923 1704 954 sanctiﬁcantu’r,
1723 921 1771 950 ille

977 982 1046 1002 vero
1061 973 1089 1001 in
1107 972 1328 1001 conformatione
1345 971 1375 998 ﬁt
1393 970 1532 999 Christus.
1552 970 1587 997 Et
1598 968 1643 996 isti
1657 967 1771 1004 quidem

979 1020 1176 1056 particularem
1204 1018 1347 1053 accipiunt
1364 1016 1493 1052 gratiam,
1514 1015 1561 1043 ille
1579 1022 1645 1042 vero
1670 1014 1771 1049 plenus

979 1070 1022 1094 est
1038 1066 1138 1101 gratia.
1153 1068 1250 1100 utpote
1264 1063 1432 1099 Unigenitus
1442 1063 1502 1090 Dei.

1013 1112 1045 1140 C.
1056 1111 1198 1139 Christum
1212 1110 1308 1145 inipsa
1316 1109 1537 1137 conformatione
1551 1107 1665 1139 factum,
1675 1113 1772 1141 quem-

979 1165 1043 1186 nam
1070 1157 1182 1184 modum
1204 1156 1290 1188 dicas,
1306 1163 1361 1183 non
1389 1154 1527 1189 intelligo,
1557 1153 1620 1180 ideo
1646 1152 1709 1187 quis
1735 1151 1772 1179 sit

979 1204 1108 1232 Christus
1133 1203 1180 1238 qui
1211 1202 1239 1229 in
1266 1201 1325 1236 ipsa
1359 1200 1582 1228 conformatione
1609 1199 1701 1226 lactus
1728 1201 1773 1225 est

980 1249 1120 1281 Christus,
1134 1247 1283 1276 evidenter
1297 1246 1424 1274 ostende.

1017 1295 1098 1331 550
1113 1295 1146 1322 N.
1176 1293 1306 1322 Christus
1332 1297 1376 1321 est
1402 1291 1564 1326 unigenitus
1575 1290 1671 1326 procul
1686 1289 1773 1318 dubio

981 1341 1081 1370 Patris.

1016 1387 1047 1415 C.
1063 1386 1142 1420 Quod
1171 1385 1308 1413 hactenus
1328 1385 1554 1419 impugnavcras,
1571 1381 1696 1409 nunc‘ab
1714 1381 1774 1416 ipsa

981 1433 1099 1460 veritate
1119 1436 1246 1462 coactus,
1261 1430 1328 1457 licet
1356 1429 1467 1460 nolens,
1483 1428 1632 1455 confessus
1645 1434 1685 1455 es.
1704 1427 1775 1454 Nam

982 1478 1031 1513 qui
1064 1477 1151 1504 Deum
1171 1475 1275 1502 factum
1293 1474 1436 1502 Christum
1466 1473 1602 1500 hactenus
1625 1472 1719 1500 dicere
1732 1479 1776 1499 re-

983 1523 1101 1554 uuebas,
1121 1529 1197 1549 nunc
1211 1521 1278 1548 licet
1293 1519 1447 1547 secundum
1471 1526 1585 1547 carnem
1603 1526 1688 1554 neges
1704 1525 1720 1545 a
1732 1525 1776 1546 se-

135 1562 193 1590 dis.
218 1562 286 1590 Nam
309 1563 331 1591 si
351 1564 431 1592 Jesus
446 1572 462 1591 a
488 1564 638 1598 Nazareth,
656 1573 739 1601 quem
757 1567 836 1593 unxit
856 1566 930 1593 Deus
943 1573 965 1604 α
981 1570 1099 1604 metipso
1116 1568 1278 1600 formatum,
1299 1571 1392 1594 tamen
1422 1565 1529 1600 iu‘ipsa
1548 1564 1775 1592 confornatione

135 1608 243 1644 Spiritu
262 1615 359 1638 sancto
375 1616 403 1639 et
416 1612 532 1645 virtute,
546 1620 602 1640 non
613 1616 657 1640 est
671 1613 755 1644 Deus,
770 1617 801 1639 ut
816 1612 928 1645 asseris,

135 1663 221 1690 quem
237 1656 324 1684 Deum
350 1658 485 1692 prtedicat
506 1658 641 1693 propheta
668 1659 827 1686 venientem
851 1666 866 1685 a
885 1658 931 1685 Li-

135 1702 222 1734 bano,
236 1703 348 1732 dicens:
365 1704 436 1732 Deus
450 1714 466 1732 a
480 1705 581 1732 Libano
600 1706 697 1738 ueniet,
723 1709 747 1732 et
766 1710 876 1732 sanctus
899 1705 931 1732 de

139 1753 231 1776 monte
245 1751 367 1777 umbroso
385 1756 410 1778 et
432 1751 562 1778 condenso
572 1749 618 1776 "‘?
629 1751 767 1779 Nazareth
791 1751 868 1778 enim
895 1750 930 1778 ad

139 1795 224 1823 istius
234 1797 336 1824 montis
352 1797 473 1825 radicem
488 1797 514 1824 in
524 1797 650 1832 partibus
659 1797 777 1824 Galilaeae
792 1797 931 1832 hodieque

138 1846 324 1874 monstratur,
338 1843 386 1870 ubi
398 1843 471 1871 Deus
496 1842 578 1870 Iesus
594 1842 734 1874 Christus,
756 1851 839 1877 quem
866 1851 932 1878 pro-

137 1889 224 1924 pheta
251 1889 360 1916 venisse
380 1897 395 1916 a
420 1887 527 1916 Libano
542 1889 679 1924 praedixit,
697 1889 850 1916 secundum
874 1897 932 1916 car-

138 1941 204 1960 nem
220 1933 322 1960 nutriri
336 1934 466 1969 dignatus
481 1938 533 1961 est.
554 1934 634 1966 Quod
651 1938 744 1961 autem
762 1934 861 1962 niteris
882 1939 932 1970 a‘p-

138 1978 272 2013 probare,
285 1985 340 2006 non
361 1987 423 2006 esse
438 1984 537 2006 natura
551 1980 639 2007 Deum
664 1980 761 2007 Jesum
778 1979 932 2012 Christum,

138 2024 190 2052 sed
205 2026 307 2052 unione
337 2025 385 2053 Dei
402 2030 430 2053 et
454 2026 600 2061 dignitate,
615 2034 648 2054 ex
671 2034 705 2054 eo
727 2026 802 2062 quod
827 2026 933 2054 dictum

137 2075 203 2099 est:
222 2071 294 2098 Deus
313 2076 371 2098 erat
389 2080 449 2099 cum
464 2072 512 2099 illo
527 2073 569 2106 1°;
590 2072 677 2100 miror
695 2077 723 2101 te
735 2072 868 2100 eumdem
877 2073 933 2100 Do-

139 2117 249 2144 minum
268 2125 323 2144 non
342 2117 440 2146 audire
460 2119 616 2147 dicentem:
629 2117 874 2149 Etnonsumtolus,
888 2119 934 2146 sed

139 2163 226 2190 Pater
257 2171 357 2190 mecum
373 2168 411 2190 est
431 2164 465 2191 τι.
479 2165 528 2192 Est
543 2172 611 2200 ergo
637 2171 738 2192 natura
763 2165 837 2192 Deus
851 2165 934 2193 Iesus

140 2209 271 2238 Christus
283 2219 298 2238 ιι
313 2210 462 2244 Nazaretb,
480 2211 552 2238 sicut
569 2219 584 2238 a
609 2212 747 2246 propheta
770 2211 932 2244 didicimus,

141 2260 171 2284 et
182 2261 224 2284 est
238 2257 313 2284 Deus
328 2265 392 2285 cum
413 2258 461 2285 illo
473 2258 535 2285 sine
551 2257 638 2285 dubio
655 2257 747 2285 Pater.
762 2257 870 2285 Idcirco
885 2258 919 2286 de

141 2303 226 2338 nique
236 2303 361 2331 omnium
376 2304 512 2332 Dominus
539 2304 627 2339 ipsius
640 2304 765 2339 Apostoli
777 2312 844 2332 voce
856 2312 936 2332 mon-

141 2353 258 2376 stratur.
278 2349 409 2386 Alioquin
426 2351 449 2378 si
464 2350 500 2378 ob
518 2349 557 2383 id,
574 2350 649 2386 quod
663 2350 767 2378 dictum
783 2355 838 2378 est:
866 2349 935 2378 Erat

948 2244 971 2271 D

145 2394 213 2423 Deus
226 2402 285 2421 cum
297 2384 358 2428 illo,
369 2403 423 2422 non
435 2395 517 2423 Pater
529 2384 593 2423 cum
605 2395 686 2429 Filio,
703 2395 753 2423 sed
767 2396 841 2424 Deus
848 2395 936 2424 Filius
954 2384 959 2389 λ

143 2450 206 2470 cum
235 2442 303 2470 Jesu
330 2443 441 2472 Christo
474 2452 536 2472 esse
567 2444 767 2480 intelligendus
793 2449 846 2477 est,
873 2449 936 2472 erat

143 2488 241 2523 procul
253 2489 339 2517 dubio
352 2490 483 2518 omnibus
499 2490 643 2526 prophetis
657 2490 781 2525 aequalis,
801 2490 845 2518 vel
858 2494 934 2518 certe

143 2534 245 2570 Joseph
260 2534 317 2563 ﬁlio
333 2535 503 2572 Jacob,quia
514 2540 542 2564 et
554 2536 589 2564 de
599 2544 633 2564 eo
646 2537 782 2572 scriptum
797 2541 873 2564 erat:
896 2536 932 2563 Et

144 2585 203 2608 erat
217 2581 288 2610 Deus
315 2591 374 2609 cum
386 2582 432 2610 illo
445 2583 479 2610 ".
495 2583 549 2618 Ipsi
572 2591 684 2618 quoque
709 2583 795 2612 Jacob
820 2582 934 2618 proﬁci—

145 2629 232 2656 scenti
250 2630 278 2658 in
301 2630 422 2665 Charan,
442 2631 511 2659 dicit
536 2632 626 2660 Deus:
646 2632 699 2659 Ero
726 2636 810 2659 tecum
824 2633 893 2659 sicut
910 2635 935 2658 et

146 2684 204 2715 cum
214 2682 291 2712 patre
304 2682 349 2704 tuo
367 2678 399 2705 ⁷³.
413 2678 449 2706 Et
471 2679 534 2707 ideo
550 2679 635 2706 nimis
649 2683 692 2707 est
706 2678 821 2714 impium
837 2678 934 2706 Salva-

147 2727 235 2750 torem
248 2724 373 2752 omnium
391 2733 503 2760 aequare
516 2726 642 2753 salvatis.

181 2768 372 2805 N.Equalem
389 2778 480 2806 neque
496 2771 653 2807 prophetis,
672 2779 764 2807 neque
789 2771 875 2800 Jacob
886 2775 934 2798 aut

186 2852 208 2869 "
222 2853 282 2880 Act.
298 2860 326 2885 ι,
341 2851 435 2880 56-58.

150 2895 232 2923 Iuv,
249 2887 290 2915 12.

487 2850 520 2867 ⁸³⁸
539 2849 641 2879 Habac.
657 2857 698 2884 ut,
711 2849 737 2878 5.

330 2887 362 2904 ⁷⁸⁸
376 2886 475 2915 Jorem.
495 2894 513 2920 I,
526 2886 552 2913 5.

789 2849 812 2865 '°
833 2849 893 2877 Act.
910 2857 936 2882 x,
949 2849 994 2877 58.

980 1618 1068 1645 Deum
1080 1616 1182 1644 factum
1199 1614 1346 1642 Christum
1364 1612 1510 1641 confessus
1524 1619 1564 1640 es.

1016 1663 1049 1691 N.
1065 1662 1232 1690 Nullatenus
1259 1668 1303 1688 me
1318 1664 1401 1695 putes
1424 1659 1479 1686 tuis
1495 1657 1697 1685 calliditatibus
1721 1656 1778 1684 cir-

982 1711 1174 1739 cumventum,
1187 1713 1238 1741 ego
1252 1705 1326 1732 enim
1341 1705 1369 1732 in
1385 1704 1445 1739 ipsa
1469 1701 1694 1731 conformatione
1711 1701 1776 1730 ideo

982 1753 1040 1781 dixi
1057 1752 1233 1787 unigenitum
1262 1749 1405 1778 Christum
1421 1749 1538 1782 factum,
1550 1747 1616 1782 quia
1631 1747 1683 1782 ipsi
1709 1754 1778 1774 con-

983 1797 1144 1826 formationi
1159 1796 1252 1825 carnis
1275 1795 1363 1823 Deum
1395 1794 1520 1822 Verbum
1540 1793 1624 1821 credo
1655 1793 1776 1828 conjun-

983 1849 1068 1872 ctum.
1542 1844 1551 1853 ‘

1018 1890 1050 1917 C.
1063 1889 1116 1922 Qui
1135 1888 1187 1924 ipsi
1204 1886 1420 1916 conformatioui
1434 1885 1527 1913 carnis
1540 1885 1628 1912 Deum
1652 1884 1776 1912 Verbum

984 1936 1062 1964 carni
1072 1934 1140 1963 dicit
1152 1935 1326 1970 adjunctum,
1338 1941 1395 1960 non
1413 1932 1441 1959 in
1455 1931 1567 1966 propria
1582 1931 1776 1964 subsistentia,

984 1982 1045 2010 sine
1066 1989 1187 2017 persona
1204 1981 1290 2008 Deum
1311 1979 1434 2008 Verbum
1452 1979 1602 2005 humanam
1618 1978 1700 2004 docet
1713 1985 1777 2004 sus-

987 2029 1099 2064 cepisse
1126 2031 1270 2059 naturam,
1295 2027 1344 2054 sed
1373 2025 1564 2053 subsistentia:
1588 2024 1691 2057 carnis,
1715 2031 1778 2059 quae

985 2076 1052 2104 dum
1080 2075 1109 2102 in
1125 2073 1318 2102 membrorum
1347 2070 1563 2100 extendebatur.
1577 2069 1776 2102 lineamentis,

985 2120 1198 2149 Subsislentiam
1234 2119 1282 2146 Dei
1315 2117 1398 2146 Verbi
1429 2115 1604 2144 demonstrat
1629 2122 1776 2142 annexam.

984 2167 1064 2196 Unde
1086 2175 1143 2194 non
1156 2167 1212 2202 jam
1228 2172 1324 2196 unam,
1347 2163 1395 2191 sed
1418 2163 1489 2189 duas
1503 2160 1702 2189 subsistentias
1718 2160 1778 2187 sive

985 2220 1120 2249 personas
1144 2211 1193 2239 Dei
1221 2209 1305 2238 Verbi
1333 2208 1483 2239 incarnati,
1507 2210 1536 2234 et
1561 2205 1685 2233 hominis
1710 2204 1779 2232 facti

986 2259 1101 2286 credere
1118 2258 1281 2285 denotatur.
1296 2255 1378 2283 Fides
1392 2259 1486 2282 autem
1497 2251 1635 2280 catholica
1651 2259 1705 2278 non
1719 2251 1783 2286 ipsa

985 2304 1218 2335 conformatione,
1245 2307 1276 2330 ut
1302 2306 1329 2329 tu
1352 2299 1465 2331 asseris,
1495 2298 1545 2326 sed
1569 2297 1660 2333 ipsum
1692 2297 1781 2324 Deum

984 2351 1107 2379 Verbum
1133 2348 1287 2377 secundum
1315 2353 1438 2376 carnem.
1467 2352 1481 2372 a
1498 2343 1650 2378 semetipso
1672 2341 1779 2369 forma-

987 2403 1056 2430 tum,
1073 2397 1234 2430 tactumque
1261 2393 1412 2424 hominem,
1430 2391 1506 2419 salva
1536 2388 1691 2418 divinitatis
1718 2389 1783 2425 ejus

988 2443 1146 2472 substantia
1161 2440 1321 2469 conﬁtetur.

1024 2490 1057 2518 N.
1073 2488 1145 2523 Quid
1156 2488 1242 2522 igitur
1255 2485 1361 2521 negasti
1375 2484 1530 2512 subsistere
1545 2483 1631 2510 Deum
1645 2482 1779 2510 Verbum?

988 2536 1042 2564 hoc
1056 2535 1131 2563 enim
1143 2534 1217 2570 cogit
1243 2533 1362 2568 intelligi
1377 2531 1445 2559 illud
1463 2530 1539 2566 quod
1561 2529 1642 2561 dicis,
1660 2529 1750 2564 ipsum
1764 2537 1782 2557 ει

987 2583 1138 2618 semetipso
1169 2582 1330 2613 formatum,
1352 2579 1552 2613 hominemque
1581 2577 1698 2608 factum,
1714 2576 1782 2604 licet

988 2630 1087 2658 callide
1106 2630 1134 2656 in
1151 2627 1391 2662 consequentibus
1409 2626 1463 2653 hoc
1487 2625 1560 2652 idem
1582 2623 1698 2655 factum,
1719 2623 1783 2650 sine

988 2685 1045 2705 suae
1054 2674 1210 2704 divinitatis
1224 2673 1411 2702 diminutione
1426 2671 1587 2699 conﬁrmes.

1023 2722 1054 2750 C.
1069 2721 1151 2749 Nullo
1163 2727 1279 2756 prorsus
1291 2719 1375 2748 modo
1398 2718 1486 2747 Deum
1499 2716 1622 2745 Verbum
1648 2723 1699 2752 ego
1716 2715 1781 2743 sub-

989 2769 1090 2797 sistere
1104 2767 1222 2804 dencgo.

1043 2848 1065 2865 “
1082 2846 1162 2876 Joan.
1179 2855 1236 2881 xw,
1254 2847 1298 2875 52.
1349 2847 1372 2864 ⁷⁸
1387 2846 1454 2875 Gen.
1471 2853 1566 2880 xxxix.
1582 2847 1618 2875 2'5
1667 2846 1690 2863 "
1706 2846 1762 2876 Gen

1797 2774 1801 2801 ἓ
