1953 3086
753 99 783 123 ἰ

179 151 226 185 127

817 147 978 183 JOANNfS
995 152 1185 183 MAXENTII

1755 151 1808 183 128

210 211 243 239 Ν.
266 209 338 245 Quid
365 208 399 238 de
415 217 499 238 carne
515 209 573 239 sive
594 209 629 239 de
656 215 712 238 tota
730 210 817 238 semis
834 211 965 239 humani-
979 213 1003 243 Α
1018 211 1074 240 Deo
1092 212 1183 241 Verbo
1192 217 1348 248 susceptam
1367 211 1471 239 auditis
1492 215 1618 238 naturam
1643 212 1807 245 humanam,

173 260 230 284 tate
237 256 250 283 ‘.'
424 277 428 281 .

209 302 240 329 C.
253 302 288 330 Et
300 302 388 336 ipsam
401 301 461 329 sine
473 301 559 329 dubio
571 308 682 330 manere
697 302 840 337 proﬁteor.

209 346 244 375 N.
259 346 328 375 Cum
340 354 405 382 ergo
423 346 578 375 subsistere
598 347 686 374 Deum
699 347 821 375 Verbum
832 352 861 374 et
874 347 965 374 homi-

177 400 239 420 nem
261 392 343 426 dicis,
363 399 414 420 cur
432 399 526 426 unam,
551 395 580 420 et
599 399 655 420 non
676 392 745 420 duas
771 392 966 420 subsistentias

177 438 336 474 proﬁteris?

210 484 242 513 C.
269 484 339 518 Quia
365 491 422 512 non
450 483 557 511 homini
571 484 628 519 jam
651 484 678 512 in
697 484 812 519 propria
839 484 966 511 manenti

175 529 355 559 subsistentia
382 529 470 557 Deum
494 530 614 558 Verbum
650 529 734 557 credo
759 529 868 557 unitum
884 550 892 563 ,
918 536 966 557 aut

177 578 274 605 saltem
286 576 364 605 carni
376 576 503 604 formata:
514 581 543 605 et
557 577 696 610 animata,
708 584 759 612 per
773 585 856 612 quam
873 577 968 612 cujus-

177 624 246 652 libet
263 623 387 651 hominis
421 623 586 657 intelligitur
607 631 668 651 esse
682 631 812 658 persona,
835 623 884 651 sed
899 623 966 651 sub-

175 669 334 697 sistentiam
347 668 406 696 sive
419 676 568 704 personam
585 669 634 696 Dei
645 669 743 701 Verbi,
760 673 889 696 naturam
905 677 968 696 sus-

175 715 285 751 cepisse
303 715 465 747 humanam,
477 723 539 750 qua:
558 722 702 750 nunquam
718 716 796 743 velut
811 715 968 743 communis

176 762 385 798 praeterDeum
409 761 533 789 Verbum
562 761 700 794 subsistit,
726 761 775 789 sed
800 769 850 796 per
875 762 966 796 ipsum

178 812 248 840 orta,
260 811 287 835 et
302 807 337 835 ab
350 815 383 835 eo
396 811 536 842 suscepta,
552 807 641 842 ipsius
654 807 730 835 facta
750 807 871 843 propria:
884 811 968 834 natu-

179 861 215 880 rae
228 857 281 886 est,
294 858 443 888 manetque
460 861 516 881 non
533 853 561 881 in
575 861 635 887 sua,
653 853 700 881 sed
716 853 743 881 in
760 861 793 882 eo
805 862 821 881 a
836 861 892 889 quo
904 861 968 881 sus-

179 896 335 934 cepta'est,
362 898 415 926 hoc
441 903 498 931 est,
520 898 569 926 Dei
597 898 681 926 Verbi
701 899 884 926 subsistentia
908 899 968 926 sive

179 952 297 980 persona
315 953 322 972 :
339 949 367 973 et
380 944 443 972 ideo
454 953 511 972 non
541 949 608 972 sunt
631 944 693 972 duae
705 945 902 977 subsistentia,
919 945 969 973 sed

179 991 296 1018 duarum
314 995 492 1024 naturarum,
506 991 590 1019 Verbi
604 990 735 1019 videlicet
744 995 773 1019 et
796 991 900 1024 carnis,
914 999 969 1018 una

180 1037 359 1065 subsistentia
374 1037 433 1065 sive
446 1044 567 1073 persona
583 1042 636 1066 est.

213 1082 247 1110 Ν.
264 1082 337 1118 Ergo
346 1083 468 1111 humana
487 1087 587 1110 natura
601 1082 735 1111 divinitas
750 1083 823 1111 facta
836 1084 899 1112 est?

213 1128 244 1156 C.
271 1127 329 1157 Hoc
354 1129 453 1157 saltem
478 1129 650 1166 cogitatione
673 1129 811 1166 recipere,
838 1133 970 1158 extremae

179 1174 314 1210 probatur
329 1175 469 1203 amentiae.

213 1220 247 1248 N.
260 1220 406 1254 Quomodo
429 1228 481 1257 ego
499 1221 641 1257 propriam
660 1220 709 1249 Dei
733 1221 816 1249 Verbi
840 1225 968 1249 naturam

180 1266 328 1294 humanam
345 1267 417 1295 dicis
433 1266 582 1295 eil'ectam?

214 1312 245 1340 C.
260 1304 329 1346 Quia
351 1322 408 1341 non
421 1318 464 1342 est
477 1314 596 1350 alicujus
615 1314 733 1342 alterius
751 1313 804 1341 nisi
822 1313 871 1341 Dei
887 1312 970 1341 Verbi

181 1358 302 1387 hominis
317 1359 394 1388 facti.

216 1404 375 1432 N.Factum
401 1405 637 1440 quemadmodum
665 1405 767 1433 asseris
780 1405 869 1432 Deum
881 1404 972 1432 homi-

181 1458 257 1484 nem,
270 1454 301 1478 ut
315 1458 377 1478 eum
392 1456 524 1486 tanquam
545 1458 713 1480 conversum
745 1451 773 1478 in
804 1451 971 1479 hominem?

181 1505 215 1524 an
239 1500 352 1532 propter
378 1501 542 1532 susceptum
564 1497 600 1525 ab
626 1505 660 1525 eo
692 1497 835 1525 hominem
867 1496 972 1524 iactum

181 1542 267 1569 Deum
280 1542 421 1570 hominem
435 1543 590 1578 praedicas?

215 1588 246 1616 α.
265 1588 322 1624 Ego
344 1597 359 1616 a
381 1589 439 1617 Deo
455 1593 615 1625 susceptum
643 1589 784 1617 hominem
811 1589 972 1616 nullatenus

180 1635 275 1663 dicere
297 1636 400 1668 audeo,
418 1636 468 1663 sed
484 1636 572 1663 Deum
589 1636 650 1664 sine
668 1636 854 1663 diminutione
868 1634 973 1662 divini-

182 1683 248 1710 tatis
264 1690 320 1710 suaa
334 1682 437 1709 factum
457 1682 600 1710 hominem
610 1682 709 1710 fateor.
725 1683 765 1710 Nc
777 1682 800 1709 si
811 1686 972 1716 susceptum

181 1739 196 1758 a
214 1731 272 1758 Deo
287 1730 431 1758 hominem
445 1729 554 1763 dixero,
576 1729 646 1757 duas
667 1729 761 1757 videar
783 1729 811 1755 in
838 1728 908 1755 Filio
924 1727 973 1755 Dei

180 1776 335 1812 prmdicare
349 1783 494 1810 personas,
510 1775 575 1810 quia
601 1779 630 1802 et
648 1778 794 1809 susceptor
813 1777 973 1801 sanctorum

181 1827 265 1858 atque
277 1822 401 1849 ﬁdelium
420 1822 495 1849 Deus
511 1821 625 1853 dicitur,
644 1821 799 1849 secundum
818 1820 886 1847 illud
899 1819 974 1855 quod

179 1867 211 1895 in
222 1867 308 1895 Exodi
323 1867 432 1894 cantico
456 1867 492 1894 ad
515 1874 579 1895 eum
596 1866 718 1894 dicitur:
740 1865 855 1901 AdeMor
875 1869 900 1891 et
913 1873 974 1892 sus-

183 1918 272 1950 ceptor
301 1914 386 1949 factus
405 1918 443 1941 est
467 1914 531 1941 milii
554 1913 583 1940 in
602 1913 718 1941 salutem
731 1913 764 1940 ".
790 1911 887 1939 Melius
907 1918 975 1946 ergo

183 1965 227 1987 est
249 1965 411 1995 susceptam
437 1968 452 1988 a
478 1961 546 1988 Deo‘
563 1964 693 1988 naturam
717 1959 867 1987 humanam
891 1965 975 1993 quam

181 2009 345 2040 susceptum
361 2005 503 2033 hominem
519 2005 626 2034 dicere.

217 2051 251 2079 N.
267 2051 410 2087 Stupenda
422 2051 550 2089 quaedam
564 2053 691 2081 meisate
701 2051 817 2079 auribus
843 2051 976 2087 ingerun-

182 2102 242 2131 tur,
258 2098 336 2134 quasi
351 2098 492 2127 diversum
507 2103 536 2127 ct
546 2106 601 2126 non
621 2098 741 2133 idipsum
763 2098 809 2131 sit,
822 2098 915 2126 dicere
926 2098 977 2125 ho-

182 2144 302 2176 minem,
316 2144 373 2172 sive
394 2148 524 2171 naturam
539 2144 701 2175 humanam,
720 2149 784 2170 cum
811 2143 895 2170 homo
919 2150 977 2170 non

181 2190 223 2217 :sit
235 2189 310 2217 aliud
327 2189 380 2216 nisi
395 2189 517 2216 humana
532 2193 642 2217 natura.

1015 263 1163 291 personam
1188 256 1224 284 ab
1243 264 1287 289 eo,
1318 257 1371 284 hoc
1382 260 1434 289 est,
1458 256 1611 289 hominem,
1635 261 1807 292 susceptam.

1015 310 1071 330 non
1087 303 1216 331 eumdem
1230 303 1332 331 factum
1344 303 1488 330 hominem
1502 303 1627 330 creditis.
1641 301 1711 330 Hinc
1720 304 1809 330 etiam

1015 356 1069 377 nec
1078 356 1155 381 vere,
1170 357 1223 377 nec
1244 343 1358 385 proprie
1386 349 1494 377 beatam
1510 349 1664 383 Virginem,
1686 348 1736 376 Dei
1760 356 1810 376 ac-

1016 394 1162 430 quiescitis
1182 395 1297 422 credere
1320 394 1501 426 Genitricem,
1531 394 1597 430 quia
1623 402 1679 422 non
1713 394 1804 422 Deum

1017 440 1139 469 Verbum
1152 440 1419 468 incommutabiliter
1432 447 1466 467 ex
1493 440 1553 476 ejus
1579 440 1736 468 visceribus
1752 440 1807 467 ho-

1017 488 1121 515 minem
1144 486 1258 520 i'actum,
1277 486 1326 514 sed
1349 486 1490 514 hominem
1513 486 1569 514 Deo
1587 486 1696 514 unitum
1712 494 1747 514 ex
1770 494 1806 515 ea

1016 532 1131 560 creditis
1141 537 1249 560 natum.

1052 580 1086 607 N.
1098 578 1168 612 Quia
1193 587 1245 607 nos
1263 579 1403 607 invalidos
1419 580 1513 616 arguis
1529 580 1564 608 ad
1587 580 1810 609 discernendum

1016 624 1083 660 quid
1109 625 1183 653 inter
1201 629 1331 653 naturam
1358 626 1404 658 sit,
1433 630 1462 654 et
1487 633 1635 661 personam
1650 647 1657 660 ,
1677 626 1747 654 doce
1774 631 1807 653 tu

1016 676 1143 700 naturam
1158 679 1220 700 esse
1243 672 1304 700 sine
1332 680 1464 707 persona:
1483 677 1531 700 aut
1548 681 1610 708 qua:
1634 674 1743 708 possint
1757 680 1810 700 na-

1018 718 1088 746 turis
1103 718 1216 753 proprie
1230 719 1291 746 sine
1307 726 1425 754 persona
1443 719 1580 747 voeabula
1590 720 1728 755 coaptari.

1051 764 1082 792 C.
1094 764 1264 793 Naturarum
1276 769 1304 793 et
1322 773 1448 800 persona:
1459 770 1525 794 sunt
1541 766 1655 801 propria
1683 771 1712 794 et
1732 773 1813 794 com-

1019 811 1114 839 munia
1128 811 1253 844 nomina,
1269 816 1299 839 et
1311 811 1424 847 propria
1440 811 1553 847 quidem
1574 812 1679 840 nullam
1702 811 1813 840 faciunt

985 880 1005 909 Β
1019 856 1214 892 quaestionem,
1239 857 1397 884 communia
1414 865 1482 884 vero
1500 865 1562 892 qua
1581 865 1596 885 a
1613 856 1690 884 falsis
1712 857 1811 884 docto-

1020 904 1099 932 ribus
1121 903 1222 931 callide
1244 907 1464 939 praasumuntur,
1484 903 1605 939 aliquam
1633 902 1813 939 simpliciori-

1019 949 1073 976 bus
1083 948 1214 977 nebulam
1230 949 1382 978 dubietatis
1398 949 1560 978 oll'undunt.

1053 994 1087 1022 N.
1103 994 1169 1028 Quae
1181 999 1246 1021 sunt
1258 995 1382 1029 nomina,
1408 1003 1469 1031 quae
1485 999 1532 1023 aut
1545 995 1664 1024 ail‘erant
1679 999 1727 1023 aut
1753 1004 1812 1024 non

1019 1040 1138 1068 afferant
1153 1040 1357 1075 quaestionem?

1054 1088 1085 1117 C.
1102 1089 1196 1117 Deitas
1209 1093 1285 1117 certe
1299 1093 1326 1116 et
1339 1088 1509 1121 humanitas,
1526 1095 1592 1116 caro
1613 1092 1643 1116 et
1665 1087 1810 1121 divinitas,

1019 1135 1134 1171 propria
1148 1139 1214 1164 sunt
1225 1135 1338 1163 nomina
1348 1139 1514 1162 naturarum
1527 1143 1535 1162 :
1547 1134 1669 1163 Verbum
1677 1141 1744 1161 vero
1753 1133 1814 1162 sivo

1019 1182 1100 1210 Jesus
1115 1181 1254 1214 Christus,
1271 1186 1300 1209 et
1313 1181 1336 1209 si
1362 1189 1423 1217 qua:
1444 1181 1508 1208 talia
1532 1180 1720 1216 reperiuntur,
1747 1187 1814 1215 pro-

1020 1228 1081 1263 pria
1095 1233 1160 1256 sunt
1169 1229 1282 1256 nomina
1292 1236 1431 1264 personae,
1446 1228 1520 1257 sicut
1540 1227 1643 1256 Paulus
1660 1232 1689 1254 et
1711 1227 1813 1254 Petrus

1021 1275 1151 1310 apostoli.
1164 1275 1213 1302 Dei
1229 1282 1297 1303 vero
1312 1279 1338 1303 et
1351 1275 1477 1303 hominis
1505 1279 1592 1303 totam
1604 1273 1752 1302 Trinitatis
1767 1273 1812 1301 di-

1021 1321 1165 1349 vinitatem
1182 1321 1320 1357 signiﬁcat
1338 1329 1439 1349 nomen
1452 1321 1513 1354 Dei,
1528 1321 1566 1348 ita
1585 1324 1614 1349 et
1629 1327 1814 1355 unamquam-

1021 1373 1075 1400 que
1092 1373 1238 1400 personam
1249 1372 1282 1392 ex
1292 1365 1440 1393 Trinitate.
1463 1366 1536 1393 Deus
1547 1365 1624 1392 enim
1637 1365 1813 1398 Pater,Deus

1021 1411 1119 1444 Filius,
1145 1415 1173 1439 et
1186 1411 1261 1438 Deus
1289 1410 1412 1446 Spiritus
1444 1415 1568 1443 sanctus,
1594 1415 1623 1438 et
1648 1414 1704 1438 tota
1729 1411 1811 1438 simul

1022 1456 1146 1484 Trinitas
1155 1457 1319 1484 unusDeus.
1339 1456 1447 1485 Rursus
1459 1457 1553 1489 homo,
1570 1457 1811 1492 sicutpersonam.

1023 1503 1061 1530 ita
1075 1502 1212 1538 signiﬁcat
1227 1506 1255 1530 et
1266 1507 1406 1530 naturam.
1419 1503 1498 1531 Unde
1512 1507 1540 1530 et
1552 1503 1680 1530 nonnulli
1712 1502 1813 1529 Patres

985 1556 1007 1586 ο
1024 1548 1124 1580 sancti,
1136 1555 1191 1576 non
1219 1548 1333 1583 quidem
1350 1548 1383 1575 ad
1397 1556 1563 1583 personam,
1586 1548 1661 1576 sicut
1684 1555 1744 1580 vos,
1763 1547 1812 1575 sed

1023 1593 1057 1621 ad
1071 1597 1199 1620 naturam
1215 1593 1310 1628 potius
1323 1593 1516 1628 respicientes,
1544 1593 1687 1621 hominem
1702 1600 1812 1620 assum-

1024 1643 1101 1674 ptum
1110 1646 1126 1666 a
1142 1639 1199 1666 Deo
1209 1639 1302 1667 dicere
1312 1639 1539 1674 comprobantur.

1058 1685 1092 1712 N.
1104 1685 1250 1712 Assentior
1269 1685 1352 1719 plane
1364 1685 1408 1712 his
1418 1693 1479 1720 quae
1494 1694 1509 1713 a
1526 1690 1552 1713 te
1563 1685 1670 1720 prolata
1701 1689 1776 1717 sunt,
1790 1685 1813 1712 si

1025 1734 1117 1758 tamen
1130 1731 1237 1765 poteris
1249 1730 1345 1758 dicere
1362 1735 1491 1758 naturam
1509 1738 1570 1758 esse
1584 1730 1612 1758 in
1631 1737 1760 1765 persona.

1059 1776 1090 1804 C.
1108 1776 1213 1804 Natura
1243 1776 1376 1808 humana,
1396 1777 1524 1811 quamvis
1546 1780 1605 1803 tota
1632 1776 1660 1803 in
1682 1782 1815 1811 personas

1025 1822 1148 1858 singulas
1167 1822 1322 1854 derivetur,
1344 1829 1400 1848 non
1414 1825 1506 1848 tamen
1520 1821 1652 1856 quaelibet
1675 1828 1730 1848 una
1753 1827 1815 1855 per-

1025 1875 1092 1895 sona
1105 1873 1153 1894 aut
1164 1874 1237 1894 unus
1250 1867 1345 1899 homo,
1360 1866 1387 1893 id
1401 1870 1455 1898 est,
1482 1865 1656 1898 individuus,
1680 1870 1737 1893 tota
1750 1873 1815 1900 pro-

1026 1914 1108 1941 batur
1122 1913 1298 1946 humanitas;
1322 1912 1447 1948 alioquin
1472 1920 1650 1947 nequaquam
1677 1912 1815 1940 innumeri

1026 1960 1155 1987 homines
1165 1959 1224 1987 sive
1243 1966 1372 1994 personae
1382 1958 1521 1994 generalis
1533 1958 1616 1993 hujus
1635 1957 1815 1985 humanitatis

1027 2006 1203 2034 exsisterent.
1228 2005 1404 2033 Discernitur
1431 2012 1498 2040 ergo
1519 2012 1534 2031 a
1560 2009 1661 2031 natura
1683 2010 1814 2040 persona,

1028 2053 1094 2088 quia
1111 2059 1238 2088 personae
1260 2059 1345 2079 unam
1372 2059 1430 2078 rem
1454 2050 1627 2078 individuam
1652 2054 1760 2077 naturae
1779 2049 1816 2077 si-

1028 2098 1168 2134 gniﬁcant.
1198 2096 1303 2125 Natura
1327 2104 1394 2124 vero
1425 2103 1602 2125 communem
1637 2094 1815 2130 cognoscitur

1029 2144 1170 2172 declarare
1191 2143 1348 2175 materiam,
1363 2150 1398 2170 ex
1412 2151 1466 2179 qua
1482 2143 1609 2178 piurimze
1623 2146 1736 2177 possent
1753 2149 1816 2177 per-

1029 2197 1103 2218 sona:
1118 2188 1459 2224 subsistere.Quaproptcr
1471 2187 1561 2215 omnis
1571 2187 1683 2223 quidem
1693 2194 1814 2222 persona

221 2235 252 2264 C.
280 2235 418 2263 Nimirum
440 2235 499 2263 hmo
519 2236 626 2264 erroris
650 2236 750 2268 vestri,
777 2241 805 2263 et
827 2242 883 2262 non
912 2233 976 2266 alia,
990 2236 1016 2267 D
1030 2236 1112 2264 simul
1125 2240 1254 2266 naturam
1267 2236 1404 2269 continet,
1420 2244 1475 2263 non
1490 2240 1584 2263 autem
1606 2236 1697 2263 omnis
1718 2240 1816 2263 natura

183 2286 334 2310 causaest.
347 2282 415 2309 Nam
444 2281 510 2309 dum
533 2290 589 2309 non
611 2282 711 2310 valetis
728 2282 887 2309 discernere
910 2279 979 2315 quid

187 2329 262 2356 inter
274 2336 421 2364 personam
445 2328 482 2356 sit
507 2332 535 2356 et
560 2332 710 2361 naturam,
730 2328 850 2363 idipsum
873 2326 978 2354 intelli-

187 2381 284 2413 gentes
297 2382 425 2404 naturam
440 2385 513 2409 esse,
531 2377 607 2413 quod
628 2381 657 2404 et
672 2384 829 2412 personam,
845 2375 900 2402 imo
914 2374 979 2401 nul-

187 2424 295 2452 latenus
308 2424 455 2452 credentes
469 2428 598 2452 naturam
611 2432 672 2452 esse
681 2431 762 2459 posse
776 2423 835 2450 sine
846 2428 978 2457 persona,

183 2472 324 2500 vocabula
344 2479 471 2506 persona
491 2476 711 2506 naturarumque
735 2469 918 2501 confunditis,
949 2472 978 2495 et

183 2518 257 2546 duas
268 2517 383 2544 omnino
408 2525 555 2553 personas,
585 2517 660 2545 sicut
674 2517 744 2543 duas
767 2519 882 2542 naturas
895 2513 979 2540 unius

185 2564 252 2593 ‘Filii
277 2564 338 2598 Dei,
355 2564 415 2592 sine
430 2564 517 2592 dubio
535 2563 705 2598 prasdicatis.
721 2562 790 2590 Nam
817 2568 880 2588 cum
891 2561 979 2587 Deum

184 2611 311 2639 ‘Verbum
328 2614 423 2638 natum
445 2617 480 2636 ex
501 2608 616 2644 Virgine
635 2608 788 2636 secundum
815 2613 924 2634 carnem
939 2605 981 2632 di-

182 2657 290 2688 .cimus,
306 2654 461 2683 divinitatis
473 2653 534 2688 ejus
549 2658 678 2680 naturam
690 2652 835 2680 aestimatis
856 2659 906 2679 nos
930 2659 982 2678 na-

186 2710 244 2734 .tam
273 2712 307 2731 ex
332 2702 446 2737 Virgine
465 2700 629 2735 praedicare.
651 2701 754 2729 Verum
772 2701 795 2728 si
824 2699 888 2732 hoc,
906 2699 981 2734 quod

187 2749 276 2782 absit,
296 2747 458 2775 crederetur
470 2752 484 2771 a
500 2745 591 2778 nobis,
613 2754 668 2774 non
679 2753 742 2773 eum
753 2744 906 2773 secundum
919 2752 982 2772 car-

187 2802 255 2828 pcm
267 2798 363 2821 uatum
378 2799 410 2818 ex
426 2789 540 2824 Virgine
566 2791 727 2822 faterentur.
753 2792 872 2826 Rursus,
886 2799 949 2820 cum
966 2799 980 2819 a

226 2871 251 2891 ﬂ
269 2867 353 2901 Exod.
377 2875 420 2899 xv,
439 2868 468 2897 2.

1029 2289 1177 2318 personam
1189 2289 1268 2317 aeque
1291 2281 1507 2316 complectitur:
1528 2280 1653 2316 alioquin
1672 2280 1744 2308 sicut
1763 2284 1817 2308 tres

1029 2335 1175 2364 personas.
1191 2327 1230 2357 ita
1242 2332 1270 2355 et
1284 2332 1341 2354 tres
1356 2330 1472 2354 naturas
1495 2331 1597 2354 sanctae
1625 2330 1655 2353 et
1670 2325 1817 2354 ineﬁ‘abilis

1029 2374 1105 2402 illius
1119 2373 1265 2402 Trinitatis
1280 2373 1419 2402 Catholici
1441 2373 1606 2401 faterentur.

1065 2420 1099 2448 N.
1113 2420 1330 2448 lnsubstantiam
1347 2419 1496 2455 quamdam
1509 2423 1538 2447 et
1555 2419 1667 2446 inanem
1693 2421 1818 2445 naturam

1031 2465 1099 2494 mihi
1122 2466 1230 2494 videris
1246 2474 1382 2498 asserere,
1397 2474 1479 2501 quam
1506 2465 1611 2493 nullam
1624 2464 1695 2492 dicis
1718 2464 1818 2492 habere

1031 2520 1189 2548 personam.

1069 2559 1100 2587 C.
1126 2558 1313 2587 lnsubstantia
1339 2566 1405 2594 ergo
1437 2558 1487 2585 tibi
1516 2557 1626 2585 videtur
1656 2564 1770 2584 summm
1793 2561 1820 2585 et

1033 2605 1326 2640 incomprehensibilis
1340 2604 1485 2631 Trinitatis
1502 2603 1622 2630 natura?
1633 2611 1695 2637 quae
1707 2610 1770 2630 cum
1786 2603 1819 2631 sit

1033 2660 1088 2679 una
1105 2656 1133 2679 et
1157 2651 1317 2687 singularis,
1341 2651 1369 2678 in
1385 2650 1475 2678 tribus
1490 2655 1582 2677 tamen
1609 2650 1739 2684 personis
1761 2656 1818 2677 eam

1032 2696 1185 2726 subsistere
1206 2698 1413 2726 Catholicorum
1441 2696 1556 2731 ambigit
1584 2703 1682 2723 nemo.
1708 2695 1818 2727 Verum,

1034 2744 1098 2780 quia
1124 2751 1179 2771 non
1195 2744 1255 2772 sine
1286 2743 1390 2779 ingenti
1409 2741 1544 2778 periculo,
1564 2741 1597 2769 de
1621 2741 1751 2769 Creatorc
1773 2749 1820 2768 suo

1034 2791 1157 2830 disputat
1171 2795 1310 2823 creatura,
1321 2791 1343 2818 si
1358 2790 1457 2827 placet,
1475 2788 1509 2816 ad
1526 2792 1659 2815 nostram.
1684 2787 1709 2814 id
1726 2790 1778 2819 est,
1789 2786 1819 2813 ad
