1953 3086
102 89 147 122 129
548 87 648 117 DIAL.
667 85 816 117 CONTRA
828 85 1115 115 -NES’I‘UHI.ANOS.
1132 97 1166 104 —
1185 85 1258 115 LIB.
1277 86 1318 116 II.

1679 88 1730 120 130

98 154 223 176 naturam
253 150 428 174 transeamus
453 144 615 177 humanam,
639 143 673 171 de
698 151 763 178 qua,
778 142 800 170 si
817 142 884 177 quid
903 145 924 173 Α
943 145 998 169 tur.
1016 141 1086 170 Cum
1101 147 1194 170 autem
1211 147 1280 170 nutu
1308 142 1356 170 Dei
1372 151 1422 178 per
1444 142 1544 172 seriem
1569 145 1731 181 generatio-

98 193 268 226 oﬂ'ensionis,
278 192 353 228 quod
366 192 440 219 absit
451 193 457 218 i
468 190 612 223 acciderit,
629 189 717 218 levius
724 189 886 222 aestimetur,

98 240 245 276 praecipue,
258 239 324 274 quia
349 241 379 266 et
400 237 435 267 de
453 237 513 272 ipsa
526 243 602 264 nunc
616 235 691 264 inter
704 242 756 263 nos
771 234 888 270 quaestio

97 287 257 318 ventilatur,
274 289 305 312 ut
317 284 393 317 inde,
408 288 543 319 quantum
567 282 700 318 possibile
718 281 815 314 fuerit,
827 280 887 316 pla-

83 339 162 371 ‘num
175 331 224 359 iiat
233 330 309 366 quod
319 329 465 366 quaeritur,
479 336 516 357 ne
528 328 661 356 videlicet
675 332 786 360 natura,
804 334 886 363 quam

86 374 213 405 necdum
231 377 351 404 dicimus
368 376 396 403 in
410 382 531 411 persona
546 374 711 408 subsistere,
725 373 887 402 insubstan-

97 425 133 452 tia
149 423 199 451 tibi
211 431 274 451 esse
290 422 427 450 videatur.

81 479 86 485 ·
130 471 163 499 Ν.
182 471 252 503 Fiat,
270 475 301 497 ut
317 469 371 503 vis,
388 469 471 496 modo
492 473 524 496 ut
539 467 705 504 explicetur,
720 468 795 504 quod
810 475 885 503 quae-

98 511 177 546 ritur.

131 563 161 592 C.
175 563 285 591 Natura:
300 561 432 598 qualitas,
451 569 513 597 quae
530 561 559 589 in
577 561 679 589 multas
692 567 826 596 personas
841 568 886 587 m-

97 610 264 645 dividuaque
294 608 473 641 diii'unditur,
504 616 559 636 non
589 607 641 635 tibi
662 607 886 635 insubstantialis

96 663 155 684 esse
180 655 321 687 videatur,
356 657 387 681 ut
413 653 484 680 nihil
507 653 553 681 sit.
584 653 716 688 Alioquin
744 652 886 688 quomodo

95 701 207 729 Creator
218 699 342 727 omnium
353 703 527 732 naturarum,
543 698 671 726 universa
686 697 758 726 bona
770 703 798 725 et
806 698 886 725 valde

95 747 166 774 bona
183 745 283 773 fecisse
299 745 456 773 credendus
468 745 529 772 est?
545 744 654 772 Idcirco
670 749 763 772 autem
774 748 883 776 natura,

95 799 154 827 qum
175 791 333 819 communis
358 790 487 818 materiei
506 790 561 817 vim
578 790 770 826 rationemque
795 790 887 818 conti-

95 842 151 871 net,
168 837 393 866 insubstantialis
405 844 420 864 a
430 835 616 864 crassioribus
633 836 889 864 mentibusaeslima:

95 887 149 915 tur,
176 890 212 910 eo
240 882 315 917 quod
335 881 427 909 minus
447 881 596 909 attendunt
620 881 736 909 alterius
759 889 886 917 personae

94 928 216 956 nondum
229 927 390 963 apparentis
405 927 561 961 materiam,
578 927 694 955 alteram
709 936 770 956 esse
786 936 886 964 perso-

94 981 172 1000 nam:
190 981 285 1008 quam,
303 976 333 1000 ut
345 971 413 1005 dixi,
432 971 559 999 nondum
580 972 615 999 ad
630 973 721 1000 lucem
736 974 883 1008 prolatam,

94 1019 227 1047 naturalis
248 1019 372 1054 potentia
400 1018 551 1053 perfectam
566 1018 593 1046 in
611 1019 719 1046 cunctis
743 1020 885 1047 membro-

94 1074 154 1093 rum
162 1065 368 1100 quodammodo
377 1065 553 1093 lineamentis
566 1066 698 1093 ostendit.
712 1066 745 1093 Et
758 1066 821 1094 ideo
829 1073 885 1093 non

95 1112 163 1140 bene
188 1111 374 1139 substantiam
396 1111 517 1138 aestimas
542 1116 570 1138 tu
587 1117 725 1146 naturam,
753 1113 814 1139 sine
829 1120 884 1148 qua

94 1157 168 1184 nulla
184 1160 277 1192 potest
304 1164 422 1191 persona
445 1155 605 1184 subsistere.
628 1157 785 1185 Secundum
814 1158 886 1185 hanc

94 1204 232 1231 rationem
255 1202 340 1230 etiam
353 1202 388 1230 de
410 1202 517 1231 vitiatis
538 1204 704 1238 corporibus
727 1205 885 1240 judicantes

95 1248 224 1275 dicimus.
252 1247 342 1274 Minus
366 1251 438 1275 esta
468 1252 583 1281 natura,
606 1256 696 1284 neque
717 1249 792 1276 enim
819 1250 884 1285 quia

94 1293 172 1325 latet,
184 1297 235 1320 aut
248 1292 331 1325 nihil,
343 1297 391 1320 aut
405 1293 567 1328 imperfecta
581 1302 642 1322 esse
664 1295 804 1324 credenda
830 1301 883 1330 est,

94 1339 140 1366 sed
156 1343 200 1366 est
214 1346 332 1374 prorsus
345 1339 388 1366 vis
401 1340 452 1367 ista
463 1341 492 1368 in
517 1341 650 1369 membris
670 1343 783 1375 nostris,
801 1347 831 1370 et
843 1343 885 1370 Ia-

94 1389 132 1413 tet
147 1380 283 1420 perfecta,
301 1390 329 1413 et
351 1389 406 1413 tota
416 1387 571 1414 secundum
595 1388 735 1423 propriam
750 1389 885 1416 rationem

94 1431 119 1458 in
135 1432 254 1459 materia
276 1432 401 1460 seminis.
418 1432 486 1466 Quis
510 1433 584 1460 enim
599 1435 746 1469 parvulum
767 1435 885 1463 necdum

940 195 1019 221 num,
1033 189 1076 216 vis
1093 189 1209 216 seminis
1222 189 1249 216 in
1265 189 1369 217 femina
1385 190 1562 219 fueritvulva
1573 193 1728 227 transfusa,

939 238 1007 262 tunc
1022 235 1096 271 quod
1123 235 1228 263 latebat
1245 236 1273 264 in
1303 237 1436 265 membris
1462 238 1634 272 extenditur,
1656 244 1684 267 ct
1700 241 1738 268 in'

938 289 1059 317 persona
1074 283 1187 318 propria
1214 283 1381 311 declaratur.
1399 284 1469 312 Huic
1492 284 1576 320 igitur
1602 285 1731 314 humanas

939 332 1056 360 natura.
1075 336 1137 364 qua
1164 329 1301 364 generalis
1316 333 1344 357 et
1357 330 1513 357 communis
1534 335 1576 359 est
1599 331 1730 359 omnibus

938 374 1110 408 hominibus,
1128 375 1188 402 sine
1203 383 1257 410 qua
1280 376 1357 403 nulla
1370 379 1462 410 potest
1475 375 1518 411 (ut
1542 378 1672 412 superius
1687 377 1730 404 di-

938 421 1040 457 ximus)
1067 429 1187 457 persona
1212 422 1388 456 subsistere,
1416 423 1445 450 in
1472 428 1576 451 sanctae
1606 424 1729 460 Virginis

938 471 1029 501 utero,
1045 475 1107 503 quae
1124 467 1177 495 fide
1192 468 1272 503 plena
1283 468 1368 496 Deum
1382 469 1529 504 concipere
1545 470 1658 503 meruit,
1682 478 1726 498 se-

939 513 1090 549 metipsum
1105 514 1179 542 Deus
1196 514 1319 542 Verbum
1336 515 1418 542 unire
1445 515 1573 550 dignatus
1585 521 1636 549 est,
1652 520 1681 544 et
1695 524 1728 544 ex

937 561 1054 589 materia
1063 561 1203 589 viscerum
1214 561 1275 597 ejus
1285 561 1390 596 absque
1406 561 1464 589 ullo
1476 561 1528 589 viri
1540 562 1645 590 semine
1660 570 1728 598 pro-

937 607 998 642 pria
1014 606 1140 642 potentia
1155 611 1184 634 et
1196 607 1300 634 virtute
1317 607 1510 642 semetipsum,
1523 607 1583 635 sine
1601 608 1656 635 ulla
1673 612 1730 636 sta-

938 658 983 681 tus
996 653 1040 681 sui
1051 653 1250 685 diminutione,
1264 657 1340 680 creat
1352 653 1508 681 secundum
1525 661 1647 687 carnem,
1662 662 1722 689 pro-

937 700 995 728 ficit
1006 700 1033 727 in
1047 700 1189 732 membris,
1203 699 1233 726 fit
1245 699 1340 733 homo,
1357 700 1507 728 secundam
1518 708 1568 735 pro
1577 705 1672 728 nostra
1685 708 1730 728 sa-

935 745 994 774 lute
1009 747 1129 774 sustinet
1142 745 1330 778 nativitatem,
1350 750 1492 780 postremo
1509 746 1612 774 crescit
1622 746 1649 774 in
1660 750 1728 774 reta-

938 793 973 820 tis
988 797 1176 829 augmentum.
1193 792 1301 820 Idcirco
1318 800 1385 820 vere
1395 796 1424 820 et
1447 793 1560 828 proprie
1573 793 1728 820 secundum

937 847 1048 869 carnem
1067 845 1150 868 natus
1161 844 1280 868 asancta
1296 840 1411 875 Virgine
1430 847 1445 866 a
1460 839 1613 868 Catltolicis
1630 840 1730 875 praedi-

937 891 1027 915 catur.
1055 887 1126 915 liinc
1152 895 1217 915 vere
1232 890 1260 914 et
1278 886 1390 921 proprie
1406 885 1505 914 eadem
1521 889 1616 914 sancta
1644 886 1729 922 Virgo

936 934 985 962 Dei
998 933 1124 961 Genitrix
1137 933 1273 978 creditur.

971 981 1005 1008 N.
1020 981 1120 1008 Totum
1136 980 1212 1016 quod
1233 981 1364 1016 superius
1377 988 1392 1008 a
1412 983 1450 1013 te,
1465 980 1531 1008 licet
1544 979 1668 1006 involute
1687 983 1729 1006 ta-

937 1035 1000 1055 men
1016 1027 1218 1054 rationabiliter
1228 1027 1328 1055 disseri
1341 1027 1500 1059 videbatur,
1519 1025 1661 1054 conclusio
1671 1025 1730 1052 haec

936 1077 1059 1100 extrema
1074 1073 1210 1106 confudit,
1223 1081 1284 1108 quae
1301 1074 1389 1101 Deum
1412 1073 1554 1100 hominem
1580 1066 1683 1100 factum
1701 1075 1730 1098 et

936 1119 1010 1154 quod
1026 1124 1068 1147 est
1085 1119 1303 1152 intolerabilius,
1326 1119 1477 1147 secundam
1492 1119 1540 1145 Dei
1554 1117 1639 1146 Verbi
1655 1117 1730 1144 nati-

936 1165 1050 1192 vitatem
1069 1164 1202 1191 audacter
1214 1164 1354 1199 expressit
1371 1173 1377 1190 :
1394 1171 1457 1191 cum
1486 1163 1561 1190 nulla
1581 1170 1626 1190 res
1652 1161 1728 1190 nasci

937 1210 1069 1239 secundov
1084 1210 1307 1238 substantiaiiter
1330 1213 1424 1244 queat.
1437 1208 1536 1236 Factus
1548 1212 1640 1234 autem
1656 1207 1729 1234 Deus

937 1256 1031 1289 homo,
1048 1255 1188 1291 quomodo
1208 1259 1264 1283 ate
1290 1254 1472 1290 praedicatur,
1497 1261 1559 1281 cum
1579 1252 1647 1280 illud
1669 1251 1729 1280 ﬁeri

937 1303 1051 1336 dicitur,
1068 1302 1142 1338 quod
1162 1301 1282 1330 necdum
1303 1305 1412 1329 exstare
1428 1300 1571 1332 videatur,
1586 1299 1631 1327 vel
1645 1306 1679 1326 cx
1694 1306 1729 1326 eo

936 1349 1011 1384 quod
1027 1353 1069 1376 est
1089 1350 1118 1376 in
1138 1348 1208 1376 illud
1225 1347 1330 1383 aliquid
1346 1347 1468 1374 vertitur
1496 1350 1528 1374 ut
1543 1345 1653 1373 desinat
1667 1352 1728 1372 esse

936 1394 1011 1430 quod
1026 1394 1106 1422 erat?

973 1441 1003 1469 (Σ.
1024 1441 1094 1468 Ilinc
1117 1448 1216 1476 nempe
1248 1438 1392 1468 tremenda
1419 1443 1478 1469 est,
1496 1440 1525 1464 et
1539 1434 1728 1468 admirabilis,

93 1477 170 1513 551
188 1482 312 1506 υιεηιειη
329 1479 448 1511 “mne:
468 1480 660 1516 imperfectam
687 1485 762 1509 τθειε
774 1482 883 1518 iudica-
900 1487 921 1516 C
935 1487 1013 1523 juxta
1022 1494 1135 1514 carnem
1144 1485 1193 1514 Dei
1205 1483 1292 1513 nostri
1302 1483 1424 1512 secunda
1435 1482 1728 1516 nativitas,magnum-

93 1524 132 1552 bit
147 1525 301 1552 humanm
325 1525 428 1553 habere
459 1527 712 1563 naturam?Nequc
737 1529 813 1556 enim
833 1529 883 1564 qui

93 1571 131 1599 uti
143 1579 195 1609 pro
211 1576 337 1607 tempore
350 1580 406 1600 non
424 1576 517 1608 potest
539 1574 666 1607 ratione,
692 1574 756 1602 ideo
777 1575 883 1608 aliquid

93 1618 131 1646 illi
145 1618 245 1646 deesse
260 1618 425 1653 probabitur
438 1626 454 1646 a
470 1618 632 1647 definitione
658 1624 764 1650 natura:
785 1620 884 1648 buma-

93 1671 147 1700 na;
164 1664 320 1697 cum,sicut
345 1666 455 1692 veteres
470 1664 651 1698 definierunt,
672 1665 742 1697 nihil
757 1666 792 1694 sit
807 1666 884 1694 aliud

93 1707 186 1742 homo,
199 1716 287 1744 quam
313 1709 413 1736 animai
428 1710 567 1738 rationale
596 1711 725 1738 mortale.
744 1711 787 1739 An
812 1712 884 1740 forte

94 1755 205 1791 aliquis,
224 1755 291 1790 quia
302 1763 360 1782 non
372 1759 490 1783 utuntur
501 1756 609 1792 parvuli
640 1753 760 1790 ratione,
774 1757 886 1784 irratio-

93 1801 196 1828 nabiiia
211 1801 343 1828 animalia
355 1801 472 1829 tentabit
487 1809 535 1829 eos
551 1809 685 1835 asserere,
698 1809 769 1837 quos
787 1803 884 1838 utique

94 1852 219 1883 tempore
238 1855 361 1883 congruo
375 1856 431 1876 non
447 1849 621 1876 extrinsecus
635 1849 786 1876 adveniens
802 1849 884 1881 ratio,

93 1894 139 1921 sed
149 1894 324 1930 intrinsecus,
335 1899 433 1921 natura
442 1894 674 1922 subministrante
683 1895 781 1922 ditabit
790 1895 800 1921 ‘3
810 1895 884 1928 Qua-

93 1944 210 1975 propter
222 1943 323 1966 natura
337 1940 467 1971 humana,
481 1948 543 1974 qua:
570 1941 639 1967 latet
653 1940 680 1967 in
703 1941 818 1968 materia
840 1948 885 1967 se-

93 1985 186 2018 minis,
199 1993 256 2012 non
273 1990 321 2013 aut
337 1986 417 2019 nihil,
431 1991 479 2013 aut
492 1987 653 2022 imperfecta
668 1992 720 2020 est,
737 1991 885 2022 antequam

93 2031 120 2059 in
132 2039 210 2058 suam
226 2032 446 2063 subsistentiam,
464 2032 521 2059 Deo
534 2041 568 2060 ex
585 2032 644 2067 ipsa
657 2038 771 2060 creante
782 2032 886 2059 forme-

95 2082 148 2111 tur,
169 2078 220 2105 sed
236 2078 351 2105 omnino
365 2078 497 2113 perfecta,
519 2078 672 2105 secundum
694 2086 776 2113 quam
798 2078 886 2106 ratio-

94 2131 154 2152 nem
167 2128 196 2151 et
215 2123 285 2150 Levi
298 2131 361 2151 ante
380 2124 466 2151 multa
487 2130 622 2159 tempora,
650 2132 734 2160 quam
751 2124 779 2151 in
807 2128 886 2152 utero

936 1540 990 1569 que
1014 1532 1127 1569 pietatis
1158 1531 1218 1559 sine
1244 1530 1328 1558 dubio
1353 1533 1557 1560 sacramentum
1581 1526 1728 1563 probatur,

935 1578 1009 1615 quod
1021 1581 1139 1614 negatur
1150 1577 1185 1605 ab
1197 1576 1301 1612 impiis,
1318 1575 1384 1612 quia
1396 1582 1453 1602 non
1466 1578 1536 1606 erat,
1553 1572 1601 1601 sed
1609 1573 1656 1608 qui
1668 1576 1730 1600 erat

936 1624 1060 1651 nascitur
1078 1632 1085 1651 :
1104 1630 1158 1650 nec
1173 1621 1328 1650 secundum
1341 1620 1369 1648 id
1384 1619 1457 1656 quod
1471 1623 1541 1652 erat,
1561 1618 1609 1646 sed
1626 1624 1727 1644 secun-

936 1670 1002 1697 dum
1019 1669 1046 1697 id
1065 1669 1140 1705 quod
1157 1676 1213 1696 non
1228 1669 1305 1700 crat,
1323 1666 1437 1702 propria
1447 1665 1607 1700 dignatione
1624 1663 1726 1691 forma-

935 1722 990 1745 tnr.
1011 1716 1062 1751 Qui
1075 1716 1150 1745 enim
1172 1715 1336 1743 naturaliter
1350 1718 1410 1742 erat
1424 1713 1483 1741 sine
1502 1712 1583 1739 initio
1595 1715 1679 1739 natus
1693 1717 1726 1736 cx

935 1767 1015 1799 patre
1029 1784 1036 1796 ,
1068 1763 1141 1790 idem
1164 1762 1222 1797 ipse
1246 1761 1274 1788 in
1294 1765 1420 1796 tempore
1442 1759 1609 1787 naturaliter
1632 1758 1728 1785 nasci-

938 1815 981 1838 tur
1005 1809 1086 1837 nobis
1114 1817 1147 1836 ex
1173 1813 1272 1836 matre.
1293 1807 1334 1835 Ibi
1354 1806 1508 1835 secundum
1534 1806 1728 1840 divinitatem,

936 1855 982 1883 hic
1008 1855 1080 1882 idem
1099 1855 1157 1890 ipse
1183 1854 1265 1881 homo
1280 1861 1314 1880 ex
1337 1853 1450 1880 homine
1473 1852 1572 1883 factus,
1599 1851 1728 1878 similiter

935 1909 991 1928 non
1017 1901 1170 1929 secundum
1197 1901 1225 1927 id
1249 1899 1324 1935 quod
1344 1902 1413 1931 erat,
1447 1898 1496 1926 sed
1521 1897 1672 1925 scentulum
1700 1896 1727 1923 id

936 1947 1010 1983 quod
1025 1955 1081 1975 non
1097 1951 1166 1974 erat.
1183 1946 1250 1973 Nam
1264 1946 1336 1972 Deus
1366 1944 1413 1979 qui
1427 1948 1497 1973 crat.
1514 1943 1545 1970 fit
1560 1943 1653 1975 homo,
1667 1942 1728 1970 sine

936 1993 978 2021 sui
993 1992 1185 2024 conversione,
1205 1991 1281 2026 quod
1296 1998 1350 2017 non
1367 1994 1438 2017 erat.
1451 1989 1529 2016 Valet
1541 1988 1633 2023 itaque
1646 1996 1728 2023 argu«

936 2043 1061 2066 mentum
1075 2042 1124 2065 ate
1136 2037 1285 2072 prolatum,
1302 2036 1336 2063 ad
1347 2043 1410 2063 eum
1421 2034 1469 2070 qui
1484 2034 1589 2069 aliquid
1599 2034 1672 2069 quod
1686 2038 1728 2061 est

937 2085 1089 2113 secundum
1101 2084 1127 2111 id
1137 2083 1211 2119 quod
1222 2087 1275 2114 est,
1290 2087 1338 2110 aut
1350 2082 1425 2109 nasci
1440 2081 1563 2109 secundo
1572 2080 1728 2111 contendit,

937 2129 1054 2157 antfieri
1072 2138 1078 2156 :
1095 2129 1129 2156 ad
1145 2136 1196 2156 nos
1212 2136 1278 2155 vero
1294 2127 1364 2154 nihil
1381 2126 1512 2162 pertinet,
1536 2126 1583 2161 qui
1605 2133 1660 2152 non
1684 2133 1729 2152 sc—

93 2171 291 2204 seminarctur,
308 2175 355 2198 aut
370 2172 574 2206 conciperetur,
603 2171 630 2198 in
661 2171 765 2199 lumbis
779 2172 885 2206 positus

939 2176 1061 2204 cundum
1080 2176 1108 2203 id
1125 2175 1199 2210 quod
1212 2179 1281 2207 erat,
1297 2178 1325 2201 et
1337 2178 1433 2200 natum
1445 2172 1566 2200 secundo
1583 2176 1611 2199 et
1625 2171 1728 2199 factum

93 2216 211 2245 Abraha:
222 2218 327 2252 legitur
348 2218 514 2246 decimatus.
531 2219 613 2246 Nulla
624 2223 719 2246 autem
736 2226 780 2246 res
793 2221 885 2253 potest

94 2263 225 2291 decimari
250 2271 312 2299 quae
338 2272 393 2291 non
409 2269 462 2292 est.
476 2265 532 2292 Res
547 2273 613 2300 ergo
637 2264 689 2292 ista
702 2265 761 2292 sive
786 2268 886 2291 natura

94 2318 154 2344 qua:
168 2311 196 2337 in
213 2310 326 2338 occulto
340 2316 392 2343 est,
406 2311 530 2346 quandiu
545 2311 717 2347 producatur
730 2310 765 2338 ad
782 2311 884 2343 lucem,

94 2357 170 2391 quasi
184 2357 212 2384 in
227 2357 384 2385 substantia
394 2365 409 2384 a
420 2358 513 2384 minus
525 2356 746 2392 intelligentibus
763 2357 885 2384 aastima-

117 2458 201 2465 —_.

939 2223 1025 2250 Deum
1041 2222 1181 2249 hominem
1190 2220 1382 2256 praedicamus.
1400 2219 1454 2246 Sed
1464 2220 1519 2254 jam
1537 2218 1618 2245 istius
1633 2217 1730 2251 dispu-

938 2269 1062 2300 tationis,
1075 2268 1096 2296 si
1108 2268 1207 2303 placet,
1225 2267 1276 2294 iste
1294 2266 1330 2293 sit
1341 2265 1412 2292 ﬁnis.
1425 2264 1453 2292 Si
1463 2272 1518 2299 qua
1532 2271 1599 2291 vero
1611 2267 1726 2295 restant,

937 2315 972 2342 ab
989 2315 1103 2342 alterius
1119 2312 1362 2342 sermocinationis
1375 2311 1553 2346 inquirantnr
1566 2308 1691 2337 exordio.

463 2445 1721 2465 Μ

642 2536 822 2581 LIBER
859 2534 1185 2581 SECUNDUS.

263 2703 436 2732 CAPITULA
456 2703 546 2731 LIBRI
560 2702 718 2731 SECUNDI.

97 2772 115 2801 L
136 2772 172 2800 De
191 2772 315 2800 naturali
328 2773 423 2800 unione
440 2772 487 2800 Dei
510 2772 585 2800 Verbi
602 2772 672 2808 facta
695 2772 729 2800 ad
746 2772 882 2808 propriam

162 2827 289 2846 cantent.

934 2680 966 2708 II.
987 2679 1061 2712 Quod
1072 2687 1104 2706 ea:
1117 2679 1254 2707 divinitate
1267 2684 1290 2707 et
1304 2681 1471 2708 [inmanitate
1482 2681 1603 2708 Christus
1619 2689 1731 2717 compou-

1004 2727 1070 2753 situs
1089 2726 1223 2753 doceatur.

936 2772 980 2801 lii.
994 2773 1033 2799 De
1053 2780 1082 2798 eo
1106 2773 1176 2807 quod
1193 2774 1279 2799 dicunt
1307 2773 1420 2800 alterum
1444 2773 1472 2800 in
1494 2773 1594 2809 altera,
1610 2773 1659 2803 hoc
1673 2779 1730 2812 ων,

1006 2817 1089 2846 Deum
1109 2818 1214 2846 Verbum
1230 2819 1350 2847 habitare
1364 2819 1389 2846 in
1406 2819 1519 2848 homine.
