1953 3086
198 115 245 148 131

195 174 240 202 IV.
257 172 296 200 De
313 180 342 200 eo
360 172 430 208 quod
443 172 572 208 scriptum
588 179 596 198 :
612 181 620 196 ‹
635 170 734 198 Solvite
750 171 879 206 templum
891 174 949 202 hoc,
961 173 985 196 et
1002 174 1024 200 Α

283 221 311 247 in
322 220 408 247 triduo
421 219 581 247 resuscitabo
592 218 660 246 illud
671 219 703 245 "’.
727 228 736 244 ι

194 267 229 295 V.
249 265 323 298 Quod
340 273 461 301 peruerso
477 264 660 300 intelligentiw
671 271 749 290 sensu
762 264 904 299 accipiant,
920 264 990 298 quod

265 311 393 346 scriptum
403 314 440 337 est
455 318 463 337 :
477 309 548 337 (Nisi
565 308 789 336 manducaveritis
802 316 911 335 carnem
927 307 991 335 Filii

269 356 392 388 hominis,
409 364 461 382 non
477 355 603 382 habebitis
619 355 700 382 vitam
713 354 741 380 in
759 353 870 381 vobis".
889 362 898 380 ι

199 401 242 429 Vl.
263 401 339 434 Quod
357 410 409 429 non
426 402 534 428 credant
556 402 637 428 vitam
651 408 706 428 esse
723 408 783 427 eum
795 400 841 435 qui
862 409 878 427 a
890 399 990 428 Iudaeis

302 453 340 476 est
352 448 503 482 cruci/imus.
839 481 842 484 I

195 493 252 522 VII.
273 493 348 527 Quod
363 495 495 521 hominem
509 495 708 527 tantummodo,
728 502 780 522 non
795 486 896 527 Deum,
911 502 991 522 conte

302 540 459 574 crucifixum
472 549 526 567 esse
542 540 691 574 fateantur.

197 585 264 613 VIII.
283 586 321 612 De
347 595 376 612 eo
403 586 472 621 quod
492 587 620 622 scriptum
639 590 693 618 est,
725 595 734 612 I
752 586 880 614 Dominus
898 586 992 622 gloria?

303 631 444 665 cruci/imus
455 632 489 658 ⁷⁷.
514 641 523 657 i

197 677 243 705 IX.
263 677 303 705 De
319 687 349 705 eo
363 678 432 713 quod
449 678 538 704 dicunt
555 686 563 705 :
578 678 711 705 Christum
719 686 827 713 passum
845 686 991 714 carne,non

304 722 386 749 Deum
412 731 519 758 passum
535 731 617 750 carne
639 723 761 757 con/iteri
781 722 883 750 debere.
901 723 938 750 Et
961 724 992 750 de

303 777 332 795 eo
357 769 426 804 quod
443 770 571 803 scriptum
593 773 632 796 est
651 777 661 796 :
683 778 692 795 ι
711 768 854 796 Dominum
879 777 940 796 eum
967 773 991 796 et

302 815 436 842 Christum
450 814 517 842 Deus
532 815 633 850 fecit”.

196 859 232 888 X.
255 860 292 888 De
307 862 463 889 testimoniis
480 862 573 897 quibus
599 871 696 898 purum
719 863 852 890 hominem
867 870 928 890 eum
946 863 991 898 qui
1008 854 1028 881 Β

285 916 334 944 pro
353 912 445 935 nostra
466 908 553 935 salute
569 917 662 944 passus
680 913 728 942 est,
745 909 932 936 demonstrare
949 910 991 936 ni-

286 959 389 982 tuntur.

197 999 242 1028 XI.
256 1000 332 1034 Quod
341 1001 497 1028 nullatenus
504 1002 583 1028 unius
592 1001 762 1037 ejusdemque
772 1002 919 1034 mirabilia,
930 1011 992 1038 pas-

301 1047 439 1082 sionesque
454 1047 602 1081 fateantur.
626 1045 662 1073 Et
677 1046 708 1072 de
730 1054 759 1072 eo
775 1045 845 1081 quod
863 1047 992 1081 scriptum

304 1096 342 1120 est
365 1093 399 1119 ad
426 1091 550 1119 Hebrceos
565 1100 573 1119 :
589 1101 598 1117 t
618 1091 730 1118 Decebat
750 1092 819 1118 enim
847 1100 907 1119 eum
929 1101 992 1127 pro-

304 1143 363 1176 pter
389 1147 467 1174 quem
485 1139 591 1171 omnia,
617 1143 643 1166 et
657 1147 704 1175 per
724 1147 801 1174 quem
821 1140 923 1172 omnia,
947 1141 993 1175 qui

305 1185 401 1212 multos
415 1184 485 1219 filios
504 1187 531 1212 in
547 1184 661 1220 gloriam
676 1185 841 1217 adduxerat,
858 1189 992 1212 auctorem

304 1229 399 1257 salutis
415 1238 505 1257 eorum
523 1238 568 1265 per
581 1231 716 1266 passiones
730 1239 916 1258 consummare
929 1232 962 1258 "'.
980 1242 988 1256 ι

195 1275 255 1305 XII.
281 1276 318 1304 De
340 1284 369 1303 eo
387 1276 457 1311 quod
476 1275 572 1302 callide
599 1276 695 1303 dicitur
713 1277 746 1304 ab
768 1277 829 1304 eis:
849 1276 919 1305 Caro
945 1276 994 1304 Dei

304 1324 383 1357 pass'a
401 1326 449 1354 est,
466 1321 534 1348 Deus
547 1326 637 1348 autem
651 1329 732 1348 carne
750 1330 844 1357 passus
860 1331 914 1350 non
927 1326 973 1350 est.

198 1369 266 1397 XIII.
288 1368 411 1402 Qualiter
429 1369 512 1396 Deum
528 1369 652 1404 proprias
669 1369 760 1395 carnis
775 1376 832 1395 sua:
843 1369 934 1404 fecisse
948 1377 994 1396 as-

319 1420 411 1442 serunt
425 1415 572 1450 passiones.

197 1460 266 1490 XIV.
287 1460 364 1494 Quod
378 1461 461 1488 Deum
476 1469 585 1496 passum
599 1469 680 1489 carne
700 1466 833 1495 asserunt,
847 1461 929 1490 Deum
944 1470 993 1490 au-

322 1512 374 1535 tem
394 1506 503 1535 Verbum
520 1515 629 1543 passum
651 1515 733 1535 carne
758 1507 832 1535 nullo
857 1508 934 1536 modo
952 1508 994 1544 fa-

323 1550 445 1580 teantur.

197 1597 254 1625 XV.
277 1597 352 1631 Quod
370 1601 468 1633 negant
480 1597 564 1624 Deum
581 1605 646 1630 esse,
663 1597 708 1633 qui
723 1598 792 1625 visus
805 1602 830 1625 et
844 1602 992 1625 contrecta-

305 1648 347 1670 tus
364 1648 388 1670 et
403 1651 495 1679 passus
516 1651 597 1670 carne
621 1647 670 1676 est,
690 1644 721 1670 ob
736 1643 763 1670 id
776 1643 846 1679 quod
865 1645 993 1679 scriptum

303 1694 359 1717 est:
377 1699 385 1715 ‹
401 1689 485 1716 Deum
502 1698 578 1717 nemo
595 1690 659 1717 cidit
675 1691 837 1726 unquam”.
857 1700 869 1718 ι

197 1734 268 1764 XVI.
289 1734 365 1768 Quod
383 1736 540 1763 Trinitatem
559 1736 587 1763 in
599 1736 703 1764 Christo
718 1737 840 1764 habitare
859 1737 940 1772 impie
951 1745 995 1764 as-

315 1786 416 1815 serant,
431 1786 455 1809 et
476 1783 507 1809 ob
520 1782 547 1809 id
563 1784 690 1818 scriptum
704 1787 741 1810 est
757 1791 766 1810 :
785 1792 794 1808 ι
809 1782 878 1816 Quia
894 1783 921 1810 in
936 1783 994 1818 ipso

317 1828 419 1855 habitat
433 1829 519 1856 omnis
538 1828 673 1864 plenitudo
697 1829 843 1856 divinitatis
863 1837 992 1865 corpora-

308 1873 369 1901 liter
378 1875 412 1901 “.
431 1884 440 1900 ι

197 1918 280 1948 XVII.
301 1919 376 1954 Quod
392 1928 514 1956 perverse
530 1920 614 1948 Deum
631 1920 729 1948 Filium
741 1941 748 1953 ,
769 1929 822 1948 non
839 1920 924 1947 Deum
939 1920 993 1948 Pa-

322 1972 389 1993 trem
400 1967 427 1993 in
439 1966 541 1994 Christo
552 1967 672 1994 habitare
683 1971 813 1999 asserunt,
827 1975 874 2002 per
887 1966 914 1993 id
923 1967 992 2002 quod

320 2013 448 2048 scriptum
461 2017 499 2040 est
515 2021 524 2040 :
538 2024 547 2039 ι
560 2013 630 2041 Deus
643 2019 700 2040 erat
711 2015 738 2039 in
748 2013 850 2041 Christo
864 2013 990 2040 mundum

322 2058 496 2085 reconcilians
510 2058 560 2086 sibi
568 2059 601 2086 ".
621 2069 630 2085 ι

197 2099 291 2129 XVIII.
313 2101 388 2135 Quod
404 2102 610 2140 Christumﬂnon
629 2113 736 2132 carnem
747 2105 855 2140 Christi,
870 2115 886 2134 a
896 2112 989 2134 sancta

831 113 993 144 JUANNIS
1014 112 1202 143 MAXENTII

1006 1530 1028 1560 C

1782 115 1833 144 13'2

1179 169 1308 196 Trinitate
1325 172 1442 195 creatum
1461 172 1485 195 et
1502 169 1685 196 resuscitatum
1702 175 1834 202 asserunt,

1183 215 1252 250 quod
1268 216 1329 242 dum
1347 215 1439 241 docere
1461 219 1593 242 conantur
1609 215 1692 250 juxta
1709 217 1833 249 Arianos,

1184 260 1318 288 Christan
1338 265 1489 288 creaturam
1505 261 1612 288 credere
1638 262 1838 297 deprehendun-

1186 312 1240 334 tur.

1045 352 1116 380 XIX.
1138 353 1175 380 De
1192 361 1222 380 eo
1238 354 1307 388 quod
1331 354 1440 386 dicunt,
1456 353 1617 380 IIomousion
1636 353 1767 385 dividere,
1798 357 1835 380 est

1163 397 1296 425 Christum
1312 399 1398 425 dicere
1409 407 1490 425 unum
1508 407 1538 426 (π
1550 399 1689 426 Trinitate.

1044 442 1104 470 XX.
1117 442 1153 470 De
1165 452 1194 470 eo
1205 444 1273 478 quod
1287 444 1372 475 aiunt,
1387 443 1513 478 quidquid
1526 451 1557 470 es:
1572 443 1663 478 aliquo
1673 451 1728 470 esse
1740 444 1837 471 dicitur

1150 489 1266 516 alterum
1292 489 1404 516 ostendit
1418 498 1451 516 ex
1470 489 1566 521 altera,
1590 494 1614 516 et
1630 489 1688 516 ideo
1703 489 1837 517 Christum

1151 543 1204 562 non
1231 540 1332 571 oportet
1356 544 1438 562 unum
1465 543 1497 563 ea:
1521 535 1649 563 Trinitate
1665 537 1761 572 fateri,
1791 538 1837 565 sed

1154 591 1235 609 unum
1255 583 1282 609 in
1292 582 1421 609 Trinitate
1436 587 1459 608 et
1477 583 1647 617 peruersitate
1661 583 1708 610 hoc
1718 583 1787 610 idem
1805 583 1836 611 ab

1151 629 1214 664 ipsis
1227 629 1355 656 horreticis
1371 633 1540 655 memoretur.

1045 674 1116 702 XXI.
1137 674 1213 707 Quod
1235 683 1317 702 unam
1337 675 1442 710 quidem
1470 683 1611 710 personam
1639 674 1772 704 Christum
1805 683 1838 702 ea:

1154 721 1280 749 Trinitate
1291 722 1436 757 fateantur,
1455 721 1588 749 Christum
1601 725 1689 749 autem
1709 730 1792 749 unum
1806 730 1838 749 ex

1156 768 1286 795 Trinitate
1311 767 1392 795 stulte
1415 768 1554 803 denegent.
1583 767 1620 795 Et
1636 768 1706 803 quod
1724 776 1776 795 non
1806 776 1838 795 ea:

1153 815 1256 842 duabus
1271 815 1386 846 naturis,
1402 814 1448 841 sed
1459 823 1491 841 ea:
1506 814 1607 841 duabus
1622 815 1740 849 personis
1755 822 1838 841 unam

1149 867 1291 894 personam
1312 862 1421 893 propter
1440 866 1523 885 unum
1537 857 1599 885 Filii
1619 857 1784 891 vocabulum,
1813 862 1838 886 et

1148 903 1305 938 dignitatem
1316 906 1341 929 et
1352 903 1537 930 auctoritatem
1547 901 1682 930 Christum
1693 910 1749 929 esse
1759 903 1837 938 impie

1150 948 1345 974 machinentur.

1043 993 1128 1021 XXII.
1149 993 1188 1021 De
1212 986 1326 1028 eo'quod
1341 996 1462 1020 asserunt
1487 992 1554 1020 nihil
1572 1000 1618 1019 nos
1640 992 1774 1027 aﬂirmare
1790 991 1837 1018 de-

1185 1040 1256 1072 bere,
1272 1040 1341 1074 quod
1356 1047 1409 1067 non
1427 1039 1456 1066 in
1468 1037 1614 1073 Scripturis
1627 1038 1759 1066 canonicis
1773 1045 1837 1064 con-

1185 1086 1295 1116 tinetur,
1307 1086 1373 1112 etde
1387 1093 1438 1120 quo
1451 1084 1542 1112 dolose
1552 1084 1653 1116 dicant,
1666 1085 1722 1111 sine
1734 1082 1838 1111 Christo

1187 1132 1345 1159 Trinitatem
1355 1139 1407 1158 non
1425 1139 1500 1158 esse:
1516 1135 1541 1157 et
1557 1130 1625 1166 quod
1640 1131 1734 1158 invicte
1746 1133 1838 1157 contra

1188 1184 1277 1203 omnes
1292 1184 1357 1212 pene
1369 1183 1460 1202 eorum
1468 1175 1598 1202 versutias
1610 1179 1761 1210 opponatur
1772 1173 1838 1201 illud

1190 1222 1260 1258 quod
1290 1222 1417 1256 scriptum
1440 1224 1502 1248 est:
1526 1230 1534 1246 ι
1551 1219 1617 1247 Ecce
1641 1219 1728 1247 Adam
1752 1219 1838 1255 factus

1186 1273 1224 1295 est
1241 1268 1318 1304 quasi
1330 1276 1397 1294 unus
1413 1275 1445 1293 ea:
1456 1265 1568 1293 nobis”.
1587 1275 1596 1292 ι

1045 1313 1141 1341 XXIII.
1167 1313 1205 1340 De
1231 1321 1260 1339 eo
1283 1312 1353 1348 quod
1369 1320 1401 1338 ex
1423 1312 1488 1347 ipsis
1509 1311 1621 1347 quidam
1640 1311 1730 1338 dolose
1753 1311 1838 1338 Deum

1182 1363 1277 1385 natum
1288 1365 1320 1384 ea:
1333 1357 1431 1393 femina
1442 1356 1528 1383 dicere
1535 1356 1692 1389 videantur;
1705 1355 1838 1384 Christum

1188 1412 1250 1431 vero
1270 1411 1352 1430 unum
1367 1410 1398 1429 ea:
1425 1402 1554 1430 Trinitate
1569 1401 1723 1428 nullatenus
1739 1395 1841 1428 asseue-

1187 1453 1256 1483 rent,
1269 1453 1292 1476 et
1307 1449 1339 1476 de
1351 1457 1380 1476 eo
1403 1447 1474 1484 quod
1499 1448 1590 1474 dicunt
1605 1456 1613 1474 :
1631 1446 1737 1482 Sufﬁcit
1765 1446 1838 1474 nobis

1187 1497 1236 1524 hoc
1262 1495 1400 1530 conﬁteri,
1431 1494 1528 1522 nostris
1546 1493 1665 1522 volumus
1683 1494 1721 1521 uti
1741 1500 1834 1520 sermo-

1188 1544 1276 1571 nibus.

1046 1601 1142 1630 XXIV.
1163 1600 1238 1634 Quod
1249 1599 1345 1627 callide
1356 1600 1459 1627 dicatur
1470 1598 1501 1625 ab
1515 1600 1563 1630 eis,
1578 1599 1600 1625 si
1611 1598 1725 1632 idipsum
1731 1597 1838 1632 judica-

1195 1649 1227 1675 tis
1243 1655 1309 1679 esse,
1319 1647 1388 1682 quod
1396 1655 1412 1674 a
1424 1646 1493 1674 vobis
1507 1650 1532 1672 et
1547 1645 1620 1672 nobis
1630 1644 1725 1671 dicitur
1741 1652 1750 1671 :
1767 1643 1834 1676 Quo-

1190 1693 1267 1720 modo
1284 1701 1331 1719 nos
1346 1697 1375 1719 ut
1397 1692 1533 1719 Inereticos
1555 1691 1704 1722 testimalis,
1719 1690 1783 1725 quia
1799 1697 1840 1716 ue-

1189 1739 1251 1767 stris
1263 1738 1385 1766 nolumus
1394 1738 1431 1764 uti
1442 1737 1619 1770 sermonibus,
1635 1744 1667 1763 ne
1678 1736 1840 1763 occasionem

1190 1785 1251 1813 aliis
1264 1785 1392 1812 haereticis
1418 1783 1591 1819 praebeamus.

1047 1832 1130 1861 XXV.
1150 1831 1189 1859 De
1205 1839 1234 1859 eo
1250 1831 1319 1866 quod
1345 1831 1433 1857 dicunt
1449 1829 1545 1857 :Nihil
1571 1828 1686 1864 amplius
1706 1831 1839 1863 oportere,

1172 1878 1223 1905 nisi
1247 1877 1316 1912 quod
1328 1876 1412 1904 verbis
1426 1876 1520 1912 synodi
1535 1876 1694 1908 continetur,
1708 1882 1838 1907 asserere,

1175 1928 1200 1950 et
1219 1923 1289 1958 quod
1306 1923 1441 1950 haereticos
1448 1922 1568 1957 judicent
1579 1929 1632 1953 eos,
1642 1921 1686 1956 qui
1695 1920 1838 1947 consimili-

1174 1974 1223 2002 ter,
1241 1973 1269 1996 ut
1285 1970 1335 2004 ipsi
1347 1967 1514 2004 respondent,
1527 1968 1594 1994 duas
1609 1967 1712 2002 quidem
1727 1970 1838 1993 naturas

1170 2016 1254 2043 verbis
1265 2016 1325 2043 aliis
1343 2016 1471 2047 dicimus;
1483 2015 1576 2041 vestris
1589 2021 1650 2041 vero
1667 2012 1788 2040 nolumus
1800 2013 1838 2039 uti

1170 2061 1351 2092 sermonibus,
1377 2068 1410 2087 ne
1438 2059 1499 2087 aliis
1521 2059 1648 2087 haereticis
1674 2058 1838 2086 occasionem

1168 2108 1234 2146 dare
1248 2106 1397 2135 videamur.

858 2244 1183 2276 INTERLOCUTORES.

715 2315 1021 2356 NESTORIANUS,

410 2384 491 2419 552
501 2383 616 2413 CAPUT
635 2385 782 2415 PRIMUM.

227 2429 487 2459 'NESTORIANUS.
513 2430 627 2458 Memini
643 2436 670 2459 te
682 2436 711 2460 et
731 2432 758 2459 in
774 2433 914 2468 superiori
936 2441 995 2461 ser-

191 2484 299 2509 snone,
327 2483 391 2503 cum
412 2476 560 2510 qumsitum
583 2476 699 2511 fuisset,
721 2483 815 2505 utrum
839 2478 866 2506 in
885 2479 994 2506 duabus

192 2521 307 2550 maturis
314 2521 457 2549 Christum
471 2521 612 2556 crederes,
629 2523 816 2558 respondisse,
828 2524 859 2551 In
872 2525 992 2558 duabus,

194 2569 249 2596 sed
266 2567 386 2595 naturali
401 2568 587 2596 conventione
606 2569 703 2597 unitis.
722 2569 801 2603 Quod
815 2571 880 2605 quia
899 2571 992 2599 subito

196 2614 228 2641 in
242 2613 358 2641 alterius
374 2614 536 2648 quaestionis
553 2615 678 2650 prorupit
688 2615 856 2652 indaginem,
875 2617 990 2645 dilatum

196 2665 242 2695 est,
262 2660 300 2687 ibi
320 2660 355 2687 de
369 2668 402 2687 eo
418 2660 524 2696 aliquid
541 2669 678 2696 quierere.
691 2662 771 2690 Nunc
780 2671 847 2691 vero
857 2665 990 2699 quoniam

198 2705 284 2734 nimis
303 2704 430 2741 impium,
446 2710 475 2734 et
488 2706 634 2735 catholicis
648 2708 826 2744 dogmatibus
844 2709 990 2746 (quantum

235 2797 258 2833 ’ξ
270 2796 350 2833 Joan.
364 2805 394 2830 II,
425 2799 468 2827 l9.
519 2798 542 2815 ⁷⁸
557 2798 637 2826 Joan.
652 2807 690 2831 vr,
712 2800 756 2828 54.
805 2800 829 2816 ⁷⁷
844 2800 854 2828 I
869 2800 935 2828 Cor.
951 2809 980 2833 Ir,
997 2801 1024 2828 8.

188 2831 342 2879 "‘Coloss.
359 2833 427 2866 11,9.
466 2834 488 2851 ι’
505 2833 528 2861 II
544 2833 609 2862 Cor.
626 2843 653 2867 ν,
666 2834 710 2862 i9.
749 2835 772 2851 "
790 2835 860 2864 Gen.
886 2844 925 2868 ιιι,
943 2831 988 2864 ΞΞ.

1047 2319 1099 2351 ΟΛ
1105 2319 1322 2357 ΤΗοιισυς,

1009 2390 1033 2420 D
1047 2390 1180 2427 arbitror)
1193 2392 1319 2419 creditur
1329 2390 1461 2423 alienum,
1482 2389 1568 2417 Deum
1582 2388 1704 2418 Verbum
1722 2391 1834 2414 natura~

1044 2436 1108 2463 liter
1119 2436 1247 2464 humanae
1265 2440 1372 2463 natum
1385 2435 1494 2463 unitum
1506 2435 1629 2467 credere,
1643 2433 1772 2469 quoniam
1785 2433 1836 2460 hoc

1045 2482 1128 2509 modo
1142 2486 1218 2509 recte
1229 2486 1323 2517 posset
1333 2481 1461 2516 intelligi,
1473 2480 1496 2508 si
1509 2481 1625 2515 placeat,
1642 2479 1771 2515 primitus
1794 2478 1835 2506 in.

1043 2528 1182 2564 quiratur.

1079 2572 1306 2601 CATIIOLICUS.
1337 2573 1421 2600 Multa
1434 2571 1545 2607 quidem
1564 2571 1592 2598 in
1613 2570 1756 2605 superiore
1775 2579 1835 2599 ser~

1045 2624 1127 2646 mone
1139 2618 1317 2651 disserentes,
1326 2618 1433 2645 nullum
1445 2617 1517 2652 apud
1530 2621 1556 2644 te
1567 2617 1720 2652 proiectum
1732 2617 1835 2646 habere

1045 2663 1195 2698 potuimus,
1211 2663 1278 2698 quia
1303 2670 1381 2690 mens
1406 2670 1460 2689 non
1476 2660 1567 2688 sanari
1589 2661 1636 2688 sed
1658 2661 1770 2689 vincere
1785 2670 1834 2689 cu-

1044 2709 1135 2744 piens,
1162 2717 1259 2737 aversa
1284 2709 1319 2736 ab
1343 2708 1387 2736 his
1411 2716 1471 2743 qua:
1488 2708 1637 2740 dicuntur,
1662 2707 1696 2735 ad
1712 2707 1834 2735 nihilum

1073 2802 1095 2818 ⁷⁸
1111 2802 1171 2829 Act.
1191 2809 1222 2834 ιι,
1241 2802 1284 2828 36.

1337 2801 1360 2818 τ’
1376 2800 1461 2827 Hebr.
1478 2807 1508 2831 ιι,
1524 2799 1566 2827 I0.
1617 2799 1639 2814 '°
1655 2799 1734 2826 Joan.
1753 2807 1771 2831 ι,
1791 2799 1830 2826 I8.
