  <div class='ocr_page' id='page_1' title='image "/cluster/home/n/w/nwhite01/storage/ocr_20150623/86,pt.1/njp.32101007877465/084.png"; bbox 0 0 1953 3086; ppageno 0'>
   <div class='ocr_carea' id='block_1_1' title="bbox 104 115 152 148">
    <p class='ocr_par' dir='ltr' id='par_1_1' title="bbox 104 115 152 148">
     <span class='ocr_line' id='line_1_1' title="bbox 104 115 152 148; baseline 0 0"><span class='ocrx_word' id='word_1_1' title='bbox 104 115 152 148; x_wconf 74' lang='lat'><strong>133</strong></span> 
     </span>
    </p>
   </div>
   <div class='ocr_carea' id='block_1_2' title="bbox 542 112 1308 148">
    <p class='ocr_par' dir='ltr' id='par_1_2' title="bbox 542 112 1308 148">
     <span class='ocr_line' id='line_1_2' title="bbox 542 112 1308 148; baseline 0.003 -3"><span class='ocrx_word' id='word_1_2' title='bbox 542 115 642 146; x_wconf 83' lang='lat' dir='ltr'><strong>DlAL-</strong></span> <span class='ocrx_word' id='word_1_3' title='bbox 665 115 813 145; x_wconf 78' lang='lat' dir='ltr'><strong>CONTRA</strong></span> <span class='ocrx_word' id='word_1_4' title='bbox 831 112 1107 146; x_wconf 80' lang='lat' dir='ltr'><strong>NESTORIANOS.</strong></span> <span class='ocrx_word' id='word_1_5' title='bbox 1125 128 1158 133; x_wconf 89' lang='grc'><strong>-</strong></span> <span class='ocrx_word' id='word_1_6' title='bbox 1176 117 1249 148; x_wconf 83' lang='lat' dir='ltr'><strong>LIB.</strong></span> <span class='ocrx_word' id='word_1_7' title='bbox 1268 118 1308 147; x_wconf 86' lang='grc' dir='ltr'><strong>ΙΙ.</strong></span> 
     </span>
    </p>
   </div>
   <div class='ocr_carea' id='block_1_3' title="bbox 1688 119 1740 152">
    <p class='ocr_par' dir='ltr' id='par_1_3' title="bbox 1688 119 1740 152">
     <span class='ocr_line' id='line_1_3' title="bbox 1688 119 1740 152; baseline 0 0"><span class='ocrx_word' id='word_1_8' title='bbox 1688 119 1740 152; x_wconf 68' lang='grc'><strong>134</strong></span> 
     </span>
    </p>
   </div>
   <div class='ocr_carea' id='block_1_4' title="bbox 102 170 1736 214">
    <p class='ocr_par' dir='ltr' id='par_1_4' title="bbox 102 170 1736 214">
     <span class='ocr_line' id='line_1_4' title="bbox 102 170 1736 214; baseline 0.003 -13"><span class='ocrx_word' id='word_1_9' title='bbox 102 173 172 201; x_wconf 82' lang='lat' dir='ltr'><strong>aliud</strong></span> <span class='ocrx_word' id='word_1_10' title='bbox 191 173 300 200; x_wconf 84' lang='lat' dir='ltr'><strong>intenta</strong></span> <span class='ocrx_word' id='word_1_11' title='bbox 313 177 367 204; x_wconf 84' lang='lat' dir='ltr'><strong>est.</strong></span> <span class='ocrx_word' id='word_1_12' title='bbox 388 172 441 199; x_wconf 90' lang='lat' dir='ltr'><strong>nisi</strong></span> <span class='ocrx_word' id='word_1_13' title='bbox 460 177 489 199; x_wconf 88' lang='lat' dir='ltr'><strong>ut</strong></span> <span class='ocrx_word' id='word_1_14' title='bbox 513 172 636 198; x_wconf 74' lang='lat' dir='ltr'><strong>inveniat</strong></span> <span class='ocrx_word' id='word_1_15' title='bbox 651 179 658 197; x_wconf 87' lang='lat'><strong>:</strong></span> <span class='ocrx_word' id='word_1_16' title='bbox 672 171 746 206; x_wconf 86' lang='lat' dir='ltr'><strong>quod</strong></span> <span class='ocrx_word' id='word_1_17' title='bbox 766 178 816 206; x_wconf 88' lang='lat' dir='ltr'><strong>pro</strong></span> <span class='ocrx_word' id='word_1_18' title='bbox 838 170 896 198; x_wconf 86' lang='lat' dir='ltr'><strong>suis</strong></span> <span class='ocrx_word' id='word_1_19' title='bbox 911 173 933 200; x_wconf 82' lang='grc' dir='ltr'>Α</span> <span class='ocrx_word' id='word_1_20' title='bbox 948 175 995 197; x_wconf 88' lang='lat' dir='ltr'><strong>aut</strong></span> <span class='ocrx_word' id='word_1_21' title='bbox 1014 171 1174 199; x_wconf 86' lang='lat' dir='ltr'><strong>inconfusas</strong></span> <span class='ocrx_word' id='word_1_22' title='bbox 1189 177 1303 201; x_wconf 84' lang='lat' dir='ltr'><strong>naturas</strong></span> <span class='ocrx_word' id='word_1_23' title='bbox 1326 174 1353 201; x_wconf 88' lang='lat' dir='ltr'><strong>in</strong></span> <span class='ocrx_word' id='word_1_24' title='bbox 1370 174 1481 203; x_wconf 96' lang='lat' dir='ltr'><strong>Christo</strong></span> <span class='ocrx_word' id='word_1_25' title='bbox 1500 177 1616 211; x_wconf 72' lang='lat' dir='ltr'><strong>potestis</strong></span> <span class='ocrx_word' id='word_1_26' title='bbox 1633 177 1736 214; x_wconf 81' lang='lat' dir='ltr'><strong>dicere,</strong></span> 
     </span>
    </p>
   </div>
   <div class='ocr_carea' id='block_1_5' title="bbox 101 217 891 255">
    <p class='ocr_par' dir='ltr' id='par_1_5' title="bbox 101 217 891 255">
     <span class='ocr_line' id='line_1_5' title="bbox 101 217 891 255; baseline -0.005 -8"><span class='ocrx_word' id='word_1_27' title='bbox 101 219 223 255; x_wconf 87' lang='lat' dir='ltr'><strong>partibus</strong></span> <span class='ocrx_word' id='word_1_28' title='bbox 241 219 407 254; x_wconf 85' lang='lat' dir='ltr'><strong>eloquatur,</strong></span> <span class='ocrx_word' id='word_1_29' title='bbox 423 223 594 253; x_wconf 86' lang='lat' dir='ltr'><strong>quapropter</strong></span> <span class='ocrx_word' id='word_1_30' title='bbox 616 217 764 252; x_wconf 70' lang='lat' dir='ltr'><strong>oportebat</strong></span> <span class='ocrx_word' id='word_1_31' title='bbox 779 217 891 252; x_wconf 85' lang='lat' dir='ltr'><strong>quidem</strong></span> 
     </span>
    </p>
   </div>
   <div class='ocr_carea' id='block_1_6' title="bbox 102 260 891 297">
    <p class='ocr_par' dir='ltr' id='par_1_6' title="bbox 102 260 891 297">
     <span class='ocr_line' id='line_1_6' title="bbox 102 260 891 297; baseline -0.005 -5"><span class='ocrx_word' id='word_1_32' title='bbox 102 265 166 292; x_wconf 91' lang='lat' dir='ltr'><strong>nihil</strong></span> <span class='ocrx_word' id='word_1_33' title='bbox 182 265 299 292; x_wconf 87' lang='lat' dir='ltr'><strong>ulterius</strong></span> <span class='ocrx_word' id='word_1_34' title='bbox 317 269 408 292; x_wconf 89' lang='lat' dir='ltr'><strong>tecum</strong></span> <span class='ocrx_word' id='word_1_35' title='bbox 428 264 463 291; x_wconf 88' lang='lat' dir='ltr'><strong>de</strong></span> <span class='ocrx_word' id='word_1_36' title='bbox 475 272 505 291; x_wconf 88' lang='lat' dir='ltr'><strong>re</strong></span> <span class='ocrx_word' id='word_1_37' title='bbox 523 271 631 290; x_wconf 89' lang='lat' dir='ltr'><strong>summa</strong></span> <span class='ocrx_word' id='word_1_38' title='bbox 652 262 822 297; x_wconf 84' lang='lat' dir='ltr'><strong>disquirere.</strong></span> <span class='ocrx_word' id='word_1_39' title='bbox 838 260 891 289; x_wconf 85' lang='lat' dir='ltr'><strong>Sed</strong></span> 
     </span>
    </p>
   </div>
   <div class='ocr_carea' id='block_1_7' title="bbox 102 308 894 345">
    <p class='ocr_par' dir='ltr' id='par_1_7' title="bbox 102 308 894 345">
     <span class='ocr_line' id='line_1_7' title="bbox 102 308 894 345; baseline -0.003 -7"><span class='ocrx_word' id='word_1_40' title='bbox 102 320 133 338; x_wconf 86' lang='lat' dir='ltr'><strong>ne</strong></span> <span class='ocrx_word' id='word_1_41' title='bbox 149 319 201 338; x_wconf 90' lang='lat' dir='ltr'><strong>nos</strong></span> <span class='ocrx_word' id='word_1_42' title='bbox 213 311 276 343; x_wconf 88' lang='lat' dir='ltr'><strong>hoc,</strong></span> <span class='ocrx_word' id='word_1_43' title='bbox 292 310 401 339; x_wconf 86' lang='lat' dir='ltr'><strong>defectu</strong></span> <span class='ocrx_word' id='word_1_44' title='bbox 411 311 505 345; x_wconf 84' lang='lat' dir='ltr'><strong>potius</strong></span> <span class='ocrx_word' id='word_1_45' title='bbox 520 310 648 342; x_wconf 86' lang='lat' dir='ltr'><strong>rationis,</strong></span> <span class='ocrx_word' id='word_1_46' title='bbox 661 316 744 344; x_wconf 89' lang='lat' dir='ltr'><strong>quam</strong></span> <span class='ocrx_word' id='word_1_47' title='bbox 758 308 894 336; x_wconf 79' lang='lat' dir='ltr'><strong>modestia</strong></span> 
     </span>
    </p>
   </div>
   <div class='ocr_carea' id='block_1_8' title="bbox 101 354 893 392">
    <p class='ocr_par' dir='ltr' id='par_1_8' title="bbox 101 354 893 392">
     <span class='ocr_line' id='line_1_8' title="bbox 101 354 893 392; baseline -0.004 -8"><span class='ocrx_word' id='word_1_48' title='bbox 101 356 189 384; x_wconf 85' lang='lat' dir='ltr'><strong>facere</strong></span> <span class='ocrx_word' id='word_1_49' title='bbox 204 357 336 389; x_wconf 71' lang='lat' dir='ltr'><strong>mstimes,</strong></span> <span class='ocrx_word' id='word_1_50' title='bbox 361 357 488 392; x_wconf 78' lang='lat' dir='ltr'><strong>cogimur</strong></span> <span class='ocrx_word' id='word_1_51' title='bbox 504 360 602 383; x_wconf 87' lang='lat' dir='ltr'><strong>contra</strong></span> <span class='ocrx_word' id='word_1_52' title='bbox 623 355 799 391; x_wconf 90' lang='lat' dir='ltr'><strong>propositum</strong></span> <span class='ocrx_word' id='word_1_53' title='bbox 811 375 819 386; x_wconf 93' lang='lat'><strong>,</strong></span> <span class='ocrx_word' id='word_1_54' title='bbox 837 354 893 382; x_wconf 86' lang='lat' dir='ltr'><strong>tuis</strong></span> 
     </span>
    </p>
   </div>
   <div class='ocr_carea' id='block_1_9' title="bbox 100 399 893 438">
    <p class='ocr_par' dir='ltr' id='par_1_9' title="bbox 100 399 893 438">
     <span class='ocr_line' id='line_1_9' title="bbox 100 399 893 438; baseline -0.004 -9"><span class='ocrx_word' id='word_1_55' title='bbox 100 402 303 438; x_wconf 85' lang='lat' dir='ltr'><strong>objectionibus</strong></span> <span class='ocrx_word' id='word_1_56' title='bbox 323 402 504 437; x_wconf 86' lang='lat' dir='ltr'><strong>respondere.</strong></span> <span class='ocrx_word' id='word_1_57' title='bbox 521 402 616 436; x_wconf 83' lang='lat' dir='ltr'><strong>Itaque</strong></span> <span class='ocrx_word' id='word_1_58' title='bbox 632 401 728 428; x_wconf 75' lang='lat' dir='ltr'><strong>dixisti</strong></span> <span class='ocrx_word' id='word_1_59' title='bbox 750 400 789 436; x_wconf 90' lang='lat' dir='ltr'><strong>(ni</strong></span> <span class='ocrx_word' id='word_1_60' title='bbox 801 399 893 435; x_wconf 88' lang='lat' dir='ltr'><strong>fallor)</strong></span> 
     </span>
    </p>
   </div>
   <div class='ocr_carea' id='block_1_10' title="bbox 101 445 894 475">
    <p class='ocr_par' dir='ltr' id='par_1_10' title="bbox 101 445 894 475">
     <span class='ocr_line' id='line_1_10' title="bbox 101 445 894 475; baseline -0.003 -1"><span class='ocrx_word' id='word_1_61' title='bbox 101 448 186 475; x_wconf 90' lang='lat' dir='ltr'><strong>Deum</strong></span> <span class='ocrx_word' id='word_1_62' title='bbox 196 448 318 475; x_wconf 83' lang='lat' dir='ltr'><strong>Verbum</strong></span> <span class='ocrx_word' id='word_1_63' title='bbox 335 447 502 474; x_wconf 80' lang='lat' dir='ltr'><strong>naturaliter</strong></span> <span class='ocrx_word' id='word_1_64' title='bbox 521 447 650 474; x_wconf 76' lang='lat' dir='ltr'><strong>humana:</strong></span> <span class='ocrx_word' id='word_1_65' title='bbox 663 451 769 474; x_wconf 72' lang='lat' dir='ltr'><strong>natura:</strong></span> <span class='ocrx_word' id='word_1_66' title='bbox 778 445 894 472; x_wconf 82' lang='lat' dir='ltr'><strong>‘unitum</strong></span> 
     </span>
    </p>
   </div>
   <div class='ocr_carea' id='block_1_11' title="bbox 102 492 895 528">
    <p class='ocr_par' dir='ltr' id='par_1_11' title="bbox 102 492 895 528">
     <span class='ocr_line' id='line_1_11' title="bbox 102 492 895 528; baseline -0.004 -7"><span class='ocrx_word' id='word_1_67' title='bbox 102 494 233 526; x_wconf 86' lang='lat' dir='ltr'><strong>credere,</strong></span> <span class='ocrx_word' id='word_1_68' title='bbox 260 493 374 528; x_wconf 89' lang='lat' dir='ltr'><strong>impium</strong></span> <span class='ocrx_word' id='word_1_69' title='bbox 399 501 479 525; x_wconf 87' lang='lat' dir='ltr'><strong>esse,</strong></span> <span class='ocrx_word' id='word_1_70' title='bbox 499 497 528 519; x_wconf 86' lang='lat' dir='ltr'><strong>et</strong></span> <span class='ocrx_word' id='word_1_71' title='bbox 551 492 700 520; x_wconf 77' lang='lat' dir='ltr'><strong>catholicis</strong></span> <span class='ocrx_word' id='word_1_72' title='bbox 717 492 895 527; x_wconf 78' lang='lat' dir='ltr'><strong>dogmatibus</strong></span> 
     </span>
    </p>
   </div>
   <div class='ocr_carea' id='block_1_12' title="bbox 103 538 895 574">
    <p class='ocr_par' dir='ltr' id='par_1_12' title="bbox 103 538 895 574">
     <span class='ocr_line' id='line_1_12' title="bbox 103 538 895 574; baseline 0 -8"><span class='ocrx_word' id='word_1_73' title='bbox 103 539 232 571; x_wconf 87' lang='lat' dir='ltr'><strong>alienum,</strong></span> <span class='ocrx_word' id='word_1_74' title='bbox 249 543 421 574; x_wconf 81' lang='lat' dir='ltr'><strong>quapropter</strong></span> <span class='ocrx_word' id='word_1_75' title='bbox 439 547 490 566; x_wconf 89' lang='lat' dir='ltr'><strong>cur</strong></span> <span class='ocrx_word' id='word_1_76' title='bbox 501 538 554 566; x_wconf 91' lang='lat' dir='ltr'><strong>hoc</strong></span> <span class='ocrx_word' id='word_1_77' title='bbox 568 538 721 566; x_wconf 85' lang='lat' dir='ltr'><strong>arbitratus</strong></span> <span class='ocrx_word' id='word_1_78' title='bbox 730 546 771 571; x_wconf 91' lang='lat' dir='ltr'><strong>es,</strong></span> <span class='ocrx_word' id='word_1_79' title='bbox 784 538 895 573; x_wconf 84' lang='lat' dir='ltr'><strong>planius</strong></span> 
     </span>
    </p>
   </div>
   <div class='ocr_carea' id='block_1_13' title="bbox 102 585 432 620">
    <p class='ocr_par' dir='ltr' id='par_1_13' title="bbox 102 585 432 620">
     <span class='ocr_line' id='line_1_13' title="bbox 102 585 432 620; baseline -0.003 -8"><span class='ocrx_word' id='word_1_80' title='bbox 102 589 127 612; x_wconf 89' lang='lat' dir='ltr'><strong>te</strong></span> <span class='ocrx_word' id='word_1_81' title='bbox 139 585 270 612; x_wconf 86' lang='lat' dir='ltr'><strong>convenit</strong></span> <span class='ocrx_word' id='word_1_82' title='bbox 282 585 432 620; x_wconf 80' lang='lat' dir='ltr'><strong>explicare.</strong></span> 
     </span>
    </p>
   </div>
   <div class='ocr_carea' id='block_1_14' title="bbox 86 630 894 666">
    <p class='ocr_par' dir='ltr' id='par_1_14' title="bbox 86 630 894 666">
     <span class='ocr_line' id='line_1_14' title="bbox 86 630 894 666; baseline -0.001 -8"><span class='ocrx_word' id='word_1_83' title='bbox 86 643 88 647; x_wconf 62' lang='grc' dir='ltr'>ν</span> <span class='ocrx_word' id='word_1_84' title='bbox 135 631 168 658; x_wconf 88' lang='grc' dir='ltr'><strong>Ν.</strong></span> <span class='ocrx_word' id='word_1_85' title='bbox 191 630 332 666; x_wconf 81' lang='lat' dir='ltr'><strong>Quidquid</strong></span> <span class='ocrx_word' id='word_1_86' title='bbox 357 631 386 658; x_wconf 90' lang='lat' dir='ltr'><strong>lit</strong></span> <span class='ocrx_word' id='word_1_87' title='bbox 401 631 578 663; x_wconf 79' lang='lat' dir='ltr'><strong>naturaliter,</strong></span> <span class='ocrx_word' id='word_1_88' title='bbox 605 638 660 658; x_wconf 90' lang='lat' dir='ltr'><strong>non</strong></span> <span class='ocrx_word' id='word_1_89' title='bbox 673 631 826 663; x_wconf 84' lang='lat' dir='ltr'><strong>voluntate,</strong></span> <span class='ocrx_word' id='word_1_90' title='bbox 845 631 894 658; x_wconf 86' lang='lat' dir='ltr'><strong>sed</strong></span> 
     </span>
    </p>
   </div>
   <div class='ocr_carea' id='block_1_15' title="bbox 102 676 895 712">
    <p class='ocr_par' dir='ltr' id='par_1_15' title="bbox 102 676 895 712">
     <span class='ocr_line' id='line_1_15' title="bbox 102 676 895 712; baseline 0.001 -8"><span class='ocrx_word' id='word_1_91' title='bbox 102 677 266 704; x_wconf 79' lang='lat' dir='ltr'><strong>necessitate</strong></span> <span class='ocrx_word' id='word_1_92' title='bbox 291 676 350 704; x_wconf 82' lang='lat' dir='ltr'><strong>ﬁeri</strong></span> <span class='ocrx_word' id='word_1_93' title='bbox 373 677 551 712; x_wconf 79' lang='lat' dir='ltr'><strong>intelligitur,</strong></span> <span class='ocrx_word' id='word_1_94' title='bbox 571 682 600 705; x_wconf 92' lang='lat' dir='ltr'><strong>et</strong></span> <span class='ocrx_word' id='word_1_95' title='bbox 614 677 675 704; x_wconf 56' lang='lat' dir='ltr'><strong>ideo</strong></span> <span class='ocrx_word' id='word_1_96' title='bbox 691 677 715 705; x_wconf 90' lang='lat' dir='ltr'><strong>si</strong></span> <span class='ocrx_word' id='word_1_97' title='bbox 730 678 895 706; x_wconf 82' lang='lat' dir='ltr'><strong>naturaliter</strong></span> 
     </span>
    </p>
   </div>
   <div class='ocr_carea' id='block_1_16' title="bbox 101 722 894 759">
    <p class='ocr_par' dir='ltr' id='par_1_16' title="bbox 101 722 894 759">
     <span class='ocr_line' id='line_1_16' title="bbox 101 722 894 759; baseline 0.003 -10"><span class='ocrx_word' id='word_1_98' title='bbox 101 722 171 750; x_wconf 72' lang='lat' dir='ltr'><strong>Deus</strong></span> <span class='ocrx_word' id='word_1_99' title='bbox 189 723 312 750; x_wconf 84' lang='lat' dir='ltr'><strong>Verbum</strong></span> <span class='ocrx_word' id='word_1_100' title='bbox 337 723 457 759; x_wconf 66' lang='lat' dir='ltr'><strong>propriae</strong></span> <span class='ocrx_word' id='word_1_101' title='bbox 471 723 550 750; x_wconf 89' lang='lat' dir='ltr'><strong>carni</strong></span> <span class='ocrx_word' id='word_1_102' title='bbox 572 724 668 751; x_wconf 89' lang='lat' dir='ltr'><strong>unitns</strong></span> <span class='ocrx_word' id='word_1_103' title='bbox 683 728 736 756; x_wconf 88' lang='lat' dir='ltr'><strong>est,</strong></span> <span class='ocrx_word' id='word_1_104' title='bbox 761 731 817 751; x_wconf 91' lang='lat' dir='ltr'><strong>non</strong></span> <span class='ocrx_word' id='word_1_105' title='bbox 837 725 894 759; x_wconf 82' lang='lat' dir='ltr'><strong>jam</strong></span> 
     </span>
    </p>
   </div>
   <div class='ocr_carea' id='block_1_17' title="bbox 102 768 895 804">
    <p class='ocr_par' dir='ltr' id='par_1_17' title="bbox 102 768 895 804">
     <span class='ocr_line' id='line_1_17' title="bbox 102 768 895 804; baseline 0.004 -9"><span class='ocrx_word' id='word_1_106' title='bbox 102 768 329 801; x_wconf 85' lang='lat' dir='ltr'><strong>misericorditer,</strong></span> <span class='ocrx_word' id='word_1_107' title='bbox 358 769 408 797; x_wconf 91' lang='lat' dir='ltr'><strong>sed</strong></span> <span class='ocrx_word' id='word_1_108' title='bbox 431 769 553 804; x_wconf 87' lang='lat' dir='ltr'><strong>impulsu</strong></span> <span class='ocrx_word' id='word_1_109' title='bbox 578 770 699 797; x_wconf 83' lang='lat' dir='ltr'><strong>naturali</strong></span> <span class='ocrx_word' id='word_1_110' title='bbox 723 770 776 798; x_wconf 90' lang='lat' dir='ltr'><strong>hoc</strong></span> <span class='ocrx_word' id='word_1_111' title='bbox 796 770 895 798; x_wconf 82' lang='lat' dir='ltr'><strong>fecisse</strong></span> 
     </span>
    </p>
   </div>
   <div class='ocr_carea' id='block_1_18' title="bbox 101 813 327 842">
    <p class='ocr_par' dir='ltr' id='par_1_18' title="bbox 101 813 327 842">
     <span class='ocr_line' id='line_1_18' title="bbox 101 813 327 842; baseline 0.004 -1"><span class='ocrx_word' id='word_1_112' title='bbox 101 813 256 841; x_wconf 83' lang='lat' dir='ltr'><strong>credendus</strong></span> <span class='ocrx_word' id='word_1_113' title='bbox 273 819 327 842; x_wconf 85' lang='lat' dir='ltr'><strong>est.</strong></span> 
     </span>
    </p>
   </div>
   <div class='ocr_carea' id='block_1_19' title="bbox 134 860 890 896">
    <p class='ocr_par' dir='ltr' id='par_1_19' title="bbox 134 860 890 896">
     <span class='ocr_line' id='line_1_19' title="bbox 134 860 890 896; baseline 0.003 -9"><span class='ocrx_word' id='word_1_114' title='bbox 134 860 162 887; x_wconf 92' lang='lat' dir='ltr'><strong>C.</strong></span> <span class='ocrx_word' id='word_1_115' title='bbox 178 860 282 888; x_wconf 86' lang='lat' dir='ltr'><strong>Definis</strong></span> <span class='ocrx_word' id='word_1_116' title='bbox 307 868 373 896; x_wconf 82' lang='lat' dir='ltr'><strong>ergo</strong></span> <span class='ocrx_word' id='word_1_117' title='bbox 396 861 527 889; x_wconf 88' lang='lat' dir='ltr'><strong>universa</strong></span> <span class='ocrx_word' id='word_1_118' title='bbox 540 869 601 896; x_wconf 71' lang='lat' dir='ltr'><strong>quae</strong></span> <span class='ocrx_word' id='word_1_119' title='bbox 615 861 780 889; x_wconf 83' lang='lat' dir='ltr'><strong>naturaliter</strong></span> <span class='ocrx_word' id='word_1_120' title='bbox 789 861 890 889; x_wconf 88' lang='lat' dir='ltr'><strong>dicun-</strong></span> 
     </span>
    </p>
   </div>
   <div class='ocr_carea' id='block_1_20' title="bbox 102 906 660 939">
    <p class='ocr_par' dir='ltr' id='par_1_20' title="bbox 102 906 660 939">
     <span class='ocr_line' id='line_1_20' title="bbox 102 906 660 939; baseline 0.002 -6"><span class='ocrx_word' id='word_1_121' title='bbox 102 911 154 939; x_wconf 85' lang='lat' dir='ltr'><strong>tur,</strong></span> <span class='ocrx_word' id='word_1_122' title='bbox 165 906 332 934; x_wconf 85' lang='lat' dir='ltr'><strong>necessitate</strong></span> <span class='ocrx_word' id='word_1_123' title='bbox 344 906 403 934; x_wconf 86' lang='lat' dir='ltr'><strong>iieri</strong></span> <span class='ocrx_word' id='word_1_124' title='bbox 421 915 477 934; x_wconf 91' lang='lat' dir='ltr'><strong>non</strong></span> <span class='ocrx_word' id='word_1_125' title='bbox 493 907 636 935; x_wconf 80' lang='lat' dir='ltr'><strong>voluntate</strong></span> <span class='ocrx_word' id='word_1_126' title='bbox 649 907 660 934; x_wconf 90' lang='lat'><strong>?</strong></span> 
     </span>
    </p>
   </div>
   <div class='ocr_carea' id='block_1_21' title="bbox 133 951 890 988">
    <p class='ocr_par' dir='ltr' id='par_1_21' title="bbox 133 951 890 988">
     <span class='ocr_line' id='line_1_21' title="bbox 133 951 890 988; baseline 0.001 -9"><span class='ocrx_word' id='word_1_127' title='bbox 133 952 163 979; x_wconf 76' lang='grc' dir='ltr'><strong>Ν.</strong></span> <span class='ocrx_word' id='word_1_128' title='bbox 175 951 233 979; x_wconf 80' lang='lat' dir='ltr'><strong>[Ioc</strong></span> <span class='ocrx_word' id='word_1_129' title='bbox 244 952 376 984; x_wconf 77' lang='lat' dir='ltr'><strong>arbitror,</strong></span> <span class='ocrx_word' id='word_1_130' title='bbox 387 952 508 988; x_wconf 89' lang='lat' dir='ltr'><strong>denique</strong></span> <span class='ocrx_word' id='word_1_131' title='bbox 519 953 653 986; x_wconf 85' lang='lat' dir='ltr'><strong>esuriem,</strong></span> <span class='ocrx_word' id='word_1_132' title='bbox 662 953 750 985; x_wconf 87' lang='lat' dir='ltr'><strong>sitim,</strong></span> <span class='ocrx_word' id='word_1_133' title='bbox 763 961 890 981; x_wconf 86' lang='lat' dir='ltr'><strong>somnum</strong></span> 
     </span>
    </p>
   </div>
   <div class='ocr_carea' id='block_1_22' title="bbox 101 998 891 1034">
    <p class='ocr_par' dir='ltr' id='par_1_22' title="bbox 101 998 891 1034">
     <span class='ocr_line' id='line_1_22' title="bbox 101 998 891 1034; baseline 0.003 -10"><span class='ocrx_word' id='word_1_134' title='bbox 101 1005 153 1024; x_wconf 90' lang='lat' dir='ltr'><strong>non</strong></span> <span class='ocrx_word' id='word_1_135' title='bbox 165 998 320 1030; x_wconf 81' lang='lat' dir='ltr'><strong>voluntate,</strong></span> <span class='ocrx_word' id='word_1_136' title='bbox 338 998 387 1026; x_wconf 90' lang='lat' dir='ltr'><strong>sed</strong></span> <span class='ocrx_word' id='word_1_137' title='bbox 404 999 529 1027; x_wconf 85' lang='lat' dir='ltr'><strong>naturale</strong></span> <span class='ocrx_word' id='word_1_138' title='bbox 548 999 690 1033; x_wconf 87' lang='lat' dir='ltr'><strong>patimur;</strong></span> <span class='ocrx_word' id='word_1_139' title='bbox 708 999 783 1034; x_wconf 90' lang='lat' dir='ltr'><strong>quod</strong></span> <span class='ocrx_word' id='word_1_140' title='bbox 798 1005 891 1028; x_wconf 85' lang='lat' dir='ltr'><strong>autem</strong></span> 
     </span>
    </p>
   </div>
   <div class='ocr_carea' id='block_1_23' title="bbox 101 1043 893 1078">
    <p class='ocr_par' dir='ltr' id='par_1_23' title="bbox 101 1043 893 1078">
     <span class='ocr_line' id='line_1_23' title="bbox 101 1043 893 1078; baseline 0.003 -8"><span class='ocrx_word' id='word_1_141' title='bbox 101 1050 153 1069; x_wconf 82' lang='lat' dir='ltr'><strong>non</strong></span> <span class='ocrx_word' id='word_1_142' title='bbox 168 1043 199 1070; x_wconf 83' lang='lat' dir='ltr'><strong>ﬁt</strong></span> <span class='ocrx_word' id='word_1_143' title='bbox 212 1043 364 1075; x_wconf 80' lang='lat' dir='ltr'><strong>voluntate,</strong></span> <span class='ocrx_word' id='word_1_144' title='bbox 377 1044 482 1078; x_wconf 79' lang='lat' dir='ltr'><strong>geritur</strong></span> <span class='ocrx_word' id='word_1_145' title='bbox 495 1043 555 1071; x_wconf 87' lang='lat' dir='ltr'><strong>sine</strong></span> <span class='ocrx_word' id='word_1_146' title='bbox 566 1043 651 1071; x_wconf 88' lang='lat' dir='ltr'><strong>dubio</strong></span> <span class='ocrx_word' id='word_1_147' title='bbox 664 1044 832 1072; x_wconf 85' lang='lat' dir='ltr'><strong>necessitate</strong></span> <span class='ocrx_word' id='word_1_148' title='bbox 843 1053 893 1072; x_wconf 88' lang='lat' dir='ltr'><strong>na-</strong></span> 
     </span>
    </p>
   </div>
   <div class='ocr_carea' id='block_1_24' title="bbox 102 1089 890 1125">
    <p class='ocr_par' dir='ltr' id='par_1_24' title="bbox 102 1089 890 1125">
     <span class='ocr_line' id='line_1_24' title="bbox 102 1089 890 1125; baseline 0.003 -10"><span class='ocrx_word' id='word_1_149' title='bbox 102 1092 176 1116; x_wconf 71' lang='lat' dir='ltr'><strong>turae.</strong></span> <span class='ocrx_word' id='word_1_150' title='bbox 197 1089 261 1116; x_wconf 68' lang='lat' dir='ltr'><strong>Haec</strong></span> <span class='ocrx_word' id='word_1_151' title='bbox 275 1097 336 1124; x_wconf 65' lang='lat' dir='ltr'><strong>qum</strong></span> <span class='ocrx_word' id='word_1_152' title='bbox 357 1089 437 1121; x_wconf 88' lang='lat' dir='ltr'><strong>dicis.</strong></span> <span class='ocrx_word' id='word_1_153' title='bbox 458 1089 620 1124; x_wconf 63' lang='lat' dir='ltr'><strong>compositae</strong></span> <span class='ocrx_word' id='word_1_154' title='bbox 635 1094 663 1117; x_wconf 88' lang='lat' dir='ltr'><strong>et</strong></span> <span class='ocrx_word' id='word_1_155' title='bbox 676 1090 815 1125; x_wconf 86' lang='lat' dir='ltr'><strong>passibilis</strong></span> <span class='ocrx_word' id='word_1_156' title='bbox 840 1098 890 1117; x_wconf 89' lang='lat' dir='ltr'><strong>na-</strong></span> 
     </span>
    </p>
   </div>
   <div class='ocr_carea' id='block_1_25' title="bbox 100 1135 892 1169">
    <p class='ocr_par' dir='ltr' id='par_1_25' title="bbox 100 1135 892 1169">
     <span class='ocr_line' id='line_1_25' title="bbox 100 1135 892 1169; baseline 0.003 -9"><span class='ocrx_word' id='word_1_157' title='bbox 100 1138 166 1161; x_wconf 76' lang='lat' dir='ltr'><strong>tura:</strong></span> <span class='ocrx_word' id='word_1_158' title='bbox 181 1138 248 1161; x_wconf 88' lang='lat' dir='ltr'><strong>sunt</strong></span> <span class='ocrx_word' id='word_1_159' title='bbox 270 1136 393 1169; x_wconf 88' lang='lat' dir='ltr'><strong>propria,</strong></span> <span class='ocrx_word' id='word_1_160' title='bbox 411 1135 575 1169; x_wconf 85' lang='lat' dir='ltr'><strong>impassibili</strong></span> <span class='ocrx_word' id='word_1_161' title='bbox 592 1139 686 1166; x_wconf 84' lang='lat' dir='ltr'><strong>autem</strong></span> <span class='ocrx_word' id='word_1_162' title='bbox 701 1138 729 1162; x_wconf 91' lang='lat' dir='ltr'><strong>et</strong></span> <span class='ocrx_word' id='word_1_163' title='bbox 746 1135 892 1169; x_wconf 88' lang='lat' dir='ltr'><strong>incompo-</strong></span> 
     </span>
    </p>
   </div>
   <div class='ocr_carea' id='block_1_26' title="bbox 100 1172 891 1214">
    <p class='ocr_par' dir='ltr' id='par_1_26' title="bbox 100 1172 891 1214">
     <span class='ocr_line' id='line_1_26' title="bbox 100 1172 891 1214; baseline 0.001 -7"><span class='ocrx_word' id='word_1_164' title='bbox 100 1180 155 1207; x_wconf 63' lang='lat' dir='ltr'><strong>sitae</strong></span> <span class='ocrx_word' id='word_1_165' title='bbox 181 1172 239 1207; x_wconf 78' lang='lat' dir='ltr'><strong>non</strong></span> <span class='ocrx_word' id='word_1_166' title='bbox 263 1185 303 1207; x_wconf 86' lang='lat' dir='ltr'><strong>est</strong></span> <span class='ocrx_word' id='word_1_167' title='bbox 322 1181 398 1208; x_wconf 87' lang='lat' dir='ltr'><strong>aliud</strong></span> <span class='ocrx_word' id='word_1_168' title='bbox 426 1180 606 1213; x_wconf 84' lang='lat' dir='ltr'><strong>naturaliter,</strong></span> <span class='ocrx_word' id='word_1_169' title='bbox 635 1181 711 1214; x_wconf 81' lang='lat' dir='ltr'><strong>aliud</strong></span> <span class='ocrx_word' id='word_1_170' title='bbox 735 1182 891 1209; x_wconf 84' lang='lat' dir='ltr'><strong>voluntarie</strong></span> 
     </span>
    </p>
   </div>
   <div class='ocr_carea' id='block_1_27' title="bbox 100 1225 891 1262">
    <p class='ocr_par' dir='ltr' id='par_1_27' title="bbox 100 1225 891 1262">
     <span class='ocr_line' id='line_1_27' title="bbox 100 1225 891 1262; baseline 0.003 -10"><span class='ocrx_word' id='word_1_171' title='bbox 100 1225 241 1260; x_wconf 88' lang='lat' dir='ltr'><strong>quidpiam</strong></span> <span class='ocrx_word' id='word_1_172' title='bbox 256 1225 356 1258; x_wconf 84' lang='lat' dir='ltr'><strong>facere,</strong></span> <span class='ocrx_word' id='word_1_173' title='bbox 372 1225 420 1253; x_wconf 88' lang='lat' dir='ltr'><strong>sed</strong></span> <span class='ocrx_word' id='word_1_174' title='bbox 441 1234 555 1262; x_wconf 87' lang='lat' dir='ltr'><strong>prorsus</strong></span> <span class='ocrx_word' id='word_1_175' title='bbox 569 1234 655 1254; x_wconf 91' lang='lat' dir='ltr'><strong>unum</strong></span> <span class='ocrx_word' id='word_1_176' title='bbox 673 1231 755 1262; x_wconf 88' lang='lat' dir='ltr'><strong>atque</strong></span> <span class='ocrx_word' id='word_1_177' title='bbox 772 1226 891 1261; x_wconf 87' lang='lat' dir='ltr'><strong>idipsum</strong></span> 
     </span>
    </p>
   </div>
   <div class='ocr_carea' id='block_1_28' title="bbox 100 1271 890 1306">
    <p class='ocr_par' dir='ltr' id='par_1_28' title="bbox 100 1271 890 1306">
     <span class='ocr_line' id='line_1_28' title="bbox 100 1271 890 1306; baseline 0.004 -9"><span class='ocrx_word' id='word_1_178' title='bbox 100 1275 151 1298; x_wconf 87' lang='lat' dir='ltr'><strong>est.</strong></span> <span class='ocrx_word' id='word_1_179' title='bbox 168 1271 238 1304; x_wconf 87' lang='lat' dir='ltr'><strong>Quia</strong></span> <span class='ocrx_word' id='word_1_180' title='bbox 257 1271 296 1298; x_wconf 85' lang='lat' dir='ltr'><strong>ibi</strong></span> <span class='ocrx_word' id='word_1_181' title='bbox 316 1279 372 1298; x_wconf 87' lang='lat' dir='ltr'><strong>non</strong></span> <span class='ocrx_word' id='word_1_182' title='bbox 387 1271 462 1299; x_wconf 88' lang='lat' dir='ltr'><strong>aliud</strong></span> <span class='ocrx_word' id='word_1_183' title='bbox 481 1276 524 1300; x_wconf 90' lang='lat' dir='ltr'><strong>est</strong></span> <span class='ocrx_word' id='word_1_184' title='bbox 535 1277 644 1305; x_wconf 90' lang='lat' dir='ltr'><strong>natura,</strong></span> <span class='ocrx_word' id='word_1_185' title='bbox 656 1272 731 1300; x_wconf 90' lang='lat' dir='ltr'><strong>aliud</strong></span> <span class='ocrx_word' id='word_1_186' title='bbox 747 1273 890 1306; x_wconf 89' lang='lat' dir='ltr'><strong>voluntas,</strong></span> 
     </span>
    </p>
   </div>
   <div class='ocr_carea' id='block_1_29' title="bbox 99 1317 891 1350">
    <p class='ocr_par' dir='ltr' id='par_1_29' title="bbox 99 1317 891 1350">
     <span class='ocr_line' id='line_1_29' title="bbox 99 1317 891 1350; baseline 0.003 -6"><span class='ocrx_word' id='word_1_187' title='bbox 99 1317 146 1344; x_wconf 91' lang='lat' dir='ltr'><strong>sed</strong></span> <span class='ocrx_word' id='word_1_188' title='bbox 161 1322 262 1344; x_wconf 89' lang='lat' dir='ltr'><strong>natura</strong></span> <span class='ocrx_word' id='word_1_189' title='bbox 271 1318 399 1345; x_wconf 85' lang='lat' dir='ltr'><strong>voluntas</strong></span> <span class='ocrx_word' id='word_1_190' title='bbox 412 1322 464 1350; x_wconf 91' lang='lat' dir='ltr'><strong>est,</strong></span> <span class='ocrx_word' id='word_1_191' title='bbox 480 1322 508 1345; x_wconf 90' lang='lat' dir='ltr'><strong>et</strong></span> <span class='ocrx_word' id='word_1_192' title='bbox 520 1318 650 1345; x_wconf 84' lang='lat' dir='ltr'><strong>voluntas</strong></span> <span class='ocrx_word' id='word_1_193' title='bbox 662 1323 771 1346; x_wconf 86' lang='lat' dir='ltr'><strong>natura.</strong></span> <span class='ocrx_word' id='word_1_194' title='bbox 784 1319 891 1346; x_wconf 84' lang='lat' dir='ltr'><strong>Idcirco</strong></span> 
     </span>
    </p>
   </div>
   <div class='ocr_carea' id='block_1_30' title="bbox 99 1363 892 1397">
    <p class='ocr_par' dir='ltr' id='par_1_30' title="bbox 99 1363 892 1397">
     <span class='ocr_line' id='line_1_30' title="bbox 99 1363 892 1397; baseline 0.003 -8"><span class='ocrx_word' id='word_1_195' title='bbox 99 1363 170 1390; x_wconf 79' lang='lat' dir='ltr'><strong>Deus</strong></span> <span class='ocrx_word' id='word_1_196' title='bbox 182 1363 318 1395; x_wconf 83' lang='lat' dir='ltr'><strong>Verbum,</strong></span> <span class='ocrx_word' id='word_1_197' title='bbox 333 1363 378 1390; x_wconf 90' lang='lat' dir='ltr'><strong>cui</strong></span> <span class='ocrx_word' id='word_1_198' title='bbox 394 1364 469 1390; x_wconf 89' lang='lat' dir='ltr'><strong>nulla</strong></span> <span class='ocrx_word' id='word_1_199' title='bbox 485 1364 614 1391; x_wconf 89' lang='lat' dir='ltr'><strong>voluntas</strong></span> <span class='ocrx_word' id='word_1_200' title='bbox 628 1368 671 1392; x_wconf 88' lang='lat' dir='ltr'><strong>est</strong></span> <span class='ocrx_word' id='word_1_201' title='bbox 684 1363 826 1397; x_wconf 87' lang='lat' dir='ltr'><strong>accidens,</strong></span> <span class='ocrx_word' id='word_1_202' title='bbox 844 1368 892 1391; x_wconf 90' lang='lat' dir='ltr'><strong>aut</strong></span> 
     </span>
    </p>
   </div>
   <div class='ocr_carea' id='block_1_31' title="bbox 101 1409 891 1443">
    <p class='ocr_par' dir='ltr' id='par_1_31' title="bbox 101 1409 891 1443">
     <span class='ocr_line' id='line_1_31' title="bbox 101 1409 891 1443; baseline 0.001 -7"><span class='ocrx_word' id='word_1_203' title='bbox 101 1413 198 1436; x_wconf 89' lang='lat' dir='ltr'><strong>natura</strong></span> <span class='ocrx_word' id='word_1_204' title='bbox 227 1409 378 1443; x_wconf 87' lang='lat' dir='ltr'><strong>passibilis,</strong></span> <span class='ocrx_word' id='word_1_205' title='bbox 410 1418 473 1437; x_wconf 90' lang='lat' dir='ltr'><strong>cum</strong></span> <span class='ocrx_word' id='word_1_206' title='bbox 499 1409 602 1437; x_wconf 90' lang='lat' dir='ltr'><strong>dicitur</strong></span> <span class='ocrx_word' id='word_1_207' title='bbox 626 1410 791 1437; x_wconf 86' lang='lat' dir='ltr'><strong>naturaliter</strong></span> <span class='ocrx_word' id='word_1_208' title='bbox 813 1410 891 1437; x_wconf 89' lang='lat' dir='ltr'><strong>carni</strong></span> 
     </span>
    </p>
   </div>
   <div class='ocr_carea' id='block_1_32' title="bbox 100 1455 892 1488">
    <p class='ocr_par' dir='ltr' id='par_1_32' title="bbox 100 1455 892 1488">
     <span class='ocr_line' id='line_1_32' title="bbox 100 1455 892 1488; baseline 0.001 -7"><span class='ocrx_word' id='word_1_209' title='bbox 100 1455 207 1487; x_wconf 87' lang='lat' dir='ltr'><strong>unitus,</strong></span> <span class='ocrx_word' id='word_1_210' title='bbox 225 1462 281 1481; x_wconf 93' lang='lat' dir='ltr'><strong>non</strong></span> <span class='ocrx_word' id='word_1_211' title='bbox 291 1455 468 1488; x_wconf 81' lang='lat' dir='ltr'><strong>necessitate,</strong></span> <span class='ocrx_word' id='word_1_212' title='bbox 481 1455 531 1482; x_wconf 88' lang='lat' dir='ltr'><strong>scd</strong></span> <span class='ocrx_word' id='word_1_213' title='bbox 546 1455 690 1482; x_wconf 81' lang='lat' dir='ltr'><strong>voluntate</strong></span> <span class='ocrx_word' id='word_1_214' title='bbox 704 1455 829 1483; x_wconf 87' lang='lat' dir='ltr'><strong>creditur</strong></span> <span class='ocrx_word' id='word_1_215' title='bbox 839 1455 892 1483; x_wconf 91' lang='lat' dir='ltr'><strong>hoc</strong></span> 
     </span>
    </p>
   </div>
   <div class='ocr_carea' id='block_1_33' title="bbox 99 1501 892 1536">
    <p class='ocr_par' dir='ltr' id='par_1_33' title="bbox 99 1501 892 1536">
     <span class='ocr_line' id='line_1_33' title="bbox 99 1501 892 1536; baseline 0 -8"><span class='ocrx_word' id='word_1_216' title='bbox 99 1501 209 1529; x_wconf 89' lang='lat' dir='ltr'><strong>fecisse.</strong></span> <span class='ocrx_word' id='word_1_217' title='bbox 226 1501 356 1536; x_wconf 84' lang='lat' dir='ltr'><strong>Alioquin</strong></span> <span class='ocrx_word' id='word_1_218' title='bbox 382 1509 486 1536; x_wconf 67' lang='lat' dir='ltr'><strong>quaero,</strong></span> <span class='ocrx_word' id='word_1_219' title='bbox 511 1506 604 1529; x_wconf 91' lang='lat' dir='ltr'><strong>utrum</strong></span> <span class='ocrx_word' id='word_1_220' title='bbox 619 1502 784 1529; x_wconf 87' lang='lat' dir='ltr'><strong>naturaliter</strong></span> <span class='ocrx_word' id='word_1_221' title='bbox 804 1502 892 1529; x_wconf 89' lang='lat' dir='ltr'><strong>Deum</strong></span> 
     </span>
    </p>
   </div>
   <div class='ocr_carea' id='block_1_34' title="bbox 99 1545 893 1574">
    <p class='ocr_par' dir='ltr' id='par_1_34' title="bbox 99 1545 893 1574">
     <span class='ocr_line' id='line_1_34' title="bbox 99 1545 893 1574; baseline -0.001 -1"><span class='ocrx_word' id='word_1_222' title='bbox 99 1546 195 1573; x_wconf 86' lang='lat' dir='ltr'><strong>credas</strong></span> <span class='ocrx_word' id='word_1_223' title='bbox 215 1553 278 1573; x_wconf 83' lang='lat' dir='ltr'><strong>esse</strong></span> <span class='ocrx_word' id='word_1_224' title='bbox 295 1553 330 1573; x_wconf 86' lang='lat' dir='ltr'><strong>an</strong></span> <span class='ocrx_word' id='word_1_225' title='bbox 342 1546 519 1573; x_wconf 86' lang='lat' dir='ltr'><strong>voluntarie?</strong></span> <span class='ocrx_word' id='word_1_226' title='bbox 536 1545 564 1573; x_wconf 88' lang='lat' dir='ltr'><strong>Si</strong></span> <span class='ocrx_word' id='word_1_227' title='bbox 580 1546 656 1573; x_wconf 90' lang='lat' dir='ltr'><strong>enim</strong></span> <span class='ocrx_word' id='word_1_228' title='bbox 677 1546 833 1574; x_wconf 87' lang='lat' dir='ltr'><strong>voluntarie</strong></span> <span class='ocrx_word' id='word_1_229' title='bbox 849 1546 893 1573; x_wconf 93' lang='lat' dir='ltr'><strong>di-</strong></span> 
     </span>
    </p>
   </div>
   <div class='ocr_carea' id='block_1_35' title="bbox 99 1591 893 1627">
    <p class='ocr_par' dir='ltr' id='par_1_35' title="bbox 99 1591 893 1627">
     <span class='ocr_line' id='line_1_35' title="bbox 99 1591 893 1627; baseline 0 -8"><span class='ocrx_word' id='word_1_230' title='bbox 99 1592 181 1625; x_wconf 81' lang='lat' dir='ltr'><strong>xeris,</strong></span> <span class='ocrx_word' id='word_1_231' title='bbox 201 1592 333 1627; x_wconf 83' lang='lat' dir='ltr'><strong>sequitur</strong></span> <span class='ocrx_word' id='word_1_232' title='bbox 348 1596 378 1620; x_wconf 89' lang='lat' dir='ltr'><strong>ut</strong></span> <span class='ocrx_word' id='word_1_233' title='bbox 394 1600 452 1620; x_wconf 91' lang='lat' dir='ltr'><strong>non</strong></span> <span class='ocrx_word' id='word_1_234' title='bbox 468 1592 504 1620; x_wconf 90' lang='lat' dir='ltr'><strong>sit</strong></span> <span class='ocrx_word' id='word_1_235' title='bbox 516 1592 683 1620; x_wconf 85' lang='lat' dir='ltr'><strong>naturaliter</strong></span> <span class='ocrx_word' id='word_1_236' title='bbox 694 1591 779 1619; x_wconf 91' lang='lat' dir='ltr'><strong>Deus.</strong></span> <span class='ocrx_word' id='word_1_237' title='bbox 795 1591 824 1619; x_wconf 91' lang='lat' dir='ltr'><strong>Si</strong></span> <span class='ocrx_word' id='word_1_238' title='bbox 842 1600 893 1619; x_wconf 92' lang='lat' dir='ltr'><strong>au-</strong></span> 
     </span>
    </p>
   </div>
   <div class='ocr_carea' id='block_1_36' title="bbox 100 1639 894 1676">
    <p class='ocr_par' dir='ltr' id='par_1_36' title="bbox 100 1639 894 1676">
     <span class='ocr_line' id='line_1_36' title="bbox 100 1639 894 1676; baseline 0 -9"><span class='ocrx_word' id='word_1_239' title='bbox 100 1645 153 1667; x_wconf 87' lang='lat' dir='ltr'><strong>tem</strong></span> <span class='ocrx_word' id='word_1_240' title='bbox 164 1639 332 1668; x_wconf 81' lang='lat' dir='ltr'><strong>naturaliter</strong></span> <span class='ocrx_word' id='word_1_241' title='bbox 348 1641 440 1676; x_wconf 83' lang='lat' dir='ltr'><strong>pergis</strong></span> <span class='ocrx_word' id='word_1_242' title='bbox 452 1648 587 1674; x_wconf 87' lang='lat' dir='ltr'><strong>asserere,</strong></span> <span class='ocrx_word' id='word_1_243' title='bbox 603 1641 658 1668; x_wconf 89' lang='lat' dir='ltr'><strong>erit</strong></span> <span class='ocrx_word' id='word_1_244' title='bbox 669 1648 734 1675; x_wconf 81' lang='lat' dir='ltr'><strong>ergo</strong></span> <span class='ocrx_word' id='word_1_245' title='bbox 749 1640 827 1675; x_wconf 79' lang='lat' dir='ltr'><strong>juxta</strong></span> <span class='ocrx_word' id='word_1_246' title='bbox 844 1647 894 1667; x_wconf 87' lang='lat' dir='ltr'><strong>vos</strong></span> 
     </span>
    </p>
   </div>
   <div class='ocr_carea' id='block_1_37' title="bbox 98 1686 909 1723">
    <p class='ocr_par' dir='ltr' id='par_1_37' title="bbox 98 1686 909 1723">
     <span class='ocr_line' id='line_1_37' title="bbox 98 1686 909 1723; baseline 0 -9"><span class='ocrx_word' id='word_1_247' title='bbox 98 1686 170 1714; x_wconf 85' lang='lat' dir='ltr'><strong>Dens</strong></span> <span class='ocrx_word' id='word_1_248' title='bbox 183 1687 363 1720; x_wconf 83' lang='lat' dir='ltr'><strong>necessitate,</strong></span> <span class='ocrx_word' id='word_1_249' title='bbox 381 1695 438 1714; x_wconf 85' lang='lat' dir='ltr'><strong>non</strong></span> <span class='ocrx_word' id='word_1_250' title='bbox 458 1687 611 1719; x_wconf 78' lang='lat' dir='ltr'><strong>voluntate,</strong></span> <span class='ocrx_word' id='word_1_251' title='bbox 630 1686 704 1721; x_wconf 89' lang='lat' dir='ltr'><strong>quod</strong></span> <span class='ocrx_word' id='word_1_252' title='bbox 715 1687 749 1714; x_wconf 86' lang='lat' dir='ltr'><strong>de</strong></span> <span class='ocrx_word' id='word_1_253' title='bbox 761 1687 818 1714; x_wconf 89' lang='lat' dir='ltr'><strong>Deo</strong></span> <span class='ocrx_word' id='word_1_254' title='bbox 831 1694 909 1723; x_wconf 45' lang='grc' dir='ltr'><strong>(ξι-εχ</strong></span> 
     </span>
    </p>
   </div>
   <div class='ocr_carea' id='block_1_38' title="bbox 98 1732 892 1769">
    <p class='ocr_par' dir='ltr' id='par_1_38' title="bbox 98 1732 892 1769">
     <span class='ocr_line' id='line_1_38' title="bbox 98 1732 892 1769; baseline -0.003 -8"><span class='ocrx_word' id='word_1_255' title='bbox 98 1732 162 1761; x_wconf 88' lang='lat' dir='ltr'><strong>dere</strong></span> <span class='ocrx_word' id='word_1_256' title='bbox 178 1742 278 1769; x_wconf 75' lang='lat' dir='ltr'><strong>magna</strong></span> <span class='ocrx_word' id='word_1_257' title='bbox 294 1733 434 1760; x_wconf 88' lang='lat' dir='ltr'><strong>dementia</strong></span> <span class='ocrx_word' id='word_1_258' title='bbox 451 1737 502 1760; x_wconf 91' lang='lat' dir='ltr'><strong>est.</strong></span> <span class='ocrx_word' id='word_1_259' title='bbox 517 1733 552 1760; x_wconf 88' lang='lat' dir='ltr'><strong>Et</strong></span> <span class='ocrx_word' id='word_1_260' title='bbox 566 1733 629 1760; x_wconf 89' lang='lat' dir='ltr'><strong>ideo</strong></span> <span class='ocrx_word' id='word_1_261' title='bbox 638 1741 694 1760; x_wconf 91' lang='lat' dir='ltr'><strong>non</strong></span> <span class='ocrx_word' id='word_1_262' title='bbox 709 1737 751 1760; x_wconf 89' lang='lat' dir='ltr'><strong>est</strong></span> <span class='ocrx_word' id='word_1_263' title='bbox 766 1732 892 1767; x_wconf 91' lang='lat' dir='ltr'><strong>impium,</strong></span> 
     </span>
    </p>
   </div>
   <div class='ocr_carea' id='block_1_39' title="bbox 98 1778 893 1814">
    <p class='ocr_par' dir='ltr' id='par_1_39' title="bbox 98 1778 893 1814">
     <span class='ocr_line' id='line_1_39' title="bbox 98 1778 893 1814; baseline -0.001 -8"><span class='ocrx_word' id='word_1_264' title='bbox 98 1786 148 1806; x_wconf 76' lang='lat' dir='ltr'><strong>nec</strong></span> <span class='ocrx_word' id='word_1_265' title='bbox 168 1787 183 1806; x_wconf 93' lang='lat' dir='ltr'><strong>a</strong></span> <span class='ocrx_word' id='word_1_266' title='bbox 207 1779 354 1806; x_wconf 82' lang='lat' dir='ltr'><strong>catholicis</strong></span> <span class='ocrx_word' id='word_1_267' title='bbox 368 1778 545 1814; x_wconf 78' lang='lat' dir='ltr'><strong>dogmatibus</strong></span> <span class='ocrx_word' id='word_1_268' title='bbox 559 1778 699 1811; x_wconf 89' lang='lat' dir='ltr'><strong>alienum,</strong></span> <span class='ocrx_word' id='word_1_269' title='bbox 720 1778 807 1805; x_wconf 89' lang='lat' dir='ltr'><strong>Deum</strong></span> <span class='ocrx_word' id='word_1_270' title='bbox 824 1779 893 1806; x_wconf 85' lang='lat' dir='ltr'><strong>Ver-</strong></span> 
     </span>
    </p>
   </div>
   <div class='ocr_carea' id='block_1_40' title="bbox 98 1824 893 1860">
    <p class='ocr_par' dir='ltr' id='par_1_40' title="bbox 98 1824 893 1860">
     <span class='ocr_line' id='line_1_40' title="bbox 98 1824 893 1860; baseline 0 -8"><span class='ocrx_word' id='word_1_271' title='bbox 98 1825 164 1852; x_wconf 90' lang='lat' dir='ltr'><strong>bum</strong></span> <span class='ocrx_word' id='word_1_272' title='bbox 185 1826 351 1853; x_wconf 88' lang='lat' dir='ltr'><strong>naturaliter</strong></span> <span class='ocrx_word' id='word_1_273' title='bbox 365 1824 485 1860; x_wconf 65' lang='lat' dir='ltr'><strong>proprite</strong></span> <span class='ocrx_word' id='word_1_274' title='bbox 500 1825 575 1853; x_wconf 87' lang='lat' dir='ltr'><strong>carni</strong></span> <span class='ocrx_word' id='word_1_275' title='bbox 595 1824 704 1852; x_wconf 89' lang='lat' dir='ltr'><strong>unitum</strong></span> <span class='ocrx_word' id='word_1_276' title='bbox 720 1824 844 1858; x_wconf 89' lang='lat' dir='ltr'><strong>credere,</strong></span> <span class='ocrx_word' id='word_1_277' title='bbox 858 1825 893 1852; x_wconf 88' lang='lat' dir='ltr'><strong>ad</strong></span> 
     </span>
    </p>
   </div>
   <div class='ocr_carea' id='block_1_41' title="bbox 97 1871 893 1907">
    <p class='ocr_par' dir='ltr' id='par_1_41' title="bbox 97 1871 893 1907">
     <span class='ocr_line' id='line_1_41' title="bbox 97 1871 893 1907; baseline -0.001 -8"><span class='ocrx_word' id='word_1_278' title='bbox 97 1871 287 1899; x_wconf 81' lang='lat' dir='ltr'><strong>excludendos</strong></span> <span class='ocrx_word' id='word_1_279' title='bbox 315 1880 363 1899; x_wconf 89' lang='lat' dir='ltr'><strong>eos</strong></span> <span class='ocrx_word' id='word_1_280' title='bbox 390 1871 437 1907; x_wconf 90' lang='lat' dir='ltr'><strong>qui</strong></span> <span class='ocrx_word' id='word_1_281' title='bbox 464 1875 592 1898; x_wconf 88' lang='lat' dir='ltr'><strong>naturam</strong></span> <span class='ocrx_word' id='word_1_282' title='bbox 618 1871 808 1898; x_wconf 86' lang='lat' dir='ltr'><strong>inviolabilem</strong></span> <span class='ocrx_word' id='word_1_283' title='bbox 835 1879 893 1898; x_wconf 90' lang='lat' dir='ltr'><strong>non</strong></span> 
     </span>
    </p>
   </div>
   <div class='ocr_carea' id='block_1_42' title="bbox 98 1917 893 1951">
    <p class='ocr_par' dir='ltr' id='par_1_42' title="bbox 98 1917 893 1951">
     <span class='ocr_line' id='line_1_42' title="bbox 98 1917 893 1951; baseline -0.001 -6"><span class='ocrx_word' id='word_1_284' title='bbox 98 1917 216 1945; x_wconf 86' lang='lat' dir='ltr'><strong>credunt</strong></span> <span class='ocrx_word' id='word_1_285' title='bbox 242 1918 407 1945; x_wconf 90' lang='lat' dir='ltr'><strong>naturaliter</strong></span> <span class='ocrx_word' id='word_1_286' title='bbox 424 1918 530 1945; x_wconf 88' lang='lat' dir='ltr'><strong>unitam</strong></span> <span class='ocrx_word' id='word_1_287' title='bbox 549 1922 656 1944; x_wconf 63' lang='lat' dir='ltr'><strong>natura}</strong></span> <span class='ocrx_word' id='word_1_288' title='bbox 681 1917 822 1951; x_wconf 84' lang='lat' dir='ltr'><strong>passibili,</strong></span> <span class='ocrx_word' id='word_1_289' title='bbox 844 1917 893 1945; x_wconf 90' lang='lat' dir='ltr'><strong>sed</strong></span> 
     </span>
    </p>
   </div>
   <div class='ocr_carea' id='block_1_43' title="bbox 97 1963 894 1999">
    <p class='ocr_par' dir='ltr' id='par_1_43' title="bbox 97 1963 894 1999">
     <span class='ocr_line' id='line_1_43' title="bbox 97 1963 894 1999; baseline 0 -8"><span class='ocrx_word' id='word_1_290' title='bbox 97 1971 223 1998; x_wconf 63' lang='lat' dir='ltr'><strong>personat</strong></span> <span class='ocrx_word' id='word_1_291' title='bbox 241 1965 337 1991; x_wconf 88' lang='lat' dir='ltr'><strong>nescio</strong></span> <span class='ocrx_word' id='word_1_292' title='bbox 349 1964 491 1999; x_wconf 85' lang='lat' dir='ltr'><strong>cujusjam</strong></span> <span class='ocrx_word' id='word_1_293' title='bbox 507 1963 630 1990; x_wconf 61' lang='lat' dir='ltr'><strong>formata;</strong></span> <span class='ocrx_word' id='word_1_294' title='bbox 640 1964 668 1991; x_wconf 93' lang='lat' dir='ltr'><strong>in</strong></span> <span class='ocrx_word' id='word_1_295' title='bbox 680 1968 761 1991; x_wconf 90' lang='lat' dir='ltr'><strong>utero</strong></span> <span class='ocrx_word' id='word_1_296' title='bbox 773 1963 894 1992; x_wconf 87' lang='lat' dir='ltr'><strong>hominis</strong></span> 
     </span>
    </p>
   </div>
   <div class='ocr_carea' id='block_1_44' title="bbox 97 2008 892 2044">
    <p class='ocr_par' dir='ltr' id='par_1_44' title="bbox 97 2008 892 2044">
     <span class='ocr_line' id='line_1_44' title="bbox 97 2008 892 2044; baseline 0.004 -10"><span class='ocrx_word' id='word_1_297' title='bbox 97 2008 184 2035; x_wconf 90' lang='lat' dir='ltr'><strong>Deum</strong></span> <span class='ocrx_word' id='word_1_298' title='bbox 201 2009 357 2037; x_wconf 89' lang='lat' dir='ltr'><strong>secundum</strong></span> <span class='ocrx_word' id='word_1_299' title='bbox 371 2009 499 2044; x_wconf 80' lang='lat' dir='ltr'><strong>gratiam.</strong></span> <span class='ocrx_word' id='word_1_300' title='bbox 520 2009 579 2036; x_wconf 86' lang='lat' dir='ltr'><strong>sive</strong></span> <span class='ocrx_word' id='word_1_301' title='bbox 599 2008 752 2036; x_wconf 89' lang='lat' dir='ltr'><strong>secundum</strong></span> <span class='ocrx_word' id='word_1_302' title='bbox 770 2009 892 2037; x_wconf 86' lang='lat' dir='ltr'><strong>illustra-</strong></span> 
     </span>
    </p>
   </div>
   <div class='ocr_carea' id='block_1_45' title="bbox 97 2053 821 2087">
    <p class='ocr_par' dir='ltr' id='par_1_45' title="bbox 97 2053 821 2087">
     <span class='ocr_line' id='line_1_45' title="bbox 97 2053 821 2087; baseline 0.001 -6"><span class='ocrx_word' id='word_1_303' title='bbox 97 2053 213 2087; x_wconf 76' lang='lat' dir='ltr'><strong>tionem,</strong></span> <span class='ocrx_word' id='word_1_304' title='bbox 230 2055 273 2082; x_wconf 88' lang='lat' dir='ltr'><strong>vel</strong></span> <span class='ocrx_word' id='word_1_305' title='bbox 289 2059 365 2083; x_wconf 90' lang='lat' dir='ltr'><strong>certe</strong></span> <span class='ocrx_word' id='word_1_306' title='bbox 373 2055 551 2083; x_wconf 86' lang='lat' dir='ltr'><strong>dilectionem</strong></span> <span class='ocrx_word' id='word_1_307' title='bbox 566 2055 690 2082; x_wconf 84' lang='lat' dir='ltr'><strong>fatentur</strong></span> <span class='ocrx_word' id='word_1_308' title='bbox 702 2055 821 2083; x_wconf 89' lang='lat' dir='ltr'><strong>unitum.</strong></span> 
     </span>
    </p>
   </div>
   <div class='ocr_carea' id='block_1_46' title="bbox 87 2101 563 2161">
    <p class='ocr_par' dir='ltr' id='par_1_46' title="bbox 87 2101 563 2161">
     <span class='ocr_line' id='line_1_46' title="bbox 87 2101 563 2161; baseline -0.004 -10"><span class='ocrx_word' id='word_1_309' title='bbox 87 2101 94 2161; x_wconf 65' lang='grc' dir='ltr'><strong><em>ί</em></strong></span> <span class='ocrx_word' id='word_1_310' title='bbox 431 2121 507 2151; x_wconf 85' lang='lat' dir='ltr'><strong>CAP.</strong></span> <span class='ocrx_word' id='word_1_311' title='bbox 530 2121 563 2149; x_wconf 85' lang='grc' dir='ltr'><strong>ιι.</strong></span> 
     </span>
    </p>
   </div>
   <div class='ocr_carea' id='block_1_47' title="bbox 944 217 1548 256">
    <p class='ocr_par' dir='ltr' id='par_1_47' title="bbox 944 217 1548 256">
     <span class='ocr_line' id='line_1_47' title="bbox 944 217 1548 256; baseline 0.012 -13"><span class='ocrx_word' id='word_1_312' title='bbox 944 217 991 251; x_wconf 90' lang='lat' dir='ltr'><strong>qui</strong></span> <span class='ocrx_word' id='word_1_313' title='bbox 1008 217 1150 246; x_wconf 83' lang='lat' dir='ltr'><strong>Christum</strong></span> <span class='ocrx_word' id='word_1_314' title='bbox 1168 221 1351 255; x_wconf 90' lang='lat' dir='ltr'><strong>compositum</strong></span> <span class='ocrx_word' id='word_1_315' title='bbox 1369 222 1548 256; x_wconf 74' lang='lat' dir='ltr'><strong>praedicatis?</strong></span> 
     </span>
    </p>
   </div>
   <div class='ocr_carea' id='block_1_48' title="bbox 979 263 1734 305">
    <p class='ocr_par' dir='ltr' id='par_1_48' title="bbox 979 263 1734 305">
     <span class='ocr_line' id='line_1_48' title="bbox 979 263 1734 305; baseline 0.011 -14"><span class='ocrx_word' id='word_1_316' title='bbox 979 263 1009 291; x_wconf 90' lang='lat' dir='ltr'><strong>C.</strong></span> <span class='ocrx_word' id='word_1_317' title='bbox 1026 263 1113 292; x_wconf 84' lang='lat' dir='ltr'><strong>Omne</strong></span> <span class='ocrx_word' id='word_1_318' title='bbox 1125 266 1308 300; x_wconf 90' lang='lat' dir='ltr'><strong>compositum</strong></span> <span class='ocrx_word' id='word_1_319' title='bbox 1322 267 1450 302; x_wconf 81' lang='lat' dir='ltr'><strong>passibile</strong></span> <span class='ocrx_word' id='word_1_320' title='bbox 1463 276 1496 295; x_wconf 90' lang='lat' dir='ltr'><strong>an</strong></span> <span class='ocrx_word' id='word_1_321' title='bbox 1513 269 1681 305; x_wconf 84' lang='lat' dir='ltr'><strong>impassibile</strong></span> <span class='ocrx_word' id='word_1_322' title='bbox 1694 279 1734 299; x_wconf 90' lang='lat' dir='ltr'><strong>as-</strong></span> 
     </span>
    </p>
   </div>
   <div class='ocr_carea' id='block_1_49' title="bbox 944 309 1034 337">
    <p class='ocr_par' dir='ltr' id='par_1_49' title="bbox 944 309 1034 337">
     <span class='ocr_line' id='line_1_49' title="bbox 944 309 1034 337; baseline 0 0"><span class='ocrx_word' id='word_1_323' title='bbox 944 309 1034 337; x_wconf 86' lang='lat' dir='ltr'><strong>seris?</strong></span> 
     </span>
    </p>
   </div>
   <div class='ocr_carea' id='block_1_50' title="bbox 980 355 1311 392">
    <p class='ocr_par' dir='ltr' id='par_1_50' title="bbox 980 355 1311 392">
     <span class='ocr_line' id='line_1_50' title="bbox 980 355 1311 392; baseline 0.015 -11"><span class='ocrx_word' id='word_1_324' title='bbox 980 355 1013 382; x_wconf 81' lang='grc' dir='ltr'><strong>Ν.</strong></span> <span class='ocrx_word' id='word_1_325' title='bbox 1029 355 1149 384; x_wconf 90' lang='lat' dir='ltr'><strong>Omnino</strong></span> <span class='ocrx_word' id='word_1_326' title='bbox 1169 358 1311 392; x_wconf 86' lang='lat' dir='ltr'><strong>passibile.</strong></span> 
     </span>
    </p>
   </div>
   <div class='ocr_carea' id='block_1_51' title="bbox 979 402 1549 441">
    <p class='ocr_par' dir='ltr' id='par_1_51' title="bbox 979 402 1549 441">
     <span class='ocr_line' id='line_1_51' title="bbox 979 402 1549 441; baseline 0.011 -13"><span class='ocrx_word' id='word_1_327' title='bbox 979 402 1010 429; x_wconf 84' lang='lat' dir='ltr'><strong>C.</strong></span> <span class='ocrx_word' id='word_1_328' title='bbox 1026 403 1065 429; x_wconf 90' lang='lat' dir='ltr'><strong>De</strong></span> <span class='ocrx_word' id='word_1_329' title='bbox 1082 410 1138 430; x_wconf 91' lang='lat' dir='ltr'><strong>non</strong></span> <span class='ocrx_word' id='word_1_330' title='bbox 1158 405 1312 439; x_wconf 86' lang='lat' dir='ltr'><strong>composito</strong></span> <span class='ocrx_word' id='word_1_331' title='bbox 1326 405 1393 440; x_wconf 90' lang='lat' dir='ltr'><strong>quid</strong></span> <span class='ocrx_word' id='word_1_332' title='bbox 1406 407 1549 441; x_wconf 83' lang='lat' dir='ltr'><strong>opinaris?</strong></span> 
     </span>
    </p>
   </div>
   <div class='ocr_carea' id='block_1_52' title="bbox 979 448 1580 485">
    <p class='ocr_par' dir='ltr' id='par_1_52' title="bbox 979 448 1580 485">
     <span class='ocr_line' id='line_1_52' title="bbox 979 448 1580 485; baseline 0.012 -11"><span class='ocrx_word' id='word_1_333' title='bbox 979 448 1012 475; x_wconf 88' lang='lat' dir='ltr'><strong>N.</strong></span> <span class='ocrx_word' id='word_1_334' title='bbox 1031 448 1158 476; x_wconf 80' lang='lat' dir='ltr'><strong>Profecto</strong></span> <span class='ocrx_word' id='word_1_335' title='bbox 1176 450 1399 485; x_wconf 88' lang='lat' dir='ltr'><strong>impassibilitatc</strong></span> <span class='ocrx_word' id='word_1_336' title='bbox 1414 453 1580 481; x_wconf 85' lang='lat' dir='ltr'><strong>subsistere.</strong></span> 
     </span>
    </p>
   </div>
   <div class='ocr_carea' id='block_1_53' title="bbox 980 493 1736 534">
    <p class='ocr_par' dir='ltr' id='par_1_53' title="bbox 980 493 1736 534">
     <span class='ocr_line' id='line_1_53' title="bbox 980 493 1736 534; baseline 0.012 -14"><span class='ocrx_word' id='word_1_337' title='bbox 980 493 1010 521; x_wconf 92' lang='lat' dir='ltr'><strong>C.</strong></span> <span class='ocrx_word' id='word_1_338' title='bbox 1039 493 1182 522; x_wconf 83' lang='lat' dir='ltr'><strong>Christum</strong></span> <span class='ocrx_word' id='word_1_339' title='bbox 1213 497 1372 531; x_wconf 88' lang='lat' dir='ltr'><strong>passibilem</strong></span> <span class='ocrx_word' id='word_1_340' title='bbox 1400 505 1434 525; x_wconf 91' lang='lat' dir='ltr'><strong>an</strong></span> <span class='ocrx_word' id='word_1_341' title='bbox 1463 499 1663 534; x_wconf 88' lang='lat' dir='ltr'><strong>impassibilem</strong></span> <span class='ocrx_word' id='word_1_342' title='bbox 1693 508 1736 529; x_wconf 86' lang='lat' dir='ltr'><strong>as-</strong></span> 
     </span>
    </p>
   </div>
   <div class='ocr_carea' id='block_1_54' title="bbox 945 547 1027 567">
    <p class='ocr_par' dir='ltr' id='par_1_54' title="bbox 945 547 1027 567">
     <span class='ocr_line' id='line_1_54' title="bbox 945 547 1027 567; baseline -0.012 0"><span class='ocrx_word' id='word_1_343' title='bbox 945 547 1027 567; x_wconf 76' lang='lat' dir='ltr'><strong>SCTIS.</strong></span> 
     </span>
    </p>
   </div>
   <div class='ocr_carea' id='block_1_55' title="bbox 980 586 1642 626">
    <p class='ocr_par' dir='ltr' id='par_1_55' title="bbox 980 586 1642 626">
     <span class='ocr_line' id='line_1_55' title="bbox 980 586 1642 626; baseline 0.011 -13"><span class='ocrx_word' id='word_1_344' title='bbox 980 586 1013 613; x_wconf 81' lang='grc' dir='ltr'><strong>Ν,</strong></span> <span class='ocrx_word' id='word_1_345' title='bbox 1029 587 1093 614; x_wconf 84' lang='lat' dir='ltr'><strong>Post</strong></span> <span class='ocrx_word' id='word_1_346' title='bbox 1108 587 1327 616; x_wconf 84' lang='lat' dir='ltr'><strong>incarnationem</strong></span> <span class='ocrx_word' id='word_1_347' title='bbox 1342 597 1458 624; x_wconf 89' lang='lat' dir='ltr'><strong>prorsus</strong></span> <span class='ocrx_word' id='word_1_348' title='bbox 1471 592 1642 626; x_wconf 89' lang='lat' dir='ltr'><strong>passibilem.</strong></span> 
     </span>
    </p>
   </div>
   <div class='ocr_carea' id='block_1_56' title="bbox 980 631 1738 674">
    <p class='ocr_par' dir='ltr' id='par_1_56' title="bbox 980 631 1738 674">
     <span class='ocr_line' id='line_1_56' title="bbox 980 631 1738 674; baseline 0.012 -16"><span class='ocrx_word' id='word_1_349' title='bbox 980 631 1010 668; x_wconf 90' lang='lat' dir='ltr'><strong>C.</strong></span> <span class='ocrx_word' id='word_1_350' title='bbox 1028 631 1084 659; x_wconf 91' lang='lat' dir='ltr'><strong>Cur</strong></span> <span class='ocrx_word' id='word_1_351' title='bbox 1100 639 1167 668; x_wconf 78' lang='lat' dir='ltr'><strong>ergo</strong></span> <span class='ocrx_word' id='word_1_352' title='bbox 1183 633 1325 662; x_wconf 85' lang='lat' dir='ltr'><strong>Christum</strong></span> <span class='ocrx_word' id='word_1_353' title='bbox 1350 635 1452 663; x_wconf 86' lang='lat' dir='ltr'><strong>Filium</strong></span> <span class='ocrx_word' id='word_1_354' title='bbox 1477 637 1526 664; x_wconf 90' lang='lat' dir='ltr'><strong>Dei</strong></span> <span class='ocrx_word' id='word_1_355' title='bbox 1551 638 1606 665; x_wconf 86' lang='lat' dir='ltr'><strong>vivi</strong></span> <span class='ocrx_word' id='word_1_356' title='bbox 1635 639 1738 674; x_wconf 76' lang='lat' dir='ltr'><strong>refugis</strong></span> 
     </span>
    </p>
   </div>
   <div class='ocr_carea' id='block_1_57' title="bbox 943 678 1738 715">
    <p class='ocr_par' dir='ltr' id='par_1_57' title="bbox 943 678 1738 715">
     <span class='ocr_line' id='line_1_57' title="bbox 943 678 1738 715; baseline 0.01 -11"><span class='ocrx_word' id='word_1_357' title='bbox 943 678 1128 712; x_wconf 88' lang='lat' dir='ltr'><strong>compositum</strong></span> <span class='ocrx_word' id='word_1_358' title='bbox 1144 679 1282 712; x_wconf 85' lang='lat' dir='ltr'><strong>confiteri,</strong></span> <span class='ocrx_word' id='word_1_359' title='bbox 1300 688 1383 715; x_wconf 88' lang='lat' dir='ltr'><strong>quem</strong></span> <span class='ocrx_word' id='word_1_360' title='bbox 1408 681 1467 709; x_wconf 88' lang='lat' dir='ltr'><strong>sine</strong></span> <span class='ocrx_word' id='word_1_361' title='bbox 1480 681 1567 710; x_wconf 91' lang='lat' dir='ltr'><strong>dubio</strong></span> <span class='ocrx_word' id='word_1_362' title='bbox 1587 683 1659 711; x_wconf 87' lang='lat' dir='ltr'><strong>dicis</strong></span> <span class='ocrx_word' id='word_1_363' title='bbox 1677 692 1738 712; x_wconf 88' lang='lat' dir='ltr'><strong>esse</strong></span> 
     </span>
    </p>
   </div>
   <div class='ocr_carea' id='block_1_58' title="bbox 946 723 1129 758">
    <p class='ocr_par' dir='ltr' id='par_1_58' title="bbox 946 723 1129 758">
     <span class='ocr_line' id='line_1_58' title="bbox 946 723 1129 758; baseline 0.005 -8"><span class='ocrx_word' id='word_1_364' title='bbox 946 723 1129 758; x_wconf 84' lang='lat' dir='ltr'><strong>passibilem?</strong></span> 
     </span>
    </p>
   </div>
   <div class='ocr_carea' id='block_1_59' title="bbox 980 770 1737 807">
    <p class='ocr_par' dir='ltr' id='par_1_59' title="bbox 980 770 1737 807">
     <span class='ocr_line' id='line_1_59' title="bbox 980 770 1737 807; baseline 0.008 -10"><span class='ocrx_word' id='word_1_365' title='bbox 980 770 1013 797; x_wconf 81' lang='grc' dir='ltr'><strong>Ν.</strong></span> <span class='ocrx_word' id='word_1_366' title='bbox 1029 770 1188 798; x_wconf 88' lang='lat' dir='ltr'><strong>Secundum</strong></span> <span class='ocrx_word' id='word_1_367' title='bbox 1203 771 1416 804; x_wconf 84' lang='lat' dir='ltr'><strong>humanitatem,</strong></span> <span class='ocrx_word' id='word_1_368' title='bbox 1431 773 1573 807; x_wconf 85' lang='lat' dir='ltr'><strong>videlicet,</strong></span> <span class='ocrx_word' id='word_1_369' title='bbox 1596 773 1737 803; x_wconf 88' lang='lat' dir='ltr'><strong>Christum</strong></span> 
     </span>
    </p>
   </div>
   <div class='ocr_carea' id='block_1_60' title="bbox 946 817 1737 852">
    <p class='ocr_par' dir='ltr' id='par_1_60' title="bbox 946 817 1737 852">
     <span class='ocr_line' id='line_1_60' title="bbox 946 817 1737 852; baseline 0.006 -9"><span class='ocrx_word' id='word_1_370' title='bbox 946 817 1130 852; x_wconf 89' lang='lat' dir='ltr'><strong>compositum</strong></span> <span class='ocrx_word' id='word_1_371' title='bbox 1146 817 1249 850; x_wconf 85' lang='lat' dir='ltr'><strong>fateor,</strong></span> <span class='ocrx_word' id='word_1_372' title='bbox 1277 818 1342 852; x_wconf 85' lang='lat' dir='ltr'><strong>quia</strong></span> <span class='ocrx_word' id='word_1_373' title='bbox 1364 823 1392 846; x_wconf 88' lang='lat' dir='ltr'><strong>et</strong></span> <span class='ocrx_word' id='word_1_374' title='bbox 1405 819 1559 846; x_wconf 87' lang='lat' dir='ltr'><strong>secundum</strong></span> <span class='ocrx_word' id='word_1_375' title='bbox 1579 820 1737 848; x_wconf 88' lang='lat' dir='ltr'><strong>humanita-</strong></span> 
     </span>
    </p>
   </div>
   <div class='ocr_carea' id='block_1_61' title="bbox 945 862 1738 897">
    <p class='ocr_par' dir='ltr' id='par_1_61' title="bbox 945 862 1738 897">
     <span class='ocr_line' id='line_1_61' title="bbox 945 862 1738 897; baseline 0.005 -8"><span class='ocrx_word' id='word_1_376' title='bbox 945 866 999 889; x_wconf 88' lang='lat' dir='ltr'><strong>tem</strong></span> <span class='ocrx_word' id='word_1_377' title='bbox 1016 869 1081 890; x_wconf 90' lang='lat' dir='ltr'><strong>eum</strong></span> <span class='ocrx_word' id='word_1_378' title='bbox 1101 862 1262 897; x_wconf 89' lang='lat' dir='ltr'><strong>passibilem</strong></span> <span class='ocrx_word' id='word_1_379' title='bbox 1278 862 1379 894; x_wconf 80' lang='lat' dir='ltr'><strong>credo,</strong></span> <span class='ocrx_word' id='word_1_380' title='bbox 1395 863 1549 891; x_wconf 87' lang='lat' dir='ltr'><strong>secundum</strong></span> <span class='ocrx_word' id='word_1_381' title='bbox 1564 864 1738 893; x_wconf 79' lang='lat' dir='ltr'><strong>divinitatem</strong></span> 
     </span>
    </p>
   </div>
   <div class='ocr_carea' id='block_1_62' title="bbox 941 907 1601 944">
    <p class='ocr_par' dir='ltr' id='par_1_62' title="bbox 941 907 1601 944">
     <span class='ocr_line' id='line_1_62' title="bbox 941 907 1601 944; baseline 0.003 -10"><span class='ocrx_word' id='word_1_382' title='bbox 941 913 1034 935; x_wconf 88' lang='lat' dir='ltr'><strong>autem</strong></span> <span class='ocrx_word' id='word_1_383' title='bbox 1044 907 1268 943; x_wconf 82' lang='lat' dir='ltr'><strong>incompositum,</strong></span> <span class='ocrx_word' id='word_1_384' title='bbox 1277 909 1340 943; x_wconf 84' lang='lat' dir='ltr'><strong>quia</strong></span> <span class='ocrx_word' id='word_1_385' title='bbox 1351 914 1379 936; x_wconf 89' lang='lat' dir='ltr'><strong>et</strong></span> <span class='ocrx_word' id='word_1_386' title='bbox 1393 910 1601 944; x_wconf 88' lang='lat' dir='ltr'><strong>impassibilem.</strong></span> 
     </span>
    </p>
   </div>
   <div class='ocr_carea' id='block_1_63' title="bbox 976 953 1738 989">
    <p class='ocr_par' dir='ltr' id='par_1_63' title="bbox 976 953 1738 989">
     <span class='ocr_line' id='line_1_63' title="bbox 976 953 1738 989; baseline 0.003 -9"><span class='ocrx_word' id='word_1_387' title='bbox 976 953 1008 981; x_wconf 88' lang='lat' dir='ltr'><strong>C.</strong></span> <span class='ocrx_word' id='word_1_388' title='bbox 1031 953 1103 987; x_wconf 87' lang='lat' dir='ltr'><strong>Quid</strong></span> <span class='ocrx_word' id='word_1_389' title='bbox 1120 954 1206 988; x_wconf 78' lang='lat' dir='ltr'><strong>igitur</strong></span> <span class='ocrx_word' id='word_1_390' title='bbox 1227 962 1312 981; x_wconf 90' lang='lat' dir='ltr'><strong>unum</strong></span> <span class='ocrx_word' id='word_1_391' title='bbox 1334 954 1521 989; x_wconf 86' lang='lat' dir='ltr'><strong>eumdemque</strong></span> <span class='ocrx_word' id='word_1_392' title='bbox 1538 954 1633 982; x_wconf 84' lang='lat' dir='ltr'><strong>fateris</strong></span> <span class='ocrx_word' id='word_1_393' title='bbox 1648 962 1681 983; x_wconf 78' lang='lat' dir='ltr'><strong>ex</strong></span> <span class='ocrx_word' id='word_1_394' title='bbox 1695 955 1738 982; x_wconf 85' lang='lat' dir='ltr'><strong>di-</strong></span> 
     </span>
    </p>
   </div>
   <div class='ocr_carea' id='block_1_64' title="bbox 942 999 1736 1035">
    <p class='ocr_par' dir='ltr' id='par_1_64' title="bbox 942 999 1736 1035">
     <span class='ocr_line' id='line_1_64' title="bbox 942 999 1736 1035; baseline 0.003 -9"><span class='ocrx_word' id='word_1_395' title='bbox 942 999 1057 1027; x_wconf 85' lang='lat' dir='ltr'><strong>vinitate</strong></span> <span class='ocrx_word' id='word_1_396' title='bbox 1071 1004 1099 1028; x_wconf 90' lang='lat' dir='ltr'><strong>et</strong></span> <span class='ocrx_word' id='word_1_397' title='bbox 1109 999 1282 1027; x_wconf 86' lang='lat' dir='ltr'><strong>humanitate</strong></span> <span class='ocrx_word' id='word_1_398' title='bbox 1293 1004 1356 1035; x_wconf 86' lang='lat' dir='ltr'><strong>post</strong></span> <span class='ocrx_word' id='word_1_399' title='bbox 1366 1000 1586 1027; x_wconf 87' lang='lat' dir='ltr'><strong>incarnationem</strong></span> <span class='ocrx_word' id='word_1_400' title='bbox 1600 1001 1736 1035; x_wconf 85' lang='lat' dir='ltr'><strong>composi-</strong></span> 
     </span>
    </p>
   </div>
   <div class='ocr_carea' id='block_1_65' title="bbox 943 1045 1738 1081">
    <p class='ocr_par' dir='ltr' id='par_1_65' title="bbox 943 1045 1738 1081">
     <span class='ocr_line' id='line_1_65' title="bbox 943 1045 1738 1081; baseline 0.001 -8"><span class='ocrx_word' id='word_1_401' title='bbox 943 1051 1012 1078; x_wconf 87' lang='lat' dir='ltr'><strong>tum,</strong></span> <span class='ocrx_word' id='word_1_402' title='bbox 1030 1053 1113 1081; x_wconf 90' lang='lat' dir='ltr'><strong>quem</strong></span> <span class='ocrx_word' id='word_1_403' title='bbox 1130 1050 1194 1073; x_wconf 88' lang='lat' dir='ltr'><strong>ante</strong></span> <span class='ocrx_word' id='word_1_404' title='bbox 1214 1045 1438 1073; x_wconf 88' lang='lat' dir='ltr'><strong>incarnationem</strong></span> <span class='ocrx_word' id='word_1_405' title='bbox 1454 1051 1564 1073; x_wconf 83' lang='lat' dir='ltr'><strong>constat</strong></span> <span class='ocrx_word' id='word_1_406' title='bbox 1580 1046 1667 1074; x_wconf 88' lang='lat' dir='ltr'><strong>fuisse</strong></span> <span class='ocrx_word' id='word_1_407' title='bbox 1694 1046 1738 1073; x_wconf 81' lang='grc' dir='ltr'><strong>ἱι-</strong></span> 
     </span>
    </p>
   </div>
   <div class='ocr_carea' id='block_1_66' title="bbox 942 1093 1148 1128">
    <p class='ocr_par' dir='ltr' id='par_1_66' title="bbox 942 1093 1148 1128">
     <span class='ocr_line' id='line_1_66' title="bbox 942 1093 1148 1128; baseline -0.005 -8"><span class='ocrx_word' id='word_1_408' title='bbox 942 1093 1148 1128; x_wconf 87' lang='lat' dir='ltr'><strong>compositum?</strong></span> 
     </span>
    </p>
   </div>
   <div class='ocr_carea' id='block_1_67' title="bbox 981 1138 1737 1174">
    <p class='ocr_par' dir='ltr' id='par_1_67' title="bbox 981 1138 1737 1174">
     <span class='ocr_line' id='line_1_67' title="bbox 981 1138 1737 1174; baseline 0.001 -8"><span class='ocrx_word' id='word_1_409' title='bbox 981 1139 1014 1166; x_wconf 85' lang='lat' dir='ltr'><strong>N.</strong></span> <span class='ocrx_word' id='word_1_410' title='bbox 1030 1139 1090 1166; x_wconf 89' lang='lat' dir='ltr'><strong>Non</strong></span> <span class='ocrx_word' id='word_1_411' title='bbox 1105 1139 1246 1173; x_wconf 87' lang='lat' dir='ltr'><strong>equidem,</strong></span> <span class='ocrx_word' id='word_1_412' title='bbox 1259 1139 1307 1166; x_wconf 89' lang='lat' dir='ltr'><strong>sed</strong></span> <span class='ocrx_word' id='word_1_413' title='bbox 1320 1143 1492 1174; x_wconf 89' lang='lat' dir='ltr'><strong>assumptum</strong></span> <span class='ocrx_word' id='word_1_414' title='bbox 1505 1138 1647 1167; x_wconf 90' lang='lat' dir='ltr'><strong>hominem</strong></span> <span class='ocrx_word' id='word_1_415' title='bbox 1662 1147 1737 1167; x_wconf 86' lang='lat' dir='ltr'><strong>com-</strong></span> 
     </span>
    </p>
   </div>
   <div class='ocr_carea' id='block_1_68' title="bbox 942 1184 1783 1224">
    <p class='ocr_par' dir='ltr' id='par_1_68' title="bbox 942 1184 1783 1224">
     <span class='ocr_line' id='line_1_68' title="bbox 942 1184 1783 1224; baseline 0.002 -13"><span class='ocrx_word' id='word_1_416' title='bbox 942 1185 1064 1220; x_wconf 85' lang='lat' dir='ltr'><strong>positqu</strong></span> <span class='ocrx_word' id='word_1_417' title='bbox 1078 1184 1150 1217; x_wconf 88' lang='lat' dir='ltr'><strong>dico,</strong></span> <span class='ocrx_word' id='word_1_418' title='bbox 1170 1193 1234 1212; x_wconf 90' lang='lat' dir='ltr'><strong>eum</strong></span> <span class='ocrx_word' id='word_1_419' title='bbox 1249 1193 1314 1212; x_wconf 90' lang='lat' dir='ltr'><strong>vero</strong></span> <span class='ocrx_word' id='word_1_420' title='bbox 1328 1193 1344 1212; x_wconf 89' lang='lat' dir='ltr'><strong>a</strong></span> <span class='ocrx_word' id='word_1_421' title='bbox 1371 1193 1426 1220; x_wconf 91' lang='lat' dir='ltr'><strong>quo</strong></span> <span class='ocrx_word' id='word_1_422' title='bbox 1447 1190 1608 1220; x_wconf 86' lang='lat' dir='ltr'><strong>assumptus</strong></span> <span class='ocrx_word' id='word_1_423' title='bbox 1623 1191 1676 1219; x_wconf 86' lang='lat' dir='ltr'><strong>est,</strong></span> <span class='ocrx_word' id='word_1_424' title='bbox 1697 1186 1738 1213; x_wconf 91' lang='lat' dir='ltr'><strong>in-</strong></span> <span class='ocrx_word' id='word_1_425' title='bbox 1780 1220 1783 1224; x_wconf 29' lang='grc' dir='ltr'><strong><em>γ</em></strong></span> 
     </span>
    </p>
   </div>
   <div class='ocr_carea' id='block_1_69' title="bbox 943 1231 1139 1265">
    <p class='ocr_par' dir='ltr' id='par_1_69' title="bbox 943 1231 1139 1265">
     <span class='ocr_line' id='line_1_69' title="bbox 943 1231 1139 1265; baseline -0.01 -6"><span class='ocrx_word' id='word_1_426' title='bbox 943 1231 1139 1265; x_wconf 89' lang='lat' dir='ltr'><strong>compositum.</strong></span> 
     </span>
    </p>
   </div>
   <div class='ocr_carea' id='block_1_70' title="bbox 978 1276 1739 1312">
    <p class='ocr_par' dir='ltr' id='par_1_70' title="bbox 978 1276 1739 1312">
     <span class='ocr_line' id='line_1_70' title="bbox 978 1276 1739 1312; baseline 0.001 -9"><span class='ocrx_word' id='word_1_427' title='bbox 978 1276 1010 1304; x_wconf 88' lang='lat' dir='ltr'><strong>C.</strong></span> <span class='ocrx_word' id='word_1_428' title='bbox 1025 1277 1100 1304; x_wconf 87' lang='lat' dir='ltr'><strong>Duos</strong></span> <span class='ocrx_word' id='word_1_429' title='bbox 1114 1276 1186 1304; x_wconf 84' lang='lat' dir='ltr'><strong>ﬁlios</strong></span> <span class='ocrx_word' id='word_1_430' title='bbox 1203 1276 1299 1311; x_wconf 89' lang='lat' dir='ltr'><strong>procul</strong></span> <span class='ocrx_word' id='word_1_431' title='bbox 1312 1276 1398 1303; x_wconf 87' lang='lat' dir='ltr'><strong>dubio</strong></span> <span class='ocrx_word' id='word_1_432' title='bbox 1415 1276 1530 1304; x_wconf 90' lang='lat' dir='ltr'><strong>credere</strong></span> <span class='ocrx_word' id='word_1_433' title='bbox 1544 1277 1739 1312; x_wconf 88' lang='lat' dir='ltr'><strong>deprehende-</strong></span> 
     </span>
    </p>
   </div>
   <div class='ocr_carea' id='block_1_71' title="bbox 943 1322 1681 1358">
    <p class='ocr_par' dir='ltr' id='par_1_71' title="bbox 943 1322 1681 1358">
     <span class='ocr_line' id='line_1_71' title="bbox 943 1322 1681 1358; baseline -0.001 -8"><span class='ocrx_word' id='word_1_434' title='bbox 943 1322 1082 1350; x_wconf 84' lang='lat' dir='ltr'><strong>ris:unnm</strong></span> <span class='ocrx_word' id='word_1_435' title='bbox 1094 1323 1290 1357; x_wconf 83' lang='lat' dir='ltr'><strong>compesitum,</strong></span> <span class='ocrx_word' id='word_1_436' title='bbox 1307 1322 1425 1349; x_wconf 89' lang='lat' dir='ltr'><strong>alterum</strong></span> <span class='ocrx_word' id='word_1_437' title='bbox 1453 1323 1681 1358; x_wconf 85' lang='lat' dir='ltr'><strong>incompositum.</strong></span> 
     </span>
    </p>
   </div>
   <div class='ocr_carea' id='block_1_72' title="bbox 978 1367 1739 1404">
    <p class='ocr_par' dir='ltr' id='par_1_72' title="bbox 978 1367 1739 1404">
     <span class='ocr_line' id='line_1_72' title="bbox 978 1367 1739 1404; baseline -0.004 -8"><span class='ocrx_word' id='word_1_438' title='bbox 978 1368 1012 1396; x_wconf 90' lang='lat' dir='ltr'><strong>N.</strong></span> <span class='ocrx_word' id='word_1_439' title='bbox 1026 1369 1115 1404; x_wconf 79' lang='lat' dir='ltr'><strong>Negas</strong></span> <span class='ocrx_word' id='word_1_440' title='bbox 1128 1375 1196 1403; x_wconf 81' lang='lat' dir='ltr'><strong>ergo</strong></span> <span class='ocrx_word' id='word_1_441' title='bbox 1214 1373 1244 1395; x_wconf 90' lang='lat' dir='ltr'><strong>tu</strong></span> <span class='ocrx_word' id='word_1_442' title='bbox 1261 1367 1417 1395; x_wconf 87' lang='lat' dir='ltr'><strong>divinitatis</strong></span> <span class='ocrx_word' id='word_1_443' title='bbox 1433 1372 1562 1396; x_wconf 87' lang='lat' dir='ltr'><strong>naturam</strong></span> <span class='ocrx_word' id='word_1_444' title='bbox 1581 1376 1643 1396; x_wconf 90' lang='lat' dir='ltr'><strong>esse</strong></span> <span class='ocrx_word' id='word_1_445' title='bbox 1670 1368 1739 1395; x_wconf 88' lang='lat' dir='ltr'><strong>sim—</strong></span> 
     </span>
    </p>
   </div>
   <div class='ocr_carea' id='block_1_73' title="bbox 943 1413 1341 1448">
    <p class='ocr_par' dir='ltr' id='par_1_73' title="bbox 943 1413 1341 1448">
     <span class='ocr_line' id='line_1_73' title="bbox 943 1413 1341 1448; baseline -0.003 -8"><span class='ocrx_word' id='word_1_446' title='bbox 943 1413 1045 1448; x_wconf 89' lang='lat' dir='ltr'><strong>plicem</strong></span> <span class='ocrx_word' id='word_1_447' title='bbox 1062 1418 1090 1440; x_wconf 89' lang='lat' dir='ltr'><strong>ct</strong></span> <span class='ocrx_word' id='word_1_448' title='bbox 1108 1413 1341 1447; x_wconf 81' lang='lat' dir='ltr'><strong>incompositam?</strong></span> 
     </span>
    </p>
   </div>
   <div class='ocr_carea' id='block_1_74' title="bbox 977 1458 1406 1494">
    <p class='ocr_par' dir='ltr' id='par_1_74' title="bbox 977 1458 1406 1494">
     <span class='ocr_line' id='line_1_74' title="bbox 977 1458 1406 1494; baseline 0 -8"><span class='ocrx_word' id='word_1_449' title='bbox 977 1458 1008 1486; x_wconf 89' lang='lat' dir='ltr'><strong>C.</strong></span> <span class='ocrx_word' id='word_1_450' title='bbox 1024 1459 1106 1486; x_wconf 91' lang='lat' dir='ltr'><strong>Nullo</strong></span> <span class='ocrx_word' id='word_1_451' title='bbox 1124 1459 1205 1486; x_wconf 89' lang='lat' dir='ltr'><strong>modo</strong></span> <span class='ocrx_word' id='word_1_452' title='bbox 1224 1459 1276 1486; x_wconf 91' lang='lat' dir='ltr'><strong>hoc</strong></span> <span class='ocrx_word' id='word_1_453' title='bbox 1289 1458 1406 1494; x_wconf 82' lang='lat' dir='ltr'><strong>denego.</strong></span> 
     </span>
    </p>
   </div>
   <div class='ocr_carea' id='block_1_75' title="bbox 906 1504 1737 1550">
    <p class='ocr_par' dir='ltr' id='par_1_75' title="bbox 906 1504 1737 1550">
     <span class='ocr_line' id='line_1_75' title="bbox 906 1504 1737 1550; baseline -0.001 -18"><span class='ocrx_word' id='word_1_454' title='bbox 906 1521 928 1550; x_wconf 66' lang='grc' dir='ltr'><em>ε</em></span> <span class='ocrx_word' id='word_1_455' title='bbox 980 1505 1013 1532; x_wconf 91' lang='lat' dir='ltr'><strong>N.</strong></span> <span class='ocrx_word' id='word_1_456' title='bbox 1030 1505 1219 1540; x_wconf 89' lang='lat' dir='ltr'><strong>Compositnm</strong></span> <span class='ocrx_word' id='word_1_457' title='bbox 1240 1505 1336 1532; x_wconf 82' lang='lat' dir='ltr'><strong>fateris</strong></span> <span class='ocrx_word' id='word_1_458' title='bbox 1356 1505 1510 1538; x_wconf 88' lang='lat' dir='ltr'><strong>hominem,</strong></span> <span class='ocrx_word' id='word_1_459' title='bbox 1536 1512 1573 1532; x_wconf 80' lang='lat' dir='ltr'><strong>an</strong></span> <span class='ocrx_word' id='word_1_460' title='bbox 1593 1504 1737 1540; x_wconf 88' lang='lat' dir='ltr'><strong>incompo-</strong></span> 
     </span>
    </p>
   </div>
   <div class='ocr_carea' id='block_1_76' title="bbox 947 1551 1044 1578">
    <p class='ocr_par' dir='ltr' id='par_1_76' title="bbox 947 1551 1044 1578">
     <span class='ocr_line' id='line_1_76' title="bbox 947 1551 1044 1578; baseline 0 0"><span class='ocrx_word' id='word_1_461' title='bbox 947 1551 1044 1578; x_wconf 87' lang='lat' dir='ltr'><strong>situm.</strong></span> 
     </span>
    </p>
   </div>
   <div class='ocr_carea' id='block_1_77' title="bbox 979 1596 1356 1632">
    <p class='ocr_par' dir='ltr' id='par_1_77' title="bbox 979 1596 1356 1632">
     <span class='ocr_line' id='line_1_77' title="bbox 979 1596 1356 1632; baseline 0.003 -8"><span class='ocrx_word' id='word_1_462' title='bbox 979 1596 1010 1624; x_wconf 93' lang='lat' dir='ltr'><strong>C.</strong></span> <span class='ocrx_word' id='word_1_463' title='bbox 1026 1596 1218 1632; x_wconf 87' lang='lat' dir='ltr'><strong>Compositnm</strong></span> <span class='ocrx_word' id='word_1_464' title='bbox 1232 1604 1356 1632; x_wconf 90' lang='lat' dir='ltr'><strong>prorsus.</strong></span> 
     </span>
    </p>
   </div>
   <div class='ocr_carea' id='block_1_78' title="bbox 979 1642 1787 1679">
    <p class='ocr_par' dir='ltr' id='par_1_78' title="bbox 979 1642 1787 1679">
     <span class='ocr_line' id='line_1_78' title="bbox 979 1642 1787 1679; baseline -0.001 -9"><span class='ocrx_word' id='word_1_465' title='bbox 979 1643 1013 1671; x_wconf 85' lang='lat' dir='ltr'><strong>N.</strong></span> <span class='ocrx_word' id='word_1_466' title='bbox 1028 1643 1173 1677; x_wconf 84' lang='lat' dir='ltr'><strong>Quomodo</strong></span> <span class='ocrx_word' id='word_1_467' title='bbox 1196 1651 1263 1679; x_wconf 75' lang='lat' dir='ltr'><strong>ergo</strong></span> <span class='ocrx_word' id='word_1_468' title='bbox 1279 1651 1363 1679; x_wconf 84' lang='lat' dir='ltr'><strong>negas</strong></span> <span class='ocrx_word' id='word_1_469' title='bbox 1385 1643 1527 1672; x_wconf 87' lang='lat' dir='ltr'><strong>Christum</strong></span> <span class='ocrx_word' id='word_1_470' title='bbox 1552 1642 1738 1678; x_wconf 89' lang='lat' dir='ltr'><strong>compositum</strong></span> <span class='ocrx_word' id='word_1_471' title='bbox 1780 1660 1787 1665; x_wconf 68' lang='grc' dir='ltr'><strong><em>μ</em></strong></span> 
     </span>
    </p>
   </div>
   <div class='ocr_carea' id='block_1_79' title="bbox 944 1689 1738 1725">
    <p class='ocr_par' dir='ltr' id='par_1_79' title="bbox 944 1689 1738 1725">
     <span class='ocr_line' id='line_1_79' title="bbox 944 1689 1738 1725; baseline -0.001 -8"><span class='ocrx_word' id='word_1_472' title='bbox 944 1696 1017 1722; x_wconf 90' lang='lat' dir='ltr'><strong>esse,</strong></span> <span class='ocrx_word' id='word_1_473' title='bbox 1032 1694 1060 1717; x_wconf 88' lang='lat' dir='ltr'><strong>et</strong></span> <span class='ocrx_word' id='word_1_474' title='bbox 1077 1689 1304 1725; x_wconf 86' lang='lat' dir='ltr'><strong>incompositum,</strong></span> <span class='ocrx_word' id='word_1_475' title='bbox 1318 1698 1403 1725; x_wconf 87' lang='lat' dir='ltr'><strong>quem</strong></span> <span class='ocrx_word' id='word_1_476' title='bbox 1418 1690 1478 1717; x_wconf 90' lang='lat' dir='ltr'><strong>sine</strong></span> <span class='ocrx_word' id='word_1_477' title='bbox 1493 1689 1581 1717; x_wconf 86' lang='lat' dir='ltr'><strong>dubio</strong></span> <span class='ocrx_word' id='word_1_478' title='bbox 1600 1689 1687 1716; x_wconf 90' lang='lat' dir='ltr'><strong>Deum</strong></span> <span class='ocrx_word' id='word_1_479' title='bbox 1709 1692 1738 1717; x_wconf 86' lang='lat' dir='ltr'><strong>et</strong></span> 
     </span>
    </p>
   </div>
   <div class='ocr_carea' id='block_1_80' title="bbox 945 1734 1264 1762">
    <p class='ocr_par' dir='ltr' id='par_1_80' title="bbox 945 1734 1264 1762">
     <span class='ocr_line' id='line_1_80' title="bbox 945 1734 1264 1762; baseline -0.003 0"><span class='ocrx_word' id='word_1_480' title='bbox 945 1734 1086 1762; x_wconf 89' lang='lat' dir='ltr'><strong>hominem</strong></span> <span class='ocrx_word' id='word_1_481' title='bbox 1101 1735 1264 1762; x_wconf 83' lang='lat' dir='ltr'><strong>confiteris?</strong></span> 
     </span>
    </p>
   </div>
   <div class='ocr_carea' id='block_1_81' title="bbox 979 1778 1737 1817">
    <p class='ocr_par' dir='ltr' id='par_1_81' title="bbox 979 1778 1737 1817">
     <span class='ocr_line' id='line_1_81' title="bbox 979 1778 1737 1817; baseline -0.001 -10"><span class='ocrx_word' id='word_1_482' title='bbox 979 1779 1010 1807; x_wconf 91' lang='lat' dir='ltr'><strong>C.</strong></span> <span class='ocrx_word' id='word_1_483' title='bbox 1029 1780 1116 1817; x_wconf 79' lang='lat' dir='ltr'><strong>Deum</strong></span> <span class='ocrx_word' id='word_1_484' title='bbox 1136 1779 1249 1814; x_wconf 88' lang='lat' dir='ltr'><strong>quidem</strong></span> <span class='ocrx_word' id='word_1_485' title='bbox 1274 1783 1303 1807; x_wconf 87' lang='lat' dir='ltr'><strong>et</strong></span> <span class='ocrx_word' id='word_1_486' title='bbox 1317 1779 1458 1807; x_wconf 88' lang='lat' dir='ltr'><strong>hominem</strong></span> <span class='ocrx_word' id='word_1_487' title='bbox 1470 1779 1570 1807; x_wconf 89' lang='lat' dir='ltr'><strong>Filium</strong></span> <span class='ocrx_word' id='word_1_488' title='bbox 1585 1779 1633 1807; x_wconf 89' lang='lat' dir='ltr'><strong>Dei</strong></span> <span class='ocrx_word' id='word_1_489' title='bbox 1649 1778 1737 1807; x_wconf 83' lang='lat' dir='ltr'><strong>conﬁ-</strong></span> 
     </span>
    </p>
   </div>
   <div class='ocr_carea' id='block_1_82' title="bbox 944 1825 1736 1860">
    <p class='ocr_par' dir='ltr' id='par_1_82' title="bbox 944 1825 1736 1860">
     <span class='ocr_line' id='line_1_82' title="bbox 944 1825 1736 1860; baseline 0 -7"><span class='ocrx_word' id='word_1_490' title='bbox 944 1830 1004 1853; x_wconf 85' lang='lat' dir='ltr'><strong>teor</strong></span> <span class='ocrx_word' id='word_1_491' title='bbox 1019 1835 1025 1852; x_wconf 92' lang='lat'><strong>:</strong></span> <span class='ocrx_word' id='word_1_492' title='bbox 1037 1833 1084 1853; x_wconf 91' lang='lat' dir='ltr'><strong>eos</strong></span> <span class='ocrx_word' id='word_1_493' title='bbox 1098 1830 1189 1853; x_wconf 84' lang='lat' dir='ltr'><strong>autem</strong></span> <span class='ocrx_word' id='word_1_494' title='bbox 1208 1825 1255 1860; x_wconf 93' lang='lat' dir='ltr'><strong>qui</strong></span> <span class='ocrx_word' id='word_1_495' title='bbox 1266 1833 1322 1853; x_wconf 92' lang='lat' dir='ltr'><strong>non</strong></span> <span class='ocrx_word' id='word_1_496' title='bbox 1339 1826 1467 1853; x_wconf 89' lang='lat' dir='ltr'><strong>eumdem</strong></span> <span class='ocrx_word' id='word_1_497' title='bbox 1479 1826 1622 1853; x_wconf 89' lang='lat' dir='ltr'><strong>Christum</strong></span> <span class='ocrx_word' id='word_1_498' title='bbox 1636 1825 1736 1853; x_wconf 90' lang='lat' dir='ltr'><strong>Filium</strong></span> 
     </span>
    </p>
   </div>
   <div class='ocr_carea' id='block_1_83' title="bbox 944 1873 1736 1908">
    <p class='ocr_par' dir='ltr' id='par_1_83' title="bbox 944 1873 1736 1908">
     <span class='ocr_line' id='line_1_83' title="bbox 944 1873 1736 1908; baseline 0.001 -8"><span class='ocrx_word' id='word_1_499' title='bbox 944 1873 993 1901; x_wconf 92' lang='lat' dir='ltr'><strong>Dei</strong></span> <span class='ocrx_word' id='word_1_500' title='bbox 1021 1878 1049 1901; x_wconf 86' lang='lat' dir='ltr'><strong>et</strong></span> <span class='ocrx_word' id='word_1_501' title='bbox 1079 1873 1295 1908; x_wconf 89' lang='lat' dir='ltr'><strong>incompositum</strong></span> <span class='ocrx_word' id='word_1_502' title='bbox 1329 1878 1393 1901; x_wconf 88' lang='lat' dir='ltr'><strong>ante</strong></span> <span class='ocrx_word' id='word_1_503' title='bbox 1427 1873 1673 1906; x_wconf 88' lang='lat' dir='ltr'><strong>incarnationem,</strong></span> <span class='ocrx_word' id='word_1_504' title='bbox 1707 1878 1736 1901; x_wconf 89' lang='lat' dir='ltr'><strong>et</strong></span> 
     </span>
    </p>
   </div>
   <div class='ocr_carea' id='block_1_84' title="bbox 943 1918 1736 1954">
    <p class='ocr_par' dir='ltr' id='par_1_84' title="bbox 943 1918 1736 1954">
     <span class='ocr_line' id='line_1_84' title="bbox 943 1918 1736 1954; baseline -0.001 -8"><span class='ocrx_word' id='word_1_505' title='bbox 943 1923 1005 1954; x_wconf 89' lang='lat' dir='ltr'><strong>post</strong></span> <span class='ocrx_word' id='word_1_506' title='bbox 1018 1919 1236 1947; x_wconf 84' lang='lat' dir='ltr'><strong>incarnationem</strong></span> <span class='ocrx_word' id='word_1_507' title='bbox 1259 1919 1441 1947; x_wconf 79' lang='lat' dir='ltr'><strong>compositum</strong></span> <span class='ocrx_word' id='word_1_508' title='bbox 1466 1919 1635 1946; x_wconf 84' lang='lat' dir='ltr'><strong>conﬁtentur</strong></span> <span class='ocrx_word' id='word_1_509' title='bbox 1656 1918 1736 1946; x_wconf 80' lang='lat' dir='ltr'><strong>valde</strong></span> 
     </span>
    </p>
   </div>
   <div class='ocr_carea' id='block_1_85' title="bbox 942 1964 1059 2001">
    <p class='ocr_par' dir='ltr' id='par_1_85' title="bbox 942 1964 1059 2001">
     <span class='ocr_line' id='line_1_85' title="bbox 942 1964 1059 2001; baseline 0 -9"><span class='ocrx_word' id='word_1_510' title='bbox 942 1964 1059 2001; x_wconf 83' lang='lat' dir='ltr'><strong>refugio.</strong></span> 
     </span>
    </p>
   </div>
   <div class='ocr_carea' id='block_1_86' title="bbox 978 2009 1734 2046">
    <p class='ocr_par' dir='ltr' id='par_1_86' title="bbox 978 2009 1734 2046">
     <span class='ocr_line' id='line_1_86' title="bbox 978 2009 1734 2046; baseline 0 -7"><span class='ocrx_word' id='word_1_511' title='bbox 978 2011 1012 2039; x_wconf 91' lang='lat' dir='ltr'><strong>N.</strong></span> <span class='ocrx_word' id='word_1_512' title='bbox 1029 2011 1252 2039; x_wconf 89' lang='lat' dir='ltr'><strong>Contractionem</strong></span> <span class='ocrx_word' id='word_1_513' title='bbox 1267 2010 1416 2046; x_wconf 87' lang='lat' dir='ltr'><strong>quamdam</strong></span> <span class='ocrx_word' id='word_1_514' title='bbox 1432 2009 1534 2038; x_wconf 64' lang='lat' dir='ltr'><strong>divinat</strong></span> <span class='ocrx_word' id='word_1_515' title='bbox 1547 2015 1654 2039; x_wconf 62' lang='lat' dir='ltr'><strong>natura;</strong></span> <span class='ocrx_word' id='word_1_516' title='bbox 1664 2019 1734 2046; x_wconf 68' lang='lat' dir='ltr'><strong>pra“:-</strong></span> 
     </span>
    </p>
   </div>
   <div class='ocr_carea' id='block_1_87' title="bbox 943 2057 1736 2092">
    <p class='ocr_par' dir='ltr' id='par_1_87' title="bbox 943 2057 1736 2092">
     <span class='ocr_line' id='line_1_87' title="bbox 943 2057 1736 2092; baseline 0 -8"><span class='ocrx_word' id='word_1_517' title='bbox 943 2057 1037 2085; x_wconf 87' lang='lat' dir='ltr'><strong>dicare</strong></span> <span class='ocrx_word' id='word_1_518' title='bbox 1057 2057 1243 2092; x_wconf 78' lang='lat' dir='ltr'><strong>cognosceris,</strong></span> <span class='ocrx_word' id='word_1_519' title='bbox 1253 2057 1383 2085; x_wconf 90' lang='lat' dir='ltr'><strong>eumdem</strong></span> <span class='ocrx_word' id='word_1_520' title='bbox 1395 2057 1502 2090; x_wconf 84' lang='lat' dir='ltr'><strong>dicens,</strong></span> <span class='ocrx_word' id='word_1_521' title='bbox 1522 2061 1552 2084; x_wconf 91' lang='lat' dir='ltr'><strong>et</strong></span> <span class='ocrx_word' id='word_1_522' title='bbox 1569 2061 1632 2084; x_wconf 86' lang='lat' dir='ltr'><strong>ante</strong></span> <span class='ocrx_word' id='word_1_523' title='bbox 1644 2057 1736 2084; x_wconf 81' lang='lat' dir='ltr'><strong>incar-</strong></span> 
     </span>
    </p>
   </div>
   <div class='ocr_carea' id='block_1_88' title="bbox 943 2102 1734 2138">
    <p class='ocr_par' dir='ltr' id='par_1_88' title="bbox 943 2102 1734 2138">
     <span class='ocr_line' id='line_1_88' title="bbox 943 2102 1734 2138; baseline -0.003 -8"><span class='ocrx_word' id='word_1_524' title='bbox 943 2103 1084 2130; x_wconf 88' lang='lat' dir='ltr'><strong>nationem</strong></span> <span class='ocrx_word' id='word_1_525' title='bbox 1107 2102 1322 2137; x_wconf 88' lang='lat' dir='ltr'><strong>incompositum</strong></span> <span class='ocrx_word' id='word_1_526' title='bbox 1339 2123 1346 2135; x_wconf 95' lang='lat'><strong>,</strong></span> <span class='ocrx_word' id='word_1_527' title='bbox 1369 2106 1398 2130; x_wconf 89' lang='lat' dir='ltr'><strong>et</strong></span> <span class='ocrx_word' id='word_1_528' title='bbox 1422 2107 1486 2138; x_wconf 89' lang='lat' dir='ltr'><strong>post</strong></span> <span class='ocrx_word' id='word_1_529' title='bbox 1515 2102 1734 2129; x_wconf 84' lang='lat' dir='ltr'><strong>incarnationem</strong></span> 
     </span>
    </p>
   </div>
   <div class='ocr_carea' id='block_1_89' title="bbox 945 2147 1735 2183">
    <p class='ocr_par' dir='ltr' id='par_1_89' title="bbox 945 2147 1735 2183">
     <span class='ocr_line' id='line_1_89' title="bbox 945 2147 1735 2183; baseline -0.001 -7"><span class='ocrx_word' id='word_1_530' title='bbox 945 2148 1140 2183; x_wconf 88' lang='lat' dir='ltr'><strong>compositum.</strong></span> <span class='ocrx_word' id='word_1_531' title='bbox 1154 2147 1298 2181; x_wconf 87' lang='lat' dir='ltr'><strong>Quomodo</strong></span> <span class='ocrx_word' id='word_1_532' title='bbox 1313 2152 1406 2175; x_wconf 88' lang='lat' dir='ltr'><strong>autem</strong></span> <span class='ocrx_word' id='word_1_533' title='bbox 1426 2152 1518 2183; x_wconf 86' lang='lat' dir='ltr'><strong>potest</strong></span> <span class='ocrx_word' id='word_1_534' title='bbox 1528 2148 1735 2176; x_wconf 88' lang='lat' dir='ltr'><strong>incircumscri—</strong></span> 
     </span>
    </p>
   </div>
   <div class='ocr_carea' id='block_1_90' title="bbox 85 2184 1733 2230">
    <p class='ocr_par' dir='ltr' id='par_1_90' title="bbox 85 2184 1733 2230">
     <span class='ocr_line' id='line_1_90' title="bbox 85 2184 1733 2230; baseline 0.005 -14"><span class='ocrx_word' id='word_1_535' title='bbox 85 2215 89 2229; x_wconf 49' lang='lat'><strong>,</strong></span> <span class='ocrx_word' id='word_1_536' title='bbox 130 2184 412 2224; x_wconf 80' lang='lat' dir='ltr'><strong>N.Compositionem</strong></span> <span class='ocrx_word' id='word_1_537' title='bbox 424 2188 572 2223; x_wconf 85' lang='lat' dir='ltr'><strong>quamdam</strong></span> <span class='ocrx_word' id='word_1_538' title='bbox 586 2189 815 2218; x_wconf 88' lang='lat' dir='ltr'><strong>ctconfusionem</strong></span> <span class='ocrx_word' id='word_1_539' title='bbox 826 2191 894 2219; x_wconf 90' lang='lat' dir='ltr'><strong>mihi</strong></span> <span class='ocrx_word' id='word_1_540' title='bbox 907 2196 934 2227; x_wconf 78' lang='grc' dir='ltr'><strong>ι)</strong></span> <span class='ocrx_word' id='word_1_541' title='bbox 947 2198 994 2230; x_wconf 84' lang='lat' dir='ltr'><strong>pla</strong></span> <span class='ocrx_word' id='word_1_542' title='bbox 1012 2198 1040 2221; x_wconf 83' lang='lat' dir='ltr'><strong>et</strong></span> <span class='ocrx_word' id='word_1_543' title='bbox 1054 2193 1160 2229; x_wconf 86' lang='lat' dir='ltr'><strong>ubique</strong></span> <span class='ocrx_word' id='word_1_544' title='bbox 1179 2193 1280 2221; x_wconf 84' lang='lat' dir='ltr'><strong>diffusa</strong></span> <span class='ocrx_word' id='word_1_545' title='bbox 1296 2198 1394 2221; x_wconf 86' lang='lat' dir='ltr'><strong>natura</strong></span> <span class='ocrx_word' id='word_1_546' title='bbox 1410 2194 1626 2228; x_wconf 73' lang='lat' dir='ltr'><strong>circumscripta:</strong></span> <span class='ocrx_word' id='word_1_547' title='bbox 1651 2199 1678 2221; x_wconf 89' lang='lat' dir='ltr'><strong>et</strong></span> <span class='ocrx_word' id='word_1_548' title='bbox 1706 2194 1733 2223; x_wconf 90' lang='lat' dir='ltr'><strong>in</strong></span> 
     </span>
    </p>
   </div>
   <div class='ocr_carea' id='block_1_91' title="bbox 83 2235 893 2271">
    <p class='ocr_par' dir='ltr' id='par_1_91' title="bbox 83 2235 893 2271">
     <span class='ocr_line' id='line_1_91' title="bbox 83 2235 893 2271; baseline 0.002 -8"><span class='ocrx_word' id='word_1_549' title='bbox 83 2235 203 2271; x_wconf 51' lang='lat' dir='ltr'><strong>fvideris</strong></span> <span class='ocrx_word' id='word_1_550' title='bbox 219 2235 399 2263; x_wconf 88' lang='lat' dir='ltr'><strong>introducere</strong></span> <span class='ocrx_word' id='word_1_551' title='bbox 414 2239 595 2268; x_wconf 87' lang='lat' dir='ltr'><strong>naturarum,</strong></span> <span class='ocrx_word' id='word_1_552' title='bbox 613 2236 708 2264; x_wconf 91' lang='lat' dir='ltr'><strong>dicens</strong></span> <span class='ocrx_word' id='word_1_553' title='bbox 729 2237 893 2266; x_wconf 88' lang='lat' dir='ltr'><strong>naturaliter</strong></span> 
     </span>
    </p>
   </div>
   <div class='ocr_carea' id='block_1_92' title="bbox 95 2280 331 2308">
    <p class='ocr_par' dir='ltr' id='par_1_92' title="bbox 95 2280 331 2308">
     <span class='ocr_line' id='line_1_92' title="bbox 95 2280 331 2308; baseline -0.004 0"><span class='ocrx_word' id='word_1_554' title='bbox 95 2285 213 2308; x_wconf 88' lang='lat' dir='ltr'><strong>naturas</strong></span> <span class='ocrx_word' id='word_1_555' title='bbox 226 2280 331 2307; x_wconf 88' lang='lat' dir='ltr'><strong>unitas.</strong></span> 
     </span>
    </p>
   </div>
   <div class='ocr_carea' id='block_1_93' title="bbox 80 2318 891 2360">
    <p class='ocr_par' dir='ltr' id='par_1_93' title="bbox 80 2318 891 2360">
     <span class='ocr_line' id='line_1_93' title="bbox 80 2318 891 2360; baseline 0.004 -5"><span class='ocrx_word' id='word_1_556' title='bbox 80 2318 84 2340; x_wconf 56' lang='grc'><strong><em>³</em></strong></span> <span class='ocrx_word' id='word_1_557' title='bbox 130 2326 163 2355; x_wconf 89' lang='lat' dir='ltr'><strong>C.</strong></span> <span class='ocrx_word' id='word_1_558' title='bbox 175 2326 309 2360; x_wconf 87' lang='lat' dir='ltr'><strong>Quamvis</strong></span> <span class='ocrx_word' id='word_1_559' title='bbox 322 2334 355 2353; x_wconf 81' lang='lat' dir='ltr'><strong>ex</strong></span> <span class='ocrx_word' id='word_1_560' title='bbox 367 2326 512 2355; x_wconf 84' lang='lat' dir='ltr'><strong>divinitate</strong></span> <span class='ocrx_word' id='word_1_561' title='bbox 522 2332 550 2355; x_wconf 90' lang='lat' dir='ltr'><strong>et</strong></span> <span class='ocrx_word' id='word_1_562' title='bbox 562 2328 735 2357; x_wconf 83' lang='lat' dir='ltr'><strong>humanitate</strong></span> <span class='ocrx_word' id='word_1_563' title='bbox 746 2329 832 2357; x_wconf 88' lang='lat' dir='ltr'><strong>Deum</strong></span> <span class='ocrx_word' id='word_1_564' title='bbox 840 2337 891 2358; x_wconf 92' lang='lat' dir='ltr'><strong>no-</strong></span> 
     </span>
    </p>
   </div>
   <div class='ocr_carea' id='block_1_94' title="bbox 95 2375 892 2412">
    <p class='ocr_par' dir='ltr' id='par_1_94' title="bbox 95 2375 892 2412">
     <span class='ocr_line' id='line_1_94' title="bbox 95 2375 892 2412; baseline 0.003 -8"><span class='ocrx_word' id='word_1_565' title='bbox 95 2381 185 2404; x_wconf 84' lang='lat' dir='ltr'><strong>strum</strong></span> <span class='ocrx_word' id='word_1_566' title='bbox 207 2376 305 2404; x_wconf 76' lang='lat' dir='ltr'><strong>Jesum</strong></span> <span class='ocrx_word' id='word_1_567' title='bbox 328 2375 471 2403; x_wconf 85' lang='lat' dir='ltr'><strong>Christum</strong></span> <span class='ocrx_word' id='word_1_568' title='bbox 495 2377 682 2412; x_wconf 87' lang='lat' dir='ltr'><strong>compositum</strong></span> <span class='ocrx_word' id='word_1_569' title='bbox 706 2378 766 2406; x_wconf 90' lang='lat' dir='ltr'><strong>sive</strong></span> <span class='ocrx_word' id='word_1_570' title='bbox 781 2379 892 2406; x_wconf 90' lang='lat' dir='ltr'><strong>unitum</strong></span> 
     </span>
    </p>
   </div>
   <div class='ocr_carea' id='block_1_95' title="bbox 94 2422 891 2460">
    <p class='ocr_par' dir='ltr' id='par_1_95' title="bbox 94 2422 891 2460">
     <span class='ocr_line' id='line_1_95' title="bbox 94 2422 891 2460; baseline 0.003 -10"><span class='ocrx_word' id='word_1_571' title='bbox 94 2431 155 2450; x_wconf 88' lang='lat' dir='ltr'><strong>esse</strong></span> <span class='ocrx_word' id='word_1_572' title='bbox 171 2422 323 2454; x_wconf 84' lang='lat' dir='ltr'><strong>fateamur,</strong></span> <span class='ocrx_word' id='word_1_573' title='bbox 336 2422 527 2450; x_wconf 90' lang='lat' dir='ltr'><strong>confusionem</strong></span> <span class='ocrx_word' id='word_1_574' title='bbox 548 2427 639 2451; x_wconf 91' lang='lat' dir='ltr'><strong>tamen</strong></span> <span class='ocrx_word' id='word_1_575' title='bbox 656 2428 820 2451; x_wconf 86' lang='lat' dir='ltr'><strong>naturarum</strong></span> <span class='ocrx_word' id='word_1_576' title='bbox 841 2433 891 2460; x_wconf 90' lang='lat' dir='ltr'><strong>pe-</strong></span> 
     </span>
    </p>
   </div>
   <div class='ocr_carea' id='block_1_96' title="bbox 95 2468 892 2505">
    <p class='ocr_par' dir='ltr' id='par_1_96' title="bbox 95 2468 892 2505">
     <span class='ocr_line' id='line_1_96' title="bbox 95 2468 892 2505; baseline 0.004 -9"><span class='ocrx_word' id='word_1_577' title='bbox 95 2470 173 2497; x_wconf 88' lang='lat' dir='ltr'><strong>nitus</strong></span> <span class='ocrx_word' id='word_1_578' title='bbox 187 2469 355 2504; x_wconf 81' lang='lat' dir='ltr'><strong>refugimus,</strong></span> <span class='ocrx_word' id='word_1_579' title='bbox 370 2468 435 2503; x_wconf 89' lang='lat' dir='ltr'><strong>quia</strong></span> <span class='ocrx_word' id='word_1_580' title='bbox 459 2473 592 2505; x_wconf 88' lang='lat' dir='ltr'><strong>utrasque</strong></span> <span class='ocrx_word' id='word_1_581' title='bbox 615 2475 731 2498; x_wconf 87' lang='lat' dir='ltr'><strong>naturas</strong></span> <span class='ocrx_word' id='word_1_582' title='bbox 751 2471 892 2499; x_wconf 85' lang='lat' dir='ltr'><strong>credimus</strong></span> 
     </span>
    </p>
   </div>
   <div class='ocr_carea' id='block_1_97' title="bbox 96 2514 382 2550">
    <p class='ocr_par' dir='ltr' id='par_1_97' title="bbox 96 2514 382 2550">
     <span class='ocr_line' id='line_1_97' title="bbox 96 2514 382 2550; baseline 0 -8"><span class='ocrx_word' id='word_1_583' title='bbox 96 2523 210 2542; x_wconf 88' lang='lat' dir='ltr'><strong>tnancre</strong></span> <span class='ocrx_word' id='word_1_584' title='bbox 231 2514 382 2550; x_wconf 86' lang='lat' dir='ltr'><strong>perfectas.</strong></span> 
     </span>
    </p>
   </div>
   <div class='ocr_carea' id='block_1_98' title="bbox 130 2560 889 2598">
    <p class='ocr_par' dir='ltr' id='par_1_98' title="bbox 130 2560 889 2598">
     <span class='ocr_line' id='line_1_98' title="bbox 130 2560 889 2598; baseline 0.007 -11"><span class='ocrx_word' id='word_1_585' title='bbox 130 2561 164 2588; x_wconf 82' lang='grc' dir='ltr'><strong>Ν.</strong></span> <span class='ocrx_word' id='word_1_586' title='bbox 195 2560 371 2595; x_wconf 85' lang='lat' dir='ltr'><strong>Compositio</strong></span> <span class='ocrx_word' id='word_1_587' title='bbox 405 2561 547 2589; x_wconf 86' lang='lat' dir='ltr'><strong>contraria</strong></span> <span class='ocrx_word' id='word_1_588' title='bbox 577 2561 744 2598; x_wconf 78' lang='lat' dir='ltr'><strong>intelligitur</strong></span> <span class='ocrx_word' id='word_1_589' title='bbox 775 2563 889 2598; x_wconf 88' lang='lat' dir='ltr'><strong>unitati,</strong></span> 
     </span>
    </p>
   </div>
   <div class='ocr_carea' id='block_1_99' title="bbox 96 2607 890 2642">
    <p class='ocr_par' dir='ltr' id='par_1_99' title="bbox 96 2607 890 2642">
     <span class='ocr_line' id='line_1_99' title="bbox 96 2607 890 2642; baseline 0.006 -9"><span class='ocrx_word' id='word_1_590' title='bbox 96 2607 161 2642; x_wconf 89' lang='lat' dir='ltr'><strong>quia</strong></span> <span class='ocrx_word' id='word_1_591' title='bbox 175 2611 224 2634; x_wconf 87' lang='lat' dir='ltr'><strong>aut</strong></span> <span class='ocrx_word' id='word_1_592' title='bbox 235 2607 429 2635; x_wconf 86' lang='lat' dir='ltr'><strong>confusionem</strong></span> <span class='ocrx_word' id='word_1_593' title='bbox 438 2607 531 2640; x_wconf 79' lang='lat' dir='ltr'><strong>eilicit,</strong></span> <span class='ocrx_word' id='word_1_594' title='bbox 541 2612 590 2636; x_wconf 89' lang='lat' dir='ltr'><strong>aut</strong></span> <span class='ocrx_word' id='word_1_595' title='bbox 599 2616 653 2636; x_wconf 93' lang='lat' dir='ltr'><strong>non</strong></span> <span class='ocrx_word' id='word_1_596' title='bbox 663 2609 890 2639; x_wconf 86' lang='lat' dir='ltr'><strong>caretdivisione.</strong></span> 
     </span>
    </p>
   </div>
   <div class='ocr_carea' id='block_1_100' title="bbox 97 2652 891 2690">
    <p class='ocr_par' dir='ltr' id='par_1_100' title="bbox 97 2652 891 2690">
     <span class='ocr_line' id='line_1_100' title="bbox 97 2652 891 2690; baseline 0.005 -10"><span class='ocrx_word' id='word_1_597' title='bbox 97 2652 222 2681; x_wconf 64' lang='lat' dir='ltr'><strong>(Edificia</strong></span> <span class='ocrx_word' id='word_1_598' title='bbox 249 2653 371 2688; x_wconf 89' lang='lat' dir='ltr'><strong>denique</strong></span> <span class='ocrx_word' id='word_1_599' title='bbox 396 2654 499 2687; x_wconf 90' lang='lat' dir='ltr'><strong>omnia,</strong></span> <span class='ocrx_word' id='word_1_600' title='bbox 527 2662 588 2689; x_wconf 66' lang='lat' dir='ltr'><strong>qum</strong></span> <span class='ocrx_word' id='word_1_601' title='bbox 604 2655 804 2690; x_wconf 89' lang='lat' dir='ltr'><strong>compositione</strong></span> <span class='ocrx_word' id='word_1_602' title='bbox 825 2664 891 2685; x_wconf 90' lang='lat' dir='ltr'><strong>con-</strong></span> 
     </span>
    </p>
   </div>
   <div class='ocr_carea' id='block_1_101' title="bbox 99 2699 892 2738">
    <p class='ocr_par' dir='ltr' id='par_1_101' title="bbox 99 2699 892 2738">
     <span class='ocr_line' id='line_1_101' title="bbox 99 2699 892 2738; baseline 0.008 -12"><span class='ocrx_word' id='word_1_603' title='bbox 99 2703 181 2732; x_wconf 82' lang='lat' dir='ltr'><strong>stant,</strong></span> <span class='ocrx_word' id='word_1_604' title='bbox 199 2699 280 2727; x_wconf 89' lang='lat' dir='ltr'><strong>nullo</strong></span> <span class='ocrx_word' id='word_1_605' title='bbox 304 2699 450 2728; x_wconf 81' lang='lat' dir='ltr'><strong>dubitante</strong></span> <span class='ocrx_word' id='word_1_606' title='bbox 473 2701 637 2732; x_wconf 86' lang='lat' dir='ltr'><strong>solvuntur,</strong></span> <span class='ocrx_word' id='word_1_607' title='bbox 658 2709 690 2729; x_wconf 89' lang='lat' dir='ltr'><strong>ea</strong></span> <span class='ocrx_word' id='word_1_608' title='bbox 715 2710 780 2730; x_wconf 91' lang='lat' dir='ltr'><strong>vero</strong></span> <span class='ocrx_word' id='word_1_609' title='bbox 797 2711 859 2738; x_wconf 71' lang='lat' dir='ltr'><strong>quae</strong></span> <span class='ocrx_word' id='word_1_610' title='bbox 875 2711 892 2732; x_wconf 85' lang='lat' dir='ltr'><strong>a</strong></span> 
     </span>
    </p>
   </div>
   <div class='ocr_carea' id='block_1_102' title="bbox 98 2745 889 2784">
    <p class='ocr_par' dir='ltr' id='par_1_102' title="bbox 98 2745 889 2784">
     <span class='ocr_line' id='line_1_102' title="bbox 98 2745 889 2784; baseline 0.009 -12"><span class='ocrx_word' id='word_1_611' title='bbox 98 2745 292 2780; x_wconf 78' lang='lat' dir='ltr'><strong>pigmentariis</strong></span> <span class='ocrx_word' id='word_1_612' title='bbox 302 2753 317 2772; x_wconf 88' lang='lat' dir='ltr'><strong>a</strong></span> <span class='ocrx_word' id='word_1_613' title='bbox 328 2745 445 2774; x_wconf 88' lang='lat' dir='ltr'><strong>diversis</strong></span> <span class='ocrx_word' id='word_1_614' title='bbox 453 2755 546 2774; x_wconf 88' lang='lat' dir='ltr'><strong>rerum</strong></span> <span class='ocrx_word' id='word_1_615' title='bbox 556 2748 664 2776; x_wconf 89' lang='lat' dir='ltr'><strong>naturis</strong></span> <span class='ocrx_word' id='word_1_616' title='bbox 675 2755 889 2784; x_wconf 85' lang='lat' dir='ltr'><strong>componuntur,</strong></span> 
     </span>
    </p>
   </div>
   <div class='ocr_carea' id='block_1_103' title="bbox 99 2791 890 2830">
    <p class='ocr_par' dir='ltr' id='par_1_103' title="bbox 99 2791 890 2830">
     <span class='ocr_line' id='line_1_103' title="bbox 99 2791 890 2830; baseline 0.006 -11"><span class='ocrx_word' id='word_1_617' title='bbox 99 2791 213 2820; x_wconf 80' lang='lat' dir='ltr'><strong>confusa</strong></span> <span class='ocrx_word' id='word_1_618' title='bbox 224 2793 255 2820; x_wconf 90' lang='lat' dir='ltr'><strong>in</strong></span> <span class='ocrx_word' id='word_1_619' title='bbox 270 2799 300 2820; x_wconf 86' lang='lat' dir='ltr'><strong>se</strong></span> <span class='ocrx_word' id='word_1_620' title='bbox 315 2797 390 2826; x_wconf 87' lang='lat' dir='ltr'><strong>sunt,</strong></span> <span class='ocrx_word' id='word_1_621' title='bbox 407 2801 460 2820; x_wconf 89' lang='lat' dir='ltr'><strong>nec</strong></span> <span class='ocrx_word' id='word_1_622' title='bbox 475 2793 531 2821; x_wconf 88' lang='lat' dir='ltr'><strong>ulla</strong></span> <span class='ocrx_word' id='word_1_623' title='bbox 549 2801 593 2822; x_wconf 86' lang='lat' dir='ltr'><strong>res</strong></span> <span class='ocrx_word' id='word_1_624' title='bbox 604 2802 719 2830; x_wconf 83' lang='lat' dir='ltr'><strong>prorsus</strong></span> <span class='ocrx_word' id='word_1_625' title='bbox 734 2796 762 2823; x_wconf 91' lang='lat' dir='ltr'><strong>in</strong></span> <span class='ocrx_word' id='word_1_626' title='bbox 778 2796 820 2824; x_wconf 89' lang='lat' dir='ltr'><strong>eis</strong></span> <span class='ocrx_word' id='word_1_627' title='bbox 839 2797 890 2824; x_wconf 93' lang='lat' dir='ltr'><strong>ob-</strong></span> 
     </span>
    </p>
   </div>
   <div class='ocr_carea' id='block_1_104' title="bbox 100 2837 890 2876">
    <p class='ocr_par' dir='ltr' id='par_1_104' title="bbox 100 2837 890 2876">
     <span class='ocr_line' id='line_1_104' title="bbox 100 2837 890 2876; baseline 0.005 -11"><span class='ocrx_word' id='word_1_628' title='bbox 100 2837 168 2865; x_wconf 84' lang='lat' dir='ltr'><strong>tinet</strong></span> <span class='ocrx_word' id='word_1_629' title='bbox 187 2838 399 2873; x_wconf 85' lang='lat' dir='ltr'><strong>proprietatem.</strong></span> <span class='ocrx_word' id='word_1_630' title='bbox 416 2838 561 2871; x_wconf 86' lang='lat' dir='ltr'><strong>Quomodo</strong></span> <span class='ocrx_word' id='word_1_631' title='bbox 584 2847 650 2876; x_wconf 79' lang='lat' dir='ltr'><strong>ergo</strong></span> <span class='ocrx_word' id='word_1_632' title='bbox 673 2848 722 2868; x_wconf 87' lang='lat' dir='ltr'><strong>vos</strong></span> <span class='ocrx_word' id='word_1_633' title='bbox 746 2840 890 2875; x_wconf 78' lang='lat' dir='ltr'><strong>indivisas,</strong></span> 
     </span>
    </p>
   </div>
   <div class='ocr_carea' id='block_1_105' title="bbox 942 2239 1734 2276">
    <p class='ocr_par' dir='ltr' id='par_1_105' title="bbox 942 2239 1734 2276">
     <span class='ocr_line' id='line_1_105' title="bbox 942 2239 1734 2276; baseline 0 -9"><span class='ocrx_word' id='word_1_634' title='bbox 942 2247 1030 2276; x_wconf 90' lang='lat' dir='ltr'><strong>parvo</strong></span> <span class='ocrx_word' id='word_1_635' title='bbox 1047 2240 1108 2267; x_wconf 89' lang='lat' dir='ltr'><strong>loco</strong></span> <span class='ocrx_word' id='word_1_636' title='bbox 1135 2240 1292 2268; x_wconf 82' lang='lat' dir='ltr'><strong>constitutae</strong></span> <span class='ocrx_word' id='word_1_637' title='bbox 1308 2244 1414 2267; x_wconf 70' lang='lat' dir='ltr'><strong>naturae</strong></span> <span class='ocrx_word' id='word_1_638' title='bbox 1426 2239 1578 2267; x_wconf 81' lang='lat' dir='ltr'><strong>secundum</strong></span> <span class='ocrx_word' id='word_1_639' title='bbox 1594 2241 1734 2275; x_wconf 88' lang='lat' dir='ltr'><strong>composi-</strong></span> 
     </span>
    </p>
   </div>
   <div class='ocr_carea' id='block_1_106' title="bbox 943 2284 1734 2318">
    <p class='ocr_par' dir='ltr' id='par_1_106' title="bbox 943 2284 1734 2318">
     <span class='ocr_line' id='line_1_106' title="bbox 943 2284 1734 2318; baseline 0.003 -6"><span class='ocrx_word' id='word_1_640' title='bbox 943 2285 1046 2312; x_wconf 89' lang='lat' dir='ltr'><strong>tionem</strong></span> <span class='ocrx_word' id='word_1_641' title='bbox 1062 2285 1147 2318; x_wconf 87' lang='lat' dir='ltr'><strong>uniri,</strong></span> <span class='ocrx_word' id='word_1_642' title='bbox 1159 2284 1212 2312; x_wconf 87' lang='lat' dir='ltr'><strong>nisi</strong></span> <span class='ocrx_word' id='word_1_643' title='bbox 1226 2285 1308 2318; x_wconf 88' lang='lat' dir='ltr'><strong>forte,</strong></span> <span class='ocrx_word' id='word_1_644' title='bbox 1320 2289 1352 2312; x_wconf 84' lang='lat' dir='ltr'><strong>ut</strong></span> <span class='ocrx_word' id='word_1_645' title='bbox 1367 2285 1435 2318; x_wconf 87' lang='lat' dir='ltr'><strong>dixi,</strong></span> <span class='ocrx_word' id='word_1_646' title='bbox 1450 2285 1660 2314; x_wconf 83' lang='lat' dir='ltr'><strong>autdivinitatis</strong></span> <span class='ocrx_word' id='word_1_647' title='bbox 1670 2294 1734 2314; x_wconf 87' lang='lat' dir='ltr'><strong>con-</strong></span> 
     </span>
    </p>
   </div>
   <div class='ocr_carea' id='block_1_107' title="bbox 943 2330 1734 2368">
    <p class='ocr_par' dir='ltr' id='par_1_107' title="bbox 943 2330 1734 2368">
     <span class='ocr_line' id='line_1_107' title="bbox 943 2330 1734 2368; baseline 0.004 -10"><span class='ocrx_word' id='word_1_648' title='bbox 943 2330 1107 2358; x_wconf 84' lang='lat' dir='ltr'><strong>tractionem</strong></span> <span class='ocrx_word' id='word_1_649' title='bbox 1134 2335 1183 2358; x_wconf 87' lang='lat' dir='ltr'><strong>aut</strong></span> <span class='ocrx_word' id='word_1_650' title='bbox 1213 2331 1305 2359; x_wconf 87' lang='lat' dir='ltr'><strong>carnis</strong></span> <span class='ocrx_word' id='word_1_651' title='bbox 1325 2332 1516 2360; x_wconf 81' lang='lat' dir='ltr'><strong>extensionem</strong></span> <span class='ocrx_word' id='word_1_652' title='bbox 1533 2332 1634 2360; x_wconf 80' lang='lat' dir='ltr'><strong>factam</strong></span> <span class='ocrx_word' id='word_1_653' title='bbox 1649 2332 1734 2368; x_wconf 91' lang='lat' dir='ltr'><strong>impie</strong></span> 
     </span>
    </p>
   </div>
   <div class='ocr_carea' id='block_1_108' title="bbox 943 2376 1057 2405">
    <p class='ocr_par' dir='ltr' id='par_1_108' title="bbox 943 2376 1057 2405">
     <span class='ocr_line' id='line_1_108' title="bbox 943 2376 1057 2405; baseline 0 -1"><span class='ocrx_word' id='word_1_654' title='bbox 943 2376 1037 2405; x_wconf 84' lang='lat' dir='ltr'><strong>fateris</strong></span> <span class='ocrx_word' id='word_1_655' title='bbox 1044 2377 1057 2404; x_wconf 69' lang='grc' dir='ltr'><strong>’ἶ</strong></span> 
     </span>
    </p>
   </div>
   <div class='ocr_carea' id='block_1_109' title="bbox 977 2423 1733 2459">
    <p class='ocr_par' dir='ltr' id='par_1_109' title="bbox 977 2423 1733 2459">
     <span class='ocr_line' id='line_1_109' title="bbox 977 2423 1733 2459; baseline 0.004 -9"><span class='ocrx_word' id='word_1_656' title='bbox 977 2423 1008 2451; x_wconf 91' lang='lat' dir='ltr'><strong>C.</strong></span> <span class='ocrx_word' id='word_1_657' title='bbox 1024 2423 1131 2459; x_wconf 89' lang='lat' dir='ltr'><strong>Opinor</strong></span> <span class='ocrx_word' id='word_1_658' title='bbox 1147 2431 1311 2459; x_wconf 88' lang='lat' dir='ltr'><strong>corpoream</strong></span> <span class='ocrx_word' id='word_1_659' title='bbox 1329 2428 1355 2452; x_wconf 88' lang='lat' dir='ltr'><strong>te</strong></span> <span class='ocrx_word' id='word_1_660' title='bbox 1374 2424 1488 2452; x_wconf 85' lang='lat' dir='ltr'><strong>credere</strong></span> <span class='ocrx_word' id='word_1_661' title='bbox 1504 2423 1626 2452; x_wconf 87' lang='lat' dir='ltr'><strong>divinam</strong></span> <span class='ocrx_word' id='word_1_662' title='bbox 1637 2433 1733 2453; x_wconf 89' lang='lat' dir='ltr'><strong>essen-</strong></span> 
     </span>
    </p>
   </div>
   <div class='ocr_carea' id='block_1_110' title="bbox 942 2469 1734 2505">
    <p class='ocr_par' dir='ltr' id='par_1_110' title="bbox 942 2469 1734 2505">
     <span class='ocr_line' id='line_1_110' title="bbox 942 2469 1734 2505; baseline 0.003 -8"><span class='ocrx_word' id='word_1_663' title='bbox 942 2469 1019 2502; x_wconf 90' lang='lat' dir='ltr'><strong>tiam,</strong></span> <span class='ocrx_word' id='word_1_664' title='bbox 1044 2477 1126 2505; x_wconf 87' lang='lat' dir='ltr'><strong>quam</strong></span> <span class='ocrx_word' id='word_1_665' title='bbox 1153 2470 1235 2498; x_wconf 91' lang='lat' dir='ltr'><strong>modo</strong></span> <span class='ocrx_word' id='word_1_666' title='bbox 1255 2470 1382 2498; x_wconf 87' lang='lat' dir='ltr'><strong>contrahi</strong></span> <span class='ocrx_word' id='word_1_667' title='bbox 1402 2471 1438 2498; x_wconf 85' lang='lat' dir='ltr'><strong>ad</strong></span> <span class='ocrx_word' id='word_1_668' title='bbox 1461 2478 1570 2498; x_wconf 90' lang='lat' dir='ltr'><strong>carnem</strong></span> <span class='ocrx_word' id='word_1_669' title='bbox 1597 2471 1734 2505; x_wconf 58' lang='lat' dir='ltr'><strong>aestimas,</strong></span> 
     </span>
    </p>
   </div>
   <div class='ocr_carea' id='block_1_111' title="bbox 941 2516 1527 2552">
    <p class='ocr_par' dir='ltr' id='par_1_111' title="bbox 941 2516 1527 2552">
     <span class='ocr_line' id='line_1_111' title="bbox 941 2516 1527 2552; baseline 0.002 -9"><span class='ocrx_word' id='word_1_670' title='bbox 941 2516 1024 2543; x_wconf 92' lang='lat' dir='ltr'><strong>modo</strong></span> <span class='ocrx_word' id='word_1_671' title='bbox 1036 2516 1147 2543; x_wconf 82' lang='lat' dir='ltr'><strong>extendi</strong></span> <span class='ocrx_word' id='word_1_672' title='bbox 1165 2524 1228 2544; x_wconf 90' lang='lat' dir='ltr'><strong>cum</strong></span> <span class='ocrx_word' id='word_1_673' title='bbox 1244 2523 1326 2544; x_wconf 88' lang='lat' dir='ltr'><strong>carne</strong></span> <span class='ocrx_word' id='word_1_674' title='bbox 1339 2516 1513 2551; x_wconf 89' lang='lat' dir='ltr'><strong>pronuntias.</strong></span> <span class='ocrx_word' id='word_1_675' title='bbox 1520 2531 1527 2552; x_wconf 64' lang='grc' dir='ltr'><strong><em>ι</em></strong></span> 
     </span>
    </p>
   </div>
   <div class='ocr_carea' id='block_1_112' title="bbox 976 2562 1504 2592">
    <p class='ocr_par' dir='ltr' id='par_1_112' title="bbox 976 2562 1504 2592">
     <span class='ocr_line' id='line_1_112' title="bbox 976 2562 1504 2592; baseline 0.002 -2"><span class='ocrx_word' id='word_1_676' title='bbox 976 2562 1009 2590; x_wconf 86' lang='grc' dir='ltr'><strong>Ν.</strong></span> <span class='ocrx_word' id='word_1_677' title='bbox 1027 2562 1108 2590; x_wconf 83' lang='lat' dir='ltr'><strong>Absit</strong></span> <span class='ocrx_word' id='word_1_678' title='bbox 1118 2562 1171 2591; x_wconf 89' lang='lat' dir='ltr'><strong>hoc</strong></span> <span class='ocrx_word' id='word_1_679' title='bbox 1184 2562 1219 2591; x_wconf 88' lang='lat' dir='ltr'><strong>ab</strong></span> <span class='ocrx_word' id='word_1_680' title='bbox 1235 2563 1327 2590; x_wconf 90' lang='lat' dir='ltr'><strong>animo</strong></span> <span class='ocrx_word' id='word_1_681' title='bbox 1337 2563 1504 2592; x_wconf 86' lang='lat' dir='ltr'><strong>Christiano.</strong></span> 
     </span>
    </p>
   </div>
   <div class='ocr_carea' id='block_1_113' title="bbox 975 2609 1640 2645">
    <p class='ocr_par' dir='ltr' id='par_1_113' title="bbox 975 2609 1640 2645">
     <span class='ocr_line' id='line_1_113' title="bbox 975 2609 1640 2645; baseline 0.003 -9"><span class='ocrx_word' id='word_1_682' title='bbox 975 2609 1008 2637; x_wconf 92' lang='lat' dir='ltr'><strong>C.</strong></span> <span class='ocrx_word' id='word_1_683' title='bbox 1021 2609 1093 2643; x_wconf 85' lang='lat' dir='ltr'><strong>Quid</strong></span> <span class='ocrx_word' id='word_1_684' title='bbox 1112 2617 1179 2645; x_wconf 84' lang='lat' dir='ltr'><strong>ergo</strong></span> <span class='ocrx_word' id='word_1_685' title='bbox 1188 2609 1276 2638; x_wconf 89' lang='lat' dir='ltr'><strong>sentis</strong></span> <span class='ocrx_word' id='word_1_686' title='bbox 1284 2609 1405 2637; x_wconf 88' lang='lat' dir='ltr'><strong>divinam</strong></span> <span class='ocrx_word' id='word_1_687' title='bbox 1416 2618 1477 2638; x_wconf 88' lang='lat' dir='ltr'><strong>esse</strong></span> <span class='ocrx_word' id='word_1_688' title='bbox 1491 2611 1640 2639; x_wconf 78' lang='lat' dir='ltr'><strong>naturam?</strong></span> 
     </span>
    </p>
   </div>
   <div class='ocr_carea' id='block_1_114' title="bbox 976 2655 1734 2693">
    <p class='ocr_par' dir='ltr' id='par_1_114' title="bbox 976 2655 1734 2693">
     <span class='ocr_line' id='line_1_114' title="bbox 976 2655 1734 2693; baseline 0.004 -11"><span class='ocrx_word' id='word_1_689' title='bbox 976 2655 1009 2683; x_wconf 91' lang='lat' dir='ltr'><strong>N.</strong></span> <span class='ocrx_word' id='word_1_690' title='bbox 1025 2655 1163 2684; x_wconf 86' lang='lat' dir='ltr'><strong>Virtutem</strong></span> <span class='ocrx_word' id='word_1_691' title='bbox 1186 2656 1284 2691; x_wconf 88' lang='lat' dir='ltr'><strong>procul</strong></span> <span class='ocrx_word' id='word_1_692' title='bbox 1300 2656 1387 2684; x_wconf 88' lang='lat' dir='ltr'><strong>dubio</strong></span> <span class='ocrx_word' id='word_1_693' title='bbox 1406 2664 1548 2693; x_wconf 78' lang='lat' dir='ltr'><strong>magnam,</strong></span> <span class='ocrx_word' id='word_1_694' title='bbox 1576 2662 1606 2685; x_wconf 89' lang='lat' dir='ltr'><strong>et</strong></span> <span class='ocrx_word' id='word_1_695' title='bbox 1631 2657 1734 2693; x_wconf 88' lang='lat' dir='ltr'><strong>ubique</strong></span> 
     </span>
    </p>
   </div>
   <div class='ocr_carea' id='block_1_115' title="bbox 942 2704 1038 2728">
    <p class='ocr_par' dir='ltr' id='par_1_115' title="bbox 942 2704 1038 2728">
     <span class='ocr_line' id='line_1_115' title="bbox 942 2704 1038 2728; baseline 0 0"><span class='ocrx_word' id='word_1_696' title='bbox 942 2704 1026 2728; x_wconf 86' lang='lat' dir='ltr'><strong>totam</strong></span> <span class='ocrx_word' id='word_1_697' title='bbox 1031 2720 1038 2728; x_wconf 92' lang='lat'><strong>.</strong></span> 
     </span>
    </p>
   </div>
   <div class='ocr_carea' id='block_1_116' title="bbox 977 2747 1735 2784">
    <p class='ocr_par' dir='ltr' id='par_1_116' title="bbox 977 2747 1735 2784">
     <span class='ocr_line' id='line_1_116' title="bbox 977 2747 1735 2784; baseline 0.001 -9"><span class='ocrx_word' id='word_1_698' title='bbox 977 2747 1008 2775; x_wconf 92' lang='lat' dir='ltr'><strong>C.</strong></span> <span class='ocrx_word' id='word_1_699' title='bbox 1032 2748 1130 2776; x_wconf 85' lang='lat' dir='ltr'><strong>Totam</strong></span> <span class='ocrx_word' id='word_1_700' title='bbox 1154 2748 1257 2784; x_wconf 88' lang='lat' dir='ltr'><strong>ubique</strong></span> <span class='ocrx_word' id='word_1_701' title='bbox 1285 2749 1438 2778; x_wconf 89' lang='lat' dir='ltr'><strong>secundum</strong></span> <span class='ocrx_word' id='word_1_702' title='bbox 1466 2753 1550 2778; x_wconf 87' lang='lat' dir='ltr'><strong>totum</strong></span> <span class='ocrx_word' id='word_1_703' title='bbox 1577 2756 1638 2777; x_wconf 88' lang='lat' dir='ltr'><strong>eam</strong></span> <span class='ocrx_word' id='word_1_704' title='bbox 1667 2748 1735 2777; x_wconf 82' lang='lat' dir='ltr'><strong>dicis</strong></span> 
     </span>
    </p>
   </div>
   <div class='ocr_carea' id='block_1_117' title="bbox 941 2793 1099 2822">
    <p class='ocr_par' dir='ltr' id='par_1_117' title="bbox 941 2793 1099 2822">
     <span class='ocr_line' id='line_1_117' title="bbox 941 2793 1099 2822; baseline -0.006 0"><span class='ocrx_word' id='word_1_705' title='bbox 941 2793 1076 2822; x_wconf 82' lang='lat' dir='ltr'><strong>exsistere</strong></span> <span class='ocrx_word' id='word_1_706' title='bbox 1087 2794 1099 2821; x_wconf 75' lang='grc' dir='ltr'><em>Ἰ</em></span> 
     </span>
    </p>
   </div>
   <div class='ocr_carea' id='block_1_118' title="bbox 977 2840 1737 2878">
    <p class='ocr_par' dir='ltr' id='par_1_118' title="bbox 977 2840 1737 2878">
     <span class='ocr_line' id='line_1_118' title="bbox 977 2840 1737 2878; baseline -0.001 -9"><span class='ocrx_word' id='word_1_707' title='bbox 977 2841 1011 2869; x_wconf 83' lang='grc' dir='ltr'><strong>Ν.</strong></span> <span class='ocrx_word' id='word_1_708' title='bbox 1026 2840 1086 2869; x_wconf 87' lang='lat' dir='ltr'><strong>Non</strong></span> <span class='ocrx_word' id='word_1_709' title='bbox 1111 2841 1207 2876; x_wconf 87' lang='lat' dir='ltr'><strong>utique</strong></span> <span class='ocrx_word' id='word_1_710' title='bbox 1221 2842 1375 2870; x_wconf 86' lang='lat' dir='ltr'><strong>secundum</strong></span> <span class='ocrx_word' id='word_1_711' title='bbox 1393 2846 1480 2870; x_wconf 86' lang='lat' dir='ltr'><strong>totum</strong></span> <span class='ocrx_word' id='word_1_712' title='bbox 1499 2841 1603 2878; x_wconf 80' lang='lat' dir='ltr'><strong>ubique</strong></span> <span class='ocrx_word' id='word_1_713' title='bbox 1622 2844 1675 2874; x_wconf 82' lang='lat' dir='ltr'><strong>est,</strong></span> <span class='ocrx_word' id='word_1_714' title='bbox 1687 2840 1737 2868; x_wconf 76' lang='lat' dir='ltr'><strong>sed</strong></span> 
     </span>
    </p>
   </div>
  </div>
