1953 3086
185 95 238 128 135

815 85 973 117 IOANNIS
992 84 1182 115 ΜΑΧΕΝΤΠ

1767 86 1823 120 136

184 149 219 178 ab
233 158 265 178 ea
283 150 458 178 rationabilia
473 150 553 178 aliter
565 170 572 182 ,
597 147 800 176 irrationabilia
819 145 910 175 aliter,
929 145 976 170 aut
990 143 1014 171 Α
1028 141 1088 173 bra,
1108 150 1141 169 an
1167 143 1302 177 majorem
1324 142 1437 177 quidem
1457 148 1563 178 partem
1584 143 1645 178 ejus
1669 142 1696 169 in
1714 144 1820 179 majore

183 196 259 224 omni
271 203 353 224 sensu
363 197 485 224 carentia
503 197 693 224 continentur.

219 241 250 269 C.
267 241 335 269 Tota
351 243 504 270 secundum
521 247 609 270 totum
622 243 649 270 in
663 247 831 276 unoqquue
844 237 973 266 rationali

185 290 308 322 animali,
330 297 361 316 ac
377 288 582 324 particulariter
597 296 659 316 esse
679 287 866 323 cognoscitur.

219 331 253 359 N.
263 330 467 359 Particulariter
474 334 548 358 certe
558 329 638 361 inest,
647 336 700 356 non
710 328 860 356 secundum
872 331 969 361 totum,

183 377 247 412 quia
259 376 358 412 singuli
370 377 471 412 quique
482 375 516 403 de
527 375 694 410 plenitudine
701 375 759 410 ejus
770 375 916 410 accipiunt.

220 424 253 453 C.
269 425 412 459 Quomodo
426 433 492 460 ergo
514 425 616 460 ubique
633 429 690 452 tota
705 427 757 455 est.
781 431 843 459 quae
856 431 913 451 non
933 427 976 452 est

186 469 215 498 in
229 479 397 506 unoquoque
409 471 537 498 rationali
549 470 662 498 animali
679 470 754 498 tota?
766 469 814 497 sed
826 469 977 504 particula-

185 515 273 543 riter?
282 520 310 543 et
325 515 465 550 quomodo
482 515 697 551 particulariter,
714 522 774 550 qua:
784 522 840 541 non
861 518 904 542 est
914 521 978 542 cor-

185 568 248 596 pus,
263 561 311 588 sed
328 561 464 597 spiritus?

221 606 255 634 N.
273 607 333 642 Ipsa
361 607 473 642 quidem
491 607 525 635 ad
539 608 657 643 seipsam
672 611 745 640 tota,
771 612 798 635 et
822 606 975 634 secundum

186 656 275 680 totum
295 653 398 687 ubique
416 656 475 686 est,
504 657 637 688 quantum
658 658 750 680 autem
767 653 801 680 ad
822 657 976 681 creaturam

185 697 317 733 pertinet,
330 705 386 725 non
398 697 496 731 ellicit,
510 703 542 726 ut
558 706 619 726 eam
636 696 770 726 rationale
786 698 887 725 animal
910 698 978 726 sibi-

186 746 244 771 met
255 743 353 772 adesse
365 764 372 778 ,
396 749 444 772 aut
466 745 556 773 inesse
573 745 686 778 sentiat,
703 745 755 772 nisi
771 749 904 780 quantum
917 745 977 780 ipsa

187 789 338 818 indicaveri
344 796 363 818 t.

221 835 252 864 C.
263 837 349 864 Deum
360 837 479 866 Verbum
493 837 522 865 in
532 838 608 866 nullo
623 837 784 867 dissimilem
794 837 868 866 Patri
882 843 908 866 te
916 844 978 866 cre-

186 881 253 910 dere
265 883 374 918 opinor.
781 879 783 881 ’

220 928 254 955 Ν.
272 928 439 956 Arianorum
455 934 483 957 et
492 930 738 962 Eunomianorum.
748 937 804 957 non
820 929 977 957 Catholica-

186 980 248 1000 rum
261 973 359 1009 dogma
380 979 432 1008 est,
446 975 608 1004 dissimilem
626 975 701 1004 Patri
719 975 822 1015 Filium
846 975 874 1002 in
900 978 978 1010 parte

186 1020 277 1054 aliqua
298 1021 422 1048 credere.

221 1065 252 1093 ϐ.
271 1066 427 1095 Perfectum
440 1068 527 1101 enim,
542 1069 615 1096 sicut
628 1073 670 1096 est
685 1068 760 1096 Patri
771 1068 896 1103 aequalis,
912 1075 977 1103 pro-

186 1112 254 1146 priae
269 1112 346 1140 carni
372 1113 466 1141 dicitis
492 1114 612 1147 unitum,
633 1122 669 1142 an
694 1115 846 1142 secundum
871 1114 978 1149 aliquid

186 1156 308 1191 unitum,
328 1161 356 1185 et
367 1158 519 1186 secundum
532 1159 637 1194 aliquid
653 1167 707 1187 non
725 1160 853 1187 unitum?

222 1203 255 1230 N.
273 1204 375 1231 Paulus
385 1204 491 1237 docuit,
505 1205 537 1233 In
548 1214 599 1241 quo
613 1210 675 1233 sunt
690 1215 781 1234 omnes
799 1207 919 1234 thesauri
934 1215 979 1234 sa-

186 1249 291 1285 pientia
302 1255 326 1276 et
339 1251 454 1278 scientia:
469 1251 616 1278 absconditt'
627 1251 663 1282 “.

221 1293 252 1321 C.
268 1294 337 1322 Tota
350 1303 418 1332 ergo
433 1301 462 1325 et
478 1298 633 1325 secundum
651 1301 750 1330 totum,
774 1302 803 1324 ut
824 1301 867 1325 est
886 1297 979 1332 perfe-

187 1344 231 1367 cta
245 1339 292 1368 Dei
310 1341 395 1369 Verbi
422 1342 555 1370 divinitas
570 1343 686 1379 aequalis
699 1343 785 1375 Patri,
809 1344 886 1371 ulmi
902 1345 979 1372 unita

187 1390 230 1414 est
240 1387 252 1414 ἲ

222 1431 257 1461 N.
272 1432 373 1461 Nullus
390 1433 442 1462 hoc
456 1434 564 1463 dubitat
579 1435 767 1464 Christianus.

1025 188 1162 221 membro,
1181 189 1318 216 minorem
1340 196 1406 217 vero
1431 190 1460 216 in
1480 189 1607 217 minore?

1061 235 1093 262 N.
1111 228 1210 262 Totam
1235 235 1262 263 in
1285 243 1454 271 unoquoque
1476 236 1601 263 membro
1625 236 1751 271 corporis
1775 237 1820 265 sui

1025 288 1086 308 eam
1100 289 1161 309 esse
1175 281 1270 313 credo,
1295 282 1374 317 quia,
1387 281 1456 309 licet
1470 281 1506 309 sit
1519 281 1740 317 circumscripta,
1754 289 1821 317 par-

1027 327 1101 354 tibus
1115 331 1205 355 tamen
1222 335 1283 355 eam
1299 332 1429 356 constare
1445 327 1521 355 nullo
1534 326 1618 355 modo
1632 328 1741 362 opinor,
1754 327 1822 362 quia

1025 373 1162 401 truncatis
1185 374 1319 402 membris
1344 375 1488 410 corporis,
1514 374 1573 410 ipsa
1597 374 1703 410 integra
1724 382 1822 410 perse-

1026 423 1116 447 verat.

1061 465 1092 493 C.
1114 465 1142 493 Si
1156 473 1223 502 ergo
1240 466 1344 499 anima,
1364 475 1426 502 quae
1439 475 1495 495 non
1511 472 1554 495 est
1571 475 1683 503 corpus,
1701 467 1748 495 sed
1765 467 1824 502 spi-

1026 511 1108 545 ritus,
1121 512 1198 540 carni
1208 513 1361 540 secundum
1372 513 1602 549 compositionem
1614 513 1703 545 unita,
1715 513 1822 541 nullam

1026 558 1246 586 contractionem
1262 558 1291 586 in
1312 559 1431 592 minore,
1446 560 1549 587 nullam
1571 560 1765 587 extensionem
1792 560 1823 587 in

1026 605 1133 640 majore
1158 605 1264 639 patitur
1287 606 1425 637 membro,
1442 606 1490 633 sed
1503 606 1564 634 sine
1584 606 1628 633 sui
1644 606 1821 638 confusione,

1027 653 1084 678 tota
1106 651 1133 677 in
1150 652 1266 686 majore,
1285 655 1342 678 tota
1355 659 1417 679 esse
1435 652 1561 680 creditur
1578 653 1606 680 in
1619 653 1728 680 minore
1744 659 1823 687 :quo

1026 701 1108 732 pacto
1127 696 1259 724 divinitas
1270 697 1318 724 Dei
1330 697 1412 726 Verbi
1428 698 1581 726 secundum
1592 699 1823 734 compositionem

1026 743 1147 778 propriae
1165 743 1242 770 carni
1266 743 1356 776 unita,
1372 743 1594 772 contractionem
1620 749 1668 772 aut
1680 745 1822 772 extensio-

1027 796 1091 816 nem
1109 789 1175 817 sive
1194 789 1385 817 confusionem
1412 790 1578 818 sustinuisse
1602 791 1742 819 credenda
1763 791 1824 818 est?

1027 834 1162 871 Exemplo
1181 835 1256 863 enim
1278 835 1379 864 anima
1399 836 1434 863 ad
1448 844 1560 864 carnem
1583 836 1662 864 facta:
1675 837 1822 870 unitionis,

1027 889 1111 917 quam
1134 881 1287 910 secundum
1309 883 1539 918 compositionem
1552 883 1613 911 ﬁeri
1632 891 1687 911 non
1704 884 1822 919 negasti,

1027 935 1124 956 omnes
1135 927 1264 956 doctores
1273 928 1403 957 Ecclesiae
1417 933 1446 957 et
1461 929 1585 958 illustres
1599 929 1654 957 viri
1668 930 1718 958 Dei
1738 930 1822 958 Verbi

1027 974 1062 1000 ad
1090 973 1234 1009 propriam
1259 981 1374 1015 carnem
1402 974 1561 1003 unitionem
1594 975 1696 1003 factam
1721 975 1823 1004 docere

1032 1026 1235 1050 monstrantur.

1064 1067 1097 1095 N.
1118 1067 1205 1095 Omne
1228 1068 1414 1104 compositum
1443 1068 1569 1104 partibus
1591 1073 1720 1097 constare
1765 1075 1823 1097 non

1028 1113 1146 1142 dubium
1160 1117 1213 1146 est,
1237 1122 1302 1149 pars
1328 1119 1420 1142 autem
1445 1115 1537 1143 minus
1556 1119 1599 1142 est
1616 1123 1697 1150 quam
1722 1119 1826 1146 totum:

1028 1164 1072 1188 est
1086 1168 1152 1196 ergo
1175 1160 1247 1188 Deus
1267 1159 1389 1188 Verbum
1414 1168 1479 1196 pars
1499 1160 1615 1194 Christi,
1637 1169 1719 1196 quem
1734 1169 1768 1188 ex
1782 1160 1827 1188 di-

1028 1206 1144 1234 vinitate
1161 1211 1190 1234 et
1208 1207 1382 1234 humanitate
1413 1207 1599 1242 compositum
1625 1204 1743 1238 asseris;
1756 1211 1784 1234 et
1800 1207 1823 1235 si

1028 1253 1103 1280 Deus
1125 1253 1247 1280 Verbum
1266 1260 1331 1288 pars
1352 1257 1396 1281 est
1417 1252 1532 1286 Christi,
1551 1257 1580 1280 et
1605 1253 1679 1280 Deus
1701 1252 1824 1280 Verbum

1027 1298 1105 1334 juxta
1127 1305 1177 1326 vos
1200 1298 1292 1325 minor
1305 1298 1429 1332 Christo,
1451 1298 1532 1334 cujus
1547 1303 1575 1326 et
1595 1306 1660 1333 pars
1679 1302 1737 1331 est;
1750 1297 1825 1333 quod

1030 1344 1055 1372 si
1076 1352 1140 1379 pars
1164 1343 1268 1372 Christi
1289 1344 1362 1372 Deus
1385 1349 1438 1378 est,
1463 1344 1604 1380 quomodo
1627 1344 1711 1376 Deus,
1729 1344 1752 1372 si
1773 1344 1826 1371 im-

1030 1390 1173 1426 perfectus
1188 1391 1252 1418 est?

1066 1435 1096 1464 C.
1117 1436 1176 1464 Non
1191 1441 1234 1464 est
1249 1436 1431 1472 imperfectus
1446 1437 1521 1465 Deus
1535 1437 1671 1470 Verbum,
1689 1437 1753 1473 quia
1770 1444 1826 1464 non

222 1476 254 1505 C.
282 1477 355 1511 Quid
383 1478 468 1514 igitur
502 1480 721 1509 contractionem
757 1481 922 1515 divinitatis,
945 1490 980 1509 an
995 1487 1018 1518 ο
1033 1486 1064 1510 ut
1079 1482 1262 1518 perﬁceretur
1277 1483 1467 1519 assumptione
1479 1483 1572 1511 carnis
1584 1482 1711 1519 indiguit,
1729 1482 1776 1510 sed
1797 1487 1828 1510 ut

188 1523 380 1552 extensionem
388 1525 482 1552 carnis
498 1525 596 1553 factam
605 1527 718 1560 asseris,
731 1528 794 1562 quia
809 1536 864 1556 non
874 1533 979 1564 potest,

190 1574 222 1596 ut
240 1569 322 1603 dicis,
337 1569 576 1607 incircumscripta
603 1577 632 1600 et
653 1573 757 1609 ubique
773 1573 872 1601 ditl‘usa
884 1579 982 1602 natura

191 1615 409 1651 circumscriptae
421 1621 449 1644 et
461 1625 548 1652 parvo
573 1618 634 1646 loco
647 1620 805 1647 constituta:
819 1624 925 1648 naturae
939 1628 982 1648 se-

190 1662 311 1689 cundum
326 1663 554 1698 compositionem
575 1665 668 1692 uniri?

225 1708 258 1736 N.
267 1709 361 1744 Neque
374 1714 479 1737 natura:
489 1711 717 1745 contractionem,
731 1720 821 1748 neque
846 1713 984 1741 extensio-

191 1762 255 1782 nem
267 1755 396 1783 humana:
406 1756 506 1784 factam
519 1765 624 1790 assero,
648 1759 713 1794 quia
730 1759 782 1786 hoc
793 1760 905 1795 proprie
920 1768 984 1788 cor-

191 1807 293 1836 porum
315 1806 368 1834 est,
396 1810 452 1829 non
474 1808 569 1832 autem
587 1805 704 1840 spiritus
730 1811 758 1832 et
780 1806 903 1839 virtutis,
924 1813 985 1841 quae

191 1847 270 1873 carni
287 1847 359 1874 uniri
376 1848 529 1876 secundum
553 1850 783 1884 compositionem
806 1859 862 1878 non
882 1855 984 1886 potest,

191 1893 344 1927 pratsertim
355 1893 434 1929 553
446 1902 509 1922 cum
522 1895 772 1931 incircutnscripta,
783 1902 813 1923 ut
821 1897 889 1930 dixi,
901 1897 985 1925 Verbi

194 1940 337 1973 divinitas,
352 1945 380 1968 et
391 1942 484 1969 omnia
498 1942 655 1970 continens.

252 2006 259 2014 .
279 1987 470 2022 Compositum
497 1988 569 2017 dicis
595 1989 734 2018 sustinere
762 1990 920 2024 hominem,
950 1998 985 2018 an

193 2031 426 2067 incompositum?

228 2077 264 2106 Ν.
281 2077 481 2114 Compositum.

228 2123 261 2152 C.
281 2124 321 2152 Ex
341 2125 443 2160 quibus
458 2126 565 2154 rebus?

228 2170 262 2198 N.
281 2164 320 2198 Ex
336 2172 428 2199 anima
450 2172 545 2208 utique
570 2177 599 2201 et
623 2180 718 2201 carne.

229 2227 262 2256 (Ζ.
282 2229 408 2256 Animam
431 2230 696 2258 consubstantialem
713 2229 789 2258 carni
815 2229 929 2263 asseris,
950 2238 987 2258 an

196 2272 313 2301 diversae
336 2275 463 2302 natum?

231 2320 266 2348 N.
287 2321 406 2349 Diversae
427 2321 551 2348 omnino.

234 2375 265 2403 C.
292 2377 388 2404 Utrum
402 2377 466 2410 quia
480 2384 535 2404 non
554 2376 590 2403 sit
603 2383 678 2410 caro,
689 2381 717 2405 et
733 2377 769 2405 sit
781 2385 893 2413 corpus,
910 2378 986 2414 quia,

197 2422 325 2457 quamvis
342 2422 432 2449 omnis
450 2429 515 2449 caro
528 2429 641 2458 corpus,
655 2430 710 2450 non
722 2426 813 2450 tamen
828 2431 910 2451 omne
925 2431 988 2452 cor-

198 2474 251 2502 pus
266 2475 330 2495 caro
345 2466 403 2494 est?

233 2524 266 2553 N.
289 2525 369 2552 Nullo
384 2525 466 2552 modo
487 2533 538 2561 ego
563 2534 666 2562 corpus
680 2527 743 2559 dico
763 2528 883 2557 animam
899 2537 969 2558 esse.

235 2569 266 2598 C.
289 2570 360 2603 Quid
379 2578 446 2606 ergo
467 2572 556 2599 dicis?

235 2627 270 2655 N.
289 2627 424 2662 Spiritum
446 2629 506 2657 sine
528 2630 624 2664 dubio,
642 2631 689 2660 sed
710 2640 765 2660 non
785 2632 992 2662 incircumscri-

201 2677 288 2711 ptum.

237 2719 268 2748 C.
289 2720 386 2748 Totam
397 2721 492 2750 lateris
506 2731 566 2750 eam
580 2723 709 2752 diffusam
724 2733 774 2754 Der
785 2725 892 2762 singula
906 2734 991 2754 mem<

230 2807 254 2824 “
273 2811 378 2840 Coloss.
394 2820 422 2847 u,
440 2813 466 2842 5.
505 2815 526 2830 εδ
544 2815 616 2843 Psal.
635 2823 679 2849 xv,
703 2815 732 2841 2.

1031 1535 1098 1556 caro
1118 1528 1302 1563 perﬁceretur
1321 1528 1350 1556 in
1372 1528 1473 1556 melius
1497 1532 1679 1560 commutata,
1696 1527 1773 1555 carni
1797 1535 1828 1555 se

1033 1574 1150 1608 uniens;
1171 1575 1345 1610 compositus
1370 1575 1461 1602 factus
1479 1580 1523 1603 est
1537 1575 1586 1610 qui
1609 1579 1672 1602 ante
1694 1578 1755 1601 erat
1769 1573 1828 1601 sine

1033 1619 1120 1647 dubio
1133 1627 1242 1648 summe
1258 1620 1376 1656 simplex
1393 1625 1422 1648 et
1439 1620 1651 1656 incompositus,
1675 1619 1829 1655 perfectus-

1033 1673 1088 1701 que
1104 1674 1154 1701 per
1170 1667 1274 1699 omnia,
1290 1671 1386 1702 utpote
1404 1667 1487 1694 Deus.
1505 1666 1644 1701 Scriptum
1657 1666 1731 1694 enim
1745 1666 1779 1693 de
1796 1673 1829 1692 eo

1034 1717 1087 1745 est,
1105 1713 1171 1748 quia
1192 1713 1328 1741 bonorum
1344 1718 1505 1741 nostrorum
1525 1721 1582 1741 non
1603 1718 1683 1748 egeat
1705 1713 1738 1740 ⁸⁸.
1755 1713 1828 1741 Nihil
1853 1717 1864 1721 ’

1034 1760 1110 1787 enim
1119 1759 1158 1787 illi
1170 1760 1298 1792 contulit,
1312 1765 1359 1788 aut
1369 1760 1499 1792 detraxit,
1512 1764 1655 1794 assumpta
1670 1767 1720 1794 pro
1733 1764 1828 1787 nostra

1035 1807 1126 1834 salute
1149 1807 1270 1834 humana
1293 1810 1411 1838 natura,
1438 1813 1522 1840 quam
1547 1805 1674 1833 unitione
1698 1812 1749 1832 sua
1770 1806 1829 1840 ipse

1035 1853 1129 1887 potius
1152 1852 1333 1880 ineti‘abiliter
1350 1851 1527 1887 gloriﬁcavit.
1551 1851 1649 1886 Neque
1673 1851 1765 1878 minor
1787 1856 1829 1879 est

1036 1899 1110 1926 Deus
1129 1898 1251 1926 Verbum
1265 1898 1389 1930 Christo,
1400 1898 1466 1933 quia
1480 1898 1539 1933 ipse
1554 1902 1596 1925 est
1608 1897 1740 1924 Christus
1757 1905 1764 1923 :
1779 1904 1830 1924 nec

1036 1948 1130 1983 seipso
1146 1947 1238 1974 minor
1252 1955 1314 1975 esse
1337 1951 1441 1981 potest,
1458 1951 1487 1974 et
1501 1950 1640 1981 assumpta
1657 1953 1740 1973 carne
1757 1945 1829 1973 idem

1037 1994 1140 2021 mansit
1160 1993 1233 2020 Deus
1249 1993 1308 2020 sine
1333 1992 1509 2020 dubitatione
1531 1990 1681 2028 perfectus.
1700 1991 1829 2027 Alioquin

1037 2039 1061 2067 si
1085 2043 1114 2066 et
1135 2043 1198 2074 post
1223 2038 1442 2066 incarnationem
1467 2042 1585 2073 negatur
1610 2038 1740 2066 Christus
1769 2045 1828 2065 esse

1037 2084 1218 2119 compositus,
1234 2084 1338 2112 mansit
1352 2092 1430 2120 ergo,
1443 2084 1517 2120 quod
1531 2089 1591 2111 erat
1607 2089 1699 2116 antea,
1714 2083 1829 2118 simplex

1038 2133 1067 2157 et
1089 2129 1300 2164 incompositus.
1322 2129 1356 2157 Et
1375 2130 1441 2165 quia
1464 2137 1510 2157 res
1534 2137 1641 2157 summe
1664 2129 1780 2165 simplex
1804 2133 1829 2156 et

1039 2175 1222 2210 incomposita
1230 2176 1335 2203 nullam
1348 2175 1463 2204 omnino
1474 2176 1501 2203 in
1511 2184 1540 2203 se
1555 2175 1652 2210 recipit
1661 2175 1830 2211 passionem,

1039 2221 1112 2248 sicut
1128 2221 1257 2256 superius
1267 2222 1350 2250 etiam
1363 2222 1421 2258 ipse
1435 2222 1578 2257 professus
1588 2229 1628 2254 es,
1642 2229 1699 2249 non
1711 2225 1753 2248 est
1767 2228 1830 2256 ergo

1038 2267 1117 2303 juxta
1140 2275 1191 2295 vos
1203 2267 1331 2296 Christus
1350 2276 1401 2303 pro
1416 2268 1538 2295 humana
1559 2267 1648 2295 salute
1672 2274 1831 2302 perpessus.

1041 2313 1069 2341 Si
1094 2317 1184 2340 autem
1201 2313 1319 2348 simplex
1340 2321 1456 2340 manens
1467 2318 1496 2340 et
1514 2312 1718 2347 incompositus
1735 2319 1831 2347 passus

1041 2362 1094 2391 est,
1114 2358 1171 2394 jam
1196 2366 1252 2385 non
1269 2359 1385 2393 simplex
1406 2358 1590 2394 incomposita
1609 2362 1708 2385 natura
1723 2361 1766 2384 est
1780 2357 1830 2383 itn-

1042 2404 1192 2440 passibilis.
1210 2404 1289 2438 Quod
1305 2404 1327 2432 si
1342 2404 1459 2440 simplex
1480 2409 1508 2432 et
1525 2404 1710 2439 incomposita
1734 2407 1831 2430 natura

1043 2449 1226 2485 impassibilis
1256 2458 1312 2477 non
1335 2453 1389 2482 est,
1412 2458 1479 2486 ergo
1504 2449 1644 2485 passibilis
1667 2452 1709 2476 est
1731 2447 1831 2476 Christi

1043 2495 1185 2523 divinitas.
1204 2495 1232 2523 Si
1256 2501 1348 2523 autem
1370 2495 1474 2523 Christi
1494 2496 1629 2524 divinitas
1655 2494 1831 2530 impassibilis

1044 2545 1197 2577 permanet,
1223 2542 1296 2569 sicut
1317 2546 1346 2570 ct
1368 2550 1466 2571 verum
1488 2547 1543 2575 est,
1568 2545 1655 2570 restat
1676 2543 1708 2568 ut
1735 2545 1832 2569 natura

1043 2589 1162 2624 simplex
1181 2592 1209 2615 et
1228 2588 1414 2624 incomposita
1440 2596 1497 2617 non
1519 2589 1556 2617 sit
1581 2587 1731 2624 passibilis.
1752 2587 1831 2621 Quia,

1044 2635 1171 2671 quamvis
1188 2635 1318 2662 Christus
1337 2635 1493 2663 divinitatis
1510 2643 1566 2663 sua:
1587 2634 1792 2670 simplicitatem
1809 2638 1831 2661 el

1045 2681 1295 2717 impassibililatem
1320 2681 1403 2708 etiam
1431 2685 1492 2716 post
1515 2681 1670 2708 unitionem
1696 2680 1828 2715 composiv

1046 2727 1205 2761 tionemque
1225 2730 1385 2760 conservet,
1405 2730 1496 2754 tamen
1519 2730 1634 2762 propter
1654 2726 1759 2754 unilam
1783 2724 1832 2753 sibi
