1953 3086
71 149 111 181 lfl'l

700 149 735 179 Di
743 149 837 179 Μαίη]
845 151 866 186 t,

892 151 963 179 Lilt.
998 151 1038 179 ll.
1628 146 1676 175 ΓΒ

67 213 165 234 Lat-nem
179 205 252 240 iuste
267 203 300 231 ad
318 204 404 239 ipsam
428 205 596 239 compositus
612 211 673 232 esse
687 205 842 232 credendus
859 212 876 238 Α
895 207 970 240 plum
993 206 1058 240 quid
1088 205 1233 239 intelligas,
1264 205 1286 231 si
1314 204 1411 238 pittCt‘t,
1444 203 1561 229 lucidius
1590 211 1677 228 main-

65 255 110 280 est.
146 251 333 285 Quapropter,
353 251 419 278 dum
458 258 513 278 non
545 252 586 278 vis
619 254 680 286 post
710 251 837 281 incarna-

65 298 156 325 tionem
181 297 326 324 Christum
351 296 430 324 fateri
456 297 653 332 compositum,
677 301 724 324 aut
740 298 839 325 divini-

65 344 122 371 tatis
135 343 194 377 ejus
221 347 346 369 naturam
362 343 543 377 compositam
558 347 585 370 et
601 343 760 377 passibilcm
773 351 840 370 con-

64 389 172 417 vinceris
195 388 320 420 erodere,
346 392 393 415 aut
407 393 483 415 certe
497 389 648 420 Christum,
660 397 741 424 quem
757 390 840 417 etiam

64 439 118 470 post
138 435 357 462 incarnationem
384 434 539 469 simplicem
563 440 590 462 et
615 435 840 470 incompositum,

65 485 91 507 ut
110 484 165 506 erat
182 484 273 511 antea,
289 479 401 512 asseris,
418 480 578 508 nullatenus
596 487 706 514 passum
728 488 776 515 pro
792 480 842 507 hu-

65 533 136 552 mana
159 526 248 552 salute
270 524 389 552 testeris.

96 571 124 597 N.
139 571 192 598 Nec
205 571 325 597 divinam
340 575 467 597 naturam
480 571 640 606 passibilem
652 571 747 603 credo,
760 579 842 606 quam

64 623 161 643 summe
184 616 338 650 simplicem
354 619 383 642 et
399 616 612 651 incompositam
633 617 707 649 dico,
722 621 749 644 ct
761 617 843 644 Chri-

65 667 129 688 stum
151 669 202 696 pro
222 661 340 688 humana
366 662 455 689 salute
479 670 592 697 passum
612 663 756 694 conﬁteor,
781 663 844 698 quia

65 715 113 734 non
138 708 223 734 Deum
241 712 357 740 tantum,
374 708 422 735 sed
438 712 463 735 et
482 709 621 736 hominem
633 706 697 736 eum
714 716 843 744 agnoseo.

66 754 154 786 Quaaro
180 759 274 781 autem
289 758 383 782 utrum
400 755 629 789 compositionem
642 755 712 782 hanc
723 755 751 782 in
764 755 845 781 vulva

67 799 178 834 Virginis
188 800 288 827 factam
303 808 422 834 asseras,
436 808 469 827 an
484 804 629 835 postquam
641 801 747 836 peperit
761 801 845 828 tilium

67 853 137 874 suum
159 846 385 881 primogenitum.

891 252 970 278 festa.

928 296 960 323 N.
978 297 1036 324 Mea
1055 296 1229 331 expositione
1250 303 1305 322 non
1323 294 1440 330 indiget,
1457 294 1528 328 quod
1547 293 1580 320 ab
1594 301 1679 320 ovain

893 343 990 377 gelista
1007 347 1115 369 constat
1131 348 1302 376 expressum.
1326 341 1449 375 Denique
1468 345 1529 374 post
1547 340 1620 366 illam
1634 339 1681 365 de—

895 389 961 416 hcnt
983 397 1079 416 vocem
1101 389 1254 423 expositam
1273 388 1392 415 dicentis
1408 396 1414 414 ε
1430 387 1527 414 Solvite
1555 387 1680 422 templum

894 438 952 468 hoc,
974 441 998 463 et
1014 437 1041 463 in
1057 437 1144 463 triduo
1160 435 1318 462 resuscitabo
1330 434 1407 467 illud,
1426 442 1489 460 mox
1504 439 1616 460 secutus
1632 434 1681 459 ad—

891 483 983 517 junxit
997 491 1003 508 :
1019 482 1073 509 Hoc
1083 486 1171 508 autent
1185 481 1286 508 dicebat
1303 481 1333 507 de
1353 479 1450 515 templo
1467 479 1582 513 corporis
1598 479 1637 505 sui
1649 480 1679 504 λλ.

929 527 959 555 (Ἰ.
979 527 1088 563 Corpus
1108 528 1161 554 hoc
1180 527 1240 559 Dei,
1264 535 1299 554 an
1327 526 1450 554 hominis
1468 532 1528 551 esse
1545 525 1631 551 dicis?

931 574 963 601 N.
985 574 1112 601 Hominis
1129 574 1188 600 sine
1206 573 1292 599 dubio
1309 573 1453 606 assumpti.

931 621 961 647 (ἶ.
983 619 1011 646 Si
1032 618 1154 646 hominis
1175 617 1308 652 assumpti
1328 618 1379 645 hoc
1397 626 1496 652 corpus
1510 623 1562 647 est,
1584 624 1684 651 corpus

896 675 961 701 ergo
988 665 1041 692 hoc
1066 663 1199 698 assumpti
1223 663 1343 689 hominis
1368 663 1500 697 templum
1519 662 1578 690 est?

932 713 965 739 Ν.
986 711 1044 738 Non
1062 716 1104 737 est
1119 709 1250 744 templutn
1264 710 1397 744 assumpti
1415 709 1546 741 hominis,
1561 707 1608 735 sed
1627 708 1685 742 ejus

896 758 942 794 qni
961 759 987 784 in
1005 758 1064 792 ipso
1087 756 1195 783 habitat
1214 755 1402 782 invisibiliter.

932 803 961 830 (ἶ.
984 803 1018 830 Et
1036 803 1099 838 quis
1120 807 1163 829 est
1181 801 1328 829 invisibilis
1344 801 1475 835 templum
1494 800 1668 826 inhabitans"

933 849 964 876 Ν.
986 849 1058 876 Deus
1074 849 1167 883 procul
1183 847 1279 874 dubio.

96 891 124 919 C.
144 893 172 919 In
193 893 274 919 vulva
298 901 421 927 prorsus.
449 893 517 920 Nam
534 892 673 927 quomodo
692 892 776 920 Deum
795 900 844 919 na-
861 879 881 906 Β
931 894 961 922 C.
985 895 1032 921 Est
1053 902 1119 929 ergo
1138 902 1248 929 corpus,
1269 900 1324 919 non
1349 892 1472 920 hominis
1494 891 1639 925 assumpti,
1658 896 1688 917 ut

69 941 122 964 tura
145 938 306 968 crederent,
333 945 415 972 quem
439 938 592 965 secundum
616 938 845 972 compositionem

68 983 137 1010 carni
161 984 270 1010 unitum
293 984 393 1017 fateor,
417 985 439 1013 si
456 980 519 1019 post
539 988 650 1019 partum
667 985 846 1019 compositio-

67 1036 123 1055 nem
141 1034 307 1057 naturarum
325 1031 502 1059 assererent?
521 1031 579 1058 hmc
597 1031 671 1057 enim
692 1039 744 1059 nec
774 1039 848 1058 com-

68 1074 170 1107 positio,
192 1083 246 1102 nec
258 1075 348 1105 nnitio
366 1070 503 1108 creditur,
520 1075 568 1103 sed
590 1076 705 1103 alterius
722 1076 749 1103 in
762 1076 848 1103 altero

68 1119 205 1148 habitatio.

379 1179 445 1206 CAP
485 1179 529 1206 lii.

100 1233 129 1259 N.
151 1234 274 1261 Doeuisti
292 1239 377 1265 certe,
398 1236 470 1269 quod
493 1237 587 1263 nmltis
603 1236 737 1262 hactenus
750 1234 850 1261 verbo-

68 1286 123 1304 rum
146 1279 309 1314 ambagibus
336 1284 428 1315 tegcre
452 1282 601 1314 videbaris,
624 1281 851 1315 compositionem

68 1325 221 1353 nullatenus
249 1331 410 1353 naturarum
430 1335 543 1355 servare
559 1328 767 1363 proprietatem.

99 1371 127 1398 C.
145 1372 272 1403 Quonam
290 1373 371 1399 modo
387 1375 619 1409 compositionem
641 1375 725 1402 docui
741 1379 853 1402 natura-

67 1424 123 1443 rum
138 1425 192 1444 non
213 1425 328 1445 servare
354 1420 571 1455 proprietatem?

100 1463 131 1488 N.
151 1463 181 1490 In
199 1471 234 1491 eo
247 1464 320 1498 quod
338 1465 532 1494 inhabitationi
550 1473 610 1494 eam
626 1469 793 1496 contrariam
808 1470 852 1504 ju-

68 1508 147 1537 dicas.

99 1555 128 1582 C.
149 1557 229 1586 Sicut
250 1567 304 1587 non
325 1558 472 1586 confundit
497 1563 610 1586 naturas
635 1560 732 1590 unitio.
750 1560 786 1587 ita
806 1569 855 1587 nec

69 1604 241 1637 compositio,
255 1605 319 1638 quia
334 1612 385 1632 nec
401 1605 500 1631 animzc
513 1609 541 1631 et
557 1605 649 1632 carnis
662 1610 774 1637 natura),
796 1614 856 1640 qua:

69 1649 217 1676 secundum
227 1650 459 1685 compositionem
473 1651 554 1678 unitie
564 1655 639 1683 SDlll,
649 1651 856 1678 coniumluntur

70 1696 93 1722 in
113 1705 184 1725 sese.
206 1699 333 1726 Alterius
347 1703 440 1725 autent
453 1699 479 1725 in
496 1699 584 1726 altero
599 1699 763 1726 inhabitatio
778 1707 856 1733 proro

69 1749 113 1769 sus
133 1743 257 1772 duorum
278 1748 331 1771 est.
361 1744 434 1770 Deus
457 1749 547 1771 autem
566 1747 594 1770 et
618 1743 700 1770 homo
713 1751 768 1770 non
787 1744 856 1770 aiter

68 1788 92 1814 in
119 1790 209 1816 altero
231 1794 285 1820 est,
310 1789 356 1816 sed
377 1789 449 1816 idem
464 1789 548 1820 Deus,
562 1789 634 1815 idem
651 1789 733 1815 homo
751 1793 802 1815 est.

101 1835 133 1861 N.
153 1835 290 1868 Quamvis
304 1835 456 1862 secundant
468 1833 620 1862 unitionem
640 1843 712 1861 unus
729 1834 857 1869 idemque

67 1880 103 1907 sit
115 1880 188 1908 Deus
197 1881 294 1913 homo,
306 1881 459 1908 secundum
476 1886 590 1909 naturas
600 1885 688 1908 tamen
706 1881 775 1908 alter
786 1881 858 1908 Deus

66 1931 118 1958 est,
131 1927 203 1954 alter
216 1926 312 1955 hotno.
329 1927 395 1954 Nam
415 1927 437 1954 si
455 1927 512 1962 ipse
529 1928 601 1954 Deus
612 1927 694 1955 homo
711 1931 762 1960 est,
775 1927 858 1954 etiam

66 1973 223 2000 secundum
247 1978 374 2005 naturas,
398 1974 537 2008 quomodo
555 1981 610 2001 non
628 1974 696 2001 dicit
722 1982 728 2000 :
755 1974 858 2001 Solvite

68 2026 121 2049 me,
152 2019 215 2051 sed,
240 2018 342 2046 Solvite
359 2019 485 2054 templum
501 2020 558 2052 hoc,
575 2024 598 2046 et
621 2020 648 2046 in
667 2020 753 2047 triduo
775 2020 858 2047 susci-

67 2065 127 2091 tabo
145 2064 215 2092 illud
235 2065 282 2091 “?

391 2121 467 2149 CAP.
488 2122 530 2148 IV.

100 2178 132 2205 C.
153 2178 241 2206 Miror
259 2182 285 2206 le
306 2185 386 2205 voces
409 2178 591 2213 evangelicas,
608 2185 675 2212 quas
698 2178 752 2206 tuis
768 2178 860 2205 credis

67 2224 272 2251 assertionibus
284 2225 434 2251 Convenire
447 2224 580 2251 memoria
593 2224 721 2255 retinere,
737 2232 783 2251 eas
794 2232 858 2251 vero
876 2216 896 2243 ί)

69 2276 135 2302 quas
150 2271 208 2296 tuis
223 2269 356 2304 partibus
375 2270 502 2304 agnoscis
520 2277 580 2297 csse
603 2270 765 2302 contrarias,
781 2271 860 2305 quasi

70 2321 210 2348 nunquam
233 2315 360 2342 audieris
381 2315 532 2350 praeterire.
558 2316 598 2344 An
615 2323 681 2343 vero
703 2316 750 2351 qui
772 2317 859 2343 dixit:

71 2358 165 2386 Solvite
187 2361 321 2395 templum
341 2361 398 2393 hoc,
414 2369 469 2388 non
483 2361 541 2396 ipse
558 2366 620 2395 post
639 2361 759 2388 infusum
772 2370 786 2388 a
801 2370 862 2388 mu-

74 2404 134 2432 liere
158 2414 246 2442 super
263 2411 349 2441 caput
361 2415 440 2435 suum
454 2413 624 2442 unguentum
638 2407 741 2436 dixisse
755 2407 859 2436 fertur:

74 2448 150 2483 Sinite
169 2461 244 2484 eant,
270 2452 366 2480 bonum
381 2461 445 2488 opus
467 2458 578 2489 operata
597 2459 633 2481 cst
661 2455 688 2480 in
717 2462 780 2486 me;
798 2451 860 2480 mit-

76 2500 123 2524 Ιεηδ
140 2506 258 2532 namque
275 2499 330 2525 lucc
344 2502 505 2533 unguentum
527 2499 574 2525 hoc
599 2499 626 2526 in
640 2507 734 2534 corpus
761 2507 859 2530 meum,

76 2541 104 2567 ml
115 2543 299 2578 sepeliendum
320 2552 359 2571 me
377 2545 436 2578 fecit
447 2545 492 2571 3"?
509 2544 608 2572 Cernis
625 2553 679 2572 non
696 2545 778 2571 alium
800 2553 860 2572 esse

76 2589 217 2621 sepultum,
239 2589 296 2616 nisi
315 2598 377 2616 eum
396 2590 475 2625 cujus
491 2595 519 2617 et
535 2590 667 2626 templum
680 2588 738 2617 est?

106 2633 134 2660 Ν.
156 2634 183 2662 Si
213 2635 261 2662 ille
290 2634 416 2669 sepultus
440 2640 481 2662 est
503 2636 582 2670 cuj’us
606 2639 634 2663 e't
656 2636 788 2670 templum
809 2641 860 2668 est,

78 2683 153 2706 restat
169 2685 199 2706 ut
215 2680 356 2714 templum
375 2689 425 2707 nec
443 2681 562 2708 solutum
582 2682 628 2713 sit,
646 2689 696 2709 nec
712 2682 861 2716 sepultum.

105 2723 133 2752 C.
151 2726 293 2759 Quoniam
308 2727 359 2753 sub
376 2727 487 2753 nomine
511 2727 615 2761 templi,
631 2727 714 2753 alium
738 2727 863 2762 insepul-

79 2773 138 2804 tum,
164 2773 252 2800 alium
273 2772 415 2808 sepultum
437 2772 504 2798 mihi
519 2772 621 2800 videris
639 2780 774 2804 asserere,
791 2767 862 2801 teni-

108 2859 128 2874 "
144 2860 222 2888 Joan.
245 2868 278 2892 ιι,
300 2860 344 2887 19.
384 2861 406 2877 ³⁷
424 2859 519 2887 Matth.
535 2869 607 2893 xxvr,
623 2862 666 2894 10,
685 2863 728 2890 1'2.

230 2917 373 2948 ΡΑτιιοι..
390 2918 449 2949 Gn.
468 2919 640 2949 LXXXVI.

778 2863 800 2879 ⁸³
813 2863 891 2892 Joan.
909 2871 938 2896 ιι,
958 2863 1002 2890 21.

898 941 1010 971 asset-is.
1028 940 1076 967 sed
1094 940 1242 975 Dei,eujus
1262 944 1290 966 et
1306 938 1437 973 templum
1458 942 1510 964 est.

934 985 966 1011 Ν.
988 984 1016 1011 Si
1031 992 1131 1019 corpus
1152 989 1224 1011 esset
1247 983 1385 1015 exanime,
1407 983 1435 1010 in
1459 990 1514 1017 quo
1539 982 1687 1009 itn‘isiitiizs

899 1028 972 1056 Dens
995 1030 1142 1059 habitaret.
1167 1034 1240 1056 esset
1255 1029 1351 1064 utique
1368 1036 1470 1063 corpus
1484 1028 1543 1060 Dei,
1560 1036 1614 1055 non
1637 1027 1688 1054 ho-

901 1076 984 1102 minis
1001 1075 1146 1109 assumpti.
1164 1075 1264 1101 Verum
1279 1073 1343 1108 quia
1359 1081 1462 1108 corpus
1474 1073 1623 1100 animatum
1636 1076 1688 1103 est.

901 1123 927 1148 in
945 1130 1001 1156 quo
1018 1121 1124 1148 habitat
1138 1122 1221 1153 Deus,
1237 1124 1280 1147 est
1294 1128 1396 1154 corpus
1414 1127 1468 1146 non
1489 1120 1548 1150 Dei,
1572 1119 1619 1146 sed
1640 1119 1690 1145 ho-

902 1169 985 1195 minis
999 1168 1143 1203 assumpti.

936 1215 966 1241 (ἶ.
988 1215 1047 1242 Non
1063 1222 1127 1249 ergo
1142 1221 1253 1248 corpus,
1271 1213 1319 1241 sed
1330 1213 1413 1240 homo
1427 1212 1559 1246 templum
1574 1216 1616 1238 est
1630 1211 1689 1242 Dei,

903 1261 966 1295 quia
978 1261 1004 1287 in
1017 1268 1134 1294 corpore
1147 1259 1267 1286 animato
1276 1258 1361 1294 (quod
1373 1263 1414 1285 est
1427 1259 1486 1285 sine
1499 1257 1585 1285 dubio
1596 1257 1689 1292 homo)

903 1306 1003 1333 asseris
1021 1306 1147 1332 habitare
1169 1306 1254 1332 Deum
1279 1304 1456 1332 invisibilem.

938 1353 970 1379 N.
989 1353 1059 1379 Num
1083 1351 1131 1378 tibi
1158 1351 1210 1378 hoc
1226 1359 1281 1378 non
1303 1350 1433 1377 videtur?

939 1399 968 1425 (1.
983 1398 1075 1425 Absit!
1092 1397 1144 1425 hoc
1155 1398 1229 1424 enim
1242 1397 1356 1424 omnino
1370 1396 1539 1424 contrarium
1555 1400 1597 1422 est
1611 1403 1693 1422 evan-

904 1445 1009 1479 gelistae
1033 1443 1211 1479 expositioni,
1237 1443 1284 1478 qui
1305 1443 1375 1470 dixit
1396 1452 1402 1469 τ
1425 1453 1432 1468 ι
1450 1442 1507 1469 Hoc
1524 1447 1615 1468 autem
1637 1449 1692 1467 non

905 1491 1015 1518 diccbat
1032 1490 1066 1517 de
1082 1490 1184 1525 templo
1201 1490 1322 1517 hominis
1335 1489 1389 1522 sui,
1403 1488 1450 1516 sed
1464 1488 1498 1515 de
1516 1487 1619 1522 templo
1631 1494 1694 1514 cor-

869 1544 889 1572 c
907 1538 982 1572 poris
1006 1536 1058 1564 sui.
1066 1546 1075 1562 ι

941 1583 973 1609 Ν.
992 1583 1026 1610 Ut
1042 1582 1107 1610 mihi
1121 1582 1240 1614 videtur,
1260 1581 1379 1608 animant
1391 1589 1446 1608 non
1461 1581 1552 1607 credis
1565 1579 1694 1606 habuisse

905 1628 1044 1654 Christum
1059 1628 1070 1654 ’ἶ
1331 1662 1333 1664 ι

942 1674 973 1701 C.
995 1674 1094 1701 Procul
1119 1681 1134 1700 a
1155 1681 1199 1701 me
1223 1673 1337 1700 omnino
1354 1673 1389 1700 sit
1410 1673 1461 1700 ista
1476 1672 1622 1699 calumnia.

942 1720 973 1746 N.
987 1719 1131 1753 Quomodo
1140 1727 1208 1754 ergo
1219 1720 1297 1753 quasi
1308 1718 1478 1746 contrarium
1493 1718 1610 1753 respuis,
1621 1718 1695 1752 quod

907 1773 921 1792 ι
939 1765 1019 1792 nobis
1036 1765 1109 1792 Deus
1122 1765 1224 1792 dicitur
1240 1765 1368 1792 habitare
1381 1765 1407 1792 in
1419 1765 1540 1796 homine,
1557 1765 1578 1791 si
1595 1773 1696 1800 corpus

907 1811 1026 1838 animam
1042 1811 1144 1838 habere
1157 1810 1297 1838 Christum
1312 1810 1425 1838 fateris?

942 1855 971 1883 C.
991 1856 1060 1888 Quia
1083 1863 1185 1890 corpus
1209 1863 1264 1882 non
1294 1855 1414 1882 hominis
1440 1854 1584 1888 assumpti,
1615 1859 1643 1880 ut
1668 1859 1695 1880 tu

907 1902 1020 1934 asseris,
1037 1901 1084 1929 sed
1108 1902 1157 1928 Dei
1176 1901 1328 1933 conﬁteris,
1346 1902 1425 1935 cujus
1447 1905 1474 1926 et
1498 1901 1616 1927 animam
1636 1907 1697 1927 esse

908 1946 1002 1978 credo,
1025 1950 1053 1973 et
1064 1945 1126 1973 ideo
1144 1953 1199 1973 non
1214 1946 1299 1973 Deum
1318 1946 1345 1972 in
1359 1946 1482 1977 homine,
1502 1945 1549 1972 sed
1566 1945 1651 1972 Deum
1670 1947 1697 1975 in

909 1999 1027 2027 corpore
1050 1991 1180 2026 praedico.
1199 1991 1329 2026 Alioquin
1352 1991 1421 2018 nihil
1446 1992 1579 2019 estaliud
1604 1992 1697 2019 dicere

910 2038 997 2065 Deum
1015 2039 1043 2066 in
1064 2037 1188 2071 homine,
1205 2038 1258 2065 nisi
1282 2038 1423 2065 hominem
1448 2038 1508 2070 Dei,
1532 2039 1625 2073 sicque
1643 2047 1697 2065 non

908 2085 965 2119 jam
985 2085 1058 2112 Deus
1081 2084 1175 2115 homo.
1196 2085 1244 2112 sed
1261 2083 1344 2112 homo
1367 2084 1415 2112 Dei
1432 2084 1597 2122 intelligitur
1619 2085 1700 2112 Chri—

910 2134 980 2162 stus,
996 2131 1069 2165 quod
1092 2131 1126 2158 de
1142 2131 1270 2159 omnibus
1286 2131 1332 2165 qui
1357 2130 1412 2158 Deo
1430 2130 1548 2157 ﬁdeliter
1563 2130 1697 2161 serviunt,

911 2177 966 2204 dici
991 2181 1091 2212 potest.

1239 2222 1314 2250 CAP.
1338 2222 1368 2249 ν.

944 2269 977 2296 Ν.
993 2269 1021 2297 Si
1037 2276 1138 2304 corpus
1152 2268 1200 2298 Dei
1213 2272 1265 2301 est,
1279 2277 1334 2297 non
1351 2269 1485 2303 assumpti
1502 2269 1634 2302 hominis,
1649 2277 1700 2298 cur

910 2323 964 2343 non
986 2315 1090 2342 dictum
1106 2323 1112 2342 ε
1127 2312 1184 2342 Nisi
1205 2315 1424 2342 manducaveritis
1441 2322 1553 2342 carnem
1567 2315 1630 2347 Dei;
1651 2317 1699 2343 sud

913 2368 1020 2386 carnem
1030 2359 1091 2386 Filii
1103 2360 1226 2392 hominis,
1238 2367 1290 2386 non
1305 2359 1429 2386 habebitis
1444 2361 1525 2387 vitam
1542 2353 1646 2393 inpubis
1660 2362 1700 2388 "'?

947 2405 978 2433 C.
999 2405 1130 2438 Quamvis
1143 2413 1209 2436 caro
1233 2405 1269 2432 sit
1293 2405 1354 2432 Filii
1377 2405 1509 2439 hominis,
1526 2406 1585 2440 ipsa
1609 2412 1701 2434 tamen

914 2459 978 2479 caro
991 2452 1053 2480 Filii
1077 2453 1198 2480 hominis
1218 2460 1282 2480 caro
1302 2452 1350 2480 Dei
1366 2456 1417 2481 est.
1440 2453 1508 2481 Nam
1533 2454 1555 2481 si
1573 2462 1637 2482 caro
1653 2455 1701 2482 Dei

916 2507 970 2527 non
992 2504 1045 2532 est,
1064 2499 1203 2534 quomodo
1217 2504 1309 2534 potest
1323 2499 1407 2527 vitam
1425 2505 1554 2528 attentam
1571 2506 1702 2536 praestare

915 2545 1115 2573 credentibus?

950 2591 983 2618 N.
1007 2590 1076 2624 Quia
1096 2592 1149 2618 hoc
1171 2590 1210 2618 illi
1229 2599 1244 2618 a
1264 2591 1320 2618 Deo
1343 2591 1396 2619 sibi
1424 2591 1502 2619 unito
1524 2597 1566 2621 est
1596 2595 1704 2628 pt'rcsti-

914 2641 1014 2664 tututn.

949 2682 980 2710 C.
1009 2683 1035 2709 Si
1059 2683 1114 2710 Deo
1139 2683 1215 2710 unita
1243 2686 1286 2710 est
1309 2691 1385 2717 caro,
1412 2686 1552 2720 quomodo
1577 2693 1632 2712 non
1661 2690 1703 2713 est

914 2737 979 2755 caro
999 2729 1044 2755 Dei
1057 2728 1067 2755 ?

949 2773 981 2801 li.
1002 2773 1070 2807 Quia
1093 2778 1189 2803 contra
1203 2777 1376 2806 manifestam
1392 2777 1533 2813 Evangelii
1549 2783 1645 2804 vocem
1660 2775 1703 2803 in-

1041 2863 1064 2880 “
1078 2864 1156 2892 Joan.
1176 2873 1211 2898 γι,
1231 2865 1275 2893 54.
