1953 3086
239 143 289 176 139

852 135 1011 166 JOANNIS
1044 133 1230 165 MAXE‘NTII

1813 129 1862 160 140

238 195 394 224 verecunde
412 194 569 226 contendis,
588 201 691 228 quaero,
707 193 768 227 quis
781 196 823 219 est
838 193 885 227 qui
901 191 981 227 554
995 190 1027 218 ad
1045 194 1064 220 Α
1079 196 1132 222 est,
1148 189 1296 218 cruciﬁxus
1312 194 1354 217 est
1370 196 1436 224 ergo
1448 193 1475 216 et
1491 188 1609 216 Jacobus
1625 186 1708 213 frater
1723 185 1782 218 Dei,
1799 186 1862 220 quia

239 244 396 278 passionem
421 248 582 276 properans,
605 240 674 267 dicit
696 238 839 273 discipulis
860 237 916 264 suis
931 245 937 263 :
951 237 1023 264 Acci-

239 290 292 325 pite
306 293 328 314 et
345 288 413 314 edite
425 295 456 313 ex
467 287 514 313 hoc
526 294 625 318 omnes;
634 286 681 311 hoc
689 288 727 311 est
738 285 806 310 enim
819 291 912 318 corpus
927 290 1022 313 meum,

239 334 308 370 quod
316 342 363 370 pro
373 334 442 361 vobis
451 333 590 368 frangetur
598 332 624 358 in
635 331 812 357 remissionem
821 327 1024 364 peccatorum“?

563 397 639 424 CAP.
659 397 702 424 Vl.

275 465 306 492 C.
329 465 378 492 Ille
401 468 443 491 est
469 463 613 495 nimirum,
632 463 678 498 qui
698 462 766 489 dixit
786 471 792 488 :
819 461 873 496 Ego
894 469 951 487 sum
974 461 1026 492 vin,

241 513 339 538 veritas
359 515 383 537 et
407 511 460 537 vita
473 511 506 536 “.

278 557 309 584 N.
321 557 381 584 Vita
394 564 460 590 ergo
473 555 601 581 manibus
612 552 858 588 comprehenditur
870 551 1028 585 impiorum,

241 604 299 630 vita
320 602 501 637 crucifigitur,
518 605 660 635 postremo
675 599 792 625 moritur
811 598 877 630 vita,
891 602 918 623 et
937 597 959 623 si
976 596 1030 622 vita

244 653 361 678 mortua,
373 648 435 682 quis
445 647 527 672 vitam
539 645 656 671 mortuis
670 648 798 678 priestare
808 641 961 669 credendus
973 640 1032 667 est?

277 693 308 720 C.
324 693 350 720 Si
372 692 395 718 is
412 692 458 726 qui
476 691 531 717 vita
544 694 596 719 est,
618 697 671 715 non
684 692 726 715 est
743 687 902 718 crucifixus,
915 691 942 712 et
961 693 1032 712 mor—

244 744 318 771 tuus,
327 745 437 772 sperare
447 737 530 763 vitam
540 734 639 761 mortui
651 734 806 760 nullatenus
815 732 925 758 debent.
934 731 1033 757 Verum

244 786 307 819 quia
328 783 478 811 cruciﬁxus
502 785 555 812 est,
580 784 607 806 ct
629 783 754 806 mortuus
788 779 811 804 is
832 777 879 812 qni
900 781 942 804 est
968 776 1033 808 vita,

245 838 301 857 non
322 837 375 860 me,
402 828 449 854 sed
466 827 576 854 beatum
592 826 700 852 Petrum
723 824 756 851 ad
779 824 888 852 Judmos
900 823 963 850 audi
979 823 1035 850 cla-

247 880 366 902 mantem
383 884 389 901 :
412 874 528 904 Petistis,
546 872 646 906 inquit,
661 879 750 898 verum
768 870 926 897 homiridam
940 868 1034 895 donari
1052 863 1071 892 Β

246 923 326 954 vobis,
345 926 479 948 auctorem
493 927 553 946 vero
577 920 637 945 vita:
652 918 822 944 intercmistis
838 917 871 942 °’.

282 968 316 995 N.
334 965 465 1000 Quamvis
482 970 578 991 auctor
594 964 656 990 vita:
679 963 796 998 propria:
814 963 885 989 Deus
902 969 962 989 esse
980 969 1036 988 cre-

248 1015 339 1045 datur,
357 1019 448 1040 tamen
470 1011 533 1046 quia
555 1014 583 1037 et
613 1009 739 1036 homines
755 1014 882 1035 auctores
898 1008 960 1034 vita:
975 1014 1036 1041 pos-

249 1067 344 1087 sumus
371 1058 519 1093 appellare,
548 1056 595 1090 qui
619 1055 793 1089 disciplinam
829 1054 943 1081 tradunt
967 1054 1036 1081 bene

250 1106 372 1138 vivendi,
391 1104 565 1131 manifestius
581 1102 659 1134 doce,
680 1102 702 1129 si
717 1102 803 1133 vales,
821 1100 979 1128 eruciﬁxam
995 1101 1037 1128 vel

251 1157 387 1180 mortuam
405 1151 500 1177 vitam.

286 1199 317 1226 (ἶ.
354 1197 516 1231 Quanquam
544 1203 598 1222 non
629 1195 755 1222 homines
783 1194 830 1229 qui
862 1193 1038 1227 disciplinam

251 1245 365 1272 tradunt
383 1244 452 1270 bene
475 1242 599 1274 vivendi,
616 1241 664 1268 scd
683 1241 754 1267 Deus
776 1240 852 1266 solus
867 1243 963 1266 auctor
976 1239 1039 1265 vitae

253 1299 307 1317 non
326 1293 399 1317 recte
425 1288 565 1319 credatur,
585 1291 676 1313 tamen
692 1285 757 1313 etsi
777 1293 839 1312 eum
856 1285 956 1319 quiest
973 1284 1038 1316 vita,

253 1341 392 1364 mortuum
404 1339 429 1361 rt
442 1334 604 1362 crucifixum
615 1340 648 1359 ex
665 1331 815 1366 Scripturis
827 1331 958 1361 docuero,
977 1338 1039 1356 rur-

255 1391 302 1411 sus
322 1382 355 1409 ad
377 1381 430 1408 alia
449 1386 475 1408 te
497 1383 674 1410 convertens,
701 1377 765 1404 dum
784 1385 839 1403 non
862 1377 903 1403 vis
928 1375 1041 1402 credere

255 1429 375 1460 veritati,
387 1426 542 1462 superﬂuas
555 1424 722 1460 qumstiones
737 1429 847 1450 movere
859 1429 915 1448 non
927 1420 1039 1448 desinis.

571 1493 646 1521 CAP.
668 1492 724 1520 VII.

292 1567 325 1594 Ν.
347 1565 373 1593 Si
392 1564 492 1592 nollem
512 1562 626 1590 credere
641 1559 761 1590 veritati,
778 1565 916 1592 nunquam
936 1564 968 1583 ea
982 1563 1043 1590 quae

259 1622 300 1640 me
316 1615 435 1641 movent,
450 1610 481 1643 in
496 1608 615 1636 medium
631 1603 804 1633 discutienda
820 1602 983 1638 proferrem.
1002 1601 1042 1628 'l‘u

259 1667 336 1690 vero,
361 1657 425 1684 dum
453 1663 508 1682 non
528 1653 603 1681 vales
630 1650 797 1686 respondere
820 1647 946 1684 objectis,
964 1646 1044 1674 nobis

259 1704 338 1739 quasi
360 1701 498 1736 superflua
516 1698 703 1735 quaerentibus
727 1695 854 1722 insultas.

295 1750 326 1778 C.
348 1750 448 1776 Verum
472 1747 525 1774 hoc
547 1744 660 1772 omnino
679 1746 721 1770 est
744 1741 816 1776 quod
838 1748 894 1767 non
911 1746 971 1774 ego,
997 1738 1044 1764 sed

261 1799 320 1833 ipse
339 1796 372 1822 de
393 1801 447 1829 quo
473 1793 572 1827 agitur,
594 1791 648 1817 tuis
671 1797 720 1824 pro
738 1795 780 1814 me
806 1785 949 1821 respondit
972 1784 1046 1818 ol‘je-

262 1841 410 1872 ctionibus,
438 1844 519 1873 teque
545 1843 626 1864 suum
643 1833 832 1862 adversarium
849 1829 1047 1864 notansloqui-

263 1894 318 1919 tur,
336 1887 364 1913 in
390 1881 603 1912 Deuteronomio
627 1880 660 1907 ad
686 1879 816 1914 populum
839 1877 930 1904 lsrael.
958 1877 993 1903 Et
1008 1876 1046 1902 vi-

262 1933 364 1965 debitis,
380 1930 570 1965 inquit,vitam
589 1932 701 1954 uestram
718 1925 872 1960 pendentem
887 1924 913 1950 in
930 1923 1011 1957 ligno,
1023 1925 1047 1948 ct

263 1987 315 2006 non
333 1977 442 2004 credetis
460 1976 482 2001 ei
498 1975 532 2000 9’.

298 2023 330 2050 N.
352 2023 385 2049 Et
408 2019 548 2056 quomodo
573 2021 664 2053 potest
686 2017 742 2043 vita
767 2024 816 2050 per
833 2022 861 2041 sc
878 2014 998 2052 pendere
1020 2012 1047 2038 in

263 2068 354 2103 ligno?
377 2067 448 2093 Deus
463 2072 528 2100 ergo
542 2071 557 2090 a
570 2062 673 2090 Iudaeis
689 2066 732 2088 est
754 2059 903 2088 crucifixus
914 2050 941 2084 Τ

297 2114 329 2142 C.
349 2113 409 2140 Non
426 2111 504 2143 mihi,
526 2109 574 2137 sed
594 2108 735 2143 propheta:
758 2106 840 2133 crede
860 2104 963 2131 dicenti
989 2112 995 2129 :
1020 2102 1049 2130 Si

264 2159 344 2195 afﬁgit
353 2160 428 2185 homo
441 2156 537 2188 Deum,
547 2154 610 2190 quia
621 2161 663 2180 vos
676 2151 805 2186 can/igitr":
821 2158 861 2177 me
875 2157 937 2183 gens
951 2152 1004 2175 tota
1014 2147 1047 2174 “.

1074 241 1102 264 ct
1123 237 1208 264 frater
1230 235 1339 263 Domini
1364 235 1466 262 dicitur
1486 234 1498 261 ’ἶ
1651 258 1664 267 _

1110 282 1140 310 C.
1161 283 1219 309 Non
1238 286 1279 309 est
1293 282 1362 308 alter
1378 282 1459 311 Deus,
1478 280 1547 307 alter
1565 278 1706 310 Dominus,
1734 277 1780 304 sed
1805 277 1860 304 Do-

1076 328 1168 355 minus
1189 329 1246 362 ipse
1268 332 1311 354 est
1340 327 1421 358 Deus,
1446 324 1580 358 Propheta
1606 323 1715 349 [ilCt‘lllC
1735 330 1741 347 :
1769 321 1866 347 Scitote

1077 375 1145 410 quod
1170 374 1294 400 Dominus
1317 374 1371 408 ipse
1387 377 1424 398 est
1449 372 1517 397 Deus
1539 371 1573 396 ‘3“.
1589 370 1623 396 Et
1636 369 1698 396 ideo
1717 373 1790 395 recte
1805 375 1866 394 0m-

1078 421 1143 448 nino
1156 421 1228 447 Deus
1242 419 1334 454 gloria:
1348 427 1362 445 a
1385 417 1487 446 luditis
1501 416 1625 443 creditur
1640 414 1798 445 crucifixus,
1815 420 1866 440 nec

1078 472 1120 494 est
1140 466 1290 493 secundum
1313 465 1384 492 hanc
1408 463 1551 497 Propheta:
1574 469 1668 488 vocem
1699 458 1868 486 contrarium

1080 512 1199 543 veritati,
1234 510 1366 538 Jacobum
1391 509 1503 536 fratrem
1526 507 1646 537 Domini,
1679 507 1791 533 fratrem
1818 505 1868 532 Dei

1081 559 1174 585 dicere
1191 557 1343 584 secundum
1369 563 1491 582 carnem.

1116 605 1149 632 N.
1168 604 1242 631 Nova
1259 602 1383 638 quredam
1402 606 1429 628 et
1453 599 1635 627 intolerabilis
1661 597 1787 626 doctrina
1811 597 1870 624 hate

1083 656 1175 679 vestra
1198 655 1239 677 est
1261 657 1322 684 quae
1344 649 1430 676 Deum
1453 646 1612 682 passibilem
1640 645 1782 680 prmdicat,
1806 649 1871 669 cum

1084 699 1118 726 de
1131 707 1165 726 eo
1178 698 1225 732 qui
1240 706 1255 724 a
1272 696 1371 725 Judazis
1387 699 1429 723 est
1441 693 1598 724 cruciﬁxus,
1613 693 1712 719 Petrus
1730 689 1871 725 apostolus

1085 745 1112 772 in
1130 744 1242 771 Actibus
1260 742 1448 777 apostolorum
1468 739 1612 767 manifeste
1630 737 1806 766 testiﬁcetur,
1829 734 1872 761 di-

1086 797 1169 816 cens:
1184 788 1279 815 Notum
1290 788 1323 813 sit
1338 785 1456 813 omnibus
1470 785 1550 815 vobis,
1567 787 1592 809 et
1604 783 1674 809 omni
1688 780 1755 816 plebi
1770 777 1868 809 Israel,

1087 837 1149 870 quin
1177 836 1203 860 in
1230 834 1333 860 nomine
1350 832 1412 858 Jesu
1439 831 1534 858 Citriin
1554 829 1699 859 Nazareni,
1724 834 1801 862 quem
1826 833 1873 852 vos

1086 880 1261 914 cruci/tristis,
1281 887 1357 913 quem
1376 878 1444 904 Deus
1461 876 1598 902 suscitauit
1616 883 1631 900 α
1647 873 1766 903 mortuis,
1784 872 1812 898 in
1826 871 1874 897 ltoc

1085 928 1132 953 ista
1158 930 1228 952 astat
1244 932 1333 951 corum
1351 923 1420 949 vobis
1433 929 1513 948 sanus
1528 921 1561 946 ³⁷.
1580 920 1611 947 Et
1631 919 1730 945 iterum
1750 926 1756 943 :
1775 916 1873 943 Certis-

1085 973 1159 1002 sime,
1184 971 1283 1005 inquit,
1303 969 1368 996 sciat
1389 968 1473 994 onmis
1501 967 1593 993 domus
1613 964 1708 996 Israel,
1734 964 1797 998 quia
1817 963 1874 989 llo-

1087 1018 1219 1044 minumct
1231 1015 1363 1042 Christum
1379 1022 1438 1040 enm
1453 1012 1519 1039 Dens
1538 1012 1596 1046 fecit
1612 1011 1680 1037 hunc
1692 1009 1781 1036 Iesum
1796 1016 1875 1042 quem

1087 1072 1129 1090 vos
1147 1061 1314 1095 cruciﬁxistis
1330 1060 1363 1086 ⁸⁸.
1380 1059 1448 1086 Cum
1462 1066 1528 1092 ergo
1544 1065 1558 1083 a
1580 1057 1636 1084 Deo
1648 1063 1711 1083 eum
1730 1062 1811 1089 quem
1826 1053 1876 1080 lu-

1088 1109 1138 1136 daei
1157 1108 1353 1135 crucifixerunt
1367 1104 1514 1132 Dominum
1538 1103 1678 1130 Christum
1699 1101 1813 1131 factum,
1831 1104 1874 1125 tc-

1088 1159 1177 1182 stetur
1189 1153 1340 1188 apostolus,
1355 1159 1410 1178 non
1431 1151 1458 1177 in
1472 1149 1581 1176 occulto
1600 1152 1643 1175 est.
1669 1148 1716 1182 qui
1734 1146 1769 1173 sit
1785 1145 1878 1172 Domi-

1089 1208 1142 1228 nus
1156 1200 1248 1236 glorite
1272 1196 1480 1231 intelligendus,
1510 1195 1553 1222 vel
1576 1197 1651 1221 certe
1680 1192 1756 1226 quia
1774 1190 1877 1218 Iudaeis

1090 1245 1244 1273 credendus
1258 1248 1299 1270 est
1322 1242 1469 1269 crucifixus
1484 1249 1491 1273 ;
1504 1247 1593 1274 neque
1620 1237 1694 1265 enim
1714 1237 1742 1263 in
1767 1240 1874 1263 tantum

1090 1291 1191 1318 erroris
1214 1290 1359 1323 abruptum
1385 1286 1467 1313 credo
1492 1292 1540 1311 vos
1555 1283 1713 1314 devertisse,
1731 1285 1761 1308 ut
1776 1281 1877 1308 Filium

1091 1336 1139 1364 Dei
1165 1336 1251 1362 Deum
1276 1342 1291 1361 a
1307 1334 1362 1360 Deo
1387 1332 1488 1358 factum
1504 1330 1650 1357 Dominum
1668 1335 1729 1355 esse
1746 1326 1877 1354 credatis.

1091 1381 1168 1409 Unde
1185 1380 1315 1407 docemur
1336 1386 1384 1414 per
1400 1378 1470 1404 hanc
1491 1375 1607 1411 apostoli
1621 1373 1787 1402 sententiam
1801 1377 1829 1399 et
1843 1371 1878 1398 il-

1091 1428 1144 1454 lam
1161 1435 1175 1453 a
1189 1430 1213 1452 te
1224 1425 1356 1460 prolatam
1371 1423 1510 1458 propheta-
1522 1429 1629 1451 vocem,
1642 1419 1749 1446 Domini
1776 1425 1878 1444 nomen

1092 1479 1147 1499 non
1168 1478 1278 1505 semper
1294 1469 1379 1496 Deum
1398 1466 1564 1502 signiﬁcare,
1583 1465 1630 1492 sed
1647 1463 1795 1499 aliquando
1817 1466 1878 1488 tan—

1055 1528 1076 1558 C
1093 1523 1151 1545 tum
1168 1517 1263 1547 Deum,
1278 1514 1424 1550 aliquando
1442 1513 1581 1540 hominem
1599 1514 1716 1542 tantum,
1729 1507 1878 1543 aliquando

1094 1570 1158 1589 vero
1181 1563 1266 1588 Deum
1284 1565 1312 1587 et
1328 1560 1466 1586 hominem
1482 1566 1487 1584 :
1502 1558 1563 1584 ideo
1579 1563 1634 1583 non
1649 1555 1772 1589 cogimur
1792 1553 1879 1580 Deum

1094 1607 1245 1641 intelligere
1272 1605 1445 1635 crucifixum,
1470 1610 1502 1630 eo
1526 1601 1599 1636 qu'od
1624 1600 1657 1627 ab
1681 1598 1804 1634 apostolo
1827 1597 1881 1624 Do—

1095 1653 1186 1680 minus
1211 1651 1304 1686 gloriaa
1319 1650 1421 1677 dicitur
1437 1648 1596 1678 crucifixus,
1614 1653 1666 1672 nec
1685 1644 1748 1679 quia
1761 1642 1880 1670 Jacobus

1095 1698 1180 1725 frater
1197 1696 1304 1723 Domini
1322 1695 1434 1726 dicitur,
1453 1694 1565 1720 fratrem
1580 1698 1644 1718 eum
1663 1688 1803 1717 credimus
1819 1687 1880 1714 Dei.

1410 1761 1486 1788 CAP.
1514 1759 1560 1787 IX.

1131 1834 1161 1861 (ἶ.
1180 1835 1216 1861 De
1231 1834 1294 1860 .lesu
1309 1832 1459 1861 Nazarene,
1474 1827 1546 1863 quod
1562 1827 1634 1853 Deus
1646 1825 1691 1857 sit,
1705 1823 1826 1852 arbitror
1838 1830 1883 1849 mo

1098 1880 1264 1907 sufﬁcienter
1279 1883 1332 1905 tam
1349 1876 1465 1906 ratione,
1480 1881 1561 1908 quam
1575 1873 1658 1899 etiam
1674 1869 1839 1898 testimoniis
1853 1869 1881 1894 in

1098 1925 1240 1960 superiore
1254 1930 1381 1951 sermone
1394 1920 1531 1951 docuisse,
1549 1917 1597 1946 sed
1623 1915 1781 1944 inﬁdelibus
1794 1918 1882 1942 totum

1099 1970 1167 1996 nihil
1184 1973 1235 1996 est.
1254 1969 1292 1996 De
1307 1975 1340 1994 eo
1353 1972 1443 1994 autem
1455 1964 1527 1999 quod
1541 1969 1669 1998 magnum
1685 1968 1806 1988 errorem
1821 1967 1884 1986 esse

1096 2016 1214 2052 judicas,
1241 2015 1325 2041 Deum
1350 2013 1450 2040 factum
1469 2010 1614 2038 Dominum
1639 2016 1653 2035 a
1678 2008 1734 2034 Deo
1759 2005 1884 2036 credere.

1099 2062 1164 2096 quia
1179 2061 1283 2088 dictum
1307 2064 1349 2086 est
1368 2067 1382 2085 ε
1406 2057 1489 2084 Petro
1510 2056 1545 2082 de
1566 2055 1630 2083 Jesu
1653 2052 1796 2084 cruciﬁxo,
1820 2051 1884 2086 quia

1101 2105 1248 2134 Dominum
1271 2112 1333 2131 eum
1360 2108 1389 2131 et
1416 2102 1558 2129 Christum
1585 2101 1658 2128 Deus
1680 2098 1765 2130 fecit,
1791 2104 1886 2131 quaero

1101 2157 1280 2183 utrum,cum
1297 2153 1370 2177 esset
1390 2148 1480 2179 Jesus,
1505 2151 1532 2174 ct
1551 2151 1643 2173 tamen
1667 2151 1723 2171 non
1743 2147 1816 2169 esset
1833 2141 1888 2168 Do-

299 2190 331 2230 t‘i.
356 2202 464 2229 Falsum
487 2204 530 2227 est
543 2198 667 2229 omnino,
683 2202 823 2230 nunquam
841 2194 895 2221 hoc
912 2194 940 2220 in
964 2192 1037 2220 ecele

1102 2198 1204 2229 minus,
1227 2196 1315 2223 factus
1334 2198 1376 2221 est
1392 2202 1406 2220 a
1429 2194 1484 2221 Deo
1508 2190 1657 2220 Dominus?
1677 2197 1711 2216 an
1729 2195 1792 2215 cum
1812 2190 1888 2214 esset

264 2248 384 2277 siasticis
406 2246 486 2274 libris
510 2245 629 2280 legitur,
646 2241 772 2277 quamvis
799 2239 930 2274 scriptum
961 2238 996 2266 sit
1020 2238 1047 2265 in

263 2292 395 2321 Malachia
413 2290 546 2325 propheta
562 2297 568 2314 :
583 2287 611 2314 Si
622 2286 777 2322 supplantat
788 2285 863 2312 homo
876 2284 969 2315 Deum,
986 2284 1049 2319 quia

262 2337 442 2374 suppl‘antutis
463 2343 502 2362 me
523 2342 566 2362 vos
585 2341 647 2368 gens
665 2336 730 2358 tota.

297 2384 405 2413 C.‘Non
426 2385 469 2409 est
490 2380 614 2410 dubium,
630 2379 665 2404 ita
688 2382 719 2404 ut
742 2382 771 2404 tu
789 2376 870 2409 dicis,
895 2376 923 2403 in
937 2376 1048 2410 antiqua

264 2427 401 2458 contineri
426 2426 560 2457 editione,
584 2425 613 2451 in
634 2422 740 2450 novella
762 2430 828 2449 vero
851 2421 920 2449 illud
943 2420 1017 2455 quod
1034 2427 1050 2447 a

264 2476 346 2504 nobis
369 2477 411 2501 est
426 2472 556 2508 positum.
572 2470 674 2498 Verum
697 2469 720 2496 si
739 2468 791 2496 tibi
811 2475 909 2495 recens
924 2471 1048 2493 eontem-

265 2521 354 2550 nenda
368 2519 477 2546 videtur
487 2517 617 2544 editionis
632 2515 790 2547 auctoritas,
812 2513 874 2540 audi
889 2511 1049 2547 Apostolum

265 2568 429 2594 clamantem
448 2572 453 2590 :
470 2563 609 2589 Dominum
627 2561 718 2596 gloria:
731 2559 885 2592 cruciﬁxum
901 2558 934 2584 θ’.

575 2641 649 2668 CAP.
673 2639 741 2667 V'lll.

301 2714 333 2742 Ν.
344 2713 372 2741 Si
385 2711 519 2739 Dominus
530 2709 623 2745 gloria:
634 2706 792 2737 crucifixus,
808 2704 881 2732 Deus
897 2701 1052 2730 credendus

299 2812 323 2828 9°
343 2811 437 2839 Matth.
452 2818 524 2841 xxvi,
540 2807 584 2835 9.6.
622 2808 643 2823 “
662 2807 742 2834 Joan.
762 2805 804 2835 Μ,
823 2805 849 2831 6.

267 2848 290 2866 ⁸⁵
309 2847 396 2876 ICor.
415 2854 442 2877 ιι,
466 2846 491 2873 8.
574 2843 596 2858 "'°
613 2842 684 2869 Psal.
707 2849 778 2871 acu,
803 2840 829 2866 5.

889 2804 910 2819 ⁹²
932 2803 992 2830 Act.
1024 2811 1061 2833 ιιι,
1081 2802 1123 2831 H,
1144 2801 1183 2827 lii.

866 2840 889 2855 ετ
902 2839 961 2865 Act.
977 2846 1013 2870 ιν,
1034 2838 1073 2864 ιο.

1101 2243 1244 2273 Dominus,
1260 2241 1348 2268 factus
1361 2243 1404 2266 est
1418 2247 1433 2266 a
1448 2239 1504 2265 Deo
1521 2234 1670 2264 Dominus?

1136 2289 1170 2316 N.
1191 2286 1345 2320 Quomodo.
1359 2285 1382 2311 si
1396 2288 1468 2311 esset
1487 2282 1654 2313 Dominus,a
1672 2279 1727 2307 Deo
1742 2277 1818 2305 ﬁeret
1833 2276 1888 2305 Do-

1102 2333 1203 2363 minus,
1218 2338 1278 2358 cum
1295 2329 1340 2356 fiat
1353 2336 1433 2356 nemo
1447 2326 1521 2362 quod
1543 2326 1606 2353 est?
1620 2325 1667 2352 sed
1680 2324 1744 2359 quia
1756 2331 1810 2350 non
1825 2326 1887 2349 erat

1102 2378 1245 2409 Dominus,
1262 2375 1324 2403 ideo
1340 2382 1355 2400 a
1370 2374 1426 2401 Deo
1442 2373 1530 2399 factus
1545 2371 1647 2398 dicitur
1662 2369 1804 2396 Dominus.

1137 2423 1168 2450 C.
1192 2422 1258 2449 Erat
1279 2427 1344 2455 ergo
1367 2417 1478 2453 quando
1493 2425 1549 2444 non
1566 2420 1625 2443 erat
1642 2415 1722 2442 Jesus
1735 2412 1888 2441 Dominus?

1137 2469 1170 2496 N.
1192 2468 1251 2495 Non
1277 2469 1338 2494 erat
1359 2469 1506 2498 antequam
1532 2461 1611 2488 ﬁeret
1626 2456 1768 2487 Dominus.

1136 2515 1167 2542 C.
1181 2512 1324 2547 Quomodo
1337 2518 1401 2545 ergo
1417 2508 1509 2536 dixisti
1523 2517 1528 2534 :
1545 2507 1573 2534 Si
1586 2510 1659 2533 esset
1676 2505 1818 2535 Dominus,
1831 2510 1887 2531 non

1101 2561 1180 2588 ﬁeret
1195 2567 1210 2586 a
1226 2559 1282 2586 Deo
1298 2557 1440 2587 Dominus,
1462 2555 1508 2582 sed
1521 2554 1583 2589 quia
1601 2560 1655 2579 non
1669 2554 1728 2578 erat
1744 2548 1886 2580 Dominus,

1101 2609 1165 2636 ideo
1182 2615 1196 2635 a
1219 2607 1275 2633 Deo
1295 2605 1383 2632 factus
1406 2608 1448 2630 est
1465 2600 1619 2629 Dominus?
1794 2628 1799 2632 ,

1137 2655 1169 2681 Ν.
1188 2653 1267 2685 Quia,
1283 2655 1429 2684 antequam
1447 2651 1617 2677 nasceretur,
1636 2652 1690 2671 non
1702 2647 1762 2670 erat
1777 2642 1823 2677 qui
1839 2641 1888 2668 ﬁe-

1102 2708 1145 2729 ret
1157 2699 1299 2730 Dominus,
1314 2703 1364 2723 nec
1385 2699 1564 2730 posteaquam
1581 2695 1662 2718 natus
1678 2693 1730 2721 est,
1745 2688 1833 2715 factus
1845 2690 1888 2713 est

1239 2799 1261 2814 ⁰³
1281 2798 1358 2824 Deut.
1389 2803 1468 2825 τας-ιιι
1482 2815 1488 2827 ,
1515 2793 1559 2821 66.
1612 2792 1635 2807 ³⁸
1655 2788 1771 2817 ltlalach.
1803 2795 1842 2819 ιιι,
1859 2785 1889 2814 8.

1112 2837 1134 2852 ⁸⁸
1153 2837 1213 2862 Act.
1234 2841 1262 2865 ιι,
1287 2833 1330 2859 56.
