1967 3091
228 136 280 167 707

696 135 726 165 S.
744 133 958 165 GREGENTII
978 133 1094 164 EPISC.
1114 132 1378 164 TAPHARENSIS

1803 132 1858 165 703

226 195 288 214 cum
301 190 328 214 et
345 186 410 222 ipsa!
426 190 522 222 gentes
538 194 598 222 qum
610 186 714 222 exigam
730 191 803 219 sunt,
820 195 881 222 quae
895 187 1016 214 nondum

1077 185 1211 222 Ἐϐραίων
1235 186 1336 221 ἀρτίως
1356 186 1370 212 6
1390 184 1475 218 Θεὸς;
1492 185 1532 212 δτι
1556 182 1604 212 καὶ
1622 184 1692 212 αὐτὰ
1708 185 1742 213 τὰ
1758 186 1858 221 μικρὰ.

226 235 253 262 in
268 233 408 261 Christum
423 233 617 265 crediderunt,
639 241 688 260 vos
704 233 850 260 verberant
863 237 891 260 et
907 236 1014 265 vexant,

224 286 252 308 et
265 279 341 307 velut
363 279 516 306 ludibrium
540 279 665 307 habent?
694 279 818 312 Quonam
834 279 917 314 igitur
935 279 1016 306 modo

224 333 272 353 vos
288 333 302 352 a
318 325 374 352 Deo
391 332 464 352 nunc
482 325 568 352 robur
581 330 609 352 et
627 325 700 353 vires
715 325 852 360 accipitis,
873 333 936 352 cum
957 325 1016 352 sitis

225 376 280 398 tam
308 371 414 398 debiles
442 376 525 406 atque
544 371 656 403 inﬁrmi,
682 376 712 399 ut
730 380 820 406 neque
845 372 942 399 eulieis
960 372 1016 399 vim

225 426 319 452 parem
337 418 462 445 habeatis
478 418 510 445 ad
528 422 635 445 vestros
664 418 791 446 inimicos
805 418 1018 446 remordendos?

226 464 342 491 Ubinam
368 465 420 491 hoc
449 468 574 497 tempore
587 465 720 492 Dominus
746 465 915 500 conspicitur
939 465 1017 492 vobis

226 511 307 546 632
315 518 395 544 opem
410 510 497 537 ferre?
507 510 631 543 Quanam
646 510 673 537 in
686 511 732 538 re?
742 511 769 537 in
779 519 833 545 quo
844 511 1018 538 obedientia?

227 557 255 584 in
282 565 337 591 quo
352 557 450 592 gloria,
474 557 516 583 vel
533 556 633 588 honor,
655 557 697 584 vel
713 557 857 592 polentia?
875 558 972 584 Nonne
987 565 1017 585 es

228 609 357 637 tanquam
373 603 502 630 sordidus
513 603 594 635 cinis,
603 604 724 630 etearbo
735 604 897 637 exstinctus,
909 608 937 630 et
955 609 1017 630 tan-

226 657 308 684 quam
325 649 423 684 caligo,
441 649 462 675 si
480 648 564 675 facies
584 653 733 683 spectetur,
748 649 898 676 redactus?
914 649 952 676 En
968 649 1017 675 ad—

226 699 291 722 sunt
307 695 427 727 Hebraei,
452 702 515 722 ecca
532 698 560 721 et
576 700 604 722 tu
624 695 693 729 ipse.
715 695 834 722 Videant
851 695 899 730 qui
923 695 1019 721 volunt

226 741 310 768 facies
326 745 432 767 vestras
449 748 455 766 ς
473 748 564 767 nonne
583 744 647 767 sunt
661 740 761 775 pulvis,
781 748 836 767 non
854 741 933 771 cinis,
962 748 1017 767 non

226 787 338 822 squalor
352 787 363 812 ?
381 785 453 812 unde
465 786 476 811 ?
487 786 554 818 Quia
566 793 656 820 neque
671 785 758 820 gratia
773 793 862 820 neque
885 786 1018 812 auxilium

226 841 259 860 ex
279 833 335 860 Deo
350 832 429 859 vobis
446 832 530 864 adsit,
550 837 578 858 et
592 832 657 866 quia
672 840 726 859 non
738 832 862 858 habeatis
884 831 1016 866 Spiritum

226 883 362 905 sanctum.
377 877 493 911 Propter
510 876 654 911 perﬁdiam
671 881 698 903 et
713 876 893 911 pervicaciam
910 884 942 903 ac
959 884 1016 902 ma-

225 924 313 950 litiam
333 927 463 952 vestram,
480 930 535 948 non
558 922 626 949 estis
640 921 722 948 divisi
747 926 774 948 et
797 921 887 948 dissiti
909 921 956 948 alii
985 921 1020 948 ab

225 970 297 1002 aliis,
313 977 345 996 ac
359 968 476 1003 dispersi
493 969 519 995 in
536 968 605 995 lines
625 968 702 994 orbis
722 972 868 999 terrarum,
891 971 1020 1001 tanquam

225 1014 315 1041 lacera
333 1012 436 1043 tunica,
450 1015 478 1038 et
494 1011 579 1038 veluti
602 1011 797 1038 vestimentum
820 1008 955 1038 vetustate
972 1011 1020 1037 de-

225 1059 320 1086 tritum
332 1059 343 1084 ?
354 1057 469 1091 Quando
484 1061 575 1083 autem
593 1057 777 1088 erubucrunt,
791 1061 816 1083 el
835 1057 941 1084 confusi
957 1060 1022 1083 sunt.

224 1112 332 1135 omnes,
343 1104 389 1139 qui
401 1103 480 1130 vobis
489 1103 625 1130 adversati
638 1108 703 1130 sunt
715 1105 725 1130 ’ί
741 1103 791 1131 Ubi
812 1108 875 1131 sunt
894 1107 1021 1138 tanquam

225 1152 272 1186 qui
284 1158 344 1178 esse
355 1150 508 1181 desierunt,
523 1150 609 1177 vestri
627 1149 781 1176 adversarii
799 1149 810 1176 ’ί
823 1149 938 1182 Quando
950 1157 1023 1183 quae-

225 1197 312 1224 siistis
325 1196 411 1231 ipsos,
427 1200 455 1223 et
468 1203 523 1222 non
544 1187 649 1222 inve’nti
670 1195 760 1222 sunt?
774 1195 826 1222 Ubi
840 1200 931 1222 autem
951 1196 1022 1223 Deus

223 1248 345 1270 vestram
363 1242 488 1269 dextram
502 1246 598 1269 tenens
615 1245 643 1268 et
662 1249 711 1268 vos
726 1241 760 1268 ad
774 1242 894 1276 aliquem
908 1249 1023 1276 prospe-

225 1297 286 1317 rum
313 1293 444 1316 chntum
465 1288 609 1323 dirigens?
636 1288 688 1315 Ubi
717 1288 800 1314 etiam
820 1287 921 1315 dicitur
948 1287 1024 1314 velut

225 1336 327 1363 vermis
351 1334 515 1361 humiliatus
539 1342 573 1361 ex
599 1333 702 1361 Judreis
721 1340 855 1368 arrogans
880 1337 908 1360 et
939 1340 1022 1360 saxeo

195 1405 199 1409 .
224 1382 308 1410 corde
343 1380 476 1416 praaditus
495 1387 527 1406 ac
550 1379 680 1414 pervicax
695 1379 707 1404 ?
722 1378 774 1406 Ubi
796 1382 930 1413 praeterea
957 1378 1024 1405 estis

224 1425 265 1453 illi
288 1424 458 1460 paucissimi,
474 1427 503 1450 et
525 1423 717 1450 liberationem
738 1430 752 1449 τι
774 1422 892 1448 Domino
916 1421 1022 1459 adepti;

224 1471 272 1506 qui
292 1471 318 1497 in
334 1470 409 1497 omni
431 1474 516 1501 terra,
528 1469 604 1496 velut
616 1473 720 1495 terrore
740 1468 859 1503 perculsi
873 1472 901 1495 et
915 1468 1024 1496 attoniti

224 1521 253 1543 et
266 1516 335 1543 mull
351 1515 494 1547 desidetis,
510 1519 539 1542 et
552 1515 586 1542 ab
602 1514 733 1542 omnibus
750 1514 946 1549 eonspuimini,
959 1514 1022 1541 nul—
1036 1532 1056 1558 ε

224 1563 278 1589 latn
297 1569 311 1588 a
329 1561 446 1588 Domino
468 1560 662 1588 liberationem
683 1561 853 1595 accipientes
866 1562 877 1587 ?
892 1561 961 1588 Tota
978 1569 1024 1588 er-

225 1616 271 1636 ras
288 1608 343 1640 via,
358 1615 374 1634 o
387 1607 525 1634 llcrbane.
548 1606 611 1634 Haec
630 1607 705 1634 enim
727 1607 761 1634 de
782 1615 844 1634 meo
867 1607 979 1634 Christo
997 1611 1026 1634 et

225 1655 293 1686 Deo,
305 1654 440 1689 propheta
459 1653 626 1680 vaticinatus
638 1658 689 1680 cst.
708 1653 742 1680 Et
754 1653 837 1688 elegit
849 1653 937 1688 ipsum
953 1654 1026 1680 Deus

233 1705 262 1728 et
275 1700 395 1731 vocavit,
414 1703 442 1726 et
455 1699 650 1731 sanctiiieavit,
671 1703 698 1726 et
710 1699 817 1731 dilexit,
836 1705 863 1726 et
878 1707 932 1726 non
944 1699 1025 1726 derc-

226 1746 357 1782 liquit;et
369 1745 569 1777 corroboravit,
580 1749 608 1772 et
617 1745 698 1780 juvit,
712 1749 740 1772 et
750 1745 1025 1782 eonﬁrmavitﬂextra

227 1799 276 1821 sua
285 1791 433 1818 maximaet
441 1790 802 1826 potentissima.Respondc,
810 1791 872 1826 quis
881 1791 960 1819 modo
970 1791 1027 1826 glo—

229 1837 365 1869 riﬁcatur,
379 1837 442 1872 quis
453 1840 559 1872 regnat,
579 1838 641 1871 quis
654 1836 736 1864 fortis
747 1842 789 1864 est
801 1842 829 1864 et
848 1837 1026 1872 praepotens?

227 1880 287 1908 Non
305 1881 387 1913 alius,
406 1887 487 1916 quam
516 1880 596 1908 JcSus
611 1879 739 1908 Christus
756 1880 888 1908 Dominus
903 1888 981 1908 meus
999 1885 1026 1908 et

228 1927 310 1955 Deus.
322 1927 381 1954 Non
394 1935 453 1959 vos,
467 1927 585 1960 llebrzei,
597 1927 718 1954 maximo
733 1927 839 1962 pudore
851 1931 878 1954 et
891 1927 1026 1954 dedecore

227 1981 260 2001 ac
273 1974 376 2008 probro
390 1974 498 2001 confusi
510 1974 589 2007 estis,
606 1977 636 2000 ut
653 1973 700 2008 qui
715 1974 742 2001 in
760 1974 849 2008 ipsum
867 1974 1026 2001 incursave-

228 2017 301 2049 ritis,
319 2021 348 2044 et
364 2017 486 2052 graviter
500 2018 638 2045 adversati
651 2017 740 2045 estis?
756 2017 852 2045 Nonne
863 2018 931 2044 estis
946 2022 975 2044 ut
986 2018 1025 2046 illi

227 2063 276 2098 qui
299 2071 354 2090 non
371 2064 457 2090 sunt?
473 2063 524 2090 Ubi
538 2063 620 2091 etiam
638 2072 712 2091 nunc
733 2064 948 2099 conspicimini?
973 2064 1026 2094 Vos

226 2109 287 2144 eius
300 2109 348 2144 qui
361 2110 437 2136 cruci
449 2109 648 2143 fuitconﬁxus,
665 2110 875 2146 inimici,ipsum
889 2110 1024 2148 quieritis,

226 2160 321 2183 etnon
338 2155 471 2183 invenitis
489 2165 494 2182 :
512 2161 660 2191 propterea
676 2156 749 2191 quod
763 2157 962 2184 contumeliose
975 2156 1024 2184 de-

1069 233 1115 259 καὶ
1129 232 1166 268 μὴ
1182 231 1366 259 πιστεύσαντα.
1379 231 1443 266 ἔθνη
1459 232 1498 262 είς
1510 231 1555 258 τὸν
1568 231 1696 266 Χριστὸν,
1707 232 1859 259 τύπτουσιδ

1069 279 1151 314 ὑμᾶς,
1169 279 1217 305 καὶ
1232 278 1269 310 ὡς
1282 278 1407 312 παίγνιον
1423 277 1570 313 κέκτηνται
1586 286 1594 310 ς
1612 278 1689 305 Κατὰ
1705 279 1781 305 ποῖον
1794 279 1859 313 τρό-

1069 334 1120 352 πον
1142 325 1295 359 λαμὸάνετε
1323 325 1402 359 ὑμεῖς
1421 324 1524 359 ἀρτίως
1551 324 1627 360 ἰσχὺν
1649 324 1725 360 παρὰ
1743 324 1858 359 Κυρίου.

1067 371 1196 398 τοσοῦτον
1223 371 1394 406 ὑπάρχοντες
1419 371 1574 406 ἁνίσχυροι,
1596 371 1637 398 ὅτι
1666 371 1721 398 οὐδ’
1737 371 1773 398 ἂν
1797 371 1859 406 ἴσην

1068 415 1201 447 κώνωπος
1211 415 1280 451 πρὸς
1292 416 1322 442 τὸ
1334 416 1443 442 δάκνειν
1457 417 1520 447 τοὺς
1534 415 1648 451 ἐχθροὺς
1667 416 1744 451 ὑμῶν
1757 416 1860 451 κέκτη-

1069 462 1119 488 σθε
1145 462 1279 497 δύναμιν;
1315 461 1366 488 ποῦ
1395 462 1423 488 δὲ
1452 462 1602 497 καθορᾶται
1625 462 1727 497 ἀρτίως
1753 462 1861 497 βοηθῶν

1069 508 1133 543 ὑμῖν
1150 509 1253 544 Κύριος
1268 517 1274 540 ;
1302 508 1363 534 Ἐπὶ
1381 508 1433 534 τίνι
1451 508 1597 542 πράγματι
1613 516 1621 540 ;
1635 508 1681 534 ἐπὶ
1700 508 1755 534 τίνι
1778 508 1860 534 ἀπεί-

1069 554 1130 581 θεια
1149 554 1226 590 (97);
1245 553 1292 580 ἐπὶ
1318 553 1386 588 ποίῳ
1411 553 1483 587 δόξα,
1502 553 1518 588 ἢ
1545 553 1623 588 τιμὴ,
1645 554 1662 589 ἢ
1694 553 1859 587 δυναστείας

1070 601 1127 627 Οὐκ
1158 598 1184 626 εἴ
1207 600 1275 637 ὡσεὶ
1305 599 1404 631 σποδὸς
1427 599 1475 626 καὶ
1502 599 1540 631 ὡς
1556 599 1655 634 ὁμίχλη
1670 599 1700 626 τὺ
1713 599 1860 635 πρόσωπον

1068 647 1258 682 τεταγμένος;
1285 646 1351 673 Ἰδοὺ
1371 648 1396 673 ot
1420 646 1553 681 Ἑϐραῖοι,
1579 647 1633 672 ἰδοῦ
1650 646 1696 672 καὶ
1713 647 1746 673 σὺ
1766 646 1859 678 αὑτός.

1075 693 1215 720 Ἰδέτωσαν
1240 691 1287 720 οὖν
1312 692 1348 719 τὰ
1369 693 1505 727 πρόσωπα
1531 692 1610 726 ὑμῶν
1638 693 1662 719 at
1691 692 1859 727 βουλόμενοι.

1069 740 1126 766 Οὐκ
1151 739 1205 766 εἰσὶ
1228 739 1320 771 κόνις;
1337 739 1367 764 οὐ
1394 738 1531 772 πεφύκασι
1553 738 1666 773 τέφρας
1687 737 1789 770 πόθεν;
1811 737 1862 763 Ἐκ

1069 784 1116 811 τοῦ
1138 784 1176 819 μὴ
1187 782 1256 811 εἶναι
1274 784 1355 819 χάριν
1368 784 1403 810 ὲκ
1415 784 1482 810 Θεοῦ
1501 778 1531 810 ὲιί
1542 785 1618 817 ὑμῖν,
1640 784 1668 810 ὲν
1682 782 1720 818 τῷ
1735 783 1772 817 μὴ
1787 782 1862 818 ἔχειν

1072 830 1144 865 ὑμᾶς
1168 830 1282 864 Πνεῦμα
1311 830 1401 863 ἅγιον.
1419 830 1469 857 Διὰ
1490 830 1539 864 τὴν
1560 829 1689 856 ἀπιστίαν
1709 828 1785 863 ὑμῶν
1812 828 1863 855 καὶ

1072 876 1273 911 κακοπραγίαν,
1290 877 1340 902 οὐκ
1353 876 1413 903 ἐστὲ
1427 876 1610 911 διεσχισμέιιοι
1627 875 1673 902 ἀπ’
1685 875 1807 910 ἀλλήλων
1821 876 1864 906 εἰς

1070 923 1104 949 τὰ
1123 922 1230 957 πέρατα
1245 922 1295 957 τῆς
1312 922 1486 957 οἰκουμένης,
1503 923 1568 948 (insi
1584 921 1740 956 διερῤωγὼς
1752 920 1863 955 χιτωνί-

1073 979 1148 1003 σκος,
1168 970 1216 997 καὶ
1245 970 1310 996 ὡσεὶ
1339 970 1446 1003 ἱμάτιον
1466 969 1714 1003 πεπαλαιωμένον;
1743 968 1812 994 Πότε
1832 967 1862 993 δὲ

1072 1015 1246 1050 ῂτχύνῦησαν
1272 1015 1320 1042 καὶ
1351 1015 1542 1050 ἐνετράπηπσν
1573 1014 1674 1045 πάντες
1705 1014 1763 1040 ὅσοι
1792 1012 1862 1048 πρὸς

1073 1061 1146 1095 ὑμᾶς
1159 1059 1381 1094 ὴναντιώί)ησαν;
1396 1059 1450 1085 Ποῦ
1466 1059 1534 1086 εἰσὶν
1546 1059 1584 1090 ὡς
1595 1059 1645 1085 οὐκ
1658 1058 1736 1090 ὄντες
1747 1058 1771 1084 ol
1784 1057 1863 1092 ὑμῶν
1878 1086 1880 1088 _

1073 1105 1203 1132 ἀντίδικοι
1221 1113 1228 1137 ;
1247 1105 1314 1131 Πότε
1329 1106 1357 1131 δὲ
1372 1105 1523 1141 ἐζητήσατε
1540 1105 1648 1137 αὐτοὺς,
1664 1104 1710 1132 καὶ
1721 1105 1770 1139 οὐχ
1783 1104 1863 1139 εὑρέ-

1075 1151 1180 1186 θησανς
1202 1150 1257 1177 Ποῦ
1269 1151 1297 1178 δὲ
1314 1151 1329 1177 ὁ
1343 1139 1532 1186 Θεὸςγκρατῶν
1548 1151 1597 1185 τῆς
1611 1150 1700 1182 δεξιᾶς
1711 1150 1800 1185 ὑμῶν,
1813 1151 1863 1176 καὶ
1875 1139 1888 1162 τ
1906 1139 1909 1152 Ὺ

1073 1196 1178 1232 ὁδηγῶν
1192 1197 1266 1232 ὑμᾶς
1276 1197 1321 1224 ὲπί
1333 1206 1386 1224 τινι
1399 1198 1570 1232 εὐτυχήματι
1585 1205 1594 1231 ;
1607 1197 1662 1223 Ποῦ
1676 1197 1704 1223 δὲ
1726 1189 1872 1232 χρηματί-Γ
1890 1191 1914 1223 ’ζ

1073 1242 1152 1274 ζεται
1165 1242 1221 1278 (98)
1236 1243 1284 1269 καὶ
1302 1243 1368 1269 ὡσεὶ
1388 1242 1496 1278 σκώληξ
1517 1243 1760 1278 τεταπεινωμένος,
1778 1243 1792 1269 ὸ
1807 1242 1864 1268 τῶν
1874 1238 1885 1257 Γπ

1080 1287 1214 1315 Ἰουδαίων
1234 1289 1350 1324 σοϐαρός
1370 1297 1399 1315 τε
1423 1289 1469 1316 καὶ
1492 1288 1681 1324 λιθοκάρδιος;
1697 1289 1753 1316 Ποῦ
1769 1289 1798 1315 δὲ
1813 1287 1881 1315 καὶῖ
1906 1298 1918 1309 ιι

1073 1334 1209 1368 ὀλιγοστοὶ
1239 1335 1442 1370 χρηματίζετε,
1468 1335 1517 1362 καὶ
1549 1336 1599 1370 τὴν
1625 1335 1760 1370 λύτρωσιν
1787 1335 1876 1369 παρὰί
1894 1331 1920 1366 ’ζ’

1073 1381 1179 1416 Κυρίου
1191 1382 1366 1416 κεκτημένοι,
1380 1382 1405 1407 οί
1414 1381 1442 1407 ἐν
1455 1381 1530 1418 πάσῃ
1539 1383 1571 1416 τῇ
1579 1383 1614 1417 γῇ
1625 1382 1691 1407 ὡσεὶ
1704 1383 1798 1417 ἀκρεῖς
1805 1382 1878 1418 (99)'
1898 1383 1911 1409 ν’

1074 1427 1238 1462 καθήμενοι,
1253 1427 1300 1454 καὶ
1316 1427 1393 1464 παρὰ
1407 1428 1516 1455 πάντων
1529 1427 1728 1462 ὲμπτυόμενοι.
1745 1429 1792 1454 καὶ
1809 1424 1890 1462 μη-η¹

1074 1473 1170 1508 δεμίστν
1181 1474 1317 1508 λύτρωσιν
1334 1474 1409 1510 παρὰ
1422 1475 1525 1509 Κυρίου
1537 1474 1694 1509 δεχόμενοι;
1711 1474 1827 1509 Ἀπατᾷ,
1841 1471 1872 1500 ait
1896 1466 1904 1498 Ξ
1949 1475 1950 1486 ‘

1082 1519 1191 1554 Ἐρΰᾶν.
1203 1519 1296 1547 Ταῦτα
1306 1519 1360 1554 γὰρ
1376 1519 1497 1555 περὶτοῦ
1514 1520 1582 1555 ἐμοῦ
1600 1520 1719 1555 Χριστοῦ
1733 1521 1779 1546 καὶ
1791 1510 1877 1547 Θεοῦὶ
1910 1511 1914 1521 ’

1074 1567 1087 1592 ὁ
1103 1567 1247 1602 προφήτης
1270 1566 1390 1602 ᾐνίξατο.
1416 1567 1471 1593 Καὶ
1492 1565 1633 1600 ἐξελέξατο
1656 1566 1735 1593 αὐτὸν
1749 1567 1763 1592 ὁ
1786 1562 1907 1599 Θεὺςμῖ

1074 1611 1121 1637 καὶ
1148 1610 1271 1642 ἐκάλεσε,
1290 1611 1338 1637 καὶ
1364 1610 1480 1645 ἡγίασε,
1496 1611 1543 1637 καὶ
1568 1611 1706 1645 ἠγάπησε,
1740 1611 1787 1637 καὶ
1813 1603 1901 1636 οὐκ(
1949 1609 1950 1612 “

1074 1657 1248 1690 ἐγκατέλιπε,
1262 1657 1310 1683 καὶ
1325 1656 1463 1691 ἐνίσχυσε,
1479 1657 1526 1683 καὶ
1542 1657 1687 1691 ἐϐοήθησε,
1702 1657 1750 1683 καὶ
1775 1657 1866 1691 ἡσφοι-
1884 1673 1887 1676 -

1074 1702 1168 1729 λίσατο
1183 1703 1216 1737 τῇ
1235 1702 1311 1738 δεξιᾷ
1331 1702 1414 1729 αὑτοῦ
1432 1704 1466 1738 τῇ
1485 1703 1611 1737 μεγίστῃ.
1634 1702 1809 1737 Ἀποκρίοητι
1822 1703 1865 1734 τίς

1075 1749 1177 1784 ἀρτίως
1197 1748 1358 1780 δοξάζεται,
1375 1747 1416 1780 τίς
1435 1748 1582 1782 βασιλεύει,
1599 1748 1641 1779 τίς
1661 1749 1733 1774 ἐστιν
1756 1747 1865 1782 ἰσχυρὸς
1888 1765 1890 1769 ι

1075 1795 1122 1822 καὶ
1138 1794 1370 1831 μεγαλοδύναμος,
1385 1794 1471 1830 ἀλλ’ἢ
1489 1794 1593 1830 Ἰησοῦς
1607 1795 1724 1829 Χριστὸς
1736 1795 1750 1820 ὁ
1763 1793 1867 1830 Κύριός
1888 1826 1893 1828 _
1916 1823 1919 1826 ν

1077 1850 1126 1877 μου
1149 1842 1195 1868 καὶ
1208 1841 1293 1874 Θεὸς;
1312 1841 1369 1867 Οὐκ
1383 1841 1443 1867 ἕστε
1464 1841 1553 1875 ὑμεῖς,
1570 1841 1596 1867 ot
1619 1840 1750 1875 Ἑϐραῖοι,
1768 1841 1797 1866 ὲν
1819 1836 1867 1866 at;
1882 1844 1885 1847 ‘

1076 1887 1160 1923 σχύνῃ
1174 1888 1220 1914 καὶ
1236 1888 1265 1914 ὲν
1281 1888 1368 1922 τροπῇ
1384 1887 1511 1922 μεγίστῃ,
1522 1887 1560 1918 ὡς
1570 1887 1763 1918 ἀντι-πεσόντες
1773 1887 1865 1921 αὐτῷ,
1882 1887 1886 1890 ⁴
1912 1920 1915 1923 ι

1076 1931 1124 1958 καὶ
1151 1931 1244 1967 ἀκμὴν
1268 1932 1470 1966 ἁντικείμενοις
1504 1931 1541 1958 οὐ
1569 1932 1710 1965 πεφύκατε
1740 1932 1778 1963 ὡς
1814 1932 1866 1958 οὐκ

1075 1977 1168 2010 ὕντεςς
1187 1977 1240 2003 Ποῦ
1257 1977 1312 2012 γὰρ
1339 1977 1387 2004 καὶ
1408 1976 1579 2013 καθορᾶσοε;
1595 1978 1705 2011 Ζητείτε
1725 1978 1750 2004 οἱ
1771 1977 1868 2012 ἐχθροὶ
1884 1991 1887 1994 ‹

1076 2023 1122 2049 τοῦ
1144 2024 1365 2058 ὲσταυρωμένου,
1382 2023 1429 2050 καὶ
1454 2024 1503 2058 οὐχ
1529 2023 1681 2058 εὑρίσκετε,
1708 2023 1774 2049 διότι
1795 2032 1866 2058 rapo

1080 2069 1205 2104 ῳνήσατε
1234 2069 1445 2105 σταυρώσαντες
1471 2069 1517 2096 τὸν
1534 2069 1638 2096 δίκαιον
1651 2070 1698 2096 καὶ
1719 2069 1796 2103 ἅγιον
1819 2071 1868 2096 καὶ

1076 2115 1280 2150 ἀναμάρτητον.
1292 2116 1413 2142 Γίνωσκε
1425 2115 1472 2142 οῦν
1493 2115 1535 2142 ὃτι
1553 2115 1616 2151 περὶ
1627 2115 1703 2150 ὑμῶν
1716 2115 1867 2150 λελάληκεν
1905 2112 1908 2117 ’

1077 2161 1091 2187 ὀ
1103 2161 1257 2196 προφήτης,
1273 2161 1314 2188 ὅτι
1330 2161 1409 2188 Ἰδοὺ
1421 2161 1682 2196 αισχιυοθήσονται
1698 2161 1745 2188 καὶ
1761 2161 1866 2194 ἐντρα-

227 2201 352 2228 bacchati
367 2202 559 2237 estis,justum
578 2207 606 2229 et
619 2206 747 2229 sanctum
765 2207 793 2229 et
821 2203 996 2230 innocentem
1010 2223 1017 2235 ,

1072 2208 1223 2241 πήσονται
1237 2207 1350 2240 πάντες
1363 2209 1390 2235 ol
1409 2208 1610 2242 ἀντικείμενοι
1623 2216 1683 2234 σοι.
1702 2207 1795 2239 Οὐδεὶς
1810 2204 1880 2242 γὰρ’

227 2248 372 2282 omnisque
384 2247 488 2282 peccati
502 2253 643 2282 expertem
657 2248 782 2282 patibulo
795 2248 955 2284 deiigentes.
969 2248 1021 2275 Co—

226 2299 330 2325 gnosce
347 2291 440 2326 igitur,
458 2292 532 2326 quod
545 2292 578 2319 de
590 2292 670 2319 vobis
686 2293 794 2320 locutus
806 2298 848 2320 est
864 2293 998 2328 propheta
1013 2302 1020 2320 :

228 2337 391 2363 Erubescent
411 2342 435 2362 et
461 2337 657 2371 confundenlur
676 2346 765 2364 omnes
782 2339 826 2372 qui
848 2338 1023 2365 adversantur

228 2386 284 2412 tibi.
299 2385 396 2412 Nullus
410 2385 483 2412 enim
501 2385 643 2411 hominum
660 2389 713 2411 tam
728 2385 867 2412 hostiliter
881 2390 908 2412 et
923 2385 1023 2412 acerbe

228 2431 390 2458 adversatur
401 2431 518 2458 Domino
531 2439 590 2458 meo
602 2431 665 2458 Jcsn
676 2430 796 2461 Christo,
809 2439 891 2466 quam
905 2439 951 2459 vos
970 2431 1017 2466 qui

227 2476 295 2503 estis
317 2477 512 2507 exscerabiles.
529 2475 637 2511 perﬁdi,
662 2476 798 2503 inﬁdeles.
818 2477 886 2504 Nam
902 2485 935 2504 ex
959 2477 1020 2516 aliis

227 2522 312 2549 sectis
328 2523 374 2556 qui
392 2523 531 2550 obsistunt
544 2531 576 2549 ac
592 2523 768 2554 renituntur,
782 2523 808 2550 in
826 2528 903 2558 parte
917 2525 1020 2559 aliqua,

227 2567 250 2593 si
261 2567 404 2594 vobiscum
414 2572 621 2602 comparentur,
634 2569 658 2595 ei
670 2568 860 2596 adversantur.
874 2570 913 2597 Nc
927 2570 1022 2606 igitur,

1071 2253 1200 2281 τοσοῦτον
1217 2254 1370 2280 ἀντίκειται
1385 2253 1424 2289 τῷ
1440 2255 1536 2289 Κυρίῳ
1552 2263 1602 2288 μου
1622 2253 1712 2289 Ἰησοῦ
1733 2253 1846 2288 Χριστῷ
1859 2264 1877 2284 ,ν

1072 2300 1110 2331 ὡς
1123 2300 1212 2335 ὑμεῖς.
1228 2301 1252 2326 οἱ
1269 2299 1478 2335 ἐπικατάρατοι,
1492 2300 1517 2326 οι
1528 2300 1647 2326 ἄπιστοι.
1664 2299 1697 2326 Οἱ
1709 2299 1762 2334 γὰρ
1772 2300 1803 2325 εκ
1812 2295 1880 2325 τῶν’
1904 2320 1906 2322 ,

1074 2345 1163 2372 ἄλλων
1187 2345 1322 2380 αἱρέσεων
1348 2346 1569 2376 ἀντιπίπτοντες,
1592 2344 1713 2379 μερικῶς
1737 2343 1775 2374 ὡς
1797 2345 1907 2379 πρξιςλλδ

1073 2391 1146 2426 ὑμᾶς
1163 2390 1347 2417 ἐναντιοῦνται
1362 2390 1446 2426 αὐτῷ.
1459 2390 1514 2417 Καὶ
1528 2390 1626 2425 μηκέτι
1638 2388 1803 2425 λογοτριϐῶν
1818 2397 1868 2415 πε-

1074 2437 1169 2473 ριάγου
1195 2447 1250 2473 μοι.
1265 2434 1287 2464 ὦ
1309 2437 1430 2465 Ίουδοιῖε.
1456 2436 1628 2472 Ὀφθαλμοὺς
1642 2437 1696 2472 γάρ
1719 2444 1763 2471 μοι
1784 2432 1891 2473 δέδωοξ

1074 2491 1122 2509 κεν
1134 2484 1148 2509 ὁ
1162 2483 1229 2514 Θεὸς
1242 2485 1365 2519 νοεροῦς,
1379 2484 1425 2510 καὶ
1443 2483 1606 2515 κατοπτεύω
1625 2483 1673 2518 τὴν
1694 2483 1723 2508 ὲν
1733 2481 1772 2517 τῷ
1789 2469 1921 2516 ﬁdem/:1

1076 2529 1125 2563 τῆς
1135 2529 1216 2563 ἁγίας
1227 2530 1339 2564 Γραφῆς
1355 2529 1485 2564 κειμένην
1498 2529 1638 2564 ἀλήθειαν.
1648 2528 1684 2554 Σὺ
1699 2528 1727 2555 δὲ
1743 2527 1866 2562 τυφλώτ-

329 2575 404 2594 scum
414 2574 621 2602 comparentur,
634 2576 658 2595 et
670 2574 860 2596 adversantur.
875 2574 913 2597 Nc
927 2574 1022 2606 igitur,
1077 2583 1142 2607 των,
1159 2575 1286 2602 δελεάσαι
1302 2584 1335 2609 με
1354 2576 1384 2601 οὺ
1398 2575 1512 2612 δυνήσῃ.
1793 2578 1809 2589 ί
1828 2595 1848 2607 ρ
1863 2574 1872 2580 '
1882 2596 1899 2603 ι

231 2620 250 2640 o
267 2613 376 2644 Iudaee,
413 2621 570 2641 sermonem
599 2614 628 2641 in
651 2623 753 2642 vanum
777 2621 924 2644 conterens
950 2618 1154 2648 circumducas.
1174 2621 1243 2649 Nam
1263 2622 1330 2649 mihi
1363 2622 1435 2650 Deus
1461 2622 1538 2650 dedit
1571 2623 1667 2650 oculos
1692 2620 1817 2649 eruditos
1841 2626 1870 2648 et
1890 2652 1901 2657 β

228 2660 423 2694 intelligentes,
447 2661 548 2695 quibus
566 2669 617 2697 ego
635 2662 717 2690 etiam
749 2663 774 2689 in
808 2664 946 2697 profundo
962 2673 1046 2694 sacra:
1069 2667 1219 2704 Scriptura:
1230 2669 1436 2697 delitescentem
1446 2669 1589 2697 veritatem
1599 2667 1866 2704 penitusperspicio.

227 2704 269 2733 Tu
284 2714 350 2734 vero
363 2708 512 2736 cazcutiens
524 2708 649 2737 inescare
664 2718 708 2737 me
721 2718 777 2737 non
792 2713 907 2745 poteris.

993 2768 1110 2797 ΝΟΤᾹῖ.

263 2810 319 2848 (αξη)
335 2812 377 2838 Al.
395 2811 531 2848 ἀπειθείᾳ.
548 2812 630 2848 Forte
643 2812 796 2848 εὐπειθείᾳ.
813 2813 916 2842 Coms.

263 2846 318 2882 (98)
339 2846 555 2881 Χρηματίζεται.
585 2847 664 2874 Forte
680 2846 858 2883 χρηματίζει.
877 2849 916 2876 In.

1116 2815 1171 2850 (99)
1198 2815 1322 2849 ‘Axps-e‘c.
1346 2816 1427 2844 Forte
1443 2815 1620 2851 ἁκρίδες.ίο.

1942 2523 1950 2548 1
