1967 3091
165 135 216 168 687

646 140 676 170 S.
703 139 913 170 GREGENTII
933 138 1050 170 EPISC.
1070 138 1332 169 TAPHARENSIS

1484 132 1497 144 ‘
1750 138 1805 170 685
1824 179 1826 182 _

166 194 243 223 Sioni
258 202 318 229 quae
332 202 450 230 superna
465 200 517 228 est,
540 195 659 223 Domino
679 204 741 224 meo
762 197 829 225 .lesu
846 196 947 224 Chrisll

1011 196 1086 223 κάτω
1102 198 1150 231 τῆς
1163 196 1220 223 ἄνω
1235 196 1316 226 Σιων,
1334 193 1374 230 τῷ
1390 194 1487 230 Κυρίῳ
1505 203 1554 230 μου
1576 194 1663 230 Ἰησοῦ
1691 196 1803 231 Χριστῷ
1824 193 1826 207 "
1842 219 1845 221 .

165 245 309 276 postquam
322 241 449 268 credidit.
468 242 516 269 Die
529 242 595 269 mihi
612 247 651 274 tn,
667 244 744 270 estne
769 243 846 270 locus
857 243 909 269 sub
921 249 954 269 ea

165 295 226 322 quae
246 287 452 322 supercmlestis
475 293 518 315 est
535 288 612 319 Sion.
632 289 659 315 in
678 285 734 323 quo
755 289 879 316 ecclesia;
899 296 953 315 non

164 333 284 360 sintDeo
297 333 427 360 cruciﬁxo
441 333 538 361 dicata:
550 338 577 361 ct
591 334 777 361 eonseeratm?
789 334 954 368 Spiritaliter

164 377 239 405 e:.im
267 386 310 405 res
339 379 542 414 intelliguntur,
567 384 595 406 et
615 387 670 406 non
697 379 855 406 carnaliter.
874 379 952 412 Quod

164 429 255 451 autem
266 424 370 452 dictum
383 430 424 452 est
436 426 605 453 Obumbrabit
632 425 739 458 nebula,
753 426 804 452 hoc
814 425 875 452 ideo
887 425 954 452 scri-

163 475 240 505 ptum
256 476 308 503 est,
321 472 382 507 quia
393 472 503 506 quando
519 472 728 499 transformatus
743 476 786 499 est
799 476 827 498 et
842 471 952 498 transﬁ-

163 522 277 552 guratus
288 518 315 545 in
332 522 426 546 monte
437 518 548 545 Thabor
560 526 652 546 coram
663 518 720 546 suis
731 517 883 552 discipulis,
898 525 952 544 nu-

163 562 213 590 bes
224 563 314 590 lucida
330 563 507 590 obumbravit
522 563 605 598 ipsos.
618 563 652 590 Et
662 564 762 590 iterum
777 571 840 590 cum
855 563 881 589 in
896 571 951 590 cu:-

161 609 218 636 lum
237 610 295 644 ipse
319 614 476 644 assumptus
489 614 540 643 est,
559 610 691 644 scriptum
707 614 759 642 est,
774 610 847 644 quod
863 609 951 636 nubes

161 654 294 681 subduxit
310 655 400 689 ipsum
418 663 451 681 ex
466 655 555 682 oculis
582 655 782 690 discipulorum
800 656 868 690 ejus.
892 655 950 681 lloc

160 704 254 727 autent
269 700 343 734 quod
356 700 490 735 propheta
501 701 639 733 clamavit,
654 701 720 734 fumi
736 701 831 732 instar,
846 705 869 727 et
881 701 949 735 ignis

161 749 239 772 noctu
261 745 389 778 ardentis,
414 746 528 780 etquod
544 746 622 774 Omni
642 746 728 782 gloria
756 746 896 777 velabitur,
921 746 948 774 id

160 791 303 819 declarat:
332 792 384 819 hoc
413 792 536 827 quidem,
566 793 642 828 fumi,
671 797 782 828 propter
806 793 948 828 caliginem

160 845 221 872 qua:
233 842 324 864 mente
335 837 500 873 percipitur,
518 846 616 873 nempe
632 846 744 873 corpus,
763 838 837 873 quod
856 839 948 866 ferens

1009 241 1169 273 πιστεύσας.
1191 241 1366 276 ’Λνάγγειλον
1388 241 1417 267 δέ
1450 250 1494 276 μοι
1521 242 1613 274 αὐτὸς,
1637 241 1696 268 ἐστι
1718 243 1801 274 τόπος

1009 288 1139 314 ὑποκάτω
1165 289 1215 323 τῆς
1231 288 1276 313 ὑπ’
1290 287 1416 322 οὐρανὸν,
1435 288 1464 314 ὲν
1479 283 1500 321 ᾧ
1524 287 1669 323 ἐκκλησίαι
1698 289 1730 314 οὺ
1751 297 1799 314 πει
1815 297 1822 302 ν

1009 333 1112 367 φύκασι
1134 333 1174 368 τῷ
1198 333 1402 369 ὲσταυρωμένῳ
1419 333 1497 368 Θεῷ;
1524 333 1722 368 Πνευματικῶς
1744 337 1800 370 γὰρ

1007 379 1132 406 νοοῦνται
1149 379 1183 405 τὰ
1196 379 1359 414 πράγματα,
1382 380 1429 405 καὶ
1447 379 1477 406 οὐ
1496 380 1672 414 σωματικῶς.
1690 380 1753 406 ’Ότι
1770 380 1799 406 δὲ

1007 425 1115 460 εἴρηται
1131 424 1255 451 Σκιιὶσει
1273 424 1328 459 (60)
1345 424 1469 458 νεφέλη,
1482 424 1649 459 γέγραπται,
1661 425 1702 450 ὅτι
1716 425 1799 459 ἡνίκα
1834 455 1836 459 ι

1008 469 1211 505 μετεμορφώθη
1227 470 1276 496 ἐπὶ
1291 470 1339 496 τεῦ
1357 470 1435 505 ὅρους
1449 469 1550 504 Θαὸὼρ
1564 471 1634 507 κατᾲ
1650 470 1798 506 πρόσωπον

1005 516 1060 542 τῶν
1084 515 1214 550 μαθητῶν
1240 515 1335 548 αὑτοῦ,
1354 515 1454 550 νεφέλη
1485 516 1604 550 φωτεινὴ
1630 516 1798 542 ἐπεσκίασεν

1006 561 1116 593 αὐτούς.
1133 562 1188 588 Καὶ
1203 563 1231 587 ἐν
1246 561 1284 596 τῷ
1300 560 1491 597 ἀναληφθῆναι
1504 562 1585 588 αὐτὸν
1598 562 1681 589 πάλιν
1696 563 1737 594 εἰς
1752 563 1799 589 τὸν

1004 607 1129 642 οὐρανὸν,
1142 608 1310 642 γέγραπται,
1321 608 1363 634 ὅτι
1380 608 1479 643 νεφέλη
1498 607 1632 634 ὑπέλαϐεν
1648 608 1730 634 αὐτὸν
1745 609 1799 635 ἀπὸ

1003 653 1058 679 τῶν
1072 653 1218 688 ὀφθαλμῶν
1227 653 1279 679 τῶν
1293 653 1422 688 μαθητῶν
1435 653 1528 680 αὑτοῦ.
1537 653 1574 680 Τὸ
1584 654 1622 684 δὲ.
1634 654 1688 680 Καὶ
1698 655 1738 686 ὡς
1747 662 1799 680 κα-

1004 698 1082 725 πνοῦ
1093 698 1142 724 καὶ
1152 699 1191 730 ὡς
1205 699 1303 732 φωτὸς
1315 699 1410 733 πυρὸς
1421 699 1531 732 νυκτὸς
1542 699 1713 733 καιομένου,
1725 698 1798 733 ἐφώ-

1003 754 1084 781 νησεν
1100 745 1113 772 ὁ
1133 747 1286 781 προφήτης,
1302 746 1349 773 καὶ
1369 747 1410 773 ὅτι
1429 746 1516 780 [Idan
1531 745 1568 780 τῇ
1587 746 1662 780 δόξῃ
1683 755 1798 773 σκεπα-
1838 749 1842 753 ’

1003 791 1159 824 σθήσεται,
1178 792 1258 818 τοῦτο
1273 793 1301 818 δὲ
1317 793 1393 827 δηλοῖ
1406 803 1412 808 -
1429 793 1460 819 τὸ
1480 793 1539 827 μὲν,
1550 793 1679 825 καπνοῦ,
1691 793 1736 818 διὰ
1751 793 1797 819 τὸν
1810 794 1828 822 Γ.

1003 838 1103 872 γνόφον
1119 838 1193 872 λέγει
1209 839 1254 864 τὸν
1273 839 1368 874 νοητὸν
1386 839 1445 874 ἦτοι
1463 839 1553 873 σῶμα,
1578 839 1592 865 ὃ
1617 840 1707 874 φορῶν
1731 840 1798 865 ὲκᾴ-
1847 842 1849 844 ’

161 883 269 910 velabat
292 883 465 911 divinitatem
493 884 528 911 ab
551 884 638 912 oculis
653 884 766 917 vestris,
793 884 840 918 qui
864 883 947 911 Judaei

1003 884 1088 910 λυπτε
1102 884 1151 920 τὴν
1164 885 1280 918 θεότητα
1290 884 1344 911 ἀπὸ
1358 884 1437 919 ὑμῶν
1448 884 1501 910 τῶν
1515 885 1639 911 ἀπίστων
1648 884 1794 916 Ἰουδαίων,

160 929 226 956 cstis
237 921 408 957 increduli-et
417 930 583 966 pervicaces,
593 929 669 964 signa
680 929 794 960 faciens,
805 937 839 956 ne
849 937 862 956 a
873 929 951 956 vobis

159 981 384 1011 cognosceretur,
408 980 439 1003 ut
464 976 539 1011 quod
557 976 626 1003 dixit
644 976 738 1009 Isaias,
756 975 948 1010 adimplcatur,

160 1022 232 1056 quod
250 1022 388 1049 Induravit
402 1023 623 1058 coripsorum“,
647 1026 675 1049 et
698 1029 759 1057 qua:
784 1027 947 1056 sequuntur.

160 1068 193 1094 Et
208 1067 293 1094 David
308 1077 314 1094 :
332 1067 369 1094 Et
384 1068 470 1103 posuit
484 1066 603 1093 tenebras
617 1067 651 1098 ¹’,
665 1075 764 1102 nempe
779 1075 889 1102 corpus,
907 1067 949 1094 Ιίι-

160 1113 272 1141 tibulum
287 1122 386 1140 suum:
405 1113 431 1140 id
443 1117 494 1145 est,
512 1114 571 1148 ejus
581 1113 701 1146 deitatis,
721 1121 757 1141 ne
770 1113 894 1141 videatur
914 1114 948 1141 ab

159 1159 323 1186 incredulis.
338 1159 441 1186 Fumus
468 1163 572 1191 autem,
603 1158 630 1186 id
654 1163 696 1186 est
724 1159 854 1192 tenebrat,
879 1159 948 1186 nihil

159 1205 285 1241 permisit
313 1205 432 1237 edicere,
461 1213 544 1241 quam
567 1206 712 1233 oculorum
733 1206 820 1234 aciem
847 1205 948 1234 acriter

159 1251 344 1286 perstringere
357 1255 384 1278 et
400 1258 555 1278 exarmare:
573 1254 717 1285 propterea
737 1251 785 1285 qui
813 1250 889 1278 furno
904 1250 947 1277 in-

159 1298 285 1329 festatur,
309 1305 363 1324 non
389 1297 465 1324 aliud
488 1297 560 1324 clare
586 1303 711 1328 cernere,
739 1302 820 1331 quam
844 1296 947 1323 ollusas

158 1344 211 1371 sibi
239 1344 375 1371 tenebras.
401 1343 516 1378 Semper
543 1343 618 1370 enim
643 1343 717 1370 Deus
741 1343 946 1370 incredulorum

159 1394 267 1418 mentes
288 1396 315 1417 et
337 1389 532 1424 intelligentias
545 1392 671 1416 excaecat.
691 1388 780 1415 lnstar
794 1388 863 1416 lucis
877 1388 947 1424 ignis

158 1441 242 1463 noctu
260 1435 402 1471 ardentis,
430 1435 489 1469 ipse
503 1435 550 1461 lux
565 1438 624 1462 erat
641 1443 647 1461 :
663 1433 736 1469 quod
755 1434 839 1460 etiam
856 1433 943 1460 dixit:

158 1482 216 1517 Ego
231 1481 276 1508 lux
291 1482 318 1507 in
336 1481 464 1508 mundum
475 1481 533 1507 ueni
549 1480 581 1507 “.
601 1479 722 1507 Ardebat
736 1484 838 1513 autem,
850 1480 877 1507 id
893 1484 945 1512 est,

159 1526 307 1562 cll‘ulgebat
322 1527 461 1553 inaccessa
478 1530 506 1552 et
525 1525 599 1552 invia
619 1525 776 1557 divinitate,
799 1532 849 1560 per
869 1524 946 1560 signa

159 1572 342 1604 etmiracula,
361 1572 405 1599 his
423 1571 525 1598 Judaeis
543 1571 591 1606 qui
609 1575 666 1598 tum
687 1571 715 1598 in
727 1571 809 1605 hujus
820 1570 884 1597 vitm
896 1578 947 1597 no-

160 1623 203 1646 cte
219 1622 246 1645 et
258 1617 380 1645 tenebris
393 1617 589 1644 versabantur.
605 1617 675 1644 Illud
684 1624 760 1649 vero,
773 1617 845 1644 omni
860 1617 947 1652 gloria

160 1665 306 1700 obtegatur,
322 1664 374 1690 hoc
392 1663 524 1690 declarat.
539 1662 694 1691 Crucilixus
707 1663 781 1690 enim
799 1667 873 1690 tanta
890 1663 948 1698 glo-

161 1712 201 1738 ria
215 1718 229 1738 a
243 1711 299 1738 Deo
313 1711 394 1738 Patre
410 1710 565 1737 illustratus
581 1713 634 1742 est,
654 1713 683 1736 et
699 1710 728 1737 in
751 1713 825 1736 terra
844 1717 859 1736 a
875 1709 947 1736 veris

161 1756 320 1784 hominibus
335 1759 410 1783 tanto
426 1756 531 1782 honore
546 1755 702 1788 decoratus,
719 1759 750 1782 ut
760 1754 852 1782 omnia
864 1763 948 1790 regna

159 1812 220 1838 qua:
236 1803 287 1830 sub
304 1803 373 1830 coelo
390 1806 464 1834 sunt,
483 1802 567 1829 Deum
594 1802 682 1836 ipsum
697 1809 793 1828 verum
806 1805 834 1828 et
853 1800 958 1828 Domi--

162 1858 227 1876 num
238 1854 264 1877 et
275 1849 372 1876 herum
387 1853 415 1876 et
427 1856 519 1884 regem
534 1853 561 1875 et
578 1847 779 1882 redemptorem
796 1847 946 1874 contilcan—

160 1900 214 1928 tur,
239 1895 347 1926 colant,
370 1894 498 1926 adorent,
531 1893 556 1921 ei
576 1893 731 1928 supplicent
764 1897 792 1920 et
814 1892 945 1920 serviant.

158 1941 235 1974 Quod
254 1945 345 1967 autem
359 1940 436 1971 dicit,
453 1940 487 1966 Et
503 1941 551 1966 erit
569 1940 596 1966 in
608 1939 729 1966 umbram
746 1939 798 1966 diei
817 1939 849 1966 ab
868 1943 945 1972 testu,

158 1985 231 2011 diem
247 1984 358 2018 quidem
376 1983 444 2011 dicit
461 1983 612 2018 spiritalem
632 1983 833 2017 operationem:
849 1987 946 2011 aestum

157 2038 235 2062 vero,
247 2030 300 2057 tela
313 2029 425 2064 maligni
436 2029 529 2064 ignita.
544 2029 571 2056 Si
583 2028 693 2063 quidem
705 2029 838 2056 Dominus
846 2028 874 2056 in
885 2036 946 2055 om-

157 2076 240 2103 nibus
251 2075 349 2103 diebus
361 2075 453 2102 saeculi
463 2075 554 2111 hujus,
565 2075 622 2110 ipse
637 2075 944 2110 innumbrat,protegit,

158 2126 279 2153 tutatur,
308 2120 430 2147 custodit
455 2128 503 2147 eos
533 2120 580 2154 qui
618 2119 735 2154 diligunt
758 2120 847 2154 ipsum
867 2128 873 2146 :
890 2127 945 2146 non

155 2168 244 2194 solum
276 2167 310 2193 ab
339 2158 406 2193 :estu
433 2170 461 2192 et
490 2165 589 2192 ardore
622 2166 733 2200 maligni
777 2165 947 2193 inﬂamman-

156 2214 190 2240 tis
213 2213 318 2240 animas
337 2211 478 2238 hominum
503 2211 537 2238 ad
568 2211 738 2246 operandam
766 2211 942 2246 iniquitatem
959 2229 982 2256 υ

156 2259 270 2291 diaboli,
284 2265 380 2285 verum
391 2258 472 2285 etiam
487 2257 520 2284 ab
531 2257 643 2284 incursu
659 2261 687 2284 et
706 2257 842 2285 danuonio
857 2259 942 2285 meri-

155 2306 249 2338 diano,
267 2310 294 2333 et
306 2305 411 2339 reliqua
426 2304 569 2339 tyrannide
580 2304 695 2335 Satanae,
711 2312 771 2338 quae
781 2308 823 2331 est
836 2304 943 2332 dirities

155 2356 183 2379 et
198 2351 290 2387 pluvia
305 2350 435 2384 maligna.
455 2349 517 2376 llaec
530 2354 624 2375 autem
650 2354 752 2376 suntne
762 2348 944 2376 distorsiones

154 2402 331 2434 pra-postera.-
350 2402 378 2424 et
402 2396 530 2423 notiones
552 2395 677 2422 absurda:
699 2400 781 2430 atque
802 2403 944 2422 sermones

155 2445 280 2480 impuri?
298 2443 370 2475 llree,
386 2451 402 2470 ο
420 2443 560 2474 Ilerbane,
583 2442 622 2469 sic
652 2441 858 2476 interpretanda
879 2446 945 2468 sunt

155 2495 182 2518 ct
197 2488 393 2524 comparanda.
406 2488 443 2514 De
461 2487 604 2523 Synagoga
625 2490 718 2514 autem
746 2491 870 2513 vestrum
896 2486 943 2514 Ju-

154 2536 289 2567 d:corum,
311 2533 501 2561 animadverte
525 2540 650 2568 qua-nam
668 2533 848 2567 progrediens
870 2532 944 2560 idem

153 2581 289 2617 propheta
304 2581 330 2607 in
348 2587 397 2607 sua
411 2579 556 2614 prophetia
567 2579 666 2606 ellatur
680 2578 758 2604 :Ilwc
768 2583 857 2605 autem
872 2578 944 2605 ducit

153 2629 300 2656 Dominus:
315 2626 442 2654 Planlavi
466 2626 570 2652 vineam
588 2624 727 2651 Sorcch".
744 2623 847 2651 Sorech
861 2632 944 2659 expo-

155 2675 230 2702 nitur
241 2672 391 2703 mulleolus,
405 2672 462 2699 sive
477 2675 643 2699 sarmentum
661 2670 802 2696 dextrum:
816 2670 868 2696 hoc
882 2674 944 2697 erat

1005 932 1107 965 σημεῖα
1121 930 1207 956 τελῶν
1223 930 1270 956 τοῦ
1297 929 1334 965 μὴ
1354 930 1520 964 γνωσθῆναι,
1539 930 1583 956 ἵνα
1598 929 1729 965 πληρωθῇ
1748 931 1796 956 καὶ

1003 976 1021 1002 ἃ
1035 974 1112 1002 εἶπεν
1130 976 1260 1008 Ἡσαΐας⁷
1280 976 1323 1001 ὅτι
1338 975 1522 1009 Πεπώρωκεν
1538 975 1638 1002 αὐτῶν
1650 975 1708 1008 τὴν
1724 984 1795 1009 καρ-
1811 993 1813 995 ι

1003 1021 1082 1054 δίαν,
1098 1022 1147 1048 καὶ
1158 1023 1196 1048 τὰ
1211 1021 1284 1056 ἑξῆς.
1302 1022 1357 1048 Καὶ
1373 1021 1487 1052 ὁΔαϐῑδ,
1503 1022 1558 1048 Καὶ
1572 1021 1655 1047 ἕθετο
1671 1023 1792 1052 σκότος,

1003 1064 1088 1104 ἥγουν
1104 1069 1133 1094 τὸ
1161 1068 1253 1102 σῶμα,
1266 1067 1446 1102 ἀποκριιφὴν
1461 1067 1565 1099 αὑτοῦ,
1582 1067 1653 1094 τοῦτ’
1671 1067 1729 1093 ἔστι
1744 1068 1794 1102 τῆς

1003 1114 1132 1149 θεότητος
1150 1114 1243 1145 αὐτοῦ,
1260 1114 1312 1141 ἀπὸ
1325 1113 1379 1140 τῶν
1395 1113 1527 1140 ἀπίστων.
1549 1112 1659 1144 Καπνὸς
1681 1113 1709 1139 δὲ
1729 1113 1793 1139 σκό-

1002 1168 1059 1192 τος,
1077 1160 1153 1187 οὐδὲν
1181 1160 1272 1186 εἴασεν
1291 1160 1425 1194 ἐνεργεῖν,
1450 1158 1466 1194 ἢ
1488 1159 1550 1190 τοὺς
1564 1158 1721 1192 ὀφθαλμοὺς
1736 1158 1794 1190 δρι-

1003 1206 1115 1241 μύττειν
1131 1205 1179 1232 καὶ
1195 1206 1305 1240 τυφλείν
1316 1214 1322 1220 ·
1348 1205 1416 1240 πρὸς
1429 1205 1469 1237 τὸ,
1495 1204 1533 1239 μὴ
1561 1204 1651 1235 καλῶς
1666 1205 1732 1239 ὁρᾷν
1748 1204 1808 1231 τὸνπ

1001 1252 1215 1287 καπνιζὸμενον,
1232 1253 1247 1287 ἦ
1265 1252 1310 1278 τὸν
1329 1252 1426 1288 σκότον
1444 1251 1609 1285 βαλλόμενον
1636 1251 1719 1277 αὑτοῦ
1743 1251 1792 1286 ἔμ-

1001 1298 1130 1333 προσθεν.
1151 1298 1208 1324 Ἀεὶ
1223 1299 1277 1332 γὰρ
1297 1299 1311 1324 ὁ
1327 1297 1394 1328 Θεὸς
1411 1298 1466 1324 τῶν
1490 1297 1616 1324 ἀπίστων
1640 1298 1736 1331 τυφλοῖ
1757 1297 1791 1324 τὰ

1001 1342 1134 1377 νοήματα.
1156 1342 1201 1373 Ὠς
1229 1342 1257 1368 δὲ
1286 1342 1375 1376 φωτὸς
1400 1342 1486 1377 τιυρῆς
1505 1342 1654 1377 καιομένου
1681 1343 1791 1375 νυκτὸς,

1001 1388 1059 1422 φῶς
1082 1388 1163 1418 αὐτὸς
1188 1385 1238 1423 ἦν·
1263 1389 1304 1414 ὅτι
1332 1388 1360 1414 δὲ
1386 1388 1435 1414 καὶ
1453 1387 1556 1421 ἔλεγεν,
1579 1387 1652 1422 Ἐγὼ
1669 1387 1732 1422 φῶς
1748 1389 1810 1420 εις.

999 1433 1053 1461 τὸν
1069 1434 1186 1468 κόσμον
1198 1434 1344 1468 ἐλήλυθα.
1354 1434 1478 1460 Ἐκαίετο
1494 1434 1534 1465 δὲ,
1551 1434 1636 1469 ἤγουν
1652 1434 1791 1469 ἐξέλαμπε

999 1481 1032 1515 τῇ
1048 1481 1188 1516 ἀπροσίτῳ
1208 1481 1328 1516 θεότητι,
1355 1481 1400 1507 διὰ
1427 1480 1482 1506 τῶν
1515 1480 1638 1515 σημείων
1667 1481 1714 1507 καὶ
1736 1480 1791 1506 τῶν
1812 1479 1817 1497 Γ

1000 1525 1147 1561 Θαυμάτων
1164 1529 1221 1558 τοῖς
1237 1528 1266 1553 ἐν
1283 1527 1364 1554 νυκτὶ
1379 1526 1424 1553 τοῦ
1442 1526 1502 1561 βίου
1519 1526 1582 1553 τότε
1601 1526 1788 1561 χρηματίζου-
1800 1523 1805 1543 δ
1837 1551 1840 1554 .

1001 1581 1042 1599 σιν
1061 1572 1210 1605 Ἰουδαίοις.
1228 1573 1264 1599 Τὸ
1279 1573 1318 1605 δὲί
1333 1572 1421 1606 Πάσῃ
1441 1571 1515 1606 δόξῃ
1528 1571 1789 1604 σκεπασθήσεται,

981 1616 1078 1643 ’τοῦτο
1104 1617 1189 1652 δηλοῖ.
1212 1617 1389 1653 Σταυρωοεὶς
1414 1617 1468 1651 γὰρ
1501 1616 1631 1643 τοσοῦτον
1657 1616 1789 1651 ἐδοξάσθη
1816 1635 1817 1638 η

1000 1662 1076 1697 παρὰ
1092 1661 1139 1688 τοῦ
1168 1662 1284 1698 Πατρὸς,
1308 1663 1355 1688 καὶ
1372 1661 1492 1697 ἐτιμήθη
1521 1661 1569 1688 ἐπὶ
1595 1661 1647 1696 γῆς
1667 1662 1718 1688 ὑπὸ
1733 1662 1789 1688 τῶν

998 1707 1105 1743 ἀληθῶς
1119 1707 1282 1742 ἀνθρώπων,
1297 1708 1338 1735 ὂτι
1369 1709 1458 1734 πᾶσαι
1474 1708 1501 1733 αι
1520 1707 1655 1742 βασιλεῖαι
1677 1707 1727 1742 τῆς
1742 1708 1789 1734 ὑπ’
1808 1704 1812 1711 “

997 1754 1123 1789 οὐρανὸν,
1145 1754 1210 1780 Θεὸν
1228 1754 1309 1781 αὑτὸν
1325 1754 1419 1790 ἀληθῆ
1435 1755 1481 1781 καὶ
1499 1755 1601 1790 Κύριον
1617 1756 1665 1781 καὶ
1683 1756 1788 1782 Δεσπὸ-
1846 1787 1848 1790 _

997 1808 1058 1834 την,
1076 1800 1123 1826 κοιλ⁴
1137 1799 1251 1834 βασιλέα
1265 1801 1312 1826 καὶ
1325 1800 1466 1836 λυτρωτὴν
1481 1800 1672 1835 ὁμολογοῦσαι⁷
1687 1801 1788 1836 τιμῶσι
1804 1810 1819 1826 ιν
1834 1815 1837 1818 -

998 1847 1045 1872 καὶ
1062 1846 1246 1880 προσκυνοῦσι
1270 1846 1317 1872 καὶ
1341 1846 1533 1881 λατρεύουσιν.
1557 1847 1619 1873 Ὅτι
1641 1847 1670 1872 δὲ
1700 1847 1786 1881 λέγει,
1811 1845 1819 1868 Ῐν

999 1892 1063 1918 Ὅτι
1082 1891 1169 1918 ἐστὶν
1184 1891 1224 1924 ὡς
1241 1891 1332 1918 σκιὰν
1348 1891 1404 1926 (61)
1419 1891 1530 1926 ἡμέρας
1549 1892 1608 1919 ἀπὸ
1623 1893 1786 1926 καύματος,
1808 1914 1811 1915 ν

997 1937 1105 1973 ἡμέραν
1122 1937 1209 1971 λέγει,
1226 1938 1276 1973 τὴν
1298 1938 1489 1973 πνευματικὴν
1507 1938 1639 1973 ἐργασίαν
1652 1945 1660 1955 '
1690 1939 1787 1974 καῦμα

996 1984 1035 2016 δὲ,
1051 1985 1086 2011 τὰ
1103 1984 1169 2019 βέλη
1183 1984 1231 2010 τοῦ
1246 1984 1365 2019 πονηροῦ
1380 1984 1416 2010 τὰ
1434 1985 1670 2020 πεπυρωμένα.’0
1684 1985 1786 2020 Κύριος

999 2029 1049 2063 μὲν
1062 2027 1109 2055 οὖν
1125 2029 1154 2055 ὲν
1172 2029 1272 2060 πάσαις
1287 2030 1348 2060 ταῖς
1361 2029 1479 2064 ἡμέραις
1496 2029 1543 2055 τοῦ
1566 2030 1663 2061 αἰῶνος
1676 2029 1793 2062 τούτουγ

996 2075 1076 2106 αὐτὸς
1091 2075 1198 2107 σκιάζει
1212 2075 1260 2101 καὶ
1275 2077 1389 2110 φρουρεί
1403 2075 1451 2101 καὶ
1465 2075 1594 2109 φυλάττει
1607 2078 1711 2106 πάντας
1721 2075 1800 2107 τοὺς
1834 2088 1836 2093 ι

996 2121 1163 2155 ἀγαπιῖιντας
1178 2121 1275 2147 αὐτόν·
1292 2121 1322 2147 οὐ
1340 2121 1421 2156 μόνον
1445 2121 1501 2147 ἀπὸ
1519 2121 1659 2152 καύσωνος
1675 2120 1722 2147 τοῦ
1737 2127 1793 2147 τεο-ι
1814 2128 1817 2130 ’

996 2166 1079 2202 νηροῦ
1097 2166 1143 2193 τοῦ
1159 2167 1284 2198 καίοντος
1300 2167 1349 2198 τὰς
1364 2166 1455 2202 ψυχὰς
1479 2167 1533 2192 τῶν
1553 2166 1718 2202 ἀνθρώπων,
1745 2168 1786 2198 είς
1827 2182 1834 2191 .-

998 2213 1027 2239 τὸ
1045 2213 1210 2248 ἐργάζεσθαι
1225 2213 1274 2248 τὴν
1291 2213 1410 2248 ἀνομίαν
1428 2213 1476 2239 τοῦ
1493 2213 1629 2245 διαϐάλου,
1645 2213 1713 2240 ἀλλὰ
1731 2213 1785 2239 ἀπὸ

998 2259 1201 2294 συμπτώματος
1217 2258 1264 2286 καὶ
1283 2259 1423 2293 δαιμονίου
1441 2258 1642 2294 μεσημϐρινοῦ,
1664 2261 1712 2285 καὶ
1735 2259 1784 2294 τῆς

995 2305 1092 2339 λοιπῆς
1109 2305 1268 2340 τυραννίδος
1279 2305 1327 2331 τοῦ
1341 2305 1459 2336 Σατανᾶ,
1471 2306 1540 2340 ὅπερ
1557 2306 1614 2331 ἐστὶ
1631 2305 1784 2340 σκληρότης
1830 2310 1832 2317 ‘

996 2351 1043 2377 καὶ
1057 2350 1133 2382 ὑετὸς
1146 2351 1274 2386 πονηρός.
1295 2351 1465 2386 Διαστροφαὶ
1479 2351 1507 2377 δὲ
1520 2350 1606 2377 ταῦτα
1619 2351 1667 2377 καὶ
1682 2351 1784 2377 ἔννοιαι

996 2397 1088 2431 ἄλογοι
1102 2406 1131 2424 τε
1149 2397 1196 2423 καὶ
1224 2397 1389 2433 ἁκάθαρτοις
1409 2397 1513 2428 Ταῦτα,
1529 2393 1551 2423 ὧ
1566 2397 1679 2431 Ἓρὸἇν,
1697 2396 1783 2427 οὕτως

996 2442 1207 2477 ὲρμηνεύονται,
1222 2443 1269 2470 καὶ
1282 2443 1370 2474 οὕτως
1386 2444 1591 2478 συγκρίνονται.
1607 2443 1676 2478 Περὶ
1688 2442 1716 2468 δὲ
1732 2442 1783 2477 τῆς

995 2488 1161 2522 Συναγωγῆς
1175 2488 1229 2514 τῶν
1247 2488 1382 2514 Ἰουδαίων
1400 2488 1488 2523 ὑμῶν,
1502 2489 1621 2523 πρόσχες
1638 2488 1699 2514 τίνα
1716 2496 1783 2522 προ-

993 2533 1097 2561 ϐαίνων
1111 2535 1124 2561 ὁ
1140 2534 1221 2566 αὐτὸς
1239 2535 1386 2570 προφήτης
1399 2534 1473 2568 λέγει
1488 2535 1517 2561 ἐν
1529 2536 1560 2570 τῇ
1574 2534 1657 2561 αὑτοῦ
1673 2538 1795 2569 προφη-’

992 2580 1069 2615 τείᾳ·
1118 2579 1189 2606 Τάδε
1208 2579 1289 2614 ,λέγει
1311 2581 1438 2615 [ὤμος’
1453 2582 1624 2615 Ὲφὺτευσα
1644 2580 1783 2615 ἄμπελον

994 2625 1098 2660 Σωρήχ
1112 2635 1119 2643 κ
1139 2625 1236 2661 Σωρὴχ
1260 2625 1288 2652 δὲ
1312 2626 1496 2662 ἑρμηνεύεται
1513 2626 1662 2660 κληματίς
1678 2625 1780 2658 δεξιά·

993 2671 1037 2698 διὰ
1051 2672 1096 2698 τὴν
1117 2671 1244 2708 Ἀϐραὰμ
1260 2673 1340 2699 τοῦτο
1363 2671 1397 2708 ἦν
1414 2673 1556 2709 πρόδηλον.
1576 2673 1630 2700 Καὶ
1645 2672 1781 2708 ,φραγμὸν
1827 2706 1831 2708 γ
1870 2663 1872 2665 Ι

186 2733 207 2749 ¹¹
225 2733 277 2760 lsa.
294 2740 331 2765 vi,
350 2731 393 2759 10.
431 2731 453 2747 ¹¹
471 2729 542 2758 Psal.
558 2737 623 2762 xvn,
643 2728 685 2755 12.
724 2728 747 2744 ⁸³
762 2728 840 2756 Joan.
854 2736 900 2761 xu,
915 2729 947 2756 46

1000 2729 1019 2745 “
1033 2730 1083 2757 lsa.
1101 2738 1127 2761 v,
1143 2729 1169 2757 L

911 2785 1026 2815 NOTAE.

188 2826 244 2862 (60)
264 2812 506 2862 fruticanForte,
523 2820 796 2862 éﬁ:criluq2._Gutox.

185 2855 244 2900 (uti
265 2862 314 2895 Ὧς
339 2861 440 2887 σκιάν.
459 2860 487 2887 in
505 2862 590 2891 textu,
613 2856 658 2883 καὶ
688 2856 763 2884 ἔσται
783 2858 823 2889 είς
848 2857 937 2884 σκιάν.

1000 2856 1005 2882 I
1019 2855 1179 2891 legendum,
1195 2856 1232 2888 ὡς
1251 2857 1324 2885 σκιά.
1345 2856 1381 2884 lu.
