1967 3091
147 53 199 86 895

144 152 216 187 juvit
233 160 282 180 eos
299 153 327 180 in
350 154 410 189 lege
434 154 518 182 lllosis
533 164 539 182 :
557 157 598 184 sic
625 165 715 192 neque
739 165 788 185 eos
813 158 861 193 qui
880 167 936 186 non

146 197 327 225 crediderunt
340 199 368 226 in
380 199 658 237 Christumjuvabit;
676 203 723 230 sed
740 211 802 238 qua
817 204 936 239 agebam

148 243 333 276 nel‘aria,cuin
353 251 447 273 essent
458 247 510 274 sub
522 248 593 282 lege,
606 248 759 276 Christiani
776 250 868 277 ell‘eeti
878 250 936 278 lucc

146 288 303 323 perﬁcient.
319 290 475 319 Excaecavit
488 293 563 319 enim
581 293 706 328 ipsorum
725 303 782 327 cor,
799 299 827 323 et
854 296 936 323 indu-

148 339 237 361 ratum
254 337 329 364 velut
346 337 468 364 obducto
478 338 548 364 callo
565 339 707 373 stupidum
721 341 842 368 reddidit
862 350 868 367 :
888 342 934 376 qui

127 410 132 415 Ι
146 381 261 415 quidem
279 382 363 410 etiam
373 391 427 409 non
440 384 589 412 credentes
598 386 753 419 perierunt.
769 387 834 414 Eam
853 387 937 422 igitur

145 427 182 454 ob
199 436 310 455 causam
326 429 462 464 propheta
481 431 540 465 ipse
560 432 700 466 perfectos
725 433 800 460 solos
815 434 935 467 addidit,

145 478 175 502 et
202 475 343 508 Israelem,
375 480 402 503 et
419 478 552 511 populum
572 478 632 510 Dei,
659 482 687 506 et.
712 479 812 507 Judam
835 481 937 508 merito

146 521 309 551 nominavit.
329 522 370 551 Tu
385 531 452 550 vero
469 524 527 560 ipse
539 525 607 562 quid
622 525 657 552 ad
672 525 730 554 haec
745 526 845 556 dices?

181 657 284 684 llEllB.
316 657 344 685 Si
367 658 433 685 haec
463 659 497 686 ad
526 659 602 686 hunc
626 659 739 687 modum
770 667 799 688 se
821 660 936 693 habent,

146 711 228 739 quam
239 703 274 730 ob
291 711 403 731 causam
420 704 490 731 dixit
508 706 646 740 propheta
661 714 668 732 :
692 706 726 733 Et
740 705 875 741 auferetur
896 715 938 734 ze-

147 749 187 776 lus
198 750 339 786 Epliraim.
362 754 387 777 et
406 751 507 779 inimici
533 751 605 779 Iuda
620 752 742 788 peribunt
755 753 787 779 ⁸⁷.
809 753 881 785 Quid
896 757 938 780 est

145 795 290 830 Ephraim,
302 801 330 823 et
343 797 456 831 quinam
468 802 532 825 sunt
545 797 650 825 inimici
663 798 734 826 Juda
748 819 755 831 ,
773 798 854 826 modo
867 798 934 827 mihi

992 803 1060 834 τίνες
1087 805 1113 830 οι
1131 803 1230 838 ἐχθροὶ
1257 803 1356 830 Ἰούδα
1379 804 1563 830 ἀπολοῦνται
1580 812 1589 835 ;
1666 790 1739 830 ἐστιν
1764 805 1779 829 6
1796 814 1809 823 ν
1839 825 1844 829 .

145 841 283 869 edissere.

183 932 212 959 S.
228 933 332 960 ARCll.
349 933 477 961 Tribules
492 933 635 969 Epltraim,
656 941 673 962 ο
688 933 814 966 demens,
827 932 935 960 Hebraei

146 982 227 1005 erant
247 978 274 1004 in
292 978 391 1006 diebus
420 979 497 1006 Isaiae
525 979 679 1014 prophetae,
705 984 734 1007 et
758 978 938 1014 singulariter

147 1024 210 1052 aliis
238 1023 368 1052 tribubus
388 1032 403 1052 a
418 1025 493 1052 tribu
517 1025 588 1053 Juda
615 1025 714 1052 divisis
740 1024 935 1059 imperabant:

147 1070 242 1097 czeteri
259 1077 325 1097 vero
340 1078 374 1097 ex
388 1071 462 1098 tribu
483 1071 566 1102 Juda.
582 1071 669 1099 totius
683 1071 837 1098 Palaestina),
848 1070 937 1104 impe-

148 1116 220 1143 rium
235 1116 382 1149 habentes,
399 1108 563 1151 regnabant.
579 1118 674 1145 Zelum
691 1117 775 1152 igitur
802 1125 858 1143 non
878 1124 937 1143 me<

148 1162 271 1190 diocrem
291 1171 406 1198 regnum
426 1164 558 1198 Ephraim
584 1164 719 1203 adversus
737 1163 818 1196 Iuda,
843 1163 870 1190 id
884 1167 938 1195 est,

150 1209 260 1236 Davidis
276 1217 402 1245 regnum,
417 1209 566 1242 habuerat.
593 1215 621 1238 et
654 1214 773 1241 tantum,
803 1213 834 1236 ut
853 1208 938 1235 etiam

149 1256 223 1282 inter
237 1255 311 1290 ipsos
322 1255 394 1283 bella
406 1256 499 1283 civilia
516 1257 683 1283 exarserint.
700 1255 838 1288 Quoniam
855 1254 939 1289 igitur

150 1299 246 1332 Isaias,
261 1305 356 1335 utp0te
368 1300 417 1327 Dei
431 1300 577 1336 propheta,
589 1300 770 1335 praevidebat,
797 1299 871 1334 quod
894 1307 940 1326 re-

151 1354 214 1374 vera
225 1346 354 1374 Christus
370 1347 523 1374 secundum
541 1355 653 1374 carnem
673 1354 707 1374 ex
721 1346 795 1373 tribu
807 1345 877 1373 Juda
895 1353 940 1372 na-

150 1392 272 1419 sciturus
288 1397 373 1425 esset,
388 1396 416 1420 et
433 1401 549 1428 regnum
569 1393 658 1420 tribus
673 1392 806 1426 Ephraim
821 1391 939 1419 subver-

618 57 648 88 S.
678 57 891 90 GREGENTII
911 60 1027 90 EPISC.
1047 61 1312 91 TAPIIARENSIS

146 107 258 135 diabolo
279 107 447 139 serviebant.
474 109 566 138 sciens
583 111 655 139 Deus
673 111 751 147 legis,
777 113 853 147 quod
878 121 934 140 non

992 114 1142 150 ὓποὺργουν
1154 115 1193 149 τῷ
1213 115 1328 150 διαῦόλῳ
1343 115 1386 142 διὰ
1408 115 1461 141 τῶν
1479 113 1606 150 πονηρῶν
1621 114 1709 149 ἔργων
1724 115 1776 142 αὖ·
1809 107 1812 113 ’
1833 127 1836 129 θ

1724 60 1778 91 096

986 159 1051 193 τῶν,
1066 159 1144 191 εἰδὼς
1160 161 1175 186 6
1190 159 1256 191 Θεὸς
1269 160 1316 186 τοῦ
1331 160 1424 195 νόμου,
1453 161 1492 186 ὃτι
1512 161 1561 186 οὐκ
1580 159 1721 194 ὠφέλησεν
1746 162 1776 188 ἰν

985 205 1024 241 τῷ
1053 207 1128 241 νόμῳ
1160 206 1294 238 Μωσέως,
1321 205 1407 238 οὕτως
1426 206 1481 233 οὐδ’
1498 207 1528 233 οὐ
1552 207 1589 242 μὴ
1612 206 1777 234 πιστεύσαν-

986 260 1032 282 τες
1048 251 1102 287 (66)
1123 252 1162 283 εἰς
1177 251 1223 278 τὸν
1239 251 1367 287 Χριστὸν,
1391 251 1578 287 ὠφελήσουσιν
1595 260 1602 267 ·
1624 252 1680 278 ἀλλ’
1704 252 1778 288 ἅπερ
1826 277 1829 278 ,

986 298 1120 332 ἔπραττον
1135 298 1292 334 παράνομα,
1311 298 1364 324 ὑπὸ
1379 298 1426 325 τοῦ
1449 299 1531 332 νόμου
1547 297 1773 333 χρηματίζοντες,

986 344 1073 371 ταῦτα
1088 344 1134 370 καὶ
1150 345 1308 380 Χριστιανοὶ
1320 345 1461 378 γεγονότες
1475 345 1688 371 ἑπιτελέσουσιν.
1709 346 1777 372 Ἀπ-

987 389 1143 424 ετύφλωσεν
1157 390 1211 425 γὰρ
1225 390 1315 416 αὐτῶν
1328 390 1376 425 τὴν
1395 390 1520 425 καρδίαν,
1542 390 1589 416 καὶ
1608 390 1774 424 σκληρύνας,

987 435 1159 471 πεπώρωκεν
1178 444 1185 452 ’
1200 436 1314 467 οἵτινες
1334 436 1381 462 καὶ
1404 436 1605 470 ἀπιστήσαντες
1625 436 1774 463 ἀπώλοντο.

986 481 1035 517 Διὰ
1053 481 1155 516 ταύτην
1169 480 1215 508 οὖν
1228 482 1278 516 τὴν
1293 481 1383 508 αἰτίαν
1398 482 1461 513 τοὺς
1476 481 1595 513 τελείους
1607 483 1621 509 6
1636 482 1777 517 προφήτης
1805 502 1810 503 γ
1824 479 1830 482 ”

987 528 1034 554 κοιλ⁸
1048 528 1129 559 αὐτὸς
1147 528 1234 561 ἔγωγε
1249 527 1304 562 (67)
1324 527 1431 562 μόνους,
1450 528 1496 553 καὶ
1517 527 1637 562 Ἰσραὴλ,
1651 527 1698 553 καὶ
1713 527 1778 554 λαὸν

987 572 1127 603 Θεοῦικαὶ
1159 572 1259 599 Ἰούδαν
1287 573 1406 607 εὐλόγως
1434 573 1466 599 ἂν
1493 572 1699 607 κατωνόμασεν.
1722 572 1778 600 Καὶ
1804 590 1809 594 κ

987 618 1066 649 αὐτὸς
1084 618 1116 644 σὺ
1131 618 1156 644 τί
1171 618 1245 653 ἐρεῖς
1261 618 1329 653 πρὸς
1345 618 1430 645 ταῦτα
1445 626 1452 650 ;
1685 624 1688 626 “
1703 625 1733 634 ’θ’

1024 665 1077 690 Καὶ
1103 665 1123 690 0
1144 664 1267 691 EPBAN.
1289 665 1345 691 Καὶ
1364 665 1388 690 εί
1414 665 1500 691 ταῦτα
1525 665 1621 692 τοῦτον
1647 665 1704 700 ἔχει
1731 665 1799 692 τὺνκ

986 710 1097 745 τρόπον,
1121 710 1153 736 δι’
1170 711 1203 746 ἣν
1220 710 1311 737 αἰτίαν
1337 711 1487 746 λελάληκεν
1514 713 1528 738 6
1558 712 1711 747 προφήτης,
1736 712 1778 738 ὅτι

988 755 1042 783 Καὶ
1062 756 1306 790 ἀφαιρεθήσεται,
1325 757 1418 790 φησὶν,
1431 759 1446 784 ὁ
1461 757 1550 790 ζῆλος
1573 758 1707 792 Ἐφραῒμ,
1730 757 1780 784 καὶ

994 849 1124 885 Ἐφραῒμ,
1146 849 1192 876 καὶ
1204 849 1276 881 τίνες
1290 850 1315 876 οἱ
1330 849 1422 884 ἐχθροὶ
1436 849 1491 884 (68)
1507 848 1601 882 Ἰούδα,
1617 848 1779 884 ἀνάγγειλόν

989 904 1035 932 μοι
1046 895 1156 930 ἀρτίως.

1024 942 1079 968 Καὶ
1095 941 1115 968 0
1135 941 1243 968 ΛΓῘΟΣ.
1269 941 1301 968 Οἱ
1325 941 1376 975 τῆς
1401 940 1490 976 φυλῆς
1519 941 1649 976 Ἐφραῒμ,
1668 940 1792 976 ἀνρητεπ

994 986 1114 1021 Ἑϐραῖοι
1141 987 1287 1022 ιτύγχανον
1314 988 1342 1013 ὲν
1364 988 1424 1019 ταῖς
1447 987 1566 1022 ἡμέραις
1599 987 1710 1014 Ἡσαΐου
1729 986 1778 1014 τοῦ

989 1032 1141 1066 προφήτου,
1163 1033 1209 1059 καὶ
1228 1032 1401 1068 μονοτρόπως
1418 1033 1473 1060 τῶν
1488 1033 1576 1060 ἄλλων
1592 1033 1684 1067 φυλῶν
1711 1033 1779 1060 ἀπο-

990 1077 1156 1113 σχισθέν-των
1168 1078 1218 1113 τῆς
1240 1077 1325 1106 Ἰούδα
1339 1077 1436 1112 φυλῆς,
1456 1078 1613 1105 ἐϐασίλευον
1629 1087 1635 1093 ·
1649 1078 1674 1104 οἱ
1695 1078 1723 1104 δὲ
1747 1078 1780 1105 ἑκ

989 1125 1038 1159 τῆς
1061 1124 1145 1150 Ἰούδα
1166 1125 1263 1160 φυλῆς,
1292 1126 1341 1159 τῆς
1366 1124 1548 1159 Παλαιστίνης
1570 1124 1661 1159 πάσης
1691 1132 1778 1151 κατα-

990 1169 1164 1205 κρατοῦντες,
1182 1169 1349 1197 ἐϐασίλευον.
1368 1170 1452 1204 Ζῆλον
1466 1169 1612 1205 τοιγαροῦν
1627 1169 1657 1195 οὐ
1672 1168 1716 1196 τον
1729 1178 1778 1196 τυ-

989 1214 1071 1249 χόντα
1085 1215 1102 1249 ἡ
1122 1214 1245 1249 βασιλεία
1265 1215 1385 1250 Ἐφρατμ
1407 1215 1474 1250 πρὸς
1493 1216 1543 1250 τὴν
1573 1213 1669 1248 Ἰούδα,
1694 1215 1779 1249 ἤγουν

989 1260 1037 1286 τοῦ
1052 1260 1135 1287 Δαὸὶδ
1150 1260 1289 1295 βασιλείαν
1301 1260 1444 1295 ἐκέκτητο,
1458 1261 1505 1287 καὶ
1519 1260 1691 1294 τηλικοῦτον,
1707 1260 1778 1286 ὥστε

991 1306 1038 1332 καὶ
1051 1306 1200 1340 ἐμφυλίους
1218 1306 1353 1341 πολέμους
1368 1306 1470 1341 μεταξὺ
1487 1305 1577 1332 αὐτῶν
1600 1305 1776 1340 κρατηθῆναι.

997 1351 1074 1377 Ἐπεὶ
1089 1349 1136 1377 οὖν
1156 1352 1228 1387 ἑώρα
1248 1353 1262 1378 ὁ
1290 1351 1402 1382 Ἡσαΐας
1420 1349 1463 1378 οἷα
1480 1351 1622 1387 προφήτης
1637 1350 1716 1382 Θεοῦ,
1736 1351 1778 1378 ὃτι

991 1398 1019 1424 ὲν
1031 1397 1146 1432 ἀληθείᾳ
1161 1397 1253 1432 μέλλει
1267 1399 1280 1424 ὁ
1299 1398 1416 1433 Χριστὸς
1435 1397 1465 1424 τὸ
1479 1398 1550 1424 κατὰ
1567 1397 1657 1432 σάρκα
1678 1398 1710 1423 ὲκ
1729 1396 1779 1432 τῆς

150 1446 245 1470 surus,
260 1438 335 1465 hunc
346 1446 502 1466 sermonem
515 1439 660 1473 subjunxit
678 1447 684 1465 :
701 1438 776 1473 quod
803 1445 866 1465 cum
887 1438 939 1465 Do-

997 1437 1084 1469 Ἰούδοι
1098 1443 1184 1477 φυλῆς
1196 1443 1367 1475 ἀνίστασθαι,
1381 1444 1429 1470 καὶ
1440 1443 1488 1479 τὴν
1508 1442 1627 1478 Ἐφραῒμ
1639 1442 1780 1477 βασιλείαν

152 1485 245 1511 minus
256 1484 337 1512 Jesus
355 1484 485 1512 Christus
497 1493 531 1513 ex
550 1485 623 1512 tribu
637 1484 708 1512 Juda
729 1488 843 1511 exortus
855 1487 939 1516 esset,

152 1531 289 1565 auferetur
301 1530 372 1558 zelus
388 1531 529 1566 Epliraim,
539 1531 566 1558 id
581 1531 749 1563 est,odium,
765 1537 864 1557 everso
881 1529 942 1564 ejus

152 1584 239 1612 regno
269 1586 275 1604 :
304 1582 332 1605 et
349 1577 433 1604 iidem
466 1582 598 1612 tanquam
623 1576 730 1604 inimici
753 1576 834 1607 Iuda.
852 1575 880 1602 id
899 1579 942 1602 est

152 1623 256 1650 Christi
273 1623 383 1651 Domini
400 1628 428 1651 et
442 1624 514 1659 regis
525 1632 559 1651 ex
574 1623 648 1651 tribu
665 1623 735 1651 Juda
752 1622 940 1653 ascendentis,

153 1673 269 1703 repente
295 1669 437 1703 peribunt.
463 1669 627 1697 Vaticinans
648 1668 722 1696 enim
748 1667 883 1703 propheta
907 1665 942 1693 de

153 1714 208 1743 ﬁne
236 1715 294 1742 sive
316 1715 557 1743 consummatione
583 1715 660 1751 regni
687 1714 840 1750 Ephraim,
868 1713 943 1740 hunc

153 1766 310 1788 sermonem
325 1761 444 1789 obscure
459 1761 661 1796 pronuntiavit.
677 1760 793 1794 Quando
807 1760 833 1786 in
844 1759 944 1786 diebus

153 1805 246 1833 Achaz
256 1806 303 1833 ﬁlii
318 1807 457 1839 Joatham,
469 1806 517 1842 qui
534 1806 587 1834 fuit
601 1806 674 1834 Ozias
689 1806 764 1841 regis
776 1805 846 1832 Juda
858 1804 941 1836 Illius,

154 1852 281 1880 ascendit
297 1853 433 1883 Rhaasem
447 1861 494 1880 rex
508 1853 603 1885 Aram,
621 1858 650 1880 et
669 1852 775 1880 Phaeee
794 1852 866 1878 ﬁlius
886 1851 943 1877 Bo-

155 1899 230 1925 melii
247 1900 319 1934 regis
335 1899 456 1932 lsraelis,
483 1907 583 1934 nempe
606 1907 640 1926 ex
657 1899 731 1926 tribu
748 1897 890 1933 Ephraim,
910 1896 944 1924 ad

154 1944 339 1972 obsidendum
349 1946 502 1974 Jerusalem
513 1966 520 1978 ,
535 1945 608 1977 Ηιεσ,
625 1945 726 1980 inquit,
743 1945 804 1971 dicit
817 1943 944 1970 Dominus

153 1991 281 2019 nabant/1:
291 1992 348 2019 Non
360 1997 465 2019 maneat
477 1993 524 2019 hoc
535 1991 674 2019 consilium
686 1992 718 2020 “.
731 1991 764 2020 Et
776 1990 856 2025 paulo
867 1994 942 2024 post:

155 2037 190 2064 Et
204 2038 269 2064 anni
280 2038 397 2073 quinque
413 2038 599 2072 etsexaginta,
616 2037 719 2072 inquit,
740 2041 765 2063 et
782 2035 887 2069 deﬁciet
901 2043 944 2062 re-

154 2091 237 2117 gnum
249 2083 377 2118 Ephraim
388 2091 403 2109 a
417 2082 524 2118 populo.
543 2083 660 2118 Propter
677 2082 749 2109 hanc
766 2082 859 2116 itaque
875 2089 942 2108 cau-

992 1489 1186 1521 καταλὺεσοαι,
1207 1489 1302 1516 τοῦτον
1317 1490 1363 1516 τὸν
1384 1489 1462 1523 λόγον
1489 1489 1641 1525 ἐπήγαγεν,
1666 1489 1708 1514 ὅτι
1731 1487 1778 1515 τοῦ
1823 1482 1826 1486 ’

991 1534 1094 1569 Κυρίου
1118 1534 1205 1569 Ἰησοῦ
1225 1535 1256 1561 ὲκ
1279 1535 1328 1570 τῆς
1359 1535 1443 1561 Ἰούδα
1467 1535 1554 1570 φυλῆς
1574 1534 1777 1565 ἀνατείλαντος.

992 1579 1224 1614 ἀφαιρεθήσεται
1244 1582 1260 1607 d
1277 1580 1367 1614 ζῆλος
1395 1581 1527 1615 Ἐ’φραΐμ,
1551 1581 1637 1615 ἦγουν
1657 1581 1674 1615 ἡ
1694 1579 1779 1615 ἔχθρα

993 1626 1200 1661 καταλυομένης
1211 1626 1294 1653 αὑτοῦ
1305 1628 1354 1662 τῆς
1370 1627 1512 1662 βασιλείας
1526 1635 1534 1644 θ
1548 1628 1598 1654 καὶ
1614 1627 1639 1653 οι
1652 1627 1729 1653 αὐτοὶ
1741 1625 1779 1658 ὼς

993 1671 1085 1706 ἐχθροὶ
1105 1671 1202 1704 Ἰούδα,
1221 1672 1293 1698 τοῦτ’
1308 1672 1366 1698 ἐστι
1381 1672 1429 1699 τοῦ
1454 1673 1486 1698 ὲκ
1500 1671 1551 1707 τῆς
1577 1672 1663 1707 φυλῆς
1695 1669 1779 1697 Ἰούδα

993 1718 1185 1749 ἀναϐαίνοντος
1197 1718 1300 1753 Κυρίου
1318 1719 1365 1745 καὶ
1376 1718 1519 1753 βασιλέως,
1533 1717 1634 1748 εὐθέως
1650 1715 1779 1744 ἀπολοῦν-

993 1772 1047 1790 ται.
1069 1764 1252 1799 Προφητεύων
1267 1764 1321 1799 γὰρ
1334 1765 1348 1791 ὁ
1371 1764 1515 1799 προφήτης
1537 1763 1601 1798 περὶ
1620 1762 1668 1797 τῆς
1688 1770 1780 1788 συντε-

993 1809 1069 1841 λείας
1087 1810 1216 1844 Ἐφραῒμ,
1237 1810 1313 1836 τόνδε
1327 1810 1372 1836 τὸν
1385 1810 1463 1844 λόγον
1481 1808 1601 1845 ᾐνίξατο.
1622 1808 1739 1834 ὀπόταν
1751 1807 1781 1832 ὲν

993 1856 1054 1885 ταῖς
1069 1855 1186 1889 ἡμέραις
1206 1855 1303 1889 Ἄχας,
1316 1854 1364 1881 τοῦ
1384 1854 1513 1888 Ίωαθάμ,
1531 1853 1578 1880 τοῦ
1600 1852 1689 1884 Ὁζίου
1703 1851 1784 1887 βασμ

995 1899 1064 1930 λέως
1084 1899 1177 1928 Ἰούδα,
1197 1900 1281 1934 ἀνέϐη
1309 1899 1435 1934 Ῥαασὴμ
1451 1899 1579 1934 βασιλεὺς
1609 1899 1708 1934 Ἀρὰμ,
1733 1896 1781 1923 καὶ

994 1944 1096 1976 Φακεὲς
1119 1946 1133 1971 6
1163 1946 1219 1976 υίὸς
1245 1944 1292 1971 τοῦ
1326 1945 1466 1980 Ῥομελίου
1491 1944 1624 1980 βασιλέως
1660 1942 1795 1982 Ἰσραὴλ,⁴

995 1991 1079 2026 ἤγουν
1087 1991 1118 2017 ὲκ
1129 1992 1215 2026 φυλῆς
1232 1991 1361 2027 Ἐφραῒμ,
1373 1991 1419 2018 τοῦ
1433 1991 1610 2026 πολιορκῆσαι
1619 1990 1668 2025 τὴν
1684 1989 1782 2024 Ἰερου-

997 2037 1098 2072 σαλὴμ,
1118 2036 1201 2068 Τάδε,
1219 2038 1295 2071 φησὶ,
1315 2037 1396 2072 λέγει
1417 2038 1523 2071 Κύριος
1539 2036 1669 2068 σαόαὼθ,
1683 2037 1724 2062 οὺ
1737 2035 1781 2069 μὴ

995 2082 1082 2117 μείνῃ
1098 2082 1232 2116 ἠβουλὴ
1250 2083 1337 2116 αὕτη.
1365 2083 1421 2109 Καὶ
1449 2082 1508 2118 μετ’
1534 2082 1623 2116 ὀλίγα,
1651 2081 1705 2108 Καὶ
1728 2081 1782 2114 ἐτη

154 2136 213 2155 sam
221 2128 302 2161 dixit,
312 2129 386 2163 quod
399 2129 541 2163 Auferetur
552 2128 624 2155 zelus
640 2128 778 2163 Epitraim,
794 2131 822 2154 et
833 2131 939 2154 uetera.

996 2127 1145 2161 ἑξήκοντα
1161 2127 1210 2154 καὶ
1228 2129 1327 2160 πέντε,
1345 2128 1421 2164 φησὶ,
1439 2129 1489 2155 καὶ
1504 2128 1639 2161 ἐκλείψει
1655 2128 1672 2161 ἡ
1689 2119 1792 2159 ,ϐασι-ί

154 2174 222 2201 λεία
242 2174 364 2209 Ἐεοραῒμ
378 2175 436 2202 ἀπὸ
456 2174 510 2202 τοῦ
532 2174 620 2202 λαοῦ.
641 2174 690 2202 Διά
709 2173 812 2209 ταύτην
831 2171 894 2207 ,οὖν
929 2173 977 2211 τὴν
996 2174 1086 2202 αἰτίαν
1118 2174 1229 2209 εἴρηκεν
1245 2194 1252 2208 ,
1286 2175 1327 2202 ὅτι
1365 2175 1610 2209 Ἀφαιρεθήσεται
1642 2175 1659 2200 ό
1692 2171 1782 2206 ζῆλος

163 2221 293 2255 Ἐφρατμ,
309 2221 356 2247 καὶ
369 2220 402 2246 τὰ
415 2220 488 2255 ἑξῆς.

192 2267 294 2294 HERB.
312 2267 403 2300 Quare
429 2266 573 2302 subjungit
592 2266 694 2294 deinde
716 2267 873 2302 propheta,
901 2266 939 2293 di-

1031 2265 1087 2291 Καὶ
1099 2264 1119 2291 Ο
1138 2265 1260 2292 EPBAN.
1276 2264 1331 2290 Καὶ
1341 2264 1374 2291 δι’
1385 2264 1419 2299 ἢν
1433 2264 1522 2290 αἰτίαν
1534 2264 1632 2298 ἐπάγει
1647 2264 1661 2290 6
1675 2263 1782 2298 προφή-

157 2321 234 2346 cens,
251 2313 337 2348 quod,
351 2312 409 2340 Erit
435 2312 544 2346 Isi-acii,
556 2314 623 2339 sicut
648 2321 677 2340 eo
690 2313 732 2340 die
755 2321 806 2348 quo
828 2320 939 2348 egressu:

997 2321 1046 2348 της
1061 2313 1158 2347 λέγων.
1181 2312 1221 2338 ὃτι
1242 2313 1358 2346 Ἔσται,
1377 2312 1455 2347 φησὶ,
1475 2311 1515 2344 τῷ
1535 2311 1660 2345 Ἰσραὴλ
1684 2312 1724 2344 ὡς
1746 2310 1784 2344 τῇ

157 2362 196 2386 αι
219 2367 251 2386 ex
275 2363 348 2386 terra
371 2358 531 2394 Egypti"?
557 2358 634 2386 Hanc
660 2359 736 2386 enim
757 2358 939 2394 egressionem

996 2358 1092 2392 ἡμέρᾳ
1117 2355 1137 2393 ᾖ
1154 2357 1284 2392 ἐξῆλθε»-
1300 2358 1334 2384 ἐκ
1361 2357 1417 2391 γῆς
1436 2357 1609 2392 Δίγύπτου;
1634 2355 1784 2392 Παραπλη-

159 2405 277 2431 similem
308 2404 367 2432 fore
386 2403 544 2432 enuntiavit
565 2403 592 2431 ei
619 2403 774 2440 egressioni
803 2411 864 2438 quas
879 2404 939 2431 oliu

1000 2404 1065 2436 σίως
1083 2404 1138 2439 γὰρ
1160 2404 1208 2438 τὴν
1227 2403 1315 2436 ἔξοδον
1337 2403 1440 2439 ταύτην
1461 2403 1512 2438 τῆς
1532 2402 1615 2429 πάλαι
1630 2402 1721 2434 ἐξόδου
1735 2401 1784 2436 τῆς

160 2451 213 2478 l'uit
228 2459 244 2478 e
257 2456 330 2478 terra
341 2450 461 2487 Egypti.

999 2451 1137 2485 Δίγὺπτου
1153 2451 1291 2484 ἐνέφηνεν.
1798 2463 1800 2466 ν

199 2497 227 2524 S.
244 2496 347 2524 ARCH.
368 2496 558 2532 Corporaliter
581 2496 696 2532 quidem
715 2504 749 2524 ex
768 2486 885 2532 Egypto
907 2496 939 2524 ls-

1035 2497 1089 2523 Καὶ
1104 2498 1124 2523 0
1138 2497 1244 2523 ΛΓΙΟΣ.
1262 2495 1430 2531 Σωματικῶς
1445 2494 1494 2530 μὲν
1506 2494 1535 2528 ἐξ
1545 2494 1682 2528 Δίγὺπτου
1696 2493 1711 2519 6
1733 2492 1785 2518 Ἰσ-

163 2543 218 2571 rael
232 2550 362 2577 egressus
376 2547 428 2575 est,
451 2547 479 2570 et
494 2543 630 2578 corporali
654 2543 789 2570 servitute
803 2543 937 2570 liberatus

1003 2543 1071 2579 ραὴλ
1095 2542 1201 2578 ἐξῆλθε,
1228 2541 1275 2568 καὶ
1300 2540 1492 2576 ἐλευθερωθεὶς
1514 2540 1545 2566 ἐκ
1559 2539 1608 2574 τῆς
1626 2538 1786 2573 σωματικῆς

163 2595 264 2617 terram
279 2588 472 2623 promissionis
495 2589 686 2617 hereditatem
709 2588 843 2624 possedit.
869 2589 939 2616 Nunt

1002 2588 1134 2620 δουλείας,
1150 2587 1200 2623 τὴν
1214 2587 1266 2622 γῆν
1281 2588 1331 2622 τῆς
1341 2586 1506 2621 ἐπαγγελίας
1517 2583 1787 2620 κατεκληρονόμησε,

712 2649 734 2665 ³⁵
749 2649 802 2677 lsa.
819 2657 855 2682 xt,
871 2649 914 2677 16.

918 2692 1033 2721 NOT/E.

200 2740 257 2776 (66)
276 2740 510 2776 Πιστεύσαντες.
528 2740 741 2774 Πιστεύσαντας.
760 2741 794 2769 Et.
806 2748 870 2769 mox
884 2740 955 2775 ὠφέ-

164 2775 258 2814 λησεν.
272 2775 375 2806 (ἰυιοκ.

198 2649 221 2666 ³⁷
237 2648 289 2676 lsa.
305 2656 342 2681 xi,
357 2647 400 2675 15.
439 2647 523 2676 "lsa.
536 2657 585 2682 γη,
599 2649 625 2677 7.

1045 2739 1103 2772 (67)
1120 2735 1242 2773 Ἔγωγε.
1258 2737 1488 2773 Ἐοτιενὲπήιίαγε.
1506 2736 1541 2764 lu.

1042 2770 1099 2810 (68)
1116 2775 1147 2801 Oi
1159 2770 1269 2808 ἐχθροί.
1285 2770 1456 2805 ὃςτίὺεζκαὶ
1470 2773 1495 2799 οἱ
1512 2771 1611 2806 ἐχθροί.
1625 2770 1662 2798 ln.
