1967 3091
231 143 282 174 707

698 141 729 171 S.
747 139 960 171 GREGENTII
980 139 1096 170 EPISC.
1116 138 1382 170 TAPHARENSIS

1805 139 1860 171 703

229 201 291 221 cum
304 197 331 221 et
348 193 413 229 ipse
429 197 524 229 gentes
541 200 601 228 qua:
612 193 717 228 exiguae
732 197 806 224 sunt.
822 201 883 228 quae
898 193 1019 220 nondum

1079 192 1214 228 Ἐϐραίων
1238 192 1339 228 ἀρτίως
1358 193 1372 218 ό
1393 191 1478 224 Θεός;
1495 191 1535 218 ὅτι
1559 189 1606 218 καὶ
1625 191 1695 219 αὐτὰ
1711 191 1744 218 τὰ
1759 193 1860 228 μικρὰ.

228 242 256 268 in
270 240 410 268 Christum
426 239 620 271 crediderunt,
641 248 690 266 vos
707 239 852 266 verberant
865 243 893 267 et
909 243 1016 271 vexant,

227 292 255 314 et
267 286 344 314 velut
365 285 519 313 ludibrium
542 286 667 313 habent?
697 285 820 318 Quonam
836 285 919 320 igitur
937 285 1019 312 modo

227 340 274 359 vos
290 340 305 358 a
321 332 378 359 Deo
393 339 466 359 nunc
484 332 571 358 robur
584 336 612 359 et
630 331 703 359 vires
718 331 854 365 accipitis,
875 339 938 358 cum
960 331 1019 358 sitis

227 383 282 405 tam
311 378 417 405 debiles
445 383 528 413 atque
547 378 659 410 inﬁrmi,
684 382 714 404 ut
733 385 823 412 neque
848 378 944 405 culicis
963 378 1018 405 vim

228 433 322 459 parem
339 425 465 452 habeatis
480 425 513 452 ad
531 428 637 452 vestros
667 425 793 452 inimicos
807 424 1020 452 remordendos?

228 471 344 498 Ubinam
371 471 423 498 hoc
452 475 576 504 tempore
590 471 722 498 Dominus
748 471 918 505 conspicitur
941 471 1020 497 vobis

229 517 310 552 632
318 524 398 551 opem
412 517 500 544 ferre?
510 516 633 549 Quanam
648 516 676 543 in
690 516 734 543 re?
744 517 772 543 In
781 525 836 551 quo
846 517 1021 544 obedientia?

229 563 257 590 in
285 572 340 598 quo
354 563 452 598 gloria,
477 564 518 590 vcl
535 563 635 594 honor,
657 563 699 589 vel
716 563 860 598 potentia?
878 563 974 590 Nonne
990 571 1020 590 es

229 614 359 643 tanquam
375 609 504 636 sordidus
515 609 596 640 cinis,
606 614 633 636 ct
642 609 726 636 carbo
737 609 900 641 exstinctus,
912 614 939 636 et
957 614 1019 636 tan-

228 663 310 690 quam
327 655 426 690 caligo,
443 655 465 681 si
482 655 566 681 facies
586 659 736 689 spectetur,
751 655 900 682 redactus?
916 655 955 682 En
970 655 1019 681 ad-

228 705 293 728 sunt
310 701 429 733 Hebraei,
454 708 518 727 ecce
534 705 563 727 et
579 705 607 727 tu
627 701 695 735 ipse.
718 701 837 728 Videant
853 701 902 735 qui
925 701 1021 727 volunt

229 747 312 774 facies
329 751 434 773 vestras
451 755 457 772 :
475 754 566 773 nonne
586 751 649 773 sunt
663 746 763 780 pulvis,
783 754 838 773 non
856 747 936 777 cinis,
964 754 1020 773 non

228 793 341 828 squalor
355 792 366 818 ?
383 791 456 818 unde
467 792 479 818 ?
489 792 557 824 Quia
569 799 659 826 neque
674 791 760 826 gratia
775 799 864 826 neque
887 791 1020 818 auxilium

228 847 262 866 ex
281 839 337 866 Deo
353 838 432 865 vobis
448 839 533 870 adsit,
553 843 581 864 et
595 838 659 872 quia
675 846 728 864 non
741 838 865 864 habeatis
887 837 1018 872 Spiritum

228 889 364 912 sanctum.
379 883 496 917 Propter
512 882 657 917 perﬁdiam
674 886 700 908 et
716 882 895 917 pervicaciam
913 890 944 908 ae
960 890 1019 908 ma-

227 930 315 956 litiam
335 933 465 959 vestram,
483 936 537 955 non
560 928 629 955 estis
643 927 724 954 divisi
750 932 777 954 et
800 927 889 954 dissiti
912 927 958 954 alii
988 927 1022 954 ab

227 975 300 1008 aliis,
316 982 347 1001 ac
362 974 479 1009 dispersi
495 975 522 1001 in
539 974 607 1000 lines
628 973 704 1000 orbis
724 978 871 1005 terrarum,
894 977 1022 1007 tanquam

227 1019 317 1046 lacera
335 1018 438 1049 tunica,
452 1021 480 1044 et
497 1018 581 1044 veluti
604 1017 800 1044 vestimentum
823 1015 957 1043 vetustate
974 1016 1022 1043 dc-

227 1065 322 1092 tritum
334 1065 345 1090 ?
356 1063 472 1097 Quando
487 1067 577 1089 autent
595 1063 779 1094 erubueruut,
794 1067 819 1089 et
837 1062 943 1090 confusi
959 1066 1024 1089 sunt

227 1118 334 1141 omnes,
345 1110 392 1145 qui
403 1109 482 1136 vobis
491 1109 627 1136 adversati
640 1114 705 1136 sunt
716 1111 728 1135 ’ί
743 1109 793 1137 Ubi
814 1114 877 1137 sunt
895 1113 1023 1143 tanquam

227 1157 274 1191 qui
287 1164 346 1184 esse
357 1156 511 1186 desierunt,
526 1156 611 1183 vestri
630 1155 784 1182 adversarii
801 1155 812 1181 *ί
824 1155 940 1188 Quando
951 1163 1024 1189 quae-

227 1202 314 1230 siistis
327 1202 413 1237 ipsos,
429 1205 457 1228 et
470 1210 525 1228 nou
547 1193 652 1228 invc’nti
673 1201 762 1228 sunt?
776 1201 828 1228 Ubi
842 1205 933 1228 autem
953 1202 1024 1229 Deus

226 1253 347 1276 vestram
365 1248 491 1275 dextram
504 1252 600 1274 tenens
617 1251 645 1274 et
664 1255 713 1274 vos
729 1247 763 1274 ad
776 1248 896 1282 aliquem
910 1255 1024 1282 prospe-

227 1303 288 1323 rum
315 1299 447 1322 erentum
467 1294 611 1329 dirigens?
638 1293 691 1321 Ubi
719 1294 802 1320 etiam
821 1293 923 1321 dicitur
950 1293 1026 1320 velut

227 1341 329 1369 vermis
354 1341 517 1368 humiliatus
542 1347 575 1367 ex
601 1339 704 1366 Judteis
723 1346 857 1374 arrogans
883 1343 911 1366 et
941 1346 1024 1366 saxeo

198 1410 201 1414 .
226 1388 311 1415 corde
345 1386 478 1421 praditus
498 1393 530 1413 ac
553 1385 709 1420 pervicax?
724 1384 776 1412 Ubi
798 1388 932 1419 przeterea
959 1384 1026 1412 estis

226 1431 267 1459 illi
290 1430 460 1466 paucissimi,
477 1433 505 1456 et
527 1429 720 1456 liberationem
740 1436 755 1454 a
776 1428 895 1455 Domino
918 1428 1024 1464 adepti;

226 1477 274 1512 qui
293 1477 320 1504 in
336 1476 411 1503 omni
434 1480 518 1507 terra,
530 1475 606 1502 velut
618 1479 723 1502 terrore
742 1475 861 1509 perculsi
875 1479 903 1502 et
917 1475 1026 1502 attoniti

226 1528 255 1550 et
268 1523 337 1550 muti
353 1521 496 1553 desidetis.
513 1525 541 1548 ct
554 1521 588 1548 ab
604 1520 735 1548 omnibus
751 1521 948 1555 conspuimini,
961 1521 1023 1548 nul-
1038 1538 1058 1564 ε

227 1569 280 1595 lam
299 1576 313 1594 a
331 1568 448 1594 Domino
470 1567 664 1594 liberationem
685 1567 878 1602 accipientes?
894 1567 963 1594 Tota
979 1575 1026 1594 er-

228 1622 274 1642 ras
291 1614 345 1646 via,
360 1621 376 1641 ο
389 1613 527 1640 Herbane.
550 1613 613 1640 Haec
633 1613 707 1640 enim
729 1613 763 1640 de
784 1621 846 1640 meo
869 1613 981 1640 Christo
999 1618 1028 1641 et

227 1661 295 1692 Deo,
307 1660 442 1695 propheta
461 1659 628 1686 vaticinatus
639 1664 691 1687 est.
710 1660 744 1686 Et
756 1660 839 1694 elegit
851 1659 940 1694 ipsum
955 1660 1028 1687 Deus

235 1711 264 1734 et
278 1706 397 1737 vocavit,
416 1709 444 1732 et
457 1705 652 1738 sanctilicavit,
673 1710 701 1732 et
712 1705 819 1737 dilexit,
838 1711 865 1733 et
880 1713 933 1732 non
946 1705 1027 1732 dere-

228 1752 359 1787 liquit;et
371 1751 571 1782 corroboravit,
582 1751 700 1786 ctjuvit,
714 1755 742 1778 et
753 1751 1027 1788 conﬁrntat'itdextra

229 1805 278 1826 sua
287 1797 402 1824 maxima
409 1801 436 1823 et
443 1796 804 1832 potentissimaﬂesponde,
812 1798 874 1832 quis
883 1797 962 1824 modo
972 1798 1029 1832 glo—

231 1842 367 1874 riﬁcatur,
381 1843 443 1878 quis
455 1846 561 1878 regnat,
581 1844 643 1878 quis
656 1842 738 1869 fortis
749 1848 831 1870 estet
850 1843 1028 1878 praepotens?

229 1886 289 1913 Non
307 1887 389 1919 alius,
408 1893 489 1921 quam
518 1886 599 1914 Jesus
613 1886 740 1914 Christus
758 1887 890 1914 Dominus
905 1894 982 1913 meus
1000 1890 1028 1913 et

229 1933 312 1960 Deus.
324 1933 383 1961 Non
396 1941 455 1965 vos,
468 1933 587 1966 Hebraei,
599 1932 719 1960 maximo
735 1933 841 1969 pudore
853 1937 880 1960 et
893 1933 1028 1960 dedecore

229 1987 262 2007 ac
275 1980 378 2014 probro
392 1979 500 2007 confusi
512 1980 591 2013 estis,
608 1983 639 2007 ut
655 1979 702 2015 qui
717 1980 744 2007 in
762 1980 851 2014 ipsum
868 1979 1028 2007 incursave-

230 2023 303 2055 ritis,
321 2027 350 2050 et
366 2024 488 2058 graviter
502 2024 640 2051 adversati
653 2023 742 2052 estis?
757 2024 854 2051 Nonne
865 2024 933 2051 estis
948 2028 977 2050 ut
988 2024 1027 2052 illi

229 2070 278 2104 qui
301 2077 356 2097 non
373 2070 459 2097 sunt?
475 2069 526 2097 Ubi
540 2070 623 2097 etiam
640 2078 714 2097 nunc
735 2070 950 2105 conspicimini?
975 2070 1028 2100 Vos

228 2115 289 2150 ejus
302 2116 349 2150 qui
363 2117 439 2143 cruci
451 2115 650 2148 fuitconlixus,
666 2116 877 2152 inimici,ipsum
891 2116 1026 2154 quzeritis,

228 2167 257 2190 et
269 2170 323 2190 non
340 2162 473 2189 invenitis
490 2171 496 2189 :
514 2167 663 2197 propterea
679 2162 751 2197 quod
765 2163 964 2190 contumeliose
977 2162 1025 2190 de-

229 2208 354 2235 bacchati
369 2209 561 2244 estis,justum
579 2212 608 2235 et
622 2212 748 2235 sanctum
767 2213 794 2236 et
822 2209 998 2236 innocentem
1011 2229 1019 2241 ,
1037 2211 1060 2240 ι)

228 2254 373 2288 omnisque
386 2253 490 2287 peccati
503 2258 645 2288 expertem
658 2254 784 2288 patibulo
797 2254 957 2290 deﬁgentes.
971 2254 1023 2282 Co-

227 2305 331 2331 gnosce
349 2297 442 2332 igitur,
460 2297 534 2332 quod
547 2298 580 2325 de
592 2298 672 2325 vobis
688 2298 796 2326 locutus
807 2304 850 2326 est
865 2300 1000 2334 propheta
1015 2308 1022 2326 :

229 2343 393 2370 Erubesccnt
413 2348 436 2369 et
463 2343 659 2377 confundantur
678 2352 767 2370 omnes
783 2345 828 2379 qui
850 2344 1025 2371 adversantur

229 2391 286 2418 tibi.
301 2391 398 2418 Nullus
412 2391 485 2417 enim
502 2391 645 2417 hominum
662 2395 715 2417 tam
730 2390 869 2418 hostiliter
883 2396 911 2418 ct
926 2391 1024 2418 acerbe

229 2437 392 2464 adversatur
404 2437 519 2464 Domino
533 2445 592 2464 meo
603 2436 667 2464 Iesu
677 2437 798 2468 Christo,
811 2445 892 2472 quam
906 2445 954 2464 vos
972 2437 1019 2472 qui

227 2482 297 2510 estis
319 2483 514 2512 exsecrabile-3,
530 2481 639 2517 perﬁdi,
664 2482 800 2509 inﬁdeles.
821 2483 888 2510 Nam
904 2491 937 2510 ex
960 2483 1022 2521 aliis

228 2529 314 2556 sectis
329 2529 376 2562 qui
394 2529 533 2556 obsistunt
545 2536 577 2556 ac
594 2529 769 2560 renituntur,
784 2530 810 2556 in
828 2535 905 2565 parte
919 2531 1022 2565 aliqua,

228 2574 250 2600 si
263 2573 405 2600 vobiscum
416 2578 622 2608 Comparentur,
635 2574 660 2601 ei
672 2574 862 2602 adversantur.
876 2576 915 2603 Ne
929 2577 1024 2612 igitur,

1035 868 1057 896 Β

1071 239 1117 265 καὶ
1131 238 1169 274 μὴ
1185 237 1368 265 πιστεύσαντα
1382 237 1446 272 ἔθνη
1461 238 1501 269 είς
1513 237 1558 265 τὴν
1570 238 1698 273 Χριστὸν,
1710 238 1860 266 τύπτουσα
1875 238 1878 239 ⁷

1071 286 1154 320 ὑμᾶς,
1172 285 1219 311 καὶ
1234 285 1272 317 ὼς
1285 284 1410 318 παίγνιον
1425 284 1573 319 κέκτηνται
1589 292 1597 316 ;
1614 285 1692 311 Κατὰ
1707 286 1784 311 ποῖον
1797 285 1861 320 196-

1071 340 1122 358 πον
1145 331 1297 365 λαμϐάνετε
1326 331 1405 366 ὑμεῖς
1424 330 1526 366 ἀρτίως
1553 331 1630 366 ἰσχὺν
1651 330 1727 366 παρὰ
1745 331 1859 365 Κυρίου.

1070 377 1198 405 τοσοῦτον
1226 377 1396 413 ὑπάρχοντες
1422 377 1576 412 ἁνίσχυροι,
1599 378 1639 404 ὃτι
1668 378 1724 404 οὐδ’
1740 377 1777 404 ἂν
1799 377 1861 413 ἴσην

1070 421 1203 454 κώνωπος
1213 422 1283 457 πρὸς
1295 422 1325 448 τὸ
1337 422 1446 448 δάκνειν
1459 423 1523 454 τοὺς
1536 421 1651 457 ἐχθροὺς
1669 423 1746 457 ὑμῶν
1760 423 1862 457 κέκτη-

1071 468 1121 494 σθε
1147 468 1282 503 δύναμιν;
1318 467 1369 494 ποῦ
1397 467 1426 494 δὲ
1455 468 1605 503 καθορᾶται
1627 468 1729 503 ἀρτίως
1755 468 1863 504 βοηθῶν

1071 514 1135 549 ὑμῖν
1152 515 1256 550 Κύριος
1271 523 1277 546 ;
1305 514 1365 540 Ἐπὶ
1384 514 1436 540 τίνι
1454 514 1599 548 πράγματι
1615 522 1623 547 ;
1637 514 1684 540 ἐπὶ
1703 514 1757 541 τίνι
1780 515 1862 541 ἀπεί-

1072 560 1132 587 θεια
1151 560 1229 596 (97);
1248 560 1295 586 ἐπὶ
1321 559 1388 594 ποίῳ
1413 559 1485 592 δόξα,
1504 560 1521 594 ἢ
1548 559 1625 594 τιμὴ,
1647 559 1664 595 ἢ
1697 559 1861 593 δυναστείας

1073 607 1130 633 Οὐκ
1161 604 1186 632 εἷ
1210 606 1279 643 diost
1308 606 1406 637 σποδὸς
1430 606 1477 632 καὶ
1505 605 1543 636 ὠς
1558 605 1658 641 ὁμίχλη
1672 606 1702 632 τὺ
1715 606 1863 641 πρόσωπον

1071 653 1261 688 τεταγμένοςς
1287 652 1354 679 Ἰδοὺ
1374 654 1399 679 οἱ
1423 652 1555 688 Ἑϐραῖοι,
1581 653 1636 679 ἰδοὺ
1653 653 1699 679 καὶ
1716 653 1748 679 σὺ
1768 652 1861 684 αὑτός.

1078 699 1217 726 Ίδὲτωσαν
1242 697 1289 726 οὖν
1315 698 1350 725 τὰ
1372 699 1507 733 πρόσωπα
1534 698 1612 732 ὑμῶν
1640 699 1665 725 οι
1693 698 1861 733 βουλόμενοι.

1072 746 1129 772 Οὐκ
1153 745 1207 771 εἰσὶ
1231 745 1323 777 κόνις;
1339 745 1370 770 οὐ
1396 744 1534 778 πεφύκασι
1556 744 1668 779 τέφρα;
1689 744 1791 777 ﬁdem;
1813 744 1864 770 ‘Ex

1072 790 1119 816 τοῦ
1140 788 1258 825 μὴεῖναι
1277 790 1357 825 χάριν
1371 790 1405 816 ὲκ
1417 790 1485 816 Θεοῦ
1503 784 1533 816 'sv'
1545 791 1620 824 ὑμῖν,
1642 790 1671 816 ὲν
1684 789 1723 824 τῷ
1737 790 1774 824 μὴ
1789 789 1864 824 ἔχειν

1075 836 1147 871 ὑμᾶς
1170 836 1284 870 Πνεῦμα
1313 836 1403 870 ἅγιον.
1422 836 1472 863 Διὰ
1492 836 1542 870 τὴν
1562 836 1692 862 ἀπιστίαν
1711 835 1787 869 ὑμῶν
1814 835 1866 861 καὶ

1074 882 1276 916 κακοπραγίαν.
1292 883 1342 909 οὐκ
1355 882 1416 909 ἐστὲ
1429 882 1612 917 διεσχισμὲνοι
1629 881 1676 908 ἀπ’
1687 881 1809 916 ἀλλήλων
1823 882 1866 912 εἰς

1072 929 1107 955 τὰ
1125 929 1232 963 πέρατα
1247 928 1297 963 τῆς
1314 928 1488 963 οἰκουμένης,
1505 929 1571 954 ὡσεὶ
1586 927 1741 962 διερρωγὼς
1754 927 1865 962 χιτωνίο

1075 984 1149 1008 σκος,
1170 977 1218 1003 καὶ
1247 976 1312 1002 ὡσεὶ
1341 976 1448 1009 ἱμάτιον
1469 975 1716 1009 πεπαλαιωμένον;
1745 974 1814 1001 Πότε
1834 973 1864 1000 δὲ

1074 1022 1248 1056 ᾐσχύνθησαν
1275 1021 1322 1048 καὶ
1353 1021 1544 1056 ὲνετράπησαν
1575 1021 1676 1052 πάντες
1707 1020 1765 1047 ὅσοι
1793 1019 1864 1054 πρὸς

1075 1066 1148 1100 ὑμᾶς
1161 1065 1383 1100 ὴναντιώῦησανς
1398 1066 1452 1092 Ποῦ
1468 1066 1536 1092 εἰσὶν
1548 1065 1586 1097 ὡς
1597 1066 1646 1092 οὐκ
1660 1065 1737 1097 ὅντες
1749 1065 1773 1090 οἱ
1786 1064 1865 1099 ὑμῶν

1075 1111 1206 1138 ἀντίδικοι
1223 1120 1230 1143 ;
1249 1112 1316 1138 Πότε
1331 1112 1359 1138 δὲ
1374 1112 1525 1147 ἐζητήσατε
1542 1111 1651 1143 αὐτοὺς,
1666 1111 1712 1138 καὶ
1723 1111 1771 1146 οὐχ
1784 1110 1865 1145 εὑρέ·

1077 1157 1182 1192 θησαν;
1204 1156 1259 1183 Ποῦ
1271 1157 1300 1183 δὲ
1316 1157 1330 1183 ὁ
1345 1157 1411 1188 Θεὸς
1424 1157 1534 1192 κρατῶν
1551 1158 1599 1192 τῆς
1613 1157 1703 1189 δεξιᾶς
1713 1157 1802 1192 ὑμῶν,
1816 1157 1865 1183 καὶ
1877 1146 1890 1168 τ
1908 1146 1912 1162 λ’

1075 1202 1180 1238 ὁδηγῶν
1195 1203 1267 1238 ὑμᾶς
1278 1204 1323 1230 ἐπί
1335 1212 1388 1231 τινι
1401 1204 1572 1239 εὖτυχήματι
1587 1212 1595 1238 ;
1609 1203 1664 1229 Ποῦ
1677 1203 1705 1229 δὲ
1727 1195 1874 1238 χρηματε-ΐ
1893 1196 1917 1229 ’ζ

1075 1247 1154 1280 ζεται
1168 1249 1223 1284 (98)
1238 1249 1286 1276 καὶ
1305 1249 1370 1275 ὼσεὶ
1390 1248 1498 1285 σκώληξ
1519 1250 1761 1284 τεταπεινωμένος,
1779 1250 1794 1276 ὁ
1809 1245 1880 1275 τῶν¹

1082 1293 1216 1322 Ἰουδαίων
1236 1295 1352 1330 σοϐαρός
1372 1303 1400 1321 τε
1425 1295 1471 1322 καὶ
1494 1295 1683 1330 λιθοκὰρδιος;
1699 1295 1754 1322 Ποῦ
1771 1295 1800 1322 δὲ
1815 1294 1885 1321 καὶῖ
1911 1305 1923 1325 ιτ

1075 1340 1211 1374 ὀλιγοστοὶ
1240 1341 1444 1376 χρηματίζετε,
1470 1341 1519 1368 καὶ
1551 1342 1601 1376 τὴν
1627 1341 1762 1376 λύτρωσιν
1789 1341 1879 1375 παρὰ(

1076 1387 1181 1422 Κυρίου
1193 1388 1368 1422 κεκτημένοι,
1382 1389 1406 1414 οἱ
1415 1387 1444 1414 ἐν
1457 1387 1532 1424 πάσῃ
1540 1389 1573 1422 τῇ
1581 1389 1615 1423 γῇ
1627 1388 1693 1414 tinet
1705 1388 1865 1424 ἀκρεῑς(99)
1874 1390 1880 1402 '
1901 1390 1914 1416 ἐ

1076 1433 1239 1468 καθήμενοι,
1256 1434 1302 1460 καὶ
1318 1433 1394 1470 παρὰ
1409 1434 1517 1462 πάντων
1530 1434 1730 1469 ἐμπτυόμενοι,
1747 1435 1794 1461 καὶ
1811 1430 1893 1469 [ιη-η(

1076 1480 1172 1515 δεμίαν
1183 1480 1319 1514 λύτρωσιν
1336 1480 1411 1516 παρὰ
1424 1481 1527 1515 Κυρίου
1539 1480 1677 1515 δεχόμενοι
1689 1489 1695 1513 ;
1713 1481 1829 1516 Ἀπατᾷ,
1843 1477 1874 1506 ὧι
1901 1473 1909 1505 ξ

1084 1525 1193 1560 Ἐρὸἄν.
1205 1525 1297 1553 Ταῦτα
1308 1526 1362 1561 γὰρ
1378 1526 1498 1561 περὶτοῦ
1515 1526 1584 1562 ἐμοῦ
1602 1526 1721 1561 Χριστοῦ
1735 1527 1781 1552 καὶ
1793 1516 1880 1553 Θεοῦς

1075 1573 1089 1599 ὁ
1105 1573 1249 1608 προφήτης
1272 1572 1391 1608 ᾐνίξατο.
1418 1573 1472 1599 Καὶ
1493 1571 1635 1606 ἐξελέξατο
1658 1572 1737 1599 αὑτὸν
1751 1573 1764 1598 ὁ
1787 1572 1910 1605 Θεδςξῆκ

1076 1617 1123 1643 καὶ
1149 1616 1273 1647 ἐκάλεσε,
1291 1618 1339 1643 καὶ
1365 1616 1544 1652 ήγίασε,κσ.ὶ
1570 1617 1708 1651 ἠγάπησε,
1741 1617 1789 1643 καὶ
1815 1610 1906 1643 οὐκ(¹

1076 1663 1251 1697 ἐγκατέλιπε,
1264 1664 1312 1688 καὶ
1327 1662 1465 1697 ἐνίσχυσε,
1481 1663 1527 1689 καὶ
1543 1663 1689 1698 ὲὸοήοησε,
1705 1663 1751 1689 καὶ
1777 1663 1868 1698 ὴσφει-
1888 1679 1891 1682 ν
1920 1678 1926 1681 ε

1076 1708 1170 1735 λίσατο
1185 1710 1217 1744 τῇ
1237 1708 1313 1744 δεξιᾷ
1332 1708 1415 1735 αὑτοῦ
1434 1709 1468 1744 τῇ
1486 1708 1612 1744 μεγίστῃ.
1636 1708 1811 1743 Ἀποκρίθητι
1824 1709 1867 1740 τίς

1077 1755 1179 1790 ἀρτίως
1199 1754 1360 1786 δοξάζεται,
1377 1754 1418 1786 τίς
1437 1754 1584 1788 βασιλεύει,
1600 1754 1642 1785 τίς
1663 1755 1735 1780 ἐστιν
1757 1754 1868 1789 ἰσχυρὸς
1892 1770 1896 1777 .,

1077 1802 1124 1828 καὶ
1139 1801 1372 1837 μεγαλοδύναμος,
1386 1801 1473 1836 ἀλλ’ἢ
1490 1801 1594 1836 Ἰησοῦς
1609 1801 1726 1836 Χριστὸς
1738 1802 1752 1827 ὁ
1765 1800 1869 1835 Κύριός
1894 1832 1898 1835 _

1078 1856 1128 1883 μου
1151 1848 1197 1873 καὶ
1210 1847 1295 1880 Θεός;
1314 1847 1371 1873 Οὐκ
1384 1846 1446 1873 ἐστε
1466 1846 1556 1881 ὑμεῖς,
1572 1847 1598 1873 ot
1621 1846 1752 1882 Ἑϐραῖοι,
1769 1847 1799 1873 ὲν
1820 1843 1889 1872 αἴν’Δ
1924 1848 1928 1849 ⁷

1078 1893 1162 1929 σχύνῃ
1176 1893 1222 1920 καὶ
1238 1894 1267 1920 ὲν
1281 1894 1370 1929 τροπῇ
1386 1893 1513 1929 μεγίστῃ,
1524 1892 1562 1924 ὡς
1573 1893 1764 1924 ἀντιπεσόντες
1774 1893 1867 1928 αὐτῷ,
1887 1894 1891 1897 “
1916 1927 1921 1929 α

1077 1937 1126 1964 καὶ
1153 1937 1245 1973 ἀκμὴν
1270 1938 1472 1972 ἀντικείμενοι;
1505 1938 1543 1964 Οὐ
1571 1938 1712 1971 πεφύκατε
1742 1938 1780 1969 ὡς
1816 1939 1886 1964 οὐκ·
1916 1939 1918 1941 ’

1077 1983 1170 2015 ὄντες
1188 1983 1242 2009 Ποῦ
1259 1983 1314 2018 γὰρ
1341 1983 1389 2010 καὶ
1410 1983 1581 2019 καθορᾶσοε;
1597 1985 1707 2018 Ζητείτε
1727 1984 1751 2010 οἱ
1773 1983 1870 2019 ἐχθροὶ
1888 1998 1891 2000 >
1911 1983 1913 1986 ’

1077 2028 1124 2055 τοῦ
1145 2029 1366 2064 ὲσταυρωμένου,
1383 2029 1431 2056 καὶ
1455 2030 1505 2064 οὐχ
1530 2029 1683 2065 εὑρίσκετε,
1710 2030 1776 2056 διότι
1796 2038 1868 2065 παρ·

1082 2075 1207 2111 ῳνήσατε
1236 2076 1446 2111 σταυρώσαντες
1473 2076 1519 2102 τὸν
1535 2076 1640 2103 δίκαιον
1653 2077 1699 2102 καὶ
1721 2076 1798 2110 ἅγιον
1820 2074 1888 2102 κατ

1078 2120 1282 2156 ἀναμάρτητον.
1295 2122 1414 2149 Γὶνωσκε
1427 2121 1474 2149 οὖν
1495 2122 1536 2148 ὅτι
1555 2123 1618 2158 περὶ
1629 2121 1705 2157 ὑμῶν
1718 2122 1868 2156 λελάληκεν
1912 2118 1914 2123 ’

1078 2168 1092 2193 ὁ
1105 2167 1259 2203 προφήτης,
1274 2168 1315 2194 ὅτι
1332 2167 1411 2195 Ἰδοὺ
1423 2168 1683 2203 αἰσχιυλθήσονται
1700 2168 1746 2194 καὶ
1763 2168 1868 2200 ἐντρα-

1073 2214 1224 2247 πήσονται
1239 2214 1351 2247 πάντες
1365 2216 1392 2241 οἰ
1412 2214 1611 2248 ἀντικείμενοι
1625 2222 1684 2241 σοι.
1704 2214 1797 2245 Οὐδεὶς
1812 2216 1869 2249 γὰρ

1073 2260 1201 2287 τοσοῦτον
1218 2260 1372 2287 ἀντίκειται
1387 2260 1425 2295 τῷ
1442 2261 1537 2296 Κυρίῳ
1553 2269 1603 2294 μου
1624 2259 1713 2295 Ἰησοῦ
1734 2260 1847 2295 Χριστῷ
1859 2279 1868 2290 .

1074 2306 1111 2337 ὡς
1124 2306 1213 2341 ὑμεῖς,
1229 2307 1254 2333 οἱ
1270 2306 1479 2341 ὲπικατάρςιτοι,
1494 2306 1518 2332 ot
1529 2306 1648 2333 ἄπιστοι.
1665 2305 1698 2332 Οῑ
1710 2305 1764 2340 γὰρ
1774 2306 1805 2332 ἐκ
1813 2302 1884 2331 τ‹’ῖιν”

1076 2351 1165 2379 ἄλλων
1190 2352 1323 2386 αἱρέσεων
1350 2352 1570 2382 ἀντιπίπτοντες,
1593 2350 1715 2385 μερικῶς
1739 2349 1777 2381 ὡς
1799 2351 1904 2384 πρῖιςεη

1075 2397 1148 2432 ὑμᾶς
1165 2397 1348 2423 ἐναντιοῦνται
1363 2397 1447 2432 αὐτῷ.
1460 2397 1515 2424 Καὶ
1529 2396 1628 2432 μηκέτι
1639 2395 1804 2431 λογοτριὸὧν
1819 2404 1870 2421 πε·
1907 2390 1913 2398 “

1076 2444 1171 2480 ριέιγου
1197 2453 1251 2479 μοι,
1267 2441 1289 2470 ὧ
1311 2444 1432 2472 Ὶουδαῖε.
1457 2443 1630 2478 ὐφθαλμοὺς
1644 2443 1698 2478 γάρ
1720 2451 1765 2478 μοι
1785 2438 1901 2489 δέδωαὲ

1077 2497 1124 2516 κεν
1136 2489 1150 2515 ὁ
1164 2489 1231 2521 Θεὸς
1243 2490 1366 2525 νοεροὺς,
1380 2491 1426 2517 καὶ
1445 2489 1607 2521 κατοπτεύω
1626 2489 1675 2524 τὴν
1696 2489 1724 2515 ἐν
1735 2488 1774 2523 τῷ
1791 2484 1928 2523 βάθει’έι

1077 2535 1127 2570 τῆς
1137 2535 1218 2569 ἁγίας
1229 2535 1341 2571 Γραφῆς
1356 2535 1486 2570 κειμένην
1500 2535 1639 2570 ἀλήθειαν.
1649 2535 1684 2560 Σὺ
1700 2534 1728 2561 δὲ
1743 2534 1868 2568 τυφλὼτ-
1916 2545 1934 2551 --
1947 2530 1950 2535 “

1079 2589 1144 2612 των,
1161 2581 1288 2608 δελεάσαι
1304 2590 1336 2616 με
1355 2582 1385 2608 οὐ
1399 2581 1513 2617 δυνήσῃ.
1795 2584 1811 2595 ί
1829 2599 1850 2614 ‘J
1864 2581 1898 2613 "7,,

232 2626 251 2646 ο
268 2617 377 2652 Ιυᾱσὲο,
414 2627 571 2647 sermonem
601 2620 629 2647 in
653 2628 754 2648 vanum
778 2627 926 2650 conterens
952 2624 1156 2654 circumducas.
1176 2628 1244 2655 Nam
1265 2628 1332 2655 mihi
1364 2629 1436 2656 Deus
1463 2628 1540 2656 dedit
1573 2629 1669 2656 oculos
1694 2626 1819 2655 eruditos
1842 2632 1872 2654 et

229 2666 424 2701 intelligentes,
448 2666 550 2701 quibus
568 2674 619 2702 ego
636 2668 718 2696 etiam
751 2669 776 2695 in
809 2670 948 2703 profundo
964 2679 1048 2700 sacrae
1071 2674 1221 2710 Scripturae
1232 2675 1437 2704 delitescentem
1447 2675 1590 2703 veritatem
1601 2673 1868 2710 penitusperspicio.

228 2711 270 2740 Tu
285 2721 351 2742 vero
364 2714 513 2741 cmcutiens
525 2713 650 2743 inescare
666 2723 710 2743 me
723 2723 778 2743 non
794 2718 908 2751 poteris.

995 2774 1112 2802 ΝΟΤᾸῖ.

265 2817 321 2854 (Si?)
336 2817 378 2854 Al.
396 2817 533 2854 ἀπειθείᾳ.
550 2817 631 2854 Forte
645 2817 798 2854 εὐπειθείᾳ.
814 2818 917 2847 Getes.

265 2852 320 2887 (98)
341 2852 558 2886 Χρηματίζεται.
587 2852 666 2879 Forte
682 2852 859 2889 χρηματίζει.
879 2855 917 2882 In.

1118 2821 1172 2856 (99)
1199 2822 1324 2856 Ἀκρεῗς.
1348 2822 1428 2849 Forte
1445 2821 1566 2857 ἀκρίδες.
1583 2821 1621 2849 In.
