  <div class='ocr_page' id='page_1' title='image "/cluster/home/n/w/nwhite01/storage/ocr_20150623/86,pt.1/njp.32101007877465/436.png"; bbox 0 0 1967 3091; ppageno 0'>
   <div class='ocr_carea' id='block_1_1' title="bbox 163 122 217 153">
    <p class='ocr_par' dir='ltr' id='par_1_1' title="bbox 163 122 217 153">
     <span class='ocr_line' id='line_1_1' title="bbox 163 122 217 153; baseline 0 0"><span class='ocrx_word' id='word_1_1' title='bbox 163 122 217 153; x_wconf 66' lang='grc' dir='ltr'><strong>τίς)</strong></span> 
     </span>
    </p>
   </div>
   <div class='ocr_carea' id='block_1_2' title="bbox 642 120 1327 152">
    <p class='ocr_par' dir='ltr' id='par_1_2' title="bbox 642 120 1327 152">
     <span class='ocr_line' id='line_1_2' title="bbox 642 120 1327 152; baseline 0.001 -1"><span class='ocrx_word' id='word_1_2' title='bbox 642 121 870 151; x_wconf 84' lang='lat' dir='ltr'><strong>DISPUTATIO</strong></span> <span class='ocrx_word' id='word_1_3' title='bbox 890 121 969 151; x_wconf 82' lang='lat' dir='ltr'><strong>CUM</strong></span> <span class='ocrx_word' id='word_1_4' title='bbox 988 120 1169 150; x_wconf 79' lang='lat' dir='ltr'><strong>IIERBANO</strong></span> <span class='ocrx_word' id='word_1_5' title='bbox 1185 122 1327 152; x_wconf 76' lang='lat' dir='ltr'><strong>JUD/EO.</strong></span> 
     </span>
    </p>
   </div>
   <div class='ocr_carea' id='block_1_3' title="bbox 1733 123 1785 153">
    <p class='ocr_par' dir='ltr' id='par_1_3' title="bbox 1733 123 1785 153">
     <span class='ocr_line' id='line_1_3' title="bbox 1733 123 1785 153; baseline -0.038 0"><span class='ocrx_word' id='word_1_6' title='bbox 1733 123 1785 153; x_wconf 83' lang='grc'><strong>750</strong></span> 
     </span>
    </p>
   </div>
   <div class='ocr_carea' id='block_1_4' title="bbox 69 164 941 213">
    <p class='ocr_par' dir='ltr' id='par_1_4' title="bbox 69 164 940 210">
     <span class='ocr_line' id='line_1_4' title="bbox 69 164 940 210; baseline -0.003 -7"><span class='ocrx_word' id='word_1_7' title='bbox 69 167 99 198; x_wconf 53' lang='grc' dir='ltr'><strong>ῗῖ</strong></span> <span class='ocrx_word' id='word_1_8' title='bbox 109 172 129 193; x_wconf 44' lang='grc' dir='ltr'><strong>ίκ</strong></span> <span class='ocrx_word' id='word_1_9' title='bbox 139 164 249 210; x_wconf 44' lang='grc' dir='ltr'>θλαιτῖς</span> <span class='ocrx_word' id='word_1_10' title='bbox 262 176 322 203; x_wconf 74' lang='grc' dir='ltr'><strong>τῶν</strong></span> <span class='ocrx_word' id='word_1_11' title='bbox 334 175 429 203; x_wconf 80' lang='grc' dir='ltr'><strong>ἐθνῶν</strong></span> <span class='ocrx_word' id='word_1_12' title='bbox 442 174 500 209; x_wconf 70' lang='grc' dir='ltr'>τὴν</span> <span class='ocrx_word' id='word_1_13' title='bbox 512 175 641 210; x_wconf 76' lang='grc' dir='ltr'>δύναμιν</span> <span class='ocrx_word' id='word_1_14' title='bbox 651 184 709 203; x_wconf 86' lang='grc' dir='ltr'><strong>σου</strong></span> <span class='ocrx_word' id='word_1_15' title='bbox 722 196 729 209; x_wconf 91' lang='grc'>,</span> <span class='ocrx_word' id='word_1_16' title='bbox 756 176 805 203; x_wconf 79' lang='grc' dir='ltr'>καὶ</span> <span class='ocrx_word' id='word_1_17' title='bbox 826 175 940 209; x_wconf 73' lang='grc' dir='ltr'><strong>ἑλιττρὼ</strong></span> 
     </span>
    </p>
   </div>
   <div class='ocr_carea' id='block_1_5' title="bbox 998 164 1784 213">
    <p class='ocr_par' dir='ltr' id='par_1_5' title="bbox 1003 175 1784 213">
     <span class='ocr_line' id='line_1_5' title="bbox 1003 175 1784 213; baseline 0.003 -11"><span class='ocrx_word' id='word_1_18' title='bbox 1003 175 1128 211; x_wconf 81' lang='lat' dir='ltr'><strong>populum</strong></span> <span class='ocrx_word' id='word_1_19' title='bbox 1144 180 1230 209; x_wconf 85' lang='lat' dir='ltr'><strong>tuum,</strong></span> <span class='ocrx_word' id='word_1_20' title='bbox 1251 177 1322 204; x_wconf 87' lang='lat' dir='ltr'><strong>ﬁlios</strong></span> <span class='ocrx_word' id='word_1_21' title='bbox 1343 177 1464 213; x_wconf 80' lang='lat' dir='ltr'><strong>gentium</strong></span> <span class='ocrx_word' id='word_1_22' title='bbox 1480 182 1508 204; x_wconf 86' lang='lat' dir='ltr'><strong>et</strong></span> <span class='ocrx_word' id='word_1_23' title='bbox 1524 177 1659 204; x_wconf 80' lang='lat' dir='ltr'><strong>cultorum</strong></span> <span class='ocrx_word' id='word_1_24' title='bbox 1674 177 1784 205; x_wconf 88' lang='lat' dir='ltr'><strong>simula-</strong></span> 
     </span>
    </p>
   </div>
   <div class='ocr_carea' id='block_1_6' title="bbox 105 221 950 255">
    <p class='ocr_par' dir='ltr' id='par_1_6' title="bbox 105 221 950 255">
     <span class='ocr_line' id='line_1_6' title="bbox 105 221 950 255; baseline -0.004 -5"><span class='ocrx_word' id='word_1_25' title='bbox 105 221 119 238; x_wconf 67' lang='lat'><strong>“</strong></span> <span class='ocrx_word' id='word_1_26' title='bbox 134 222 147 235; x_wconf 73' lang='grc'><strong>”</strong></span> <span class='ocrx_word' id='word_1_27' title='bbox 162 231 208 250; x_wconf 87' lang='grc' dir='ltr'><strong>σω</strong></span> <span class='ocrx_word' id='word_1_28' title='bbox 222 223 257 249; x_wconf 79' lang='grc' dir='ltr'><strong>ὲν</strong></span> <span class='ocrx_word' id='word_1_29' title='bbox 272 222 312 254; x_wconf 86' lang='grc' dir='ltr'><strong>τῷ</strong></span> <span class='ocrx_word' id='word_1_30' title='bbox 323 221 466 255; x_wconf 80' lang='grc' dir='ltr'>,βραχίονι</span> <span class='ocrx_word' id='word_1_31' title='bbox 479 228 537 247; x_wconf 87' lang='grc' dir='ltr'>σου</span> <span class='ocrx_word' id='word_1_32' title='bbox 552 221 605 247; x_wconf 83' lang='grc' dir='ltr'><strong>τὸν</strong></span> <span class='ocrx_word' id='word_1_33' title='bbox 616 221 694 248; x_wconf 75' lang='grc' dir='ltr'><em>λαόν</em></span> <span class='ocrx_word' id='word_1_34' title='bbox 703 228 774 254; x_wconf 82' lang='grc' dir='ltr'>σου,</span> <span class='ocrx_word' id='word_1_35' title='bbox 798 222 861 252; x_wconf 82' lang='grc' dir='ltr'>τοὺς</span> <span class='ocrx_word' id='word_1_36' title='bbox 877 221 950 251; x_wconf 80' lang='grc' dir='ltr'>υίοὺς</span> 
     </span>
    </p>
   </div>
   <div class='ocr_carea' id='block_1_7' title="bbox 121 265 950 301">
    <p class='ocr_par' dir='ltr' id='par_1_7' title="bbox 121 265 950 301">
     <span class='ocr_line' id='line_1_7' title="bbox 121 265 950 301; baseline -0.004 -8"><span class='ocrx_word' id='word_1_37' title='bbox 121 275 124 281; x_wconf 87' lang='grc'>·</span> <span class='ocrx_word' id='word_1_38' title='bbox 141 269 153 288; x_wconf 61' lang='grc' dir='ltr'>τι</span> <span class='ocrx_word' id='word_1_39' title='bbox 162 268 217 294; x_wconf 77' lang='grc' dir='ltr'>τῶν</span> <span class='ocrx_word' id='word_1_40' title='bbox 227 266 312 293; x_wconf 77' lang='grc' dir='ltr'>ἐθνῶν</span> <span class='ocrx_word' id='word_1_41' title='bbox 319 266 372 292; x_wconf 84' lang='grc' dir='ltr'><strong>τῶν</strong></span> <span class='ocrx_word' id='word_1_42' title='bbox 385 265 596 301; x_wconf 81' lang='grc' dir='ltr'>εἰδωλολατρῶν·</span> <span class='ocrx_word' id='word_1_43' title='bbox 607 266 675 299; x_wconf 81' lang='grc' dir='ltr'>ἀλλ’,</span> <span class='ocrx_word' id='word_1_44' title='bbox 684 265 950 299; x_wconf 76' lang='grc' dir='ltr'><strong>Ἐλυτρὼσω,φησὶ,</strong></span> 
     </span>
    </p>
   </div>
   <div class='ocr_carea' id='block_1_8' title="bbox 122 307 948 344">
    <p class='ocr_par' dir='ltr' id='par_1_8' title="bbox 122 307 948 344">
     <span class='ocr_line' id='line_1_8' title="bbox 122 307 948 344; baseline -0.002 -5"><span class='ocrx_word' id='word_1_45' title='bbox 122 307 217 339; x_wconf 35' lang='lat' dir='ltr'><strong>ora)?</strong></span> <span class='ocrx_word' id='word_1_46' title='bbox 239 313 316 339; x_wconf 79' lang='grc' dir='ltr'>λαόν</span> <span class='ocrx_word' id='word_1_47' title='bbox 337 320 406 342; x_wconf 85' lang='grc' dir='ltr'>σου.</span> <span class='ocrx_word' id='word_1_48' title='bbox 434 311 504 344; x_wconf 80' lang='grc' dir='ltr'>τοὺς</span> <span class='ocrx_word' id='word_1_49' title='bbox 525 313 610 344; x_wconf 72' lang='grc' dir='ltr'>υἱοὺς</span> <span class='ocrx_word' id='word_1_50' title='bbox 628 311 732 338; x_wconf 78' lang='grc' dir='ltr'>Ἰακὼϐ</span> <span class='ocrx_word' id='word_1_51' title='bbox 752 311 801 338; x_wconf 77' lang='grc' dir='ltr'>καὶ</span> <span class='ocrx_word' id='word_1_52' title='bbox 821 310 948 344; x_wconf 68' lang='grc' dir='ltr'>Ὶωσήφ;</span> 
     </span>
    </p>
   </div>
   <div class='ocr_carea' id='block_1_9' title="bbox 122 350 714 392">
    <p class='ocr_par' dir='ltr' id='par_1_9' title="bbox 122 350 714 392">
     <span class='ocr_line' id='line_1_9' title="bbox 122 350 714 392; baseline -0.003 -7"><span class='ocrx_word' id='word_1_53' title='bbox 158 358 305 385; x_wconf 78' lang='grc' dir='ltr'>’Ἐνταῦοὰ</span> <span class='ocrx_word' id='word_1_54' title='bbox 324 366 368 392; x_wconf 80' lang='grc' dir='ltr'><strong>μοι</strong></span> <span class='ocrx_word' id='word_1_55' title='bbox 383 357 459 389; x_wconf 79' lang='grc' dir='ltr'>λέξον</span> <span class='ocrx_word' id='word_1_56' title='bbox 472 359 506 383; x_wconf 76' lang='grc' dir='ltr'><strong>τὰ</strong></span> <span class='ocrx_word' id='word_1_57' title='bbox 519 357 649 383; x_wconf 79' lang='grc' dir='ltr'>δοκοῦντά</span> <span class='ocrx_word' id='word_1_58' title='bbox 662 365 714 383; x_wconf 80' lang='grc' dir='ltr'>σοι.</span> 
     </span>
    </p>
   </div>
   <div class='ocr_carea' id='block_1_10' title="bbox 130 395 948 436">
    <p class='ocr_par' dir='ltr' id='par_1_10' title="bbox 130 395 948 436">
     <span class='ocr_line' id='line_1_10' title="bbox 130 395 948 436; baseline -0.004 -6"><span class='ocrx_word' id='word_1_59' title='bbox 130 403 141 415; x_wconf 52' lang='grc' dir='ltr'>ί</span> <span class='ocrx_word' id='word_1_60' title='bbox 162 395 183 426; x_wconf 49' lang='grc' dir='ltr'><strong>ί</strong></span> <span class='ocrx_word' id='word_1_61' title='bbox 200 405 255 430; x_wconf 77' lang='grc' dir='ltr'><strong>Καὶ</strong></span> <span class='ocrx_word' id='word_1_62' title='bbox 272 405 291 429; x_wconf 98' lang='lat'><strong>0</strong></span> <span class='ocrx_word' id='word_1_63' title='bbox 308 403 418 430; x_wconf 81' lang='grc' dir='ltr'><strong>ΔΓΙΟΣ.</strong></span> <span class='ocrx_word' id='word_1_64' title='bbox 438 404 495 429; x_wconf 76' lang='grc' dir='ltr'><strong>Οὐκ</strong></span> <span class='ocrx_word' id='word_1_65' title='bbox 515 402 572 429; x_wconf 76' lang='grc' dir='ltr'>ἔστι</span> <span class='ocrx_word' id='word_1_66' title='bbox 593 403 686 435; x_wconf 80' lang='grc' dir='ltr'>καιρὸς</span> <span class='ocrx_word' id='word_1_67' title='bbox 701 403 748 429; x_wconf 82' lang='grc' dir='ltr'><strong>τοῦ</strong></span> <span class='ocrx_word' id='word_1_68' title='bbox 763 401 948 436; x_wconf 79' lang='grc' dir='ltr'>ἀποκριθῆναί</span> 
     </span>
    </p>
   </div>
   <div class='ocr_carea' id='block_1_11' title="bbox 111 448 772 484">
    <p class='ocr_par' dir='ltr' id='par_1_11' title="bbox 111 448 772 484">
     <span class='ocr_line' id='line_1_11' title="bbox 111 448 772 484; baseline -0.003 -9"><span class='ocrx_word' id='word_1_69' title='bbox 111 462 127 476; x_wconf 66' lang='grc' dir='ltr'><strong>ι,</strong></span> <span class='ocrx_word' id='word_1_70' title='bbox 149 456 203 479; x_wconf 83' lang='grc' dir='ltr'>’σε,</span> <span class='ocrx_word' id='word_1_71' title='bbox 220 449 405 480; x_wconf 77' lang='grc' dir='ltr'>ἁναιδέστατε,</span> <span class='ocrx_word' id='word_1_72' title='bbox 421 449 469 483; x_wconf 77' lang='grc' dir='ltr'><strong>τῆς</strong></span> <span class='ocrx_word' id='word_1_73' title='bbox 481 449 554 484; x_wconf 80' lang='grc' dir='ltr'>ὧρας</span> <span class='ocrx_word' id='word_1_74' title='bbox 566 448 772 483; x_wconf 84' lang='grc' dir='ltr'>παρῳχηκυίας.</span> 
     </span>
    </p>
   </div>
   <div class='ocr_carea' id='block_1_12' title="bbox 162 493 949 530">
    <p class='ocr_par' dir='ltr' id='par_1_12' title="bbox 162 493 949 530">
     <span class='ocr_line' id='line_1_12' title="bbox 162 493 949 530; baseline -0.003 -10"><span class='ocrx_word' id='word_1_75' title='bbox 198 495 343 530; x_wconf 80' lang='grc' dir='ltr'><strong>Ἐξανέστη</strong></span> <span class='ocrx_word' id='word_1_76' title='bbox 364 493 410 521; x_wconf 70' lang='grc' dir='ltr'>οὖν</span> <span class='ocrx_word' id='word_1_77' title='bbox 426 496 440 520; x_wconf 89' lang='grc' dir='ltr'><em>ὁ</em></span> <span class='ocrx_word' id='word_1_78' title='bbox 455 494 599 528; x_wconf 77' lang='grc' dir='ltr'>βασιλεὺς,</span> <span class='ocrx_word' id='word_1_79' title='bbox 623 493 670 520; x_wconf 78' lang='grc' dir='ltr'><strong>καὶ</strong></span> <span class='ocrx_word' id='word_1_80' title='bbox 686 493 795 528; x_wconf 76' lang='grc' dir='ltr'><strong>διελύθη</strong></span> <span class='ocrx_word' id='word_1_81' title='bbox 812 493 843 519; x_wconf 81' lang='grc' dir='ltr'>τὺ</span> <span class='ocrx_word' id='word_1_82' title='bbox 859 493 949 519; x_wconf 84' lang='grc' dir='ltr'>σελέν-</span> 
     </span>
    </p>
   </div>
   <div class='ocr_carea' id='block_1_13' title="bbox 127 538 946 577">
    <p class='ocr_par' dir='ltr' id='par_1_13' title="bbox 127 538 946 577">
     <span class='ocr_line' id='line_1_13' title="bbox 127 538 946 577; baseline -0.006 -8"><span class='ocrx_word' id='word_1_83' title='bbox 127 538 141 573; x_wconf 50' lang='grc' dir='ltr'><em>ἕ</em></span> <span class='ocrx_word' id='word_1_84' title='bbox 154 543 218 569; x_wconf 56' lang='lat' dir='ltr'><strong>“nov</strong></span> <span class='ocrx_word' id='word_1_85' title='bbox 231 541 299 577; x_wconf 72' lang='grc'><strong>(51).</strong></span> <span class='ocrx_word' id='word_1_86' title='bbox 323 541 384 566; x_wconf 86' lang='grc' dir='ltr'>Τῶν</span> <span class='ocrx_word' id='word_1_87' title='bbox 399 540 428 566; x_wconf 83' lang='grc' dir='ltr'><strong>δὲ</strong></span> <span class='ocrx_word' id='word_1_88' title='bbox 443 540 578 566; x_wconf 81' lang='grc' dir='ltr'><strong>Ἰουδαίων</strong></span> <span class='ocrx_word' id='word_1_89' title='bbox 600 540 645 566; x_wconf 70' lang='grc' dir='ltr'>ἐπὶ</span> <span class='ocrx_word' id='word_1_90' title='bbox 661 539 690 565; x_wconf 80' lang='grc' dir='ltr'><strong>τὸ</strong></span> <span class='ocrx_word' id='word_1_91' title='bbox 703 539 768 565; x_wconf 84' lang='grc' dir='ltr'>αὐτὸ</span> <span class='ocrx_word' id='word_1_92' title='bbox 783 539 946 573; x_wconf 84' lang='grc' dir='ltr'><strong>γεγονότων,</strong></span> 
     </span>
    </p>
   </div>
   <div class='ocr_carea' id='block_1_14' title="bbox 39 579 947 622">
    <p class='ocr_par' dir='ltr' id='par_1_14' title="bbox 39 579 947 622">
     <span class='ocr_line' id='line_1_14' title="bbox 39 579 947 622; baseline -0.002 -9"><span class='ocrx_word' id='word_1_93' title='bbox 39 579 74 602; x_wconf 38' lang='grc' dir='ltr'>λ’</span> <span class='ocrx_word' id='word_1_94' title='bbox 101 587 147 618; x_wconf 57' lang='lat'><strong>(“2</strong></span> <span class='ocrx_word' id='word_1_95' title='bbox 161 590 208 614; x_wconf 66' lang='grc' dir='ltr'><strong>καὶ</strong></span> <span class='ocrx_word' id='word_1_96' title='bbox 236 586 462 622; x_wconf 77' lang='grc' dir='ltr'><strong>καραδοκούντων</strong></span> <span class='ocrx_word' id='word_1_97' title='bbox 490 587 559 621; x_wconf 79' lang='grc' dir='ltr'>πρδς</span> <span class='ocrx_word' id='word_1_98' title='bbox 587 585 636 621; x_wconf 83' lang='grc' dir='ltr'>τὴν</span> <span class='ocrx_word' id='word_1_99' title='bbox 661 585 746 612; x_wconf 77' lang='grc' dir='ltr'>ἕωθεν</span> <span class='ocrx_word' id='word_1_100' title='bbox 774 585 947 617; x_wconf 82' lang='grc' dir='ltr'><strong>συνέλευσιν,</strong></span> 
     </span>
    </p>
   </div>
   <div class='ocr_carea' id='block_1_15' title="bbox 126 631 949 668">
    <p class='ocr_par' dir='ltr' id='par_1_15' title="bbox 126 631 949 668">
     <span class='ocr_line' id='line_1_15' title="bbox 126 631 949 668; baseline -0.002 -9"><span class='ocrx_word' id='word_1_101' title='bbox 126 641 138 667; x_wconf 67' lang='grc' dir='ltr'><strong>Α,</strong></span> <span class='ocrx_word' id='word_1_102' title='bbox 160 634 287 668; x_wconf 78' lang='grc' dir='ltr'>ἔχαιρον,</span> <span class='ocrx_word' id='word_1_103' title='bbox 316 633 356 658; x_wconf 73' lang='grc' dir='ltr'>ὅτι</span> <span class='ocrx_word' id='word_1_104' title='bbox 381 631 493 666; x_wconf 75' lang='grc' dir='ltr'>ἐξήρκει</span> <span class='ocrx_word' id='word_1_105' title='bbox 517 632 616 667; x_wconf 78' lang='grc' dir='ltr'><strong>Ἐρόᾶν</strong></span> <span class='ocrx_word' id='word_1_106' title='bbox 638 631 706 667; x_wconf 63' lang='grc' dir='ltr'>πρὸς</span> <span class='ocrx_word' id='word_1_107' title='bbox 723 632 772 662; x_wconf 84' lang='grc' dir='ltr'><strong>τὰς</strong></span> <span class='ocrx_word' id='word_1_108' title='bbox 788 632 949 666; x_wconf 77' lang='grc' dir='ltr'><strong>ἀποκρίσεις</strong></span> 
     </span>
    </p>
   </div>
   <div class='ocr_carea' id='block_1_16' title="bbox 107 669 948 714">
    <p class='ocr_par' dir='ltr' id='par_1_16' title="bbox 107 669 948 714">
     <span class='ocr_line' id='line_1_16' title="bbox 107 669 948 714; baseline -0.005 -8"><span class='ocrx_word' id='word_1_109' title='bbox 107 669 142 701; x_wconf 30' lang='lat' dir='ltr'><strong>ul“</strong></span> <span class='ocrx_word' id='word_1_110' title='bbox 159 680 207 706; x_wconf 81' lang='grc' dir='ltr'><strong>τοῦ</strong></span> <span class='ocrx_word' id='word_1_111' title='bbox 229 679 459 714; x_wconf 77' lang='grc' dir='ltr'>ἀρχιεπισκόπου,</span> <span class='ocrx_word' id='word_1_112' title='bbox 485 678 532 704; x_wconf 54' lang='grc' dir='ltr'>καὶ</span> <span class='ocrx_word' id='word_1_113' title='bbox 551 677 763 712; x_wconf 68' lang='grc' dir='ltr'>παρεθάρρυνον</span> <span class='ocrx_word' id='word_1_114' title='bbox 779 676 871 708; x_wconf 70' lang='grc' dir='ltr'>αὑτὸν,</span> <span class='ocrx_word' id='word_1_115' title='bbox 895 677 948 711; x_wconf 82' lang='grc' dir='ltr'><strong>φά-</strong></span> 
     </span>
    </p>
   </div>
   <div class='ocr_carea' id='block_1_17' title="bbox 109 723 949 758">
    <p class='ocr_par' dir='ltr' id='par_1_17' title="bbox 109 723 949 758">
     <span class='ocr_line' id='line_1_17' title="bbox 109 723 949 758; baseline -0.004 -7"><span class='ocrx_word' id='word_1_116' title='bbox 109 740 111 753; x_wconf 59' lang='grc' dir='ltr'>ς</span> <span class='ocrx_word' id='word_1_117' title='bbox 161 732 283 755; x_wconf 80' lang='grc' dir='ltr'>σκοντες⁶</span> <span class='ocrx_word' id='word_1_118' title='bbox 299 724 382 750; x_wconf 84' lang='grc' dir='ltr'>Λάλει</span> <span class='ocrx_word' id='word_1_119' title='bbox 396 723 553 757; x_wconf 78' lang='grc' dir='ltr'><strong>τοιγαροῦν,</strong></span> <span class='ocrx_word' id='word_1_120' title='bbox 570 723 617 749; x_wconf 79' lang='grc' dir='ltr'><strong>καὶ</strong></span> <span class='ocrx_word' id='word_1_121' title='bbox 633 723 669 758; x_wconf 84' lang='grc' dir='ltr'><strong>μὴ</strong></span> <span class='ocrx_word' id='word_1_122' title='bbox 682 723 779 757; x_wconf 76' lang='grc' dir='ltr'>φοϐοῦ·</span> <span class='ocrx_word' id='word_1_123' title='bbox 793 724 807 749; x_wconf 87' lang='grc' dir='ltr'><strong><em>ὁ</em></strong></span> <span class='ocrx_word' id='word_1_124' title='bbox 817 723 883 753; x_wconf 83' lang='grc' dir='ltr'><strong>Θεὸς</strong></span> <span class='ocrx_word' id='word_1_125' title='bbox 893 724 949 758; x_wconf 76' lang='grc' dir='ltr'><strong>γάρ</strong></span> 
     </span>
    </p>
   </div>
   <div class='ocr_carea' id='block_1_18' title="bbox 160 768 947 805">
    <p class='ocr_par' dir='ltr' id='par_1_18' title="bbox 160 768 947 805">
     <span class='ocr_line' id='line_1_18' title="bbox 160 768 947 805; baseline -0.001 -9"><span class='ocrx_word' id='word_1_126' title='bbox 160 770 219 796; x_wconf 74' lang='grc' dir='ltr'>ἐστι</span> <span class='ocrx_word' id='word_1_127' title='bbox 246 770 315 805; x_wconf 80' lang='grc' dir='ltr'>μετὰ</span> <span class='ocrx_word' id='word_1_128' title='bbox 338 769 395 796; x_wconf 85' lang='grc' dir='ltr'>σοῦ.</span> <span class='ocrx_word' id='word_1_129' title='bbox 426 769 455 795; x_wconf 89' lang='lat'><strong>&#39;0</strong></span> <span class='ocrx_word' id='word_1_130' title='bbox 476 769 505 795; x_wconf 73' lang='grc' dir='ltr'><strong>δὲ</strong></span> <span class='ocrx_word' id='word_1_131' title='bbox 530 769 629 804; x_wconf 77' lang='grc' dir='ltr'>Ἐρόᾶν</span> <span class='ocrx_word' id='word_1_132' title='bbox 645 768 738 802; x_wconf 77' lang='grc' dir='ltr'>ἔλεγεν</span> <span class='ocrx_word' id='word_1_133' title='bbox 754 769 821 803; x_wconf 73' lang='grc' dir='ltr'>πρὸς</span> <span class='ocrx_word' id='word_1_134' title='bbox 833 768 947 800; x_wconf 79' lang='grc' dir='ltr'>αὐτούς·</span> 
     </span>
    </p>
   </div>
   <div class='ocr_carea' id='block_1_19' title="bbox 116 807 948 850">
    <p class='ocr_par' dir='ltr' id='par_1_19' title="bbox 116 807 948 850">
     <span class='ocr_line' id='line_1_19' title="bbox 116 807 948 850; baseline -0.002 -8"><span class='ocrx_word' id='word_1_135' title='bbox 116 807 135 834; x_wconf 41' lang='grc' dir='ltr'>ι’</span> <span class='ocrx_word' id='word_1_136' title='bbox 159 816 212 842; x_wconf 85' lang='grc' dir='ltr'>Τὸν</span> <span class='ocrx_word' id='word_1_137' title='bbox 234 815 319 850; x_wconf 80' lang='grc' dir='ltr'>ἄνδρα</span> <span class='ocrx_word' id='word_1_138' title='bbox 342 816 425 849; x_wconf 80' lang='grc' dir='ltr'>ὅνπερ</span> <span class='ocrx_word' id='word_1_139' title='bbox 447 814 540 849; x_wconf 81' lang='grc' dir='ltr'><strong>βλέπω</strong></span> <span class='ocrx_word' id='word_1_140' title='bbox 559 814 625 848; x_wconf 78' lang='grc' dir='ltr'>ἐγὼ,</span> <span class='ocrx_word' id='word_1_141' title='bbox 650 815 699 840; x_wconf 83' lang='grc' dir='ltr'>καὶ</span> <span class='ocrx_word' id='word_1_142' title='bbox 711 815 761 849; x_wconf 79' lang='grc' dir='ltr'>τὴν</span> <span class='ocrx_word' id='word_1_143' title='bbox 775 814 883 840; x_wconf 87' lang='grc' dir='ltr'>σύνεσιν</span> <span class='ocrx_word' id='word_1_144' title='bbox 898 814 948 849; x_wconf 82' lang='grc' dir='ltr'>τὴν</span> 
     </span>
    </p>
   </div>
   <div class='ocr_carea' id='block_1_20' title="bbox 1001 222 1784 258">
    <p class='ocr_par' dir='ltr' id='par_1_20' title="bbox 1001 222 1784 258">
     <span class='ocr_line' id='line_1_20' title="bbox 1001 222 1784 258; baseline 0.003 -10"><span class='ocrx_word' id='word_1_145' title='bbox 1001 229 1130 249; x_wconf 87' lang='lat' dir='ltr'><strong>crorum:</strong></span> <span class='ocrx_word' id='word_1_146' title='bbox 1161 222 1209 250; x_wconf 88' lang='lat' dir='ltr'><strong>sed</strong></span> <span class='ocrx_word' id='word_1_147' title='bbox 1235 223 1380 255; x_wconf 77' lang='lat' dir='ltr'><strong>redemisti,</strong></span> <span class='ocrx_word' id='word_1_148' title='bbox 1404 223 1452 255; x_wconf 86' lang='lat' dir='ltr'><strong>ait,</strong></span> <span class='ocrx_word' id='word_1_149' title='bbox 1472 223 1598 258; x_wconf 83' lang='lat' dir='ltr'><strong>populum</strong></span> <span class='ocrx_word' id='word_1_150' title='bbox 1615 228 1699 256; x_wconf 79' lang='lat' dir='ltr'><strong>tuum,</strong></span> <span class='ocrx_word' id='word_1_151' title='bbox 1718 223 1784 258; x_wconf 76' lang='lat' dir='ltr'><strong>filios</strong></span> 
     </span>
    </p>
   </div>
   <div class='ocr_carea' id='block_1_21' title="bbox 999 267 1783 302">
    <p class='ocr_par' dir='ltr' id='par_1_21' title="bbox 999 267 1783 302">
     <span class='ocr_line' id='line_1_21' title="bbox 999 267 1783 302; baseline 0 -8"><span class='ocrx_word' id='word_1_152' title='bbox 999 267 1080 294; x_wconf 75' lang='lat' dir='ltr'><strong>Iacob</strong></span> <span class='ocrx_word' id='word_1_153' title='bbox 1100 272 1124 294; x_wconf 83' lang='lat' dir='ltr'><strong>et</strong></span> <span class='ocrx_word' id='word_1_154' title='bbox 1135 267 1230 302; x_wconf 76' lang='lat' dir='ltr'><strong>Ioseph</strong></span> <span class='ocrx_word' id='word_1_155' title='bbox 1244 268 1256 295; x_wconf 84' lang='lat'><strong><em>?</em></strong></span> <span class='ocrx_word' id='word_1_156' title='bbox 1268 268 1307 296; x_wconf 83' lang='lat' dir='ltr'><strong>Ad</strong></span> <span class='ocrx_word' id='word_1_157' title='bbox 1323 269 1398 296; x_wconf 87' lang='lat' dir='ltr'><strong>hunc</strong></span> <span class='ocrx_word' id='word_1_158' title='bbox 1412 269 1504 296; x_wconf 87' lang='lat' dir='ltr'><strong>locum</strong></span> <span class='ocrx_word' id='word_1_159' title='bbox 1524 267 1568 295; x_wconf 87' lang='lat' dir='ltr'><strong>dic</strong></span> <span class='ocrx_word' id='word_1_160' title='bbox 1583 268 1650 295; x_wconf 87' lang='lat' dir='ltr'><strong>mihi</strong></span> <span class='ocrx_word' id='word_1_161' title='bbox 1662 276 1722 302; x_wconf 75' lang='lat' dir='ltr'><strong>quae</strong></span> <span class='ocrx_word' id='word_1_162' title='bbox 1734 268 1783 294; x_wconf 85' lang='lat' dir='ltr'><strong>tibi</strong></span> 
     </span>
    </p>
   </div>
   <div class='ocr_carea' id='block_1_22' title="bbox 999 313 1139 341">
    <p class='ocr_par' dir='ltr' id='par_1_22' title="bbox 999 313 1139 341">
     <span class='ocr_line' id='line_1_22' title="bbox 999 313 1139 341; baseline 0.007 -1"><span class='ocrx_word' id='word_1_163' title='bbox 999 313 1139 341; x_wconf 85' lang='lat' dir='ltr'><strong>videntur.</strong></span> 
     </span>
    </p>
   </div>
   <div class='ocr_carea' id='block_1_23' title="bbox 1036 400 1784 438">
    <p class='ocr_par' dir='ltr' id='par_1_23' title="bbox 1036 400 1784 438">
     <span class='ocr_line' id='line_1_23' title="bbox 1036 400 1784 438; baseline -0.005 -8"><span class='ocrx_word' id='word_1_164' title='bbox 1036 402 1064 430; x_wconf 90' lang='lat' dir='ltr'><strong>S.</strong></span> <span class='ocrx_word' id='word_1_165' title='bbox 1075 402 1179 431; x_wconf 85' lang='lat' dir='ltr'><strong>ARCH.</strong></span> <span class='ocrx_word' id='word_1_166' title='bbox 1195 403 1391 438; x_wconf 75' lang='lat' dir='ltr'><strong>Respondendi</strong></span> <span class='ocrx_word' id='word_1_167' title='bbox 1406 407 1514 438; x_wconf 83' lang='lat' dir='ltr'><strong>tempus</strong></span> <span class='ocrx_word' id='word_1_168' title='bbox 1528 411 1584 431; x_wconf 90' lang='lat' dir='ltr'><strong>non</strong></span> <span class='ocrx_word' id='word_1_169' title='bbox 1599 406 1651 436; x_wconf 90' lang='lat' dir='ltr'><strong>est,</strong></span> <span class='ocrx_word' id='word_1_170' title='bbox 1665 409 1682 428; x_wconf 91' lang='grc' dir='ltr'><strong>ο</strong></span> <span class='ocrx_word' id='word_1_171' title='bbox 1693 400 1784 435; x_wconf 88' lang='lat' dir='ltr'><strong>impu-</strong></span> 
     </span>
    </p>
   </div>
   <div class='ocr_carea' id='block_1_24' title="bbox 1000 449 1589 485">
    <p class='ocr_par' dir='ltr' id='par_1_24' title="bbox 1000 449 1589 485">
     <span class='ocr_line' id='line_1_24' title="bbox 1000 449 1589 485; baseline 0.002 -9"><span class='ocrx_word' id='word_1_172' title='bbox 1000 449 1171 482; x_wconf 84' lang='lat' dir='ltr'><strong>dentissime,</strong></span> <span class='ocrx_word' id='word_1_173' title='bbox 1184 457 1246 477; x_wconf 88' lang='lat' dir='ltr'><strong>eum</strong></span> <span class='ocrx_word' id='word_1_174' title='bbox 1259 450 1315 485; x_wconf 86' lang='lat' dir='ltr'><strong>jam</strong></span> <span class='ocrx_word' id='word_1_175' title='bbox 1329 450 1495 485; x_wconf 65' lang='lat' dir='ltr'><strong>praeterierit</strong></span> <span class='ocrx_word' id='word_1_176' title='bbox 1511 449 1589 477; x_wconf 85' lang='lat' dir='ltr'><strong>hora.</strong></span> 
     </span>
    </p>
   </div>
   <div class='ocr_carea' id='block_1_25' title="bbox 1035 493 1785 530">
    <p class='ocr_par' dir='ltr' id='par_1_25' title="bbox 1035 493 1785 530">
     <span class='ocr_line' id='line_1_25' title="bbox 1035 493 1785 530; baseline -0.001 -9"><span class='ocrx_word' id='word_1_177' title='bbox 1035 494 1161 522; x_wconf 77' lang='lat' dir='ltr'><strong>Surrexit</strong></span> <span class='ocrx_word' id='word_1_178' title='bbox 1175 495 1258 530; x_wconf 79' lang='lat' dir='ltr'><strong>igitur</strong></span> <span class='ocrx_word' id='word_1_179' title='bbox 1276 503 1334 528; x_wconf 84' lang='lat' dir='ltr'><strong>rex,</strong></span> <span class='ocrx_word' id='word_1_180' title='bbox 1349 499 1377 523; x_wconf 87' lang='lat' dir='ltr'><strong>et</strong></span> <span class='ocrx_word' id='word_1_181' title='bbox 1393 495 1533 523; x_wconf 87' lang='lat' dir='ltr'><strong>silentium</strong></span> <span class='ocrx_word' id='word_1_182' title='bbox 1546 499 1657 530; x_wconf 87' lang='lat' dir='ltr'><strong>ruptum</strong></span> <span class='ocrx_word' id='word_1_183' title='bbox 1671 498 1722 521; x_wconf 89' lang='lat' dir='ltr'><strong>est.</strong></span> <span class='ocrx_word' id='word_1_184' title='bbox 1738 493 1785 521; x_wconf 87' lang='lat' dir='ltr'><strong>Ju-</strong></span> 
     </span>
    </p>
   </div>
   <div class='ocr_carea' id='block_1_26' title="bbox 999 539 1784 574">
    <p class='ocr_par' dir='ltr' id='par_1_26' title="bbox 999 539 1784 574">
     <span class='ocr_line' id='line_1_26' title="bbox 999 539 1784 574; baseline -0.003 -7"><span class='ocrx_word' id='word_1_185' title='bbox 999 539 1050 567; x_wconf 61' lang='lat' dir='ltr'><strong>dmi</strong></span> <span class='ocrx_word' id='word_1_186' title='bbox 1065 544 1157 567; x_wconf 87' lang='lat' dir='ltr'><strong>autem</strong></span> <span class='ocrx_word' id='word_1_187' title='bbox 1171 544 1303 568; x_wconf 85' lang='lat' dir='ltr'><strong>coeuntes</strong></span> <span class='ocrx_word' id='word_1_188' title='bbox 1314 541 1341 568; x_wconf 92' lang='lat' dir='ltr'><strong>in</strong></span> <span class='ocrx_word' id='word_1_189' title='bbox 1355 549 1451 574; x_wconf 89' lang='lat' dir='ltr'><strong>unum,</strong></span> <span class='ocrx_word' id='word_1_190' title='bbox 1465 545 1493 569; x_wconf 84' lang='lat' dir='ltr'><strong>et</strong></span> <span class='ocrx_word' id='word_1_191' title='bbox 1506 540 1671 568; x_wconf 74' lang='lat' dir='ltr'><strong>matutinum</strong></span> <span class='ocrx_word' id='word_1_192' title='bbox 1689 547 1784 566; x_wconf 88' lang='lat' dir='ltr'><strong>recur—</strong></span> 
     </span>
    </p>
   </div>
   <div class='ocr_carea' id='block_1_27' title="bbox 999 586 1786 622">
    <p class='ocr_par' dir='ltr' id='par_1_27' title="bbox 999 586 1786 622">
     <span class='ocr_line' id='line_1_27' title="bbox 999 586 1786 622; baseline -0.003 -9"><span class='ocrx_word' id='word_1_193' title='bbox 999 593 1060 614; x_wconf 93' lang='lat' dir='ltr'><strong>sum</strong></span> <span class='ocrx_word' id='word_1_194' title='bbox 1077 591 1279 622; x_wconf 76' lang='lat' dir='ltr'><strong>exspectantes,</strong></span> <span class='ocrx_word' id='word_1_195' title='bbox 1304 587 1470 622; x_wconf 79' lang='lat' dir='ltr'><strong>gaudebant,</strong></span> <span class='ocrx_word' id='word_1_196' title='bbox 1491 587 1563 622; x_wconf 89' lang='lat' dir='ltr'><strong>quod</strong></span> <span class='ocrx_word' id='word_1_197' title='bbox 1581 586 1726 613; x_wconf 83' lang='lat' dir='ltr'><strong>Herbanus</strong></span> <span class='ocrx_word' id='word_1_198' title='bbox 1741 593 1786 612; x_wconf 88' lang='lat' dir='ltr'><strong>ar-</strong></span> 
     </span>
    </p>
   </div>
   <div class='ocr_carea' id='block_1_28' title="bbox 999 631 1784 667">
    <p class='ocr_par' dir='ltr' id='par_1_28' title="bbox 999 631 1784 667">
     <span class='ocr_line' id='line_1_28' title="bbox 999 631 1784 667; baseline -0.001 -9"><span class='ocrx_word' id='word_1_199' title='bbox 999 632 1167 666; x_wconf 87' lang='lat' dir='ltr'><strong>chiepiscopi</strong></span> <span class='ocrx_word' id='word_1_200' title='bbox 1185 633 1325 667; x_wconf 84' lang='lat' dir='ltr'><strong>responsis</strong></span> <span class='ocrx_word' id='word_1_201' title='bbox 1340 633 1498 660; x_wconf 79' lang='lat' dir='ltr'><strong>satisfacere</strong></span> <span class='ocrx_word' id='word_1_202' title='bbox 1518 632 1674 664; x_wconf 70' lang='lat' dir='ltr'><strong>videretur;</strong></span> <span class='ocrx_word' id='word_1_203' title='bbox 1694 635 1722 658; x_wconf 88' lang='lat' dir='ltr'><strong>et</strong></span> <span class='ocrx_word' id='word_1_204' title='bbox 1735 631 1784 657; x_wconf 67' lang='lat' dir='ltr'><strong>ad&lt;</strong></span> 
     </span>
    </p>
   </div>
   <div class='ocr_carea' id='block_1_29' title="bbox 999 678 1783 712">
    <p class='ocr_par' dir='ltr' id='par_1_29' title="bbox 999 678 1783 712">
     <span class='ocr_line' id='line_1_29' title="bbox 999 678 1783 712; baseline -0.001 -8"><span class='ocrx_word' id='word_1_205' title='bbox 999 678 1182 705; x_wconf 77' lang='lat' dir='ltr'><strong>hortabantur</strong></span> <span class='ocrx_word' id='word_1_206' title='bbox 1198 679 1286 712; x_wconf 91' lang='lat' dir='ltr'><strong>ipsum</strong></span> <span class='ocrx_word' id='word_1_207' title='bbox 1305 684 1335 706; x_wconf 85' lang='lat' dir='ltr'><strong>ut</strong></span> <span class='ocrx_word' id='word_1_208' title='bbox 1347 684 1420 706; x_wconf 83' lang='lat' dir='ltr'><strong>esset</strong></span> <span class='ocrx_word' id='word_1_209' title='bbox 1435 679 1498 705; x_wconf 84' lang='lat' dir='ltr'><strong>forti</strong></span> <span class='ocrx_word' id='word_1_210' title='bbox 1515 679 1619 710; x_wconf 86' lang='lat' dir='ltr'><strong>animo,</strong></span> <span class='ocrx_word' id='word_1_211' title='bbox 1637 678 1761 704; x_wconf 80' lang='lat' dir='ltr'><strong>dicentes</strong></span> <span class='ocrx_word' id='word_1_212' title='bbox 1777 686 1783 703; x_wconf 89' lang='lat'>:</span> 
     </span>
    </p>
   </div>
   <div class='ocr_carea' id='block_1_30' title="bbox 999 722 1783 758">
    <p class='ocr_par' dir='ltr' id='par_1_30' title="bbox 999 722 1783 758">
     <span class='ocr_line' id='line_1_30' title="bbox 999 722 1783 758; baseline -0.003 -8"><span class='ocrx_word' id='word_1_213' title='bbox 999 723 1134 758; x_wconf 84' lang='lat' dir='ltr'><strong>Loquere,</strong></span> <span class='ocrx_word' id='word_1_214' title='bbox 1157 728 1184 750; x_wconf 91' lang='lat' dir='ltr'><strong>et</strong></span> <span class='ocrx_word' id='word_1_215' title='bbox 1198 723 1254 751; x_wconf 89' lang='lat' dir='ltr'><strong>noli</strong></span> <span class='ocrx_word' id='word_1_216' title='bbox 1277 724 1373 751; x_wconf 89' lang='lat' dir='ltr'><strong>timere</strong></span> <span class='ocrx_word' id='word_1_217' title='bbox 1388 734 1394 750; x_wconf 95' lang='lat'>:</span> <span class='ocrx_word' id='word_1_218' title='bbox 1416 724 1489 752; x_wconf 84' lang='lat' dir='ltr'><strong>Deus</strong></span> <span class='ocrx_word' id='word_1_219' title='bbox 1500 724 1573 751; x_wconf 89' lang='lat' dir='ltr'><strong>enim</strong></span> <span class='ocrx_word' id='word_1_220' title='bbox 1595 728 1698 751; x_wconf 82' lang='lat' dir='ltr'><strong>tecum.</strong></span> <span class='ocrx_word' id='word_1_221' title='bbox 1714 722 1783 749; x_wconf 76' lang='lat' dir='ltr'><strong>Her-</strong></span> 
     </span>
    </p>
   </div>
   <div class='ocr_carea' id='block_1_31' title="bbox 998 769 1784 804">
    <p class='ocr_par' dir='ltr' id='par_1_31' title="bbox 998 769 1784 804">
     <span class='ocr_line' id='line_1_31' title="bbox 998 769 1784 804; baseline -0.001 -8"><span class='ocrx_word' id='word_1_222' title='bbox 998 769 1085 797; x_wconf 87' lang='lat' dir='ltr'><strong>banus</strong></span> <span class='ocrx_word' id='word_1_223' title='bbox 1112 773 1204 797; x_wconf 88' lang='lat' dir='ltr'><strong>autem</strong></span> <span class='ocrx_word' id='word_1_224' title='bbox 1221 769 1262 797; x_wconf 88' lang='lat' dir='ltr'><strong>eis</strong></span> <span class='ocrx_word' id='word_1_225' title='bbox 1286 770 1374 797; x_wconf 85' lang='lat' dir='ltr'><strong>dixit:</strong></span> <span class='ocrx_word' id='word_1_226' title='bbox 1402 770 1497 797; x_wconf 91' lang='lat' dir='ltr'><strong>Virum</strong></span> <span class='ocrx_word' id='word_1_227' title='bbox 1517 777 1600 804; x_wconf 83' lang='lat' dir='ltr'><strong>quem</strong></span> <span class='ocrx_word' id='word_1_228' title='bbox 1619 777 1670 804; x_wconf 77' lang='lat' dir='ltr'><strong>ego</strong></span> <span class='ocrx_word' id='word_1_229' title='bbox 1692 769 1784 800; x_wconf 84' lang='lat' dir='ltr'><strong>video,</strong></span> 
     </span>
    </p>
   </div>
   <div class='ocr_carea' id='block_1_32' title="bbox 998 814 1786 850">
    <p class='ocr_par' dir='ltr' id='par_1_32' title="bbox 998 814 1786 850">
     <span class='ocr_line' id='line_1_32' title="bbox 998 814 1786 850; baseline 0 -10"><span class='ocrx_word' id='word_1_230' title='bbox 998 814 1161 849; x_wconf 80' lang='lat' dir='ltr'><strong>sapientiam</strong></span> <span class='ocrx_word' id='word_1_231' title='bbox 1176 822 1237 848; x_wconf 70' lang='lat' dir='ltr'><strong>qua:</strong></span> <span class='ocrx_word' id='word_1_232' title='bbox 1249 814 1340 842; x_wconf 83' lang='lat' dir='ltr'><strong>verbis</strong></span> <span class='ocrx_word' id='word_1_233' title='bbox 1352 814 1438 850; x_wconf 84' lang='lat' dir='ltr'><strong>ipsius</strong></span> <span class='ocrx_word' id='word_1_234' title='bbox 1451 814 1485 842; x_wconf 92' lang='lat' dir='ltr'><strong>ad</strong></span> <span class='ocrx_word' id='word_1_235' title='bbox 1501 822 1577 842; x_wconf 87' lang='lat' dir='ltr'><strong>meas</strong></span> <span class='ocrx_word' id='word_1_236' title='bbox 1591 822 1671 841; x_wconf 86' lang='lat' dir='ltr'><strong>aures</strong></span> <span class='ocrx_word' id='word_1_237' title='bbox 1691 821 1786 849; x_wconf 85' lang='lat' dir='ltr'><strong>perso-</strong></span> 
     </span>
    </p>
   </div>
   <div class='ocr_carea' id='block_1_33' title="bbox 124 854 941 895">
    <p class='ocr_par' dir='ltr' id='par_1_33' title="bbox 124 854 941 894">
     <span class='ocr_line' id='line_1_33' title="bbox 124 854 941 894; baseline -0.004 -7"><span class='ocrx_word' id='word_1_238' title='bbox 124 854 203 890; x_wconf 66' lang='grc' dir='ltr'>;ίδιὰ</span> <span class='ocrx_word' id='word_1_239' title='bbox 219 859 273 886; x_wconf 86' lang='grc' dir='ltr'><strong>τῶν</strong></span> <span class='ocrx_word' id='word_1_240' title='bbox 290 860 421 894; x_wconf 77' lang='grc' dir='ltr'><strong>ῥημάτων</strong></span> <span class='ocrx_word' id='word_1_241' title='bbox 435 858 518 885; x_wconf 86' lang='grc' dir='ltr'>αὐτοῦ</span> <span class='ocrx_word' id='word_1_242' title='bbox 540 858 714 894; x_wconf 77' lang='grc' dir='ltr'><strong>ὲξηχημένην</strong></span> <span class='ocrx_word' id='word_1_243' title='bbox 730 859 799 894; x_wconf 79' lang='grc' dir='ltr'>πρός</span> <span class='ocrx_word' id='word_1_244' title='bbox 814 867 847 894; x_wconf 83' lang='grc' dir='ltr'><strong>με</strong></span> <span class='ocrx_word' id='word_1_245' title='bbox 862 867 941 885; x_wconf 86' lang='grc' dir='ltr'>κατα-</span> 
     </span>
    </p>
   </div>
   <div class='ocr_carea' id='block_1_34' title="bbox 998 854 1784 895">
    <p class='ocr_par' dir='ltr' id='par_1_34' title="bbox 999 860 1784 895">
     <span class='ocr_line' id='line_1_34' title="bbox 999 860 1784 895; baseline 0 -9"><span class='ocrx_word' id='word_1_246' title='bbox 999 860 1070 892; x_wconf 79' lang='lat' dir='ltr'><strong>nuit,</strong></span> <span class='ocrx_word' id='word_1_247' title='bbox 1089 860 1154 887; x_wconf 88' lang='lat' dir='ltr'><strong>dum</strong></span> <span class='ocrx_word' id='word_1_248' title='bbox 1167 862 1267 895; x_wconf 78' lang='lat' dir='ltr'><strong>cogito,</strong></span> <span class='ocrx_word' id='word_1_249' title='bbox 1290 861 1323 888; x_wconf 88' lang='lat' dir='ltr'><strong>ad</strong></span> <span class='ocrx_word' id='word_1_250' title='bbox 1339 860 1421 888; x_wconf 84' lang='lat' dir='ltr'><strong>ﬁnem</strong></span> <span class='ocrx_word' id='word_1_251' title='bbox 1436 868 1525 895; x_wconf 88' lang='lat' dir='ltr'><strong>usque</strong></span> <span class='ocrx_word' id='word_1_252' title='bbox 1541 860 1652 888; x_wconf 84' lang='lat' dir='ltr'><strong>ﬂectere</strong></span> <span class='ocrx_word' id='word_1_253' title='bbox 1672 864 1700 888; x_wconf 91' lang='lat' dir='ltr'><strong>et</strong></span> <span class='ocrx_word' id='word_1_254' title='bbox 1720 867 1784 894; x_wconf 87' lang='lat' dir='ltr'><strong>per-</strong></span> 
     </span>
    </p>
   </div>
   <div class='ocr_carea' id='block_1_35' title="bbox 135 903 948 941">
    <p class='ocr_par' dir='ltr' id='par_1_35' title="bbox 135 903 948 941">
     <span class='ocr_line' id='line_1_35' title="bbox 135 903 948 941; baseline -0.004 -9"><span class='ocrx_word' id='word_1_255' title='bbox 135 903 147 918; x_wconf 56' lang='grc'><strong><em>³</em></strong></span> <span class='ocrx_word' id='word_1_256' title='bbox 158 906 237 937; x_wconf 76' lang='grc' dir='ltr'>νοῶν,</span> <span class='ocrx_word' id='word_1_257' title='bbox 256 906 336 941; x_wconf 78' lang='grc' dir='ltr'>μέχρι</span> <span class='ocrx_word' id='word_1_258' title='bbox 350 905 400 939; x_wconf 84' lang='grc' dir='ltr'><strong>τῆς</strong></span> <span class='ocrx_word' id='word_1_259' title='bbox 417 904 573 936; x_wconf 81' lang='grc' dir='ltr'>συντελείας</span> <span class='ocrx_word' id='word_1_260' title='bbox 588 904 618 930; x_wconf 75' lang='grc' dir='ltr'>οὒ</span> <span class='ocrx_word' id='word_1_261' title='bbox 630 904 781 938; x_wconf 81' lang='grc' dir='ltr'>δυνήσομαι</span> <span class='ocrx_word' id='word_1_262' title='bbox 796 904 888 930; x_wconf 82' lang='grc' dir='ltr'>πεῖσαι</span> <span class='ocrx_word' id='word_1_263' title='bbox 902 903 948 929; x_wconf 80' lang='grc' dir='ltr'><strong>τὸν</strong></span> 
     </span>
    </p>
   </div>
   <div class='ocr_carea' id='block_1_36' title="bbox 108 948 946 986">
    <p class='ocr_par' dir='ltr' id='par_1_36' title="bbox 108 948 946 986">
     <span class='ocr_line' id='line_1_36' title="bbox 108 948 946 986; baseline -0.005 -7"><span class='ocrx_word' id='word_1_264' title='bbox 108 948 111 961; x_wconf 47' lang='grc' dir='ltr'><strong>ί</strong></span> <span class='ocrx_word' id='word_1_265' title='bbox 158 952 290 978; x_wconf 78' lang='grc' dir='ltr'>τοιοῦτον.</span> <span class='ocrx_word' id='word_1_266' title='bbox 317 951 502 986; x_wconf 79' lang='grc' dir='ltr'>Μαρτύρομαι</span> <span class='ocrx_word' id='word_1_267' title='bbox 516 948 564 977; x_wconf 80' lang='grc' dir='ltr'><strong>οὖν</strong></span> <span class='ocrx_word' id='word_1_268' title='bbox 578 951 643 985; x_wconf 80' lang='grc' dir='ltr'>ὑμῖν</span> <span class='ocrx_word' id='word_1_269' title='bbox 657 950 727 981; x_wconf 82' lang='grc' dir='ltr'>τέως</span> <span class='ocrx_word' id='word_1_270' title='bbox 741 949 798 983; x_wconf 77' lang='grc' dir='ltr'><strong>ἐγὼ</strong></span> <span class='ocrx_word' id='word_1_271' title='bbox 812 949 946 984; x_wconf 73' lang='grc' dir='ltr'><strong>ἀψευδῶς,</strong></span> 
     </span>
    </p>
   </div>
   <div class='ocr_carea' id='block_1_37' title="bbox 115 992 948 1032">
    <p class='ocr_par' dir='ltr' id='par_1_37' title="bbox 115 992 948 1032">
     <span class='ocr_line' id='line_1_37' title="bbox 115 992 948 1032; baseline -0.004 -9"><span class='ocrx_word' id='word_1_272' title='bbox 115 1002 120 1019; x_wconf 71' lang='lat' dir='ltr'><strong><em>P</em></strong></span> <span class='ocrx_word' id='word_1_273' title='bbox 147 997 280 1030; x_wconf 68' lang='grc' dir='ltr'>γὰδελφοὶ,</span> <span class='ocrx_word' id='word_1_274' title='bbox 295 997 336 1023; x_wconf 77' lang='grc' dir='ltr'>ὅτι</span> <span class='ocrx_word' id='word_1_275' title='bbox 351 996 562 1032; x_wconf 78' lang='grc' dir='ltr'>ἡττηθησόμεοα</span> <span class='ocrx_word' id='word_1_276' title='bbox 573 995 618 1022; x_wconf 83' lang='grc' dir='ltr'><strong>ὑπ’</strong></span> <span class='ocrx_word' id='word_1_277' title='bbox 630 995 724 1022; x_wconf 84' lang='grc' dir='ltr'>αὑτοῦ.</span> <span class='ocrx_word' id='word_1_278' title='bbox 733 994 805 1029; x_wconf 81' lang='grc' dir='ltr'><strong>Ἐγὼ</strong></span> <span class='ocrx_word' id='word_1_279' title='bbox 815 995 869 1030; x_wconf 80' lang='grc' dir='ltr'><strong>γὰρ</strong></span> <span class='ocrx_word' id='word_1_280' title='bbox 878 992 948 1021; x_wconf 82' lang='grc' dir='ltr'>εἶδον</span> 
     </span>
    </p>
   </div>
   <div class='ocr_carea' id='block_1_38' title="bbox 112 1041 947 1078">
    <p class='ocr_par' dir='ltr' id='par_1_38' title="bbox 112 1041 947 1078">
     <span class='ocr_line' id='line_1_38' title="bbox 112 1041 947 1078; baseline -0.005 -8"><span class='ocrx_word' id='word_1_281' title='bbox 112 1044 141 1077; x_wconf 58' lang='grc' dir='ltr'><strong>Γ¹¹ς</strong></span> <span class='ocrx_word' id='word_1_282' title='bbox 158 1045 188 1070; x_wconf 83' lang='grc' dir='ltr'>ὲν</span> <span class='ocrx_word' id='word_1_283' title='bbox 200 1045 233 1078; x_wconf 87' lang='grc' dir='ltr'>τῇ</span> <span class='ocrx_word' id='word_1_284' title='bbox 247 1043 325 1069; x_wconf 78' lang='grc' dir='ltr'>νυκτὶ</span> <span class='ocrx_word' id='word_1_285' title='bbox 337 1043 423 1078; x_wconf 83' lang='grc' dir='ltr'>ταύτῃ</span> <span class='ocrx_word' id='word_1_286' title='bbox 435 1043 555 1077; x_wconf 76' lang='grc' dir='ltr'>Μωῢσῆν</span> <span class='ocrx_word' id='word_1_287' title='bbox 567 1042 612 1068; x_wconf 78' lang='grc' dir='ltr'><strong>τὸν</strong></span> <span class='ocrx_word' id='word_1_288' title='bbox 623 1042 778 1076; x_wconf 77' lang='grc' dir='ltr'>προφήτην,</span> <span class='ocrx_word' id='word_1_289' title='bbox 790 1042 836 1067; x_wconf 83' lang='grc' dir='ltr'><strong>καὶ</strong></span> <span class='ocrx_word' id='word_1_290' title='bbox 843 1041 947 1075; x_wconf 75' lang='grc' dir='ltr'>Ἰησοῦν</span> 
     </span>
    </p>
   </div>
   <div class='ocr_carea' id='block_1_39' title="bbox 114 1084 947 1124">
    <p class='ocr_par' dir='ltr' id='par_1_39' title="bbox 114 1084 947 1124">
     <span class='ocr_line' id='line_1_39' title="bbox 114 1084 947 1124; baseline -0.006 -8"><span class='ocrx_word' id='word_1_291' title='bbox 157 1089 204 1116; x_wconf 73' lang='grc' dir='ltr'>τὸν</span> <span class='ocrx_word' id='word_1_292' title='bbox 228 1089 437 1124; x_wconf 81' lang='grc' dir='ltr'>ἐσταυρωμένον</span> <span class='ocrx_word' id='word_1_293' title='bbox 451 1108 458 1119; x_wconf 83' lang='grc'><em>,</em></span> <span class='ocrx_word' id='word_1_294' title='bbox 490 1088 556 1123; x_wconf 80' lang='grc' dir='ltr'>περὶ</span> <span class='ocrx_word' id='word_1_295' title='bbox 570 1084 600 1114; x_wconf 76' lang='grc' dir='ltr'>οὗ</span> <span class='ocrx_word' id='word_1_296' title='bbox 615 1087 668 1114; x_wconf 77' lang='grc' dir='ltr'><strong>ἀνὰ</strong></span> <span class='ocrx_word' id='word_1_297' title='bbox 686 1087 768 1121; x_wconf 86' lang='grc' dir='ltr'>μέσον</span> <span class='ocrx_word' id='word_1_298' title='bbox 783 1086 860 1121; x_wconf 83' lang='grc' dir='ltr'>ἡμῶν</span> <span class='ocrx_word' id='word_1_299' title='bbox 874 1086 947 1112; x_wconf 78' lang='grc' dir='ltr'>ἐστιν</span> 
     </span>
    </p>
   </div>
   <div class='ocr_carea' id='block_1_40' title="bbox 109 1131 947 1169">
    <p class='ocr_par' dir='ltr' id='par_1_40' title="bbox 109 1131 947 1169">
     <span class='ocr_line' id='line_1_40' title="bbox 109 1131 947 1169; baseline -0.005 -9"><span class='ocrx_word' id='word_1_300' title='bbox 109 1134 112 1139; x_wconf 87' lang='grc'><strong><em>“</em></strong></span> <span class='ocrx_word' id='word_1_301' title='bbox 137 1148 140 1159; x_wconf 79' lang='grc' dir='ltr'><strong>ι</strong></span> <span class='ocrx_word' id='word_1_302' title='bbox 159 1136 176 1169; x_wconf 88' lang='grc' dir='ltr'>ἡ</span> <span class='ocrx_word' id='word_1_303' title='bbox 195 1134 358 1168; x_wconf 83' lang='grc' dir='ltr'>φιλονεικία.</span> <span class='ocrx_word' id='word_1_304' title='bbox 388 1132 466 1161; x_wconf 82' lang='grc' dir='ltr'>Εἶδον</span> <span class='ocrx_word' id='word_1_305' title='bbox 488 1132 535 1160; x_wconf 84' lang='grc' dir='ltr'>οὖν</span> <span class='ocrx_word' id='word_1_306' title='bbox 560 1134 709 1169; x_wconf 79' lang='grc' dir='ltr'>ἑκατέρους</span> <span class='ocrx_word' id='word_1_307' title='bbox 733 1132 778 1159; x_wconf 77' lang='grc' dir='ltr'><strong>ἐπὶ</strong></span> <span class='ocrx_word' id='word_1_308' title='bbox 801 1131 947 1166; x_wconf 83' lang='grc' dir='ltr'>πτερύγιον</span> 
     </span>
    </p>
   </div>
   <div class='ocr_carea' id='block_1_41' title="bbox 116 1176 948 1216">
    <p class='ocr_par' dir='ltr' id='par_1_41' title="bbox 116 1176 948 1216">
     <span class='ocr_line' id='line_1_41' title="bbox 116 1176 948 1216; baseline -0.004 -10"><span class='ocrx_word' id='word_1_309' title='bbox 116 1176 145 1206; x_wconf 50' lang='grc' dir='ltr'><strong>θλ</strong></span> <span class='ocrx_word' id='word_1_310' title='bbox 160 1180 234 1216; x_wconf 85' lang='grc' dir='ltr'>ἱεροῦ</span> <span class='ocrx_word' id='word_1_311' title='bbox 244 1189 315 1212; x_wconf 83' lang='grc' dir='ltr'>τινος</span> <span class='ocrx_word' id='word_1_312' title='bbox 329 1180 461 1211; x_wconf 79' lang='grc' dir='ltr'>ἑστῶτας,</span> <span class='ocrx_word' id='word_1_313' title='bbox 470 1180 516 1206; x_wconf 64' lang='grc' dir='ltr'>καὶ</span> <span class='ocrx_word' id='word_1_314' title='bbox 525 1178 745 1213; x_wconf 80' lang='grc' dir='ltr'>διαλεγομένους.</span> <span class='ocrx_word' id='word_1_315' title='bbox 760 1178 812 1204; x_wconf 84' lang='grc' dir='ltr'>Τὸν</span> <span class='ocrx_word' id='word_1_316' title='bbox 824 1177 852 1203; x_wconf 80' lang='grc' dir='ltr'><strong>δὲ</strong></span> <span class='ocrx_word' id='word_1_317' title='bbox 865 1178 948 1204; x_wconf 87' lang='grc' dir='ltr'><strong>Μωῡ-</strong></span> 
     </span>
    </p>
   </div>
   <div class='ocr_carea' id='block_1_42' title="bbox 104 1222 944 1260">
    <p class='ocr_par' dir='ltr' id='par_1_42' title="bbox 104 1222 944 1260">
     <span class='ocr_line' id='line_1_42' title="bbox 104 1222 944 1260; baseline -0.006 -8"><span class='ocrx_word' id='word_1_318' title='bbox 104 1225 108 1238; x_wconf 60' lang='grc' dir='ltr'><strong>ί</strong></span> <span class='ocrx_word' id='word_1_319' title='bbox 132 1236 135 1247; x_wconf 69' lang='grc' dir='ltr'>λ</span> <span class='ocrx_word' id='word_1_320' title='bbox 160 1227 208 1252; x_wconf 77' lang='grc' dir='ltr'>σέα</span> <span class='ocrx_word' id='word_1_321' title='bbox 233 1225 328 1260; x_wconf 83' lang='grc' dir='ltr'>ἑώρων</span> <span class='ocrx_word' id='word_1_322' title='bbox 344 1225 385 1251; x_wconf 83' lang='grc' dir='ltr'>ὅτι</span> <span class='ocrx_word' id='word_1_323' title='bbox 401 1224 566 1260; x_wconf 79' lang='grc' dir='ltr'>προσεκύνει</span> <span class='ocrx_word' id='word_1_324' title='bbox 581 1223 620 1258; x_wconf 85' lang='grc' dir='ltr'>τῷ</span> <span class='ocrx_word' id='word_1_325' title='bbox 635 1223 722 1258; x_wconf 81' lang='grc' dir='ltr'>Ἰησοῦ</span> <span class='ocrx_word' id='word_1_326' title='bbox 733 1242 740 1254; x_wconf 91' lang='lat'><strong>,</strong></span> <span class='ocrx_word' id='word_1_327' title='bbox 758 1223 806 1249; x_wconf 84' lang='grc' dir='ltr'>καὶ</span> <span class='ocrx_word' id='word_1_328' title='bbox 825 1223 874 1253; x_wconf 81' lang='grc' dir='ltr'><strong>τὰς</strong></span> <span class='ocrx_word' id='word_1_329' title='bbox 887 1222 944 1256; x_wconf 80' lang='grc' dir='ltr'>χεῖ·</span> 
     </span>
    </p>
   </div>
   <div class='ocr_carea' id='block_1_43' title="bbox 110 1263 945 1306">
    <p class='ocr_par' dir='ltr' id='par_1_43' title="bbox 110 1263 945 1306">
     <span class='ocr_line' id='line_1_43' title="bbox 110 1263 945 1306; baseline -0.004 -9"><span class='ocrx_word' id='word_1_330' title='bbox 110 1267 114 1279; x_wconf 74' lang='grc'><strong><em>³</em></strong></span> <span class='ocrx_word' id='word_1_331' title='bbox 133 1263 146 1289; x_wconf 48' lang='grc' dir='ltr'>ἓ</span> <span class='ocrx_word' id='word_1_332' title='bbox 161 1279 209 1305; x_wconf 78' lang='grc' dir='ltr'>ρας</span> <span class='ocrx_word' id='word_1_333' title='bbox 221 1271 318 1302; x_wconf 82' lang='grc' dir='ltr'>αὐτοῦ,</span> <span class='ocrx_word' id='word_1_334' title='bbox 330 1271 368 1302; x_wconf 83' lang='grc' dir='ltr'>ὡς</span> <span class='ocrx_word' id='word_1_335' title='bbox 377 1271 423 1297; x_wconf 78' lang='grc' dir='ltr'>ἐπὶ</span> <span class='ocrx_word' id='word_1_336' title='bbox 436 1270 529 1306; x_wconf 81' lang='grc' dir='ltr'>Κυρίῳ</span> <span class='ocrx_word' id='word_1_337' title='bbox 539 1270 576 1305; x_wconf 83' lang='grc' dir='ltr'>τῷ</span> <span class='ocrx_word' id='word_1_338' title='bbox 588 1269 658 1304; x_wconf 82' lang='grc' dir='ltr'>Θεῷ,</span> <span class='ocrx_word' id='word_1_339' title='bbox 673 1269 784 1304; x_wconf 80' lang='grc' dir='ltr'>ἐδέσμει</span> <span class='ocrx_word' id='word_1_340' title='bbox 797 1268 835 1303; x_wconf 79' lang='grc' dir='ltr'><strong>τῷ</strong></span> <span class='ocrx_word' id='word_1_341' title='bbox 847 1267 945 1302; x_wconf 84' lang='grc' dir='ltr'>Ἰησοῦ,</span> 
     </span>
    </p>
   </div>
   <div class='ocr_carea' id='block_1_44' title="bbox 102 1314 946 1352">
    <p class='ocr_par' dir='ltr' id='par_1_44' title="bbox 102 1314 946 1352">
     <span class='ocr_line' id='line_1_44' title="bbox 102 1314 946 1352; baseline -0.005 -8"><span class='ocrx_word' id='word_1_342' title='bbox 102 1319 112 1335; x_wconf 85' lang='grc'><strong>-’</strong></span> <span class='ocrx_word' id='word_1_343' title='bbox 130 1320 137 1334; x_wconf 81' lang='lat'>‘</span> <span class='ocrx_word' id='word_1_344' title='bbox 159 1319 206 1344; x_wconf 67' lang='grc' dir='ltr'><strong>καὶ</strong></span> <span class='ocrx_word' id='word_1_345' title='bbox 224 1317 294 1351; x_wconf 85' lang='grc' dir='ltr'>μετὰ</span> <span class='ocrx_word' id='word_1_346' title='bbox 306 1318 381 1348; x_wconf 81' lang='grc' dir='ltr'>δέους</span> <span class='ocrx_word' id='word_1_347' title='bbox 395 1317 548 1352; x_wconf 84' lang='grc' dir='ltr'>παρίστατο</span> <span class='ocrx_word' id='word_1_348' title='bbox 561 1314 837 1351; x_wconf 78' lang='grc' dir='ltr'>αὑτῷ.Ξενιζομένου</span> <span class='ocrx_word' id='word_1_349' title='bbox 851 1314 879 1340; x_wconf 82' lang='grc' dir='ltr'><strong>δέ</strong></span> <span class='ocrx_word' id='word_1_350' title='bbox 895 1323 946 1349; x_wconf 88' lang='grc' dir='ltr'><strong>μου</strong></span> 
     </span>
    </p>
   </div>
   <div class='ocr_carea' id='block_1_45' title="bbox 111 1356 947 1399">
    <p class='ocr_par' dir='ltr' id='par_1_45' title="bbox 111 1356 947 1399">
     <span class='ocr_line' id='line_1_45' title="bbox 111 1356 947 1399; baseline -0.006 -9"><span class='ocrx_word' id='word_1_351' title='bbox 111 1356 147 1382; x_wconf 48' lang='grc' dir='ltr'><strong>’³⁸η</strong></span> <span class='ocrx_word' id='word_1_352' title='bbox 158 1365 205 1390; x_wconf 76' lang='grc' dir='ltr'>ἐπὶ</span> <span class='ocrx_word' id='word_1_353' title='bbox 220 1364 258 1399; x_wconf 84' lang='grc' dir='ltr'>τῷ</span> <span class='ocrx_word' id='word_1_354' title='bbox 272 1363 431 1398; x_wconf 77' lang='grc' dir='ltr'>πράγματι,</span> <span class='ocrx_word' id='word_1_355' title='bbox 449 1363 526 1397; x_wconf 84' lang='grc' dir='ltr'>ἄφνω</span> <span class='ocrx_word' id='word_1_356' title='bbox 541 1361 741 1396; x_wconf 82' lang='grc' dir='ltr'>διανοιχθέντος</span> <span class='ocrx_word' id='word_1_357' title='bbox 756 1369 808 1394; x_wconf 88' lang='grc' dir='ltr'><strong>μου</strong></span> <span class='ocrx_word' id='word_1_358' title='bbox 823 1359 870 1386; x_wconf 84' lang='grc' dir='ltr'><strong>τοῦ</strong></span> <span class='ocrx_word' id='word_1_359' title='bbox 885 1359 947 1386; x_wconf 82' lang='grc' dir='ltr'>στό-</span> 
     </span>
    </p>
   </div>
   <div class='ocr_carea' id='block_1_46' title="bbox 123 1403 945 1444">
    <p class='ocr_par' dir='ltr' id='par_1_46' title="bbox 123 1403 945 1444">
     <span class='ocr_line' id='line_1_46' title="bbox 123 1403 945 1444; baseline -0.007 -9"><span class='ocrx_word' id='word_1_360' title='bbox 123 1404 144 1435; x_wconf 42' lang='lat' dir='ltr'><strong>‘l.</strong></span> <span class='ocrx_word' id='word_1_361' title='bbox 161 1417 256 1444; x_wconf 82' lang='grc' dir='ltr'>ματος,</span> <span class='ocrx_word' id='word_1_362' title='bbox 275 1405 353 1434; x_wconf 83' lang='grc' dir='ltr'>εἷπον</span> <span class='ocrx_word' id='word_1_363' title='bbox 365 1415 372 1422; x_wconf 77' lang='grc'><strong><em>⁸</em></strong></span> <span class='ocrx_word' id='word_1_364' title='bbox 401 1407 488 1442; x_wconf 87' lang='grc' dir='ltr'>Κύριε</span> <span class='ocrx_word' id='word_1_365' title='bbox 509 1407 606 1441; x_wconf 80' lang='grc' dir='ltr'><strong>Μωσῆ,</strong></span> <span class='ocrx_word' id='word_1_366' title='bbox 624 1405 695 1432; x_wconf 81' lang='grc' dir='ltr'>καλὰ</span> <span class='ocrx_word' id='word_1_367' title='bbox 708 1404 797 1431; x_wconf 86' lang='grc' dir='ltr'>ταῦτα</span> <span class='ocrx_word' id='word_1_368' title='bbox 811 1403 829 1430; x_wconf 78' lang='grc' dir='ltr'><strong>ἅ</strong></span> <span class='ocrx_word' id='word_1_369' title='bbox 843 1403 945 1435; x_wconf 78' lang='grc' dir='ltr'>ποιείςί</span> 
     </span>
    </p>
   </div>
   <div class='ocr_carea' id='block_1_47' title="bbox 125 1449 946 1488">
    <p class='ocr_par' dir='ltr' id='par_1_47' title="bbox 125 1449 946 1488">
     <span class='ocr_line' id='line_1_47' title="bbox 125 1449 946 1488; baseline -0.007 -7"><span class='ocrx_word' id='word_1_370' title='bbox 125 1449 146 1485; x_wconf 31' lang='grc' dir='ltr'><strong>λη’</strong></span> <span class='ocrx_word' id='word_1_371' title='bbox 165 1454 195 1481; x_wconf 88' lang='lat'><strong>&#39;0</strong></span> <span class='ocrx_word' id='word_1_372' title='bbox 216 1454 244 1480; x_wconf 77' lang='grc' dir='ltr'><strong>δὲ</strong></span> <span class='ocrx_word' id='word_1_373' title='bbox 273 1453 452 1488; x_wconf 72' lang='grc' dir='ltr'>ἐπιστραφεὶς</span> <span class='ocrx_word' id='word_1_374' title='bbox 476 1451 614 1486; x_wconf 75' lang='grc' dir='ltr'>ἐπέπληξέ</span> <span class='ocrx_word' id='word_1_375' title='bbox 633 1459 677 1486; x_wconf 88' lang='grc' dir='ltr'><strong>μοι</strong></span> <span class='ocrx_word' id='word_1_376' title='bbox 701 1449 806 1481; x_wconf 81' lang='grc' dir='ltr'>εἰπὼν,</span> <span class='ocrx_word' id='word_1_377' title='bbox 839 1449 946 1476; x_wconf 78' lang='grc' dir='ltr'>Παῦσαι</span> 
     </span>
    </p>
   </div>
   <div class='ocr_carea' id='block_1_48' title="bbox 105 1495 946 1533">
    <p class='ocr_par' dir='ltr' id='par_1_48' title="bbox 105 1495 946 1533">
     <span class='ocr_line' id='line_1_48' title="bbox 105 1495 946 1533; baseline -0.004 -9"><span class='ocrx_word' id='word_1_378' title='bbox 105 1504 115 1516; x_wconf 63' lang='grc' dir='ltr'>’δ</span> <span class='ocrx_word' id='word_1_379' title='bbox 131 1498 134 1524; x_wconf 72' lang='grc' dir='ltr'>ζ</span> <span class='ocrx_word' id='word_1_380' title='bbox 158 1500 346 1532; x_wconf 76' lang='grc' dir='ltr'>ἀναιδέστατε,</span> <span class='ocrx_word' id='word_1_381' title='bbox 363 1499 403 1526; x_wconf 75' lang='grc' dir='ltr'>ὅτι</span> <span class='ocrx_word' id='word_1_382' title='bbox 418 1499 449 1525; x_wconf 86' lang='grc' dir='ltr'>οὺ</span> <span class='ocrx_word' id='word_1_383' title='bbox 465 1498 620 1533; x_wconf 84' lang='grc' dir='ltr'>σφάλλομαι</span> <span class='ocrx_word' id='word_1_384' title='bbox 631 1505 638 1513; x_wconf 74' lang='grc'><em>’</em></span> <span class='ocrx_word' id='word_1_385' title='bbox 657 1498 688 1524; x_wconf 80' lang='grc' dir='ltr'>οὺ</span> <span class='ocrx_word' id='word_1_386' title='bbox 702 1497 756 1532; x_wconf 86' lang='grc' dir='ltr'><strong>γάρ</strong></span> <span class='ocrx_word' id='word_1_387' title='bbox 772 1498 830 1530; x_wconf 85' lang='grc' dir='ltr'>εἰμι</span> <span class='ocrx_word' id='word_1_388' title='bbox 845 1496 878 1522; x_wconf 83' lang='grc' dir='ltr'>ὲκ</span> <span class='ocrx_word' id='word_1_389' title='bbox 891 1495 946 1522; x_wconf 84' lang='grc' dir='ltr'><strong>τῶν</strong></span> 
     </span>
    </p>
   </div>
   <div class='ocr_carea' id='block_1_49' title="bbox 998 905 1783 941">
    <p class='ocr_par' dir='ltr' id='par_1_49' title="bbox 998 905 1783 941">
     <span class='ocr_line' id='line_1_49' title="bbox 998 905 1783 941; baseline 0.001 -9"><span class='ocrx_word' id='word_1_390' title='bbox 998 913 1111 932; x_wconf 82' lang='lat' dir='ltr'><strong>suasum</strong></span> <span class='ocrx_word' id='word_1_391' title='bbox 1123 905 1261 933; x_wconf 86' lang='lat' dir='ltr'><strong>adducere</strong></span> <span class='ocrx_word' id='word_1_392' title='bbox 1274 914 1330 933; x_wconf 91' lang='lat' dir='ltr'><strong>non</strong></span> <span class='ocrx_word' id='word_1_393' title='bbox 1340 911 1448 941; x_wconf 88' lang='lat' dir='ltr'><strong>potero.</strong></span> <span class='ocrx_word' id='word_1_394' title='bbox 1463 906 1548 934; x_wconf 91' lang='lat' dir='ltr'><strong>Vobis</strong></span> <span class='ocrx_word' id='word_1_395' title='bbox 1568 907 1661 941; x_wconf 82' lang='lat' dir='ltr'><strong>igitur,</strong></span> <span class='ocrx_word' id='word_1_396' title='bbox 1675 905 1783 939; x_wconf 84' lang='lat' dir='ltr'><strong>fratres,</strong></span> 
     </span>
    </p>
   </div>
   <div class='ocr_carea' id='block_1_50' title="bbox 998 949 1783 983">
    <p class='ocr_par' dir='ltr' id='par_1_50' title="bbox 998 949 1783 983">
     <span class='ocr_line' id='line_1_50' title="bbox 998 949 1783 983; baseline 0 -6"><span class='ocrx_word' id='word_1_397' title='bbox 998 949 1109 977; x_wconf 90' lang='lat' dir='ltr'><strong>interim</strong></span> <span class='ocrx_word' id='word_1_398' title='bbox 1127 959 1191 978; x_wconf 84' lang='lat' dir='ltr'><strong>vere</strong></span> <span class='ocrx_word' id='word_1_399' title='bbox 1208 955 1236 978; x_wconf 88' lang='lat' dir='ltr'><strong>et</strong></span> <span class='ocrx_word' id='word_1_400' title='bbox 1259 951 1447 979; x_wconf 85' lang='lat' dir='ltr'><strong>indubitanter</strong></span> <span class='ocrx_word' id='word_1_401' title='bbox 1466 951 1571 978; x_wconf 77' lang='lat' dir='ltr'><strong>afﬁrmo</strong></span> <span class='ocrx_word' id='word_1_402' title='bbox 1588 959 1619 979; x_wconf 91' lang='lat' dir='ltr'><strong>ac</strong></span> <span class='ocrx_word' id='word_1_403' title='bbox 1640 951 1783 983; x_wconf 86' lang='lat' dir='ltr'><strong>testificor,</strong></span> 
     </span>
    </p>
   </div>
   <div class='ocr_carea' id='block_1_51' title="bbox 999 995 1784 1032">
    <p class='ocr_par' dir='ltr' id='par_1_51' title="bbox 999 995 1784 1032">
     <span class='ocr_line' id='line_1_51' title="bbox 999 995 1784 1032; baseline 0.003 -10"><span class='ocrx_word' id='word_1_404' title='bbox 999 995 1071 1030; x_wconf 89' lang='lat' dir='ltr'><strong>quod</strong></span> <span class='ocrx_word' id='word_1_405' title='bbox 1084 995 1118 1022; x_wconf 87' lang='lat' dir='ltr'><strong>ab</strong></span> <span class='ocrx_word' id='word_1_406' title='bbox 1130 995 1178 1023; x_wconf 89' lang='lat' dir='ltr'><strong>illo</strong></span> <span class='ocrx_word' id='word_1_407' title='bbox 1188 996 1406 1032; x_wconf 78' lang='lat' dir='ltr'><strong>proﬂigabimur.</strong></span> <span class='ocrx_word' id='word_1_408' title='bbox 1418 997 1474 1032; x_wconf 86' lang='lat' dir='ltr'><strong>Ego</strong></span> <span class='ocrx_word' id='word_1_409' title='bbox 1483 997 1557 1024; x_wconf 89' lang='lat' dir='ltr'><strong>enim</strong></span> <span class='ocrx_word' id='word_1_410' title='bbox 1568 998 1619 1024; x_wconf 85' lang='lat' dir='ltr'><strong>hac</strong></span> <span class='ocrx_word' id='word_1_411' title='bbox 1633 1002 1714 1024; x_wconf 89' lang='lat' dir='ltr'><strong>nocte</strong></span> <span class='ocrx_word' id='word_1_412' title='bbox 1726 997 1784 1024; x_wconf 92' lang='lat' dir='ltr'><strong>vidi</strong></span> 
     </span>
    </p>
   </div>
   <div class='ocr_carea' id='block_1_52' title="bbox 999 1041 1784 1078">
    <p class='ocr_par' dir='ltr' id='par_1_52' title="bbox 999 1041 1784 1078">
     <span class='ocr_line' id='line_1_52' title="bbox 999 1041 1784 1078; baseline 0.004 -10"><span class='ocrx_word' id='word_1_413' title='bbox 999 1041 1101 1068; x_wconf 89' lang='lat' dir='ltr'><strong>Mosem</strong></span> <span class='ocrx_word' id='word_1_414' title='bbox 1126 1042 1289 1076; x_wconf 86' lang='lat' dir='ltr'><strong>prophetam</strong></span> <span class='ocrx_word' id='word_1_415' title='bbox 1300 1062 1308 1074; x_wconf 91' lang='lat'><strong>,</strong></span> <span class='ocrx_word' id='word_1_416' title='bbox 1329 1047 1359 1069; x_wconf 90' lang='lat' dir='ltr'><strong>et</strong></span> <span class='ocrx_word' id='word_1_417' title='bbox 1371 1043 1465 1070; x_wconf 83' lang='lat' dir='ltr'><strong>Jesum</strong></span> <span class='ocrx_word' id='word_1_418' title='bbox 1478 1042 1642 1070; x_wconf 86' lang='lat' dir='ltr'><strong>cruciﬁxum</strong></span> <span class='ocrx_word' id='word_1_419' title='bbox 1659 1063 1666 1076; x_wconf 90' lang='lat'><strong>,</strong></span> <span class='ocrx_word' id='word_1_420' title='bbox 1679 1043 1714 1071; x_wconf 88' lang='lat' dir='ltr'><strong>de</strong></span> <span class='ocrx_word' id='word_1_421' title='bbox 1729 1051 1784 1078; x_wconf 91' lang='lat' dir='ltr'><strong>quo</strong></span> 
     </span>
    </p>
   </div>
   <div class='ocr_carea' id='block_1_53' title="bbox 998 1087 1785 1124">
    <p class='ocr_par' dir='ltr' id='par_1_53' title="bbox 998 1087 1785 1124">
     <span class='ocr_line' id='line_1_53' title="bbox 998 1087 1785 1124; baseline 0.004 -11"><span class='ocrx_word' id='word_1_422' title='bbox 998 1087 1072 1114; x_wconf 80' lang='lat' dir='ltr'><strong>inter</strong></span> <span class='ocrx_word' id='word_1_423' title='bbox 1087 1095 1137 1114; x_wconf 89' lang='lat' dir='ltr'><strong>nos</strong></span> <span class='ocrx_word' id='word_1_424' title='bbox 1151 1091 1194 1114; x_wconf 90' lang='lat' dir='ltr'><strong>est</strong></span> <span class='ocrx_word' id='word_1_425' title='bbox 1205 1088 1355 1115; x_wconf 82' lang='lat' dir='ltr'><strong>vehemens</strong></span> <span class='ocrx_word' id='word_1_426' title='bbox 1372 1089 1523 1116; x_wconf 82' lang='lat' dir='ltr'><strong>contentio.</strong></span> <span class='ocrx_word' id='word_1_427' title='bbox 1540 1089 1603 1116; x_wconf 82' lang='lat' dir='ltr'><strong>Vidi</strong></span> <span class='ocrx_word' id='word_1_428' title='bbox 1622 1088 1705 1124; x_wconf 80' lang='lat' dir='ltr'><strong>igitur</strong></span> <span class='ocrx_word' id='word_1_429' title='bbox 1727 1097 1785 1116; x_wconf 86' lang='lat' dir='ltr'><strong>am-</strong></span> 
     </span>
    </p>
   </div>
   <div class='ocr_carea' id='block_1_54' title="bbox 998 1132 1783 1169">
    <p class='ocr_par' dir='ltr' id='par_1_54' title="bbox 998 1132 1783 1169">
     <span class='ocr_line' id='line_1_54' title="bbox 998 1132 1783 1169; baseline 0.005 -10"><span class='ocrx_word' id='word_1_430' title='bbox 998 1132 1049 1160; x_wconf 90' lang='lat' dir='ltr'><strong>bos</strong></span> <span class='ocrx_word' id='word_1_431' title='bbox 1066 1132 1100 1160; x_wconf 82' lang='lat' dir='ltr'><strong>ad</strong></span> <span class='ocrx_word' id='word_1_432' title='bbox 1114 1133 1185 1160; x_wconf 84' lang='lat' dir='ltr'><strong>alam</strong></span> <span class='ocrx_word' id='word_1_433' title='bbox 1200 1134 1343 1169; x_wconf 85' lang='lat' dir='ltr'><strong>cujusdam</strong></span> <span class='ocrx_word' id='word_1_434' title='bbox 1361 1134 1455 1169; x_wconf 82' lang='lat' dir='ltr'><strong>templi</strong></span> <span class='ocrx_word' id='word_1_435' title='bbox 1474 1139 1581 1162; x_wconf 86' lang='lat' dir='ltr'><strong>stantes</strong></span> <span class='ocrx_word' id='word_1_436' title='bbox 1599 1139 1627 1162; x_wconf 89' lang='lat' dir='ltr'><strong>et</strong></span> <span class='ocrx_word' id='word_1_437' title='bbox 1642 1135 1783 1164; x_wconf 87' lang='lat' dir='ltr'><strong>disseren-</strong></span> 
     </span>
    </p>
   </div>
   <div class='ocr_carea' id='block_1_55' title="bbox 998 1178 1784 1214">
    <p class='ocr_par' dir='ltr' id='par_1_55' title="bbox 998 1178 1784 1214">
     <span class='ocr_line' id='line_1_55' title="bbox 998 1178 1784 1214; baseline 0.005 -9"><span class='ocrx_word' id='word_1_438' title='bbox 998 1182 1056 1205; x_wconf 84' lang='lat' dir='ltr'><strong>tes:</strong></span> <span class='ocrx_word' id='word_1_439' title='bbox 1075 1178 1176 1206; x_wconf 86' lang='lat' dir='ltr'><strong>Mosem</strong></span> <span class='ocrx_word' id='word_1_440' title='bbox 1194 1183 1287 1206; x_wconf 87' lang='lat' dir='ltr'><strong>autem</strong></span> <span class='ocrx_word' id='word_1_441' title='bbox 1303 1180 1448 1207; x_wconf 84' lang='lat' dir='ltr'><strong>cernebam</strong></span> <span class='ocrx_word' id='word_1_442' title='bbox 1461 1180 1554 1208; x_wconf 67' lang='lat' dir='ltr'><strong>Iesum</strong></span> <span class='ocrx_word' id='word_1_443' title='bbox 1569 1181 1740 1214; x_wconf 82' lang='lat' dir='ltr'><strong>adorantem,</strong></span> <span class='ocrx_word' id='word_1_444' title='bbox 1756 1186 1784 1209; x_wconf 87' lang='lat' dir='ltr'><strong>et</strong></span> 
     </span>
    </p>
   </div>
   <div class='ocr_carea' id='block_1_56' title="bbox 998 1224 1783 1258">
    <p class='ocr_par' dir='ltr' id='par_1_56' title="bbox 998 1224 1783 1258">
     <span class='ocr_line' id='line_1_56' title="bbox 998 1224 1783 1258; baseline 0.008 -9"><span class='ocrx_word' id='word_1_445' title='bbox 998 1230 1097 1250; x_wconf 89' lang='lat' dir='ltr'><strong>manus</strong></span> <span class='ocrx_word' id='word_1_446' title='bbox 1122 1230 1186 1250; x_wconf 89' lang='lat' dir='ltr'><strong>suas</strong></span> <span class='ocrx_word' id='word_1_447' title='bbox 1211 1229 1341 1258; x_wconf 83' lang='lat' dir='ltr'><strong>tanquam</strong></span> <span class='ocrx_word' id='word_1_448' title='bbox 1356 1224 1391 1251; x_wconf 88' lang='lat' dir='ltr'><strong>ad</strong></span> <span class='ocrx_word' id='word_1_449' title='bbox 1411 1225 1557 1252; x_wconf 89' lang='lat' dir='ltr'><strong>Dominum</strong></span> <span class='ocrx_word' id='word_1_450' title='bbox 1580 1226 1667 1254; x_wconf 89' lang='lat' dir='ltr'><strong>Deum</strong></span> <span class='ocrx_word' id='word_1_451' title='bbox 1689 1227 1783 1255; x_wconf 72' lang='lat' dir='ltr'><strong>Iesum</strong></span> 
     </span>
    </p>
   </div>
   <div class='ocr_carea' id='block_1_57' title="bbox 997 1268 1783 1308">
    <p class='ocr_par' dir='ltr' id='par_1_57' title="bbox 997 1268 1783 1308">
     <span class='ocr_line' id='line_1_57' title="bbox 997 1268 1783 1308; baseline 0.008 -13"><span class='ocrx_word' id='word_1_452' title='bbox 997 1268 1174 1301; x_wconf 87' lang='lat' dir='ltr'><strong>vincientem,</strong></span> <span class='ocrx_word' id='word_1_453' title='bbox 1193 1273 1221 1296; x_wconf 87' lang='lat' dir='ltr'><strong>et</strong></span> <span class='ocrx_word' id='word_1_454' title='bbox 1238 1277 1302 1296; x_wconf 92' lang='lat' dir='ltr'><strong>cum</strong></span> <span class='ocrx_word' id='word_1_455' title='bbox 1324 1270 1424 1297; x_wconf 86' lang='lat' dir='ltr'><strong>timore</strong></span> <span class='ocrx_word' id='word_1_456' title='bbox 1438 1270 1463 1297; x_wconf 90' lang='lat' dir='ltr'><strong>ei</strong></span> <span class='ocrx_word' id='word_1_457' title='bbox 1485 1275 1631 1300; x_wconf 83' lang='lat' dir='ltr'><strong>astantem.</strong></span> <span class='ocrx_word' id='word_1_458' title='bbox 1648 1272 1706 1308; x_wconf 79' lang='lat' dir='ltr'><strong>Ego</strong></span> <span class='ocrx_word' id='word_1_459' title='bbox 1718 1281 1783 1301; x_wconf 87' lang='lat' dir='ltr'><strong>vero</strong></span> 
     </span>
    </p>
   </div>
   <div class='ocr_carea' id='block_1_58' title="bbox 998 1313 1785 1350">
    <p class='ocr_par' dir='ltr' id='par_1_58' title="bbox 998 1313 1785 1350">
     <span class='ocr_line' id='line_1_58' title="bbox 998 1313 1785 1350; baseline 0.006 -10"><span class='ocrx_word' id='word_1_460' title='bbox 998 1317 1029 1340; x_wconf 90' lang='lat' dir='ltr'><strong>ut</strong></span> <span class='ocrx_word' id='word_1_461' title='bbox 1051 1313 1152 1348; x_wconf 84' lang='lat' dir='ltr'><strong>hospes</strong></span> <span class='ocrx_word' id='word_1_462' title='bbox 1165 1314 1199 1341; x_wconf 88' lang='lat' dir='ltr'><strong>ad</strong></span> <span class='ocrx_word' id='word_1_463' title='bbox 1221 1321 1278 1341; x_wconf 89' lang='lat' dir='ltr'><strong>rem</strong></span> <span class='ocrx_word' id='word_1_464' title='bbox 1304 1314 1452 1348; x_wconf 84' lang='lat' dir='ltr'><strong>admissus,</strong></span> <span class='ocrx_word' id='word_1_465' title='bbox 1475 1320 1589 1350; x_wconf 83' lang='lat' dir='ltr'><strong>repente</strong></span> <span class='ocrx_word' id='word_1_466' title='bbox 1613 1318 1733 1346; x_wconf 88' lang='lat' dir='ltr'><strong>resoluto</strong></span> <span class='ocrx_word' id='word_1_467' title='bbox 1756 1323 1785 1346; x_wconf 85' lang='lat' dir='ltr'><strong>et</strong></span> 
     </span>
    </p>
   </div>
   <div class='ocr_carea' id='block_1_59' title="bbox 996 1359 1784 1400">
    <p class='ocr_par' dir='ltr' id='par_1_59' title="bbox 996 1359 1784 1400">
     <span class='ocr_line' id='line_1_59' title="bbox 996 1359 1784 1400; baseline 0.009 -15"><span class='ocrx_word' id='word_1_468' title='bbox 996 1363 1094 1393; x_wconf 85' lang='lat' dir='ltr'><strong>aperto</strong></span> <span class='ocrx_word' id='word_1_469' title='bbox 1119 1366 1180 1386; x_wconf 88' lang='lat' dir='ltr'><strong>meo</strong></span> <span class='ocrx_word' id='word_1_470' title='bbox 1203 1367 1252 1387; x_wconf 88' lang='lat' dir='ltr'><strong>ore</strong></span> <span class='ocrx_word' id='word_1_471' title='bbox 1266 1379 1274 1392; x_wconf 90' lang='lat'><strong>,</strong></span> <span class='ocrx_word' id='word_1_472' title='bbox 1299 1359 1355 1387; x_wconf 88' lang='lat' dir='ltr'><strong>dixi</strong></span> <span class='ocrx_word' id='word_1_473' title='bbox 1373 1369 1379 1387; x_wconf 91' lang='lat'>:</span> <span class='ocrx_word' id='word_1_474' title='bbox 1400 1361 1516 1389; x_wconf 86' lang='lat' dir='ltr'><strong>Domine</strong></span> <span class='ocrx_word' id='word_1_475' title='bbox 1529 1362 1636 1396; x_wconf 83' lang='lat' dir='ltr'><strong>Moses,</strong></span> <span class='ocrx_word' id='word_1_476' title='bbox 1650 1363 1708 1391; x_wconf 82' lang='lat' dir='ltr'><strong>haec</strong></span> <span class='ocrx_word' id='word_1_477' title='bbox 1724 1372 1784 1400; x_wconf 65' lang='lat' dir='ltr'><strong>qum</strong></span> 
     </span>
    </p>
   </div>
   <div class='ocr_carea' id='block_1_60' title="bbox 998 1404 1785 1446">
    <p class='ocr_par' dir='ltr' id='par_1_60' title="bbox 998 1404 1785 1446">
     <span class='ocr_line' id='line_1_60' title="bbox 998 1404 1785 1446; baseline 0.009 -15"><span class='ocrx_word' id='word_1_478' title='bbox 998 1404 1074 1437; x_wconf 88' lang='lat' dir='ltr'><strong>facis,</strong></span> <span class='ocrx_word' id='word_1_479' title='bbox 1092 1405 1223 1440; x_wconf 65' lang='lat' dir='ltr'><strong>praeclara</strong></span> <span class='ocrx_word' id='word_1_480' title='bbox 1236 1407 1241 1433; x_wconf 77' lang='grc' dir='ltr'><strong>ί</strong></span> <span class='ocrx_word' id='word_1_481' title='bbox 1255 1406 1316 1441; x_wconf 82' lang='lat' dir='ltr'><strong>Ipse</strong></span> <span class='ocrx_word' id='word_1_482' title='bbox 1327 1413 1481 1435; x_wconf 78' lang='lat' dir='ltr'><strong>conversus</strong></span> <span class='ocrx_word' id='word_1_483' title='bbox 1491 1416 1536 1437; x_wconf 86' lang='lat' dir='ltr'><strong>me</strong></span> <span class='ocrx_word' id='word_1_484' title='bbox 1554 1410 1675 1444; x_wconf 78' lang='lat' dir='ltr'><strong>graviter</strong></span> <span class='ocrx_word' id='word_1_485' title='bbox 1691 1410 1785 1446; x_wconf 74' lang='lat' dir='ltr'><strong>objur-</strong></span> 
     </span>
    </p>
   </div>
   <div class='ocr_carea' id='block_1_61' title="bbox 998 1452 1783 1490">
    <p class='ocr_par' dir='ltr' id='par_1_61' title="bbox 998 1452 1783 1490">
     <span class='ocr_line' id='line_1_61' title="bbox 998 1452 1783 1490; baseline 0.008 -12"><span class='ocrx_word' id='word_1_486' title='bbox 998 1452 1092 1487; x_wconf 79' lang='lat' dir='ltr'><strong>gavit:</strong></span> <span class='ocrx_word' id='word_1_487' title='bbox 1109 1452 1219 1484; x_wconf 87' lang='lat' dir='ltr'><strong>Desine,</strong></span> <span class='ocrx_word' id='word_1_488' title='bbox 1245 1453 1495 1488; x_wconf 86' lang='lat' dir='ltr'><strong>impudentissime,</strong></span> <span class='ocrx_word' id='word_1_489' title='bbox 1524 1455 1589 1490; x_wconf 88' lang='lat' dir='ltr'><strong>quia</strong></span> <span class='ocrx_word' id='word_1_490' title='bbox 1612 1463 1668 1483; x_wconf 85' lang='lat' dir='ltr'><strong>non</strong></span> <span class='ocrx_word' id='word_1_491' title='bbox 1692 1455 1783 1484; x_wconf 84' lang='lat' dir='ltr'><strong>fallor.</strong></span> 
     </span>
    </p>
   </div>
   <div class='ocr_carea' id='block_1_62' title="bbox 996 1499 1785 1537">
    <p class='ocr_par' dir='ltr' id='par_1_62' title="bbox 996 1499 1785 1537">
     <span class='ocr_line' id='line_1_62' title="bbox 996 1499 1785 1537; baseline 0.006 -11"><span class='ocrx_word' id='word_1_492' title='bbox 996 1499 1057 1526; x_wconf 86' lang='lat' dir='ltr'><strong>Non</strong></span> <span class='ocrx_word' id='word_1_493' title='bbox 1075 1499 1151 1526; x_wconf 90' lang='lat' dir='ltr'><strong>enim</strong></span> <span class='ocrx_word' id='word_1_494' title='bbox 1171 1507 1232 1526; x_wconf 90' lang='lat' dir='ltr'><strong>sum</strong></span> <span class='ocrx_word' id='word_1_495' title='bbox 1252 1499 1286 1527; x_wconf 88' lang='lat' dir='ltr'><strong>de</strong></span> <span class='ocrx_word' id='word_1_496' title='bbox 1304 1503 1415 1528; x_wconf 89' lang='lat' dir='ltr'><strong>tuorum</strong></span> <span class='ocrx_word' id='word_1_497' title='bbox 1430 1509 1557 1528; x_wconf 90' lang='lat' dir='ltr'><strong>numero.</strong></span> <span class='ocrx_word' id='word_1_498' title='bbox 1579 1501 1722 1537; x_wconf 76' lang='lat' dir='ltr'><strong>Cognosce</strong></span> <span class='ocrx_word' id='word_1_499' title='bbox 1735 1510 1785 1531; x_wconf 88' lang='lat' dir='ltr'><strong>au-</strong></span> 
     </span>
    </p>
   </div>
   <div class='ocr_carea' id='block_1_63' title="bbox 119 1534 941 1580">
    <p class='ocr_par' dir='ltr' id='par_1_63' title="bbox 119 1542 941 1579">
     <span class='ocr_line' id='line_1_63' title="bbox 119 1542 941 1579; baseline -0.005 -8"><span class='ocrx_word' id='word_1_500' title='bbox 119 1542 147 1572; x_wconf 55' lang='grc' dir='ltr'><strong>κεῖπ</strong></span> <span class='ocrx_word' id='word_1_501' title='bbox 159 1546 231 1571; x_wconf 63' lang='grc' dir='ltr'>κατὰ</span> <span class='ocrx_word' id='word_1_502' title='bbox 250 1545 291 1570; x_wconf 75' lang='grc' dir='ltr'><strong>σέ.</strong></span> <span class='ocrx_word' id='word_1_503' title='bbox 318 1544 445 1579; x_wconf 78' lang='grc' dir='ltr'>Γνωρίζω</span> <span class='ocrx_word' id='word_1_504' title='bbox 459 1543 487 1570; x_wconf 81' lang='grc' dir='ltr'><em>δέ</em></span> <span class='ocrx_word' id='word_1_505' title='bbox 504 1552 554 1579; x_wconf 84' lang='grc' dir='ltr'><strong>μου</strong></span> <span class='ocrx_word' id='word_1_506' title='bbox 575 1544 620 1569; x_wconf 83' lang='grc' dir='ltr'><strong>τὸν</strong></span> <span class='ocrx_word' id='word_1_507' title='bbox 635 1543 754 1578; x_wconf 83' lang='grc' dir='ltr'>Ποιητὴν</span> <span class='ocrx_word' id='word_1_508' title='bbox 770 1543 817 1568; x_wconf 78' lang='grc' dir='ltr'><strong>καὶ</strong></span> <span class='ocrx_word' id='word_1_509' title='bbox 832 1542 941 1576; x_wconf 78' lang='grc' dir='ltr'>Κύριον.</span> 
     </span>
    </p>
   </div>
   <div class='ocr_carea' id='block_1_64' title="bbox 998 1534 1786 1580">
    <p class='ocr_par' dir='ltr' id='par_1_64' title="bbox 998 1534 1786 1580">
     <span class='ocr_line' id='line_1_64' title="bbox 998 1534 1786 1580; baseline 0.006 -13"><span class='ocrx_word' id='word_1_510' title='bbox 998 1543 1052 1567; x_wconf 89' lang='lat' dir='ltr'><strong>tem</strong></span> <span class='ocrx_word' id='word_1_511' title='bbox 1069 1548 1161 1568; x_wconf 89' lang='lat' dir='ltr'><strong>meum</strong></span> <span class='ocrx_word' id='word_1_512' title='bbox 1181 1540 1313 1568; x_wconf 86' lang='lat' dir='ltr'><strong>factorem</strong></span> <span class='ocrx_word' id='word_1_513' title='bbox 1329 1545 1358 1569; x_wconf 91' lang='lat' dir='ltr'><strong>et</strong></span> <span class='ocrx_word' id='word_1_514' title='bbox 1377 1542 1535 1570; x_wconf 86' lang='lat' dir='ltr'><strong>Dominum.</strong></span> <span class='ocrx_word' id='word_1_515' title='bbox 1552 1534 1689 1576; x_wconf 47' lang='lat' dir='ltr'><strong>Quid&#39;tibi</strong></span> <span class='ocrx_word' id='word_1_516' title='bbox 1702 1544 1786 1580; x_wconf 77' lang='lat' dir='ltr'><strong>igitur</strong></span> 
     </span>
    </p>
   </div>
   <div class='ocr_carea' id='block_1_65' title="bbox 122 1585 944 1624">
    <p class='ocr_par' dir='ltr' id='par_1_65' title="bbox 122 1585 944 1624">
     <span class='ocr_line' id='line_1_65' title="bbox 122 1585 944 1624; baseline -0.002 -9"><span class='ocrx_word' id='word_1_517' title='bbox 122 1585 156 1617; x_wconf 44' lang='lat'><strong>‘3&quot;.</strong></span> <span class='ocrx_word' id='word_1_518' title='bbox 166 1590 236 1616; x_wconf 73' lang='grc' dir='ltr'>Ἀλλ’</span> <span class='ocrx_word' id='word_1_519' title='bbox 249 1588 294 1616; x_wconf 83' lang='grc' dir='ltr'><strong>οὖν</strong></span> <span class='ocrx_word' id='word_1_520' title='bbox 310 1590 336 1616; x_wconf 86' lang='grc' dir='ltr'><strong>τί</strong></span> <span class='ocrx_word' id='word_1_521' title='bbox 354 1590 394 1616; x_wconf 77' lang='grc' dir='ltr'><strong>σοὶ</strong></span> <span class='ocrx_word' id='word_1_522' title='bbox 410 1590 456 1616; x_wconf 81' lang='grc' dir='ltr'>καὶ</span> <span class='ocrx_word' id='word_1_523' title='bbox 470 1589 509 1624; x_wconf 82' lang='grc' dir='ltr'>τῷ</span> <span class='ocrx_word' id='word_1_524' title='bbox 523 1589 619 1624; x_wconf 84' lang='grc' dir='ltr'>δικαίῳ</span> <span class='ocrx_word' id='word_1_525' title='bbox 633 1587 851 1624; x_wconf 83' lang='grc' dir='ltr'>ἀρχιεπισχόπῳ,</span> <span class='ocrx_word' id='word_1_526' title='bbox 869 1585 944 1623; x_wconf 83' lang='grc' dir='ltr'>ᾧπερ</span> 
     </span>
    </p>
   </div>
   <div class='ocr_carea' id='block_1_66' title="bbox 130 1633 943 1671">
    <p class='ocr_par' dir='ltr' id='par_1_66' title="bbox 130 1633 943 1671">
     <span class='ocr_line' id='line_1_66' title="bbox 130 1633 943 1671; baseline -0.002 -9"><span class='ocrx_word' id='word_1_527' title='bbox 130 1636 145 1652; x_wconf 55' lang='grc'><strong>⁸-</strong></span> <span class='ocrx_word' id='word_1_528' title='bbox 159 1637 260 1667; x_wconf 78' lang='grc' dir='ltr'>κόπους</span> <span class='ocrx_word' id='word_1_529' title='bbox 287 1636 416 1671; x_wconf 80' lang='grc' dir='ltr'>παρέχεις</span> <span class='ocrx_word' id='word_1_530' title='bbox 440 1636 517 1670; x_wconf 75' lang='grc' dir='ltr'>εἰκῆς</span> <span class='ocrx_word' id='word_1_531' title='bbox 537 1635 631 1670; x_wconf 85' lang='grc' dir='ltr'>Ὅμως</span> <span class='ocrx_word' id='word_1_532' title='bbox 657 1636 690 1670; x_wconf 82' lang='grc' dir='ltr'>τῇ</span> <span class='ocrx_word' id='word_1_533' title='bbox 712 1633 828 1670; x_wconf 76' lang='grc' dir='ltr'>ἐπιούσῃ</span> <span class='ocrx_word' id='word_1_534' title='bbox 849 1633 897 1660; x_wconf 76' lang='grc' dir='ltr'>καὶ</span> <span class='ocrx_word' id='word_1_535' title='bbox 911 1635 943 1668; x_wconf 86' lang='grc' dir='ltr'>τῇ</span> 
     </span>
    </p>
   </div>
   <div class='ocr_carea' id='block_1_67' title="bbox 118 1679 943 1717">
    <p class='ocr_par' dir='ltr' id='par_1_67' title="bbox 118 1679 943 1717">
     <span class='ocr_line' id='line_1_67' title="bbox 118 1679 943 1717; baseline 0 -12"><span class='ocrx_word' id='word_1_536' title='bbox 118 1679 145 1705; x_wconf 64' lang='grc' dir='ltr'>ἐκ</span> <span class='ocrx_word' id='word_1_537' title='bbox 161 1682 219 1717; x_wconf 76' lang='grc' dir='ltr'>μετ’</span> <span class='ocrx_word' id='word_1_538' title='bbox 234 1681 319 1716; x_wconf 84' lang='grc' dir='ltr'>αὐτὴν</span> <span class='ocrx_word' id='word_1_539' title='bbox 335 1681 410 1715; x_wconf 71' lang='grc' dir='ltr'>ὕψει,</span> <span class='ocrx_word' id='word_1_540' title='bbox 429 1681 470 1708; x_wconf 81' lang='grc' dir='ltr'>ὅτι</span> <span class='ocrx_word' id='word_1_541' title='bbox 483 1680 626 1716; x_wconf 82' lang='grc' dir='ltr'><strong>ὴττηθήσῃ</strong></span> <span class='ocrx_word' id='word_1_542' title='bbox 641 1680 686 1706; x_wconf 85' lang='grc' dir='ltr'><strong>ὐπ’</strong></span> <span class='ocrx_word' id='word_1_543' title='bbox 697 1680 779 1707; x_wconf 81' lang='grc' dir='ltr'>αὑτοῦ</span> <span class='ocrx_word' id='word_1_544' title='bbox 794 1679 943 1714; x_wconf 82' lang='grc' dir='ltr'>κραταιῶς,</span> 
     </span>
    </p>
   </div>
   <div class='ocr_carea' id='block_1_68' title="bbox 106 1716 945 1763">
    <p class='ocr_par' dir='ltr' id='par_1_68' title="bbox 106 1716 945 1763">
     <span class='ocr_line' id='line_1_68' title="bbox 106 1716 945 1763; baseline -0.002 -9"><span class='ocrx_word' id='word_1_545' title='bbox 106 1716 147 1759; x_wconf 43' lang='grc' dir='ltr'><strong>ἳί]</strong></span> <span class='ocrx_word' id='word_1_546' title='bbox 159 1728 208 1754; x_wconf 69' lang='grc' dir='ltr'>καὶ</span> <span class='ocrx_word' id='word_1_547' title='bbox 221 1728 423 1763; x_wconf 84' lang='grc' dir='ltr'>προσκυνήσεις</span> <span class='ocrx_word' id='word_1_548' title='bbox 437 1726 511 1761; x_wconf 80' lang='grc' dir='ltr'>αὐτῷ</span> <span class='ocrx_word' id='word_1_549' title='bbox 523 1725 601 1761; x_wconf 71' lang='grc'><strong>(52),</strong></span> <span class='ocrx_word' id='word_1_550' title='bbox 622 1726 659 1757; x_wconf 84' lang='grc' dir='ltr'><strong>ὡς</strong></span> <span class='ocrx_word' id='word_1_551' title='bbox 675 1725 763 1760; x_wconf 74' lang='grc' dir='ltr'><strong>κάγὼ,</strong></span> <span class='ocrx_word' id='word_1_552' title='bbox 778 1725 824 1752; x_wconf 79' lang='grc' dir='ltr'><strong>τὸν</strong></span> <span class='ocrx_word' id='word_1_553' title='bbox 841 1725 945 1760; x_wconf 77' lang='grc' dir='ltr'>Ἰησοῦν</span> 
     </span>
    </p>
   </div>
   <div class='ocr_carea' id='block_1_69' title="bbox 125 1770 946 1808">
    <p class='ocr_par' dir='ltr' id='par_1_69' title="bbox 125 1770 946 1808">
     <span class='ocr_line' id='line_1_69' title="bbox 125 1770 946 1808; baseline -0.004 -8"><span class='ocrx_word' id='word_1_554' title='bbox 125 1777 143 1795; x_wconf 64' lang='grc' dir='ltr'><strong>ἵν’</strong></span> <span class='ocrx_word' id='word_1_555' title='bbox 160 1782 212 1808; x_wconf 86' lang='grc' dir='ltr'><strong>μου</strong></span> <span class='ocrx_word' id='word_1_556' title='bbox 231 1774 277 1800; x_wconf 81' lang='grc' dir='ltr'>καὶ</span> <span class='ocrx_word' id='word_1_557' title='bbox 294 1773 406 1808; x_wconf 84' lang='grc' dir='ltr'>Κύριον.</span> <span class='ocrx_word' id='word_1_558' title='bbox 429 1772 522 1799; x_wconf 83' lang='grc' dir='ltr'>Ταῦτα</span> <span class='ocrx_word' id='word_1_559' title='bbox 535 1770 590 1806; x_wconf 73' lang='grc' dir='ltr'><strong>ἐγὼ</strong></span> <span class='ocrx_word' id='word_1_560' title='bbox 602 1771 744 1806; x_wconf 81' lang='grc' dir='ltr'><strong>τεθέαμαι,</strong></span> <span class='ocrx_word' id='word_1_561' title='bbox 758 1771 878 1805; x_wconf 80' lang='grc' dir='ltr'>ἀδελφοὶ,</span> <span class='ocrx_word' id='word_1_562' title='bbox 897 1771 946 1797; x_wconf 78' lang='grc' dir='ltr'>καὶ</span> 
     </span>
    </p>
   </div>
   <div class='ocr_carea' id='block_1_70' title="bbox 111 1814 945 1853">
    <p class='ocr_par' dir='ltr' id='par_1_70' title="bbox 111 1814 945 1853">
     <span class='ocr_line' id='line_1_70' title="bbox 111 1814 945 1853; baseline -0.002 -8"><span class='ocrx_word' id='word_1_563' title='bbox 111 1814 141 1850; x_wconf 53' lang='grc' dir='ltr'><strong>(ιι</strong></span> <span class='ocrx_word' id='word_1_564' title='bbox 158 1819 221 1845; x_wconf 87' lang='grc' dir='ltr'>τίνα</span> <span class='ocrx_word' id='word_1_565' title='bbox 248 1819 317 1846; x_wconf 81' lang='grc' dir='ltr'>εἰσὶν</span> <span class='ocrx_word' id='word_1_566' title='bbox 348 1819 398 1846; x_wconf 86' lang='grc' dir='ltr'>οὐκ</span> <span class='ocrx_word' id='word_1_567' title='bbox 424 1818 586 1853; x_wconf 81' lang='grc' dir='ltr'>ἐπίσταμαι.</span> <span class='ocrx_word' id='word_1_568' title='bbox 617 1817 712 1852; x_wconf 86' lang='grc' dir='ltr'><strong>Ὅμως</strong></span> <span class='ocrx_word' id='word_1_569' title='bbox 740 1817 790 1843; x_wconf 84' lang='grc' dir='ltr'>οὐκ</span> <span class='ocrx_word' id='word_1_570' title='bbox 815 1817 945 1852; x_wconf 81' lang='grc' dir='ltr'>ἀμελήσω</span> 
     </span>
    </p>
   </div>
   <div class='ocr_carea' id='block_1_71' title="bbox 110 1860 945 1900">
    <p class='ocr_par' dir='ltr' id='par_1_71' title="bbox 110 1860 945 1900">
     <span class='ocr_line' id='line_1_71' title="bbox 110 1860 945 1900; baseline -0.002 -9"><span class='ocrx_word' id='word_1_571' title='bbox 110 1860 111 1863; x_wconf 39' lang='grc'><em>“</em></span> <span class='ocrx_word' id='word_1_572' title='bbox 137 1878 141 1881; x_wconf 54' lang='grc' dir='ltr'><strong>η</strong></span> <span class='ocrx_word' id='word_1_573' title='bbox 159 1866 188 1891; x_wconf 81' lang='grc' dir='ltr'>ὲν</span> <span class='ocrx_word' id='word_1_574' title='bbox 211 1865 249 1900; x_wconf 81' lang='grc' dir='ltr'>τῷ</span> <span class='ocrx_word' id='word_1_575' title='bbox 271 1865 340 1897; x_wconf 81' lang='grc' dir='ltr'>τέως</span> <span class='ocrx_word' id='word_1_576' title='bbox 364 1865 427 1899; x_wconf 81' lang='grc' dir='ltr'>περὶ</span> <span class='ocrx_word' id='word_1_577' title='bbox 443 1864 498 1890; x_wconf 84' lang='grc' dir='ltr'><strong>τῶν</strong></span> <span class='ocrx_word' id='word_1_578' title='bbox 512 1864 598 1898; x_wconf 71' lang='grc' dir='ltr'>ἐμῶν,</span> <span class='ocrx_word' id='word_1_579' title='bbox 624 1864 732 1890; x_wconf 86' lang='grc' dir='ltr'>Τούτων</span> <span class='ocrx_word' id='word_1_580' title='bbox 747 1863 832 1895; x_wconf 66' lang='grc' dir='ltr'>οὕτως</span> <span class='ocrx_word' id='word_1_581' title='bbox 848 1863 945 1898; x_wconf 82' lang='grc' dir='ltr'><strong>ρηθέν-</strong></span> 
     </span>
    </p>
   </div>
   <div class='ocr_carea' id='block_1_72' title="bbox 123 1908 971 1945">
    <p class='ocr_par' dir='ltr' id='par_1_72' title="bbox 123 1908 971 1945">
     <span class='ocr_line' id='line_1_72' title="bbox 123 1908 971 1945; baseline -0.004 -8"><span class='ocrx_word' id='word_1_582' title='bbox 157 1919 212 1937; x_wconf 83' lang='grc' dir='ltr'><strong>των</strong></span> <span class='ocrx_word' id='word_1_583' title='bbox 238 1910 338 1945; x_wconf 82' lang='grc' dir='ltr'>μεταξὺ</span> <span class='ocrx_word' id='word_1_584' title='bbox 354 1911 443 1937; x_wconf 83' lang='grc' dir='ltr'>αὐτῶν</span> <span class='ocrx_word' id='word_1_585' title='bbox 458 1911 504 1936; x_wconf 74' lang='grc' dir='ltr'><strong>καὶ</strong></span> <span class='ocrx_word' id='word_1_586' title='bbox 517 1909 605 1936; x_wconf 84' lang='grc' dir='ltr'>ἄλλων</span> <span class='ocrx_word' id='word_1_587' title='bbox 618 1909 734 1941; x_wconf 76' lang='grc' dir='ltr'>πολλῶν,</span> <span class='ocrx_word' id='word_1_588' title='bbox 752 1910 784 1944; x_wconf 81' lang='grc' dir='ltr'>τῇ</span> <span class='ocrx_word' id='word_1_589' title='bbox 800 1909 885 1935; x_wconf 69' lang='grc' dir='ltr'>ἕωθεν</span> <span class='ocrx_word' id='word_1_590' title='bbox 899 1908 946 1935; x_wconf 86' lang='grc' dir='ltr'><strong>τοῦ</strong></span> <span class='ocrx_word' id='word_1_591' title='bbox 969 1929 971 1931; x_wconf 90' lang='grc'>.</span> 
     </span>
    </p>
   </div>
   <div class='ocr_carea' id='block_1_73' title="bbox 117 1953 947 1992">
    <p class='ocr_par' dir='ltr' id='par_1_73' title="bbox 117 1953 947 1992">
     <span class='ocr_line' id='line_1_73' title="bbox 117 1953 947 1992; baseline -0.002 -10"><span class='ocrx_word' id='word_1_592' title='bbox 117 1961 123 1972; x_wconf 85' lang='lat'><strong>‘-</strong></span> <span class='ocrx_word' id='word_1_593' title='bbox 158 1956 300 1992; x_wconf 76' lang='grc' dir='ltr'>συνεδρίου</span> <span class='ocrx_word' id='word_1_594' title='bbox 313 1955 533 1990; x_wconf 78' lang='grc' dir='ltr'>ἐτοιμασθέντος,</span> <span class='ocrx_word' id='word_1_595' title='bbox 551 1955 716 1990; x_wconf 82' lang='grc' dir='ltr'>παρεγένετο</span> <span class='ocrx_word' id='word_1_596' title='bbox 731 1954 778 1981; x_wconf 71' lang='grc' dir='ltr'><strong>καὶ</strong></span> <span class='ocrx_word' id='word_1_597' title='bbox 792 1955 806 1981; x_wconf 83' lang='grc' dir='ltr'>ὁ</span> <span class='ocrx_word' id='word_1_598' title='bbox 819 1953 947 1988; x_wconf 83' lang='grc' dir='ltr'>βασιλεὺς</span> 
     </span>
    </p>
   </div>
   <div class='ocr_carea' id='block_1_74' title="bbox 159 1999 946 2038">
    <p class='ocr_par' dir='ltr' id='par_1_74' title="bbox 159 1999 946 2038">
     <span class='ocr_line' id='line_1_74' title="bbox 159 1999 946 2038; baseline -0.003 -10"><span class='ocrx_word' id='word_1_599' title='bbox 159 2002 229 2036; x_wconf 80' lang='grc' dir='ltr'>μετὰ</span> <span class='ocrx_word' id='word_1_600' title='bbox 242 2002 561 2038; x_wconf 76' lang='grc' dir='ltr'>ἀρχιεπισκόπου.”Εστη</span> <span class='ocrx_word' id='word_1_601' title='bbox 574 2002 602 2028; x_wconf 76' lang='grc' dir='ltr'><strong>δὲ</strong></span> <span class='ocrx_word' id='word_1_602' title='bbox 618 2002 665 2028; x_wconf 71' lang='grc' dir='ltr'><strong>καὶ</strong></span> <span class='ocrx_word' id='word_1_603' title='bbox 677 2002 691 2027; x_wconf 81' lang='grc' dir='ltr'><strong>ὁ</strong></span> <span class='ocrx_word' id='word_1_604' title='bbox 700 2001 801 2035; x_wconf 76' lang='grc' dir='ltr'><strong>Ἑρὸᾶν</strong></span> <span class='ocrx_word' id='word_1_605' title='bbox 814 1999 946 2035; x_wconf 75' lang='grc' dir='ltr'>μετὰτῶν</span> 
     </span>
    </p>
   </div>
   <div class='ocr_carea' id='block_1_75' title="bbox 145 2046 873 2083">
    <p class='ocr_par' dir='ltr' id='par_1_75' title="bbox 145 2046 873 2083">
     <span class='ocr_line' id='line_1_75' title="bbox 145 2046 873 2083; baseline 0 -10"><span class='ocrx_word' id='word_1_606' title='bbox 145 2050 352 2083; x_wconf 51' lang='grc' dir='ltr'>ῐσυνεπομένων</span> <span class='ocrx_word' id='word_1_607' title='bbox 366 2048 440 2083; x_wconf 75' lang='grc' dir='ltr'>αὐτῷ</span> <span class='ocrx_word' id='word_1_608' title='bbox 456 2048 551 2083; x_wconf 77' lang='grc' dir='ltr'>ἱερέων</span> <span class='ocrx_word' id='word_1_609' title='bbox 567 2049 613 2074; x_wconf 84' lang='grc' dir='ltr'>καὶ</span> <span class='ocrx_word' id='word_1_610' title='bbox 628 2046 873 2082; x_wconf 79' lang='grc' dir='ltr'>νομοδιδασκάλων.</span> 
     </span>
    </p>
   </div>
   <div class='ocr_carea' id='block_1_76' title="bbox 996 1586 1786 1624">
    <p class='ocr_par' dir='ltr' id='par_1_76' title="bbox 996 1586 1786 1624">
     <span class='ocr_line' id='line_1_76' title="bbox 996 1586 1786 1624; baseline 0.006 -11"><span class='ocrx_word' id='word_1_611' title='bbox 996 1594 1061 1614; x_wconf 87' lang='lat' dir='ltr'><strong>cum</strong></span> <span class='ocrx_word' id='word_1_612' title='bbox 1078 1586 1131 1614; x_wconf 90' lang='lat' dir='ltr'><strong>hoc</strong></span> <span class='ocrx_word' id='word_1_613' title='bbox 1149 1587 1224 1622; x_wconf 89' lang='lat' dir='ltr'><strong>justo</strong></span> <span class='ocrx_word' id='word_1_614' title='bbox 1235 1587 1454 1624; x_wconf 83' lang='lat' dir='ltr'><strong>archiepiscopo,</strong></span> <span class='ocrx_word' id='word_1_615' title='bbox 1468 1590 1515 1624; x_wconf 87' lang='lat' dir='ltr'><strong>qui</strong></span> <span class='ocrx_word' id='word_1_616' title='bbox 1533 1590 1675 1624; x_wconf 79' lang='lat' dir='ltr'><strong>negotium</strong></span> <span class='ocrx_word' id='word_1_617' title='bbox 1689 1595 1716 1618; x_wconf 90' lang='lat' dir='ltr'><strong>et</strong></span> <span class='ocrx_word' id='word_1_618' title='bbox 1727 1599 1786 1618; x_wconf 79' lang='lat' dir='ltr'><strong>mo—</strong></span> 
     </span>
    </p>
   </div>
   <div class='ocr_carea' id='block_1_77' title="bbox 996 1632 1784 1666">
    <p class='ocr_par' dir='ltr' id='par_1_77' title="bbox 996 1632 1784 1666">
     <span class='ocr_line' id='line_1_77' title="bbox 996 1632 1784 1666; baseline 0.005 -6"><span class='ocrx_word' id='word_1_619' title='bbox 996 1632 1090 1660; x_wconf 88' lang='lat' dir='ltr'><strong>lestias</strong></span> <span class='ocrx_word' id='word_1_620' title='bbox 1114 1633 1254 1661; x_wconf 88' lang='lat' dir='ltr'><strong>incassum</strong></span> <span class='ocrx_word' id='word_1_621' title='bbox 1272 1637 1301 1661; x_wconf 87' lang='lat' dir='ltr'><strong>et</strong></span> <span class='ocrx_word' id='word_1_622' title='bbox 1318 1638 1421 1662; x_wconf 84' lang='lat' dir='ltr'><strong>temere</strong></span> <span class='ocrx_word' id='word_1_623' title='bbox 1439 1634 1574 1662; x_wconf 77' lang='lat' dir='ltr'><strong>facessis?</strong></span> <span class='ocrx_word' id='word_1_624' title='bbox 1589 1635 1784 1666; x_wconf 85' lang='lat' dir='ltr'><strong>Verumtamen</strong></span> 
     </span>
    </p>
   </div>
   <div class='ocr_carea' id='block_1_78' title="bbox 997 1679 1784 1718">
    <p class='ocr_par' dir='ltr' id='par_1_78' title="bbox 997 1679 1784 1718">
     <span class='ocr_line' id='line_1_78' title="bbox 997 1679 1784 1718; baseline 0.006 -12"><span class='ocrx_word' id='word_1_625' title='bbox 997 1679 1124 1714; x_wconf 84' lang='lat' dir='ltr'><strong>sequenti</strong></span> <span class='ocrx_word' id='word_1_626' title='bbox 1140 1680 1185 1707; x_wconf 90' lang='lat' dir='ltr'><strong>die</strong></span> <span class='ocrx_word' id='word_1_627' title='bbox 1204 1684 1233 1707; x_wconf 87' lang='lat' dir='ltr'><strong>et</strong></span> <span class='ocrx_word' id='word_1_628' title='bbox 1246 1681 1376 1715; x_wconf 85' lang='lat' dir='ltr'><strong>perendie</strong></span> <span class='ocrx_word' id='word_1_629' title='bbox 1389 1680 1507 1715; x_wconf 88' lang='lat' dir='ltr'><strong>videbis,</strong></span> <span class='ocrx_word' id='word_1_630' title='bbox 1522 1681 1596 1716; x_wconf 86' lang='lat' dir='ltr'><strong>quod</strong></span> <span class='ocrx_word' id='word_1_631' title='bbox 1608 1682 1644 1710; x_wconf 89' lang='lat' dir='ltr'><strong>ab</strong></span> <span class='ocrx_word' id='word_1_632' title='bbox 1658 1683 1717 1718; x_wconf 90' lang='lat' dir='ltr'><strong>ipso</strong></span> <span class='ocrx_word' id='word_1_633' title='bbox 1728 1683 1784 1711; x_wconf 85' lang='lat' dir='ltr'><strong>for-</strong></span> 
     </span>
    </p>
   </div>
   <div class='ocr_carea' id='block_1_79' title="bbox 998 1726 1782 1765">
    <p class='ocr_par' dir='ltr' id='par_1_79' title="bbox 998 1726 1782 1765">
     <span class='ocr_line' id='line_1_79' title="bbox 998 1726 1782 1765; baseline 0.005 -13"><span class='ocrx_word' id='word_1_634' title='bbox 998 1726 1063 1753; x_wconf 87' lang='lat' dir='ltr'><strong>titer</strong></span> <span class='ocrx_word' id='word_1_635' title='bbox 1076 1726 1264 1760; x_wconf 82' lang='lat' dir='ltr'><strong>superaberis,</strong></span> <span class='ocrx_word' id='word_1_636' title='bbox 1289 1731 1316 1753; x_wconf 91' lang='lat' dir='ltr'><strong>et</strong></span> <span class='ocrx_word' id='word_1_637' title='bbox 1342 1726 1470 1755; x_wconf 88' lang='lat' dir='ltr'><strong>adorabis</strong></span> <span class='ocrx_word' id='word_1_638' title='bbox 1501 1727 1603 1762; x_wconf 88' lang='lat' dir='ltr'><strong>ipsum,</strong></span> <span class='ocrx_word' id='word_1_639' title='bbox 1626 1728 1698 1756; x_wconf 90' lang='lat' dir='ltr'><strong>sicut</strong></span> <span class='ocrx_word' id='word_1_640' title='bbox 1720 1737 1782 1765; x_wconf 76' lang='lat' dir='ltr'><strong>ego,</strong></span> 
     </span>
    </p>
   </div>
   <div class='ocr_carea' id='block_1_80' title="bbox 996 1771 1784 1808">
    <p class='ocr_par' dir='ltr' id='par_1_80' title="bbox 996 1771 1784 1808">
     <span class='ocr_line' id='line_1_80' title="bbox 996 1771 1784 1808; baseline 0.005 -10"><span class='ocrx_word' id='word_1_641' title='bbox 996 1771 1090 1799; x_wconf 68' lang='lat' dir='ltr'><strong>Iesum</strong></span> <span class='ocrx_word' id='word_1_642' title='bbox 1099 1779 1192 1798; x_wconf 89' lang='lat' dir='ltr'><strong>meum</strong></span> <span class='ocrx_word' id='word_1_643' title='bbox 1204 1776 1233 1799; x_wconf 89' lang='lat' dir='ltr'><strong>et</strong></span> <span class='ocrx_word' id='word_1_644' title='bbox 1244 1771 1470 1800; x_wconf 71' lang='lat' dir='ltr'><strong>DominumJizec</strong></span> <span class='ocrx_word' id='word_1_645' title='bbox 1484 1779 1544 1808; x_wconf 79' lang='lat' dir='ltr'><strong>ego,</strong></span> <span class='ocrx_word' id='word_1_646' title='bbox 1553 1773 1665 1807; x_wconf 80' lang='lat' dir='ltr'><strong>fratres,</strong></span> <span class='ocrx_word' id='word_1_647' title='bbox 1675 1774 1742 1808; x_wconf 90' lang='lat' dir='ltr'><strong>vidi,</strong></span> <span class='ocrx_word' id='word_1_648' title='bbox 1755 1779 1784 1802; x_wconf 89' lang='lat' dir='ltr'><strong>et</strong></span> 
     </span>
    </p>
   </div>
   <div class='ocr_carea' id='block_1_81' title="bbox 997 1817 1780 1853">
    <p class='ocr_par' dir='ltr' id='par_1_81' title="bbox 997 1817 1780 1853">
     <span class='ocr_line' id='line_1_81' title="bbox 997 1817 1780 1853; baseline 0.006 -10"><span class='ocrx_word' id='word_1_649' title='bbox 997 1824 1122 1851; x_wconf 69' lang='lat' dir='ltr'><strong>quaenam</strong></span> <span class='ocrx_word' id='word_1_650' title='bbox 1134 1817 1200 1849; x_wconf 88' lang='lat' dir='ltr'><strong>sint,</strong></span> <span class='ocrx_word' id='word_1_651' title='bbox 1214 1817 1316 1844; x_wconf 88' lang='lat' dir='ltr'><strong>nescio.</strong></span> <span class='ocrx_word' id='word_1_652' title='bbox 1328 1817 1440 1844; x_wconf 88' lang='lat' dir='ltr'><strong>Interim</strong></span> <span class='ocrx_word' id='word_1_653' title='bbox 1454 1822 1544 1846; x_wconf 84' lang='lat' dir='ltr'><strong>tamen</strong></span> <span class='ocrx_word' id='word_1_654' title='bbox 1556 1826 1613 1846; x_wconf 91' lang='lat' dir='ltr'><strong>non</strong></span> <span class='ocrx_word' id='word_1_655' title='bbox 1623 1819 1780 1853; x_wconf 86' lang='lat' dir='ltr'><strong>defatiscar,</strong></span> 
     </span>
    </p>
   </div>
   <div class='ocr_carea' id='block_1_82' title="bbox 996 1863 1782 1902">
    <p class='ocr_par' dir='ltr' id='par_1_82' title="bbox 996 1863 1782 1902">
     <span class='ocr_line' id='line_1_82' title="bbox 996 1863 1782 1902; baseline 0.008 -13"><span class='ocrx_word' id='word_1_656' title='bbox 996 1870 1087 1897; x_wconf 88' lang='lat' dir='ltr'><strong>neque</strong></span> <span class='ocrx_word' id='word_1_657' title='bbox 1100 1870 1145 1890; x_wconf 87' lang='lat' dir='ltr'><strong>res</strong></span> <span class='ocrx_word' id='word_1_658' title='bbox 1160 1870 1234 1891; x_wconf 88' lang='lat' dir='ltr'><strong>meas</strong></span> <span class='ocrx_word' id='word_1_659' title='bbox 1249 1863 1395 1898; x_wconf 76' lang='lat' dir='ltr'><strong>negligam.</strong></span> <span class='ocrx_word' id='word_1_660' title='bbox 1411 1863 1459 1892; x_wconf 87' lang='lat' dir='ltr'><strong>His</strong></span> <span class='ocrx_word' id='word_1_661' title='bbox 1471 1865 1509 1892; x_wconf 88' lang='lat' dir='ltr'><strong>ita</strong></span> <span class='ocrx_word' id='word_1_662' title='bbox 1529 1865 1610 1892; x_wconf 90' lang='lat' dir='ltr'><strong>dictis</strong></span> <span class='ocrx_word' id='word_1_663' title='bbox 1621 1866 1693 1894; x_wconf 89' lang='lat' dir='ltr'><strong>inter</strong></span> <span class='ocrx_word' id='word_1_664' title='bbox 1706 1867 1782 1902; x_wconf 90' lang='lat' dir='ltr'><strong>ipsos</strong></span> 
     </span>
    </p>
   </div>
   <div class='ocr_carea' id='block_1_83' title="bbox 995 1908 1781 1945">
    <p class='ocr_par' dir='ltr' id='par_1_83' title="bbox 995 1908 1781 1945">
     <span class='ocr_line' id='line_1_83' title="bbox 995 1908 1781 1945; baseline 0.008 -11"><span class='ocrx_word' id='word_1_665' title='bbox 995 1912 1024 1935; x_wconf 88' lang='lat' dir='ltr'><strong>et</strong></span> <span class='ocrx_word' id='word_1_666' title='bbox 1039 1908 1108 1935; x_wconf 90' lang='lat' dir='ltr'><strong>alios</strong></span> <span class='ocrx_word' id='word_1_667' title='bbox 1120 1908 1233 1940; x_wconf 90' lang='lat' dir='ltr'><strong>multos,</strong></span> <span class='ocrx_word' id='word_1_668' title='bbox 1246 1915 1327 1936; x_wconf 87' lang='lat' dir='ltr'><strong>mane</strong></span> <span class='ocrx_word' id='word_1_669' title='bbox 1341 1915 1473 1936; x_wconf 88' lang='lat' dir='ltr'><strong>consessu</strong></span> <span class='ocrx_word' id='word_1_670' title='bbox 1482 1915 1648 1945; x_wconf 68' lang='lat' dir='ltr'><strong>praeparato,</strong></span> <span class='ocrx_word' id='word_1_671' title='bbox 1657 1920 1705 1939; x_wconf 86' lang='lat' dir='ltr'><strong>rex</strong></span> <span class='ocrx_word' id='word_1_672' title='bbox 1717 1919 1781 1940; x_wconf 91' lang='lat' dir='ltr'><strong>cum</strong></span> 
     </span>
    </p>
   </div>
   <div class='ocr_carea' id='block_1_84' title="bbox 995 1952 1780 1990">
    <p class='ocr_par' dir='ltr' id='par_1_84' title="bbox 995 1952 1780 1990">
     <span class='ocr_line' id='line_1_84' title="bbox 995 1952 1780 1990; baseline 0.005 -10"><span class='ocrx_word' id='word_1_673' title='bbox 995 1952 1203 1987; x_wconf 86' lang='lat' dir='ltr'><strong>archiepiscopo</strong></span> <span class='ocrx_word' id='word_1_674' title='bbox 1226 1952 1349 1980; x_wconf 86' lang='lat' dir='ltr'><strong>advenit.</strong></span> <span class='ocrx_word' id='word_1_675' title='bbox 1366 1952 1511 1981; x_wconf 80' lang='lat' dir='ltr'><strong>Herbanus</strong></span> <span class='ocrx_word' id='word_1_676' title='bbox 1527 1962 1638 1990; x_wconf 88' lang='lat' dir='ltr'><strong>quoque</strong></span> <span class='ocrx_word' id='word_1_677' title='bbox 1657 1964 1720 1983; x_wconf 91' lang='lat' dir='ltr'><strong>cum</strong></span> <span class='ocrx_word' id='word_1_678' title='bbox 1736 1964 1780 1984; x_wconf 87' lang='lat' dir='ltr'><strong>sa-</strong></span> 
     </span>
    </p>
   </div>
   <div class='ocr_carea' id='block_1_85' title="bbox 994 1997 1661 2034">
    <p class='ocr_par' dir='ltr' id='par_1_85' title="bbox 994 1997 1661 2034">
     <span class='ocr_line' id='line_1_85' title="bbox 994 1997 1661 2034; baseline 0.004 -8"><span class='ocrx_word' id='word_1_679' title='bbox 994 1998 1153 2026; x_wconf 84' lang='lat' dir='ltr'><strong>cerdotibus</strong></span> <span class='ocrx_word' id='word_1_680' title='bbox 1165 1997 1233 2034; x_wconf 86' lang='lat' dir='ltr'><strong>ipsis</strong></span> <span class='ocrx_word' id='word_1_681' title='bbox 1246 2003 1275 2027; x_wconf 89' lang='lat' dir='ltr'><strong>et</strong></span> <span class='ocrx_word' id='word_1_682' title='bbox 1289 1998 1358 2034; x_wconf 76' lang='lat' dir='ltr'><strong>legis</strong></span> <span class='ocrx_word' id='word_1_683' title='bbox 1370 1999 1530 2027; x_wconf 87' lang='lat' dir='ltr'><strong>doctoribus</strong></span> <span class='ocrx_word' id='word_1_684' title='bbox 1544 2000 1661 2029; x_wconf 84' lang='lat' dir='ltr'><strong>adstitit.</strong></span> 
     </span>
    </p>
   </div>
   <div class='ocr_carea' id='block_1_86' title="bbox 713 2168 1235 2208">
    <p class='ocr_par' dir='ltr' id='par_1_86' title="bbox 713 2168 1235 2208">
     <span class='ocr_line' id='line_1_86' title="bbox 713 2168 1235 2208; baseline -0.008 -6"><span class='ocrx_word' id='word_1_685' title='bbox 713 2171 953 2203; x_wconf 79' lang='lat' dir='ltr'><strong>DlSPUTATlO</strong></span> <span class='ocrx_word' id='word_1_686' title='bbox 972 2170 1122 2208; x_wconf 79' lang='lat' dir='ltr'><strong>QUARTI</strong></span> <span class='ocrx_word' id='word_1_687' title='bbox 1141 2168 1235 2199; x_wconf 74' lang='lat' dir='ltr'><strong>DIE].</strong></span> 
     </span>
    </p>
   </div>
   <div class='ocr_carea' id='block_1_87' title="bbox 143 2228 941 2271">
    <p class='ocr_par' dir='ltr' id='par_1_87' title="bbox 143 2228 941 2271">
     <span class='ocr_line' id='line_1_87' title="bbox 143 2228 941 2271; baseline 0.003 -11"><span class='ocrx_word' id='word_1_688' title='bbox 143 2228 247 2260; x_wconf 54' lang='grc' dir='ltr'>ν’*ίΚαί</span> <span class='ocrx_word' id='word_1_689' title='bbox 264 2242 347 2269; x_wconf 86' lang='grc' dir='ltr'>φησιν</span> <span class='ocrx_word' id='word_1_690' title='bbox 364 2236 384 2261; x_wconf 88' lang='lat'><strong>0</strong></span> <span class='ocrx_word' id='word_1_691' title='bbox 400 2234 501 2262; x_wconf 81' lang='grc' dir='ltr'><strong>ΑΠοΣ</strong></span> <span class='ocrx_word' id='word_1_692' title='bbox 512 2244 520 2252; x_wconf 70' lang='grc' dir='ltr'><strong><em>ο</em></strong></span> <span class='ocrx_word' id='word_1_693' title='bbox 538 2235 610 2267; x_wconf 76' lang='grc' dir='ltr'>Χθὲς</span> <span class='ocrx_word' id='word_1_694' title='bbox 625 2236 749 2271; x_wconf 74' lang='grc' dir='ltr'>εἴρηκας,</span> <span class='ocrx_word' id='word_1_695' title='bbox 765 2236 806 2262; x_wconf 81' lang='grc' dir='ltr'>ὅτι</span> <span class='ocrx_word' id='word_1_696' title='bbox 820 2236 834 2262; x_wconf 82' lang='grc' dir='ltr'><strong>ὁ</strong></span> <span class='ocrx_word' id='word_1_697' title='bbox 850 2235 941 2270; x_wconf 84' lang='grc' dir='ltr'>βουλό-</span> 
     </span>
    </p>
   </div>
   <div class='ocr_carea' id='block_1_88' title="bbox 998 2228 1778 2271">
    <p class='ocr_par' dir='ltr' id='par_1_88' title="bbox 1029 2230 1778 2268">
     <span class='ocr_line' id='line_1_88' title="bbox 1029 2230 1778 2268; baseline 0.003 -7"><span class='ocrx_word' id='word_1_698' title='bbox 1029 2234 1064 2261; x_wconf 83' lang='grc' dir='ltr'>Ει</span> <span class='ocrx_word' id='word_1_699' title='bbox 1079 2232 1150 2260; x_wconf 82' lang='lat' dir='ltr'><strong>dixit</strong></span> <span class='ocrx_word' id='word_1_700' title='bbox 1161 2231 1190 2259; x_wconf 87' lang='lat' dir='ltr'><strong>S.</strong></span> <span class='ocrx_word' id='word_1_701' title='bbox 1202 2230 1305 2259; x_wconf 81' lang='lat' dir='ltr'><strong>ARCH.</strong></span> <span class='ocrx_word' id='word_1_702' title='bbox 1320 2240 1326 2258; x_wconf 89' lang='lat'>:</span> <span class='ocrx_word' id='word_1_703' title='bbox 1339 2231 1404 2260; x_wconf 87' lang='lat' dir='ltr'><strong>Heri</strong></span> <span class='ocrx_word' id='word_1_704' title='bbox 1414 2231 1518 2265; x_wconf 87' lang='lat' dir='ltr'><strong>dixisti,</strong></span> <span class='ocrx_word' id='word_1_705' title='bbox 1530 2240 1593 2260; x_wconf 91' lang='lat' dir='ltr'><strong>eum</strong></span> <span class='ocrx_word' id='word_1_706' title='bbox 1605 2233 1651 2268; x_wconf 89' lang='lat' dir='ltr'><strong>qui</strong></span> <span class='ocrx_word' id='word_1_707' title='bbox 1670 2242 1778 2263; x_wconf 85' lang='lat' dir='ltr'><strong>mecum</strong></span> 
     </span>
    </p>
   </div>
   <div class='ocr_carea' id='block_1_89' title="bbox 117 2275 939 2316">
    <p class='ocr_par' dir='ltr' id='par_1_89' title="bbox 117 2275 939 2316">
     <span class='ocr_line' id='line_1_89' title="bbox 117 2275 939 2316; baseline 0.001 -11"><span class='ocrx_word' id='word_1_708' title='bbox 117 2275 125 2286; x_wconf 58' lang='grc'>³</span> <span class='ocrx_word' id='word_1_709' title='bbox 143 2288 238 2314; x_wconf 80' lang='grc' dir='ltr'>-μενος</span> <span class='ocrx_word' id='word_1_710' title='bbox 266 2280 421 2315; x_wconf 84' lang='grc' dir='ltr'>συνομιλεῖν</span> <span class='ocrx_word' id='word_1_711' title='bbox 443 2282 504 2316; x_wconf 77' lang='grc' dir='ltr'>ἐμοὶ</span> <span class='ocrx_word' id='word_1_712' title='bbox 515 2301 522 2313; x_wconf 83' lang='lat'><strong>,</strong></span> <span class='ocrx_word' id='word_1_713' title='bbox 552 2281 600 2308; x_wconf 87' lang='grc' dir='ltr'>ἀπ’</span> <span class='ocrx_word' id='word_1_714' title='bbox 616 2281 728 2307; x_wconf 81' lang='grc' dir='ltr'>ἐκείνων</span> <span class='ocrx_word' id='word_1_715' title='bbox 743 2280 847 2315; x_wconf 75' lang='grc' dir='ltr'>ὀφείλει</span> <span class='ocrx_word' id='word_1_716' title='bbox 859 2278 939 2312; x_wconf 73' lang='grc' dir='ltr'>εἶναι,</span> 
     </span>
    </p>
   </div>
   <div class='ocr_carea' id='block_1_90' title="bbox 158 2324 940 2362">
    <p class='ocr_par' dir='ltr' id='par_1_90' title="bbox 158 2324 940 2362">
     <span class='ocr_line' id='line_1_90' title="bbox 158 2324 940 2362; baseline 0.003 -11"><span class='ocrx_word' id='word_1_717' title='bbox 158 2326 220 2360; x_wconf 76' lang='grc' dir='ltr'>περὶ</span> <span class='ocrx_word' id='word_1_718' title='bbox 244 2324 282 2353; x_wconf 79' lang='grc' dir='ltr'>ὧν</span> <span class='ocrx_word' id='word_1_719' title='bbox 310 2327 487 2362; x_wconf 83' lang='grc' dir='ltr'>γέγραπται,</span> <span class='ocrx_word' id='word_1_720' title='bbox 523 2328 564 2354; x_wconf 82' lang='grc' dir='ltr'>ὅτι</span> <span class='ocrx_word' id='word_1_721' title='bbox 591 2329 714 2355; x_wconf 73' lang='grc' dir='ltr'>Ἔθεντο</span> <span class='ocrx_word' id='word_1_722' title='bbox 741 2329 785 2360; x_wconf 78' lang='grc' dir='ltr'><strong>εις</strong></span> <span class='ocrx_word' id='word_1_723' title='bbox 810 2327 940 2361; x_wconf 82' lang='grc' dir='ltr'>οὐρανὸν</span> 
     </span>
    </p>
   </div>
   <div class='ocr_carea' id='block_1_91' title="bbox 157 2373 937 2409">
    <p class='ocr_par' dir='ltr' id='par_1_91' title="bbox 157 2373 937 2409">
     <span class='ocr_line' id='line_1_91' title="bbox 157 2373 937 2409; baseline 0.001 -11"><span class='ocrx_word' id='word_1_724' title='bbox 157 2373 190 2398; x_wconf 78' lang='grc' dir='ltr'>τὸ</span> <span class='ocrx_word' id='word_1_725' title='bbox 213 2373 309 2406; x_wconf 83' lang='grc' dir='ltr'>στόμα</span> <span class='ocrx_word' id='word_1_726' title='bbox 328 2373 445 2405; x_wconf 81' lang='grc' dir='ltr'><strong>αὐτῶν,</strong></span> <span class='ocrx_word' id='word_1_727' title='bbox 473 2375 519 2400; x_wconf 77' lang='grc' dir='ltr'><strong>χαί</strong></span> <span class='ocrx_word' id='word_1_728' title='bbox 534 2374 568 2400; x_wconf 84' lang='grc' dir='ltr'>τὰ</span> <span class='ocrx_word' id='word_1_729' title='bbox 584 2374 657 2409; x_wconf 76' lang='grc' dir='ltr'><strong>ἑξῆς.</strong></span> <span class='ocrx_word' id='word_1_730' title='bbox 678 2373 748 2407; x_wconf 81' lang='grc' dir='ltr'><strong>Ἐγὼ</strong></span> <span class='ocrx_word' id='word_1_731' title='bbox 760 2373 787 2399; x_wconf 76' lang='grc' dir='ltr'><strong>δέ</strong></span> <span class='ocrx_word' id='word_1_732' title='bbox 803 2382 844 2399; x_wconf 89' lang='grc' dir='ltr'><strong>σοι</strong></span> <span class='ocrx_word' id='word_1_733' title='bbox 856 2373 937 2405; x_wconf 81' lang='grc' dir='ltr'>λέγω,</span> 
     </span>
    </p>
   </div>
   <div class='ocr_carea' id='block_1_92' title="bbox 136 2415 939 2455">
    <p class='ocr_par' dir='ltr' id='par_1_92' title="bbox 136 2415 939 2455">
     <span class='ocr_line' id='line_1_92' title="bbox 136 2415 939 2455; baseline 0 -11"><span class='ocrx_word' id='word_1_734' title='bbox 136 2422 138 2425; x_wconf 75' lang='grc'><strong><em>⁷</em></strong></span> <span class='ocrx_word' id='word_1_735' title='bbox 156 2419 197 2444; x_wconf 78' lang='grc' dir='ltr'><strong>ὃτι</strong></span> <span class='ocrx_word' id='word_1_736' title='bbox 222 2419 235 2444; x_wconf 82' lang='grc' dir='ltr'>ὁ</span> <span class='ocrx_word' id='word_1_737' title='bbox 257 2418 420 2454; x_wconf 80' lang='grc' dir='ltr'>βουλόμενος</span> <span class='ocrx_word' id='word_1_738' title='bbox 441 2420 546 2454; x_wconf 78' lang='grc' dir='ltr'>ὁμιλεῖν</span> <span class='ocrx_word' id='word_1_739' title='bbox 575 2419 633 2455; x_wconf 79' lang='grc' dir='ltr'>μετ’</span> <span class='ocrx_word' id='word_1_740' title='bbox 647 2419 726 2454; x_wconf 79' lang='grc' dir='ltr'>ἐμοῦ,</span> <span class='ocrx_word' id='word_1_741' title='bbox 749 2418 852 2453; x_wconf 77' lang='grc' dir='ltr'>ὀφείλει</span> <span class='ocrx_word' id='word_1_742' title='bbox 869 2415 939 2444; x_wconf 75' lang='grc' dir='ltr'>εἶναι</span> 
     </span>
    </p>
   </div>
   <div class='ocr_carea' id='block_1_93' title="bbox 134 2462 941 2500">
    <p class='ocr_par' dir='ltr' id='par_1_93' title="bbox 134 2462 941 2500">
     <span class='ocr_line' id='line_1_93' title="bbox 134 2462 941 2500; baseline -0.001 -10"><span class='ocrx_word' id='word_1_743' title='bbox 134 2466 138 2470; x_wconf 88' lang='grc'><strong><em>“</em></strong></span> <span class='ocrx_word' id='word_1_744' title='bbox 156 2464 274 2499; x_wconf 87' lang='grc' dir='ltr'>Χριστοῦ</span> <span class='ocrx_word' id='word_1_745' title='bbox 285 2485 291 2494; x_wconf 82' lang='grc'>,</span> <span class='ocrx_word' id='word_1_746' title='bbox 321 2465 364 2490; x_wconf 86' lang='grc' dir='ltr'>ἵνα</span> <span class='ocrx_word' id='word_1_747' title='bbox 385 2465 419 2491; x_wconf 79' lang='grc' dir='ltr'><strong>δι’</strong></span> <span class='ocrx_word' id='word_1_748' title='bbox 433 2465 515 2491; x_wconf 85' lang='grc' dir='ltr'>αὐτοῦ</span> <span class='ocrx_word' id='word_1_749' title='bbox 532 2465 580 2500; x_wconf 71' lang='grc' dir='ltr'><strong>ἒξῃ</strong></span> <span class='ocrx_word' id='word_1_750' title='bbox 596 2465 626 2491; x_wconf 74' lang='grc' dir='ltr'>τὸ</span> <span class='ocrx_word' id='word_1_751' title='bbox 641 2465 754 2499; x_wconf 85' lang='grc' dir='ltr'>Πνεῦμα</span> <span class='ocrx_word' id='word_1_752' title='bbox 766 2464 796 2490; x_wconf 82' lang='grc' dir='ltr'>τὸ</span> <span class='ocrx_word' id='word_1_753' title='bbox 808 2464 898 2497; x_wconf 76' lang='grc' dir='ltr'>ἅγιον,</span> <span class='ocrx_word' id='word_1_754' title='bbox 909 2462 941 2489; x_wconf 79' lang='grc' dir='ltr'>τὸ</span> 
     </span>
    </p>
   </div>
   <div class='ocr_carea' id='block_1_94' title="bbox 128 2508 939 2546">
    <p class='ocr_par' dir='ltr' id='par_1_94' title="bbox 128 2508 939 2546">
     <span class='ocr_line' id='line_1_94' title="bbox 128 2508 939 2546; baseline -0.001 -9"><span class='ocrx_word' id='word_1_755' title='bbox 128 2512 130 2514; x_wconf 67' lang='grc'><strong>⁷</strong></span> <span class='ocrx_word' id='word_1_756' title='bbox 154 2511 261 2545; x_wconf 82' lang='grc' dir='ltr'>ἁνοῖγον</span> <span class='ocrx_word' id='word_1_757' title='bbox 277 2508 334 2538; x_wconf 82' lang='grc' dir='ltr'>ὦτα</span> <span class='ocrx_word' id='word_1_758' title='bbox 350 2511 465 2546; x_wconf 84' lang='grc' dir='ltr'>κωφῶν,</span> <span class='ocrx_word' id='word_1_759' title='bbox 479 2511 525 2538; x_wconf 72' lang='grc' dir='ltr'>καὶ</span> <span class='ocrx_word' id='word_1_760' title='bbox 542 2511 657 2546; x_wconf 83' lang='grc' dir='ltr'>τρανοῦν</span> <span class='ocrx_word' id='word_1_761' title='bbox 675 2510 801 2544; x_wconf 82' lang='grc' dir='ltr'>γλῶσσαν</span> <span class='ocrx_word' id='word_1_762' title='bbox 818 2509 939 2545; x_wconf 85' lang='grc' dir='ltr'>παραδό-</span> 
     </span>
    </p>
   </div>
   <div class='ocr_carea' id='block_1_95' title="bbox 155 2555 940 2592">
    <p class='ocr_par' dir='ltr' id='par_1_95' title="bbox 155 2555 940 2592">
     <span class='ocr_line' id='line_1_95' title="bbox 155 2555 940 2592; baseline -0.001 -9"><span class='ocrx_word' id='word_1_763' title='bbox 155 2556 207 2589; x_wconf 66' lang='grc' dir='ltr'><strong>ξως</strong></span> <span class='ocrx_word' id='word_1_764' title='bbox 224 2558 390 2592; x_wconf 76' lang='grc' dir='ltr'>μογιλὰλων.</span> <span class='ocrx_word' id='word_1_765' title='bbox 414 2557 470 2584; x_wconf 85' lang='grc' dir='ltr'><strong>Οὐκ</strong></span> <span class='ocrx_word' id='word_1_766' title='bbox 484 2558 586 2592; x_wconf 71' lang='grc' dir='ltr'>ὀφείλει</span> <span class='ocrx_word' id='word_1_767' title='bbox 600 2557 628 2584; x_wconf 75' lang='grc' dir='ltr'><strong>δὲ</strong></span> <span class='ocrx_word' id='word_1_768' title='bbox 646 2556 716 2583; x_wconf 79' lang='grc' dir='ltr'>εἶναι</span> <span class='ocrx_word' id='word_1_769' title='bbox 733 2557 869 2587; x_wconf 79' lang='grc' dir='ltr'>Ἰουδαῖος,</span> <span class='ocrx_word' id='word_1_770' title='bbox 888 2555 940 2582; x_wconf 70' lang='grc' dir='ltr'><strong>ὥσ⁴</strong></span> 
     </span>
    </p>
   </div>
   <div class='ocr_carea' id='block_1_96' title="bbox 156 2602 941 2638">
    <p class='ocr_par' dir='ltr' id='par_1_96' title="bbox 156 2602 941 2638">
     <span class='ocr_line' id='line_1_96' title="bbox 156 2602 941 2638; baseline -0.003 -10"><span class='ocrx_word' id='word_1_771' title='bbox 156 2612 208 2638; x_wconf 75' lang='grc' dir='ltr'><strong>περ</strong></span> <span class='ocrx_word' id='word_1_772' title='bbox 224 2604 305 2635; x_wconf 81' lang='grc' dir='ltr'>αὐτὸς</span> <span class='ocrx_word' id='word_1_773' title='bbox 321 2605 349 2630; x_wconf 83' lang='grc' dir='ltr'>ὲν</span> <span class='ocrx_word' id='word_1_774' title='bbox 364 2605 501 2638; x_wconf 83' lang='grc' dir='ltr'>περιτομῇ</span> <span class='ocrx_word' id='word_1_775' title='bbox 518 2604 565 2630; x_wconf 76' lang='grc' dir='ltr'><strong>καὶ</strong></span> <span class='ocrx_word' id='word_1_776' title='bbox 577 2603 748 2638; x_wconf 73' lang='grc' dir='ltr'>ἀκροϐυστίᾳ</span> <span class='ocrx_word' id='word_1_777' title='bbox 761 2602 877 2635; x_wconf 81' lang='grc' dir='ltr'>διάγων,</span> <span class='ocrx_word' id='word_1_778' title='bbox 895 2602 941 2627; x_wconf 71' lang='grc' dir='ltr'>καὶ</span> 
     </span>
    </p>
   </div>
   <div class='ocr_carea' id='block_1_97' title="bbox 154 2646 940 2684">
    <p class='ocr_par' dir='ltr' id='par_1_97' title="bbox 154 2646 940 2684">
     <span class='ocr_line' id='line_1_97' title="bbox 154 2646 940 2684; baseline -0.003 -10"><span class='ocrx_word' id='word_1_779' title='bbox 154 2649 278 2684; x_wconf 78' lang='grc' dir='ltr'>ἀπιστίᾳ,</span> <span class='ocrx_word' id='word_1_780' title='bbox 302 2650 349 2675; x_wconf 70' lang='grc' dir='ltr'>καὶ</span> <span class='ocrx_word' id='word_1_781' title='bbox 363 2649 472 2684; x_wconf 76' lang='grc' dir='ltr'>ἀνομίᾳ,</span> <span class='ocrx_word' id='word_1_782' title='bbox 496 2649 543 2675; x_wconf 80' lang='grc' dir='ltr'>καὶ</span> <span class='ocrx_word' id='word_1_783' title='bbox 560 2648 653 2683; x_wconf 77' lang='grc' dir='ltr'>κακίᾳ,</span> <span class='ocrx_word' id='word_1_784' title='bbox 672 2648 718 2674; x_wconf 74' lang='grc' dir='ltr'><strong>καὶ</strong></span> <span class='ocrx_word' id='word_1_785' title='bbox 735 2646 862 2682; x_wconf 79' lang='grc' dir='ltr'>πονηρίᾳ,</span> <span class='ocrx_word' id='word_1_786' title='bbox 881 2646 940 2672; x_wconf 88' lang='grc' dir='ltr'>θεο-</span> 
     </span>
    </p>
   </div>
   <div class='ocr_carea' id='block_1_98' title="bbox 992 2277 1778 2310">
    <p class='ocr_par' dir='ltr' id='par_1_98' title="bbox 992 2277 1778 2310">
     <span class='ocr_line' id='line_1_98' title="bbox 992 2277 1778 2310; baseline 0.003 -3"><span class='ocrx_word' id='word_1_787' title='bbox 992 2280 1060 2307; x_wconf 84' lang='lat' dir='ltr'><strong>velit</strong></span> <span class='ocrx_word' id='word_1_788' title='bbox 1075 2278 1223 2310; x_wconf 88' lang='lat' dir='ltr'><strong>disserere,</strong></span> <span class='ocrx_word' id='word_1_789' title='bbox 1238 2285 1272 2305; x_wconf 81' lang='lat' dir='ltr'><strong>ex</strong></span> <span class='ocrx_word' id='word_1_790' title='bbox 1283 2277 1392 2305; x_wconf 85' lang='lat' dir='ltr'><strong>illorum</strong></span> <span class='ocrx_word' id='word_1_791' title='bbox 1407 2286 1524 2306; x_wconf 87' lang='lat' dir='ltr'><strong>numero</strong></span> <span class='ocrx_word' id='word_1_792' title='bbox 1537 2286 1597 2307; x_wconf 89' lang='lat' dir='ltr'><strong>esse</strong></span> <span class='ocrx_word' id='word_1_793' title='bbox 1623 2279 1725 2308; x_wconf 89' lang='lat' dir='ltr'><strong>debere</strong></span> <span class='ocrx_word' id='word_1_794' title='bbox 1743 2281 1778 2310; x_wconf 91' lang='lat' dir='ltr'><strong>de</strong></span> 
     </span>
    </p>
   </div>
   <div class='ocr_carea' id='block_1_99' title="bbox 994 2324 1778 2361">
    <p class='ocr_par' dir='ltr' id='par_1_99' title="bbox 994 2324 1778 2361">
     <span class='ocr_line' id='line_1_99' title="bbox 994 2324 1778 2361; baseline 0.001 -8"><span class='ocrx_word' id='word_1_795' title='bbox 994 2326 1095 2361; x_wconf 87' lang='lat' dir='ltr'><strong>quibus</strong></span> <span class='ocrx_word' id='word_1_796' title='bbox 1125 2324 1258 2359; x_wconf 88' lang='lat' dir='ltr'><strong>scriptum</strong></span> <span class='ocrx_word' id='word_1_797' title='bbox 1291 2328 1362 2351; x_wconf 88' lang='lat' dir='ltr'><strong>est:</strong></span> <span class='ocrx_word' id='word_1_798' title='bbox 1391 2324 1540 2351; x_wconf 75' lang='lat' dir='ltr'><strong>Posuerunt</strong></span> <span class='ocrx_word' id='word_1_799' title='bbox 1567 2326 1594 2352; x_wconf 83' lang='lat' dir='ltr'><strong>in</strong></span> <span class='ocrx_word' id='word_1_800' title='bbox 1623 2326 1715 2353; x_wconf 79' lang='lat' dir='ltr'><strong>caelum</strong></span> <span class='ocrx_word' id='word_1_801' title='bbox 1751 2336 1778 2354; x_wconf 73' lang='lat' dir='ltr'><strong>os</strong></span> 
     </span>
    </p>
   </div>
   <div class='ocr_carea' id='block_1_100' title="bbox 993 2370 1778 2406">
    <p class='ocr_par' dir='ltr' id='par_1_100' title="bbox 993 2370 1778 2406">
     <span class='ocr_line' id='line_1_100' title="bbox 993 2370 1778 2406; baseline 0.001 -8"><span class='ocrx_word' id='word_1_802' title='bbox 993 2375 1141 2403; x_wconf 74' lang='lat' dir='ltr'><strong>suum,etc.</strong></span> <span class='ocrx_word' id='word_1_803' title='bbox 1150 2370 1207 2406; x_wconf 80' lang='lat' dir='ltr'><strong>Ego</strong></span> <span class='ocrx_word' id='word_1_804' title='bbox 1217 2378 1283 2397; x_wconf 91' lang='lat' dir='ltr'><strong>vero</strong></span> <span class='ocrx_word' id='word_1_805' title='bbox 1293 2370 1341 2397; x_wconf 90' lang='lat' dir='ltr'><strong>tibi</strong></span> <span class='ocrx_word' id='word_1_806' title='bbox 1353 2370 1414 2398; x_wconf 90' lang='lat' dir='ltr'><strong>dico</strong></span> <span class='ocrx_word' id='word_1_807' title='bbox 1429 2378 1491 2398; x_wconf 92' lang='lat' dir='ltr'><strong>eum</strong></span> <span class='ocrx_word' id='word_1_808' title='bbox 1501 2371 1547 2405; x_wconf 86' lang='lat' dir='ltr'><strong>qui</strong></span> <span class='ocrx_word' id='word_1_809' title='bbox 1561 2371 1627 2397; x_wconf 82' lang='lat' dir='ltr'><strong>velit</strong></span> <span class='ocrx_word' id='word_1_810' title='bbox 1635 2378 1778 2399; x_wconf 84' lang='lat' dir='ltr'><strong>sermones</strong></span> 
     </span>
    </p>
   </div>
   <div class='ocr_carea' id='block_1_101' title="bbox 993 2416 1779 2452">
    <p class='ocr_par' dir='ltr' id='par_1_101' title="bbox 993 2416 1779 2452">
     <span class='ocr_line' id='line_1_101' title="bbox 993 2416 1779 2452; baseline 0 -7"><span class='ocrx_word' id='word_1_811' title='bbox 993 2424 1101 2445; x_wconf 91' lang='lat' dir='ltr'><strong>mecum</strong></span> <span class='ocrx_word' id='word_1_812' title='bbox 1120 2416 1258 2448; x_wconf 82' lang='lat' dir='ltr'><strong>conferre.</strong></span> <span class='ocrx_word' id='word_1_813' title='bbox 1287 2421 1417 2450; x_wconf 87' lang='lat' dir='ltr'><strong>oportere</strong></span> <span class='ocrx_word' id='word_1_814' title='bbox 1445 2424 1506 2443; x_wconf 88' lang='lat' dir='ltr'><strong>esse</strong></span> <span class='ocrx_word' id='word_1_815' title='bbox 1532 2416 1645 2449; x_wconf 85' lang='lat' dir='ltr'><strong>Christi,</strong></span> <span class='ocrx_word' id='word_1_816' title='bbox 1675 2421 1704 2444; x_wconf 89' lang='lat' dir='ltr'><strong>ut</strong></span> <span class='ocrx_word' id='word_1_817' title='bbox 1729 2425 1779 2452; x_wconf 84' lang='lat' dir='ltr'><strong>per</strong></span> 
     </span>
    </p>
   </div>
   <div class='ocr_carea' id='block_1_102' title="bbox 992 2462 1778 2499">
    <p class='ocr_par' dir='ltr' id='par_1_102' title="bbox 992 2462 1778 2499">
     <span class='ocr_line' id='line_1_102' title="bbox 992 2462 1778 2499; baseline 0 -8"><span class='ocrx_word' id='word_1_818' title='bbox 992 2464 1081 2499; x_wconf 91' lang='lat' dir='ltr'><strong>ipsum</strong></span> <span class='ocrx_word' id='word_1_819' title='bbox 1095 2463 1197 2490; x_wconf 85' lang='lat' dir='ltr'><strong>habeat</strong></span> <span class='ocrx_word' id='word_1_820' title='bbox 1210 2462 1345 2497; x_wconf 92' lang='lat' dir='ltr'><strong>Spiritum</strong></span> <span class='ocrx_word' id='word_1_821' title='bbox 1359 2466 1494 2494; x_wconf 85' lang='lat' dir='ltr'><strong>sanctum,</strong></span> <span class='ocrx_word' id='word_1_822' title='bbox 1519 2462 1567 2497; x_wconf 93' lang='lat' dir='ltr'><strong>qui</strong></span> <span class='ocrx_word' id='word_1_823' title='bbox 1591 2463 1681 2498; x_wconf 88' lang='lat' dir='ltr'><strong>aperit</strong></span> <span class='ocrx_word' id='word_1_824' title='bbox 1695 2471 1778 2491; x_wconf 86' lang='lat' dir='ltr'><strong>aures</strong></span> 
     </span>
    </p>
   </div>
   <div class='ocr_carea' id='block_1_103' title="bbox 991 2508 1778 2543">
    <p class='ocr_par' dir='ltr' id='par_1_103' title="bbox 991 2508 1778 2543">
     <span class='ocr_line' id='line_1_103' title="bbox 991 2508 1778 2543; baseline 0.001 -7"><span class='ocrx_word' id='word_1_825' title='bbox 991 2510 1136 2537; x_wconf 90' lang='lat' dir='ltr'><strong>surdorum</strong></span> <span class='ocrx_word' id='word_1_826' title='bbox 1155 2529 1162 2542; x_wconf 86' lang='lat'><strong>,</strong></span> <span class='ocrx_word' id='word_1_827' title='bbox 1191 2512 1219 2536; x_wconf 89' lang='lat' dir='ltr'><strong>et</strong></span> <span class='ocrx_word' id='word_1_828' title='bbox 1246 2508 1390 2536; x_wconf 90' lang='lat' dir='ltr'><strong>balborum</strong></span> <span class='ocrx_word' id='word_1_829' title='bbox 1419 2512 1500 2543; x_wconf 88' lang='lat' dir='ltr'><strong>atque</strong></span> <span class='ocrx_word' id='word_1_830' title='bbox 1522 2509 1705 2536; x_wconf 66' lang='lat' dir='ltr'><strong>haesitantium</strong></span> <span class='ocrx_word' id='word_1_831' title='bbox 1726 2510 1778 2537; x_wconf 92' lang='lat' dir='ltr'><strong>lin-</strong></span> 
     </span>
    </p>
   </div>
   <div class='ocr_carea' id='block_1_104' title="bbox 990 2553 1774 2590">
    <p class='ocr_par' dir='ltr' id='par_1_104' title="bbox 990 2553 1774 2590">
     <span class='ocr_line' id='line_1_104' title="bbox 990 2553 1774 2590; baseline 0.001 -8"><span class='ocrx_word' id='word_1_832' title='bbox 990 2563 1057 2590; x_wconf 81' lang='lat' dir='ltr'><strong>guas</strong></span> <span class='ocrx_word' id='word_1_833' title='bbox 1087 2554 1290 2582; x_wconf 88' lang='lat' dir='ltr'><strong>incredibiliter</strong></span> <span class='ocrx_word' id='word_1_834' title='bbox 1309 2553 1401 2581; x_wconf 87' lang='lat' dir='ltr'><strong>reddit</strong></span> <span class='ocrx_word' id='word_1_835' title='bbox 1421 2554 1574 2588; x_wconf 85' lang='lat' dir='ltr'><strong>expeditas,</strong></span> <span class='ocrx_word' id='word_1_836' title='bbox 1591 2559 1619 2582; x_wconf 89' lang='lat' dir='ltr'><strong>et</strong></span> <span class='ocrx_word' id='word_1_837' title='bbox 1637 2555 1774 2590; x_wconf 87' lang='lat' dir='ltr'><strong>explanat.</strong></span> 
     </span>
    </p>
   </div>
   <div class='ocr_carea' id='block_1_105' title="bbox 990 2599 1775 2636">
    <p class='ocr_par' dir='ltr' id='par_1_105' title="bbox 990 2599 1775 2636">
     <span class='ocr_line' id='line_1_105' title="bbox 990 2599 1775 2636; baseline 0 -8"><span class='ocrx_word' id='word_1_838' title='bbox 990 2601 1050 2628; x_wconf 84' lang='lat' dir='ltr'><strong>Non</strong></span> <span class='ocrx_word' id='word_1_839' title='bbox 1063 2606 1154 2628; x_wconf 88' lang='lat' dir='ltr'><strong>autem</strong></span> <span class='ocrx_word' id='word_1_840' title='bbox 1167 2600 1212 2627; x_wconf 92' lang='lat' dir='ltr'><strong>hic</strong></span> <span class='ocrx_word' id='word_1_841' title='bbox 1223 2600 1306 2627; x_wconf 80' lang='lat' dir='ltr'><strong>debet</strong></span> <span class='ocrx_word' id='word_1_842' title='bbox 1322 2599 1431 2626; x_wconf 60' lang='lat' dir='ltr'><strong>Iudaeus</strong></span> <span class='ocrx_word' id='word_1_843' title='bbox 1442 2607 1514 2632; x_wconf 86' lang='lat' dir='ltr'><strong>esse,</strong></span> <span class='ocrx_word' id='word_1_844' title='bbox 1537 2601 1608 2628; x_wconf 89' lang='lat' dir='ltr'><strong>sicut</strong></span> <span class='ocrx_word' id='word_1_845' title='bbox 1623 2606 1651 2628; x_wconf 92' lang='lat' dir='ltr'><strong>tu</strong></span> <span class='ocrx_word' id='word_1_846' title='bbox 1666 2602 1724 2636; x_wconf 87' lang='lat' dir='ltr'><strong>ipse</strong></span> <span class='ocrx_word' id='word_1_847' title='bbox 1747 2602 1775 2628; x_wconf 88' lang='lat' dir='ltr'><strong>in</strong></span> 
     </span>
    </p>
   </div>
   <div class='ocr_carea' id='block_1_106' title="bbox 991 2645 1777 2681">
    <p class='ocr_par' dir='ltr' id='par_1_106' title="bbox 991 2645 1777 2681">
     <span class='ocr_line' id='line_1_106' title="bbox 991 2645 1777 2681; baseline -0.001 -7"><span class='ocrx_word' id='word_1_848' title='bbox 991 2646 1198 2674; x_wconf 88' lang='lat' dir='ltr'><strong>circumcisione</strong></span> <span class='ocrx_word' id='word_1_849' title='bbox 1208 2649 1234 2673; x_wconf 88' lang='lat' dir='ltr'><strong>et</strong></span> <span class='ocrx_word' id='word_1_850' title='bbox 1243 2645 1378 2680; x_wconf 65' lang='lat' dir='ltr'><strong>prmpulio</strong></span> <span class='ocrx_word' id='word_1_851' title='bbox 1389 2646 1472 2672; x_wconf 84' lang='lat' dir='ltr'><strong>vitam</strong></span> <span class='ocrx_word' id='word_1_852' title='bbox 1481 2651 1604 2681; x_wconf 79' lang='lat' dir='ltr'><strong>agens,et</strong></span> <span class='ocrx_word' id='word_1_853' title='bbox 1613 2647 1639 2674; x_wconf 92' lang='lat' dir='ltr'><strong>in</strong></span> <span class='ocrx_word' id='word_1_854' title='bbox 1649 2647 1777 2675; x_wconf 75' lang='lat' dir='ltr'><strong>incredu—</strong></span> 
     </span>
    </p>
   </div>
   <div class='ocr_carea' id='block_1_107' title="bbox 901 2711 1016 2740">
    <p class='ocr_par' dir='ltr' id='par_1_107' title="bbox 901 2711 1016 2740">
     <span class='ocr_line' id='line_1_107' title="bbox 901 2711 1016 2740; baseline 0.017 -2"><span class='ocrx_word' id='word_1_855' title='bbox 901 2711 1016 2740; x_wconf 65' lang='grc' dir='ltr'><strong>ΝΟΤᾸΕ.</strong></span> 
     </span>
    </p>
   </div>
   <div class='ocr_carea' id='block_1_108' title="bbox 190 2758 938 2794">
    <p class='ocr_par' dir='ltr' id='par_1_108' title="bbox 190 2758 938 2794">
     <span class='ocr_line' id='line_1_108' title="bbox 190 2758 938 2794; baseline -0.003 -8"><span class='ocrx_word' id='word_1_856' title='bbox 190 2760 246 2793; x_wconf 77' lang='grc'>(51)</span> <span class='ocrx_word' id='word_1_857' title='bbox 272 2760 307 2786; x_wconf 86' lang='grc' dir='ltr'><em>Τὸ</em></span> <span class='ocrx_word' id='word_1_858' title='bbox 327 2761 494 2787; x_wconf 54' lang='lat' dir='ltr'><strong>celei-nov.</strong></span> <span class='ocrx_word' id='word_1_859' title='bbox 517 2761 547 2786; x_wconf 90' lang='lat' dir='ltr'><strong>&#39;H</strong></span> <span class='ocrx_word' id='word_1_860' title='bbox 567 2760 639 2794; x_wconf 80' lang='grc' dir='ltr'>σιγή.</span> <span class='ocrx_word' id='word_1_861' title='bbox 656 2759 756 2787; x_wconf 78' lang='lat' dir='ltr'><strong>GULON.</strong></span> <span class='ocrx_word' id='word_1_862' title='bbox 776 2773 812 2779; x_wconf 92' lang='lat'><strong>—-</strong></span> <span class='ocrx_word' id='word_1_863' title='bbox 830 2758 938 2785; x_wconf 80' lang='lat' dir='ltr'><strong>Videsis</strong></span> 
     </span>
    </p>
   </div>
   <div class='ocr_carea' id='block_1_109' title="bbox 152 2794 935 2829">
    <p class='ocr_par' dir='ltr' id='par_1_109' title="bbox 152 2794 935 2829">
     <span class='ocr_line' id='line_1_109' title="bbox 152 2794 935 2829; baseline -0.001 -9"><span class='ocrx_word' id='word_1_864' title='bbox 152 2794 284 2828; x_wconf 68' lang='lat' dir='ltr'><strong>Cangium</strong></span> <span class='ocrx_word' id='word_1_865' title='bbox 304 2795 329 2822; x_wconf 91' lang='lat' dir='ltr'><strong>in</strong></span> <span class='ocrx_word' id='word_1_866' title='bbox 349 2795 486 2822; x_wconf 71' lang='lat' dir='ltr'><strong>Glossario</strong></span> <span class='ocrx_word' id='word_1_867' title='bbox 498 2795 584 2822; x_wconf 71' lang='lat' dir='ltr'><strong>Grzec.</strong></span> <span class='ocrx_word' id='word_1_868' title='bbox 601 2800 666 2821; x_wconf 87' lang='lat' dir='ltr'><strong>tom.</strong></span> <span class='ocrx_word' id='word_1_869' title='bbox 686 2795 717 2827; x_wconf 89' lang='lat' dir='ltr'><strong>ll,</strong></span> <span class='ocrx_word' id='word_1_870' title='bbox 735 2802 796 2829; x_wconf 79' lang='lat' dir='ltr'><strong>pag.</strong></span> <span class='ocrx_word' id='word_1_871' title='bbox 814 2794 892 2829; x_wconf 73' lang='grc'><strong>1570,</strong></span> <span class='ocrx_word' id='word_1_872' title='bbox 910 2802 935 2819; x_wconf 86' lang='lat' dir='ltr'><strong>v.</strong></span> 
     </span>
    </p>
   </div>
   <div class='ocr_carea' id='block_1_110' title="bbox 153 2828 936 2864">
    <p class='ocr_par' dir='ltr' id='par_1_110' title="bbox 153 2828 936 2864">
     <span class='ocr_line' id='line_1_110' title="bbox 153 2828 936 2864; baseline 0 -10"><span class='ocrx_word' id='word_1_873' title='bbox 153 2830 314 2857; x_wconf 63' lang='grc' dir='ltr'>Σιλέντιωκ</span> <span class='ocrx_word' id='word_1_874' title='bbox 336 2831 385 2858; x_wconf 78' lang='lat' dir='ltr'><strong>Ubi</strong></span> <span class='ocrx_word' id='word_1_875' title='bbox 405 2832 486 2863; x_wconf 71' lang='lat' dir='ltr'><strong>paulo</strong></span> <span class='ocrx_word' id='word_1_876' title='bbox 505 2837 573 2864; x_wconf 72' lang='lat' dir='ltr'><strong>post,</strong></span> <span class='ocrx_word' id='word_1_877' title='bbox 589 2838 682 2857; x_wconf 76' lang='lat' dir='ltr'><strong>vocem</strong></span> <span class='ocrx_word' id='word_1_878' title='bbox 700 2830 832 2855; x_wconf 73' lang='grc' dir='ltr'>σελὲντιον</span> <span class='ocrx_word' id='word_1_879' title='bbox 853 2828 936 2862; x_wconf 85' lang='lat' dir='ltr'><strong>pluri-</strong></span> 
     </span>
    </p>
   </div>
   <div class='ocr_carea' id='block_1_111' title="bbox 992 2760 1186 2787">
    <p class='ocr_par' dir='ltr' id='par_1_111' title="bbox 992 2760 1186 2787">
     <span class='ocr_line' id='line_1_111' title="bbox 992 2760 1186 2787; baseline 0.005 -1"><span class='ocrx_word' id='word_1_880' title='bbox 992 2760 1043 2786; x_wconf 84' lang='lat' dir='ltr'><strong>bus</strong></span> <span class='ocrx_word' id='word_1_881' title='bbox 1060 2761 1186 2787; x_wconf 83' lang='lat' dir='ltr'><strong>illustrat.</strong></span> 
     </span>
    </p>
   </div>
   <div class='ocr_carea' id='block_1_112' title="bbox 1028 2795 1514 2828">
    <p class='ocr_par' dir='ltr' id='par_1_112' title="bbox 1028 2795 1514 2828">
     <span class='ocr_line' id='line_1_112' title="bbox 1028 2795 1514 2828; baseline 0.008 -8"><span class='ocrx_word' id='word_1_882' title='bbox 1028 2796 1082 2828; x_wconf 63' lang='lat'><strong>(5‘2)</strong></span> <span class='ocrx_word' id='word_1_883' title='bbox 1096 2795 1189 2827; x_wconf 62' lang='grc' dir='ltr'><strong>Αὐτῷ.</strong></span> <span class='ocrx_word' id='word_1_884' title='bbox 1209 2796 1289 2823; x_wconf 80' lang='lat' dir='ltr'><strong>Forlc</strong></span> <span class='ocrx_word' id='word_1_885' title='bbox 1303 2797 1392 2823; x_wconf 73' lang='grc' dir='ltr'>αὐτόν.</span> <span class='ocrx_word' id='word_1_886' title='bbox 1411 2796 1514 2824; x_wconf 64' lang='lat' dir='ltr'><strong>Cum.</strong></span> 
     </span>
    </p>
   </div>
  </div>
