1967 3091
720 4 723 33 !

686 32 693 49 ἱ
721 38 724 51 ι

673 32 693 72 ρ)
913 19 946 76 fi
960 19 974 66 ,ἐ
1054 55 1057 58 ,

847 75 852 95 ί
915 70 976 106 ’Ὗ
1233 103 1262 118 ί

562 158 790 190 DISPUTATIO
810 161 874 191 CUIl

929 161 1092 192 [EBBANO
1113 163 1157 193 JU
1163 163 1256 193 DAZD.
1666 156 1718 190 7C2

72 133 132 205 lim

67 216 69 223 '
116 216 241 244 El‘BAN.
260 215 339 251 Μέγα
360 225 404 252 μοι
416 216 446 243 τὸ
458 217 705 254 πληροφορηθῆναι
719 221 747 246 ἐν
762 219 873 255 Χριστῷ

961 221 1065 248 llERB.
1090 221 1218 256 Magnum
1241 220 1307 248 mihi
1321 225 1405 250 esset,
1419 222 1497 246 certo
1511 219 1592 251 scire,
1609 223 1638 246 et
1655 220 1717 253 ple;

40 269 45 276 '
68 264 139 294 σου,
155 263 196 290 ’ὁτι
216 263 297 295 αὑτός
308 264 383 290 ἐστιν
399 263 414 289 ὁ
428 263 585 300 ἐρχόμενος.
600 265 636 292 τὸ
651 265 705 301 γὰρ
718 266 872 298 κατελθεῖν,

41 311 60 321 λ’
81 308 128 336 καὶ
156 309 285 343 γενέσθαι
314 309 457 344 ἄνθρωπον
485 311 552 337 Θεὸν
577 311 662 343 ὄντα,
687 313 735 339 καὶ
761 313 873 348 ἑκουσίᾳ

49 355 181 391 Γγνὼμῃ
207 354 300 382 δοῦναι
326 355 372 383 τὸν
400 355 556 391 κακοῦργον
584 357 710 390 θάνατον,
727 358 804 392 ξένον
824 359 873 386 καὶ

70 395 240 437 ²ἁπόρῤητόν
254 403 323 429 ἐστι.
334 402 391 429 Καὶ
407 403 432 429 εί
446 403 546 438 ἀληθὲς
562 403 641 430 τοῦτό
652 405 722 438 ἐστι,
737 405 798 432 τίνα
812 405 873 440 βίαν

79 447 226 483 ἐκέκτητο,
243 448 295 481 ὅτι,
312 448 427 484 μηδενὸς
449 448 664 483 ἀναγκάζοντος,
690 450 808 478 ἔσπευσε
825 451 872 477 τοῦ

30 493 35 496 ”
49 498 65 523 ξι
79 494 301 530 παραγενέσθαι,
317 495 365 521 καὶ
376 495 545 531 παραδοῦναι
559 496 656 523 ἐαυτὸν
679 496 723 524 ἴνα
736 496 874 533 ἀποθάνη-

61 550 66 578 ί
79 547 126 566 ται
139 547 147 571 ;
173 539 333 575 Ἐξίσταμαι
345 540 432 567 ταῦτα
444 539 631 576 λογιζόμενος.
653 541 687 567 'H
699 541 753 577 γὰρ
768 541 873 578 φοϐερὰ

23 581 47 608 ¹ιη
63 581 172 620 λέκείνη
191 584 282 619 φύσις,
300 585 331 612 τὸ
345 585 461 621 φοϐερὸν
477 587 566 613 ἐκεῖνο
580 586 694 622 κράτος,
710 588 727 623 ἡ
744 588 874 624 ἀπόρρη-

78 638 127 662 τος
151 631 241 665 ἐκείνη
261 630 386 666 δύναμις,
409 633 424 658 ὀ
448 632 568 668 φοϐερὰν
591 633 669 665 δόξαν
690 634 872 670 κεκτημένος,

80 675 210 702 τοσοῦτον
236 676 364 712 ἔδραμεν,
379 677 423 704 ἵνα
448 678 570 714 ἀτιμάσῃ
591 679 686 711 ἁπλῶς
699 679 750 716 τὴν
774 680 873 707 ἑαυτοῦ

55 735 68 762 Α·
80 722 324 757 μεγαλοπρέπειαν
340 731 347 739 ·
372 724 505 752 ἀδύνατον
526 725 616 756 τοῦτο.
633 726 680 752 καὶ
698 726 874 754 παντάπασιν

54 775 56 778 ’
78 769 312 805 ἀπαραμύθητον.

74 904 92 926 ⁷)
116 907 171 934 Καὶ
188 908 209 934 0
220 908 330 935 ΑΠΟΣ.
351 908 471 943 Ἀγνοεῖς
487 910 534 937 τοῦ
554 911 706 947 μυστηρίου
724 912 775 947 τὴν
796 912 875 939 δύνα-
889 891 911 919 Β

80 963 142 988 μιν,
156 954 203 981 καὶ⁸
215 954 259 981 διὰ
279 955 359 982 τοῦτο
374 955 539 991 θαυμάζεις.
558 946 702 984 ¹Αδύνιττον
716 946 771 992 γὰρ
791 958 821 985 ἐν
836 958 875 993 τῷ

44 996 48 1000 ’
63 998 156 1035 ἠ-ζόφῳ
170 1000 220 1035 τῆς
242 1001 339 1033 νυκτὸς
359 1001 548 1038 κρατούμενον
564 1004 611 1030 καὶ
628 1004 793 1039 καθήμενον.
806 1004 873 1039 ὸρᾷν

35 1056 38 1059 ·
53 1042 55 1047 ’
78 1045 116 1072 τὰ
134 1046 179 1072 ἐπὶ
196 1046 244 1073 τοῦ
257 1046 368 1083 αἰθέρος
391 1048 540 1083 πετόμενα.
551 1050 607 1075 Καὶ
628 1049 693 1081 τοὺς
718 1049 875 1085 ὀφθαλμοὺς

40 1104 41 1107 η
55 1084 110 1116 Ϊδέ
124 1091 302 1126 πηρωθέντας
317 1092 419 1127 φέρων,
435 1093 494 1124 πῶς
507 1093 651 1129 δυνήσεται
666 1094 794 1130 καθαρῶς
807 1095 874 1130 ὁρᾷν

41 1134 131 1177 ςῖντὴν
164 1137 262 1163 ἀκτῖνα
286 1138 333 1165 τοῦ
361 1139 460 1174 ἡλίου;
483 1140 687 1176 Παραπλησίως
711 1140 759 1167 καὶ
783 1141 874 1172 αὐτός.

56 1182 194 1217 νῐινεῦμα
206 1183 261 1218 γὰρ
273 1183 361 1218 ἅγιον.
372 1185 401 1211 ὲν
413 1183 454 1217 οἷς
466 1186 496 1212 οὐ
509 1186 727 1221 κατασκηνώσει,
737 1187 875 1219 δυσκόλως

54 1232 66 1245 ’κ
80 1228 141 1254 ἐκεῖ
153 1229 329 1264 πνευματικὰ
342 1231 552 1259 κατοπτεύεται.
571 1232 720 1259 Πίστευσον
732 1233 823 1260 τοίνυν
834 1233 875 1265 εἰς

50 1281 62 1294 ηι
80 1273 127 1300 τδν
146 1274 249 1310 Κύριον
267 1276 374 1311 Ἰησοῦν
384 1277 513 1312 Χριστὸν,
531 1279 578 1306 καὶ
594 1279 758 1314 βαπτίσθητι
770 1280 818 1306 ἐπὶ
833 1279 871 1315 τῷ

37 1321 46 1330 "
80 1320 197 1356 ὀνόματι
217 1322 265 1348 τοῦ
288 1323 408 1357 Πατρδς,
426 1324 474 1351 καὶ
499 1324 546 1351 τοῦ
569 1325 647 1358 Υίοῦ,
666 1325 713 1352 καὶ
729 1325 777 1352 τοῦ
795 1326 875 1360 ἁγίου

47 1372 67 1395 :2
81 1367 253 1401 Πνεύματος.
266 1369 313 1395 καὶ
329 1369 482 1404 τηνικαῦτα
492 1370 631 1406 συνήσεις,
643 1371 709 1407 περὶ
724 1367 761 1398 ὧν
774 1372 876 1408 ἀρτίως

44 1423 52 1433 ιι
60 1412 70 1425 “
81 1412 194 1447 ἀπορῶν
215 1414 403 1451 καταπλήττῃ.
537 1410 543 1415 ’

64 1455 69 1461 “
96 1465 105 1469 θ’
119 1458 243 1486 ΕΡΒΑΝ.
264 1459 358 1492 Οὕτως
373 1460 479 1492 ἁπλῶς.
498 1461 545 1487 καὶ
560 1461 599 1493 ὡς
623 1461 714 1497 ἔτυχε,
731 1463 878 1498 πεισθῆναί

43 1502 52 1518 ³
82 1512 118 1539 με
135 1504 277 1536 ἀδύνατον,
293 1505 341 1532 ἐὰν
359 1506 408 1542 μὴ,
426 1506 464 1539 ὡς
481 1507 615 1541 ἐπιποθῶ,
634 1510 681 1535 καὶ
700 1509 749 1545 τὴν
775 1509 877 1546 πληρο-

925 275 988 294 nam
1007 266 1088 295 [idem
1114 267 1142 294 in
1166 271 1214 296 tuo,
1236 266 1348 294 Christo
1363 265 1481 295 habere,
1497 264 1570 299 quod
1599 264 1657 298 ipse
1674 268 1718 291 est

924 313 972 348 qui
987 313 1072 340 venit.
1088 313 1156 340 Nam
1170 320 1234 340 eum
1246 312 1294 346 qui
1311 312 1383 338 Deus
1392 315 1463 342 erat,
1478 318 1493 337 e
1504 310 1583 337 callis
1600 309 1718 337 descen-

924 359 1009 391 disse,
1027 364 1055 386 et
1067 359 1170 386 factum
1182 366 1244 386 esse
1259 357 1412 388 hominem,
1427 360 1455 383 et
1469 360 1566 390 sponte
1583 363 1632 382 sua
1645 362 1719 381 mor-

924 410 979 433 tem
1007 405 1160 434 maleficam
1184 403 1336 439 oppetiisse
1347 423 1354 435 ,
1370 402 1502 433 alienum,
1519 401 1672 428 absurdum
1690 405 1719 427 et

925 450 1069 478 infandum
1084 454 1136 478 est.
1151 450 1186 477 Et
1201 449 1224 476 si
1243 449 1295 476 hoe
1307 455 1403 476 verum
1419 451 1473 478 est,
1500 453 1561 480 qua:
1575 446 1632 478 vis,
1656 454 1718 480 quae

925 496 1097 531 intemperiae
1119 503 1183 523 eum
1207 495 1371 530 adegerunt,
1391 497 1430 526 ut,
1447 493 1558 520 nemine
1590 497 1716 528 cogente,

924 544 1070 572 festinaret
1086 543 1193 576 venire,
1213 547 1241 570 et
1254 550 1284 570 se
1298 542 1389 577 ipsum
1404 541 1515 568 tradere
1543 545 1574 567 ut
1591 547 1718 567 morere-

925 590 988 617 tur?
1001 589 1064 617 Haec
1079 597 1189 617 mecum
1211 592 1354 623 reputans,
1372 594 1428 614 non
1446 595 1506 614 sum
1516 586 1589 621 apud
1602 593 1656 618 me.
1668 586 1716 613 llla

924 636 998 664 enim
1013 635 1158 663 horribilis
1179 639 1289 667 natura,
1308 633 1376 661 illud
1401 633 1526 660 terribile
1552 633 1648 664 robur,
1669 633 1717 659 illa

925 682 1074 710 ineﬂ‘abilis
1092 681 1230 716 potentia,
1242 681 1288 707 ille
1299 680 1346 715 qui
1365 678 1534 707 formidabili
1545 678 1633 713 gloria
1647 685 1718 713 pra:-

925 728 999 756 ditus
1011 732 1063 759 est,
1076 731 1182 754 tantum
1195 727 1365 761 properavit,
1380 730 1410 753 ut
1420 726 1557 753 dedecore
1572 729 1598 752 et
1614 725 1716 760 probro

925 782 1003 802 suam
1015 774 1128 801 omnino
1152 773 1270 800 fmdaret
1288 772 1452 807 dignitatem
1467 776 1496 799 et
1517 772 1690 807 maiestatem
1708 781 1715 799 :

925 821 978 849 hoc
999 821 1058 848 ﬁeri
1073 828 1129 847 non
1144 824 1246 855 potest,
1265 820 1318 847 hoc
1332 819 1497 847 incredibile
1508 838 1515 852 ,
1534 819 1587 846 hoc
1601 826 1717 853 prorsus

927 867 1138 895 inconsolabile.
1747 864 1748 868 “

961 912 989 940 S.
1001 911 1104 940 AllCll.
1120 911 1181 939 Vim
1190 910 1314 947 mysterii
1329 910 1460 945 quoniam
1477 909 1598 945 ignoras,
1612 909 1717 936 idcirco

925 957 1046 985 miraris.
1064 957 1132 984 Nam
1153 957 1200 991 qui
1218 956 1310 983 noctis
1322 955 1440 991 caligine
1455 959 1484 983 et
1502 954 1627 982 tenebris
1644 954 1717 981 deti-

925 1007 1008 1031 netur
1026 1008 1055 1031 et
1070 1003 1188 1036 desidet,
1215 1003 1292 1030 nullo
1313 1002 1397 1029 modo
1419 1005 1513 1036 potest
1539 1009 1572 1028 ea
1591 1008 1716 1032 cernere,

925 1057 986 1084 qua:
1001 1049 1029 1076 in
1045 1049 1149 1076 aethere
1166 1049 1294 1076 volitant.
1323 1047 1358 1075 Et
1371 1047 1420 1082 qui
1446 1047 1560 1074 mutilos
1580 1054 1613 1074 ac
1637 1047 1718 1074 lxesos

927 1094 1010 1122 habet
1026 1094 1133 1126 oculos,
1160 1094 1228 1122 solis
1249 1093 1344 1120 radios
1355 1093 1498 1128 quomodo
1523 1093 1627 1127 poterit
1649 1100 1717 1127 pure

927 1139 1053 1167 intueri?
1066 1139 1203 1167 Similiter
1217 1143 1244 1166 et
1258 1142 1287 1165 tu
1305 1138 1375 1172 ipse.
1389 1137 1419 1165 In
1431 1137 1532 1172 quibus
1543 1136 1617 1164 enim
1630 1136 1719 1170 Spiri-

927 1189 972 1213 tus
985 1189 1098 1213 sanctus
1113 1193 1167 1212 non
1186 1184 1332 1216 habitavit,
1347 1183 1376 1211 in
1386 1183 1442 1211 illis
1457 1183 1567 1211 diﬂicile
1582 1182 1717 1217 spiritalia

925 1231 1149 1267 conspiciuntur.
1169 1230 1273 1259 Credas
1292 1230 1378 1265 igitur
1401 1230 1430 1256 in
1448 1229 1598 1257 Dominum
1623 1229 1717 1256 Jesum

925 1278 1007 1314 653
1022 1277 1175 1310 Christum,
1191 1282 1220 1305 et
1235 1281 1333 1304 sancto
1344 1276 1458 1303 lavacro
1477 1275 1613 1311 tinguaris
1624 1275 1651 1302 in
1669 1283 1719 1302 no—

927 1325 1001 1352 mine
1017 1324 1118 1356 Patris,
1134 1329 1169 1358 et,
1187 1323 1262 1356 Filii,
1275 1328 1304 1350 et
1329 1322 1451 1358 Spiritus
1475 1321 1563 1350 sancti
1584 1331 1589 1348 :
1607 1326 1635 1349 et
1653 1326 1718 1348 tunc

927 1373 1064 1408 intelliges
1074 1380 1118 1406 ea,
1132 1379 1195 1406 quae
1209 1371 1342 1399 dubitans
1361 1374 1390 1398 et
1402 1375 1517 1405 stupens
1531 1369 1688 1396 admiraris.

963 1462 1066 1490 HERB.
1083 1461 1129 1489 Sic
1146 1460 1322 1496 simplicnter,
1336 1463 1364 1486 et
1385 1464 1415 1486 ut
1483 1466 1543 1486 sors
1563 1458 1640 1491 tulit,
1654 1465 1717 1492 per-

928 1508 1040 1536 suaderi
1057 1511 1084 1535 et
1101 1507 1216 1535 credere
1233 1506 1310 1534 nullo
1330 1505 1412 1533 modo
1429 1513 1552 1541 possum.
1567 1505 1632 1537 nisi,
1647 1506 1719 1532 sicut

51 1562 53 1566 ι
81 1549 183 1584 φορίαν
209 1550 385 1594 είσδέξωμαι.
410 1552 547 1588 Διήγησαι
573 1554 718 1589 τοιγαροῦν
744 1555 806 1590 ἐμοὶ
828 1556 874 1583 καὶ

929 1554 1072 1586 desidero,
1087 1556 1191 1581 certam
1210 1552 1292 1579 fidem
1309 1555 1337 1579 et
1350 1551 1463 1587 penitus
1478 1551 1621 1586 explorata
1637 1558 1718 1578 acce-

49 1599 65 1607 λ’
81 1594 164 1621 πάλιν
180 1595 247 1630 περὶ
260 1592 297 1622 ὧν
312 1597 408 1632 ἐρωτῶ
423 1605 463 1623 σε.
479 1597 529 1624 Διὰ
547 1598 627 1625 ποίαν
644 1599 735 1626 αἰτίαν
752 1600 872 1627 πέπονθε

44 1639 118 1668 ⁴τ¹τὰ
144 1641 220 1668 δεινὰ
245 1644 338 1669 ἐκεῖνα
359 1645 374 1670 ὀ
391 1644 510 1679 Χριστός
535 1653 593 1678 σου,
607 1646 656 1672 καὶ
675 1646 743 1681 πρὸς
768 1647 873 1679 τούτοις

81 1687 130 1714 καὶ
144 1688 324 1724 τετελεύτηκε
335 1699 344 1723 ;

115 1779 172 1807 Καὶ
189 1781 335 1808 ΟΛΙἿΟΣ.
354 1781 391 1808 Οὐ
427 1779 588 1812 πλειστάκις
622 1791 662 1809 σοι
689 1784 800 1820 εῐρηκα,
826 1786 874 1812 καὶ

79 1825 164 1852 πάλιν
180 1827 286 1862 ἐρωτᾷς
296 1836 303 1859 ;
473 1839 478 1846 ι

87 1888 88 1894 η
117 1872 361 1908 ΕΡΒΑΝ.”Αγνοιά
371 1883 414 1907 τις
428 1876 552 1912 περιέχει
569 1885 620 1911 μου
635 1876 700 1908 τοὺς
711 1876 872 1913 λογισμοὺς,

47 1924 65 1963 Δί
80 1917 130 1943 καὶ
145 1917 247 1951 εὐθέως
260 1920 295 1946 τὰ
309 1920 362 1947 ὑπὸ
381 1920 428 1948 σοῦ
447 1930 494 1957 μοι
513 1922 649 1958 λεγόμενα
663 1924 872 1960 παραγινομένη

80 1963 122 1995 είς
141 1963 226 1999 λήθην
241 1965 455 2002 ἀποκαθίστησι.
614 1983 619 1989 -

121 2011 175 2037 Καὶ
191 2011 211 2036 0
224 2012 334 2038 ΑΓΙΟΣ.
354 2012 448 2046 Οὕτως
463 2011 551 2049 οἶμαι.
568 2015 599 2041 Ol
623 2015 678 2050 γὰρ
697 2015 734 2050 μὴ
752 2024 873 2050 πεφωτι-

82 2059 177 2094 σμένοι
203 2059 244 2090 είς
272 2059 302 2085 τὸ
331 2059 464 2091 ζωοποιὸν
487 2057 574 2096 ὄνομα
592 2061 642 2096 τῆς
655 2061 736 2096 ἁγίας
747 2061 874 2097 Τριὰδος,

80 2104 131 2131 καὶ
164 2105 272 2140 χείρονα
296 2105 399 2132 τούτων
423 2106 655 2142 καθυπομένουσι.
698 2107 730 2134 Τί
753 2107 781 2134 δὲ
806 2108 874 2135 ἔπα-

80 2152 128 2178 θεν
157 2152 172 2177 ὁ
197 2150 331 2186 Χριστος,
367 2151 415 2178 καὶ
448 2152 492 2179 διὰ
520 2152 557 2183 τί,
587 2153 635 2179 καὶ
661 2153 720 2184 πῶς
743 2154 812 2188 μετὰ
844 2154 875 2180 τὸ

64 2196 169 2223 ’πολλὰ
194 2196 292 2223 παθεῖν
315 2196 476 2232 ἐτελεύτησε
488 2216 496 2228 ,
510 2197 639 2233 πρόσεχε·
661 2197 766 2230 Πάντες
783 2198 808 2225 οἱ
831 2197 876 2225 ἄν·

925 1608 1002 1636 pero.
1018 1600 1131 1635 Explica
1150 1599 1235 1634 igitur
1254 1598 1338 1630 mihi,
1352 1603 1379 1626 ct
1400 1605 1496 1625 rursus
1515 1597 1636 1625 edissere
1657 1605 1718 1632 qua:

925 1652 952 1675 te
968 1647 1120 1680 interrogo.
1136 1644 1223 1678 Quam
1241 1645 1277 1671 ob
1295 1652 1404 1671 causam
1421 1644 1525 1672 atrocia
1540 1647 1568 1671 et
1580 1644 1718 1671 horrenda

924 1694 970 1721 illa
985 1697 1051 1720 tuus
1065 1691 1196 1720 Christus
1213 1699 1363 1726 perpessus
1381 1694 1437 1722 est,
1453 1695 1585 1725 praeterea
1602 1693 1630 1717 et
1644 1697 1718 1717 mor-

924 1743 989 1766 tuus
1003 1738 1064 1766 est?

960 1785 988 1812 S.
1005 1784 1109 1812 ARCll.
1125 1784 1184 1811 Non
1209 1784 1263 1811 hoc
1282 1783 1338 1818 jam
1359 1782 1410 1810 tibi
1431 1781 1581 1816 smpissime
1603 1782 1676 1813 dixi,
1691 1787 1719 1810 ct

924 1838 1021 1858 rursus
1036 1829 1211 1865 interrogas?

960 1874 1065 1903 HERB.
1081 1874 1238 1909 Ignorantia
1256 1873 1382 1908 quaedam
1399 1880 1475 1900 meas
1489 1872 1611 1900 rationes
1627 1878 1655 1900 et
1672 1881 1719 1900 ro-

924 1921 1073 1957 gitationes
1086 1920 1205 1952 obsidet,
1218 1927 1279 1954 quae
1295 1919 1389 1946 subito
1402 1919 1541 1953 obrepens
1553 1926 1586 1946 ea
1598 1926 1659 1953 quae
1671 1919 1720 1946 abs

925 1972 952 1995 te
967 1967 1110 1999 dicuntur,
1124 1967 1151 1994 in
1168 1966 1336 1994 oblivionem
1349 1964 1462 1999 abripit.

961 2013 990 2040 S.
1013 2012 1116 2040 ARCII.
1143 2011 1189 2039 Sic
1217 2011 1327 2046 opinor.
1352 2009 1421 2037 Nam
1445 2010 1493 2045 qui
1522 2009 1550 2037 in
1579 2010 1720 2037 vivifieum

925 2067 1027 2086 nomen
1054 2062 1158 2086 sanetze
1182 2057 1328 2085 Trinitatis
1351 2064 1407 2084 non
1431 2060 1496 2084 sunt
1520 2056 1665 2084 illuminati
1693 2062 1722 2084 et

925 2105 1046 2138 accensi,
1061 2105 1106 2133 his
1121 2104 1261 2132 deteriora
1277 2104 1430 2139 patiuntur.
1445 2103 1502 2131 Cur
1517 2107 1608 2130 autem
1624 2111 1721 2138 passus

925 2158 968 2181 est
989 2152 1132 2185 Christus,
1153 2155 1181 2180 et
1200 2151 1398 2186 quamobrem,
1419 2155 1447 2178 et
1469 2150 1624 2185 quomodo,
1644 2155 1721 2185 post-

926 2205 1009 2232 quam
1023 2197 1109 2224 multa
1126 2204 1224 2232 passus
1239 2200 1295 2229 est,
1310 2201 1438 2224 mortuus
1455 2201 1513 2229 est,
1530 2196 1642 2223 attende
1656 2196 1720 2224 dili-

55 2235 69 2285 Ιέ
82 2242 187 2277 θρωποι
203 2241 258 2268 ἀπὸ
277 2241 363 2277 Ἀδὰμ.
381 2241 464 2278 μέχρι
476 2243 526 2277 τῆς
537 2242 659 2278 Χριστοῦ
679 2242 832 2278 παρουσίας
845 2244 874 2269 ἐν

929 2247 1033 2279 genter.
1047 2243 1148 2271 Omnes
1165 2243 1292 2271 homines
1306 2243 1341 2270 ab
1356 2243 1442 2270 Adam
1460 2251 1548 2278 usque
1564 2243 1598 2270 ad
1614 2243 1719 2271 Christi

86 2287 193 2324 μεγάλῃ
208 2288 298 2324 πλάνῃ
313 2288 361 2315 καὶ
378 2288 660 2324 ἐπιφρικιοδεστάτοις
679 2289 878 2324 παραπτώμα-

85 2343 129 2361 σιν
157 2334 284 2366 ἐλεεινῶς
309 2334 548 2370 περιπεπτώκασι.
578 2336 635 2363 Καὶ
660 2335 690 2362 οὗ
717 2335 789 2370 λέγω
813 2336 878 2371 περὶ

49 2381 56 2391 ⁸
82 2381 138 2420 τῶν
162 2381 203 2412 είς
221 2380 255 2408 τὰ
274 2381 377 2416 μάταια
394 2381 491 2408 εἴδωλα
515 2381 610 2413 ἁπλῶς
628 2381 877 2416 ὰποπλανηθέντων

81 2427 179 2461 ἐθνῶν,
193 2427 261 2454 ἀλλὰ
281 2427 328 2454 καὶ
346 2427 412 2464 περὶ
433 2427 511 2462 ὑμῶν
532 2427 588 2454 τῶν
607 2427 762 2460 Ἰουδαίων,
779 2428 877 2460 οἵτινες

82 2474 194 2501 ἐλάϐετε
211 2473 257 2500 τὸν
273 2474 367 2509 νόμον,
385 2473 433 2500 καὶ
446 2473 496 2500 οὑκ
514 2473 678 2508 ἐφυλάξατε.
698 2473 804 2500 Οὐκοῦν
827 2474 877 2509 ηὐι

82 2518 212 2553 φραίνετο
237 2519 251 2544 ὁ
271 2518 389 2554 πονηρὸς
412 2519 517 2551 ἐκεῖνος
546 2519 663 2553 δαίμων,
681 2519 696 2545 ὀ
711 2519 757 2545 τὸν
787 2519 875 2553 ’Λδὰμ

81 2563 291 2599 ἁποπλανήσας,
318 2564 426 2599 βλέπων
441 2564 565 2592 ’ἃπασαν
596 2565 649 2600 τὴν
674 2565 764 2592 κτίσιν
787 2565 876 2592 ὀπίσω

81 2609 167 2636 αὐτοῦ
182 2611 340 2645 κεχηνυῖαν,
353 2610 401 2637 καὶ
415 2612 450 2637 τὰ
467 2611 573 2646 μεγάλα
593 2612 770 2647 ἐφρυάττετο.
783 2612 816 2639 Τί
829 2609 875 2639 οὖν

82 2657 194 2690 ἐγένετο
205 2665 213 2690 ;
226 2657 295 2689 Θεὸς
307 2657 432 2685 ἐλυπεῖτο
443 2658 457 2684 ὁ
472 2658 522 2693 τὴν
534 2658 732 2694 ἀνθρωπότητα
744 2659 875 2695 δημιουρ-

81 2704 182 2738 γήσας,
199 2704 247 2730 καὶ
265 2704 337 2731 κατὰ
351 2704 498 2740 τυραννίδι
513 2705 652 2731 ἐκσπᾶσαι
669 2705 714 2731 τὸν
731 2705 874 2740 ἄνθρωπον

81 2749 137 2776 ἀπὸ
149 2749 204 2775 τῶν
221 2750 322 2785 χειρῶν
346 2750 392 2776 τοῦ
407 2750 503 2786 θηρίου
523 2750 572 2776 οὒκ
596 2750 731 2777 ἐϐούλετο.
746 2751 875 2777 Βουλεύε-

81 2805 126 2822 ται
155 2795 184 2822 δέ
206 2796 315 2823 δικαίαν
339 2797 488 2831 πρόφασιν,
504 2797 551 2823 καὶ
573 2796 732 2824 ἀποστέλλει
762 2798 794 2823 ἐκ
820 2796 874 2823 τῶν

81 2842 208 2877 οὐρανῶν
227 2842 272 2869 τὸν
288 2843 374 2876 Λόγον
399 2843 482 2869 αὑτοῦ
499 2844 546 2869 ἐπὶ
560 2843 611 2878 τὴν
627 2843 707 2878 ἁγίαν
723 2843 871 2878 Παρθένον.

84 2887 140 2920 bal.
165 2887 229 2914 εἵσω
257 2888 342 2923 αὐτῆς
368 2889 470 2920 ἐκεῖνος
496 2888 652 2923 γενόμενος,
686 2888 797 2916 πλάττει
822 2889 872 2925 μὲν

930 2290 1091 2322 adventum,
1103 2289 1130 2316 in
1143 2297 1273 2324 magnum
1287 2297 1411 2317 errorem
1424 2293 1452 2317 et
1464 2289 1492 2317 in
1507 2289 1720 2317 horribilissima

928 2341 1043 2371 peccata
1064 2335 1263 2364 miserabiliter
1281 2340 1457 2364 corruerunt.
1475 2336 1570 2372 Neque
1587 2337 1640 2364 hoc
1660 2341 1721 2363 lan-

929 2382 1072 2410 tummodo
1092 2382 1127 2410 de
1145 2382 1276 2418 gentibus
1293 2382 1372 2415 dico,
1387 2391 1448 2418 qua:
1465 2383 1578 2410 omnino
1599 2382 1633 2410 ad
1652 2391 1720 2410 vana

928 2429 1092 2456 lictitiorum
1111 2429 1227 2456 deorum
1247 2429 1396 2456 simulacra
1414 2436 1510 2456 errore
1527 2428 1629 2456 delusa:
1647 2429 1722 2456 abic-

929 2480 1007 2508 runt;
1026 2475 1075 2503 sed
1092 2479 1120 2503 et
1136 2475 1170 2503 de
1185 2475 1266 2503 vobis
1282 2475 1350 2510 ipsis
1366 2476 1486 2507 Judaeis,
1503 2476 1550 2511 qui
1568 2476 1654 2511 legem
1672 2476 1720 2503 Dei

927 2521 1088 2556 accepistis,
1103 2525 1132 2549 et
1147 2530 1202 2549 non
1219 2522 1389 2549 custodistis.
1403 2521 1493 2555 Quare
1510 2522 1654 2550 laetabatur
1669 2523 1721 2550 im-

927 2567 1034 2602 probus
1050 2567 1096 2595 ille
1113 2567 1231 2599 daemon,
1246 2567 1306 2601 qui.
1317 2575 1380 2594 eum
1397 2567 1532 2594 Adamum
1550 2567 1703 2595 seduxisset
1714 2589 1720 2600 ,

927 2613 1025 2640 videns
1049 2612 1207 2640 universam
1233 2617 1388 2639 creaturam
1415 2617 1478 2647 post
1500 2620 1528 2639 se
1553 2612 1719 2645 inhiantem,

926 2659 1005 2686 valde
1024 2667 1087 2686 eum
1109 2666 1210 2693 magno
1230 2657 1341 2685 fremitu
1363 2659 1529 2686 exsultabat.
1545 2659 1614 2691 Quid
1637 2660 1721 2694 igitur

927 2705 1029 2732 factum
1044 2704 1104 2732 est?
1117 2704 1199 2735 Deus,
1215 2703 1262 2738 qui
1276 2703 1427 2730 humanum
1441 2711 1527 2738 genus
1541 2704 1719 2738 prodmerat,

926 2750 1037 2778 dolebat
1048 2755 1076 2778 et
1089 2751 1241 2786 angebatur
1256 2759 1261 2776 :
1276 2757 1367 2784 neque
1382 2754 1473 2777 Iamen
1487 2758 1536 2785 per
1548 2750 1720 2786 tyrannidem

927 2797 1067 2824 hominem
1081 2804 1096 2824 e
1110 2796 1238 2823 manibus
1251 2795 1314 2823 ferat
1328 2796 1446 2823 avellere
1459 2800 1487 2823 et
1499 2804 1513 2822 e
1528 2795 1655 2823 faucibus
1667 2795 1724 2823 eri-

927 2850 992 2877 pere
1011 2842 1130 2870 volehat.
1144 2842 1254 2869 Justum
1271 2842 1384 2870 modum
1403 2841 1461 2869 sive
1476 2842 1577 2877 justam
1595 2841 1723 2869 occasio-

925 2897 987 2916 nem
1004 2889 1148 2922 deliberat,
1158 2892 1240 2925 atque
1254 2888 1374 2917 Verbum
1390 2895 1486 2922 suum,
1503 2887 1529 2915 id
1546 2891 1588 2915 est
1603 2887 1716 2919 Filium,
