1967 3091
236 157 288 190 763

707 161 736 190 Β.
755 161 966 191 ΟΒΕὓΕΝΤΙΙ
989 160 1105 190 EPISC.
1126 161 1392 191 TAPIIARENSIS

1821 161 1877 193 764

237 215 266 242 in
281 219 402 242 sanctam
418 215 556 250 Virginem
575 222 590 241 e
605 214 683 241 caelis
700 215 802 242 emittit
825 224 831 242 ι
854 215 925 243 intra
945 223 1028 250 quam

1087 215 1171 250 ἑαυτῷ
1189 215 1333 251 ἄνθρωπον
1355 214 1384 247 ἐξ
1408 214 1550 250 ἀχράντων
1569 215 1696 250 αἱμάτων
1717 215 1766 250 τῆς
1793 217 1877 250 ἁγίας

239 262 285 290 ille
305 269 368 289 cum
389 268 475 293 esset,
491 261 591 288 format
609 260 658 287 sibi
678 261 735 296 ipse
752 261 891 288 hominem
908 269 941 288 ex
959 269 1030 296 puro

237 313 265 335 et
284 307 429 342 impolluto
446 307 579 342 sanguine
596 312 698 334 sancta:
713 307 834 342 Virginis
851 311 879 334 et
894 307 1028 342 Deiparaz.

235 355 296 389 Ipse
315 353 429 388 quidem
451 353 547 380 unitur
570 353 676 380 homini
698 353 909 380 immutabiliter
928 360 1029 380 secun-

235 401 302 428 dum
316 399 477 436 hypostasin
487 419 494 431 ,
507 404 535 427 et
550 399 614 426 inde
628 399 750 434 gignitur
766 408 772 426 :
788 404 815 426 et
828 399 943 431 crescit,
957 399 1030 427 Deus

236 454 299 475 cum
317 450 406 476 esset.
420 445 608 478 humanitate,
623 445 698 472 intus
714 445 820 473 habens
834 450 954 473 mentem
969 445 1030 473 dei-

239 493 314 520 tatis.
330 492 461 526 Proﬂigat
475 495 503 519 et
520 491 665 519 confundit
682 491 831 519 daemones.
847 491 926 519 Hunc
941 491 1031 519 admi-

237 543 336 566 rantur
350 538 469 573 improbi
486 538 634 565 daemones.
648 538 782 565 Praeterea
798 537 971 572 impeccabili
988 537 1031 564 in-

235 585 332 612 vident
346 593 352 612 :
370 589 467 619 atque,
482 589 512 611 ut
525 584 601 619 prius
615 584 688 616 dixi,
703 592 753 619 per
764 592 814 611 vos
827 584 957 612 Hebraeos
971 591 1030 611 ma-

237 632 388 660 chinantur
405 632 430 659 ei
448 635 580 664 mortem,
597 639 679 666 quam
698 631 742 658 ille
759 631 878 658 volebat.
895 631 1032 659 Venditur

237 677 349 713 triginta
361 677 508 713 argenteis,
523 677 660 712 proditur,
671 677 802 708 vincitur,
814 677 939 711 colaphis
951 677 1032 704 cadi-

239 729 286 751 tur
299 728 330 751 ut
343 724 426 751 homo
443 732 450 750 :
466 724 572 751 habitat
587 723 615 750 in
630 731 756 756 carcere,
771 727 885 758 propter
899 723 1032 751 condem-

237 774 333 798 natum
354 770 488 797 Adamum
511 778 518 797 :
539 770 571 797 ad
595 769 699 798 inferos
717 769 860 797 descendit
881 779 888 797 :
909 770 1032 797 luctatur

238 823 300 843 cum
320 816 446 851 principe
468 816 620 843 inferorum
640 821 669 844 et
685 824 748 843 cum
768 816 962 851 corruptione,
979 824 1030 852 pro

239 860 282 887 his
301 861 349 894 qui
369 860 424 888 illic
446 861 474 888 in
495 861 619 888 tenebris
637 867 665 888 et
684 861 781 888 umbra
804 861 901 888 mortis
920 861 1029 889 detine-

238 906 341 933 bantur
360 915 366 933 :
383 907 489 940 vincit,
504 911 532 934 et
548 915 597 934 eos
611 907 732 935 extrahit
748 915 779 934 ac
796 907 896 935 liberat
910 908 957 942 qui
975 907 1031 935 illic

240 952 443 980 coercebantur
463 962 470 980 :
493 961 522 980 se
545 953 634 988 ipsum
653 961 669 979 a
689 953 806 980 mortuis
824 953 990 985 exsuscitat,
1005 958 1033 981 et

241 1007 290 1026 eos
301 999 348 1034 qui
361 1006 455 1026 secum
468 1004 547 1026 erant
561 1008 567 1026 :
581 999 646 1027 facit
657 1008 713 1027 suae
725 1000 937 1028 resurrectionis
949 1003 1033 1027 testes

241 1045 387 1072 duodecim
400 1045 561 1080 discipulos,
573 1045 673 1073 deinde
686 1046 869 1081 septuaginta,
883 1050 939 1074 lum
952 1046 1034 1081 quin-

240 1096 347 1127 gentos.
362 1091 493 1118 Ascendit
509 1099 572 1119 cum
592 1092 762 1120 humanitate
781 1093 808 1119 in
824 1093 926 1125 cmios,
940 1092 1033 1120 missis

241 1137 274 1164 ad
289 1144 338 1164 vos
352 1136 400 1171 qui
416 1136 492 1163 illum
508 1137 697 1170 cruciﬁxistis,
709 1137 853 1173 discipulis
868 1138 936 1166 suis.
949 1138 1034 1166 Deni-

241 1191 295 1218 que
310 1190 373 1210 cum
386 1190 435 1210 vos
449 1182 477 1210 in
492 1183 607 1218 perﬁdia
619 1188 647 1212 et
658 1185 832 1212 contumacia
847 1188 929 1219 atque
942 1184 1034 1212 incre-

241 1229 357 1257 dulitate
375 1230 596 1264 permansissetis
612 1231 786 1265 pervicaces,
805 1231 869 1257 dato
886 1231 954 1266 ipsis
971 1230 1034 1265 Spi.

241 1276 296 1303 ritu
313 1278 424 1309 sancto,
440 1276 473 1303 ad
492 1284 588 1304 omnes
603 1281 698 1311 gentes
716 1277 805 1309 misit,
822 1277 918 1304 dicens
936 1285 942 1303 :
959 1276 1033 1304 Gen-

243 1322 319 1350 tibus
331 1322 426 1355 dieite,
440 1322 587 1357 relinquite
600 1322 682 1350 falsos
694 1327 722 1350 et
733 1323 937 1355 commentitios
950 1322 1032 1355 deos;

240 1372 270 1395 ct
285 1367 391 1395 credite
410 1368 438 1395 in
455 1368 543 1395 Deum
561 1369 793 1403 omnipotentem,
811 1369 837 1395 in
855 1369 955 1396 Filium
974 1369 1034 1403 ejus

241 1414 431 1449 unigenitum,
444 1414 568 1448 colaphis
587 1422 702 1446 carsum,
719 1415 896 1447 cruciﬁxum,
912 1420 940 1442 et
959 1423 1034 1442 mor-

241 1463 331 1491 tuum,
345 1463 373 1486 et
387 1459 589 1486 admirabiliter
603 1467 618 1486 a
633 1459 750 1486 mortuis
766 1463 935 1492 revocatum,
950 1464 1033 1494 atque

241 1507 270 1533 in
286 1506 419 1541 Spiritum
435 1509 572 1533 sanetum.
588 1505 639 1538 Qui
656 1506 812 1538 crediderit,
827 1510 852 1532 et
866 1506 976 1541 puriﬁco
990 1506 1032 1533 la-

1082 260 1221 296 Παρθένου
1249 261 1295 287 καὶ
1318 260 1461 287 Θεοτόκου.
1482 260 1607 287 Ἐνοῦται
1629 261 1657 287 δὲ
1675 261 1756 294 αὐτὸς
1773 262 1813 297 τῷ
1826 263 1878 289 άν-

1082 306 1185 342 Θρώπῳ
1207 307 1397 338 ἀναλλοιώτως
1420 307 1481 334 καθ’
1503 307 1724 339 ὑπόστασιν,καὶ
1744 310 1877 342 γεννᾶται
1915 324 1920 328 -

1082 352 1207 379 ἐκεῖθεν·
1225 354 1272 380 καὶ
1299 352 1410 385 αὔξεται
1439 353 1506 384 Θεδς
1532 352 1586 385 ὢν,
1615 355 1648 389 τῇ
1665 354 1874 390 ἀνθρωπότητι,

1082 398 1157 426 ἔνδον
1172 400 1341 434 κεκτημένος
1355 400 1401 426 τὸν
1416 399 1478 426 νοῦν
1495 399 1545 434 τῆς
1562 399 1701 434 θεότητος.
1725 400 1808 435 Ἠττᾷ
1827 403 1876 427 καί

1082 445 1260 480 καταισχύνει
1287 447 1351 477 τοὺς
1373 445 1516 480 δαίμονας.
1531 446 1709 482 Θαυμάζουσι
1730 448 1823 474 τοῦτον
1849 449 1876 474 οι

1082 492 1195 526 πονηροὶ
1226 491 1363 526 δαίμονες.
1381 491 1458 519 Μετὰ
1486 491 1575 525 τοῦτο,
1600 492 1730 527 φθονοῦσι
1749 493 1786 528 τῷ
1808 495 1878 520 ἀνα-

1084 537 1236 572 μαρτήτῳ·
1268 536 1502 569 συσκευάζουσιν,
1529 537 1567 568 ὡς
1596 538 1644 564 καὶ
1668 538 1799 572 ἀνωτέρω
1833 547 1876 565 σοι

1082 581 1227 618 λελάληκα,
1249 582 1282 608 δι’
1309 582 1386 616 ὑμῶν
1413 581 1468 608 τῶν
1504 581 1649 617 Ἐϐραίων,
1679 582 1725 609 τὸν
1757 582 1877 610 θάνατον

1082 627 1176 660 αὑτοῦ,
1192 628 1277 663 ὅνπερ
1304 629 1431 659 κάκεῖνος
1453 627 1590 655 ἐϐούλετο.
1612 629 1804 664 Πιπράσκεται
1833 629 1876 661 είς

1081 674 1230 709 τριάκοντα
1244 673 1374 709 ἀργύρια,
1385 673 1548 708 προδίδοται.
1563 673 1713 708 Scepsis-at,
1729 675 1876 710 ραπίζεται

1082 720 1120 752 ὡς
1130 720 1179 748 ἀνθ
1183 729 1272 756 ρωπος
1282 729 1288 736 ·
1300 721 1423 748 κατοικεῖ
1432 719 1615 756 δεσμωτήρια,
1627 721 1670 748 διὰ
1681 721 1726 748 τὸν
1742 725 1876 758 κατακρι-

1081 775 1126 793 τον
1144 767 1229 802 Ἀδάμ
1239 775 1245 782 ·
1260 767 1422 802 κατέρχεται
1442 768 1470 794 ἐν
1483 767 1521 802 τῷ
1537 767 1597 803 ᾄδῃ·
1612 767 1723 794 παλαίει
1744 768 1813 803 μετὰ
1827 768 1877 794 τοῦ

1081 813 1144 849 ᾅδου
1159 813 1207 839 καὶ
1227 813 1277 847 τῆς
1289 812 1405 847 φθορᾶς,
1420 814 1482 840 ἀντὶ
1499 814 1553 840 τῶν
1573 815 1664 841 ἐκεῖσε
1681 815 1710 840 ὲν
1725 816 1878 846 σκοτεινοῖς

1081 859 1129 886 καὶ
1155 859 1219 894 σκιᾷ
1248 858 1364 885 θανάτου
1384 859 1593 894 κατεχομένων”
1612 861 1686 895 νικᾷ,
1711 860 1758 886 καὶ
1786 859 1879 895 ὲκσπᾷ

1083 906 1146 936 τοὺς
1172 906 1231 931 ἐκεῖ
1257 904 1456 940 κατεχομένους
1472 913 1478 920 ·
1492 905 1588 941 ἀνιστᾷ
1614 905 1729 938 ἑαυτὸν,
1746 907 1794 933 καὶ
1811 907 1878 938 τοὺς

1085 951 1145 984 μετ’
1160 950 1243 977 αὑτοῦ
1257 958 1264 966 ³
1279 952 1352 977 ποιεῖ
1366 951 1510 986 μάρτυρας
1525 952 1574 986 τῆς
1588 952 1764 984 ἀναστάσεως
1781 953 1877 984 αὐτοῦ,

1083 998 1146 1028 τοὺς
1167 997 1201 1032 ιβ’
1220 996 1346 1032 μαθητὰς
1368 997 1462 1030 αὑτοῦ,
1479 995 1540 1024 εἶτα
1555 998 1618 1030 τοὺς
1635 1002 1666 1030 ο’,
1685 996 1746 1025 εἶτα
1759 1000 1823 1031 τοὺς
1839 1002 1877 1034 φ’,

1084 1044 1226 1072 ἀναϐαίνει
1243 1045 1277 1080 τῇ
1293 1043 1484 1079 ἀνθρωπότητι
1504 1044 1544 1076 είς
1560 1045 1624 1076 τοὺς
1640 1045 1787 1080 οὐρανοὺς,
1804 1046 1878 1072 ἀπο-

1085 1089 1192 1122 στείλας
1210 1089 1278 1124 πρὸς
1293 1089 1365 1124 ὑμᾶς
1389 1090 1451 1121 τοὺς
1476 1089 1688 1126 σταυρώσαντας
1706 1090 1799 1124 αὐτὸν,
1813 1092 1878 1123 τοὺς

1086 1135 1212 1172 μαθητὰς
1227 1135 1320 1162 αὑτοῦ.
1338 1134 1405 1163 Εἶτα
1424 1136 1560 1171 μενόντων
1577 1136 1656 1171 ὑμῶν
1670 1137 1698 1162 ὲν
1712 1137 1745 1171 τῇ
1761 1136 1878 1172 ἀπιστίᾳ

1083 1182 1132 1209 καὶ
1149 1181 1286 1217 ἀπειθείᾳ,
1305 1181 1367 1213 δοὺς
1381 1182 1475 1213 αὐτοῖς
1485 1181 1516 1208 τὸ
1535 1181 1647 1216 Πνεῦμα
1659 1181 1689 1208 τὸ
1704 1181 1793 1216 ἅγιον,
1807 1182 1877 1208 ἀπο-

1085 1229 1190 1256 στέλλει
1220 1229 1262 1259 είς
1291 1229 1381 1255 πάντα
1404 1228 1439 1255 τὰ
1467 1228 1542 1264 ἔθνη,
1572 1228 1669 1255 εἰπών·
1703 1229 1804 1255 Εἴπατε
1820 1229 1878 1260 τοῖς

1084 1275 1184 1306 ἔθνεσι,
1206 1274 1373 1302 καταλίπετε
1401 1274 1436 1302 τὰ
1466 1274 1572 1307 εῐδωλα,
1586 1275 1634 1301 καὶ
1654 1274 1818 1301 πιστεύσατε
1837 1274 1878 1305 εις

1084 1322 1152 1349 Θεδν
1172 1322 1396 1357 παντοκράτορα,
1417 1323 1463 1348 καὶ
1491 1322 1532 1353 εἰς
1562 1321 1609 1349 τὸν
1631 1322 1695 1348 Υἱδν
1717 1320 1800 1348 αὑτοῦ
1833 1320 1877 1347 τὸν

1085 1369 1231 1404 μονογενῆ,
1247 1368 1292 1396 τὸν
1322 1368 1503 1405 ῥαπισοέντα,
1521 1369 1568 1396 καὶ
1597 1368 1801 1404 σταυρωθέντα,
1829 1369 1878 1394 καὶ

1085 1415 1267 1449 ἀποθανόντα,
1280 1415 1328 1442 καὶ
1340 1415 1497 1442 ἀναστάντα
1513 1415 1683 1450 παραδόξως,
1700 1415 1749 1442 καὶ
1777 1415 1818 1446 είς
1846 1414 1878 1440 τὸ

1084 1461 1199 1497 Πνεῦμα
1225 1461 1256 1488 τὸ
1278 1462 1366 1496 ἅγιον.
1387 1460 1419 1488 '0
1431 1462 1601 1493 πιστεύσας
1621 1459 1679 1488 οὖν
1696 1460 1878 1493 βαπτισθεὶς

1085 1508 1256 1543 σωθήσεται
1273 1517 1279 1523 ι
1306 1509 1322 1534 d
1347 1507 1382 1534 δὲ
1409 1507 1585 1541 ἀπιστήσας
1617 1506 1876 1541 κατακριθήσεται.

240 1560 319 1579 vacro
335 1552 431 1578 tinctus
447 1551 543 1586 fuerit,
558 1551 648 1578 salvus
663 1552 713 1578 erit
729 1559 737 1578 :
752 1551 796 1587 qui
809 1559 861 1578 non
876 1551 1032 1583 crediderit,

1087 1554 1135 1580 Διὰ
1162 1553 1243 1580 τοῦτο
1269 1553 1370 1580 ἔπαθεν
1384 1573 1391 1586 ,
1405 1550 1428 1580 ὧ
1460 1552 1571 1588 Ἐρΰᾶν,
1584 1553 1598 1579 ό
1615 1551 1715 1587 Κύριος
1729 1552 1806 1588 ἡμῶν
1827 1552 1879 1586 ’1η-

239 1597 459 1624 condemnabilur
469 1597 502 1624 “.
517 1596 558 1625 0b
579 1597 651 1624 hanc
671 1597 763 1631 ilaquc
785 1605 911 1628 causam,
927 1605 944 1624 ο
963 1597 1033 1625 Iler-

241 1644 323 1676 hane,
335 1643 468 1671 Dominus
483 1648 576 1670 noster
587 1643 667 1670 Iesus
679 1643 805 1670 Christus
818 1651 916 1677 passus
927 1647 978 1670 est.

276 1686 379 1717 HERB.
397 1690 425 1717 Si
448 1697 544 1716 omnes
565 1689 656 1717 salvos
676 1689 735 1716 fieri
756 1689 880 1722 volebat,
895 1697 978 1724 quam
997 1690 1033 1717 oh

241 1744 353 1765 causam
370 1744 483 1764 suarum
501 1736 712 1772 perpessionum
729 1740 757 1764 et
771 1736 898 1763 dolorum
917 1737 1034 1764 scanda-

240 1784 299 1811 lum
318 1783 347 1810 in
365 1783 464 1810 faciem
483 1783 572 1811 oculis
589 1783 713 1810 omnium
731 1783 890 1818 proposuit,
906 1788 937 1810 ut
954 1791 1034 1810 scan-

241 1830 304 1858 dalo
319 1834 347 1858 et
361 1830 507 1858 oil'ensioni
523 1830 631 1858 essent?
645 1830 705 1857 Non
721 1834 782 1856 erat
796 1830 852 1857 Deo
868 1830 1036 1857 convenien-

242 1877 312 1908 tius,
332 1880 363 1903 ut
386 1876 481 1904 nullus
503 1876 617 1903 omnino
640 1876 696 1903 ulla
720 1876 748 1903 in
771 1884 801 1903 re
823 1876 851 1903 in
874 1875 1034 1903 scandalum

241 1921 453 1957 perpessionum
477 1922 538 1958 ejus
564 1920 747 1956 impingeret,
771 1920 818 1948 sed
841 1929 938 1949 omnes
960 1925 1035 1949 recta

242 1967 286 1994 via
309 1967 344 1994 ad
368 1975 430 1994 eum
454 1967 620 1996 accedentes
642 1966 725 2002 655.
748 1967 894 1995 crederent
917 1972 945 1995 et
967 1967 1034 1995 salvi

243 2013 358 2040 ﬁerent?

279 2059 307 2086 S.
314 2058 415 2086 ARCH.
422 2059 482 2086 Non
491 2060 551 2087 vult
560 2059 633 2087 Deus
642 2064 754 2087 sanctus
763 2067 853 2094 neque
864 2059 916 2094 ipsi
925 2060 1036 2088 diabolo

246 2105 376 2139 injuriam
389 2105 490 2138 facere,
504 2110 553 2133 aut
568 2106 624 2133 ullo
634 2106 715 2133 modo
727 2106 821 2140 inique
832 2113 932 2142 agere:
948 2115 1036 2142 usque

244 2151 313 2179 adeo
322 2152 457 2186 exquisita
466 2157 494 2179 et
504 2152 740 2188 perfectajnstitia
749 2153 880 2188 praeditus
888 2158 940 2181 est.
950 2153 1036 2189 Hujus

244 2206 328 2225 causa
341 2198 435 2226 beatos
449 2199 541 2226 reddit
552 2203 580 2226 et
592 2199 745 2227 sanctificat
758 2207 816 2231 eos,
828 2200 875 2235 qui
891 2200 917 2227 in
929 2201 1037 2236 justitia

243 2248 272 2271 et
292 2245 438 2272 sanctitate
457 2250 635 2280 percurrunt.
654 2246 722 2273 Nam
741 2246 776 2273 ab
798 2245 877 2273 initio
896 2242 1037 2274 hominem

245 2289 288 2317 sui
301 2290 374 2326 juris
387 2294 416 2317 et
429 2290 536 2318 arbitrii
552 2290 681 2318 formavit
698 2300 703 2317 :
718 2296 747 2319 et
759 2291 864 2318 mavult
876 2299 928 2319 nos
940 2292 1038 2319 volun-

246 2341 301 2363 tate
326 2337 400 2364 bona
422 2341 450 2364 et
473 2337 589 2364 consilio
610 2337 662 2364 sibi
686 2337 800 2373 subjici,
818 2343 846 2365 et
867 2338 981 2366 obedire
1003 2339 1038 2366 ad

245 2384 338 2411 omnia
354 2383 454 2418 placita
470 2388 498 2411 et
512 2383 656 2415 mandata.
670 2392 752 2419 quam
767 2385 889 2412 violento
905 2390 933 2412 et
948 2391 1039 2421 tyran-

245 2429 309 2457 nico
328 2434 438 2458 coactos
458 2429 585 2464 imperio.
602 2429 737 2463 Quoniam
757 2430 841 2465 igitur
860 2438 956 2458 omnes
976 2439 1040 2466 pec-

245 2476 381 2508 cavimus,
395 2481 422 2503 et
435 2475 571 2512 judicium
588 2475 738 2503 adveniens
753 2476 833 2503 nobis
850 2476 1037 2512 impendebat,

246 2526 329 2556 atque
351 2522 446 2549 πίειπηί
469 2522 597 2557 supplicii
621 2522 783 2555 retributio;
804 2523 901 2550 volens
923 2523 968 2550 ille
991 2524 1038 2559 qui

247 2567 422 2602 superbonus
447 2573 489 2596 est
511 2573 540 2596 et
563 2569 680 2596 multum
706 2569 866 2597 misericors
892 2570 1038 2605 Dominus,

247 2613 374 2641 misereri
394 2618 423 2641 et
442 2622 554 2642 servare
576 2620 729 2642 creaturam
753 2623 830 2643 suam
852 2625 858 2642 :
878 2624 940 2643 cum
964 2617 1039 2644 nulla

247 2664 321 2687 esset
337 2659 389 2687 alia
404 2661 479 2696 justa
493 2669 590 2693 causa,
608 2662 767 2690 necessario
784 2662 854 2690 hanc
872 2663 943 2691 bona
961 2672 1038 2691 eom-

248 2706 426 2735 miseratione
448 2708 624 2742 excogitavit.
643 2708 677 2735 Et
700 2708 933 2743 quemadmodum
957 2709 1039 2737 latuit

251 2753 392 2782 diabolum
409 2753 456 2789 qui
476 2761 539 2781 eum
559 2753 673 2781 adortus
689 2758 731 2781 est
748 2759 779 2781 ut
795 2754 949 2787 hominem,
967 2760 995 2783 et
1010 2756 1038 2783 in

252 2799 309 2831 ejus
325 2800 498 2828 divinitatem
514 2799 647 2832 incurrit,
661 2804 687 2827 et
703 2800 833 2828 confusus
847 2805 887 2828 est
906 2811 911 2827 :
926 2802 965 2829 sic
980 2803 1038 2837 ejus

293 2891 404 2918 "Marc.
419 2899 470 2920 ιιι,
487 2891 526 2917 16.

1088 1602 1151 1633 σοῦς
1163 1601 1290 1637 Χριστός.

1124 1691 1248 1718 EPBAN.
1261 1691 1317 1718 Καὶ
1333 1691 1357 1717 εί
1377 1691 1506 1718 ἐϐούλετο
1522 1692 1628 1724 πάντας
1647 1693 1778 1727 σωθῆναι,
1795 1693 1828 1719 δι’
1844 1693 1878 1729 ἢν

1088 1737 1178 1764 αἰτίαν
1205 1737 1236 1764 τὸ
1263 1737 1413 1765 σκάνδαλον
1431 1737 1485 1765 τῶν
1499 1738 1592 1765 παθῶν
1609 1739 1702 1770 αὐτοῦ,
1718 1739 1771 1773 πρὸ
1795 1747 1879 1774 προσ-

1088 1781 1165 1808 ώπου
1181 1782 1290 1809 πάντων
1307 1782 1468 1816 προτέθεικε
1500 1783 1725 1816 σκανδαλίζεσθαι
1739 1793 1745 1816 ;
1767 1784 1826 1811 Οὺκ
1844 1782 1880 1820 ἦν

1089 1828 1335 1864 θεοπρεπέα-τερον,
1353 1828 1397 1855 ἴνα
1424 1829 1507 1864 μηδὲν
1530 1830 1558 1855 ὲν
1589 1829 1683 1865 μηδενὶ
1700 1830 1795 1864 μηδεὶς
1812 1838 1880 1865 προ-

1091 1874 1192 1902 έκοπτε
1214 1875 1253 1909 τῷ
1274 1875 1416 1911 σκανδάλῳ
1442 1875 1495 1902 τῶν
1515 1875 1684 1911 παθημάτων
1701 1875 1793 1906 αὑτοῦ,
1810 1875 1879 1902 ἀλλὰ

1089 1921 1191 1953 πάντες
1211 1922 1254 1948 ἐπ’
1278 1921 1387 1954 εὐθείας
1409 1922 1626 1957 προσερχόμενοι
1639 1942 1646 1955 ,
1665 1922 1809 1948 ἐπίστευον
1831 1923 1880 1949 καὶ

1090 1967 1224 2000 ἐσώζοντο
1238 1977 1246 2001 ;

1125 2062 1180 2089 Καὶ
1194 2062 1215 2088 Ο
1233 2062 1341 2088 ΑΠΟΣ.
1359 2061 1396 2088 Οὐ
1413 2061 1537 2096 βούλεται
1546 2063 1560 2088 ὀ
1572 2061 1638 2092 Θεὸς
1652 2063 1666 2088 ὁ
1678 2063 1754 2096 ἅγιος
1766 2061 1826 2088 οὐδὲ
1839 2062 1880 2092 εἰς

1090 2108 1171 2135 αὐτὸν
1201 2108 1247 2134 τὸν
1271 2107 1394 2134 διάϐολον
1419 2107 1526 2134 ἀδικίαν
1545 2107 1725 2142 ἐργάσασθαι,
1742 2106 1880 2141 τοσαύτην

1090 2154 1234 2190 ἀκρὶὃειαν
1246 2153 1316 2189 ἔχων
1327 2154 1391 2188 περὶ
1404 2153 1588 2188 δικαιοσύνης.
1606 2153 1660 2179 Καὶ
1673 2153 1767 2179 ἕνεκεν
1783 2152 1878 2178 τούτου

1092 2200 1240 2236 μακαρίζει
1255 2200 1302 2226 καὶ
1315 2199 1424 2234 ἁγιάζει
1441 2200 1504 2230 τοὺς
1524 2200 1552 2225 ὲν
1568 2198 1727 2234 δικαιοσύνῃ
1741 2199 1789 2225 καὶ
1801 2199 1880 2231 ἁγια-

1091 2247 1152 2283 σμῷ
1177 2247 1408 2282 προστρέχοντας.
1431 2246 1492 2273 Ἀπ’
1513 2246 1601 2281 ἀρχῆς
1631 2245 1685 2281 γὰρ
1707 2245 1881 2278 αὐτεξούσιον

1091 2293 1208 2321 ἔπλασεν
1232 2294 1246 2319 ό
1264 2293 1330 2325 Θεὸς
1355 2293 1400 2320 τὸν
1426 2293 1581 2327 ἄνθρωπον,
1609 2293 1658 2319 καὶ
1687 2292 1782 2326 ἀγαπᾷ
1811 2292 1882 2319 κατὰ

1091 2340 1252 2375 προαίρεσιν
1281 2338 1389 2374 ἀγαθὴν
1425 2339 1525 2374 μᾶλλον
1547 2339 1672 2365 ὑπείκειν
1705 2339 1778 2373 ἡμᾶς
1807 2338 1882 2372 αὐτῷ

1092 2387 1209 2414 πάντοτε
1223 2387 1263 2418 εἰς
1280 2387 1368 2413 πάντα
1381 2386 1414 2412 τὰ
1427 2386 1571 2421 θελήματα
1588 2385 1683 2415 αὐτοῦ,
1704 2385 1751 2411 καὶ
1764 2385 1794 2411 οὑ
1811 2385 1882 2411 κατὰ

1091 2433 1248 2468 τυραννίδα.
1264 2432 1368 2459 Οὐκοῦν
1393 2432 1488 2468 ἐπειδὴ
1518 2433 1620 2464 πάντες
1643 2432 1816 2467 ἡμάρτομεν,
1835 2432 1883 2458 καὶ

1075 2501 1077 2508 ,
1090 2480 1235 2516 προέκειτο
1247 2480 1313 2514 ἡμῖν
1327 2479 1344 2515 ἡ
1362 2479 1553 2514 προερχομένη
1566 2478 1667 2514 κρίσις,
1688 2478 1736 2504 καὶ
1749 2477 1800 2512 τῆς
1817 2477 1884 2504 αἰω-

1088 2527 1147 2554 νίου
1171 2526 1309 2558 κολάσεως
1327 2525 1517 2557 ἀνταπόδοσις,
1535 2525 1694 2561 βουλόμενος
1709 2526 1723 2551 ὁ
1740 2524 1882 2559 ὑπεράγα-

1089 2574 1136 2606 θος
1150 2574 1196 2600 καὶ
1218 2573 1364 2604 πολυέλεος
1387 2573 1528 2608 Δεσπότης
1539 2572 1651 2606 ἐλεῆσαι
1662 2591 1669 2603 ,
1689 2571 1735 2598 καὶ
1750 2570 1836 2597 σῶσαι
1852 2570 1883 2596 τὸ

1091 2621 1203 2655 πλάσμα
1239 2620 1269 2646 τὸ
1290 2619 1374 2652 ίδιον,
1393 2619 1502 2650 δικαίας
1528 2619 1694 2654 προφάσεως
1721 2618 1820 2652 ἑτέρας
1845 2617 1882 2652 μὴ

1093 2667 1286 2701 ὑπαρχούσης,
1315 2666 1344 2699 ἐξ
1371 2665 1494 2700 ἀνάγκης
1526 2665 1628 2699 ταύτην
1662 2663 1883 2698 εὐσυμπαθήτως

1093 2711 1270 2746 ὲπενοήσατο.
1287 2710 1343 2737 Καὶ
1369 2710 1463 2745 ὥσπερ
1490 2709 1586 2736 ἔλαθεν
1613 2709 1658 2735 τὸν
1684 2706 1818 2739 διάϐολον,
1836 2708 1884 2734 καὶ

1094 2755 1262 2791 προσέϐαλεν
1275 2755 1350 2791 αὐτῷ
1365 2755 1403 2787 ὡς
1418 2754 1565 2790 ἀνθρώπῳ,
1585 2753 1631 2780 καὶ
1644 2753 1832 2789 προσέκρουσε
1850 2754 1883 2788 τῇ

1095 2803 1211 2838 θεότητι,
1227 2803 1274 2829 καὶ
1290 2801 1473 2837 κατῃσχύνθη.
1484 2801 1569 2833 οὓτως
1583 2801 1640 2828 ἐστὶ
1658 2800 1690 2827 τὰ
1711 2799 1785 2834 πάθη
1800 2800 1884 2827 αὑτοῦ
