1967 3091
28 199 34 204 ι
77 158 128 189 ’ωδ

557 161 784 191 ΠΙΞΡυΤᾹΤΙΟ
804 162 882 191 CUM
904 163 1083 194 IIERBANO
1102 164 1243 194 JUDxlEO.

1653 165 1708 195 ’ῖοίᾶ

56 224 63 227 ’
77 212 199 248 δοκίμιον
217 212 334 245 πίστεως
350 215 522 250 σῳζομένων.
537 214 592 240 Καὶ
614 214 698 248 λέγει·
716 215 829 249 Μεγάλη
843 215 859 250 ἡ

922 217 1108 251 Jerpessiones
1119 222 1184 245 sunt
1196 219 1374 254 probationes
1388 218 1448 245 ﬁdei
1463 225 1559 244 eorum
1573 217 1619 252 qui
1634 218 1704 245 salu-

70 258 169 290 ηπίστις
185 258 276 284 αὐτῶν
289 267 295 273 ·
313 259 327 285 ὁ
351 259 390 292 δὲ,
404 261 444 287 Δι’
461 261 494 295 ἦν
510 259 599 286 αἰτίαν
615 261 738 296 μεγάλη;
755 262 837 296 φησὶν
852 261 866 287 ὁ

39 302 53 333 ζ
76 302 190 338 Κύριος.
216 304 383 339 Προδοϐέντα
397 315 431 340 με
447 306 588 338 ἀκούουσι,
601 307 649 332 καὶ
665 307 864 342 συλληφθέντα,

46 358 63 368 ιε
77 349 258 385 ραπισθέντα,
284 351 486 387 ἐμπαιχοέντα,
502 353 678 388 δεσμωτήρια
704 354 864 388 οἰκήσαντα,

53 397 65 417 '5
77 396 294 431 μαστιγωθέντα,
305 398 351 424 καὶ
360 398 531 424 ἀποθανόντα
545 398 660 424 Θάνατον
672 398 864 430 ἐπονείδιστον,

41 471 44 474 4
60 447 61 451 ‘
74 443 104 469 ὅν
117 443 164 469 καὶ
179 441 257 469 αὐτοὶ
271 443 294 469 oi
309 443 457 479 κακοῦργοι
474 443 586 474 διδόασι,
608 444 655 470 καὶ
671 444 799 478 ταφέντα,
818 445 865 470 καὶ

42 489 252 528 «δάναστᾶντν
288 490 335 517 καὶ
359 489 447 516 ταῦτα
479 489 569 516 πάντα
598 490 807 525 ὲνωτιζὸμενοι,
834 490 864 517 οὐ

37 559 42 565 ,
64 534 312 567 ’,σκανδαλίζονται,
330 535 388 562 ἀλλ’
401 536 565 571 ὁμολογοῦσι
585 536 652 562 Θεὸν
667 537 698 562 ὲκ
721 536 789 562 Θεοῦ
800 556 806 568 ,
819 537 866 563 καὶ

41 591 47 604 '-
65 580 200 615 ιβασιλέα,
215 582 263 608 καὶ
279 581 403 617 πλάστην
416 582 461 608 καὶ
479 582 650 618 δημιουργὸν
663 583 768 609 ἑαυτῶν
781 591 788 598 ·
807 583 865 615 πῶς

43 657 46 659 _
73 627 122 654 οὖν
146 626 177 654 οὗ
204 627 389 662 προσδέξομαι
418 629 527 660 αὐτοὺς,
544 629 590 655 καὶ
614 629 728 664 ὲλεήσω,
746 629 794 656 καὶ
816 629 866 664 τῆς

73 673 215 708 ἀκηράτου
235 682 285 709 μου
299 673 440 708 βασιλείας
457 674 636 707 καταξιώσω;
657 675 689 701 Εἰ
706 675 759 710 γὰρ
774 677 864 710 γυμνῇ

72 721 106 755 τῇ
122 719 229 754 θεότητι
244 720 370 756 παρίμην
385 719 452 755 (66),
472 721 519 747 καὶ
535 720 681 756 βλέποντες
701 722 844 748 ἐπίστευον
856 742 864 755 ,

72 763 148 801 εἶχες
162 765 196 793 ἂν
211 766 258 792 καὶ
273 766 356 798 αὐτὸς
370 766 483 801 εὔλογον
497 767 648 801 ἀπολογίας
665 767 803 802 πρόφασιν
818 767 864 794 τοῦ

39 815 48 823 ί
73 812 201 846 ἐγκαλεῖν
217 821 274 848 μοι,
289 813 327 845 ὡς
342 813 411 848 μετὰ
431 813 478 840 σοῦ
495 813 651 848 πράττοντα
665 813 755 840 ἄδικα.
774 814 865 840 Ἐπει-

36 860 41 866 ’
58 859 106 892 -δὴ
125 858 155 885 δὲ
174 858 263 886 ταῦτα
280 859 525 894 παρηκολούθησεν
536 879 544 892 ,
562 859 667 895 ἐρράγη
685 859 714 885 τδ
730 858 865 893 δικαίωμα

39 895 42 906 ³
73 912 122 930 σου
134 903 187 940 πρὸ
196 903 340 939 προσώπου
352 912 407 930 σου.
415 903 508 931 Ταῦτα
518 903 605 935 οὕτως
617 903 683 939 ἔχει,
692 903 802 939 Ἐρϐἄν,
816 903 863 930 καὶ⁵
880 897 900 924 Β

72 949 149 982 δόλος
158 951 188 976 ὲν
198 949 236 985 τῷ
247 949 361 985 στόματί
377 958 428 985 μου
440 950 488 984 οὐχ
507 949 697 985 εὑρεθήσεται.
711 949 865 977 Σκάνδαλον

72 995 104 1022 δὲ
117 995 243 1029 φαίνεται
254 995 288 1023 τὰ
302 994 453 1031 παθήματα
461 995 545 1022 αὑτοῦ
560 996 616 1026 τοῖς
628 995 763 1027 ἀπίστοις,
772 995 828 1021 τισὶ
836 995 865 1021 δὲ

58 1041 122 1068 ’καὶ
135 1042 236 1077 μωρία,
245 1041 297 1073 ἕως
310 1038 340 1068 οὗ
352 1041 568 1077 χρηματίζουσιν
584 1041 703 1067 ἄπιστον
714 1040 782 1075 μετὰ
794 1041 822 1067 δὲ
835 1040 865 1067 τὸ

75 1087 261 1123 βαπτισθῆναι
288 1088 389 1119 αὐτοὺς
401 1107 409 1119 ,
420 1086 489 1115 Θεοῦ
511 1088 620 1119 σύνεσις
636 1087 683 1114 καὶ
698 1086 766 1114 Θεοῦ
787 1087 866 1122 σοφία

68 1134 163 1161 ταῦτα
175 1133 373 1161 κατοπτεύεται
390 1133 493 1165 αὐτοῖς.

75 1188 130 1208 nec
143 1179 260 1208 credunt
276 1188 283 1206 :
300 1180 348 1208 sed
363 1185 508 1216 postquam
523 1188 601 1208 sacro
617 1179 728 1208 lavacro
742 1183 807 1207 sunt
819 1179 898 1207 tincti

76 1225 126 1252 Dei
144 1226 289 1260 sapientia.

113 1270 236 1297 EPBAN.
248 1269 365 1306 Φοῦερδν
379 1270 409 1297 τὺ
420 1269 578 1305 μυστήριον.
590 1269 674 1305 Πλὴν,
687 1268 721 1296 δι’
733 1269 767 1305 ἣν
776 1268 868 1296 αἰτίαν

57 1323 59 1325 ’
76 1319 170 1350 ἐντοῖς
178 1317 298 1345 Σάὸὁασι
312 1318 426 1354 περιιὼν
440 1318 560 1354 ἰατρείας
574 1317 706 1350 ἐπετέλει,
716 1318 784 1352 ὅπερ
800 1317 814 1343 ὁ
826 1316 869 1343 νό-

40 1365 43 1368 “
73 1368 129 1399 ’μσς
138 1364 252 1391 κωλύειν
263 1364 380 1399 πέφυκε,
390 1365 438 1392 καὶ
451 1365 477 1391 εἴ
488 1373 527 1395 τις
535 1365 583 1391 οὐκ
596 1365 719 1399 ἐπιμένει
732 1365 761 1390 ἐν
771 1363 868 1398 τούτῳ,

67 1409 116 1440 ’ὡς
143 1409 302 1444 παράνομον
330 1409 439 1441 κολάζει
467 1409 567 1442 αὑτόν;
588 1409 631 1436 διὰ
654 1408 708 1444 γὰρ
727 1409 818 1440 τοῦτο,
830 1408 868 1441 ὼς

54 1456 57 1465 ¹
77 1453 168 1489 οἶμαι,
182 1456 230 1481 καὶ
243 1456 267 1481 οἱ
280 1455 398 1490 πατέρες
413 1455 491 1490 ἡμῶν
503 1454 718 1490 ὀξυχολήσαντες
731 1453 870 1490 ἐσταύρω-

51 1494 53 1497 ’
78 1508 129 1526 σαν
157 1500 248 1532 αὐτὸν,
263 1500 325 1526 ἐπεὶ
347 1501 397 1526 οὐκ
420 1501 512 1535 ἐτήρει
535 1501 565 1526 τὸ
583 1500 722 1528 Σάϐϐατον
736 1499 806 1527 κατὰ
824 1499 870 1526 τδν

62 1536 171 1579 λνόμον,
189 1545 245 1571 ἀλλ’
264 1545 389 1571 ἐπετέλει
401 1546 434 1572 τὰ
449 1547 485 1581 μὴ
498 1545 602 1572 δέοντα.

919 266 973 289 tem
994 263 1144 298 accipiunt.
1157 264 1191 291 Et
1210 265 1292 292 dicit:
1308 265 1402 299 Magna
1422 268 1464 291 est
1484 263 1607 298 ipsorum
1629 262 1705 291 ﬁdes.

916 308 1102 341 Quamobrem
1123 310 1236 346 magna?
1256 311 1324 338 dicit
1343 310 1486 338 Dominus.
1503 309 1544 336 ille
1566 308 1706 344 proditum

916 355 1027 389 quidem
1046 356 1178 389 audiunt,
1193 361 1221 384 et
1237 357 1484 392 comprehensum,
1501 355 1626 390 colaphis
1643 362 1707 389 per-

917 408 1043 433 cussum,
1058 401 1183 434 illusum,
1198 410 1308 430 carcere
1324 403 1464 434 vinetum,
1477 401 1640 429 verberibus
1654 409 1707 428 ca:-

916 454 992 479 sum,
1010 451 1038 474 et
1055 453 1143 475 morte
1164 449 1322 484 turpissima
1343 448 1487 480 affectum,
1502 456 1584 482 quam
1607 451 1634 474 et
1654 446 1706 482 ipsi

919 491 1036 519 maleﬁci
1051 496 1079 519 et
1092 493 1218 520 scelerati
1233 494 1358 521 homines
1370 494 1461 525 luunt,
1474 497 1502 520 et
1517 492 1666 527 sepultum,
1679 497 1708 520 et

917 537 1113 566 resuscitatum
1130 548 1137 566 :
1152 544 1181 567 et
1192 540 1250 567 inec
1266 540 1359 567 omnia
1375 539 1559 574 percipientcs
1575 538 1706 568 auribus.

916 591 973 610 non
995 584 1228 618 scandalizantur,
1246 585 1274 613 id
1296 589 1352 618 est,
1372 593 1427 613 non
1449 585 1639 617 offenduntur,
1657 584 1706 612 sed

915 629 1002 656 Deum
1018 629 1052 657 de
1065 630 1120 658 Deo
1136 631 1314 664 conﬁtentur,
1325 635 1352 659 et
1365 639 1466 666 regem,
1477 634 1505 656 et
1517 629 1705 661 formatorem,

916 680 945 702 et
967 680 1120 703 creatorem
1146 684 1226 704 suum
1251 685 1257 703 :
1281 676 1421 711 quomodo
1447 676 1531 711 igitur
1553 683 1608 703 non
1634 674 1708 710 ipsos

916 722 1081 756 suscipiam,
1097 727 1124 750 et
1143 730 1197 750 non
1217 715 1388 750 miserebor?
1407 730 1458 750 cur
1474 730 1529 749 non
1549 729 1597 748 eos
1618 721 1708 748 ineor-

916 770 999 802 rupto
1017 772 1044 794 et
1059 772 1163 795 aeterno
1180 776 1265 803 regno
1282 776 1344 796 meo
1361 768 1459 804 dignos
1475 767 1657 795 existimabo?
1678 766 1707 793 Si

915 813 990 840 enim
1007 813 1081 841 nuda
1096 813 1241 841 divinitate
1260 814 1448 845 advenissem,
1461 817 1489 840 et
1504 813 1631 839 videntes
1647 819 1707 839 cre-

917 859 1026 892 derent,
1040 859 1158 887 haberes
1173 863 1200 887 et
1213 860 1272 895 ipse
1284 861 1384 895 justam
1400 858 1571 886 defensionis
1584 865 1706 890 causam,

913 910 941 932 et
957 913 1000 932 me
1021 905 1182 937 incusandi,
1198 910 1229 932 ut
1246 910 1337 933 tecum
1356 905 1451 940 iniqua
1469 909 1609 940 agentem.
1627 904 1708 931 Post-

913 958 996 985 quam
1010 959 1077 978 vcro
1092 951 1151 978 haec
1166 957 1230 979 sunt
1243 956 1402 983 consecuta,
1415 951 1500 978 fracta
1514 955 1555 978 est
1569 956 1614 977 tua
1628 950 1708 985 justi-

913 995 1004 1024 ﬁcatio
1018 1001 1081 1024 ante
1094 996 1192 1024 faciem
1210 1002 1296 1024 tuam.
1311 997 1374 1024 Haec
1391 997 1429 1024 ita
1445 1000 1520 1027 sunt,
1535 1004 1551 1023 ο
1567 995 1706 1027 llerbane,

913 1045 941 1068 et
958 1042 1039 1070 dolus
1058 1042 1085 1069 in
1102 1050 1150 1069 ore
1166 1050 1228 1070 meo
1249 1050 1305 1070 non
1326 1042 1493 1069 invenietur.
1511 1041 1708 1076 Perpessiones

913 1087 974 1122 ejus
993 1087 1152 1116 inﬁdelibus
1173 1092 1239 1116 sunt
1260 1088 1420 1116 scandalum
1442 1088 1500 1115 sive
1524 1087 1707 1117 offensiones.

913 1134 1081 1168 quibusdam
1095 1135 1179 1162 etiam
1194 1134 1322 1167 stultitia,
1339 1133 1471 1169 quamdiu
1489 1138 1555 1161 sunt.
1569 1132 1707 1162 inﬁdeles.

915 1184 944 1207 et.
960 1180 1064 1214 renati,
1096 1181 1155 1209 haec
1173 1181 1242 1217 ipsis
1258 1181 1389 1209 videntur
1422 1181 1471 1208 Dei
1507 1180 1707 1216 intelligentia,

955 1269 1057 1298 HERB.
1072 1269 1211 1298 Horribile
1228 1270 1400 1306 mysterium.
1413 1270 1610 1298 Verumtamen
1627 1275 1708 1303 quam

920 1315 956 1344 ob
970 1323 1082 1344 causam
1097 1317 1126 1344 in
1140 1317 1261 1345 sabbatis
1272 1316 1438 1345 circumiens
1454 1314 1569 1343 sanabat
1580 1317 1708 1349 aegrotos.

921 1363 997 1398 quod
1013 1363 1058 1390 lex
1074 1363 1164 1390 facere
1179 1363 1272 1390 vetat?
1289 1366 1317 1390 et
1333 1363 1355 1390 si
1373 1361 1436 1398 quis
1453 1369 1507 1388 non
1526 1363 1667 1396 permanet
1683 1359 1711 1386 in

921 1416 970 1441 eo,
985 1409 1065 1443 punit
1081 1408 1186 1443 ipsum,
1200 1412 1231 1435 ut
1248 1407 1384 1436 nefarium
1401 1415 1434 1434 ac
1450 1406 1518 1442 legis
1532 1404 1712 1433 violatorem?

918 1453 959 1482 0b
973 1462 1035 1481 eam
1050 1462 1172 1486 causam,
1185 1458 1216 1481 ut
1229 1461 1303 1487 reor,
1316 1457 1409 1488 patres
1423 1451 1511 1480 nostri
1525 1451 1582 1479 acri
1597 1451 1636 1478 ira
1651 1457 1712 1485 per-

919 1499 966 1527 citi
985 1500 1076 1534 ipsum
1096 1500 1171 1527 cruci
1191 1499 1360 1531 deﬁxerant,
1378 1499 1443 1534 quia
1464 1505 1520 1526 non
1542 1497 1710 1524 observabat

919 1546 1064 1573 sabbatum
1080 1546 1232 1574 secundum
1249 1546 1352 1581 legem,
1367 1545 1414 1573 sed
1430 1552 1491 1580 qua:
1505 1551 1562 1571 non
1577 1543 1618 1570 fas
1635 1546 1712 1575 erat,

921 1591 1048 1619 faciebat.

114 1632 170 1659 Kal.
183 1632 203 1658 Ο
215 1631 325 1659 ΑΓΙΟΣ.
343 1633 405 1659 Ὀτι
435 1633 484 1668 μὲν
507 1634 646 1668 ίὰτρευεν,
662 1632 772 1668 ἀληθῶς
791 1632 871 1659 τοῦτο

959 1637 988 1664 S.
1005 1637 1108 1665 ARCH.
1126 1636 1204 1670 Quod
1223 1637 1335 1672 quidem
1358 1636 1405 1663 hic
1425 1635 1556 1667 sanabat,
1573 1642 1638 1662 vere
1660 1634 1713 1661 hoc

77 1678 204 1714 εἴρηκας.
227 1679 346 1715 ’ἰάτρευε
363 1679 403 1712 δὲ,
418 1680 466 1714 οὐχ
481 1680 518 1711 ὡς
531 1680 621 1714 ἰατρὸς
637 1680 684 1706 τοῦ
697 1679 799 1715 κόσμου
811 1678 873 1706 τού-

43 1727 54 1760 ’_
77 1733 137 1755 του,
151 1724 208 1751 ἀλλ’
220 1725 256 1756 ὡς
271 1725 345 1758 Θεὸς,
358 1726 429 1762 λόγῳ
442 1726 514 1761 μόνῳ
529 1725 685 1760 ἐφθέγγετο,
709 1726 756 1752 καὶ
772 1725 873 1757 εὐθέως

78 1771 96 1796 ὁ
114 1771 235 1798 ἀσθενῶν
250 1771 398 1807 οἰῳδήποτε
417 1772 557 1807 κατείχετο
572 1773 715 1807 νοσήματι,
729 1772 809 1806 ὑγιὴς
826 1772 872 1798 εὑ-

53 1827 56 1831 *
81 1816 207 1852 ρίσκετο·
221 1818 310 1853 φθόνῳ
336 1819 481 1853 τηκόμενοι
504 1818 529 1844 οἱ
551 1818 772 1854 ἀρχισυνάγωγοι
788 1817 834 1844 καὶ
848 1817 873 1843 οἱ

81 1863 254 1898 Γραμματείς
270 1864 317 1890 καὶ
330 1865 354 1890 οί
367 1865 509 1900 Φαρισαῖοι
526 1865 591 1900 περὶ
608 1864 691 1891 αὑτοῦ
705 1864 788 1890 ταῦτα
805 1873 873 1890 κατ-

80 1910 256 1944 ειργάσαντο,
290 1911 384 1946 ἐπειδὴ
409 1911 671 1946 θαυματουργοῦντα
696 1911 777 1937 αὐτὸν
804 1910 872 1945 ὑπὲρ

81 1954 203 1986 ἐκείνους
233 1956 401 1990 ἐμεγάλυνεν
427 1957 440 1983 ὁ
457 1956 530 1988 λαός.
552 1956 620 1982 Ποία
643 1956 799 1991 παράϐασις
826 1955 873 1982 τοῦ

79 2000 177 2036 ’νόμου,
204 2001 234 2027 τδ
258 2002 364 2036 ἐγεῖραι
390 2003 523 2037 νεκροὺς,
544 2002 573 2029 τὸ
590 2002 694 2034 ἀνοῖξαι
717 2001 872 2037 ὀφθαλμοὺς

81 2047 201 2080 τυφλῶν,
216 2048 263 2074 καὶ
283 2048 314 2074 τὸ
339 2049 478 2084 είρηκέναι
496 2049 536 2083 τῷ
552 2048 710 2084 παραλύτῳ,
731 2049 872 2083 ’Ἐγ-εφαι,

37 2096 39 2102 '
82 2087 157 2126 ἆρόν
177 2099 235 2118 σου
251 2093 304 2119 τὸν
325 2092 483 2126 κράῢατον,
506 2093 557 2120 καὶ
575 2093 740 2127 περιπάτει,
769 2094 816 2120 καὶ
840 2093 874 2119 τὰ

81 2137 188 2169 τοὺτοις
205 2138 384 2173 παραπλήσια
394 2147 401 2171 ;

118 2183 243 2210 ΕΡΒΑΝ.
261 2183 292 2210 Ei
305 2184 368 2215 Υἱὸς
380 2182 413 2219 ἦν
428 2184 476 2211 τοῦ
489 2184 556 2211 Θεοῦ
568 2185 682 2220 ἀληθὴς,
695 2185 729 2211 δι’
741 2185 774 2220 ἣν
785 2185 874 2211 αἰτίαν

67 2228 186 2265 Δὲμήνυε
201 2230 257 2261 τοῖς
276 2229 412 2265 μαθηταῖς
424 2230 520 2264 αὐτοῦ,
532 2231 635 2265 λέγων,
654 2232 695 2257 ὅτι
710 2232 875 2266 Πορεύομιιι

83 2274 158 2309 πρὸς
187 2275 240 2302 τὸν
265 2276 381 2310 Πατέρα
402 2287 463 2312 μου
486 2278 534 2304 καὶ
562 2277 679 2311 Πατέρα
710 2277 872 2312 ὑμῶν,καί

58 2323 59 2326 “
84 2322 159 2348 Θεόν
182 2331 242 2357 μου
269 2323 318 2349 καὶ
344 2323 419 2350 Θεὸν
444 2323 546 2358 ὑμῶν;
580 2323 713 2350 Ἐνταῦοα
739 2323 873 2350 δείκνυσιν

85 2367 182 2394 ἑαυτὸν
198 2367 243 2394 διὰ
256 2368 303 2395 τοῦ
320 2369 384 2395 ἰδίου
398 2370 532 2404 στόματος
552 2370 708 2404 ἄνθρωπον,
724 2369 876 2405 παρόμοιον

40 2410 64 2422 ”
84 2415 139 2441 τῶν
162 2415 320 2442 ἀποστόλων
345 2416 439 2448 αὑτοῦ,
457 2418 503 2443 καὶ
523 2417 553 2443 οὐ
574 2417 650 2444 Θεόν.
667 2417 733 2451 Ἐμὲ
755 2416 809 2451 γὰρ
824 2416 876 2442 κᾶν

91 2460 220 2487 Ἰουδαῖον
237 2462 424 2494 κατοπτεύεις,
438 2463 506 2489 ἀλλὰ
522 2463 650 2494 πολλάκις
666 2463 786 2496 ἀνέγνων
799 2461 877 2496 ὑμῶν

43 2505 46 2507 ’
72 2501 120 2532 ’τὰ
144 2506 309 2541 Εὐαγγέλια,
325 2507 410 2534 εἰπὼν
439 2517 493 2534 τινι
527 2508 596 2544 φίλῳ
630 2517 681 2543 μου
707 2507 875 2543 Χριστιανῷ,

36 2549 39 2551 ’
71 2553 196 2589 ’Πάρεχὲ
223 2563 269 2589 μοι
305 2554 359 2581 ἀπὸ
393 2555 447 2580 τῶν
481 2555 592 2589 βιϐλίων
625 2554 680 2581 τῶν
711 2554 876 2590 ὑμετέρων,

44 2602 47 2605 ’
68 2594 162 2630 "am;
193 2600 275 2636 yvobg
299 2599 456 2636 ὼφεληθῶ,
484 2601 532 2628 καὶ
560 2602 684 2636 γένωμαι
709 2601 788 2636 κάγὼ
810 2602 878 2636 Χριο

36 2681 43 2684 ν
77 2644 207 2676 νστιανός.

59 2683 66 2698 ﬁ
88 2689 89 2694 “
126 2691 181 2718 Καὶ
196 2692 216 2718 0
231 2692 338 2719 ΑΙἾΟΣ.
353 2691 390 2719 οὐ
406 2693 558 2728 μεμπτέον,
569 2693 593 2719 εί
619 2693 668 2724 τὰς
691 2693 804 2727 Γραφᾶις
821 2692 875 2719 τῶν

90 2737 264 2772 Χριστιανῶν
292 2738 501 2772 ἀναγινώσκεις.
528 2738 583 2765 Καὶ
614 2738 667 2773 γὰρ
693 2739 773 2774 ἡμεῖς
796 2738 877 2765 τοῦτο

126 2795 149 2811 ⁸¹
159 2794 239 2822 Joan.
263 2795 290 2820 νγ
309 2790 333 2818 8.
385 2782 625 2827 δ”]οδηΑιχΛῆ.

923 1682 1027 1710 dixisti.
1043 1682 1163 1710 Sanabat
1177 1687 1280 1714 autem,
1297 1691 1353 1710 non
1370 1686 1400 1710 ut
1421 1682 1504 1717 hujus
1516 1680 1611 1708 mundi
1626 1680 1714 1707 medi-

924 1736 988 1761 cus,
1003 1729 1050 1756 sed
1061 1733 1091 1755 ut
1104 1729 1175 1756 Deus
1189 1738 1195 1755 :
1210 1730 1269 1756 solo
1282 1729 1368 1756 verbo
1383 1728 1504 1760 diccbat,
1517 1733 1545 1755 et
1556 1735 1618 1755 mox
1628 1735 1714 1765 mgro-

925 1779 969 1801 tus
984 1782 1151 1809 quocunque
1164 1775 1262 1802 morbo
1273 1774 1462 1807 detinehatur,
1480 1781 1563 1801 sanus
1572 1779 1601 1801 et
1618 1773 1715 1800 valens

925 1821 1130 1848 inveniebatur.
1145 1820 1245 1848 Livore
1262 1820 1373 1848 invidiae
1388 1820 1559 1848 tabescentes
1575 1819 1717 1854 principes

927 1875 1086 1902 synagogac,
1099 1870 1128 1894 et
1143 1867 1247 1894 Scriba:
1264 1870 1292 1894 et
1304 1866 1435 1893 Phariswi
1445 1886 1451 1897 ,
1465 1866 1492 1892 in
1509 1873 1572 1892 eum
1591 1864 1715 1898 exempla

924 1913 1072 1941 ediderunt
1097 1921 1104 1940 :
1132 1913 1262 1948 quoniam
1294 1913 1383 1947 ipsum
1414 1912 1544 1938 miracula
1568 1911 1714 1938 facientem

924 1967 1006 1993 supra
1033 1959 1094 1985 illos
1118 1957 1236 1992 populus
1260 1956 1461 1992 magniﬁcabat.
1483 1956 1535 1983 Sed
1563 1964 1623 1990 qua!
1648 1956 1716 1990 legis

925 2003 1126 2038 transgressio?
1141 2002 1262 2030 lilortuos
1277 2002 1309 2029 ad
1323 2002 1406 2029 vitam
1422 2009 1566 2033 revocare,
1580 2008 1716 2028 caacorum

924 2049 1019 2076 oculos
1040 2049 1162 2083 aperire,
1178 2052 1206 2074 et
1223 2047 1374 2082 paralytieo
1394 2046 1486 2074 dicere
1509 2055 1515 2072 :
1538 2045 1636 2081 Surge,
1654 2044 1719 2072 tolle

924 2095 1065 2130 grabatum
1077 2098 1164 2125 tuum,
1183 2097 1207 2119 et
1225 2092 1331 2120 ambula
1344 2093 1365 2108 ³¹
1385 2101 1391 2119 :
1410 2097 1438 2119 et
1452 2100 1513 2128 quae
1534 2096 1598 2118 sunt
1615 2091 1657 2119 his
1678 2091 1717 2118 si-

925 2141 1016 2168 milia?

960 2187 1063 2214 HERB.
1078 2186 1106 2214 Si
1124 2193 1206 2213 verus
1220 2190 1279 2213 erat
1292 2184 1341 2212 Dei
1355 2183 1452 2215 Filius,
1465 2183 1644 2218 quamobrem
1661 2183 1720 2210 suis

926 2233 1068 2268 discipulis
1094 2231 1283 2268 signiﬁcabat,
1304 2231 1400 2258 dicens
1424 2238 1430 2256 :
1457 2230 1528 2257 Vada
1553 2229 1588 2256 ad
1610 2229 1718 2256 Putrem

927 2287 1012 2306 meum
1035 2283 1059 2305 et
1083 2278 1192 2305 Putrem
1219 2281 1348 2309 vestrum,
1369 2275 1454 2302 Deum
1479 2283 1566 2302 meum
1589 2279 1613 2301 et
1635 2274 1720 2300 Deum

927 2330 1041 2352 vestrum
1061 2324 1112 2351 n‘?
1134 2323 1184 2352 Hic
1207 2331 1255 2350 ore
1279 2322 1390 2358 proprio
1415 2329 1444 2348 se
1469 2321 1558 2356 ipsum
1581 2320 1672 2355 arguit
1692 2325 1721 2346 et

927 2371 1097 2397 demonstrat
1109 2369 1260 2400 hominem,
1273 2367 1390 2395 similem
1403 2366 1461 2393 suis
1472 2365 1614 2400 apostolis,
1625 2368 1653 2391 et
1665 2371 1720 2391 nOn

928 2417 1024 2443 Deum.
1037 2415 1096 2443 Etsi
1111 2423 1154 2442 me
1169 2414 1293 2442 Judteum
1309 2413 1462 2447 conspicis,
1475 2411 1527 2447 legi
1543 2415 1633 2438 tamen
1649 2419 1720 2445 saepe

927 2465 1020 2489 vestra
1041 2460 1201 2496 Evangelia,
1222 2467 1286 2487 cum
1306 2458 1395 2486 amico
1428 2465 1490 2484 meo
1511 2457 1620 2484 cuidam
1641 2456 1722 2484 Chri-

930 2507 1022 2535 stiano
1039 2506 1170 2534 dixissem
1190 2515 1196 2533 :
1217 2505 1313 2533 Prmbe
1334 2504 1402 2531 mihi
1414 2511 1446 2531 ex
1464 2502 1562 2530 vestris
1574 2502 1652 2529 libris
1670 2501 1722 2528 ali-

931 2562 1014 2589 quos,
1028 2558 1059 2581 ut
1073 2554 1172 2581 horum
1186 2553 1297 2589 adjutus
1311 2553 1446 2584 lectione,
1460 2550 1522 2577 ﬁam
1537 2549 1720 2578 Christianus.

967 2695 996 2722 S.
1014 2693 1116 2722 ARCll.
1133 2694 1192 2722 Non
1214 2701 1244 2721 es
1266 2692 1420 2728 culpandus
1439 2700 1529 2727 neque
1549 2691 1722 2726 arguendns,

931 2739 1012 2776 655
1029 2739 1050 2767 si
1061 2738 1279 2767 Christianorum
1296 2737 1454 2773 Scripturas
1468 2737 1547 2773 legis.
1563 2736 1619 2764 l-loc
1636 2735 1722 2770 siqui-

852 2829 967 2858 NOTAE.

126 2876 341 2911 (6ϋ)1[α,ο1μηι·.
365 2877 445 2904 Forte
464 2879 562 2912 παρῆν,
598 2878 638 2904 vel
675 2877 800 2914 παρῄει-ι.
829 2877 934 2904 fictos.
