1967 3091
251 107 305 142 ⁷771

723 108 753 138 S.
767 103 978 137 GREGENTII
1007 101 1123 131 EPISC.
1143 103 1407 135 TAPIIARENSIS

257 173 322 194 cum
336 165 404 193 viles
422 163 668 197 essenthomines,
685 163 738 191 fuit
753 171 866 191 necesse
877 169 925 190 eos
936 165 1038 196 quoquf

1097 157 1162 184 λειοι
1185 160 1213 185 ἐν
1235 159 1273 194 τῷ
1296 160 1371 195 νόμῳ
1394 161 1529 194 ἐγένοντο,
1548 161 1585 193 ὡς
1601 162 1633 188 σὺ
1650 163 1722 198 φήῃ
1739 156 1897 200 Οὺδοιμᾶ’›ς.¹Ἶὶ

257 216 372 248 peccato
386 211 521 239 obnoxios
542 211 671 238 inveniri.
697 207 745 238 Est
769 211 842 238 enim
860 218 932 237 unus
953 209 1045 244 perfe—

257 263 329 285 ctus.
345 257 413 290 Quis
436 257 481 285 ille
503 257 604 285 ?Jesus
630 257 768 290 Christus,
793 258 840 292 qui
865 265 920 284 non
938 257 1044 292 peccati

254 304 321 338 jugo
341 303 516 338 mancipatus
533 303 594 335 fuit,
610 303 656 338 qui
682 311 739 330 non
766 303 833 330 fecit
849 303 1044 337 iniquitatem,

257 349 305 384 qui
320 350 457 376 innocens
471 349 599 376 manibus
613 354 641 376 et
665 349 785 376 mundus
808 349 891 376 corde
909 349 961 376 fuit
976 357 983 375 ε
997 348 1044 383 qui

257 403 312 423 non
325 396 420 423 dolose
432 396 489 430 egit
504 396 532 422 in
544 396 637 430 lingua
661 403 721 426 sua.
736 395 784 422 sed
808 395 902 430 potius
914 395 940 422 in
954 395 1045 430 perfe-

257 446 299 468 cta
317 447 366 468 sua
386 441 558 468 humanitate
586 441 737 475 permansit
750 441 920 475 impollutus,
940 441 1044 468 sancti-

257 486 366 514 ﬁcatus.
395 487 466 520 Quin
490 491 518 513 et
542 487 600 521 ipse
622 486 707 513 totius
727 487 821 513 mundi
841 491 985 521 peccatum
1002 495 1045 514 as-

256 533 385 567 sumpsit,
402 537 429 559 ct
442 540 492 567 per
517 540 580 559 suas
598 532 791 567 perpessiones
815 533 928 560 abstulit
954 534 1043 567 ipsum

256 579 411 614 injustitia,
433 583 515 612 atque
527 583 626 613 gentes
637 583 762 606 errantes
778 587 811 606 ex
833 579 935 605 diaboli
959 579 1045 606 fauci-

256 626 308 652 hus
322 629 431 660 ereptas
451 625 507 651 dux
529 625 579 664 vim
596 625 630 652 ad
648 625 758 652 Patrem
780 629 808 652 et
828 625 913 652 Deum
931 625 1042 653 direxit.

255 672 290 698 Et
312 675 439 698 naturam
460 670 583 698 infimam
601 671 768 704 deiﬁcatam,
782 671 810 698 in
828 671 904 698 cmiis
927 679 1043 706 congre<

255 722 356 752 gatam,
388 725 450 744 cum
480 717 536 744 Deo
564 721 591 744 et
608 717 688 744 Patre
709 717 855 745 considere
887 718 961 745 fecit.
982 718 1044 745 Haec

256 762 390 796 perfectio
406 765 459 793 est,
477 769 494 788 o
511 761 640 788 llerbane
654 771 660 788 :
675 761 806 796 quoniam
821 761 910 788 Moses
927 765 955 788 et
968 761 1043 788 Elias

255 807 324 834 nihil
338 808 371 834 ad
389 815 564 835 communem
585 807 694 842 generis
719 808 831 834 humani
853 807 968 834 salutem
980 815 1043 842 per-

257 853 337 880 licere
351 857 512 887 potuerunt,
528 853 581 880 nisi
596 861 668 880 unus
679 858 801 885 sanctus,
820 860 893 880 unus
908 853 935 879 in
956 852 1040 888 gloria

255 901 303 928 Dei
320 901 419 928 Patris.
434 901 621 934 AmemQuod
638 901 660 928 si
678 901 822 932 miracula,
845 908 906 935 qute
929 900 1041 935 quidem

255 946 350 973 dixisti
363 947 447 973 Deum
459 954 508 981 per
519 947 620 973 Mosem
637 950 666 974 et
677 946 764 973 Eliam
781 946 890 978 fecisse,
908 946 965 973 hzec
980 953 1041 981 per-

254 992 401 1020 fectionem
417 993 530 1020 virtutis
548 1001 645 1020 censes
669 1001 675 1019 :
700 993 838 1027 reliquum
861 996 902 1020 est
927 996 958 1019 ut
979 1000 1043 1019 sex-

254 1042 335 1064 centa
351 1037 397 1064 illa
412 1037 509 1070 millia,
525 1045 585 1072 qua:
612 1045 689 1064 mare
718 1038 844 1064 Rubrum
871 1037 951 1064 siccis
964 1037 1043 1071 pedi-

255 1082 308 1109 bus
326 1083 506 1117 trajecerunt,
524 1090 584 1117 quae
598 1082 681 1110 etiam
706 1082 777 1109 lucis
791 1083 879 1109 nubes
898 1090 946 1117 per
969 1083 1041 1110 diem

257 1128 437 1161 inumbravit,
464 1133 492 1155 ct
519 1129 645 1155 columna
674 1128 743 1162 ignis
780 1133 862 1155 noctu
884 1129 1040 1161 illustravit,

253 1174 449 1201 existimentur
457 1173 505 1200 abs
514 1178 540 1200 te
550 1174 577 1200 in
588 1173 806 1201 sanctificatione
818 1174 939 1208 perfecta
947 1174 1041 1206 fuisse,

254 1220 317 1254 quia
334 1220 407 1247 Deus
422 1219 496 1247 dicta
511 1220 555 1246 illa
573 1219 707 1246 miracula
735 1224 762 1246 et
781 1220 906 1255 prodigia
926 1225 955 1247 et
979 1228 1042 1255 por-

253 1269 329 1292 tenta
346 1265 446 1292 eximia
464 1265 630 1292 mirabiliter
648 1265 724 1292 fecit.
744 1265 798 1292 Sed
820 1266 872 1293 hoc
892 1274 948 1293 non
965 1272 1041 1301 potes

253 1311 400 1338 allirmare.
419 1311 487 1338 Nam
500 1311 545 1338 illa
559 1312 651 1339 omnia
681 1312 767 1339 millia
799 1312 825 1338 in
854 1312 965 1339 deserto
992 1321 1041 1346 per

253 1357 436 1392 quadraginta
457 1365 545 1384 annos
577 1364 690 1392 propter
716 1357 829 1384 multam
865 1357 1039 1392 iniquitatem

254 1402 381 1429 funditus
397 1403 455 1430 illic
465 1402 598 1430 subversa
614 1407 678 1430 sunt
693 1406 720 1430 et
735 1403 927 1431 conciderunt.
945 1403 1039 1438 Itaque

252 1455 285 1473 ex
305 1447 348 1474 his
371 1447 587 1480 demonstratur,
603 1448 675 1482 quod
696 1456 751 1476 non
764 1457 796 1476 ex
811 1457 855 1481 eo,
877 1449 950 1484 quod
967 1449 1040 1477 Deus

253 1494 281 1520 in
303 1493 440 1528 aliquibus
469 1494 600 1521 miracula
631 1498 778 1528 operetur,
809 1495 944 1530 perfectio
974 1502 1038 1530 spc—

252 1539 352 1566 ctanda
365 1538 445 1573 657
459 1539 516 1565 sit:
535 1538 581 1565 sed
601 1540 694 1573 potius
715 1539 741 1566 in
766 1541 902 1575 supplicio
926 1546 954 1568 et
977 1549 1039 1568 cru-

252 1585 324 1611 ciatu
347 1589 461 1619 propter
483 1585 627 1611 Dominum
655 1585 807 1619 tolerando,
835 1587 862 1614 in
887 1587 1038 1614 tentalione

252 1629 428 1661 sustinenda,
445 1630 473 1656 in
490 1629 570 1657 malis
583 1631 758 1665 perferendis
771 1636 798 1658 et
816 1632 967 1666 ignominia
991 1639 1037 1658 ae-

252 1676 391 1710 cipienda,
411 1676 439 1702 in
450 1675 561 1703 fortiter
576 1677 778 1711 perseverando
795 1678 877 1705 rebus
895 1678 922 1705 in
939 1678 1038 1705 adver—

251 1721 300 1752 sis,
315 1721 342 1747 in
361 1721 516 1748 humilitate
540 1725 568 1748 et
592 1722 743 1756 gratiarum
769 1722 878 1750 actione
893 1728 939 1750 :et
961 1722 1037 1750 nullo

251 1767 332 1800 signo
345 1766 403 1793 sive
428 1765 563 1792 miraculo
580 1765 717 1798 faciendo,
742 1766 795 1794 nisi
823 1766 894 1794 forte
917 1767 1035 1801 quadam

250 1821 283 1839 ex
296 1813 473 1840 necessitate.
490 1811 554 1839 Hac
565 1820 630 1840 vera
647 1817 689 1840 est
711 1813 738 1839 in
764 1813 867 1840 sanctis
893 1813 1035 1847 perfectio,

250 1865 312 1885 cum
328 1858 385 1885 Deo
396 1857 470 1885 afﬁxi
495 1862 524 1885 et
546 1857 649 1885 addicti
661 1857 803 1886 adhaerent
816 1863 844 1886 et
858 1859 1035 1892 incumbunt,

249 1908 278 1930 et
290 1904 384 1931 omnia
405 1904 539 1939 abnegata
555 1909 584 1931 ct
605 1904 702 1932 relicta
722 1913 779 1940 pra:
797 1905 844 1933 illo
857 1906 1034 1940 posthabent.

249 1948 313 1977 Rrec
329 1954 422 1977 autem
440 1950 507 1982 dixi,
525 1958 580 1977 non
597 1951 761 1978 insimulans
777 1951 879 1979 Mosem
898 1951 1034 1985 etEliam,

249 1994 338 2027 absit;
354 1995 402 2022 sed
412 1995 587 2030 apertissime
609 1996 764 2029 declarans,
786 1997 886 2032 quibus
909 1998 983 2025 notis
1008 2002 1036 2026 et

249 2041 346 2068 formis
359 2040 471 2068 virtutis
487 2041 619 2076 perfectio
642 2043 781 2070 metienda
807 2043 852 2070 sit.
879 2043 983 2071 Mosem
1008 2048 1036 2072 et

248 2086 335 2114 Eliam
349 2091 416 2114 tunc
433 2087 570 2122 perfectos
582 2088 654 2116 Deus
670 2088 801 2122 reddidit,
826 2097 889 2117 cum
902 2098 950 2117 eos
979 2098 1036 2118 sua:

248 2133 446 2168 perfectionis,
466 2133 494 2161 id
524 2138 567 2161 est
593 2135 698 2169 gratiae,
726 2135 877 2171 participes
914 2136 1032 2171 eﬁ‘ecit;

247 2188 346 2215 nempe
361 2188 423 2208 cum
443 2180 523 2208 Iesus
548 2180 677 2208 Christus
697 2181 831 2208 Dominus
852 2189 932 2209 meus
948 2190 1032 2211 carne

247 2226 362 2255 indultis
385 2227 413 2254 in
427 2233 522 2254 monte
534 2227 646 2254 Thabor
656 2228 865 2256 transformatus
875 2233 916 2256 est
930 2229 958 2256 in
975 2237 1032 2256 me-

246 2272 292 2299 dio
310 2272 384 2299 Petri
396 2277 424 2299 et
441 2272 537 2299 Jacobi
560 2277 588 2299 et
612 2273 744 2300 Joannis:
765 2274 799 2300 Et
812 2274 891 2309 [acies
912 2275 968 2310 ejus
987 2285 1032 2302 re-

243 2318 376 2353 splenduit
387 2319 454 2346 sicut
468 2318 518 2351 sol,
531 2324 554 2345 et
569 2320 723 2346 vestimenta
735 2320 791 2355 ejus
807 2320 879 2354 facta
894 2325 954 2348 sunt
970 2321 1030 2348 alba

241 2366 310 2391 sicut
324 2365 368 2391 nix
381 2365 414 2391 ³⁷.
431 2364 508 2392 Tunc
531 2365 605 2392 enim
631 2366 777 2400 jussit:et
800 2374 864 2393 eccc
891 2367 981 2395 Moses
1003 2372 1032 2394 et

243 2411 317 2438 Elias
333 2411 433 2445 spiritu
450 2411 562 2438 virtutis
575 2412 636 2446 ejus
657 2411 769 2439 adducti
791 2417 866 2444 sunt,
884 2415 948 2441 etei
963 2415 1031 2441 asti-

245 2460 338 2483 terunt
363 2457 444 2484 simul
470 2461 659 2488 coruscantes.
675 2457 786 2492 quando
802 2463 830 2485 ct
847 2459 928 2487 Pater
943 2461 1002 2495 ejus
1015 2469 1030 2488 e

243 2502 313 2529 cmlo
332 2502 494 2530 testiﬁcatus
518 2507 570 2534 cst,
591 2502 706 2530 dicens:
727 2503 774 2530 Hic
801 2509 839 2530 est
852 2504 933 2532 Filius
958 2513 1030 2533 meus

242 2547 362 2578 dilectus,
381 2549 408 2574 in
429 2556 479 2582 quo
501 2548 565 2574 mihi
577 2548 639 2574 bene
663 2548 847 2583 complacitum
869 2555 906 2577 est
921 2559 930 2577 :
944 2551 1029 2586 ipsum

243 2593 334 2620 audite
347 2593 380 2620 "‘.

277 2639 379 2667 llERB.
397 2640 482 2667 Eliam
500 2640 627 2673 fortasse,
650 2647 742 2676 utpote
760 2650 863 2676 Vivum,
880 2647 970 2670 astare
989 2643 1027 2670 fc-

241 2685 290 2718 cit,
305 2685 353 2713 sed
368 2685 469 2713 Mosem
485 2691 634 2719 mortuum,
646 2696 726 2722 quam
744 2689 779 2715 ob
793 2690 921 2716 causam?
931 2689 954 2718 si
964 2690 1026 2724 qui-

242 2732 302 2759 dem
320 2736 443 2759 mortuus
459 2733 539 2759 homo
554 2741 608 2760 non
625 2735 741 2769 amplius
756 2736 836 2762 redit.

277 2820 299 2837 "
314 2820 411 2848 Matth.
422 2829 484 2854 wn,
498 2823 525 2849 Ε.
567 2824 588 2839 ³⁸
605 2824 670 2850 ibid.
690 2825 715 2852 5.

1057 828 1079 856 Β

1051 1503 1072 1532 C

1049 2168 1072 2196 D

1101 205 1273 240 ’Λνθρώπους
1292 207 1347 241 γὰρ
1364 207 1459 241 ψιλοὺς
1474 207 1564 240 ὄντας,
1583 207 1690 244 ἀνάγκη
1705 207 1740 244 ἦν
1762 211 1810 237 καὶ
1831 211 1882 238 om

1094 251 1231 286 ἁμαρτίας
1246 253 1343 284 αὐτοὺς
1359 253 1515 288 εὑρεθῆναι.
1535 254 1643 286 Τέλειος
1656 255 1685 282 δὲ
1700 253 1740 287 εἷς
1752 257 1820 284 ἔστι.
1835 258 1883 289 Τις
1906 275 1907 278 η

1095 298 1199 328 ἐκεῖνος
1207 307 1213 332 ;
1240 299 1346 334 Ἰησοῦς
1371 300 1392 325 Χ
1400 300 1500 334 ριστλις,

1831 108 1882 140 πε
1915 138 1918 149 ,

1924 211 1936 233 κ,

1918 267 1930 276 δ

1528 301 1542 326 ὁ
1575 300 1612 336 μὴ
1638 300 1781 333 δουλωθεὶς
1809 301 1897 336 ζυγῷ(
1931 320 1934 323 λ

1094 345 1242 379 ἁμαρτίας.
1268 346 1281 371 6
1308 346 1344 380 μὴ
1373 346 1488 381 ποιήσας
1515 347 1580 373 ποτὲ
1609 347 1735 381 ἀνομίαν,
1754 349 1767 374 ὁ
1794 349 1883 381 ἁθῶος
1911 360 1914 365 τ

1094 392 1183 426 χερσὶ,
1208 392 1255 417 καὶ
1277 392 1396 427 καθαρὸς
1411 393 1444 427 τῇ
1460 392 1570 428 καρδία·
1590 393 1621 424 ὃς
1637 394 1687 419 οὐκ
1706 394 1839 421 ἐδήλωσεν
1854 396 1925 428 ἓν(

1093 575 1148 601 τῶν
1162 576 1245 602 αὐτοῦ
1261 575 1432 611 παθημάτων
1448 577 1554 604 ἀνεῖλεν
1568 578 1653 613 αὐτὴν
1669 580 1698 605 ὲν
1713 579 1889 616 (immensi)an
1903 597 1906 603 ε

1094 621 1141 647 καὶ
1164 621 1198 647 τὰ
1226 621 1392 655 πλανώμενα
1420 621 1484 658 ἔθνη
1505 623 1647 655 ὲκσπάσας
1671 624 1718 651 τοῦ
1746 624 1909 657 διαϋόλου,¹ι

1093 667 1219 702 ὡδήγησε
1235 668 1303 703 πρὸς
1319 668 1364 695 τὸν
1380 669 1489 704 Πατέρα
1514 670 1559 696 καὶ
1576 670 1652 698 Θεόν.
1672 672 1726 698 Καὶ
1742 673 1791 707 τὴν
1806 667 1908 700 κάτω¹¹

1094 714 1174 746 φύσιν
1196 713 1300 745 θεώσας
1327 715 1466 749 κειμένην,
1492 716 1520 742 ἐν
1543 717 1599 747 τοῖς
1616 717 1738 751 οὐρανοῖς
1761 727 1880 752 συναγα-

1094 759 1160 793 γὼν,
1186 760 1371 794 συνεδριάζειν
1395 760 1433 795 τῷ
1458 761 1517 796 Θεῷ
1545 762 1595 788 καὶ
1623 762 1710 798 Πατρὶ
1732 765 1897 799 πεποίηκε.,,

1094 805 1189 837 Τοῦτο,
1211 806 1320 841 Ἐρόἄν,
1336 807 1352 841 ὴ
1369 806 1524 838 τελείωσις·
1541 808 1602 834 ἐπεὶ
1618 808 1720 843 Μωσῆς
1731 810 1778 835 καὶ
1791 809 1899 841 Ἠλίας(

1093 436 1205 472 γλώσσῃ
1232 437 1327 469 αὑτοῦ,
1357 437 1447 472 ἔμεινε
1472 438 1619 473 δὲμᾶλλον
1635 441 1667 474 τῇ
1679 440 1772 475 τελείᾳ
1799 439 1929 467 minii":

1094 483 1294 518 ἀνθριυπότητι,
1308 484 1430 516 ἄσπιλος,
1446 485 1622 519 ἡγιασμένος.
1644 486 1770 513 Ἀνέλαίὶε
1791 487 1820 513 δὲ
1836 483 1912 514 αὺ-(νει

1093 529 1139 560 τὸς
1161 530 1207 555 καὶ
1230 530 1279 564 τὴν
1303 529 1349 556 τοῦ
1373 530 1473 562 παντὸς
1489 531 1592 565 κόσμου
1611 533 1760 568 ἁμαρτίαν,
1778 535 1825 560 καὶ
1839 534 1892 561 διὰ¹
1908 543 1923 551 ι·

1918 626 1923 643 l

1092 852 1137 877 ἐπὶ
1154 851 1276 886 σωτηρίᾳ
1290 851 1337 878 τοῦ
1358 851 1448 878 κοινοῦ
1468 852 1563 886 γένους
1578 853 1631 879 τῶν
1647 853 1799 888 ἀνθρώπων
1814 863 1890 880 κατ--
1918 871 1921 878 .

1093 898 1262 932 εργάσασθαι
1293 899 1462 934 ἐδυνήθησαν
1494 900 1580 931 οὐδὲν,
1606 900 1630 925 εἰ
1659 900 1695 935 μὴ
1719 898 1759 932 εἷς
1791 901 1905 935 ἃγιος,·δ

1093 940 1132 975 εἷς
1149 944 1260 979 Κύριος,
1282 945 1385 979 Ἰησοῦς
1399 945 1527 980 Χριστὸς,
1544 946 1584 976 εἰς
1594 946 1673 979 δόξαν
1684 946 1750 972 Θεοῦ
1762 947 1896 982 Πατρός.“
1912 946 1919 967 ί
1931 956 1935 962 '

1099 989 1196 1025 Ἀμήν.
1215 990 1244 1015 Εἰ
1254 989 1282 1016 δὲ
1296 990 1388 1016 καὶτὰ
1406 990 1543 1024 Θαύματα,
1561 991 1632 1025 ἅπερ
1644 991 1759 1026 εἴρηκας
1775 992 1815 1018 ὅτι
1831 996 1893 1018 πε-¹
1921 992 1926 997 ’

1093 1035 1206 1069 ποίηκεν
1223 1037 1236 1062 ὁ
1254 1035 1320 1066 Θεὸς
1334 1035 1379 1062 διὰ
1398 1036 1521 1067 Μωσέως
1536 1037 1583 1062 καὶ
1606 1037 1708 1069 Ἡλίου,
1723 1037 1897 1073 τελειότηταί

1093 1082 1196 1117 ἀρετῆς
1215 1081 1302 1108 ταῦτα
1321 1083 1385 1117 ἡγῇ,
1416 1081 1509 1108 λοιπὸν
1537 1082 1584 1108 καὶ
1612 1082 1753 1115 ἑξακόσιαι
1778 1082 1911 1110 ὲκείναι”“

1092 1127 1219 1162 χιλιάδες,
1237 1129 1263 1153 αἰ
1279 1128 1329 1162 τὴν
1348 1127 1480 1162 Ἐρυθρὰν
1509 1127 1647 1154 Θάλασσαν
1668 1128 1794 1164 ἀϐρὸχοις
1817 1130 1882 1156 ποσὶ
1922 1132 1929 1147 ῖ

1092 1173 1302 1208 διαπεράσασαι,
1318 1173 1351 1204 ἃς
1371 1173 1417 1200 καὶ
1433 1174 1448 1208 ἡ
1471 1173 1568 1208 νεφέλη
1589 1173 1636 1200 τοῦ
1648 1174 1737 1208 φωτὸς
1750 1175 1899 1201 ὲπεσκία-⁴
1920 1172 1933 1181 “⁴

1093 1220 1139 1251 ζεν
1165 1220 1280 1255 ἡμέρας,
1308 1219 1356 1245 καὶ
1382 1221 1396 1246 6
1423 1219 1521 1250 στύλος
1545 1220 1592 1246 τοῦ
1615 1220 1700 1255 πυρὸς
1718 1220 1833 1254 ὲφώτιζε
1847 1222 1908 1256 τῇυ

1092 1265 1180 1294 νυκτὶ,
1194 1265 1404 1299 νομισθήτωσάν
1418 1273 1457 1291 σοι
1468 1266 1495 1291 ὲν
1512 1265 1643 1300 ἁγιασμῷ
1658 1265 1879 1301 τετελειωμέναι,

1091 1310 1150 1338 ἀνθ’
1164 1311 1226 1336 ὅσου
1252 1310 1266 1336 ὁ
1284 1311 1349 1342 Θεὸς
1366 1311 1582 1346 ὲτερατούργησε
1597 1312 1631 1338 τὰ
1646 1312 1780 1347 εἰρημένα
1803 1312 1878 1344 ἑξαί-
1897 1324 1912 1330 π

1093 1363 1136 1381 σια
1164 1355 1301 1390 θαύματα.
1329 1355 1400 1382 Ἀλλ’
1418 1357 1467 1382 οὐκ
1495 1357 1528 1382 ἂν
1552 1356 1617 1392 ἔχῃς
1639 1357 1729 1384 τοῦτο.
1760 1358 1902 1384 Ἐκείναικ

1091 1401 1145 1435 γὰρ
1161 1402 1189 1427 αἱ
1202 1401 1321 1435 χιλιάδες
1336 1401 1421 1427 πᾶσαι
1438 1401 1467 1427 ἐν
1482 1402 1515 1436 τῇ
1532 1401 1628 1436 ἐρήμῳ
1645 1401 1674 1427 ὲν
1694 1401 1880 1435 τεσσαράκον-

1090 1455 1124 1474 τα
1139 1448 1212 1473 ἔτεσι
1227 1447 1271 1473 διὰ
1284 1447 1334 1482 τὴν
1348 1447 1448 1482 πολλὴν
1464 1447 1589 1482 ἀνομίαν,
1605 1447 1689 1482 ἄρδην
1705 1448 1794 1474 ὲκείσε
1809 1456 1880 1474 κατ·

1090 1493 1272 1528 εστρὼθησαν.
1297 1492 1350 1518 Καὶ
1367 1492 1404 1524 ὼς
1427 1493 1458 1518 ὲκ
1479 1493 1582 1519 τούτων
1599 1493 1748 1524 δείκνυται,
1762 1493 1804 1519 ὅτι
1827 1493 1879 1519 οὺχ
1892 1490 1901 1511 θ’

1090 1540 1119 1565 ἐν
1142 1539 1182 1573 τῷ
1205 1539 1424 1574 θαυματουργεῖν
1440 1539 1486 1566 ἐπί
1508 1548 1564 1566 τισι
1579 1539 1624 1565 τὸν
1640 1539 1784 1574 ”Υψιστον,
1799 1540 1880 1566 τοῦτο

1090 1585 1119 1611 ἐν
1147 1586 1241 1614 αὐτοῖς
1270 1586 1285 1620 ὴ
1314 1585 1464 1619 τελειότης.
1496 1584 1555 1611 ἀλλ’
1580 1586 1608 1610 ἐν
1633 1585 1672 1619 τῷ
1697 1585 1879 1619 τιμωρεῖσθαι

1091 1629 1191 1664 μᾶλλον
1206 1629 1287 1655 ἕνεκα
1305 1629 1421 1665 Κυρίου,
1440 1629 1486 1655 καὶ
1509 1628 1700 1664 πειράζεσθαι,
1726 1629 1775 1655 καὶ
1797 1637 1880 1656 κακο·
1899 1654 1902 1658 ,

1089 1675 1196 1707 παθεῖν,
1233 1675 1279 1701 καὶ
1307 1675 1421 1708 ἀδοξεῖν,
1451 1675 1498 1701 καὶ
1522 1676 1667 1710 καρτερεῖν
1694 1675 1723 1701 ὲν
1752 1675 1879 1701 ταπεινό-

1090 1729 1151 1756 τητι
1180 1721 1228 1747 καὶ
1245 1721 1417 1756 εὐχαριστίᾳ,
1446 1721 1493 1747 καὶ
1518 1721 1601 1756 μηδὲν
1632 1722 1745 1756 σημεῖον
1776 1722 1878 1752 ποιεῖν,

1090 1767 1176 1803 πάρεξ
1195 1766 1267 1798 τινὸς
1277 1767 1410 1802 ἀνάγκης.
1426 1766 1512 1793 Τοῦτο
1524 1768 1540 1801 ἡ
1558 1767 1695 1801 τελειότης
1708 1768 1763 1798 τοῖς
1774 1767 1890 1801 ἁγίοις,⁵

1089 1814 1191 1840 ὁπόταν
1212 1814 1259 1840 καὶ
1279 1813 1349 1848 μετὰ
1367 1812 1436 1839 Θεοῦ
1460 1810 1526 1839 ὦσιν
1543 1814 1752 1848 ὲνδιαχείμενοι,
1768 1814 1813 1839 καὶ
1827 1814 1893 1848 ὴρ-,λ

1089 1859 1202 1893 νημένοι
1226 1859 1276 1893 τὴν
1293 1859 1392 1885 κτίσιν.
1412 1858 1504 1884 Ταῦτα
1525 1858 1554 1884 δὲ
1575 1859 1685 1894 εἴρηκα,
1706 1859 1736 1884 οὑ
1758 1867 1880 1893 κατηγο-

1089 1904 1143 1940 ρῶν
1158 1904 1280 1935 Μωσέως
1296 1904 1343 1930 καὶ
1363 1904 1466 1936 Ἠλίου,
1484 1904 1521 1939 μὴ
1546 1904 1663 1938 γένοιτο·
1688 1905 1746 1932 ἀλλ’
1772 1906 1801 1932 ὲν
1821 1905 1878 1932 τίσι

1087 1950 1262 1985 χαρακτῆρσι
1282 1949 1371 1984 δηλῶν
1391 1950 1602 1985 προφανέστατα
1628 1951 1644 1986 ἡ
1661 1951 1797 1986 τελειότης
1824 1951 1877 1978 πὲ-

1088 2005 1157 2032 φυκε
1175 1997 1222 2031 τῆς
1238 1997 1348 2031 ἀρετῆς.
1370 1997 1473 2024 Μωσέα
1493 1997 1581 2024 δὲκαὶ
1608 1998 1700 2025 Ἠλίαν
1715 1999 1774 2025 τότε
1789 1999 1878 2026 τελεί-
1895 1990 1898 1994 Δ

1085 2052 1133 2075 ους
1147 2043 1372 2078 ἀποκασέστησεν
1386 2045 1399 2069 6
1414 2043 1490 2075 Θεὸς,
1501 2044 1564 2075 δοὺς
1580 2045 1670 2075 αὐτοῖς
1679 2047 1711 2071 ὲκ
1725 2045 1776 2079 τῆς
1791 2046 1878 2072 αὐτοῦ

1086 2091 1264 2125 τελειότητος,
1275 2091 1361 2126 ἠγουν
1376 2090 1496 2125 χάριτος,
1517 2092 1618 2118 ὁπόταν
1633 2092 1786 2125 σαρκωθεὶς
1807 2101 1876 2126 μετ-
1901 2088 1903 2093 ’

1087 2137 1233 2173 εμορφὼθη
1258 2139 1288 2164 ἐν
1306 2138 1345 2172 τῷ
1366 2138 1499 2173 Θαὸωρίῳ
1525 2138 1631 2174 Ἰησοῦς
1655 2139 1801 2174 Χριστὸςὸ
1825 2140 1889 2165 Δε-’

1089 2185 1190 2219 emitr};
1211 2186 1225 2210 6
1245 2185 1322 2219 ἐμὺς,
1347 2185 1449 2219 μεταξῦ
1473 2185 1578 2220 Πέτρου
1596 2185 1643 2212 καὶ
1670 2185 1799 2212 Ἰακώϐου
1825 2185 1876 2212 καὶ

1092 2230 1227 2259 Ἰωάννου.
1254 2230 1307 2256 Καὶ
1333 2230 1451 2264 ἔλαμψε
1472 2230 1505 2256 τὸ
1517 2231 1680 2264 πρόσωπον
1694 2230 1789 2257 αὐτοῦ
1803 2231 1843 2263 ὡς
1859 2233 1876 2257 ὁ

1085 2276 1172 2309 ἣλιος
1183 2285 1190 2292 ·
1202 2276 1237 2303 τὰ
1250 2277 1284 2302 δὲ
1297 2276 1395 2310 ἱμάτια
1411 2276 1503 2303 αὑτοῦ
1519 2276 1658 2310 ἐγένοντο
1681 2277 1775 2303 λευκὰ
1789 2277 1830 2309 ὡς
1841 2277 1875 2302 τὸ

1084 2322 1156 2356 φῶς.
1173 2322 1330 2356 Τηνικαῦτα
1344 2322 1398 2357 γὰρ
1409 2322 1551 2349 ἐκέλευσε·
1567 2323 1614 2349 καὶ
1630 2323 1684 2349 ῐδσὺ
1702 2323 1805 2356 Μωσῆς
1825 2323 1874 2348 καὶ

1092 2369 1184 2400 Ἠλίας
1197 2368 1332 2403 πνεύματι
1347 2369 1488 2403 δυνάμεως
1503 2369 1578 2404 αὐτῷ
1593 2369 1727 2404 ἤχθησαν,
1740 2370 1787 2396 καὶ
1801 2378 1874 2404 παρ-

1083 2415 1201 2449 έστησαν
1226 2415 1300 2450 αὐτῷ
1325 2416 1590 2450 συναστρὰπτοντες,
1607 2415 1688 2450 ἡνίκα
1707 2416 1752 2442 καὶ
1777 2417 1791 2442 ό
1815 2416 1872 2442 Πα-

1082 2461 1135 2496 τὴρ
1159 2461 1242 2487 αὑτοῦ
1264 2462 1296 2487 ὲκ
1321 2461 1369 2487 τοῦ
1386 2461 1502 2496 οὐρανοῦ
1524 2462 1723 2497 μεμαρτύρηκε
1743 2482 1749 2493 ,
1771 2462 1870 2497 λέγων,

1079 2505 1173 2540 Οὗτός
1197 2507 1282 2534 ἐστιν·
1309 2508 1326 2534 ὀ
1362 2509 1427 2541 Υἱός
1462 2517 1520 2542 μου
1546 2510 1562 2535 ὀ
1588 2509 1749 2543 ἀγαπητὲς,
1776 2509 1872 2536 αὐτοῦ

1082 2554 1215 2580 ἀκούετε.

1119 2643 1172 2669 Καὶ
1193 2644 1213 2669 Ο
1231 2643 1352 2670 ΕΡΒΑΝ.
1367 2644 1418 2670 Τὸν
1444 2644 1535 2670 Ἠλίαν
1551 2644 1615 2675 ἴσως
1639 2644 1676 2675 ὡς
1696 2643 1784 2676 ζῶντα
1799 2653 1870 2679 παρ-

1083 2689 1192 2723 έστησε,
1209 2689 1310 2716 Μωσέα
1334 2688 1363 2715 δὲ
1387 2689 1609 2724 τετελευτηκότα,
1628 2689 1697 2716 κατὰ
1721 2689 1801 2715 ποίαν
1828 2690 1872 2715 αἰ-

1082 2735 1142 2761 τίαν
1156 2743 1162 2767 ;
1186 2734 1332 2770 ἄνθρωπος
1355 2736 1408 2770 γᾶρ
1423 2735 1578 2768 ἀποθανὼν,
1595 2735 1689 2762 οὐκέτι
1707 2734 1802 2762 λοιπὸν
1815 2743 1870 2763 πα-

1084 2782 1232 2818 ραγὶνεται.
