1967 3091
243 15 383 48 -λη
658 12 811 50 ’C:\"

243 35 246 38 -
282 15 303 48 Β.
382 37 383 42 η
764 12 811 50 \"

237 59 277 93 rw
310 55 316 62 ί
364 57 465 83 ηυξ-⁸·
744 47 887 83 νὋιι·”

234 109 238 116 "
258 108 276 126 υ

92 124 144 159 773
230 124 242 139 ί

573 123 802 156 DISPUTATIO
822 126 900 156 CUM
921 104 1103 156 usuBANo
1122 124 1264 156 JUD/EO.

1672 127 1727 159 ’174

127 184 182 213 Καὶ
198 185 218 212 0
234 185 344 211 ΑΓΙΟΣ.
366 184 420 211 Τοῦ
436 184 580 221 ἀνθρώπου
594 185 625 211 τὺ
641 186 697 212 πᾶν
714 186 729 220 ἡ
747 185 820 220 ψυχὴ
831 185 872 212 αὐτ

971 185 997 212 S.
1011 172 1113 213 AftCH.
1123 185 1263 221 Quidquid
1274 189 1316 213 est
1328 185 1458 219 hominis,
1473 187 1559 222 ipsius
1569 193 1610 215 est
1619 189 1726 217 anima:

62 231 67 248 ‘v
96 228 141 254 τοῦ
155 230 239 262 ἐστιν,
251 231 312 257 ἐπεὶ
325 230 356 256 τὸ
370 230 449 264 σῶμα
465 230 547 257 αὐτοῦ
564 230 643 257 οὐδέν
656 231 741 257 ἐστιν.
764 230 883 264 Ἶμάτιον

38 298 49 305 ,π
68 277 80 297 ‘4
92 277 146 312 γάρ
163 276 221 303 ἐστι
244 276 367 311 συμφυὲς
387 276 436 311 τῆς
451 276 551 311 ψυχῆςι
568 277 616 303 καὶ
639 277 739 303 ὁπόταν
756 275 855 312 κελεύῃ
869 276 883 302 6

91 323 168 355 Θεὸς,
182 323 342 349 ἀποστέλλει
358 323 421 354 τοὺς
433 323 566 357 ἀγγέλους
582 323 676 355 αὐτοῦ,
692 323 740 350 καὶ
757 322 882 349 ἐκδύουσι

56 369 140 404 ίτὴν
158 369 248 404 ψυχὴν
267 368 298 395 τὸ
322 368 443 403 φθαρτὸν
459 369 577 403 ἱμάτιον,
595 369 680 404 ήγουν
695 368 760 395 αὐτὸ
781 369 811 395 τὸ
829 368 881 394 σῶε

91 423 140 448 μα,
162 415 224 440 καθ’
240 415 253 440 ὃ
267 422 293 440 τι
309 414 377 449 πρὸς
394 414 440 441 τὸν
456 414 522 440 Θεὸν
537 413 640 448 ὀφείλει
659 413 799 445 ἀπελθεῖν,
815 414 882 440 ὅπου

57 467 58 470 ‘
75 460 211 487 ’τοιοῦτον
227 461 336 495 ἱμάτιον
357 461 489 496 σαρκικὸιν
516 461 566 487 οὐκ
592 461 650 487 ἔστι
673 469 716 492 τις
737 460 752 486 6
771 460 879 496 φορῶν

90 507 180 532 πάντα
196 506 249 540 γὰρ
270 506 424 541 πνεύματα.
452 506 506 533 Καὶ
528 507 621 533 λοιπὸν
644 506 682 538 ὡς
707 505 816 541 πνεῦμα
835 506 882 532 καὶ

62 559 65 572 ν
90 551 177 585 αὐτὴν
201 551 260 577 ἐκεῖ
277 551 456 587 ἀποφέρουσι,
475 551 521 577 καὶ
544 552 574 578 ὲν
595 549 635 582 οἷς
658 551 764 577 κελεύει
781 552 795 577 6
815 551 881 582 Θεὸς

89 596 322 630 ἐγκατοικὶζεται,
335 597 372 628 ὼς
387 597 421 624 τὰ
437 597 491 624 τῶν
506 597 629 631 ἀγγέλων
644 598 733 633 biit/pta
749 597 880 633 φοροῦσα·

87 642 174 674 οὕτως
192 641 239 669 οὖν
256 643 303 669 καὶ
327 643 450 675 Μωσέως
467 644 483 679 ὴ
501 644 585 679 ψυχή.
603 644 659 670 Καὶ
677 644 778 670 ὁπόταν
796 643 881 678 αὐτῆς

66 690 186 724 [χρείαν
214 689 294 725 ἔσχεν
319 690 333 716 ὁ
356 690 434 722 Θεὸς,
461 691 645 726 ἐσχημάτισεν
670 691 755 726 αὐτὴν
780 690 836 726 (71)
851 691 881 717 τὸ

89 736 170 770 σῶμα
196 735 264 767 ιδίας
288 735 450 770 δυνάμεως,
478 737 525 762 καὶ
545 735 718 771 παρέστησεν
741 735 826 770 αὐτὴν
842 734 882 770 τῷ

89 782 214 817 βραχίονι
229 781 312 808 αὑτοῦ
329 782 376 808 ἐπὶ
386 782 434 808 τοῦ
450 782 530 817 ὅρους
546 781 655 817 Θαϐὼρ,
669 782 816 809 θεάσασθαι
832 781 881 816 τὴν

89 829 233 864 μόρφωσιν
248 828 343 859 αὐτοῦ,
361 829 409 855 καὶ
425 829 506 855 πάλιν
522 830 554 865 τῇ
565 829 641 864 δεξιᾷ
656 828 740 856 αὑτοῦ
761 828 881 855 ἀποκατ-

66 885 69 889 ~
88 875 214 908 ἔστησεν,
231 874 293 900 ὅθεν
310 874 417 909 ἀπῆρεν
432 874 530 909 αὐτὴν.

119 919 250 945 ΕΡΒΔΝ.
269 919 327 946 Ἵνα
346 920 372 946 τί
396 920 443 946 τὸν
453 920 562 955 »καιρὸν
578 919 744 955 δαπανῶμεν
760 920 789 947 ὲν
803 919 879 953 λέξε-

88 974 146 998 σιν;
176 966 232 999 ἐγὼ
261 966 411 1002 παραλύσω
427 966 475 1002 τὴν
496 966 584 1002 δίκην.
608 966 662 993 Καὶ
691 967 715 993 ει
731 966 820 1001 βούλει
836 967 880 994 ἵνα

50 1030 52 1032 ›
86 1013 264 1048 ἀπεριέργως
281 1013 421 1040 πιστεύσω
442 1013 481 1048 τῷ
512 1013 610 1049 Ἰησοῦ,
631 1013 718 1046 δεῖξόν
735 1022 779 1049 μοι
798 1014 879 1040 αὑτὸν

83 1059 189 1090 ζῶντα,
213 1060 259 1086 καὶ
280 1059 489 1094 προσομιλήσας
514 1059 597 1094 αὐτῷ,
625 1059 759 1093 θεάσομαι
785 1058 877 1090 αὑτὸν,

47 1117 49 1127 η
87 1106 136 1131 καὶ
152 1105 262 1141 λαλήσω
280 1105 338 1140 μετ¹
351 1106 433 1132 αὐτοῦ
443 1114 449 1121 -
469 1106 517 1132 καὶ
534 1106 636 1137 εὐθέως
651 1106 701 1140 τὴν
716 1102 801 1141 ἧτταν
816 1106 879 1140 ομο-

38 1163 40 1166 ν
86 1151 170 1186 λογῶ,
192 1152 240 1178 καὶ
255 1152 367 1186 γίνομαι
384 1151 557 1187 Χριστιανός.

129 1197 174 1228 Ὡς
201 1197 229 1224 δὲ
262 1197 362 1232 Ἐρϐᾶν
388 1197 538 1232 ἐφθέγξατο
561 1197 656 1229 οὕτως,
679 1198 710 1224 τὸ
734 1198 879 1233 παρεστὼς

46 1245 50 1268 ξ
88 1243 192 1277 πλῆθος
207 1243 260 1270 τῶν
277 1244 411 1270 Ἰουδαίων
429 1244 605 1280 ἐκραύγασαν
627 1244 724 1280 ἰσχυρᾷ
741 1244 807 1280 βοῇ·
821 1245 878 1273 Πα-

58 1283 62 1292 ﬂ
88 1289 263 1326 ρακαλοῦμέν
280 1299 321 1323 σε,
336 1289 497 1324 διδάσκαλε,
525 1290 562 1326 μὴ
588 1290 738 1326 ἀπατηθεὶς
754 1291 811 1326 (72)
831 1291 879 1318 καὶ

86 1337 154 1372 γένῃ
176 1337 353 1371 Χριστιανὸς,
367 1337 434 1364 ἀλλὰ
453 1337 553 1372 μᾶλλον
571 1337 708 1372 ἀνδριζου,
726 1337 774 1363 καὶ
791 1337 876 1371 ἴσχυε.

42 1392 44 1398 λ
61 1391 70 1400 -’
93 1383 256 1409 Ἐπὶστασαι
270 1383 324 1419 γὰρ
337 1383 377 1410 ὅτι
398 1383 475 1411 οὐδὲν
488 1382 671 1418 ἀληθέστερον
684 1381 731 1409 τοῦ
744 1382 812 1409 Θεοῦ
824 1383 878 1411 τῶν

35 1430 52 1450 ἰ’
66 1427 75 1445 ἓ
87 1428 216 1464 πατέρων
226 1427 316 1463 ήμῶν.
332 1428 387 1455 Καὶ
399 1429 412 1454 ὁ
429 1429 528 1465 Ἐρΰᾶν
543 1430 610 1466 πρὸς
622 1431 731 1463 αὐτοὺς,
742 1431 878 1466 Φλυαρίας

40 1473 65 1501 Ῠ·
87 1473 230 1509 εῐσφέρετε
246 1468 325 1509 ὑμεῖς
342 1474 381 1505 εἰς
401 1474 432 1500 τδ
454 1474 547 1509 μέσον.
568 1474 656 1511 Εῐπερ
672 1475 877 1511 πληροφορήσει

38 1518 52 1532 ἠ
67 1521 70 1545 ἱ
89 1527 135 1553 με,
156 1519 196 1545 ὅτι
212 1519 293 1551 αὒτός
313 1520 387 1546 ἐστιν
399 1519 517 1555 ἀληθῶς,
532 1521 596 1556 περὶ
610 1517 640 1547 οὗ
656 1521 877 1556 προεκελάδησαν

49 1556 72 1584 Ψ
87 1565 174 1591 πολλὰ
188 1566 213 1591 οἱ
234 1565 385 1601 προφῆται,
403 1565 546 1602 ἀλλότριος
560 1566 657 1602 ἔσομαι
673 1567 720 1594 τοῦ
737 1566 804 1594 Θεοῦ
823 1567 878 1594 τῶν

43 1609 217 1646 ’Ὕπατέρων
239 1611 329 1647 ήμῶν,
350 1612 375 1638 ει
392 1612 429 1647 μὴ
446 1612 584 1639 πιστεύσω
601 1613 641 1644 εἰς
664 1612 746 1639 αὐτὸν
766 1612 877 1639 ἀδιστά-

50 1688 53 1693 γ
85 1666 170 1689 -κτως,
189 1657 364 1693 Θεασάμενος
391 1659 405 1684 6
427 1657 643 1693 ἁρχιεπίσκοπος
661 1658 701 1685 ὃτι
719 1657 789 1685 κατὰ
813 1657 880 1693 ἀλή-

53 1702 165 1744 ἰνοειαν
180 1702 340 1736 φθέγγεται,
360 1703 407 1729 καὶ
423 1703 453 1729 οὐ
467 1703 538 1730 κατὰ
550 1703 661 1738 χλεύην,
673 1702 725 1738 ἔφη
746 1703 814 1738 πρὸς
831 1703 879 1729 αὑ.

66 1747 71 1764 ί
86 1749 142 1775 τόψ

34 1831 52 1853 Ὗ
71 1820 99 1859 ‘5;
123 1839 144 1865 0
159 1839 270 1865 ΑΓῙΟΣ.
285 1839 340 1865 Καὶ
355 1838 414 1870 πῶς
433 1838 523 1874 βούλει
537 1838 746 1874 πληροφορῆσαι
760 1846 808 1870 σε;

37 1961 41 1964 _
55 1915 67 1927 ἢ
99 1914 102 1936 l‘
122 1926 246 1955 EPBAN.
260 1927 464 1954 Καθικὲτευσον
474 1927 520 1954 τὸν
535 1927 672 1962 Δεσπότην
686 1935 744 1961 σου,
755 1928 780 1953 el
795 1927 824 1954 ὲν
837 1927 877 1962 τῷ

40 1970 71 1995 ῖς
86 1973 194 2010 οὐρανῷ
212 1974 298 2005 ἐστιν,
315 1974 354 2005 ὡς
368 1973 467 2008 λέγεις,
484 1973 636 2008 καταϐῆναι
655 1973 723 2009 πρός
740 1981 786 2008 με,
802 1973 877 2006 ὅπως

43 2018 68 2043 ’ξ’
87 2021 229 2055 θεάσωμαι
245 2020 339 2052 αὐτὸν,
360 2020 408 2046 καὶ
430 2020 542 2054 λαλήσω
564 2020 624 2055 μετ’
640 2020 739 2047 αὐτοῦ·
758 2019 818 2051 καὶ,
841 2020 874 2055 ζῇ

47 2064 75 2098 τῗ
86 2066 200 2102 Κύριος⁷
212 2066 242 2092 ὃν
255 2066 345 2100 λέγεις
372 2066 413 2092 ὅτι
430 2066 526 2100 Πατήρ
541 2065 599 2092 ἐστι
615 2065 662 2092 τοῦ
679 2065 799 2102 Χριστοῦ
815 2074 874 2098 σου,

34 2114 57 2129 ⁷⁵
86 2113 261 2149 παραχρῆμα
277 2111 454 2148 βαπτίζομαι,
470 2112 518 2139 καὶ
538 2112 659 2139 πιστεύω
672 2113 713 2144 εἰς
728 2111 819 2139 αὐτόν.

127 2158 173 2190 Ὧς
187 2158 216 2185 δὲ
230 2158 317 2185 ταῦτα
331 2156 408 2185 εἶπεν
422 2159 436 2185 6
453 2159 562 2194 Ἐρϐᾶν,
580 2158 736 2194 ὲκραύγασε
758 2159 789 2185 τὺ
805 2158 875 2194 πλῆ-

934 231 1065 266 quouiam
1085 231 1168 266 hujus
1190 240 1291 267 corpus
1314 232 1382 259 nihil
1406 237 1457 259 est.
1474 233 1522 260 Est
1545 233 1619 260 enim
1645 234 1728 262 indu—

934 282 1057 305 mentum
1075 279 1172 306 anima:
1194 280 1372 314 congenitum
1388 289 1394 306 :
1411 284 1438 307 et
1457 287 1520 307 cum
1541 280 1622 315 jubet
1644 281 1726 313 Deus,

933 324 1018 350 mittit
1040 325 1151 359 angelos
1166 332 1241 357 suos,
1256 329 1284 352 et
1306 326 1424 353 animam
1443 326 1627 361 corruptibile
1646 327 1727 354 indu-

933 375 1057 397 mentum
1069 376 1185 403 exuunt,
1199 379 1297 405 nempe
1309 379 1410 406 corpus
1421 372 1520 407 ipsum,
1529 380 1584 406 qua
1597 373 1629 399 ad
1640 373 1728 399 Deum

933 416 1017 444 debet
1029 417 1117 449 abire,
1134 417 1181 444 ubi
1196 418 1248 446 tale
1264 426 1394 446 carueum
1411 418 1604 446 indumentum
1618 426 1675 445 non
1685 422 1728 446 est

933 463 980 498 qui
998 467 1086 498 gestet
1101 473 1107 490 :
1121 470 1216 492 omnes
1235 465 1308 492 enim
1325 465 1382 492 illic
1395 465 1519 500 spiritus.
1535 464 1682 496 Caeterum,
1698 468 1728 491 ut

933 509 1062 544 spiritum
1086 514 1114 537 et
1138 511 1256 538 animam
1280 511 1381 539 tollunt
1398 511 1464 538 illuc
1481 518 1536 546 quo
1551 511 1629 546 jubet
1642 510 1726 543 Deus,

932 559 960 581 et
973 554 1011 582 ibi
1025 555 1141 587 habitat,
1156 560 1186 582 ut
1204 556 1364 590 angelorum
1381 556 1543 583 indumenta
1558 556 1626 583 fere:
1638 563 1651 584 s
1665 564 1671 583 τ
1687 555 1727 583 sic

933 600 1016 636 igitur
1033 601 1115 629 Mosis
1128 602 1229 629 aniina.
1247 602 1315 629 Cum
1340 611 1371 630 ea
1388 611 1458 638 opus
1473 603 1570 630 habuit
1594 603 1676 634 Deus,
1699 602 1726 630 ei

933 654 1035 682 corpus
1057 648 1175 682 propriae
1192 648 1322 683 potentiae
1344 647 1459 681 aﬁinxit,
1477 653 1505 676 et
1521 648 1593 676 hanc
1611 647 1727 675 brachio

932 700 984 720 suo
1001 693 1109 720 adstare
1126 693 1192 721 fecit
1213 694 1240 721 in
1261 699 1354 722 monte
1370 695 1492 728 Thabor,
1508 699 1540 722 ut
1555 694 1726 729 contempla-

932 743 1010 766 retur
1027 738 1113 773 ipsius
1136 740 1415 775 transﬁgurationem,
1439 744 1468 768 et
1491 748 1590 768 rursus
1613 740 1726 767 dextera

933 793 982 813 sua
998 787 1133 820 reposuit,
1151 786 1225 814 unde
1245 787 1317 815 hanc
1331 787 1492 815 abstulerat.

967 922 1071 950 HERB.
1087 921 1224 955 Quorsum
1244 927 1352 958 tempus
1365 923 1395 950 in
1412 922 1646 958 disputationibus
1659 929 1726 950 con-

931 969 1082 996 sumimus?
1097 976 1147 1004 ego
1164 969 1380 996 controversiam
1394 969 1522 996 dirimam
1537 978 1543 996 :
1560 973 1588 996 et
1603 969 1626 996 si
1640 969 1681 996 vis
1694 973 1725 996 ut

930 1021 986 1040 non
1001 1014 1102 1041 frustra
1118 1015 1183 1042 Jesu
1200 1013 1322 1047 credam,
1345 1014 1420 1041 hunc
1436 1015 1525 1049 ipsum
1539 1014 1632 1042 vivum
1654 1014 1723 1041 mihi

931 1058 1063 1091 ostende;
1078 1063 1105 1086 ct
1125 1066 1176 1094 ego
1194 1066 1256 1086 cum
1274 1067 1308 1087 eo
1323 1067 1498 1094 congressus,
1513 1060 1723 1094 contemplabor

930 1105 1020 1140 ipsum
1036 1110 1064 1133 et
1084 1106 1229 1141 alloquar:
1244 1110 1326 1141 atque
1343 1106 1417 1134 illico
1439 1114 1483 1134 me
1499 1106 1602 1133 victum
1622 1106 1722 1137 fateor,

930 1155 957 1178 et
972 1151 1147 1179 Christianus
1164 1151 1210 1179 ﬁo.

966 1197 1001 1225 Ut
1024 1202 1114 1224 autem
1139 1197 1285 1225 Herbanus
1299 1198 1339 1225 sic
1361 1198 1471 1226 locutus
1493 1202 1544 1230 est,
1564 1198 1722 1226 Iudaeorum

930 1242 1014 1269 turba
1030 1242 1224 1275 circumstans,
1242 1243 1295 1269 alta
1319 1247 1348 1270 et
1364 1242 1455 1270 valida
1472 1250 1539 1270 voce
1564 1243 1693 1270 clamavit
1713 1252 1720 1270 :

930 1289 1068 1324 Rogamus
1083 1293 1109 1316 te
1126 1294 1154 1316 et
1177 1289 1358 1319 obtestamur,
1377 1289 1518 1324 magister,
1534 1297 1568 1316 ne
1585 1289 1723 1317 inescatus

929 1339 958 1362 et
979 1342 1075 1363 errore
1093 1335 1208 1363 delusus
1224 1335 1274 1363 ﬁas
1289 1335 1465 1363 Christianus
1481 1345 1487 1362 :
1505 1336 1551 1364 sed
1568 1337 1661 1371 potius
1678 1337 1723 1363 vi-

929 1389 991 1408 rum
1011 1385 1039 1409 te
1056 1381 1158 1417 praebe,
1176 1386 1204 1410 et
1218 1381 1329 1409 fortiter
1343 1389 1401 1417 age.
1419 1381 1479 1409 Scis
1493 1383 1567 1417 quod
1583 1382 1652 1410 nihil
1666 1383 1723 1410 Deo

931 1432 1039 1462 patrum
1056 1432 1216 1455 nostrorum
1241 1428 1335 1456 verius
1359 1432 1402 1456 est
1427 1433 1455 1456 et
1477 1430 1589 1457 certius.
1616 1429 1723 1462 Quibus

930 1474 1075 1502 Herbanus
1093 1475 1253 1509 respondit:
1270 1475 1361 1510 Nugas
1373 1483 1422 1502 vos
1436 1476 1595 1502 inmedium
1612 1476 1722 1503 confer-

931 1519 967 1547 tis
981 1524 1008 1547 et
1025 1519 1213 1547 deblateratis.
1232 1520 1260 1548 Si
1273 1521 1341 1547 mihi
1363 1525 1466 1555 certam
1492 1526 1520 1548 et
1540 1521 1723 1550 indubitatam

931 1564 1012 1592 ﬁdem
1037 1565 1129 1599 faciat,
1153 1566 1226 1602 quod
1242 1566 1286 1593 hic
1305 1567 1362 1602 ipse
1377 1571 1420 1595 est
1437 1575 1501 1595 vere
1515 1567 1549 1594 de
1566 1576 1620 1602 quo
1636 1569 1723 1596 multa

929 1612 1070 1646 prophetae
1095 1613 1292 1647 pra-dixerunt,
1319 1613 1427 1641 alienus
1443 1621 1492 1641 ero
1507 1622 1522 1641 a
1537 1614 1593 1641 Deo
1612 1619 1722 1649 patrum

929 1664 1098 1692 nostrorum,
1114 1659 1167 1687 nisi
1193 1659 1220 1686 in
1238 1667 1302 1687 eum
1324 1661 1515 1688 indubitanter
1530 1661 1650 1688 credam.
1671 1661 1723 1688 Ar-

928 1705 1133 1740 chiepiscopus,
1146 1704 1263 1734 intuitus
1280 1707 1382 1741 ipsum,
1403 1711 1431 1734 et
1451 1708 1541 1735 sciens
1557 1716 1620 1735 eum
1645 1716 1720 1741 vere,

927 1758 980 1778 nec
998 1751 1126 1778 simulata
1140 1756 1232 1779 mente
1256 1752 1377 1780 locutum
1393 1760 1464 1786 esse,
1479 1761 1530 1780 nec
1544 1761 1594 1789 per
1608 1761 1722 1781 sannam

927 1801 955 1824 et
969 1797 1133 1829 ludibrium,
1150 1798 1183 1825 ad
1198 1798 1289 1833 ipsum
1305 1798 1375 1826 dixit
1391 1807 1397 1826 :

965 1843 994 1871 S.
1011 1843 1114 1872 ARCH.
1131 1844 1191 1878 Quo
1207 1845 1289 1873 modo
1310 1846 1352 1873 vis
1372 1853 1415 1872 me
1431 1846 1480 1872 tibi
1502 1850 1604 1873 certam
1618 1849 1645 1872 et
1660 1845 1720 1880 pie-

926 1899 990 1918 nam
1007 1891 1087 1918 ﬁdem
1103 1891 1214 1919 facere?

961 1937 1064 1965 HERB.
1089 1937 1210 1973 Supplex
1227 1937 1374 1965 Dominum
1397 1942 1475 1964 tuum
1492 1944 1551 1967 ora,
1566 1937 1590 1963 si
1605 1936 1631 1963 in
1649 1936 1720 1963 coelo

926 1987 969 2011 est
984 1987 1016 2011 ut
1039 1983 1120 2016 dicis,
1139 1983 1173 2010 ad
1193 1991 1236 2011 me
1255 1983 1432 2015 descendere,
1447 1987 1477 2010 ut
1493 1982 1601 2010 videam
1618 1982 1718 2016 ipsum,

925 2034 954 2058 et
964 2031 1126 2057 conveniam
1139 2039 1146 2057 :
1159 2034 1197 2063 et,
1207 2030 1277 2058 vivit
1287 2030 1429 2062 Dominus,
1440 2037 1521 2064 quem
1534 2029 1603 2057 dicis
1609 2028 1718 2056 Patrem

924 2084 985 2104 esse
1000 2076 1103 2105 Christi
1120 2077 1171 2109 tui,
1190 2077 1264 2104 illico
1281 2077 1416 2113 baptizor,
1429 2081 1458 2104 et
1473 2076 1567 2104 credo.

959 2163 1024 2191 Haec
1036 2167 1128 2191 autem
1141 2168 1171 2190 ut
1184 2162 1254 2190 dixit
1268 2163 1422 2196 Herbanus,
1435 2163 1592 2190 Scribarum
1606 2166 1634 2190 et
1648 2162 1718 2190 Pha-

62 2200 65 2204 ’
83 2205 131 2236 θος
142 2204 196 2231 τῶν
210 2204 402 2240 Γραμματέων
413 2205 459 2231 καὶ
470 2204 637 2240 Φαρισαίων.
652 2204 792 2238 λέγοντες·
808 2205 872 2238 Ναὶ,

932 2209 1069 2237 risaeorum
1093 2209 1241 2236 multitudo
1265 2209 1416 2236 vociferata
1443 2212 1485 2237 est
1501 2217 1507 2234 ε
1521 2208 1578 2239 Nar,
1591 2207 1715 2238 Domine.

41 2247 174 2287 ρλΚύριε
199 2252 213 2278 6
234 2251 332 2286 μέγας,
357 2252 470 2286 ποίησον
485 2251 597 2286 ἀρτίως,
621 2252 668 2277 καὶ
691 2251 789 2285 ἴδωμεν
804 2251 828 2277 εἰ
844 2251 875 2278 τὸ

83 2296 221 2333 φρύαγμα
237 2298 293 2323 τῶν
306 2297 395 2331 λόγων
411 2306 457 2324 σου
474 2297 508 2323 δι’
525 2297 614 2333 ἔργων
630 2295 798 2332 βεϐαιοῦται.
814 2297 874 2323 Δεῖ-

57 2337 65 2362 έ
83 2343 130 2375 ξον
143 2344 209 2378 ἡμῖν
224 2343 270 2370 τὸν
286 2344 404 2378 Χριστόν
422 2351 480 2374 σου,
497 2344 544 2370 καὶ
565 2343 634 2378 μετὰ
650 2343 733 2378 φόϐου
749 2344 797 2370 καὶ
810 2344 874 2379 τρό-

35 2387 52 2405 ”“¹
66 2379 138 2425 λμου
158 2391 344 2424 πιστεύσομεν
365 2391 405 2421 εἰς
433 2389 533 2421 αὐτὸν,
558 2389 609 2416 οὐκ
629 2389 736 2425 ἔχοντες
760 2389 802 2416 ἔτι
826 2389 873 2415 τοῦ

71 2427 308 2471 π’ὰπολογήσασθαί
335 2444 372 2462 τι.
389 2435 434 2466 Ὠς
447 2435 477 2461 δὲ
496 2435 671 2470 ἐφθέγγοντο,
689 2434 782 2470 ἡρέμα
807 2435 876 2470 πρὸς

35 2481 41 2504 ζ
57 2492 59 2499 τ
81 2481 219 2513 ἀλλήλους
234 2481 338 2516 ἔλεγον,
355 2482 448 2513 Θέλεις
471 2482 518 2508 καὶ
535 2482 671 2522 δείκνυσιν
691 2483 757 2517 ἡμῖν
774 2482 874 2514 αὐτόν;

39 2529 47 2535 ’
62 2524 71 2543 '5
81 2527 143 2560 καὶ,
155 2527 221 2558 Φεῦ,
235 2527 277 2554 ὅτι
295 2528 470 2564 γενησόμεθα
481 2528 649 2563 Χριστιανοί.
663 2528 754 2555 ’Ἄλλοι
771 2529 873 2563 ἔλεγον,

45 2564 59 2581 θ
75 2573 153 2599 ’Ἐάν
164 2581 218 2609 περ
230 2573 305 2609 δείξῃ
322 2575 387 2610 ἡμῖν
402 2574 495 2607 αὐτὸν,
510 2574 554 2600 διὰ
568 2574 594 2600 τί
612 2574 649 2610 μὴ
661 2575 872 2610 πιστεύσωμενς

30 2612 42 2620 ί
81 2619 194 2654 Ἕτεροι
210 2620 313 2653 ελεγον·
335 2621 400 2653 Ναὶ,
421 2620 504 2653 δείξει
520 2621 585 2656 ἡμῖν
611 2621 692 2653 αὐτὸς
718 2621 871 2656 ἄνθρωπον,

81 2665 157 2698 ῖστις
177 2665 310 2700 κέκτηται
338 2667 460 2702 σήμερον
487 2668 570 2702 μήκει
593 2667 650 2702 (75)
668 2667 763 2702 χρόνον
777 2668 872 2694 τοσοῦ-

58 2735 60 2737 .
83 2719 130 2738 τον
146 2712 360 2748 τετελευτηκώς.
377 2713 433 2740 Ποῦ
449 2713 477 2740 δὲ
492 2714 539 2740 καὶ
556 2714 719 2749 φανήσεται,
733 2714 871 2742 διαλυθέν-

924 2256 972 2290 qui
988 2263 1104 2290 magnus
1116 2263 1157 2288 es,
1169 2255 1212 2282 fac
1227 2255 1319 2288 modo,
1334 2259 1363 2282 et
1373 2255 1516 2282 videamus
1530 2254 1614 2289 658
1624 2260 1716 2281 utrum

924 2306 1036 2330 tuorum
1051 2309 1211 2330 sermonum
1234 2302 1362 2329 fremitus
1377 2310 1427 2337 per
1443 2309 1526 2337 opera
1548 2301 1630 2329 ﬁdem
1652 2301 1718 2328 facit

923 2352 952 2375 et
965 2347 1122 2375 conﬁrmat.
1135 2347 1254 2375 Ostende
1269 2347 1350 2375 nobis
1362 2347 1501 2375 Christum
1515 2352 1603 2380 tuum,
1616 2350 1717 2374 etcum

924 2394 1025 2421 timore
1038 2398 1065 2421 et
1077 2397 1197 2421 tremore
1211 2393 1356 2421 credemus
1371 2394 1398 2420 in
1415 2393 1515 2428 ipsum,
1530 2401 1584 2420 non
1600 2392 1717 2426 amplius

925 2440 1060 2468 habentes
1083 2440 1157 2475 quod
1179 2439 1368 2467 defendamus.
1383 2439 1451 2466 Cum
1473 2443 1566 2466 autem
1583 2437 1718 2465 vocifera-

925 2490 1023 2513 rentur
1039 2485 1142 2513 sensim
1158 2486 1241 2513 etiam
1263 2490 1291 2512 et
1311 2485 1448 2512 submisse
1461 2484 1609 2511 dicebant:
1624 2484 1671 2511 Vis
1687 2487 1716 2511 tu

924 2538 955 2559 ut
966 2539 1029 2559 eum
1045 2531 1126 2560 nobis
1138 2531 1282 2559 ostendat?
1296 2531 1352 2564 Vae,
1367 2531 1433 2566 quia
1447 2530 1543 2557 ﬁemus
1556 2529 1715 2557 Christiani.

924 2577 977 2605 Alii
1003 2577 1194 2605 dicebant:Si
1218 2577 1331 2612 quidem
1356 2577 1438 2604 nobis
1462 2576 1588 2604 ostendat
1614 2575 1715 2610 ipsum,

926 2625 1107 2660 quamobrem
1133 2633 1187 2651 non
1211 2625 1374 2652 credemus?
1389 2624 1441 2651 Alii
1463 2624 1590 2652 dicebant
1608 2633 1614 2651 :
1635 2624 1716 2652 Certe

927 2671 1008 2698 nobis
1026 2671 1084 2705 ipse
1102 2671 1229 2698 ostendet
1250 2671 1400 2703 hominem,
1424 2671 1472 2706 qui
1497 2675 1571 2698 tanto
1593 2675 1717 2705 tempore

926 2721 1053 2745 mortuus
1069 2717 1234 2744 hodiernum
1247 2717 1320 2745 diem
1336 2717 1444 2744 habent.
1461 2717 1512 2746 Ubi
1529 2717 1612 2744 etiam
1635 2723 1717 2751 appa-

821 2773 938 2802 ΝΟΤᾹΣ.

190 2828 301 2866 ᾼὺτήν.
320 2829 494 2866 Ὲοηεῗαὺτῇ.
511 2830 613 2858 GULON.

121 2863 179 2898 (72)
201 2864 384 2898 Ἀπατηθείς.
404 2863 484 2892 Forte
500 2866 652 2902 ἁπατηϐᾗς.
667 2867 703 2893 lu.

966 2834 1021 2870 (75)
1041 2833 1147 2867 Μήκει.
1161 2834 1241 2861 Forte
1256 2834 1354 2869 μῆκος,
1371 2834 1407 2861 lu.
