1967 3091
241 107 296 140 ἾἿό

729 107 760 137 S.
777 107 989 138 GREGENTII
1008 107 1125 137 EPISC.
1145 109 1410 155 TAPHARENSIS

1827 113 1881 144 776

243 163 325 195 rebit,
343 162 422 197 cujus
436 168 508 194 ossa,
527 165 557 188 ut
578 161 660 189 liceat
675 162 778 195 dicere,
794 163 821 190 in
837 171 905 190 urna
923 163 982 190 sive
996 162 1033 189 lo-

1089 171 1152 196 των,
1170 164 1207 196 ὡς
1222 165 1319 196 εἰπεῖν,
1337 165 1385 191 καὶ
1399 165 1488 191 αὐτῶν
1502 165 1556 191 τῶν
1574 165 1675 193 ὀστέων
1698 166 1727 193 ἐν
1749 168 1783 203 τῇ
1808 167 1882 204 σορῷ
1894 146 1935 182 ["4

243 209 306 236 culo
322 209 493 236 monumenti
507 208 640 235 dissoluta
657 208 739 235 sunt?
753 208 801 236 Vir
818 212 910 235 autem
926 214 1036 235 sanctus

242 255 354 287 sciens,
396 254 450 282 nisi
490 255 658 290 postulatum
698 255 821 290 ipsorum
862 254 1035 289 expedierit,

242 309 322 328 suum
338 301 479 329 silentium
499 302 566 336 ipsis
580 302 608 328 in
624 301 771 329 maximam
785 301 930 328 victoriam
944 308 1037 328 cessu-

242 356 302 375 rum
328 355 399 381 esse,
423 348 594 383 respondens
609 348 650 375 eis
667 347 735 375 dixit
753 357 758 374 :
775 347 938 383 Cognoscite
963 347 1036 382 quod

240 394 320 421 vobis
335 394 425 429 ipsum
439 394 535 429 procul
550 394 636 421 dubio
646 394 791 421 ostendam
807 403 813 421 :
827 398 855 422 et
867 393 976 420 tametsi
988 400 1037 420 no-

241 440 361 472 lueritis,
380 440 499 467 credetis
514 449 520 467 :
534 440 576 468 sin
592 440 694 472 minus,
715 440 822 475 gladius
836 446 887 467 vos
899 439 1035 467 absumet.

241 485 289 513 Sin
304 490 395 513 autem
417 494 473 513 non
494 486 649 520 ostendam,
663 485 843 513 revertemini
856 484 973 513 arbitrio
988 492 1036 512 ve-

240 536 308 559 Sll‘O.

275 578 332 605 Hoc
346 582 439 604 autem
454 576 594 610 llerbano,
610 581 638 604 et
660 576 701 604 eis
715 578 763 612 qui
787 581 868 605 erant
890 584 953 604 cum
976 577 1037 611 ipso

238 624 352 658 placuit.
365 623 499 651 Dicebant
510 628 604 651 autem
616 624 688 651 inter
699 632 728 651 se
742 633 748 651 :
762 624 822 651 Non
833 623 935 659 poterit
946 623 1036 658 ipsum

239 669 319 697 nobis
336 670 484 697 ostendere
505 670 560 697 ullo
581 670 674 702 modo,
692 670 757 705 quia
782 669 947 697 interfectus
963 673 1005 696 est
1021 676 1037 695 a

238 717 365 751 patribus
380 717 493 749 nostris,
511 721 539 744 et
553 722 681 744 mortuus
695 721 748 750 est,
766 721 795 744 et
811 717 840 744 in
854 720 1036 743 monumento

239 763 356 789 ﬁrmiter
371 763 530 795 conclusus,
548 763 697 798 subreptus
713 763 764 790 fuit
779 771 794 789 a
808 762 952 797 discipulis
967 761 1035 788 suis.

240 807 357 835 Sanctus
374 812 468 834 autem
485 807 661 843 Gregeutius,
678 812 754 835 certo
768 811 796 834 et
810 808 932 843 perfecte
945 807 1036 834 sciens

238 852 312 886 quod
324 853 394 879 dixit
411 842 564 880 Dominus:
581 852 609 879 Si
625 853 771 880 habueritis
785 842 867 886 ﬁdem
883 852 951 879 sicut
971 860 1035 887 gra—
1050 842 1072 870 Β

239 906 302 924 num
317 898 420 932 sinapis
435 898 468 929 ⁸⁸,
485 902 551 930 etc.,
567 905 694 933 surgens,
711 898 787 925 solus
802 905 897 925 eorum
914 897 961 933 qui
978 897 1034 924 illic

238 949 328 975 erant,
346 943 442 976 exivit,
461 951 524 970 cum
540 943 598 978 regi
615 943 791 978 praecepisset
804 943 903 971 eodem
926 944 953 970 in
972 944 1035 971 loco

238 996 361 1021 manere,
379 997 415 1015 ne
438 997 585 1016 consessus
608 989 808 1016 rcfcrtissimus
823 989 1032 1016 dissolveretur.

239 1035 317 1063 Tunc
332 1035 430 1064 beatus
446 1036 526 1071 longe
549 1044 564 1062 a
587 1040 659 1063 ccetu
685 1036 840 1067 submotus,
859 1035 892 1062 ad
916 1042 1034 1070 precan-

237 1082 303 1109 dum
318 1082 394 1110 stetit
411 1092 417 1109 :
434 1087 462 1110 et
473 1090 545 1118 genu
564 1086 606 1109 ter
624 1081 657 1108 ad
674 1082 860 1116 pavimentum
877 1081 958 1114 ﬂexo,
976 1085 1034 1108 tum

238 1138 364 1165 surgens,
381 1134 409 1156 et
423 1129 458 1156 ad
473 1129 573 1156 coelum
596 1136 693 1156 manus
706 1136 771 1156 suas
785 1127 954 1164 expandens,
973 1135 1034 1154 om-

237 1176 321 1203 nibus
335 1175 506 1207 videntibus,
520 1183 555 1203 ex
571 1175 627 1202 imo
640 1175 724 1203 corde
739 1175 809 1202 dixit
823 1184 829 1201 :

276 1231 285 1247 ‹
304 1222 326 1249 0
338 1222 459 1249 Verbum
475 1221 649 1249 tremendum
663 1221 796 1248 terribilis
807 1224 835 1248 et
847 1220 938 1256 magni
950 1224 978 1247 et
993 1220 1034 1247 in-

238 1269 356 1296 visibilis
379 1268 479 1301 Patris,
504 1271 568 1295 ante
591 1267 689 1295 saecula
714 1266 904 1302 impatibiliter
925 1270 952 1293 et
975 1265 1034 1293 sine

238 1315 312 1342 ﬂuxu
330 1323 364 1342 ex
381 1315 440 1350 ipso
455 1315 589 1350 genitum,
605 1321 662 1341 non
685 1313 799 1345 factum,
817 1320 851 1340 ex
874 1313 934 1339 solo
956 1312 1033 1347 inge-

237 1362 298 1389 nito
319 1361 424 1388 lumine
448 1361 537 1388 solum
554 1359 727 1395 unigenitum
744 1366 892 1386 coruscans
908 1367 914 1385 :
932 1359 971 1386 Tu
986 1359 1033 1394 qui

238 1417 288 1444 per
305 1408 395 1443 ipsum
421 1408 456 1435 ab
473 1407 553 1435 initio
571 1407 671 1434 coelum
688 1411 716 1434 et
739 1410 842 1433 terram
864 1405 990 1437 ﬁrmasti,
1007 1409 1034 1432 et

240 1455 344 1490 Spiritu
360 1459 407 1482 tuo
424 1458 519 1482 saneto
534 1453 665 1485 fundasti,
682 1456 710 1480 et
726 1460 810 1487 super
823 1452 902 1487 aquis
916 1457 1034 1487 utraque

240 1501 331 1529 texisti
346 1510 352 1528 :
367 1501 408 1528 Tu
424 1501 472 1536 qui
496 1500 582 1528 caelos
603 1499 753 1531 inclinasti,
773 1505 802 1526 et
818 1498 985 1526 descendisti
1003 1502 1035 1525 ut
1047 1509 1069 1539 ο

239 1546 332 1580 pluvia
350 1545 378 1572 in
398 1545 486 1572 vellus
498 1545 526 1572 in
547 1548 670 1572 sanctam
687 1544 825 1579 Virginem
838 1543 971 1571 Mariam:
985 1542 1033 1578 qui

238 1592 391 1626 discipulos
407 1591 456 1618 tibi
474 1591 526 1626 ipsi
541 1599 574 1618 ex
593 1595 639 1618 tua
653 1595 726 1618 terra
745 1594 774 1618 et
785 1590 965 1618 Hebraeorum
978 1590 1034 1617 ele-

239 1639 314 1673 gisti,
328 1642 356 1665 et
375 1638 402 1665 in
415 1637 504 1665 oculis
515 1637 721 1673 coryphaeorum
738 1636 950 1671 transﬁguratus
961 1643 991 1663 es
1005 1635 1034 1663 in

240 1689 333 1712 monte
349 1684 479 1716 Thabor;
498 1683 546 1718 qui
564 1683 700 1718 stupenda
722 1683 799 1718 signa
815 1686 843 1710 et
860 1683 984 1718 prodigia
1006 1683 1032 1710 in

241 1731 333 1758 medio
356 1730 514 1758 Iudaeorum
538 1728 708 1756 nefariorum
733 1733 864 1764 operatus
887 1737 917 1756 es
939 1738 946 1756 :
968 1729 1033 1757 Jesu

239 1777 358 1809 Christe,
376 1776 537 1803 invocamus
553 1780 579 1803 te
592 1775 694 1810 ubique
708 1778 883 1810 praesentem,
897 1779 925 1802 et
941 1775 1034 1802 omnia

240 1823 412 1858 implentcm,
427 1822 560 1850 miserere
583 1821 666 1856 hujus
688 1820 776 1848 turba:
791 1821 990 1854 obtenebratm,
1007 1825 1035 1848 et

240 1869 378 1897 obumbra
393 1868 479 1903 ipsam
494 1871 541 1894 tua
552 1867 657 1895 virtute
672 1875 678 1893 :
694 1866 771 1902 aperi
785 1866 947 1894 tenebrosos
961 1867 1035 1902 ipso-

241 1920 301 1940 rum
314 1912 420 1944 oculos,
434 1919 504 1947 quos
516 1911 644 1939 diabolus
656 1911 805 1939 excaecavit
817 1921 824 1939 :
837 1916 866 1939 et
881 1911 1034 1940 secundum

240 1958 447 1985 multitudinem
464 1957 673 1985 miserationum
696 1961 815 1990 tuarum,
833 1958 877 1985 his
894 1962 921 1986 te
944 1958 1034 1993 ipsum

241 2005 394 2036 manifesta,
407 2008 437 2031 ut
457 2008 551 2039 aperte
565 2008 594 2031 et
614 2004 687 2031 clare
709 2008 735 2032 te
753 2004 866 2032 videant
879 2009 907 2032 et
921 2004 1036 2033 credant

241 2054 269 2081 in
289 2058 314 2080 te
331 2053 419 2080 solum
436 2053 524 2080 Deum
546 2061 654 2086 verum,
669 2057 698 2080 et
714 2052 742 2080 in
763 2060 827 2080 eum
842 2053 889 2088 qui
912 2057 939 2081 te
960 2053 1036 2081 misit

241 2099 361 2132 Patrem,
374 2103 402 2127 et
419 2099 448 2127 in
463 2099 598 2135 Spiritum
613 2104 692 2127 tuum
707 2103 843 2128 sanctum.
856 2099 953 2127 Amen.
970 2109 980 2126 ›

277 2229 366 2263 Atque
390 2233 422 2256 ut
445 2228 534 2257 ﬁdelis
558 2228 638 2256 turba
655 2233 682 2256 et
700 2236 749 2256 rex
767 2237 830 2257 cum
855 2229 1036 2265 optimatibus

241 2274 381 2307 dixerunt,
397 2275 484 2303 Amen
505 2275 596 2311 (erant
616 2275 690 2303 enim
708 2276 831 2303 omnium
853 2277 927 2305 oculi
948 2277 976 2304 in
992 2278 1035 2313 ip-

241 2329 302 2349 sum
317 2322 454 2354 conversi,
466 2326 494 2349 et
506 2321 710 2358 intuebantur),
724 2328 805 2350 terra:
819 2327 910 2351 motus
921 2331 1037 2359 magnus

240 2368 330 2396 factus
347 2373 399 2400 est,
416 2372 499 2403 atque
516 2368 551 2395 ab
570 2368 680 2396 oriente
698 2372 753 2395 tam
768 2369 947 2398 vehementer
963 2370 1037 2399 into-

240 2414 311 2446 nuit,
327 2418 358 2441 ut
376 2414 492 2442 horrore
507 2422 603 2441 omnes
620 2415 742 2449 correpti
757 2414 870 2447 fuerint,
883 2421 911 2443 et
925 2417 1035 2444 cecide-

241 2460 297 2488 rint
314 2461 342 2488 in
365 2464 475 2488 terram.
498 2459 551 2493 Qui
573 2461 653 2495 paulo
677 2464 739 2495 post
761 2468 825 2488 cum
849 2463 1036 2491 surrexissent

240 2513 348 2538 omnes,
360 2511 389 2534 et
399 2507 535 2534 orientem
548 2514 645 2534 versus
657 2506 757 2534 intenti
766 2512 868 2540 essent,
880 2516 945 2536 ecce
957 2517 1033 2544 aper-

242 2555 275 2577 ta:
287 2555 351 2577 sunt
366 2551 428 2578 coeli
443 2556 540 2586 portze,
556 2556 586 2579 et
597 2556 712 2586 repente
727 2553 815 2580 nubes
833 2553 937 2590 fulgida
948 2555 1035 2590 expli-

240 2601 300 2623 cata
316 2601 359 2623 est
375 2605 388 2624 a
405 2602 483 2632 porta
505 2598 578 2630 coeli,
597 2599 675 2626 velut
695 2598 794 2633 planus
809 2607 922 2635 campus
936 2601 970 2628 ad
987 2610 1035 2630 eos

242 2649 329 2676 usque
359 2643 534 2670 perveniens.
557 2643 657 2671 Adhuc
677 2647 770 2671 autem
799 2644 914 2672 intentis
945 2647 1034 2674 oculis

241 2685 433 2720 intuebantur,
458 2696 523 2717 ecce
550 2689 685 2718 Dominus
701 2690 781 2718 Jesus
802 2698 817 2718 a
840 2691 927 2726 portis
943 2693 1034 2722 exitus

275 2745 300 2761 "
316 2745 414 2773 Matth.
429 2754 495 2780 xvn,
508 2746 556 2774 20.

1087 209 1135 236 τοῦ
1150 210 1292 245 μνήματος
1310 210 1410 244 utinm”);
1426 211 1455 237 'U
1468 211 1497 237 δὲ
1513 211 1601 245 ἅγιος,
1613 211 1692 244 εἰδὼς
1707 212 1759 245 ὅτι,
1777 212 1826 240 ἐὰν
1843 214 1882 249 μὴ
1892 213 1911 238 ἱ-
1929 225 1933 238 μ

1089 257 1192 292 ποιήσῃ
1204 256 1234 282 τὸ
1253 257 1358 292 αἴτημα
1379 256 1480 290 αὐτῶν,
1499 258 1539 289 είς
1558 257 1687 292 μέγιστον
1701 259 1776 290 νῖκος
1788 258 1882 291 ἕξουσι
1892 258 1908 278 (ι
1918 274 1924 277 λ

1088 300 1137 335 τὴν
1160 301 1243 328 αὑτοῦ
1259 302 1484 338 παρασιώπησιν,
1501 303 1664 339 ἀποκριθεὶς
1681 304 1732 339 ἔφη
1746 305 1815 341 πρὸς
1831 307 1894 332 ab»

1088 346 1161 378 τούς
1174 347 1326 374 Γινώσκετε
1349 349 1392 375 ὃτι
1409 349 1519 381 πάντως
1539 350 1665 386 δείκνυμι
1689 351 1771 378 αὑτὸν
1794 352 1860 387 ὑμῖν
1873 362 1880 367 ·

1088 393 1141 420 κᾶν
1163 393 1200 429 μὴ
1225 393 1375 430 θελήσητε,
1401 396 1577 423 πιστεύσετε·
1597 398 1621 423 εὶ
1639 399 1676 432 μή
1694 406 1737 432 γε,
1756 399 1881 435 μάχαιρα
1895 403 1913 417 λ’

1089 438 1162 473 ὑμᾶς
1177 440 1333 467 κατέδεται.
1353 441 1386 468 Et
1410 441 1440 469 δὲ
1466 442 1503 477 μὴ
1529 442 1618 477 δείξω,
1634 443 1820 472 ἀπελεύσεσθε
1842 445 1908 480 τῷδ

1088 483 1222 520 θελήματι
1239 486 1327 521 ὑμῶν.
1802 514 1812 524 ,_
1826 494 1841 508 η

1126 573 1227 608 Ἥρεσε
1240 572 1320 600 τοῦτο
1335 574 1374 609 τῷ
1394 574 1492 610 Ἐρδᾶν
1506 575 1621 608 καὶτοῖς
1636 577 1685 604 σὺν
1702 577 1787 613 αὐτῷ.
1804 564 1920 605 “Eis-8‘

1087 626 1136 651 γον
1153 619 1209 653 γὰρ
1221 619 1250 644 ὲν
1271 619 1388 652 ἑαυτοῖς,
1407 620 1449 647 ὃτι
1468 621 1505 647 Οὐ
1529 621 1677 657 δυνήσεται
1702 623 1788 656 δεῖξαι
1813 625 1882 660 ἡμῖν
1896 615 1928 655 ί)

1087 665 1170 690 αὑτὸν
1187 664 1324 700 οὐδαμῶς,
1347 665 1415 692 διότι
1440 666 1599 704 ἀπεκτάνθη
1615 668 1693 703 παρὰ
1716 669 1771 696 τῶν
1792 665 1901 698 πατέ-““

1089 718 1143 745 ρων
1158 709 1248 745 ἡμῶν,
1266 711 1313 737 καὶ
1331 711 1463 745 ἀπέθανε,
1479 712 1527 739 καὶ
1541 713 1711 748 ἠσφαλίσατο
1725 715 1807 743 αὐτὸν
1822 716 1880 753 (74)
1889 718 1905 730 ⁸·
1919 717 1928 753 ξ

1087 756 1116 782 ὲν
1131 755 1170 792 τῷ
1186 757 1321 792 μνημείῳ,
1335 758 1382 784 καὶ
1395 759 1503 794 ἐκλάπη
1519 759 1596 795 παρὰ
1613 760 1669 788 τῶν
1685 761 1817 797 μαθητῶν
1831 762 1880 789 αὺ-
1890 768 1898 773 ⁵
1921 756 1922 759 ¹

1087 801 1145 829 τοῦ.
1167 803 1196 829 '0
1215 803 1245 829 δὲ
1266 805 1295 830 ἐν
1317 804 1405 838 ἁγίοις
1418 805 1592 840 Γρηγέντιος,
1608 806 1686 838 εἰδὼς
1703 807 1827 843 ἀκριϐῶς
1838 797 1921 843 ὃτι-’ξ’

1086 848 1163 875 εἶπεν
1175 849 1189 875 6
1203 848 1316 885 Κύριος,
1341 836 1379 877 Et
1511 836 1618 880 πίστιν
1637 836 1684 886 ὡς.
1700 836 1895 881 κόκκον-στί·
1908 836 1920 882 Ι,

1085 894 1214 928 νάπεως,
1227 899 1274 923 καὶ
1293 897 1328 924 τὰ
1341 897 1417 932 ἑξῆς,
1437 898 1557 930 ἀναστὰς
1570 899 1707 935 ὑπεξῆλθε
1724 900 1804 935 μόνος
1823 901 1919 936 τῶνιμς

1085 942 1189 974 ἐκεῖσε,
1217 942 1409 979 ἐντειλάμενος
1434 944 1473 980 τῷ
1498 945 1605 980 βασιλεῖ
1621 933 1754 981 ὲννταυτῷ
1773 933 1929 982 μένειν,έ”ζ”’

1086 988 1154 1024 πρὸς
1168 988 1199 1015 τὸ
1215 989 1253 1024 μὴ
1271 989 1386 1026 λυθῆναι
1399 991 1430 1017 τὸ
1445 991 1610 1027 παμπληθὲς
1624 992 1713 1019 ἐκεῖνο
1729 991 1897 1028 συνέδριον.ν
1910 983 1928 1034 l';

1085 1033 1141 1060 Καὶ
1155 1035 1169 1061 6
1186 1036 1322 1072 μακάριος
1339 1036 1460 1071 μηκόθεν
1477 1037 1523 1064 τοῦ
1543 1037 1683 1074 συνεδρίου
1698 1037 1798 1071 ἀπιὼν,
1811 1038 1876 1073 ἔστη

1084 1082 1125 1113 εἰς
1136 1084 1308 1118 προσευχήν·
1324 1084 1372 1110 καὶ
1389 1084 1484 1115 κλίνας
1497 1085 1528 1111 τὸ
1544 1085 1608 1118 γόνυ
1622 1085 1674 1116 ἕως
1690 1085 1797 1120 ἐδάφων
1807 1085 1876 1121 τρὶς,
1894 1117 1898 1121 1

1086 1127 1133 1153 καὶ
1147 1129 1278 1160 ἀναστὰς,
1293 1128 1339 1155 καὶ
1358 1130 1484 1161 ἐκτείνας
1498 1130 1547 1161 τὰς
1562 1131 1657 1165 χεῖρας
1673 1130 1756 1157 αὑτοῦ
1775 1130 1816 1162 εις
1831 1130 1898 1158 τδν;

1085 1173 1197 1208 οὐρανὸν
1218 1174 1327 1201 πάντων
1342 1175 1469 1210 ὁρώντων
1484 1173 1561 1202 εἶπεν
1577 1176 1610 1202 ὲκ
1625 1175 1749 1210 καρδίαςθ

1122 1227 1130 1244 ι
1153 1218 1182 1245 '0
1196 1220 1313 1256 φοϐερὸς
1325 1222 1412 1254 Λόγος
1434 1221 1482 1248 τοῦ
1499 1222 1615 1257 φυσεροῦ
1628 1223 1675 1248 καὶ
1694 1222 1813 1257 μεγάλου
1829 1223 1890 1248 καὶ·

1085 1266 1203 1301 ἀοράτου
1222 1267 1348 1302 Πατρός·
1367 1267 1387 1304 ὁ¹
1396 1267 1451 1303 πρὸ
1478 1267 1585 1295 αἰώνων
1605 1268 1718 1300 ἀπαθῶς
1734 1269 1781 1295 καὶ
1795 1264 1878 1303 ἁρεύὲ
1908 1281 1912 1283 -

1086 1320 1156 1343 στως
1171 1312 1199 1345 ἐξ
1213 1313 1296 1339 αὐτοῦ
1312 1313 1464 1348 γεννηθεὶς,
1479 1314 1510 1340 οὐ
1525 1314 1660 1349 ποιηθεὶς,
1680 1315 1713 1341 ἐκ
1733 1314 1816 1350 μόνου
1829 1314 1877 1341 τοῦ
1891 1318 1903 1336 ε’

1085 1357 1233 1392 ἀγεννήτου
1246 1358 1336 1392 φωτὸς
1362 1358 1442 1394 μόνος
1463 1359 1622 1395 Μονογενὴς
1637 1361 1822 1396 ἁπαστράψας
1833 1369 1841 1376 ·
1862 1356 1891 1387 6~

1084 1402 1118 1429 δι’
1136 1403 1219 1430 αὐτοῦ
1239 1403 1270 1430 τὸ
1287 1405 1347 1431 κατ’
1361 1405 1447 1440 ἀρχὰς
1467 1406 1623 1442 στερεώσας
1635 1407 1682 1433 τὸν
1697 1406 1811 1442 οὐρανὸν
1828 1407 1882 1434 καῖ
1911 1424 1913 1427 -

1085 1449 1134 1485 τὴν
1144 1450 1208 1484 γῆν,
1229 1451 1276 1478 καὶ
1290 1452 1329 1487 τῷ
1347 1453 1486 1488 Πνεύματί
1503 1462 1550 1480 σου
1564 1453 1603 1489 τῷ
1619 1454 1690 1490 ἁγίῳ
1706 1454 1883 1489 θεμελιώσας’

1086 1495 1133 1521 καὶ
1148 1497 1285 1530 στεγάσας
1293 1498 1341 1524 ἐπὶ
1353 1498 1409 1525 τῶν
1424 1499 1529 1526 ὑδάτων
1544 1500 1675 1536 ἑκάτεραο
1690 1501 1704 1526 6
1721 1499 1816 1532 κλίνας
1829 1499 1885 1527 ob?

1088 1541 1196 1575 ρανοὶις,
1212 1543 1260 1569 καὶ
1280 1543 1403 1576 καταόὰς
1421 1543 1458 1576 ὡς
1476 1544 1552 1577 ὑετὸς
1577 1546 1623 1572 ἐπὶ
1638 1547 1733 1578 πόκον,
1760 1546 1806 1573 ἐπὶ
1827 1546 1893 1581 τὴν⁷

1083 1587 1165 1621 ἁγίαν
1180 1588 1319 1624 Παρθένον
1336 1590 1447 1625 Μαρίαν
1458 1598 1464 1605 ³
1496 1592 1511 1617 6
1522 1591 1648 1627 μαθητὰς
1663 1591 1754 1627 ἑαυτῷ
1777 1593 1810 1619 ἐκ
1826 1593 1879 1627 τῆς

1086 1631 1136 1667 σῆς
1155 1633 1207 1667 γῆς
1222 1633 1278 1660 τῶν
1308 1634 1442 1669 Ἐϐραίων
1463 1635 1655 1672 ἐκλεξάμενος,
1671 1639 1718 1664 καὶ
1736 1634 1883 1673 μεταμορέ
1896 1644 1899 1661 ι

1085 1676 1186 1710 φωθεὶς
1203 1677 1361 1714 ἔμπροσθεν
1383 1680 1437 1707 τῶν
1466 1682 1625 1716 κορυφαίων
1651 1682 1699 1709 ἐπὶ
1721 1682 1767 1709 τοῦ
1796 1682 1879 1718 ὅρους
1916 1685 1920 1694 ³

1084 1722 1202 1759 Θαῦώρ·
1215 1725 1229 1751 ὁ
1249 1726 1354 1760 φρικτὰ
1380 1729 1480 1762 σημεῖα
1499 1729 1546 1755 καὶ
1563 1728 1666 1764 τέρατα
1688 1730 1717 1756 ὲν
1735 1729 1810 1765 μέσῳ
1823 1730 1897 1756 τῶν
1916 1737 1918 1740 '

1085 1773 1253 1807 παρανόμων
1272 1775 1407 1802 Ἰουδαίων
1432 1777 1632 1812 ἐργασάμενος·
1658 1778 1746 1813 Ἰησοῦ
1762 1779 1876 1814 Χριστὲ,

1085 1819 1300 1855 παρακαλοῦμεν
1327 1830 1356 1847 σε
1388 1822 1435 1848 τὸν
1465 1824 1602 1858 πανταχοῦ
1632 1825 1764 1859 παρόντα,
1781 1825 1827 1851 καὶ
1844 1825 1879 1851 τὰ
1897 1832 1901 1835 ‘

1085 1862 1176 1890 πάντα
1203 1864 1376 1900 πληροῦντα·
1396 1867 1510 1902 ἐλέησον
1536 1868 1570 1894 τὰ
1594 1869 1775 1904 ἐσκοτιομένα
1791 1870 1901 1897 ταῦτα³

1085 1908 1186 1945 πλήθη,
1203 1911 1251 1936 καὶ
1267 1911 1410 1944 ἐπισκίαζε
1426 1913 1497 1939 αὐτὰ
1516 1914 1629 1948 δυνάμει
1653 1923 1713 1947 σου,
1734 1915 1782 1942 καὶ
1805 1916 1879 1942 ἄνοι-

1086 1954 1130 1987 ξον
1142 1958 1207 1987 τοὺς
1223 1956 1357 1992 ζοφεροὺς
1370 1958 1528 1994 ὀφθαλμοὺς
1546 1960 1646 1993 αὐτῶν,
1658 1961 1705 1993 οὒς
1720 1962 1734 1988 6
1753 1962 1879 1994 διάϐολος
1898 1971 1900 1974 '
1919 1969 1922 1971 ’

1085 2002 1270 2037 ὲξετύφλωσε,
1290 2005 1337 2031 καὶ
1351 2006 1422 2032 κατὰ
1438 2007 1468 2032 τὸ
1483 2007 1584 2041 πλῆθος
1596 2007 1652 2034 τῶν
1662 2008 1814 2043 οἰκτιρμῶν
1830 2017 1888 2034 σουν

1086 2048 1238 2083 ἐμφάνισον
1250 2051 1361 2077 σεαυτὸν
1374 2051 1490 2084 τούτοις,
1506 2053 1580 2085 ὅπως
1595 2054 1748 2081 θεάσωνται
1765 2063 1794 2081 σε
1808 2063 1878 2090 προς

1084 2093 1183 2129 δήλως,
1205 2095 1252 2122 καὶ
1268 2097 1452 2123 πιστεύσωσιν
1471 2098 1512 2129 εἰς
1536 2098 1566 2124 σὲ
1587 2099 1631 2125 τὸν
1651 2098 1732 2133 μόνον
1747 2098 1878 2133 ἀληθινὸν

1085 2140 1162 2174 Θεὸν,
1176 2141 1223 2168 καὶ
1237 2142 1277 2173 είς
1289 2142 1334 2169 τὸν
1345 2143 1544 2171 ἀποστείλαντά
1566 2153 1596 2171 σε
1613 2145 1740 2180 ἀληθινὸν
1754 2145 1877 2181 Πατέρα,

1832 2187 1840 2201 ι

1049 2184 1072 2212 D
1087 2186 1134 2212 καὶ
1149 2187 1189 2219 εἰς
1200 2187 1230 2213 τὺ
1245 2187 1360 2223 Πνεῦμά
1380 2197 1427 2215 σου
1443 2190 1474 2215 τὸ
1486 2189 1574 2224 ἅγιον.
1601 2191 1698 2226 Ἀμήν.
1723 2199 1732 2216 ι
1832 2187 1840 2201 ί
1885 2198 1895 2219 L

1122 2233 1176 2260 Καὶ
1201 2233 1239 2265 ὠς
1266 2235 1376 2270 εἴρηκεν
1402 2236 1416 2261 6
1443 2237 1537 2267 πιστὸς
1556 2236 1634 2272 ὄχλος
1654 2239 1701 2263 καὶ
1719 2238 1732 2263 6
1749 2236 1895 2271 βασιλεὺςς

1086 2279 1134 2306 σὺν
1150 2281 1206 2312 τοῖς
1223 2281 1269 2307 ὑπ’
1283 2282 1366 2308 αὐτοῦ
1386 2283 1543 2317 μεγιστᾶσι,
1562 2283 1604 2315 τὸ,
1625 2283 1711 2318 ’Λμὴν
1726 2282 1807 2318 (ἦσαν
1821 2283 1890 2318 γὰρτ

1085 2326 1196 2353 πάντων
1223 2328 1247 2353 oi.
1270 2327 1407 2363 ὀφθαλμοὶ
1430 2330 1470 2359 εις
1493 2329 1573 2356 αὐτὸν
1587 2329 1876 2364 ὲναποσκοποῦντες),

1087 2373 1200 2409 σεισμὸς
1218 2374 1306 2409 μέγας
1324 2376 1419 2409 γέγονε
1430 2396 1437 2408 ,
1454 2377 1500 2402 καὶ
1517 2375 1665 2411 ἐϐρόντησε
1688 2375 1758 2411 μετὰ
1781 2375 1878 2410 ἰσχύος

1089 2419 1212 2455 μεγάλης
1239 2419 1310 2446 κατὰ
1338 2420 1483 2453 ἀνατολὰς,
1512 2421 1582 2448 ὥστε
1608 2421 1694 2458 φρίκῃ
1713 2421 1879 2456 συσχεθῆναι

1087 2465 1223 2499 ἅπαντας,
1240 2467 1288 2492 καὶ
1304 2469 1398 2493 πεσεῖν
1412 2468 1457 2493 ἐπὶ
1476 2467 1525 2503 τὴν
1541 2468 1604 2502 γῆν.
1621 2469 1676 2494 Καὶ
1693 2469 1761 2503 μετὰ
1779 2468 1880 2502 μικρὸν

1087 2511 1263 2539 ἀναστάντων
1282 2505 1400 2545 πάντῖυν,
1418 2514 1465 2540 καὶ
1490 2514 1560 2540 κατὰ
1582 2515 1715 2545 ἀνατολὰς
1730 2505 1893 2549 προσεχὸνέ

1085 2567 1151 2590 των,
1176 2559 1230 2585 ἰδοὺ
1248 2559 1424 2595 ἀνεῴχθησαν
1446 2561 1474 2586 αἱ
1502 2561 1586 2587 πύλαι
1605 2561 1652 2587 τοῦ
1676 2560 1805 2595 οὐρανοῦ,
1831 2561 1880 2586 καὶ

1087 2605 1189 2637 εὐθέως
1205 2606 1306 2641 νεφέλη
1323 2607 1442 2642 φωτεινὴ
1454 2607 1580 2642 ἦπλωται
1595 2608 1649 2634 ἀπὸ
1662 2608 1712 2642 τῆς
1730 2607 1819 2642 πύλης
1832 2607 1879 2633 τοῦ

1087 2650 1216 2686 οὐρανοῦ,
1232 2651 1299 2678 ὡσεὶ
1313 2653 1407 2684 πεδιὰς
1424 2653 1564 2686 φθάνουσα
1579 2653 1675 2689 μέχρις
1698 2652 1799 2679 αὐτῶν.
1818 2653 1882 2678 Ἔτι
1898 2656 1902 2675 ἒ

1087 2696 1116 2722 δὲ
1140 2696 1234 2728 ἀτενὲς
1254 2697 1350 2732 ὁρῶσι,
1367 2697 1416 2724 καὶ
1439 2697 1493 2725 ἰδοὺ
1511 2699 1613 2734 Κύριος
1633 2697 1738 2733 Ἰησοῦς
1753 2697 1810 2724 ἀπὸ
1824 2696 1880 2724 τῶν
1912 2730 1915 2735 ι

1835 2748 1913 2795 (ξ’

996 2797 1116 2825 ΝΟΤΙΕ.
1854 2803 1865 2822 J

278 2828 334 2865 (74)
349 2830 460 2857 Αὐτόν.
476 2829 558 2857 Forte
574 2830 664 2862 αὐτός.
679 2832 783 2860 Grmx.
