1967 3091
124 179 177 209 785

123 235 178 260 τῶν
203 235 311 269 εὐαγῶν
338 240 529 275 μοναστηρίων
555 244 687 280 αἰτηθὲν,
714 249 752 281 ὡς
772 251 842 287 ὑπὲρ
858 254 913 281 τῶν

124 283 287 314 ,ιγιωτάτων
299 283 470 320 Ἐκκλησιῶν
482 291 706 327 προτεινόμενον,
715 297 916 330 προσδέξασθαι

122 327 199 361 ἡμῖὶς
224 328 336 361 πάντως
350 330 404 358 ἔδει
426 333 473 359 καὶ
489 334 529 369 τῷ
543 335 663 372 θεοφιλεῖ
677 341 767 379 αρτὦν
783 346 916 382 κοινωνῆ-

126 381 137 382 γ
161 371 168 382 ι
262 374 268 382 ι
290 376 296 382 ι
405 378 411 382 -
470 380 478 382 -

123 371 168 398 σαί
181 381 209 399 τε
226 374 273 400 καὶ
288 376 512 410 ὲπαγωνίσασθαι
528 381 613 419 ζήλῳ.
642 371 756 421 Νὗνκδὲ,
782 390 830 417 καὶ

123 418 337 455 εξειργασμένον
351 423 430 450 τοῦτο
454 427 526 454 κατὰ
544 418 623 463 λόγον
639 431 719 467 ὀρθὸν
736 418 847 472 ὁρῶμεν

122 465 175 490 ὑπὸ
209 465 264 492 τῶν
295 471 522 503 μακαριωτάτων
548 465 838 514 ήμῶν,Πατέρων.τε

121 511 261 546 ἀδελφῶν,
290 513 361 541 ὥστε
386 517 434 543 καὶ
457 519 633 555 ἐγκλήματος
647 520 718 551 εἶναι
732 511 867 561 μεγίστου
884 529 915 556 τὸ

121 557 159 592 μὴ
180 558 288 591 τούτοις
311 561 502 594 ἐξακολουθεῖν
529 568 585 599 τοῖς
609 568 640 594 οὐ
663 572 780 606 μικροὺς
797 573 913 608 ἱδρῶτας

119 604 266 638 ἐςχηκόσιν
283 606 353 641 ὑπὲρ
369 607 421 642 τῆς
435 610 530 645 κοινῆς
550 612 603 639 τῶν
619 604 780 648 ἁγιωτάτων
795 604 913 656 ’E-xxl'q:

119 649 185 675 σιῶν
211 651 344 687 εἰρήνης,
374 654 421 680 καὶ
447 656 475 681 ὲν
492 657 549 688 τοῖς
566 659 697 693 μεγάλοις
714 663 762 689 καὶ
777 649 912 701 πατριαρ-

118 698 206 731 χικοῖς
227 698 400 735 διαλάμψασι
420 701 538 737 θρόνοις.
565 705 612 732 Ἐκ
628 707 737 735 πάντων
752 698 843 738 τοίνυν
858 698 912 740 των

117 744 333 779 ἀνεγνωσμένων
349 746 469 782 εὕρομεν
483 749 614 786 Σευῆρον,
638 753 686 781 καὶ
701 755 804 790 Πέτρον
820 758 911 794 πάσης

124 789 291 824 Ἑκκλησίας
305 793 452 829 καθολικῆς
462 815 469 826 ,
493 796 561 824 ἀλλὰ
576 798 623 826 καὶ
638 801 725 836 αὐτῆς
737 789 786 838 τῆς
800 789 910 839 όρθοδόᾇ

116 833 162 866 ξου
189 835 308 868 πίστεως
333 838 501 873 ἀποστάτας,
521 844 565 869 καὶ
589 833 844 883 ἀποτετμημένουις,
862 851 910 878 καὶ

115 879 168 905 τῶν
192 881 242 915 μὲν
266 882 462 920 ἁπλουστέρων
479 887 572 924 ψυχῶν
598 879 781 926 ἐπιϐούλους,
808 879 863 922 tibi!
879 897 908 924 δὲ

114 925 222 953 ἀσεϐῶν
237 929 384 964 αἰρετικῶν
401 935 560 969 συνεργοὺς,
578 935 622 964 οἷα
638 941 698 971 ταῖς
710 941 800 968 αὐτῶν
816 944 905 971 ποικί-
921 929 942 956 Β

112 974 175 1006 λαις
199 975 383 1012 ὑπαγομένων
408 980 544 1014 πλάναις,
571 984 641 1012 ἀλλὰ
664 987 712 1013 καὶ
733 989 798 1020 τοὺς
815 991 905 1025 ἱεροὺς

112 1019 166 1045 τῶν
182 1021 269 1055 ἁγίων
284 1023 361 1058 ἡμῶν
377 1025 508 1061 Πατέρων
527 1028 648 1064 θεσμοὺς
669 1034 736 1069 παρ’
747 1019 824 1062 οὑόὲν

113 1074 204 1097 σαντο,
215 1067 250 1093 τὰ
260 1068 366 1102 τούτοις
378 1071 595 1109 ἀπηγορευμένα
607 1067 805 1112 ῥιψοκινδύνως
816 1067 904 1109 ποι-εέν

110 1110 315 1147 τολμήσαντες,
344 1116 391 1142 καὶ
417 1116 462 1144 διὰ
484 1119 572 1148 ταῦτα
596 1110 657 1153 ταῖς
681 1110 904 1161 ἀνεγνωσμέναις

111 1156 297 1191 ὑποπεσόντες
314 1161 465 1196 ἰερατικαῖς
482 1164 594 1200 ψήφοις.
621 1168 666 1194 Διὸ
683 1156 826 1205 καὶτὴμείς
840 1156 905 1199 duco;

109 1201 269 1235 λουθοῦντες
294 1206 407 1239 αὐταῖς,
433 1209 498 1241 τοὺς
514 1211 690 1247 εἰρημένους,
708 1201 840 1252 Σευῆρον,
856 1219 903 1246 καὶ

110 1248 224 1283 Πέτρον,
242 1251 309 1286 μηδὲ
324 1254 382 1284 τοῖς
397 1254 450 1281 ὑπὸ
462 1256 600 1285 τοσούτων
613 1259 700 1294 ἁγίων
713 1248 843 1298 Πατέρων
858 1273 904 1299 γε-

108 1295 234 1329 νομένοις
258 1298 319 1323 κατ’
331 1299 423 1327 αὐτῶν
445 1302 568 1334 αἰωνίοις
593 1307 785 1342 κατακρίμασί
800 1318 830 1336 τε
855 1311 903 1337 καὶ

107 1340 279 1376 ἀναθέμασιν
307 1344 531 1390 ὑποσταλέντας,
566 1350 582 1386 ἢ
613 1340 815 1389 μετριωτέρους
837 1357 902 1391 γοῦν

108 1387 180 1414 κατὰ
193 1396 219 1414 τι
233 1390 411 1425 γενομένους,
421 1384 579 1423 τοῦναντίον
592 1397 620 1423 δὲ
634 1399 682 1425 καὶ
693 1400 902 1436 ἐπαυξήσαντας

107 1432 156 1467 τὴν
169 1433 277 1460 ἑαυτῶν
293 1435 453 1473 θρασύτητα
475 1441 548 1468 κατὰ
564 1443 660 1469 πασῶν
675 1445 729 1471 τῶν
741 1447 901 1480 ἁγιωτάτων

113 1476 303 1512 Ἐκκλησιῶν,
333 1482 380 1508 καὶ
406 1483 529 1520 θορύσων
555 1487 586 1513 τὸ
611 1488 655 1514 ἐπ’
672 1476 770 1523 αὐτοῖς.
788 1494 901 1529 πληρώ-

107 1531 207 1554 σαντας
223 1524 310 1558 αὐτὰς
323 1546 330 1559 ,
357 1529 406 1555 καὶ
422 1529 476 1556 τῶν
493 1532 566 1559 ἰδίων
582 1534 672 1562 πόνων
687 1537 750 1568 τοὺς
764 1541 899 1573 καρποὺς,

107 1567 144 1601 ὥς
160 1578 242 1604 φησιν
258 1573 275 1607 ἡ
289 1572 350 1600 θεία
364 1574 461 1611 Γραφὴ
473 1597 480 1609 ,
508 1577 710 1615 δρεψαμένους,
727 1567 757 1609 ἐν
773 1567 809 1619 τῇ
821 1567 897 1619 τάξξῷ

104 1615 270 1651 γενομένους
291 1618 401 1654 ἔχομεν,
425 1619 463 1648 ὧν
484 1623 634 1659 ἠγάπησαν
656 1615 820 1662 αἱρετικῶνπ,
851 1615 897 1657 atat

105 1662 178 1697 ἇπερ
203 1663 376 1692 ἐσπούδασαν
400 1667 443 1702 ἐφ’
465 1668 543 1704 ὕϐρει
569 1671 618 1705 μὲν
641 1672 694 1699 τῶν
715 1674 802 1708 ἁγίων
817 1675 897 1710 ἡμῶν

105 1707 248 1741 Πατέρων,
266 1710 409 1748 ἀνατροπῇ
424 1712 452 1739 δὲ
469 1714 522 1741 τῶν
539 1717 642 1743 πιστῶν
657 1707 785 1754 ἐφευρεῖν
800 1707 898 1748 ἀναθέ-

104 1762 180 1789 ματα
204 1755 291 1783 ταῦτα
317 1757 431 1793 ἔχοντας
450 1761 549 1793 αὐτοὺς
575 1764 646 1790 κατὰ
665 1764 715 1800 τῆς
730 1766 835 1793 ἑαυτῶν
852 1777 897 1794 κε-

104 1800 204 1835 φαλῆς,
218 1802 453 1838 Πορευομένους,
462 1805 501 1838 ὡς
511 1807 526 1833 ὁ
534 1809 678 1844 προφήτης
688 1811 764 1845 φησὶ,
774 1812 815 1844 τῷ
821 1813 896 1847 φωτί

103 1846 156 1873 τοῦ
171 1848 267 1882 πυρὸς
281 1848 413 1882 ἑαυτῶν,
440 1852 489 1883 καὶ
505 1852 543 1887 τῇ
556 1856 647 1890 φλογί
660 1854 695 1891 ἧς
709 1846 894 1889 ἐξέκαυσαν.

103 1891 162 1919 Κᾶν
194 1894 284 1929 τούτῳ
313 1894 567 1928 ὲξακολουθούντων
594 1901 673 1935 ἡμῶν
703 1903 758 1934 τοῖς
788 1913 894 1939 μνημο-

101 1938 238 1966 νευθεῖσιν
265 1940 354 1974 ἁγίοις
388 1942 531 1978 Πατράσι,
564 1945 611 1972 καὶ
636 1946 681 1973 διὰ
710 1948 791 1983 τῆσδε
814 1950 894 1984 ἡμῶν

100 1984 150 2018 τῆς
168 1985 283 2020 μετρίας
307 1987 368 2013 κατ’
384 1988 476 2015 αὐτῶν
491 1991 659 2025 ἀποφάσεως
679 1993 893 2028 ἀναθεματιζόν-

99 2037 156 2056 των
176 2031 240 2061 τοὺς
256 2032 356 2064 αὐτοὺς
374 2033 512 2070 Σευῆρον,
540 2037 587 2064 καὶ
603 2038 723 2073 Πέτρον·
752 2036 789 2067 ὧν
804 2041 817 2067 ὁ
831 2041 891 2076 μὲν,

99 2076 145 2102 τὸν
169 2077 218 2112 τῆς
238 2077 439 2111 Θεουπολιτῶν.
458 2081 472 2107 ὁ
484 2081 524 2114 δὲ,
539 2082 585 2110 τὸν
602 2083 749 2119 Ἀπαμέων
763 2085 893 2122 ἀθέσμους

99 2122 268 2157 ὑφήρπασαν
284 2124 380 2160 θρόνον
392 2147 400 2159 ,
427 2127 497 2154 ὥστε
514 2129 579 2160 τοὺς
593 2131 634 2162 εἰς
646 2131 763 2167 Χριστὸν
778 2133 889 2168 ἠλπικό-

97 2176 165 2199 τας,
195 2169 241 2195 καὶ
265 2170 315 2206 τῆς
338 2171 486 2208 καθολικῆς
508 2175 673 2212 Ἐκκλησίας
693 2180 889 2214 τυγχάνοντας,

97 2212 180 2239 τοῦτο
204 2214 327 2248 εἰδότας,
359 2217 397 2253 μὴ
417 2219 595 2254 περιπίπτειν
611 2223 703 2255 αὐτοῖς
724 2225 821 2261 ἀγνοίᾳ
835 2228 890 2255 τῶν

98 2259 158 2285 κατ’
171 2260 262 2287 αὐτῶν
277 2264 429 2296 κανονικῶς
441 2265 620 2301 ὀρισθέντων,
634 2269 693 2296 ἀλλ’
706 2270 807 2298 εἰδέναι
818 2273 890 2300 κατὰ
906 2264 927 2292 D

97 2305 148 2340 τὴν
170 2306 353 2344 εὐαγγελικήν
367 2318 397 2336 τε
421 2311 469 2337 καὶ
479 2311 665 2349 ἀποστολικὴν
680 2316 829 2353 ὑφήγησιν,
848 2319 889 2346 ὅτι

97 2353 237 2386 αἱρετικὸν
253 2355 337 2391 ἄνδρα
361 2357 432 2392 μετὰ
449 2359 514 2394 μίαν
536 2362 584 2388 καὶ
600 2362 732 2397 δευτέραν
746 2365 889 2394 νουθεσίαν

97 2398 294 2432 παραιτεῖσθαι
309 2400 373 2437 χρὴ,
398 2402 447 2430 καὶ
463 2404 505 2430 ὅτι
520 2405 637 2439 χαίρειν
652 2408 683 2433 οὐ
697 2408 738 2435 δεῖ
751 2409 790 2444 τῷ
801 2411 889 2437 τοιού-

95 2451 134 2476 τῳ
150 2443 253 2477 λέγειν.
281 2444 308 2471 Ὀ
325 2445 380 2480 γὰρ
402 2447 502 2482 λέγων
516 2448 596 2483 αὑτῷ
611 2452 735 2485 χαίρειν,
754 2443 892 2481 κοινωνεῖ

97 2488 159 2522 τοῖς
182 2489 282 2525 ἔργοις
301 2492 401 2520 αὐτοῦ
420 2493 483 2527 τοῖς
503 2496 656 2529 πονηροῖς.
684 2497 770 2532 Δῆλον
786 2498 824 2530 δὲ,
846 2500 887 2527 ὅτι

95 2534 147 2569 τῆς
165 2535 253 2571 αὐτῆς
277 2537 331 2564 εἰσι
354 2539 546 2574 κατακρίσεως
562 2541 672 2576 Ζωόρας
685 2551 714 2569 τε
731 2544 746 2570 ὁ
759 2544 888 2571 δυσσεϐέ-

95 2588 212 2613 στατος,
230 2583 278 2609 καὶ
303 2583 406 2616 πάντες
422 2586 448 2611 οι
464 2586 520 2618 τοῖς
538 2587 664 2614 εὐσεϐέσι
682 2587 887 2625 θυσιαστηρίοις

94 2634 141 2657 τε,
170 2627 218 2653 καὶ
241 2627 451 2666 βαπτιστηρίοις
477 2631 658 2664 ἀνθιστῶντες
677 2633 727 2666 τὰς
743 2635 887 2670 αἰρετικὰς

95 2672 201 2700 ἐιυτὼν
214 2675 428 2710 παρασυνάξεις,
444 2677 492 2704 καὶ
506 2677 540 2704 τὰ
551 2678 825 2716 παραϐαπτίσματα·
839 2682 887 2708 καὶ

533 184 746 218 SENTENTIA
765 189 915 223 CONTRA
935 195 1115 229 SEVERUM
1133 201 1180 230 ET
1200 202 1366 237 PETRUM.

1710 215 1763 248 786

931 260 951 286 Α
968 262 1153 288 nastenorum
1172 263 1290 296 petitum
1305 270 1358 299 est,
1373 270 1504 302 tanquam
1519 277 1569 304 pro
1581 271 1764 303 sanctissimis

969 302 1101 333 Ecclesiis
1116 313 1289 344 porrectum;
1302 312 1447 341 admittere
1458 315 1572 344 omnino
1586 324 1637 345 nos
1652 324 1765 353 oportet

967 352 995 375 et
1012 349 1135 384 ipsorum
1151 354 1196 388 pio
1212 356 1272 384 zelo
1284 360 1491 388 communicare
1506 365 1589 397 atque
1600 365 1761 394 convenire.

966 393 1048 422 Nunc
1065 402 1157 426 autent
1171 403 1200 426 et
1214 401 1268 429 hoc
1280 410 1341 431 esse
1350 403 1453 432 factum
1469 413 1533 433 cum
1548 408 1656 437 ratione
1669 417 1684 436 a
1695 410 1761 439 bea-

967 438 1082 468 tissimis
1102 442 1231 472 Patrihus
1247 450 1276 473 et
1292 446 1426 476 fratribus
1436 451 1541 479 nostris
1549 452 1606 487 jam
1620 455 1759 490 conspici-

966 490 1046 510 mus:
1069 485 1163 521 sicque
1180 489 1305 518 maxima:
1322 492 1409 526 culpae
1417 499 1501 527 esset,
1521 485 1577 523 non
1590 498 1667 532 sequi
1686 485 1757 532 illos,

965 528 1012 562 qui
1029 537 1085 556 non
1104 539 1204 565 parvos
1214 535 1331 564 sudores
1355 537 1515 567 habuerunt
1542 549 1591 576 pro
1618 547 1760 573 communi

965 581 1032 608 pace
1044 577 1279 608 sanctissimarum
1296 581 1493 618 Ecdesiarum,
1507 590 1535 613 et
1549 587 1597 621 qui
1609 587 1637 616 in
1653 591 1759 625 magnis

965 626 997 646 ac
1008 622 1241 655 patriai-chalibus
1256 629 1622 662 rcsplendueruntsedibus.
1641 634 1681 662 Ex
1696 622 1757 663 om—

963 665 1046 693 nibus
1066 667 1158 703 itaque
1172 670 1250 699 lectis
1266 673 1422 703 invenimus
1436 676 1567 705 Severum
1582 684 1610 706 et
1633 681 1756 714 Petrum,

964 713 1049 739 totius
1066 713 1196 744 Ecclesiae
1211 718 1363 753 catholicae,
1387 721 1442 749 imo
1455 727 1482 750 et
1499 723 1585 758 ipsius
1596 725 1757 755 orthodoxae

963 757 1026 786 ﬁdei
1040 766 1180 795 apostatas
1193 769 1221 792 et
1245 767 1393 801 abscissos,
1417 778 1449 798 ac
1473 771 1674 806 simpliciorum
1694 776 1756 802 ani-

962 810 1069 833 marum
1085 807 1261 839 insidiatores
1273 821 1343 848 esse,
1354 822 1405 843 nec
1418 824 1472 844 non
1487 818 1634 853 impiorum
1647 821 1756 849 haereti-

961 858 1057 879 corum
1076 853 1210 888 fautores,
1228 862 1324 892 utpote
1337 860 1460 895 ipsorum
1477 863 1755 899 frequentibuserro-

961 895 1038 924 ribus
1050 897 1215 946 implicatos.
1232 902 1332 931 Verum
1351 909 1379 933 et
1395 914 1487 935 sacras
1502 910 1659 938 sanctiones
1671 919 1753 940 sanc-

959 945 1049 969 torum
1061 943 1177 972 Patrum'
1189 952 1347 976 nostrorum
1365 959 1415 986 pro
1431 954 1518 981 nihilo
1534 960 1712 989 putaverunt,
1724 962 1752 985 et

955 985 1000 1013 his
1018 987 1165 1018 interdicta
1179 993 1334 1026 periculose
1347 985 1437 1024 facere
1451 985 1685 1035 praesumpserunt
1698 1011 1704 1029 :
1722 1005 1751 1030 et

955 1038 1069 1068 propter
1084 1036 1141 1064 haec
1152 1037 1179 1064 in
1193 1046 1287 1067 sacras
1304 1043 1456 1072 sententias
1481 1044 1566 1074 lectas
1577 1047 1748 1076 inciderunt.

955 1078 1061 1108 Idcirco
1075 1086 1104 1109 et
1114 1091 1164 1111 nos
1180 1085 1253 1119 ipsas
1264 1093 1421 1122 sequentes,
1443 1092 1592 1125 praedictos
1613 1094 1747 1122 Severum

954 1128 982 1151 et
994 1125 1115 1159 Petrum,
1129 1129 1176 1163 qui
1194 1137 1245 1157 nec
1256 1133 1437 1162 retrahuntur
1456 1140 1601 1171 perpetuis
1615 1139 1748 1167 condem~

955 1172 1113 1201 nationibus
1127 1180 1155 1202 et
1170 1177 1505 1215 anathematizationibus,
1520 1191 1535 1210 a
1549 1185 1632 1213 tantis
1643 1187 1746 1215 sanctis

954 1216 1081 1247 Patribus
1092 1225 1185 1249 contra
1200 1223 1274 1258 ipsos
1288 1225 1379 1259 factis,
1390 1231 1438 1254 aut
1450 1229 1633 1258 modestiores
1648 1231 1746 1260 videli-

954 1269 997 1291 cet
1012 1267 1164 1295 secundum
1183 1269 1249 1303 quid
1262 1269 1326 1298 facti
1341 1277 1415 1305 sunt,
1431 1281 1446 1301 e
1460 1275 1600 1303 contrario
1617 1284 1683 1304 vero
1701 1283 1743 1305 te—

954 1313 1110 1340 merilatcm
1139 1322 1216 1342 suam
1236 1323 1373 1345 auxerunt
1401 1325 1498 1348 contra
1515 1329 1612 1350 omnes
1634 1329 1744 1352 sanctas

953 1356 1114 1392 Ecclesias;
1137 1364 1164 1386 ct
1180 1360 1254 1395 ipsas
1270 1363 1443 1397 tumultibus,
1466 1371 1600 1400 quantum
1619 1368 1647 1395 in
1676 1368 1744 1403 ipsis

953 1402 1014 1436 fuit,
1041 1403 1245 1439 impleverunt,
1262 1413 1291 1434 et
1303 1410 1477 1443 propriorum
1490 1410 1615 1439 laborum
1637 1402 1743 1441 fructus

952 1455 1127 1483 carpserunt,
1151 1456 1182 1478 ut
1203 1452 1272 1480 dicit
1294 1454 1387 1481 divina
1419 1455 1581 1491 Scriptura;
1608 1458 1742 1486 habemus

952 1494 1039 1523 factos
1059 1496 1086 1522 in
1102 1497 1200 1524 ordine
1215 1499 1420 1534 haereticorum,
1439 1510 1509 1537 quos
1531 1504 1696 1538 dilexerunt,
1713 1511 1742 1534 et

951 1542 1137 1575 anathemata,
1153 1552 1214 1579 quae
1230 1546 1398 1574 studuerunt
1424 1548 1548 1577 invenire
1560 1550 1586 1577 in
1598 1557 1741 1581 contume-

912 1596 934 1626 ρ
952 1587 1016 1614 liam
1035 1588 1146 1616 Patrum
1170 1595 1341 1624 nostrorum,
1355 1597 1382 1619 et
1406 1595 1579 1623 eversionem
1605 1596 1738 1633 ﬁdelium,

949 1633 1001 1668 ipsi
1017 1633 1120 1661 habent
1139 1643 1172 1662 ea
1186 1641 1283 1664 contra
1295 1643 1378 1672 caput
1392 1646 1489 1668 suum:
1505 1641 1677 1671 Ambulantes
1690 1645 1739 1679 (si—

947 1683 996 1705 cut
1008 1679 1076 1707 dicit
1091 1681 1236 1717 propheta)
1252 1683 1279 1709 in
1294 1683 1392 1711 lumine
1411 1686 1479 1721 ignis
1490 1688 1533 1714 sui
1544 1692 1569 1715 et
1580 1689 1607 1716 in
1617 1691 1738 1726 ﬂamma,

947 1732 1028 1759 quam
1055 1731 1214 1753 exarserunt
1233 1728 1251 1754 '.
1272 1728 1306 1755 Et
1328 1729 1355 1756 in
1370 1730 1423 1758 hoc
1438 1732 1521 1759 etiam
1533 1736 1675 1769 sequendo
1687 1745 1739 1765 nos

947 1775 1115 1799 ntemoratos
1137 1777 1248 1800 sanctos
1270 1774 1375 1806 Patres,
1395 1784 1445 1811 per
1459 1778 1626 1807 mediocrem
1640 1786 1737 1810 contra

946 1815 1021 1849 ipsos
1033 1817 1196 1845 sententiam
1208 1825 1341 1853 nostram,
1371 1823 1636 1853 anathematizamus
1663 1827 1737 1862 ipsos

946 1859 1078 1888 Severum
1093 1866 1121 1889 et
1133 1863 1254 1895 Petrum,
1267 1873 1384 1899 quorum
1400 1868 1469 1895 alter
1481 1871 1593 1904 quidem
1609 1859 1737 1908 Theopo-

944 1906 1106 1939 litanorum,
1131 1909 1201 1936 alter
1217 1917 1282 1937 vero
1294 1910 1471 1946 Apamiarum
1488 1915 1673 1944 Ecelesiarum
1690 1926 1736 1946 se-

944 1951 1007 1978 dem
1024 1951 1119 1980 illicite
1129 1953 1346 1989 subripuerunt:
1362 1962 1393 1984 ut
1407 1959 1454 1993 qui
1466 1959 1493 1986 in
1506 1960 1647 1989 Christum
1671 1971 1735 1998 spe-

944 2003 1092 2031 raverunt,
1123 2005 1151 2027 et
1178 2001 1322 2030 catholica:
1348 2003 1480 2033 Ecclesiae
1509 2007 1655 2041 exsistunt,
1682 2009 1735 2038 hoe

943 2043 1077 2076 scientes,
1093 2053 1149 2072 non
1166 2046 1290 2075 incidant
1305 2048 1333 2076 in
1351 2049 1434 2084 ipsos,
1456 2051 1610 2087 ignorantia
1625 2062 1734 2089 eorum,

942 2096 1003 2124 quae
1015 2091 1149 2118 canonice
1158 2097 1255 2120 contra
1268 2093 1342 2127 ipsos
1358 2095 1473 2124 deﬁnita
1484 2103 1549 2125 sunt
1563 2107 1570 2132 ;
1588 2100 1635 2127 sed
1645 2101 1734 2129 sciant

942 2134 1094 2162 secundum
1117 2138 1303 2172 evangelicum
1324 2143 1352 2167 et
1369 2142 1547 2175 apostolicam
1566 2144 1732 2185 doctrinam,

941 2179 1070 2213 quoniam
1093 2180 1252 2210 lia-reticuit)
1266 2184 1356 2212 virum
1383 2191 1444 2220 post
1459 2187 1576 2221 primam
1587 2194 1616 2217 et
1632 2179 1732 2218 secun;

941 2226 1004 2252 dam
1024 2227 1204 2255 monilionem
1222 2229 1346 2258 devitarc
1369 2233 1501 2266 oportet‘
1518 2242 1525 2266 ;
1543 2238 1571 2261 et
1585 2236 1659 2269 quod
1675 2244 1732 2264 non

941 2275 1067 2306 oporteat
1087 2272 1181 2301 dicere
1196 2275 1254 2308 tali,
1270 2276 1352 2304 salve.
1379 2277 1449 2304 Nam
1464 2279 1508 2313 qui
1518 2279 1578 2306 dicit
1591 2281 1620 2307 ei
1647 2281 1730 2314 salve,

940 2319 1115 2346 communicat
1124 2320 1244 2354 operibus
1254 2323 1308 2348 suis
1319 2322 1396 2350 malis
1411 2323 1570 2361 [malignis]‘
1583 2346 1590 2352 .
1616 2326 1730 2355 Manife-

941 2366 1015 2390 stum
1050 2369 1142 2392 autem
1173 2369 1216 2393 est
1241 2367 1316 2401 quod
1348 2369 1473 2403 ejusdem
1487 2371 1731 2403 pondemnationis

940 2411 1005 2434 sunt
1028 2408 1128 2436 Zoaras
1153 2410 1353 2446 impiissimus,
1370 2416 1399 2440 et
1426 2421 1542 2447 omnes,
1572 2415 1619 2450 qui
1645 2423 1730 2443 vene-

940 2453 1075 2491 rabilibus
1100 2456 1235 2484 altaribus
1260 2462 1289 2484 et
1317 2458 1488 2493 baptisteriis
1517 2468 1567 2487 sua
1598 2460 1728 2489 haeretica

937 2488 1131 2528 conventicula
1151 2488 1402 2537 opposuerunt..Et
1416 2505 1500 2532 simili
1513 2506 1594 2533 modo
1612 2507 1728 2534 anathe-

937 2544 1102 2573 matizamus
1118 2547 1365 2582 parabaptismata.
1382 2553 1411 2576 et
1437 2550 1520 2584 impia
1545 2551 1647 2586 scripta
1660 2559 1730 2587 prte-

936 2588 1010 2617 dicti‘
1030 2590 1134 2618 Severi.
1161 2591 1313 2627 {Equaliter
1337 2594 1411 2621 enim
1442 2595 1516 2623 sicut
1545 2596 1613 2624 dicit
1634 2597 1728 2625 divina

937 2635 1079 2672 Scriptura
1097 2647 1103 2665 :
1124 2638 1237 2667 OJibih‘a
1257 2644 1326 2667 sunt
1349 2640 1403 2668 Deo
1426 2642 1533 2677 impius,
1555 2647 1580 2670 et
1605 2643 1728 2678 impietas

937 2683 1019 2717 ίριῑιιε
1030 2683 1042 2698 δ
1054 2683 1092 2719 (ι)
1105 2705 1112 2711 .

93 2719 129 2744 τὶ
156 2719 242 2755 ἀσεϐῆ
267 2722 474 2758 συγγράμματα
504 2723 553 2750 τοῦ
577 2725 725 2761 εἰρημένου
748 2727 883 2763 Σευήρου,
903 2729 949 2756 τὸν
964 2730 1058 2764 ὅμοιον
1091 2731 1329 2769 ἀναθεματίζομεν
1360 2734 1471 2770 τρόπον.
1489 2734 1534 2763 Ἐν
1549 2736 1599 2772 ίσῳ
1612 2735 1728 2772 γὰρ,ὥς

95 2773 179 2798 φησιν
193 2765 281 2802 ήθεία
291 2767 399 2804 Γραφῇ,
411 2769 531 2804 Μισητά
544 2770 585 2804 τῷ
597 2771 658 2804 Θεῴ
669 2772 717 2799 καί
730 2773 747 2800 ὁ
755 2773 883 2807 ἀσεϐῶν,
900 2775 950 2803 καί
965 2777 984 2811 ὴ
996 2777 1119 2807 ἀσέϐεια
1131 2765 1235 2807 αὐτοῦ.

134 2822 142 2837 ⁸
160 2822 248 2857 Isa.L,
265 2825 308 2852 Η.
346 2827 357 2843 ³
369 2826 424 2854 Tit.
440 2834 479 2861 Ill,
495 2828 537 2855 10.
576 2829 586 2844 ³
601 2829 623 2857 ll
637 2830 715 2858 Joan.
735 2832 777 2859 11.

816 2833 828 2849 ⁸
850 2832 913 2869 Sap.
928 2843 982 2868 xw,
993 2835 1020 2863 9.

137 2870 385 2922 anllrltegmopera
411 2875 556 2911 Epiphanii
583 2877 878 2915 Constantinopolitani
898 2890 948 2912 XLV
978 2884 1104 2913 Canones
1132 2887 1461 2922 annumeratAssemani,
1481 2886 1604 2916 Bibltodt.
1622 2889 1725 2918 Orieut.

97 2907 166 2932 (om.
181 2904 203 2938 l,
219 2914 245 2941 p.
257 2907 318 2936 619.
