1967 3091
199 232 1828 262 mm

827 321 914 344 ANNO
936 323 1050 346 DOMINI
1065 323 1194 346 DXLVIH.

298 412 792 505 SANCTUS
849 415 1315 509 ISAACUS
1374 418 1728 510 SYRUS

587 570 839 616 NINlVES
879 572 1054 617 UBBIS
1092 574 1436 621 EPISCOPUS.

921 736 1104 768 NOTITIA-

612 817 756 852 (Gauaxn,
779 818 833 845 γει.
856 818 967 846 Patrum
983 817 1106 846 Bibliotlt.
1126 823 1192 846 tum.
1210 819 1268 853 Xll,
1283 827 1308 855 p.
1323 827 1363 852 Ill,
1383 819 1420 856 l.)

225 965 244 992 1.
267 964 471 992 lnexcudcndo
494 965 641 1000 scriptoris
660 966 742 1002 hujus
769 975 853 1002 opere
869 968 912 994 cui
940 968 1055 995 titulus:
1075 968 1111 994 De
1134 972 1283 1003 contemptu
1301 968 1405 1000 mundi,
1422 967 1488 994 illud
1514 967 1709 1003 inscripsimus
1734 974 1832 997 sancto

183 1010 282 1053 7Iaaaco
301 1010 450 1046 presbytero
470 1011 592 1038 Ecclesia:
607 1012 786 1045 Antiocheam,
800 1013 845 1049 (de
864 1022 920 1048 quo
941 1014 1024 1041 verba
1042 1014 1107 1042 facit
1120 1013 1281 1041 Gennadius
1299 1013 1336 1049 (l)
1350 1020 1431 1048 quem
1447 1017 1475 1040 et
1493 1014 1671 1042 Marcellinus
1682 1015 1830 1049 exscribit)

198 1059 317 1086 Patricio
335 1063 361 1086 et
378 1059 508 1086 Ricimere
521 1068 577 1088 coss
592 1082 599 1093 ,
616 1063 782 1090 auctoritate
797 1063 929 1090 nimirum
950 1063 1095 1091 Tritltcmii
1110 1064 1160 1097 (2),
1178 1063 1291 1090 Naironi
1320 1062 1369 1097 (ὖ).
1386 1061 1544 1089 Comlzelisii
1558 1060 1595 1095 (4)
1613 1061 1787 1096 aliorumque
1803 1061 1830 1087 in

189 1114 315 1134 errorem
329 1106 446 1142 abrepti.
463 1107 498 1134 At
510 1114 578 1134 vero
595 1107 774 1141 postmodum
792 1107 827 1134 ab
844 1109 996 1135 Assemano
1011 1108 1050 1144 (5)
1065 1113 1093 1135 et
1111 1108 1240 1135 Fabricio
1258 1109 1296 1144 (6)
1313 1107 1431 1134 meliora
1444 1107 1547 1139 edocti,
1563 1107 1755 1142 presbyterum
1772 1106 1830 1134 An-

191 1152 351 1180 tiochenum
371 1161 385 1180 a
400 1153 587 1180 Ninivitarum
601 1155 732 1190 episcopo
748 1156 781 1183 de
797 1163 852 1190 quo
871 1156 915 1183 hic
938 1164 1040 1188 sermo,
1061 1164 1135 1183 nunc
1149 1157 1261 1184 dennun
1278 1156 1503 1191 distinguimus;
1529 1161 1591 1180 cum
1614 1153 1691 1188 prior
1718 1152 1831 1187 integro

190 1201 248 1229 fere
261 1202 365 1230 saeculo
392 1203 578 1237 posteriorem
605 1205 788 1232 antecessisse
814 1209 990 1239 agnoscatur.
1019 1205 1129 1232 lsaacus
1149 1206 1224 1231 enim
1249 1204 1344 1232 senior
1360 1202 1559 1230 Gennadianus
1574 1200 1687 1235 scripsit
1703 1200 1831 1226 adversus

191 1250 365 1278 Nestorianos
389 1256 414 1278 ct
440 1251 641 1286 Eutychianos;
670 1255 778 1280 ruinam
803 1255 883 1280 etim);
905 1254 1051 1280 Antiochia:
1075 1253 1192 1289 eleganti
1223 1254 1342 1280 carmine
1367 1252 1483 1288 planxit.
1500 1246 1747 1283 Αι‹ιι1ἱ›υῑνεεῐίιί5
1764 1250 1830 1272 υίίιτ

191 1295 222 1322 ν.
239 1296 270 1323 C.
288 1296 339 1332 (7),
360 1296 507 1324 Nestorius
529 1305 602 1325 anno
621 1298 724 1326 Christi
742 1300 794 1326 4'20
820 1300 948 1326 lnercsim
977 1307 1055 1326 suam
1088 1299 1258 1334 publicavit;
1283 1298 1422 1334 Eutyches
1447 1302 1515 1322 vero
1537 1293 1612 1321 circa
1629 1299 1732 1319 annum
1749 1290 1834 1319 Chri-

191 1341 227 1368 sti
243 1342 313 1375 448;
331 1341 487 1369 Antiochia:
502 1343 613 1370 deruunt
636 1345 714 1371 ruina
731 1345 846 1379 conligit
863 1353 935 1372 anno
951 1345 1013 1372 459.
1029 1345 1125 1379 Neque
1143 1344 1189 1371 ditt
1207 1348 1271 1379 post
1287 1343 1363 1370 illaut
1379 1343 1489 1370 cladem
1507 1341 1712 1369 Antiochenam
1731 1346 1832 1374 super-

191 1390 287 1417 stitem
305 1398 369 1417 eum
393 1390 480 1418 fuisse
505 1391 662 1426 colligimus
684 1398 718 1417 ex
746 1391 805 1425 ipso
820 1390 974 1426 Geunadio,
997 1391 1045 1427 qui
1061 1401 1221 1428 supremum
1249 1393 1322 1420 diem
1345 1392 1476 1419 clausisse
1499 1391 1589 1426 ipsum
1606 1388 1689 1416 tradit
1704 1387 1789 1415 Leone
1807 1391 1832 1413 et

189 1438 342 1474 παίω-ἰαιιο
367 1440 571 1476 imperantibus,
601 1445 632 1467 ut
657 1444 731 1468 recte
758 1441 861 1468 habent
884 1442 985 1469 vetusti
1008 1443 1118 1470 codices
1150 1450 1214 1470 mss.
1234 1442 1383 1469 Vaticanus
1400 1445 1428 1467 et
1447 1438 1647 1469 Corbeiensis;
1664 1445 1719 1465 non
1738 1441 1832 1462 autent

190 1486 277 1514 Leone
289 1492 314 1514 et
331 1487 482 1520 Marciano,
500 1492 530 1515 ut
552 1488 684 1516 mendose
707 1489 821 1524 vulgati.
851 1490 901 1516 Leo
924 1490 1061 1524 siquidem
1089 1490 1226 1524 Marciano
1243 1489 1366 1524 defuncto
1383 1487 1512 1521 succedit,
1532 1486 1625 1522 inquit
1642 1483 1830 1515 Marcellinus,

190 1530 374 1559 Constantino
393 1536 420 1560 et
434 1532 510 1560 Rufo
525 1541 597 1560 coss.
621 1533 670 1569 (8),
690 1534 799 1570 rjusque
824 1534 960 1562 voluntate
983 1536 1153 1571 Maiorianus
1168 1535 1240 1571 apud
1259 1535 1417 1562 Ravennam
1440 1534 1532 1562 Caesar
1558 1538 1595 1560 est
1619 1532 1771 1560 ordinatus.
1797 1531 1833 1557 At

191 1580 363 1616 Majorianus
387 1580 549 1609 Occidentis
564 1581 682 1616 itnpcrio
700 1582 783 1609 simul
807 1591 840 1610 ac
868 1583 924 1610 vita
950 1583 1088 1618 spoliatus
1104 1583 1158 1610 fuit
1175 1591 1248 1610 anno
1261 1582 1325 1614 461,
1340 1581 1480 1617 Dagalaifo
1495 1585 1523 1608 et
1538 1580 1672 1608 Severino
1687 1585 1760 1606 coss.
1777 1577 1831 1604 De-

190 1624 276 1651 cessit
292 1624 376 1659 igitur
388 1633 502 1660 magnus
519 1625 630 1652 lsaacus
646 1626 790 1662 presbyter
807 1627 881 1654 circa
894 1635 999 1654 annum
1016 1627 1079 1660 460,
1093 1635 1157 1655 etttn
1174 1627 1248 1654 ultra
1261 1634 1364 1654 annum
1382 1627 1432 1654 461
1450 1627 1511 1662 ejus
1526 1625 1620 1653 obitus
1644 1623 1750 1651 ditTerri
1775 1630 1832 1650 non

189 1670 291 1704 Ροὸείῑι
318 1678 374 1705 quo
390 1671 476 1698 vitam
502 1679 564 1698 cum
593 1677 685 1700 morte
708 1674 889 1701 commutavit
910 1675 1099 1710 Maiorianus;
1119 1682 1210 1710 neque
1226 1674 1330 1702 retrahi
1345 1679 1410 1702 ante
1424 1682 1526 1701 annum
1540 1673 1604 1707 459,
1623 1681 1679 1707 quo
1699 1672 1758 1707 ipse
1777 1671 1833 1699 An-

192 1717 303 1746 tiochia:
325 1718 423 1746 urbem
449 1720 527 1756 gravi
544 1725 627 1748 terra:
650 1727 726 1749 motu
747 1730 912 1750 concussam
932 1731 965 1751 ac
991 1724 1136 1759 disjectam
1160 1724 1284 1752 carmine
1299 1724 1412 1759 lugubri.
1439 1722 1555 1758 planxit.
1574 1720 1687 1748 Cladem
1711 1727 1832 1754 namque

190 1765 392 1794 Antiochenam
415 1774 450 1794 eo
476 1775 550 1796 anno
574 1770 736 1806 contigisse,
759 1779 841 1799 secus
860 1776 943 1807 atque
967 1773 1104 1808 Scaliger,
1121 1772 1271 1805 Calvisius,
1290 1772 1422 1801 Petavius
1435 1779 1468 1799 ac
1483 1770 1584 1806 Pagius
1597 1773 1783 1801 censuerunt,
1797 1775 1832 1795 ev

191 1810 316 1846 probatis
331 1812 494 1840 auctoribus
511 1814 641 1842 evincere
657 1815 752 1843 studet
780 1816 823 1843 vir
840 1816 1020 1845 doctissimus
1046 1818 1126 1853 eujus
1150 1818 1234 1846 modo
1254 1817 1452 1849 meminimus;
1478 1817 1526 1851 qui
1552 1821 1581 1844 et
1603 1815 1728 1851 ejusdem
1743 1813 1833 1842 sancti

189 1857 277 1885 lsaaci
292 1865 377 1893 opera
390 1866 423 1885 ex
436 1858 581 1887 codicibus
601 1868 668 1888 mss.
685 1861 826 1889 Vaticanis
840 1862 896 1890 late
910 1867 1048 1890 recenset.

225 1904 260 1932 Il.
277 1904 337 1931 1am
355 1912 432 1935 vero.
449 1908 479 1932 ut
492 1904 526 1932 de
542 1911 639 1935 nostro
655 1907 750 1935 lsaaco
766 1908 834 1943 Syro
848 1908 962 1936 Ninives
984 1909 1063 1937 urbis
1087 1909 1222 1944 episcopo
1244 1915 1403 1936 sermonem
1419 1907 1583 1940 habeamus,
1605 1915 1697 1943 operae
1711 1905 1832 1942 pretium

190 1951 276 1979 fuerit
291 1951 337 1979 hic
349 1951 444 1986 paucis
458 1951 636 1984 contrahere,
655 1960 716 1988 qua:
732 1952 793 1980 fuse
811 1953 846 1980 de
861 1961 894 1980 eo
909 1953 993 1981 refert
1010 1953 1140 1981 laudatus
1155 1953 1323 1980 Assemanus
1337 1953 1375 1989 (9)
1391 1960 1424 1980 ex
1448 1953 1580 1989 anonymi
1606 1952 1768 1988 praefatione
1797 1952 1833 1979 ad

188 2000 317 2034 ejusdem
332 2000 418 2028 lsaaci
436 2009 533 2035 opera,
550 2009 611 2036 qua:
622 2001 741 2028 Arabico
754 2001 867 2036 quidem
879 2009 1021 2034 aermnae,
1039 2002 1088 2029 sed
1106 2001 1208 2029 litteris
1219 2001 1339 2037 Syriacis
1355 2005 1464 2029 exstant
1481 2001 1508 2028 in
1525 2000 1622 2028 codice
1637 1999 1771 2027 Nitriensi
1788 2006 1832 2025 xx.

196 2047 237 2074 Ex
255 2054 289 2074 eo
307 2047 400 2082 itaque
423 2048 559 2082 sctiptore
584 2046 764 2082 intelligimus
792 2047 937 2082 prwfatum
964 2047 1086 2075 lsaacutn
1112 2048 1212 2084 Syrum
1228 2055 1330 2083 genere
1345 2047 1527 2074 monasticam
1547 2046 1633 2074 vitam
1658 2046 1687 2073 in
1705 2044 1834 2073 ccenobio

191 2095 287 2123 Sancti
313 2095 434 2122 Mattlttri
454 2095 540 2123 fuisse
563 2089 718 2129 professum
740 2104 746 2121 :
765 2094 811 2122 ubi
825 2094 950 2122 doctrina
967 2100 995 2122 et
1009 2096 1128 2124 ascetica
1145 2096 1320 2124 observantia
1337 2100 1482 2131 praestans,
1498 2097 1644 2129 postquam
1660 2093 1724 2119 vita:
1737 2099 1834 2119 emno-

192 2142 283 2170 biticae
298 2141 434 2169 institutis
452 2141 504 2168 rite
521 2140 686 2176 perfunctus
701 2141 811 2172 fuisset,
828 2141 856 2168 in
873 2142 1001 2169 cellulam
1016 2150 1031 2168 a
1044 2143 1215 2170 monasterio
1232 2142 1359 2169 dissitam
1375 2141 1500 2172 secessit,
1518 2139 1617 2174 ibique
1634 2138 1670 2166 ab
1687 2137 1834 2166 hominum

191 2187 334 2216 consortio
357 2192 519 2222 segregatus
540 2185 588 2213 ditt
615 2186 777 2221 permansit.
797 2186 899 2214 Verum
928 2195 992 2214 cum
1013 2188 1075 2222 ejus
1101 2186 1235 2214 doctrina:
1251 2191 1279 2214 et
1296 2186 1454 2215 sanctitatis
1472 2185 1543 2213 fama
1560 2184 1779 2220 percrebuisset,
1798 2183 1833 2210 ad

190 2235 286 2262 sedem
303 2242 408 2270 magna:
431 2233 509 2261 urbis
522 2232 636 2260 Ninives
651 2231 703 2259 fuit
717 2237 842 2260 evectus.
859 2233 895 2259 At.
909 2240 975 2260 vero
992 2232 1034 2260 vel
1052 2232 1110 2268 ipsa
1128 2233 1216 2267 prima
1233 2232 1420 2260 ordinationis
1435 2231 1492 2264 die,
1515 2231 1553 2258 ob
1573 2230 1694 2258 duorum
1719 2229 1833 2264 litigan~

192 2280 260 2308 tium
285 2279 474 2311 insolentiam,
502 2286 611 2306 rursum
634 2278 766 2306 solitaria:
781 2278 844 2306 vita:
860 2277 953 2305 studio
976 2278 1077 2306 ductus
1094 2279 1258 2313 episcopatu
1275 2287 1303 2306 se
1322 2279 1461 2306 abdicavit
1475 2287 1507 2306 ac
1527 2277 1688 2306 Scetcnsctn
1704 2285 1832 2305 eremutn

191 2326 289 2362 petiit;
303 2326 398 2361 ibique
420 2325 454 2352 ad
476 2325 584 2352 obitum
601 2332 689 2359 usque
713 2329 910 2358 commoratus,
930 2324 964 2352 ad
984 2332 1123 2352 summunt
1138 2325 1330 2353 sanctimonia:
1344 2325 1454 2353 culmen
1473 2321 1612 2359 pervenit.
1631 2323 1698 2356 Qua:
1717 2323 1833 2358 quidem

189 2380 225 2400 ex
239 2379 376 2407 anonymo
391 2371 550 2399 summatim
561 2369 700 2405 descripta
719 2370 798 2405 cujus
814 2370 897 2397 modo
912 2372 1084 2398 mentionem
1100 2371 1229 2404 iecimus,
1245 2371 1328 2406 plane
1344 2371 1486 2402 evincunt,
1507 2376 1536 2398 ut
1553 2371 1616 2406 jure
1633 2370 1727 2406 arguit
1744 2370 1829 2398 Asse-

192 2427 300 2452 manus,
316 2419 457 2447 Lambecii
472 2418 527 2454 (10)
542 2423 570 2446 et
586 2418 668 2446 Cavei
682 2418 738 2454 (11)
753 2419 941 2454 conjecturam
957 2427 1134 2455 nequaquam
1148 2428 1211 2448 esse
1224 2420 1434 2451 admittendam,
1455 2419 1679 2447 existimantium
1695 2423 1826 2447 nostrum

192 2469 316 2496 Isaacum
342 2471 404 2502 post
426 2467 584 2495 abdicatum
604 2467 794 2502 episcopatum
810 2474 844 2494 ex
855 2474 950 2494 eremo
964 2467 993 2495 in
1011 2468 1115 2497 italiam
1132 2468 1254 2500 venisse,
1269 2475 1300 2496 ac
1314 2475 1400 2503 prope
1418 2468 1564 2502 Spoletum
1582 2468 1611 2495 in
1626 2468 1764 2496 asceterio
1792 2468 1828 2496 ab

193 2515 252 2550 ipso
267 2514 380 2542 condito
399 2514 536 2549 reliquum
549 2520 604 2541 suae
620 2512 682 2540 vita:
697 2516 806 2547 tempus
823 2513 991 2548 transegisse
1009 2522 1017 2540 :
1033 2522 1089 2549 quo
1102 2514 1189 2542 semel
1212 2514 1314 2549 posito,
1332 2522 1418 2541 unum
1439 2514 1629 2550 eamdemque
1646 2521 1710 2541 eutn
1726 2515 1824 2542 lsaaco

229 2635 269 2664 11)
283 2634 410 2671 Qennad.
433 2635 470 2662 De
481 2637 572 2671 script.
586 2637 648 2662 ccci.
661 2643 721 2670 cap.
737 2635 782 2662 66.
846 2670 850 2671 7
1074 2634 1112 2671 (6)
1130 2635 1239 2663 Fabric.
1254 2634 1324 2662 Bibl.
1343 2635 1389 2664 Gr.
1412 2639 1480 2662 tom.
1498 2634 1533 2668 Χ,
1550 2642 1631 2671 pagg.
1648 2633 1699 2671 [687
1715 2641 1796 2670 seqq.

230 2670 268 2704 (is)
285 2670 427 2707 Trithem,
438 2671 489 2707 lib.
505 2669 541 2698 ne
556 2672 648 2707 script.
664 2669 726 2698 erit.
743 2678 804 2705 cap.
822 2670 895 2707 “77.7
1076 2669 1115 2707 (Ἰ)
1132 2671 1276 2707 Asseman.
1294 2671 1311 2707 I7.
1329 2678 1454 2707 c.77pagg.
1468 2671 1532 2704 207,
1545 2670 1598 2697 210
1611 2674 1640 2697 et
1650 2669 1713 2696 Sid.

231 2706 269 2740 (5)
288 2706 402 2734 Nairon.
420 2706 514 2741 lc't'opl.
530 2705 638 2741 partft.
653 2715 714 2740 cap.
728 2707 756 2736 ‘3,
773 2713 850 2732 num.
867 2705 913 2732 22.
1035 2725 1041 2728 .
1077 2705 1115 2741 (8)
1135 2706 1286 2733 Marcellin.
1303 2705 1330 2732 in
1348 2705 1451 2741 Chron.

231 2738 270 2775 (Δ)
289 2741 414 2769 Combcf.
443 2738 512 2769 Bibl.
531 2738 595 2769 ῬΡ.
619 2738 739 2769 concion.
766 2746 832 2768 tom.
849 2741 871 2773 Ι,
891 2741 919 2768 in
935 2741 988 2768 Re-
1078 2738 1117 2775 (9)
1136 2743 1243 2767 Assem.
1267 2741 1392 2768 Biblioth.
1414 2740 1516 2768 Orient.
1545 2746 1612 2768 tom.
1642 2739 1664 2773 l,
1696 2746 1758 2774 cap.
1785 2738 1833 2772 δι,

195 2784 273 2812 cens.
291 2782 365 2812 auct.
385 2785 412 2812 p.
425 2777 471 2803 ‘25.
550 2810 559 2812 7
584 2811 587 2812 7
898 2811 903 2812 7
1043 2784 1121 2811 pagg.
1141 2776 1194 2812 47M
1209 2784 1285 2810 seqq.

231 2811 270 2848 (75)
286 2810 429 2840 Assentan.
448 2811 516 2839 b‘ibl.
541 2810 643 2838 Orient,
670 2816 736 2839 tom.
753 2812 774 2840 l.
791 2820 869 2848 pagg.
893 2811 944 2840 207
961 2815 990 2839 et.
1043 2810 1050 2811 ί
1082 2812 1137 2848 (ill)
1156 2810 1286 2848 liambec.
1301 2811 1456 2848 comment.
1470 2811 1520 2848 lib7.
1537 2819 1564 2842 ν,
1578 2810 1706 2848 ῃιιεεεξῖιι
1720 2816 1799 2846 seqq.

231 2812 270 2846 (5)
286 2812 429 2840 Asseman.
448 2812 516 2839 Bibl.
541 2812 643 2838 Orient,
670 2816 736 2839 tom.
753 2812 774 2840 Ι.
791 2820 869 2848 pagg.
893 2812 944 2840 207
961 2815 990 2839 et.
1096 2812 1137 2845 10)
1156 2812 1286 2838 Lambec.
1301 2812 1456 2838 Comment.
1470 2812 1520 2838 lib.
1537 2819 1564 2842 ν,
1578 2819 1656 2845 pagg.
1671 2812 1691 2832 Ἳι

196 2847 249 2876 ιιι
261 2855 338 2882 seqq.
1081 2812 1136 2883 ill)
1156 2846 1222 2873 Cav.
1238 2846 1306 2873 Hist.
1325 2846 1406 2874 litter.
1425 2850 1490 2873 tom.
1508 2847 1528 2880 Ι,
1551 2854 1611 2881 pag.
1628 2845 1691 2873 5l9.
