1967 3091
111 123 163 155 809
847 125 1011 156 ΝΟΤΙΤΙΑ.
1690 124 1718 156 8i
1725 126 1746 157 0·

110 179 200 213 Atque
216 177 243 210 in
256 177 317 204 aliis
334 177 476 205 codicibus
502 177 587 206 isaaci
611 179 672 214 Syri
688 179 777 214 capita
794 189 799 206 :
821 180 886 214 Ἀγά

966 180 1018 206 Mi
1039 179 1153 214 πενιχρὰ
1172 179 1265 213 ἱμάτια
1293 179 1319 204 ὲκ]
1338 177 1467 212 ὲνδύματί
1486 187 1548 211 seu;
1572 184 1654 213 atque
1678 180 1742 211 alia,

111 231 229 258 quorum
245 223 354 249 initium
377 231 383 249 :
426 222 455 248 Ὁ
469 223 582 250 κωλύων
594 223 625 250 τὸ
653 225 750 259 στόμα.
780 225 839 252 Alia
866 225 887 252 it

971 225 1051 260 Ψυχὴ
1075 226 1092 259 ἡ
1122 224 1166 250 τὴν
1182 224 1248 250 Θεὸν
1272 223 1407 257 ἀγαπῶσα
1433 224 1461 248 ἐν
1483 223 1520 257 τῷ
1533 223 1591 258 σι)εῴ
1609 223 1691 259 μόνῳ.
1713 225 1745 252 Et

111 270 149 297 De
164 274 236 296 motu
249 268 369 304 angelico
382 278 412 295 ac
425 269 543 304 profectu
561 271 659 298 anima:
670 279 679 297 :
693 271 790 305 Πρώτη
805 270 904 298 ἔννοια.
930 271 1055 298 iiomilize
1074 270 1207 296 'ascctica:
1232 269 1277 298 99.
1295 276 1329 295 cx
1347 268 1461 303 Syriaco
1482 267 1576 294 Graece
1603 268 1715 296 reddita-
1730 278 1745 296 ει

112 314 233 341 Patricio
252 318 279 340 et
293 305 435 344 Abramio,
452 315 597 342 monachis
621 315 783 342 monasterii
798 315 827 342 S.
852 316 940 343 Sabre.
967 315 1036 343 Vide
1066 316 1221 350 catalogum
1248 321 1313 341 mss.
1342 313 1457 348 Anglias,
1475 321 1501 348 p.
1518 313 1563 346 35,
1579 322 1606 340 ιι.
1634 314 1701 346 256;
1718 321 1746 341 et

111 369 138 397 p.
155 362 200 393 εΗ,
219 362 320 393 n.295,
339 361 384 389 ubi
402 361 472 389 male
488 360 526 386 illi
541 359 596 387 duo
623 360 800 395 interpretes,
822 361 1054 396 quemadmodum
1082 365 1110 388 ct
1137 360 1209 395 apud
1235 360 1367 390 Caveum,
1393 365 1528 387 vocamur
1544 361 1693 388 Ahramius
1718 367 1746 388 ct

111 407 168 434 isaa
183 407 241 434 -'us.
251 407 279 434 in
294 407 391 434 eodem
406 406 529 440 catalogo
547 413 573 440 p.
594 405 652 437 155,
670 406 789 433 homiiia:
806 411 862 434 tres
878 406 963 433 lsaaci
979 407 1063 441 hujus
1075 406 1185 442 Syriaco
1199 406 1306 433 servari
1321 402 1467 433 trad'untur
1480 407 1508 433 in
1525 407 1621 434 codice
1635 407 1747 435 'l'homa:

111 454 215 482 Bodlcii
247 455 290 482 7'2.
327 455 460 482 Memorat
483 453 568 480 etiam
595 452 771 485 Lambecius,
788 453 834 485 iV,
865 462 892 488 p.
924 453 975 480 MS
996 453 1044 489 (υ),
1076 453 1259 488 fragmentum
1279 453 1487 487 Debaplismate
1559 455 1607 487 τῆς
1627 454 1747 490 μεγάλης

111 500 256 534 ἐπιστολῆς
278 501 370 526 Ἰσαὰκ
386 500 432 526 τοῦ
445 500 543 536 Σύρου.
561 501 661 536 Incipit
675 511 681 528 :
701 502 766 528 Ἰδοὺ
783 502 837 537 γὰρ
854 503 887 533 εἰς

972 502 1096 537 ἀπτισμςι.
1117 502 1221 538 δωρεὰν
1247 503 1391 536 συγχωρεῖ.
1416 501 1494 528 Fam.
1512 501 1644 529 iiomiiias
1668 510 1746 529 asce-

111 545 189 576 licas,
210 545 326 572 Arabica
342 545 470 580 scriptas,
485 546 579 581 etjam
595 547 660 574 olim
676 555 692 574 a
706 547 827 574 Patricio
849 553 877 575 et
900 547 1031 575 Abramio
1045 547 1139 575 Graece
1162 555 1266 579 versas,
1292 547 1466 581 Nicopltorus
1481 547 1661 582 Theotokius,
1687 549 1747 576 hie-

112 591 306 624 .‘omonachus,
322 591 411 618 edidit
424 597 452 619 et
461 592 603 630 inscripsit
616 604 623 621 :
640 595 692 621 Τοῦ
704 596 778 622 ὁσίου
791 595 888 630 lia-rp?»

970 605 987 621 ιν
1004 595 1106 628 Ἰειὰακ,
1119 596 1268 622 ἐπισκόπου
1277 594 1370 621 Νινευΐ
1384 595 1430 621 τοῦ
1449 595 1544 631 Σὺρῡυ,
1557 596 1591 622 τὰ
1603 596 1746 632 εὑρεθέντα

112 638 261 671 summa,
275 638 420 674 ἐπιμελείᾳ
435 639 605 677 Νικηφόρου,
618 643 805 678 ῑερομονάχου.
823 642 888 677 πρῶ¹

971 643 1045 673 om;
1066 641 1219 673 ἐκδοθέντα,
1236 641 1346 676 Lipsiae,
1366 641 1445 670 1770.
1462 644 1486 671 8.
1502 643 1572 671 Usus
1588 649 1630 671 est
1658 645 1747 672 editor

114 684 221 712 “luobus
240 684 398 712 codicibus.
418 686 454 713 At
473 695 528 716 non
548 689 622 716 idem
636 689 705 716 ordo
722 694 764 717 est
788 697 960 722 sermonum,
986 691 1033 725 qui
1062 692 1089 717 in
1115 691 1241 718 Arabicis
1267 690 1339 724 apud
1360 690 1559 716 Asscmannum
1587 689 1665 724 ordo,
1695 697 1748 717 nec

112 742 207 762 omnes
222 735 339 762 onmino
353 735 451 762 insunt
466 736 494 763 in
510 734 606 763 Grteca
618 735 758 768 versione,
774 736 821 770 qui
840 736 869 763 in
882 736 960 763 libris
975 736 1131 768 Vaticanis;
1155 737 1280 770 plerique
1308 740 1399 762 tamen
1418 735 1606 769 reperiuntur.
1633 735 1748 764 Dicendi

113 787 198 813 genus
211 786 272 806 esse
292 779 395 806 dicitur
407 779 579 815 inetaphoris
592 779 745 814 oppletum.
769 780 852 807 Plura
866 780 900 807 de
917 780 950 807 iis
965 785 993 807 et
1005 781 1038 808 de
1051 780 1174 807 editione
1193 781 1268 816 leges
1283 780 1309 806 in
1324 780 1407 807 Novis
1426 780 1502 807 Actis
1514 780 1650 807 eruditor.
1668 779 1746 812 1770.

111 825 173 852 Jun.
193 834 219 860 p.
235 826 297 855 283.
310 830 338 853 et
355 826 381 853 in
399 825 509 854 Ernesti
532 825 633 852 Noviss.
661 824 775 852 Biblotlt.
792 825 906 861 tlteolog.
929 830 996 853 tom.
1015 826 1037 858 l,
1055 830 1125 861 part.
1142 835 1171 858 ιι,
1189 834 1215 861 p.
1237 826 1365 853 151445.
1385 829 1467 860 atque
1482 825 1517 852 cl.
1546 825 1649 852 Morelli
1676 825 1745 855 Bibl.

111 877 162 896 Ius.
183 868 230 896 Gr.
248 875 275 896 et
288 869 346 897 Lat.
362 874 428 909 toni.
444 870 463 902 i,
475 878 501 905 p.
516 869 560 899 81.
576 870 610 897 de
626 869 687 897 cod.
706 869 802 897 Venet.
819 870 901 898 Marc.
923 871 983 903 127,
999 871 1026 898 in
1042 879 1097 906 quo
1118 877 1266 900 servantur
1281 871 1365 898 Isaaci
1385 873 1445 908 Syri
1471 872 1610 900 Sermones
1625 875 1748 907 ascetici;

111 915 215 944 Graece.
228 931 262 936 —
277 917 385 944 lsaacus
398 917 483 953 Syrus
497 917 625 944 laudatur
639 925 654 944 a
670 922 750 952 poeta
765 919 898 953 quodam,
923 919 969 954 qui
999 919 1106 946 iambos
1128 919 1283 954 composuit
1307 919 1334 946 in
1349 927 1492 948 sermones
1516 920 1565 948 SS.
1580 921 1703 954 Patrum,
1720 928 1749 950 et

111 974 181 1000 quos
196 965 349 1000 publicavit
363 966 530 993 Amadulius
546 967 573 993 in
589 967 728 994 Anecdatis
740 967 891 1001 litterariis,
906 969 962 996 vol.
978 969 1010 1001 il,
1031 977 1058 1004 p.
1071 969 1106 996 ‘25
1120 977 1210 1004 scqq.,
1228 974 1255 996 et
1271 969 1298 996 in
1315 976 1388 996 vers.
1403 967 1438 994 29
1449 974 1526 1001 seqq.
1545 966 1648 994 dicitur
1667 975 1748 995 nosse

111 1015 208 1048 quieto
221 1022 236 1040 e
249 1019 322 1041 statu
342 1019 462 1042 mentem
480 1015 507 1041 in
522 1014 608 1040 aitmn
627 1013 724 1041 toiiere
740 1014 774 1041 ad
790 1014 912 1042 fcrvidas
925 1022 1023 1049 preces
1038 1015 1210 1048 fundendas;
1228 1016 1295 1042 etin
1309 1013 1426 1042 homilia
1446 1011 1564 1047 quadam
1577 1012 1611 1039 de
1637 1012 1748 1040 silentio

112 1064 140 1086 ct
155 1060 210 1086 vita
230 1060 363 1092 solitaria,
380 1060 407 1087 in
419 1059 481 1087 eod.
496 1059 583 1087 Paris.
599 1059 668 1086 bibi.
686 1059 764 1093 pubi.
784 1060 865 1093 1067,
879 1069 907 1087 ιι.
924 1061 950 1087 1.
964 1075 999 1080 -
1015 1061 1053 1088 De
1069 1061 1122 1087 hoc
1137 1060 1230 1088 lsaaco
1247 1068 1272 1086 v.
1295 1059 1365 1087 Cuil.
1384 1057 1454 1086 Cave
1466 1058 1485 1085 i.
1503 1065 1528 1085 c.
1544 1058 1599 1085 vol.
1612 1058 1633 1085 Ι.
1647 1059 1718 1093 [ι.45
1726 1060 1747 1087 i.

111 1114 127 1133 ιι
144 1114 199 1140 quo
215 1111 305 1133 tamen
323 1106 378 1133 duo
387 1106 481 1134 isaaeo
493 1113 554 1133 esse
569 1105 683 1137 mistos.
699 1105 754 1140 jam
770 1105 932 1133 adnotatum
945 1110 987 1134 est
999 1115 1006 1140 ;
1017 1106 1118 1134 Oudin.
1133 1106 1160 1133 in
1173 1106 1280 1134 Comm.
1296 1106 1330 1133 de
1348 1104 1397 1132 SS.
1415 1104 1490 1131 Eccl.
1505 1104 1526 1136 i,
1539 1112 1566 1139 p.
1583 1104 1653 1132 1400
1668 1112 1746 1140 seqq.

71 1186 74 1188 _
113 1152 145 1178 ad
157 1146 182 1178 ιι.
196 1150 258 1183 510,
269 1152 316 1185 qui
337 1159 391 1178 non
404 1152 495 1179 solum
508 1150 543 1177 de
555 1158 589 1177 eo
608 1150 712 1177 multus
728 1155 786 1183 est,
801 1150 848 1178 sed
862 1151 946 1178 etiam
961 1151 1041 1179 codd.
1055 1153 1102 1186 qui
1115 1151 1142 1178 in
1159 1149 1367 1178 Vindobonensi
1381 1155 1408 1178 et
1426 1150 1548 1186 Anglicis
1571 1150 1748 1178 bibliothecis

113 1203 231 1230 exstant,
242 1203 270 1224 ct.
286 1198 369 1225 isaaci
388 1198 521 1232 opuscula
538 1197 789 1232 comprehendunt,
806 1197 969 1233 diligentem
979 1203 1141 1232 enumerat;
1158 1198 1258 1226 Saxius
1278 1197 1306 1224 in
1321 1196 1415 1224 Onam.
1441 1196 1493 1223 litt.
1511 1196 1533 1229 Ι,
1555 1205 1582 1232 p.
1598 1196 1650 1224 507
1669 1204 1746 1232 seqq.

113 1244 146 1271 ad
159 1252 185 1270 τι.
200 1244 248 1270 HO
262 1252 269 1276 ;
285 1251 347 1270 nam
363 1244 416 1271 hoc
433 1243 544 1271 circiter
558 1242 663 1270 ambitu
678 1250 741 1270 eum
758 1243 923 1272 inclaruisse
943 1245 1111 1280 suspicatur,
1126 1249 1163 1275 et,
1180 1243 1338 1278 epistolam,
1367 1243 1468 1280 inquit,
1487 1251 1562 1273 certe
1581 1246 1616 1273 ad
1643 1245 1749 1273 Simeo-

114 1298 176 1317 nem
191 1289 316 1324 Styiitam
334 1297 397 1316 eum
414 1288 558 1322 scripsisse
575 1288 664 1314 aiunt.
680 1287 818 1322 imprimis
833 1288 1037 1323 comparandus
1049 1293 1092 1315 est
1105 1288 1305 1321 Assetnannus,
1318 1289 1364 1324 qui
1386 1289 1413 1317 in
1430 1290 1498 1318 Bibl.
1520 1291 1621 1319 Orient.
1643 1296 1709 1319 tom.
1725 1292 1747 1322 i.

114 1345 176 1372 cap.
195 1338 239 1370 54,
255 1346 281 1373 p.
298 1337 430 1369 444-165,
445 1336 557 1370 copiose
572 1336 751 1370 persequitur
766 1336 851 1363 vitam
866 1337 1023 1371 scriptaque
1037 1336 1132 1369 lsaaci,
1161 1336 1298 1364 Niniviuc.
1314 1337 1437 1366 Primum
1464 1339 1629 1374 particulam
1649 1347 1747 1367 excer-

115 1386 170 1419 psit
183 1393 215 1412 ex
227 1385 301 1412 illius
313 1385 377 1415 vita.
389 1391 470 1419 quam
484 1391 638 1419 anonymus
650 1383 677 1410 in
693 1383 800 1418 praefat.
816 1383 850 1410 ad
868 1384 952 1411 isaaci
969 1383 1038 1418 Opp.
1051 1391 1113 1419 quae
1127 1384 1244 1412 Arabico
1257 1384 1369 1419 quidem
1390 1394 1526 1419 sermone,
1543 1387 1643 1415 litteris
1658 1392 1747 1415 tamen

115 1433 235 1469 Syriacis
247 1437 356 1460 exstant
371 1433 397 1459 in
411 1432 472 1460 cod.
484 1431 616 1459 Nitricnsi
630 1431 676 1462 20,
692 1431 850 1467 descripsit.
870 1432 939 1459 Tum
951 1432 1067 1467 inquirit
1078 1433 1105 1459 in
1119 1433 1242 1468 ejusdem
1259 1437 1378 1466 aetatem,
1395 1439 1422 1461 et
1433 1441 1465 1460 cx
1479 1433 1562 1460 isaaci
1582 1434 1698 1473 epistola
1714 1435 1748 1462 aii

116 1479 272 1506 Simeonem
297 1479 422 1514 Stylitam
445 1479 594 1514 juniorem,
625 1485 809 1515 cognomento
830 1480 1094 1514 Thaumastoritam,
1113 1486 1264 1508 mortuum-
1278 1481 1323 1508 die
1345 1482 1379 1509 21
1399 1481 1461 1509 Maii
1489 1489 1512 1509 a.
1527 1482 1592 1510 Chr.
1611 1483 1662 1510 595
1676 1484 1748 1519 (qua:

115 1528 229 1562 cpistola
248 1531 418 1562 postremum
434 1526 523 1554 locum
541 1533 653 1563 occupa'
681 1528 708 1555 in
723 1528 786 1556 cod.
811 1527 906 1556 Grieco
930 1528 994 1561 591,
1019 1529 1272 1564 comprehendente
1296 1529 1444 1564 nonaginta
1468 1527 1551 1555 isaaci
1568 1528 1716 1557 Sermones
1734 1538 1751 1557 a

116 1574 235 1602 Patricio
251 1578 277 1600 et
293 1573 487 1601 Abrahamioe
515 1574 627 1610 Syriaco
647 1575 819 1610 conversos),
845 1575 929 1603 eliicit
947 1576 1070 1604 isaacum
1085 1581 1210 1604 nostrum
1230 1580 1308 1604 sexto
1328 1575 1427 1603 sarculo
1443 1575 1476 1602 ad
1501 1575 1604 1602 exitum
1621 1581 1750 1610 vergente

116 1622 240 1650 ﬂoruisse
259 1631 266 1648 :
279 1612 308 1648 et
322 1626 419 1649 contra
442 1620 570 1648 Lambec.
589 1625 616 1648 et
636 1619 718 1650 Cave.
733 1620 807 1648 hunc
819 1620 940 1647 isaacum
954 1628 1015 1648 cum
1033 1622 1118 1648 altero
1131 1620 1268 1656 Ephrtemi
1283 1619 1420 1654 discipulo
1433 1618 1645 1651 confundentes,
1658 1626 1751 1648 osten-

116 1669 158 1696 dit
175 1676 208 1696 cx
228 1667 342 1703 epistola
357 1672 483 1694 nostrum
503 1666 626 1693 isaaeum
646 1673 680 1693 ex
695 1666 892 1701 Mesopotamia
908 1674 962 1694 non
982 1667 1009 1694 in
1027 1667 1144 1700 italiam,
1163 1667 1210 1694 sed
1226 1667 1253 1694 in
1269 1666 1414 1702 Egyptum
1433 1664 1588 1700 perrexisse
1602 1664 1668 1692 etin
1684 1666 1752 1694 Sce-

116 1717 187 1744 tensi
200 1724 293 1743 eremo
305 1715 423 1742 animam
438 1714 510 1749 piam
525 1711 640 1739 efﬂasse.
653 1711 722 1739 Tum
733 1712 766 1739 de
781 1712 904 1747 ejusdem
928 1713 1039 1748 scriptis
1061 1717 1088 1740 et
1103 1712 1184 1740 codd.
1213 1712 1306 1748 paucis
1326 1711 1391 1746 agit,
1407 1711 1434 1737 in
1452 1710 1553 1745 quibus
1564 1715 1671 1738 exstant
1690 1711 1753 1739 Ser-

117 1772 214 1793 mones
226 1763 261 1791 08
277 1763 370 1790 Grazce
390 1762 462 1790 versi
481 1760 516 1788 ab
534 1760 651 1795 aliisque
669 1760 739 1788 male
757 1760 854 1788 tributi
875 1760 969 1788 isaaco
988 1760 1116 1788 Antioch.
1130 1769 1158 1788 ιι.
1174 1760 1202 1787 in
1215 1759 1335 1788 Vindob.
1355 1757 1424 1785 Cms.
1443 1763 1488 1790 ap.
1500 1755 1625 1784 Lambec.
1638 1757 1665 1783 in
1680 1757 1750 1786 Bibl.

117 1812 205 1840 Vatic.
223 1811 305 1838 codd.
317 1810 367 1838 591
382 1811 477 1846 (antea
488 1811 543 1846 jam
559 1808 742 1844 memorato),
761 1809 824 1841 605,
845 1810 907 1842 787,
927 1814 954 1837 et
974 1809 1060 1844 Regio
1074 1809 1258 1837 Alexandrino
1267 1808 1303 1836 25
1314 1809 1342 1835 in
1362 1805 1455 1841 specie
1471 1804 1610 1832 uberrime
1625 1810 1752 1834 recenset
1780 1840 1784 1845 I

116 1867 210 1894 opera.
221 1865 242 1885 s.
257 1857 344 1884 libros
356 1857 382 1884 ιι.
397 1856 560 1883 Sermonum
572 1863 605 1882 ex
617 1855 761 1882 codicibus
771 1855 890 1891 Syriacis
902 1855 959 1891 (qui
975 1863 1060 1882 unum
1072 1855 1206 1882 duntaxat
1218 1854 1321 1881 habent
1331 1853 1455 1888 librum),
1468 1856 1496 1879 ct
1506 1852 1630 1880 Arabicis
1642 1853 1752 1888 (inqui-

115 1907 169 1932 bus
187 1908 252 1931 sunt
267 1908 366 1938 quator
384 1902 472 1937 libri),
485 1905 567 1936 atque
581 1899 685 1927 Graecis
694 1900 849 1928 Vaticanis:
863 1900 1004 1935 idemque.
1023 1900 1050 1927 in
1072 1901 1173 1935 quibus
1189 1899 1269 1927 codd.
1287 1898 1390 1934 singuli
1408 1905 1552 1926 sermones
1565 1899 1751 1933 reperiantur,

119 1951 221 1985 ubique
234 1949 347 1976 indicat.
362 1948 570 1975 Continetvero
585 1947 656 1974 liber
674 1954 838 1974 tsermoncs
855 1947 953 1982 viginti
967 1952 1103 1982 quatuor;
1121 1947 1192 1974 iiber
1215 1955 1243 1979 ιι,
1264 1952 1407 1974 sermones
1422 1944 1474 1976 45',
1497 1944 1568 1971 liber
1581 1953 1620 1977 ill,
1644 1953 1751 1973 sermo-

117 2004 167 2024 nes
178 1996 228 2027 xii;
242 1995 290 2021 lib.
300 2002 336 2026 iV,
350 1993 544 2026 scrmoncs‘io,
555 1999 638 2028 atque
646 1993 790 2028 epistolam
801 1994 835 2021 ad
847 1994 969 2022 Simeon.
982 1995 1242 2022 Thaumastoritam.
1252 1994 1377 2028 Denique
1388 2001 1415 2027 p.
1427 1992 1476 2020 461
1488 2000 1566 2028 seqq.
1576 1994 1753 2029 persequitur

120 2041 180 2067 cod.
195 2040 222 2067 in
240 2039 307 2066 bibl.
324 2039 431 2074 collegii
447 2038 646 2066 Maronitarum
661 2038 817 2074 Syriacum,
837 2039 1001 2074 inscriptum
1019 2048 1025 2066 :
1043 2039 1118 2066 Liber
1139 2039 1271 2075 generalis
1292 2039 1327 2066 ad
1344 2046 1434 2066 omnes
1446 2043 1544 2073 gentes,
1561 2047 1609 2067 seu
1623 2039 1660 2066 De
1669 2048 1752 2068 causa

117 2088 239 2115 omnium
255 2095 413 2118 causarum,
429 2087 455 2113 in
469 2095 496 2114 ix
508 2091 642 2114 tractatus
653 2087 760 2114 divisus
772 2095 779 2117 ς
791 2087 870 2122 cujus
885 2091 1027 2114 auctorem
1039 2087 1166 2115 nonnulli
1179 2087 1305 2114 fecerunt
1316 2087 1439 2114 isaacum
1452 2086 1625 2120 Ninevitam;
1641 2087 1689 2114 sed
1701 2088 1753 2116 du-

106 2123 187 2161 'hitat
202 2134 364 2160 Assemann.
377 2136 405 2159 et
419 2140 451 2159 ex
464 2132 625 2166 prchatione
637 2133 760 2159 auctoris
773 2132 853 2160 docet
866 2136 1008 2159 auctorem
1021 2132 1106 2160 fuisse
1120 2132 1253 2165 isaacum,
1266 2133 1436 2160 Edessenum
1453 2134 1624 2169 episcopum,
1635 2140 1662 2162 et
1678 2135 1752 2163 hunc

118 2180 238 2214 denique
255 2183 367 2214 propter
381 2178 486 2210 turbas,
500 2178 565 2205 sedc
580 2186 628 2205 sua
644 2178 752 2210 relicta,
766 2178 792 2204 in
807 2178 946 2213 proximos
958 2178 1068 2206 Edessa:
1081 2182 1188 2206 montes
1199 2180 1357 2211 secessisse,
1374 2179 1468 2214 ibique
1480 2180 1621 2208 laudatum
1632 2181 1751 2209 dictasse

119 2226 253 2253 codicem.
270 2240 304 2245 —-
321 2225 349 2252 in
370 2225 468 2252 eodem
490 2225 544 2251 vol.
565 2232 592 2259 p.
611 2224 663 2251 565
681 2231 759 2260 seqq.
777 2224 827 2250 558
846 2224 897 2251 569
911 2224 1000 2251 'isauei
1029 2224 1177 2251 Sermones
1196 2225 1387 2257 nominantur,
1402 2225 1449 2260 qui
1468 2233 1533 2253 sunt
1548 2226 1575 2254 in
1605 2227 1686 2255 codd.
1705 2228 1753 2255 Ni-

121 2272 273 2299 triensibus
291 2272 319 2298 in
333 2271 404 2297 bibl.
423 2270 514 2298 Vatic.
531 2275 558 2298 et
573 2279 599 2305 p.
622 2270 684 2302 607,
697 2269 778 2297 codd.
799 2270 815 2296 4
830 2274 857 2296 et
871 2270 898 2301 5,
928 2277 998 2304 quos
1019 2269 1125 2297 Assrm.
1146 2277 1179 2296 ex
1205 2270 1313 2298 oriente
1329 2271 1493 2298 advexit.-—
1516 2271 1625 2299 isaacus
1650 2273 1751 2308 passim

119 2318 246 2346 citatura
263 2317 339 2353 Syris
354 2316 550 2351 scriptoribus,
569 2316 686 2344 docente
700 2316 807 2343 Assem.
830 2316 857 2342 in
870 2315 926 2342 vol.
942 2315 985 2347 iii,
1004 2323 1031 2350 p.
1047 2315 1106 2348 158,
1133 2315 1257 2347 185,505
1283 2316 1342 2352 (ubi
1367 2318 1567 2347 nar-Hebraeus
1593 2320 1687 2348 laudat
1700 2320 1753 2348 2N

119 2364 269 2392 Sermones
285 2363 395 2397 lsaaci),
409 2362 471 2399 506,
487 2364 539 2392 3m
551 2364 599 2392 tiu.
617 2364 679 2396 515,
696 2363 792 2398 ibique
805 2367 864 2390 not.
887 2362 945 2399 (ubi
962 2367 1053 2390 tamen
1078 2362 1188 2390 lsaacus
1207 2362 1364 2392 Edessenus
1379 2366 1453 2394 circa
1470 2374 1495 2393 ιι.
1513 2366 1562 2394 450
1574 2366 1711 2400 innuitur,
1725 2373 1753 2395 et

121 2411 228 2438 Amida:
243 2410 346 2438 obiisse
362 2409 490 2446 dicitur).
501 2427 535 2432 —-
547 2411 636 2440 Codd.
651 2411 679 2439 in
702 2410 805 2446 quibus
820 2410 904 2438 isaaci
921 2410 1014 2438 Niniv.
1032 2410 1180 2439 Sermones
1193 2415 1354 2443 occurrunt,
1368 2417 1397 2440 ct
1422 2412 1468 2447 qui
1489 2420 1504 2439 a
1525 2412 1651 2441 Fabricio
1669 2418 1753 2449 atque

119 2458 296 2493 (iudinojam
309 2457 423 2485 excitati
437 2462 512 2485 sunt.
529 2457 591 2485 addi
604 2463 722 2492 possunt
740 2456 919 2491 Mosquenses
932 2455 995 2488 293,
1023 2460 1093 2483 orat.
1110 2463 1173 2483 cum
1197 2455 1322 2488 schoiiis,
1336 2456 1388 2484 291
1417 2457 1456 2491 (in
1474 2464 1529 2492 quo
1555 2462 1621 2484 sunt
1643 2464 1750 2492 septua-

119 2506 194 2542 ginta
210 2514 257 2533 sex
269 2506 365 2540 orat.),
377 2504 431 2532 295
447 2504 560 2540 (scripta
572 2512 633 2531 cum
650 2503 766 2539 prologo
779 2502 813 2529 dc
826 2502 913 2530 isaaci
925 2501 1003 2536 vita),
1019 2501 1082 2535 296,
1106 2506 1234 2536 excerpta
1254 2509 1286 2528 ex
1303 2502 1426 2537 quinque
1441 2507 1512 2531 orat.
1529 2503 1614 2531 isaaci
1632 2503 1712 2539 Syri;
1726 2504 1751 2532 in

119 2547 182 2580 cod.
195 2552 248 2580 578
262 2555 367 2586 septem
385 2550 459 2577 illius
471 2548 622 2584 opuscula;
634 2547 686 2574 598
701 2546 783 2574 isaaci
799 2545 858 2582 Syri
879 2555 895 2572 τι

974 2547 1102 2581 ,ογισμῶν
1115 2566 1122 2572 .
1133 2562 1168 2567 --
1183 2546 1305 2581 Denique
1325 2547 1352 2574 in
1368 2547 1431 2574 cod.
1444 2548 1477 2576 IV
1491 2548 1517 2576 in
1531 2549 1558 2581 ι,
1572 2557 1599 2576 ιι.
1624 2548 1658 2577 16
1667 2553 1696 2576 et
1710 2550 1750 2581 i9.

119 2597 189 2625 bibl.
202 2596 381 2633 typographei
394 2595 492 2632 synod.
511 2593 636 2630 quaedam
652 2593 704 2620 bis.
719 2592 752 2619 V.
768 2592 888 2619 Matthmi
902 2592 987 2620 Notit.
1011 2592 1092 2619 codd.
1110 2592 1158 2620 Gr.
1175 2592 1260 2627 lliosq.
1279 2600 1306 2628 p.
1323 2592 1384 2626 190,
1404 2593 1466 2626 191,
1481 2594 1542 2626 iiii,
1559 2603 1586 2622 n.
1602 2595 1639 2629 ὃς
1656 2604 1683 2632 p.
1700 2595 1752 2622 215

120 2654 149 2674 ιι.
166 2647 176 2674 1
191 2655 198 2679 ;
213 2654 240 2681 p.
253 2645 317 2678 255,
331 2653 359 2672 ιι.
374 2645 417 2677 14,
438 2649 507 2678 etp.
523 2640 586 2668 '50].
602 2654 637 2659 —-
653 2637 770 2666 Taurini
787 2638 815 2665 in
827 2637 896 2668 cod,
908 2638 995 2672 Regio
1005 2638 1054 2666 251
1070 2638 1117 2672 qui
1134 2638 1282 2674 diligenter
1298 2644 1469 2671 recensctur,
1481 2645 1508 2668 et
1530 2640 1666 2673 omnium,
1692 2647 1754 2675 qua!

120 2691 149 2720 in
161 2699 195 2720 eo
204 2691 393 2725 continentur.
404 2689 569 2724 scriptorum
588 2684 672 2713 isaaci
691 2684 775 2716 tituli,
793 2688 874 2718 atque
896 2683 975 2711 initia
993 2684 1183 2719 subjiciuntur
1199 2684 1226 2711 in
1245 2683 1333 2712 Calai.
1355 2693 1420 2713 mss.
1445 2685 1558 2713 'i'aurin.
1581 2686 1628 2713 Gr.
1645 2694 1669 2721 p.
1689 2686 1754 2714 ιτδο

881 2743 999 2772 NOT/E.

159 2793 195 2828 (υ)
206 2793 270 2822 Sive
289 2800 318 2828 p.
330 2792 393 2828 556A
405 2791 450 2820 ed.
465 2790 568 2828 lioilar.
589 2789 616 2816 in
636 2789 697 2816 cod.
729 2789 789 2822 157,
801 2797 831 2815 ιι.
845 2789 870 2815 7.
889 2787 948 2816 ibid
968 2797 994 2824 p.
1013 2789 1062 2816 i35
1088 2797 1165 2825 seqq.
1194 2797 1221 2815 ιι.
1236 2789 1405 2818 ‘ll-95.cod.
1426 2790 1484 2819 ibi}.
1499 2794 1563 2818 sunt
1578 2791 1656 2826 plura
1670 2790 1754 2819 Isaaci

123 2825 202 2864 (app.
222 2825 360 2861 aseeiica,
376 2826 477 2855 Graece.
500 2825 584 2854 llam.

289 2876 425 2906 ΡΑτιιοι..
448 2874 505 2903 Gtt.
534 2872 704 2903 LXXXVI.

1207 2911 1211 2916 λ
1563 2873 1599 2900 iii
