1967 3091
189 161 239 193 8'11
805 147 807 151 '
854 155 884 184 s.
914 154 1037 184 ISAACI
1063 152 1148 183 SYRI
1224 168 1229 175 ν
1765 148 1819 180 διε

188 216 250 248 480,
266 216 292 242 in
308 220 397 249 coque
412 212 473 240 cod.
487 215 529 239 est
540 210 587 238 I'ol.
609 209 768 243 224,15aaci
798 209 914 244 episto‘la
939 208 973 236 ad
987 208 1106 235 amicum
1121 205 1285 242 quemdam;
1301 208 1329 232 et
1340 203 1388 231 I‘ol.
1416 203 1479 235 202,
1504 203 1557 230 alia
1572 203 1605 230 ad
1626 203 1754 232 abbatem
1769 204 1818 231 St-

189 267 326 288 mconem.
345 274 379 279 -—
395 258 516 285 Floreut.
530 256 557 283 in
576 255 639 283 cod.
659 255 790 283 Laurent.
800 255 827 288 9,
844 263 873 282 n.
892 255 935 287 15,
952 255 1022 289 plut.
1039 263 1068 286 ιι,
1084 260 1175 281 sermo
1201 252 1236 279 De
1256 251 1485 279 ranuntiationeet
1504 252 1651 278 monastica
1666 251 1816 287 disciplina.

189 307 250 336 Vid.
267 304 383 332 Bandin.
400 305 481 331 catal.
497 303 564 330 bibl.
577 302 708 329 Laurent.
724 302 746 334 I,
762 309 790 336 p.
807 302 870 333 501.,
883 301 930 336 qui
946 309 1013 328 vero
1028 301 1104 328 hunc
1114 300 1238 327 Isaacum
1254 305 1308 325 non
1330 301 1426 324 curate
1444 299 1590 334 distinguit
1602 299 1636 326 ab
1653 299 1744 327 Isaaco
1759 301 1819 327 An-

189 354 328 384 tiocheno,
344 351 506 378 eteumdem
521 350 599 377 citari
614 351 641 376 in
650 349 823 384 expositione
838 357 981 376 sacrorum
1002 353 1165 384 praeceptor.
1179 351 1236 374 tum
1254 346 1289 373 ab
1300 345 1405 373 Joanne
1431 345 1626 374 Cantacuzeno
1648 351 1746 374 eontra
1767 346 1820 374 Pa-

190 400 299 429 lamam,
314 402 342 425 et
358 397 386 424 in
402 388 573 424 Collectione
587 397 707 431 capitum
724 397 916 429 asceticorum,
933 396 1026 426 docet,
1045 396 1113 423 ibid.
1133 404 1161 430 p.
1177 395 1221 425 99,
1238 393 1291 421 548
1317 398 1345 421 et
1363 393 1426 421 495.
1444 394 1555 421 —lbid.
1570 394 1597 421 in
1610 394 1672 422 cod.
1690 395 1733 427 11,
1748 394 1819 429 plut.

189 446 216 477 5,
229 443 312 471 Isaaci
331 442 393 470 Vita
412 447 440 469 et
451 441 527 470 Orat.
544 442 684 474 undecim,
705 449 821 476 quarum
843 442 930 476 prima
949 442 983 469 de
1001 441 1144 477 Cleonymi
1164 440 1336 471 haereditate,
1356 443 1426 466 teste
1449 440 1623 467 Montfaucon
1641 441 1667 467 in
1681 441 1751 474 Bibl.
1776 440 1820 468 bi-

191 490 354 518 bliothecar.
370 495 436 515 mss.
451 487 472 520 I,
487 495 514 523 p.
526 487 576 515 251
596 488 626 514 D.
646 503 682 507 —
693 487 764 514 Ibid.
780 487 841 514 eod.
860 491 929 514 teste
946 495 973 522 p.
993 487 1046 514 580
1063 487 1093 518 Β,
1111 486 1228 520 epistola
1242 485 1276 512 ad
1300 485 1422 512 Simeon.
1438 485 1469 511 in.
1493 485 1556 512 cod.
1586 486 1629 515 15,
1646 486 1716 520 plut.
1731 486 1773 513 74.
1785 501 1822 507 —-

190 537 221 565 In
239 535 301 563 cod.
317 534 449 562 Escorial.
463 534 501 561 De
512 534 630 561 ascetica
642 533 853 561 conversatione
864 541 943 568 capp.
959 533 1081 565 diversa,
1098 537 1169 560 teste
1185 533 1284 559 Pluere
1305 531 1333 558 in
1355 530 1482 558 Ilinerar.
1505 539 1552 565 per
1575 530 1689 566 Hispan.
1710 539 1736 566 p.
1756 530 1821 559 178.

190 599 224 604 ——
237 584 323 612 Paris.
337 583 365 610 in
378 583 446 610 bibl.
463 582 540 617 publ.
552 588 696 608 sermones
709 580 822 607 ascetici
840 579 922 607 modo
936 579 1039 614 plures,
1050 578 1134 606 modo
1149 578 1306 613 pauciores,
1318 577 1346 604 iu
1361 580 1468 611 septem
1482 576 1533 603 cod
1559 576 1597 612 (ν.
1615 577 1699 604 indic.
1712 572 1748 604 ad.
1759 576 1821 604 Cat.

191 639 257 658 mss.
275 630 377 665 regior.
399 629 485 656 Paris.
501 635 561 655 voc.
579 627 653 654 Isaac
663 627 757 662 Syrus.
774 630 842 653 tom.
857 626 902 661 Il).
922 627 1093 661 Interrogata
1104 630 1133 654 et
1147 633 1279 660 responsa
1297 625 1332 652 de
1348 624 1476 652 doetrina
1491 630 1601 649 morum
1612 622 1639 649 in
1659 623 1721 649 end.
1741 623 1822 656 1074,

193 678 222 703 in
233 683 289 710 quo
305 678 439 710 prmterea
454 678 519 701 sunt
533 672 656 708 ejusdem
670 672 752 699 lsaaci
765 672 799 699 de
813 672 973 699 obedientia
988 676 1071 706 atque
1087 672 1233 702 institutis,
1251 675 1280 698 et
1291 677 1436 698 sermones
1455 668 1554 703 viginti
1570 672 1645 700 octo,
1661 672 1689 695 et
1709 668 1737 695 in
1758 668 1824 696 cod.

192 723 272 754 1073,
287 730 316 748 n.
332 721 344 747 1
365 721 406 754 (in
421 719 546 755 Append.
576 719 610 746 ad
626 718 672 745 cit.
692 723 757 745 tom.
775 718 862 745 Catal.
886 727 913 752 p.
928 717 1002 752 615),
1016 718 1053 744 De
1066 719 1119 744 vita
1138 718 1284 745 monastica
1301 725 1381 751 opus,
1397 716 1424 743 in
1438 715 1528 742 varias
1545 715 1672 742 homilias
1682 715 1801 743 divisum
1817 725 1823 743 2

191 769 248 796 inc.
268 766 299 795 'Il
316 766 390 801 ψυχὴ
402 766 446 792 τὸν
458 765 524 792 Θεὸν
538 764 683 798 ἀγαπῶσα.
699 764 811 792 —]bid.
826 765 852 791 in
863 769 929 792 tom.
943 764 952 791 l
968 763 991 791 C.

1042 766 1054 790 ὲ.
1071 772 1098 799 p.
1109 764 1144 791 5%
1158 769 1186 791 et
1196 765 1240 796 58,
1254 765 1281 790 in
1296 763 1358 790 cod.
1368 761 1488 798 Syriacis
1502 761 1534 788 10
1562 766 1590 788 ct
1605 761 1649 794 71,
1665 766 1728 789 sunt
1739 762 1826 790 Isaac!

191 815 319 842 Ninivita:
331 817 359 841 et
374 813 491 840 aliorum
508 813 683 847 precationes
703 811 803 844 varize;
818 816 846 838 et
864 819 890 846 p.
912 811 974 843 120,
990 811 1018 838 in
1041 812 1103 839 cod.
1121 811 1239 839 Arabico
1249 811 1310 844 166,
1336 811 1460 846 ejusdem
1479 809 1513 836 de
1539 809 1725 844 poenitentia;
1741 815 1826 844 atque

192 868 221 895 p.
239 858 301 890 120,
321 858 349 885 in
369 857 431 885 cod.
447 856 561 892 Syriaco
578 856 628 883 168
643 856 728 883 Isaaci
748 855 809 891 Syri
825 856 943 882 Ilomilia
970 856 1004 883 de
1027 860 1204 891 peccatorum
1233 856 1334 883 causis.
1356 871 1391 875 —
1408 854 1557 882 Mediolani
1581 855 1607 882 in
1637 855 1719 882 codd.
1754 855 1826 883 bibl.

192 903 383 933 Ambrosiam:
399 902 485 931 lsaaci
502 901 677 929 Anachoritae
689 900 766 929 Orat.
784 906 839 928 tres
864 902 891 928 in
914 900 979 928 Sina
1005 905 1098 928 monte
1114 901 1147 928 de
1169 901 1413 929 abrenuntiatione
1427 904 1455 927 et
1473 900 1530 926 vita
1561 897 1725 932 monastica,
1740 914 1775 920 --
1793 900 1826 927 it.

195 950 264 985 (sub
281 949 393 976 nomine
417 947 502 975 Isaaci
520 947 675 982 presbyteri
693 946 871 980 Antiochenij
887 946 1037 974 Sermones
1051 940 1165 974 ascetiei
1183 947 1226 979 89,
1245 952 1274 974 et
1299 946 1389 982 ejusd.
1406 945 1641 981 Interrogationes
1656 946 1828 981 acIIespon-

194 995 303 1026 siones;
320 1008 355 1013 —
369 991 654 1028 Devcontemplationis
673 992 842 1028 perfectione,
855 992 886 1020 V.
902 992 1052 1020 llIoutfauc.
1077 991 1144 1019 Bibl.
1171 992 1289 1020 biblioth.
1315 1001 1378 1019 mss.
1400 992 1422 1023 I,
1440 1000 1468 1027 p.
1492 991 1544 1018 500
1559 990 1592 1018 E.
1620 995 1649 1018 ct
1675 999 1702 1026 p.
1715 991 1776 1018 518.
1793 991 1826 1018 ι).

193 1054 228 1059 -
246 1038 331 1066 Idem.
348 1037 410 1064 cod.
427 1038 540 1069 multos,
560 1037 587 1064 in
604 1037 706 1071 quibus
719 1041 897 1064 asservantur
917 1036 1002 1064 Isaaci
1017 1037 1122 1065 Ninivi.
1147 1036 1295 1064 Sermones
1316 1037 1438 1068 asoclici,
1458 1043 1614 1072 enumerat,
1633 1047 1660 1066 n.
1681 1039 1775 1066 Romae
1799 1039 1829 1066 in

195 1085 264 1112 bibl.
283 1083 371 1111 Vatic.
390 1091 418 1118 ρ.
433 1083 449 1110 9
465 1083 499 1115 Ε,
515 1083 562 1111 ubi
574 1083 685 1110 Isaacus
705 1087 821 1110 vocatur
842 1084 985 1111 monachus
1004 1083 1072 1111 Urus
1088 1092 1097 1111 :
1111 1099 1146 1104 —
1158 1093 1186 1119 p.
1207 1084 1257 1117 15;
1278 1085 1297 1111 Α
1318 1090 1346 1112 et
1366 1093 1393 1120 p.
1416 1086 1467 1112 145
1483 1087 1515 1115 Β.
1529 1087 1594 1114 cod.
1613 1087 1690 1114 7496.
1705 1103 1740 1107 ——
1751 1095 1779 1122 p.
1792 1088 1830 1115 ‘27

198 1131 231 1164 ι),
249 1130 312 1157 cod.
333 1129 384 1157 636
399 1129 464 1156 olim
485 1129 587 1163 reginae
599 1129 714 1156 Sueciae.
728 1144 764 1148 —
777 1129 870 1164 p.154
884 1130 917 1162 Α,
930 1130 1003 1158 inter
1019 1130 1082 1158 cod.
1104 1130 1202 1158 Claud.
1221 1131 1364 1166 Stephani,
1384 1131 1460 1158 Liber
1485 1133 1517 1159 de
1539 1136 1688 1168 contemptu
1714 1134 1829 1166 mundi;

195 1190 231 1196 -—
246 1183 273 1210 p.
292 1174 343 1202 184
361 1174 383 1201 D
405 1171 483 1201 et‘E.
497 1174 568 1202 inter
582 1174 664 1202 codd.
680 1174 812 1202 Ottobon.
826 1191 860 1195 —
876 1183 904 1210 p.
918 1175 966 1202 201
988 1175 1022 1207 D,
1039 1176 1124 1204 Isaaci
1139 1175 1199 1212 Syri
1220 1175 1378 1206 Sermones,
1393 1184 1419 1211 p.
1436 1177 1504 1203 1515
1523 1177 1558 1209 D,
1578 1177 1605 1204 in
1620 1177 1682 1204 cod.
1695 1177 1828 1204 Mazarin.

197 1224 236 1252 De
249 1225 411 1259 precatione.
430 1223 525 1259 ecloga
542 1232 576 1251 ex
590 1223 684 1251 Isaaeo
697 1223 830 1258 aliisque;
844 1238 878 1243 —
893 1232 921 1258 p.
938 1223 1006 1251 1520
1020 1224 1053 1256 Α,
1067 1225 1095 1250 in
1110 1223 1172 1251 cod.
1190 1223 1293 1251 Mazar.
1310 1224 1361 1252 105
1386 1225 1537 1252 Sermones
1552 1227 1581 1250 et
1594 1223 1726 1258 opuscula
1741 1222 1829 1251 lsaaci

197 1268 260 1298 Nin‘.
279 1271 409 1299 ascetica.
430 1285 464 1291 -—
474 1270 582 1305 p.1375
597 1269 627 1302 Β,
640 1269 668 1296 in
680 1269 742 1297 cod.
765 1269 793 1297 S.
813 1269 933 1296 VictOris
961 1269 1049 1297 Paris.
1070 1269 1146 1296 Isaac
1160 1269 1272 1296 abbatis
1293 1271 1330 1298 De
1342 1270 1433 1296 anima
1445 1269 1530 1296 Deum
1543 1274 1674 1303 amante;
1690 1285 1722 1290 —
1735 1278 1762 1305 p.
1775 1270 1830 1297 295

203 1317 235 1349 C,
255 1316 378 1344 Florent.
395 1315 425 1344 in
438 1314 501 1343 cod.
522 1314 654 1343 Laurent.
670 1315 714 1346 15,
729 1315 799 1349 plut.
819 1314 864 1346 27,
877 1313 982 1342 “libro
1001 1315 1066 1342 delt‘
1078 1315 1157 1341 abate
1170 1313 1248 1342 Isaac
1258 1315 1285 1341 dt
1300 1314 1374 1343 Siria-
1397 1315 1468 1342 delia
1490 1316 1543 1343 vita
1559 1317 1717 1344 monauica.
1742 1314 1828 1344 llam.

520 1495 871 1577 SANGTI’
917 1495 1232 1577 ISAACI
1259 1493 1261 1496 ’
1287 1499 1517 1578 SYBI

794 1632 1013 1661 PRESBYTERI
1031 1632 1242 1663 ANTIOCHENI

578 1719 669 1776 DE
717 1719 1159 1779 CONTEMPTU
1213 1722 1447 1780 MUNDI

932 1843 1111 1888 LIBER

677 1937 821 1972 (GALLAND.
839 1937 895 1966 Yet.
914 1938 1026 1966 Patrum
1039 1939 1197 1984 Bibliothit.
1211 1940 1270 1974 XII,
1283 1949 1310 1976 p.
1325 1942 1363 1977 5.)

412 2092 478 2127 1.3
498 2091 611 2120 CAPUT
639 2093 782 2122 primum,
1008 2089 1032 2119 Α
1047 2092 1077 2112 se
1100 2085 1188 2113 bonis.
1207 2086 1284 2114 Sicut
1301 2091 1455 2122 sequuntur
1471 2088 1641 2117 seminantes
1661 2090 1689 2117 in
1704 2090 1834 2127 lacrymis

1043 2131 1175 2166 manipuli
1187 2132 1388 2166 exsultationis,
1402 2133 1437 2160 ita
1458 2135 1640 2169 consequitur
1654 2135 1749 2164 laetitia
1763 2137 1834 2164 ami-

291 2160 331 2188 De
344 2146 640 2196 opuntionercorporali
653 2165 677 2188 et
691 2149 733 2188 uti
747 2162 900 2197 abjectione.

237 2227 334 2255 Anima
357 2234 419 2262 quae
435 2227 521 2254 Deum
543 2226 653 2262 diligit,
677 2227 705 2254 in
733 2228 791 2256 solo
813 2229 870 2257 Deo
892 2230 988 2257 haeret.

201 2273 327 2308 Anticipa
343 2273 452 2301 solvere
467 2280 577 2300 omnem
590 2272 793 2308 colligationem
808 2275 991 2303 extrinsecam

202 2328 217 2347 a
245 2319 350 2354 teipso,
378 2323 406 2345 et
427 2323 492 2345 tunc
515 2318 572 2345 Deo
594 2318 678 2346 corde
698 2319 992 2356 eolligare:prazcedjt

202 2365 276 2393 enim
289 2364 412 2400 colligari
428 2363 495 2396 Deo,
511 2364 612 2391 solutio
627 2372 642 2391 a
657 2364 815 2392 mundanis.
831 2365 901 2393 Esus
913 2366 992 2400 panis

201 2415 264 2446 post
283 2410 496 2437 anlactationem
510 2409 591 2436 datur
606 2409 704 2436 infanti
718 2418 724 2436 :
737 2414 765 2437 et
777 2410 860 2437 homo
873 2410 920 2446 qui
933 2412 992 2439 vult

202 2455 335 2484 delectari
350 2456 378 2482 in
393 2455 505 2488 divinis,
522 2454 599 2489 prius
614 2462 643 2482 sc
660 2455 742 2482 debet
756 2463 772 2482 a
787 2455 898 2488 szeculo,
915 2457 992 2484 velut

203 2503 292 2530 infans
318 2502 353 2528 ab
376 2501 510 2529 uberibus
533 2500 681 2533 maternis,
706 2501 836 2528 alienare.
863 2501 991 2537 Operatio

201 2548 355 2584 corporalis
370 2549 559 2583 operationem
576 2549 684 2580 animat,
709 2548 780 2575 sicut
802 2549 829 2575 in
848 2548 933 2576 Adam
956 2551 991 2577 li-

202 2602 264 2624 mus
281 2593 441 2629 inspiratam
463 2594 594 2625 animam,
615 2593 765 2621 antecedit.
783 2593 834 2626 Qui
860 2602 991 2629 corpora-

202 2644 256 2671 lem
282 2642 418 2669 actionem
442 2647 496 2668 non
521 2640 681 2674 acquisivit,
706 2648 758 2667 nec
783 2640 881 2667 animae
903 2645 992 2675 potest

202 2687 388 2722 operationem
405 2685 518 2716 habere,
535 2685 599 2720 quia
616 2685 673 2712 haec
681 2685 715 2712 ab
730 2685 775 2712 illa
791 2686 924 2719 nascitur,
938 2686 991 2713 sic-

202 2737 234 2761 ut
255 2732 330 2767 spica
356 2731 390 2759 de
411 2731 486 2758 nudo
509 2738 593 2765 grano
611 2740 616 2757 ε
633 2736 661 2758 et
677 2731 731 2758 illis
748 2732 796 2766 qui
813 2739 866 2758 non
888 2731 992 2759 habent

201 2777 388 2816 operationem
411 2777 520 2808 animae,
538 2776 694 2811 spiritualia
717 2776 789 2804 dona
806 2777 916 2804 desunt.
939 2777 992 2805 La-

203 2826 283 2852 bores
296 2824 377 2860 hujus
388 2822 539 2856 saeculi'qui
554 2829 604 2857 pro
618 2822 739 2849 vanitate
751 2822 829 2856 ﬁunt,
842 2831 897 2850 non
913 2831 989 2850 com-

201 2876 331 2904 parantur
347 2869 451 2898 divitiis
477 2876 537 2904 quae
555 2873 714 2904 praeparatae
729 2874 792 2896 sunt
806 2868 991 2905 allligentibus

1042 2176 1173 2208 ctionem,
1189 2185 1251 2212 quae
1271 2178 1306 2205 sit
1327 2182 1438 2213 propter
1456 2179 1553 2207 Deum.
1572 2180 1656 2208 Panis
1668 2182 1716 2216 qui
1732 2182 1835 2210 sudore

1042 2223 1207 2257 acquiritur,
1220 2223 1310 2251 dulcis
1327 2229 1441 2259 apparet
1456 2225 1583 2260 agricolae
1597 2235 1604 2252 :
1617 2230 1646 2253 et
1659 2228 1836 2261 operatione:

1041 2276 1103 2304 quae
1116 2269 1375 2304 propterjustitiam
1392 2269 1473 2304 ﬁunt,
1487 2271 1583 2305 cordi;
1599 2272 1665 2307 quia
1679 2273 1755 2301 cordi
1768 2273 1835 2301 dant

1042 2315 1186 2342 scientiam
1201 2315 1259 2343 Dei.
1275 2316 1386 2345 Sustine
1405 2316 1589 2352 abjectionem
1604 2323 1633 2346 et
1648 2319 1834 2348 humilitatem

1043 2361 1114 2388 bona
1131 2363 1283 2394 voluntate,
1299 2367 1327 2389 et
1343 2363 1521 2391 securitatem
1538 2364 1641 2393 habeas
1657 2371 1721 2393 ante
1736 2366 1833 2393 Deum.

1042 2407 1128 2435 Omne
1146 2408 1261 2436 verbum
1275 2408 1374 2435 durum
1390 2410 1531 2437 sustinens
1554 2411 1652 2445 homo,
1663 2412 1753 2438 sciens
1769 2413 1834 2439 abs-

1043 2462 1096 2488 que
1121 2454 1193 2481 Inan
1220 2454 1313 2489 aliquo
1344 2463 1405 2482 esse
1431 2456 1505 2491 quod
1531 2457 1698 2491 processerit
1721 2457 1756 2484 ab
1788 2458 1836 2485 illo

1043 2505 1137 2527 contra
1155 2501 1324 2535 loquentem,
1339 2509 1469 2529 coronam
1483 2502 1599 2537 quidem.
1614 2503 1737 2538 spineam
1752 2503 1836 2538 capiti

1044 2554 1094 2574 suo
1116 2547 1334 2582 superimponit;
1358 2547 1406 2575 sed
1426 2547 1526 2576 beatus
1549 2553 1601 2581 est,
1625 2549 1690 2584 quia
1712 2554 1836 2584 tempore

1043 2600 1098 2627 quo
1113 2593 1232 2628 ignorat,
1248 2593 1500 2628 incorruptibiliter
1516 2595 1706 2622 coronabitur.
1721 2594 1772 2628 Qui
1792 2596 1836 2622 fu-

1043 2639 1082 2674 git
1092 2639 1212 2674 ‘gloriam
1229 2639 1359 2672 scienter,
1373 2640 1419 2667 hic
1430 2640 1458 2667 in
1472 2640 1563 2668 anima
1576 2649 1626 2668 sua
1642 2641 1767 2668 futurum
1786 2649 1836 2669 saa-

1043 2685 1135 2712 culum
1147 2686 1203 2720 jam
1224 2686 1374 2720 prmsentit.
1391 2686 1442 2719 Qui
1459 2686 1526 2714 dicit
1542 2695 1570 2714 se
1592 2687 1738 2723 requuisse
1753 2692 1837 2714 mun-

1044 2731 1108 2759 dum
1123 2736 1151 2759 et
1163 2732 1253 2766 litigat
1270 2740 1332 2759 cum
1348 2733 1508 2760 hominibus
1521 2741 1572 2768 pro
1587 2741 1638 2760 usu
1654 2734 1692 2761 rei
1706 2734 1836 2768 alicujus,

1043 2785 1132 2812 neque
1150 2782 1256 2812 spectat
1271 2777 1304 2804 ad
1321 2778 1442 2813 quietem
1462 2786 1549 2811 suam,
1574 2778 1695 2805 minatur
1718 2778 1809 2805 eidem
1827 2788 1834 2808 :

1044 2830 1133 2850 caecus
1149 2827 1190 2849 est
1203 2823 1317 2850 omnino
1336 2823 1392 2855 hic,
1411 2823 1473 2856 «,uia
1489 2831 1590 2858 corpus
1605 2823 1718 2858 quidem
1735 2823 1836 2850 volun-

1044 2869 1113 2896 tarie
1135 2869 1247 2904 penitus
1270 2869 1436 2905 dereliquit;
1459 2878 1510 2906 pro
1524 2878 1581 2899 uno
1603 2875 1694 2898 autem
1710 2870 1838 2897 membro
