1967 3091
138 136 191 169 813

624 135 631 141 ’
653 140 770 170 LIBER
790 140 838 169 DE
861 139 1087 170 CONTEMPTU
1106 141 1244 172 MUNDI.

1715 143 1769 177 Bll

137 195 198 230 ejus
219 193 308 229 litigat
325 198 408 229 atque
422 199 535 229 pugnat.
550 187 601 228 Qui
620 195 689 230 fugit
711 195 854 230 praesentis
869 194 931 221 vitae
946 198 965 224 Α
981 195 1047 222 tiaut
1063 201 1090 223 et
1106 201 1306 231 paupertatem,
1321 203 1349 225 ιιι
1366 207 1380 225 a
1391 197 1567 234 dispersione
1583 203 1648 227 tuus
1662 201 1770 226 animus

138 239 270 275 quietem,
294 239 377 273 hujus
400 248 478 267 mens
498 240 621 268 futurunt
645 242 775 268 saeculum
793 241 927 268 intuetur.

137 285 188 320 Qui
213 294 280 313 vero
297 286 449 321 cupiditate
475 286 576 322 ligatur
600 287 650 323 (l),
676 296 773 315 servus
796 287 928 315 vitiorum

136 332 256 360 exsistit.
274 332 313 360 Ne
327 337 418 368 putes.
433 333 507 368 quod
523 334 559 361 sit
579 334 717 368 cupiditas
730 338 851 369 quaestus
868 334 929 361 auri

138 373 329 405 tantummodo
353 382 381 405 et
405 379 522 413 argenti,
538 379 586 406 sed
603 379 629 405 in
648 379 807 414 cujuslibet,
825 379 852 406 in
875 386 929 413 qtta

140 422 268 448 voluntas
290 426 336 449 tua
359 422 506 457 dependet.
526 423 565 450 Ne
583 424 679 451 laudes
703 424 780 451 illum
797 424 844 459 qui
866 431 929 451 cor-

137 468 271 502 poraliter
288 474 317 495 se
337 468 444 503 affligit,
460 473 550 496 tamen
565 475 607 497 est
621 470 750 497 sensibus
767 470 928 502 dissolutus,

137 514 268 541 videlicet
281 514 377 541 auditu
394 521 422 542 et.
433 523 482 542 ore
497 516 607 545 tliﬂ‘uso.
623 525 655 544 ac
669 517 756 544 octtlis
770 517 927 552 impudicis.

138 560 167 587 Si
182 559 294 594 quando
308 561 406 588 animae
421 562 545 595 posueris
562 562 705 594 terminos,
720 566 751 589 ut
770 570 819 596 per
839 563 928 597 poeni—

139 607 251 633 tentiam
265 606 386 634 :ediﬁces
405 608 592 642 temetipsum,
606 613 635 635 et
658 616 712 635 non
728 615 836 643 qttzeras
849 607 930 643 justi-

138 655 204 680 tiam
220 654 247 680 itt
265 654 350 681 rebus
366 654 464 681 alienis
480 663 486 680 :
500 654 527 681 in
544 654 596 682 hoc
608 655 727 682 animam
744 662 817 682 tuam
832 662 929 682 assue-

138 707 209 731 scas,
223 707 258 726 ne
267 699 386 726 videaris
398 708 453 726 una
464 701 576 734 quidem
588 709 670 728 mattu
683 708 810 735 operatts,
820 701 928 736 aliaque

139 745 310 781 dispergens.
333 746 392 773 illic
409 747 483 773 enim
507 738 783 779 sollicitttdo‘nostra
807 752 859 779 est,
884 748 929 774 hic

138 800 204 819 vero
220 792 346 819 dilatatio
366 793 468 820 cordis.
485 793 561 821 Scias
575 794 648 828 quod
665 794 805 822 dimittere
819 794 928 821 debito-

139 839 218 865 ribus
233 838 337 870 debita,
360 839 394 866 de
416 840 548 874 operibus
562 840 676 875 iustitia:
691 844 750 873 est;
764 845 791 868 et
806 844 871 868 tunc
885 841 928 868 vi-

138 885 218 913 debis
229 885 457 920 tranquillitatem
473 887 595 921 undique
607 895 669 920 cum
688 888 844 922 splendore.
861 887 928 915 Cum

138 931 297 959 asrendcris
308 932 380 959 viam
392 933 518 968 justitize,
530 933 685 961 adhaerebis
699 938 753 961 tuae
767 934 794 960 in
810 934 883 961 omni
900 942 928 961 re

137 969 271 1005 libertati.

173 1022 290 1055 Quidam
312 1028 470 1051 sanctorum
493 1023 572 1056 dixit,
594 1024 668 1059 quod
692 1022 859 1057 misericors,
875 1025 929 1052 nisi

119 1067 186 1095 Ἤρη
197 1069 299 1104 justus,
315 1077 404 1096 caecus
418 1074 470 1102 est,
486 1074 515 1097 ut
529 1078 563 1097 ex
575 1070 618 1097 his
632 1070 678 1098 det
693 1070 765 1101 aliis,
780 1079 841 1106 quxe
854 1071 930 1098 labo-

139 1114 217 1141 ribus
229 1115 348 1150 propriis
361 1115 518 1150 acquisivit,
533 1124 588 1143 non
602 1124 636 1143 ex
654 1117 798 1152 acquisitis
809 1125 860 1152 per
874 1125 931 1144 ma-

107 1190 113 1194 ,
139 1162 313 1190 chinationes
329 1167 356 1189 et
371 1163 525 1195 mendacia,
542 1163 664 1198 perjuria
687 1167 715 1190 et
737 1163 881 1191 falsitates.
901 1163 930 1191 Si

139 1208 182 1235 vis
201 1208 338 1235 setninare
363 1209 389 1235 in
413 1209 591 1244 pauperibus,
610 1209 644 1236 de
669 1210 790 1244 propriis
811 1210 929 1237 semina.

138 1254 205 1281 Nam
219 1255 241 1280 si
256 1253 290 1281 de
302 1254 400 1281 alienis
417 1255 606 1287 seminaveris,
621 1260 704 1283 erunt
719 1256 832 1283 zizaniis
854 1264 930 1284 ama-

139 1301 223 1327 riora.
242 1301 295 1336 ligo
308 1309 376 1328 vero
396 1301 468 1334 dico,
483 1303 557 1336 quod
580 1303 633 1330 nisi
651 1302 697 1330 fiat
712 1303 869 1330 misericors
882 1312 930 1331 su-

139 1354 187 1381 pra
200 1347 347 1382 justitiam,
364 1355 419 1374 non
433 1353 475 1375 est
485 1348 643 1376 misericors
657 1359 663 1375 :
680 1349 706 1376 id
721 1353 773 1381 est,
788 1349 861 1384 quod
873 1357 929 1377 tton

139 1394 228 1421 solum
253 1393 412 1421 hominibus
435 1395 602 1422 misereatur
625 1395 658 1422 de
683 1395 810 1430 propriis,
829 1396 877 1422 sed
902 1400 930 1423 et

138 1439 275 1467 susuneat
290 1447 351 1467 cum
366 1440 459 1467 ltetitia
477 1440 603 1475 injuriant
623 1441 658 1468 ab
672 1441 787 1474 eisdem,
801 1449 833 1469 ac
846 1442 928 1469 etiam

139 1485 305 1512 misereatur
317 1486 449 1520 ipsorum.
463 1485 532 1513 Cum
545 1491 637 1513 atttem
648 1487 783 1522 justitiam
796 1495 846 1521 per
856 1487 930 1515 clee—

947 870 966 899 Β

979 241 1134 276 colligatur.
1150 243 1345 273 All'abilitatetn
1366 246 1431 273 odio
1453 246 1568 274 habebis
1585 246 1634 282 (5),
1651 252 1680 274 ut
1695 249 1772 283 cogi-

982 289 1100 317 tationes
1113 293 1175 318 tuas
1189 291 1249 319 sine
1266 292 1424 321 turbatione
1437 301 1596 321 conserves.
1613 293 1732 321 Retrahe
1748 299 1771 320 tr

978 334 1070 368 ipsum
1087 343 1102 362 a
1120 337 1225 370 multis,
1249 342 1277 365 et
1299 345 1363 365 cura
1381 339 1415 366 de
1439 339 1531 367 anima
1552 344 1609 372 tua,
1624 343 1655 366 ut
1680 347 1772 367 serves

980 388 1040 407 eam
1065 390 1079 408 a
1101 381 1275 418 dispersione
1299 385 1506 420 tranquillitatis
1532 386 1656 413 internae.
1685 386 1772 421 Dilige

980 426 1146 460 castitatem,
1168 433 1271 457 utnon
1289 430 1468 461 confundan’s
1489 435 1614 466 tempore
1637 431 1773 459 orationis

981 477 1048 506 tuae;
1066 474 1137 501 etin
1155 476 1287 504 ntemoria
1312 477 1410 505 mortis
1434 478 1602 506 accendatur
1624 478 1718 506 laetitia
1744 479 1771 506 in

980 519 1064 546 corde
1081 524 1137 547 tuo.
1156 521 1191 548 Ut
1206 529 1222 548 a
1245 523 1351 557 magnis
1367 531 1422 550 non
1436 524 1558 557 excidas,
1577 529 1673 552 caveto
1688 524 1737 552 tibi
1756 533 1772 552 a

980 565 1082 598 parvis.
1097 565 1157 593 Non
1179 567 1217 594 sis
1233 567 1324 595 lentus
1341 568 1368 596 in
1394 569 1555 604 operatiotte
1574 575 1629 603 tua,
1654 578 1689 598 ne
1703 578 1772 597 con-

980 609 1105 637 fundaris
1120 618 1183 638 cum
1201 613 1311 640 steteris
1328 613 1356 640 in
1373 613 1464 641 ntcdio
1480 614 1632 642 anticorum
1649 619 1770 646 tuorum,

978 659 1007 682 et
1019 655 1169 684 inreniaris
1182 658 1241 685 sine
1255 659 1374 692 viaticis,
1388 668 1419 687 ac
1432 664 1459 687 te
1472 661 1560 688 solum
1575 661 1603 688 in
1617 661 1667 688 viae
1681 661 1772 688 medio

980 702 1187 738 derelinquant.
1210 705 1426 740 lntclligibilitcr
1448 707 1581 734 contitere
1602 714 1685 742 opera
1708 710 1770 738 tua.

979 757 1013 776 ne
1030 757 1045 776 a
1062 753 1119 776 toto
1136 758 1220 778 cursu
1244 754 1291 778 tuo
1313 751 1526 786 derelinquaris.
1542 752 1663 788 Acquire
1685 753 1772 781 liber-

980 797 1062 821 tatetn
1088 795 1114 821 in
1132 790 1343 823 conversatione
1359 800 1418 830 tua,
1436 800 1466 823 ut
1489 796 1618 824 libereris
1633 805 1648 824 a
1667 800 1772 831 tempe—

980 845 1060 868 state.
1078 841 1117 868 Ne
1132 842 1236 869 vineias
1249 842 1403 870 libertatem
1421 842 1449 870 in
1465 843 1607 878 voluptate
1623 843 1724 875 carnis,
1738 851 1773 870 nc

981 894 1078 913 servus
1091 894 1234 914 servorum
1248 887 1306 914 fias.
1323 888 1352 915 lu
1368 889 1469 915 vestitu
1484 894 1532 916 ttto
1548 889 1630 924 dilige
1642 889 1708 916 vilia
1728 889 1772 916 in-

981 932 1123 964 dumenta,
1138 937 1167 959 ιιι
1183 932 1306 960 orientcs
1325 933 1351 960 in
1372 938 1398 960 te
1416 933 1637 970 cogitationesﬁ,
1648 935 1770 969 abjicias,

981 976 1086 1004 scilicet
1102 977 1229 1005 elationis
1245 986 1326 1005 :nam
1343 978 1390 1013 qui
1405 979 1549 1014 splendida
1562 978 1662 1014 diligit,
1679 980 1773 1007 humi-

981 1023 1020 1050 lcs
1035 1024 1215 1058 cogitationes
1237 1024 1338 1052 habere
1358 1033 1412 1052 non
1437 1029 1538 1060 potest,
1551 1026 1615 1060 quia
1634 1033 1683 1053 eor
1697 1030 1773 1053 exte-

982 1069 1103 1097 rioribus
1125 1069 1335 1104 figurationibus
1356 1070 1546 1098 conﬁrmatur.
1568 1070 1635 1104 Quis
1657 1070 1773 1105 diligens

982 1116 1149 1151 turpiloquia
1168 1120 1258 1150 potest
1275 1116 1377 1143 habere
1397 1108 1528 1143 mundam
1547 1116 1691 1143 mentem?
1706 1115 1772 1149 Quis

981 1169 1011 1189 sc
1028 1161 1114 1196 lingit,
1132 1166 1162 1188 ut
1183 1161 1217 1188 ab
1239 1161 1399 1188 ltominihus
1413 1162 1558 1197 glorietur,
1574 1166 1602 1189 et
1619 1167 1709 1197 potest
1726 1170 1772 1189 co-

981 1205 1128 1240 gitationes
1151 1205 1271 1232 humiles
1291 1206 1428 1241 adipisci?
1451 1207 1499 1234 Vel
1527 1208 1589 1242 quis
1613 1208 1772 1241 luxuriosus

981 1252 1118 1279 exsistens
1133 1257 1160 1279 et
1173 1251 1326 1281 dissolutus
1339 1253 1481 1285 tnembris,
1497 1258 1586 1288 potest
1607 1253 1663 1281 ﬁeri
1682 1258 1772 1281 mente

981 1298 1101 1325 mundus
1118 1303 1147 1325 et
1171 1298 1283 1326 buntilis
1298 1299 1400 1326 corde?
1418 1298 1487 1326 Cum
1508 1307 1587 1327 mens
1607 1308 1623 1327 a
1646 1300 1773 1327 sensibus

982 1344 1112 1375 trahitur,
1128 1348 1191 1371 tunc
1205 1352 1270 1371 cum
1292 1345 1332 1372 eis
1348 1345 1440 1372 cibunt
1464 1345 1585 1372 comedit
1608 1345 1772 1373 bestiarum.

980 1390 1049 1417 Cum
1069 1397 1133 1417 vero
1150 1398 1248 1417 sensus
1262 1390 1442 1417 retrahuntur
1463 1399 1477 1418 a
1502 1396 1604 1423 tuente,
1627 1386 1689 1419 cum
1715 1392 1772 1427 ipsa

980 1437 1072 1463 statim
1090 1437 1250 1471 angelorum
1267 1437 1360 1464 cibum
1385 1442 1538 1465 assumuttt.
1553 1437 1726 1465 Abstinentia
1746 1444 1773 1465 et

981 1483 1111 1511 retractio
1128 1487 1283 1518 sequuntur
1303 1483 1500 1511 humilitatem.
1516 1485 1590 1512 Vana
1608 1485 1695 1519 gloria
1707 1493 1773 1512 vero

140 1538 281 1565 ntosynatn
299 1531 375 1563 vicit,
397 1536 546 1559 coronatur
569 1540 622 1559 non
647 1533 758 1559 coronis
780 1541 842 1567 quae
865 1537 964 1570 suntc
980 1527 1051 1564 opus
1063 1535 1105 1558 est
1122 1530 1268 1565 superbiae,
1287 1530 1532 1565 fornicationisque
1555 1530 1691 1558 ministra.
1714 1531 1773 1558 llu—

139 1577 167 1603 in
184 1577 244 1611 lege
259 1570 408 1612 justorum.
425 1577 471 1604 sed
486 1578 596 1605 coronis
608 1586 668 1612 quae
683 1582 748 1605 sunt
765 1579 792 1605 in
805 1579 930 1613 Evange-

138 1623 178 1650 lio
195 1624 393 1658 perfectorum.
410 1624 478 1651 Nam
491 1624 564 1658 quod
577 1624 678 1659 aliquis
691 1625 738 1652 det
750 1625 929 1660 pauperibus,

139 1674 168 1697 et
183 1670 287 1696 nudttm
305 1670 411 1700 induat,
424 1675 453 1697 et
474 1670 572 1705 diligat
588 1668 742 1705 proximum
758 1671 830 1698 sicut
844 1675 932 1698 semet

139 1716 242 1750 ipsum,
257 1724 308 1743 nec
331 1715 463 1751 injustum
486 1716 577 1748 faciat,
592 1724 644 1744 nec
661 1717 744 1743 etiam
767 1716 930 1750 mentiatur;

141 1761 199 1788 ha-c
211 1765 239 1788 et
252 1761 278 1787 in
293 1761 471 1788 Testamento
485 1761 577 1788 Veteri
593 1761 783 1788 continentur.
800 1761 852 1789 Sed
869 1770 932 1796 pcr-

138 1807 223 1834 fectio
247 1808 415 1842 evangelicae
439 1807 655 1842 dispensationis
680 1808 719 1835 sic
737 1807 931 1843 prtecipit:Ab

141 1854 277 1888 auferente
299 1854 343 1880 tibi
368 1859 414 1881 tua
437 1862 490 1880 non
513 1855 619 1889 eligas,
644 1858 668 1881 et
694 1855 766 1881 omni
789 1855 886 1890 petenti
907 1860 932 1881 te

140 1900 226 1927 tribue
248 1901 266 1926 '.
283 1900 318 1927 Et
336 1907 389 1927 non
409 1900 502 1927 solum
521 1900 638 1935 injurias
659 1908 750 1927 rerum
767 1904 795 1927 et
816 1904 933 1928 cancros

140 1951 257 1974 eventus
280 1946 452 1974 extrinsecus
473 1946 555 1973 decet
576 1946 714 1973 sustinere
736 1953 798 1973 cutn
821 1946 930 1981 gaudio,

140 1998 236 2018 verum
255 1991 282 2017 in
295 1991 400 2025 optimo
413 1991 534 2018 animam
549 1990 614 2025 poni
636 1998 686 2025 pro
709 1990 794 2018 fratre
809 1999 815 2017 ι
831 1990 877 2018 ltic
890 1996 933 2018 est

141 2037 218 2063 enim
234 2036 402 2067 misericors,
418 2040 446 2063 et
466 2044 524 2063 non
543 2036 589 2063 ille
604 2036 651 2071 qui
670 2035 862 2063 tantummodo
882 2043 933 2071 pro

142 2081 215 2110 dono
236 2081 369 2109 fratribus
394 2083 551 2109 miseretur.
572 2080 606 2108 Et
630 2081 789 2117 quicunque
813 2081 933 2109 audierit

141 2128 185 2156 vel
203 2126 304 2156 viderit
316 2128 467 2163 quidquam
484 2127 650 2155 contristans
667 2127 779 2155 fratrem
795 2134 888 2160 suum,
905 2132 934 2155 et

142 2175 259 2203 adustus
280 2174 365 2202 fuerit.
387 2173 425 2210 (Ξ)
443 2174 536 2206 corde,
553 2173 599 2201 hic
620 2173 781 2202 misericors
800 2177 842 2202 est
856 2181 931 2207 vere.

980 1576 1083 1604 militas
1098 1580 1213 1611 propter
1228 1577 1388 1604 contittuam
1404 1574 1609 1604 rctractionem’
1618 1585 1694 1604 suam
1707 1585 1790 1610 con-V

983 1622 1162 1656 templatione
1173 1623 1297 1650 occurrit
1310 1623 1486 1658 animamque
1498 1627 1581 1659 ornat
1592 1623 1618 1650 itt
1634 1623 1771 1651 castitate.

982 1668 1055 1695 Vana
1069 1668 1155 1703 gloria
1170 1673 1286 1704 propter
1298 1669 1456 1696 continuam
1475 1669 1661 1697 turbationem
1678 1675 1704 1697 et
1720 1670 1774 1698 fer-

981 1712 1178 1740 mentationem
1191 1713 1389 1748 cogitationum
1407 1721 1519 1741 suarum
1533 1722 1598 1749 quae
1607 1715 1675 1742 fiunt
1690 1715 1727 1750 (ιι)
1741 1723 1774 1743 ex

982 1765 1098 1785 occursu
1126 1766 1236 1790 rerum,
1254 1758 1400 1786 thesauros
1423 1761 1547 1787 continet
1567 1765 1725 1788 exsccratos
1746 1766 1775 1788 et

982 1803 1090 1838 polluit.
1110 1803 1165 1831 Cor
1184 1804 1272 1839 ipsum
1297 1813 1362 1832 vero
1384 1809 1497 1833 naturas
1517 1815 1608 1833 rcrttm
1631 1807 1774 1834 luxurioso

982 1848 1109 1875 intuetur
1130 1853 1258 1883 aspectu,
1278 1852 1304 1876 et
1331 1849 1358 1876 itt
1383 1850 1510 1884 turpibus
1530 1851 1775 1885 imaginationibus

982 1894 1048 1921 facit
1069 1899 1188 1922 mentem
1214 1895 1337 1922 studere.
1355 1894 1502 1923 llumilitas
1515 1903 1626 1931 quoque
1642 1904 1690 1932 per
1706 1904 1774 1924 con-

982 1941 1189 1976 templationem
1203 1941 1386 1976 spiritualiler
1399 1942 1552 1969 retrahitur
1563 1942 1612 1978 (5),
1624 1947 1651 1970 et
1663 1942 1698 1970 ad
1709 1951 1776 1970 con-

983 1988 1172 2023 templandum
1190 1988 1278 2016 Deum
1293 1993 1385 2017 monet
1400 1990 1594 2025 acquisitorcm
1610 1998 1701 2018 suum.

1288 2055 1402 2085 CAPUT
1422 2057 1465 2085 lll.

1272 2113 1311 2140 De
1326 2112 1478 2142 solitudine.

1017 2167 1079 2196 Noli
1094 2174 1256 2205 comparare
1269 2164 1404 2198 facientes
1414 2170 1492 2206 signa
1504 2175 1533 2200 et
1545 2173 1668 2209 prodigia
1682 2178 1710 2202 et
1722 2174 1777 2202 vir—

143 2220 288 2252 Similiter,
301 2219 351 2255 qui
366 2227 516 2254 percussus
539 2227 556 2247 a
575 2218 661 2246 fratre
681 2225 742 2251 suo,
765 2223 857 2247 motus
878 2226 934 2246 non
951 2212 974 2242 D
987 2217 1060 2242 tutos
1071 2214 1099 2243 in
1111 2215 1225 2248 mundo,
1237 2214 1291 2243 illis
1303 2215 1351 2251 qui
1364 2216 1392 2244 in
1404 2216 1554 2246 solitudine
1566 2222 1631 2247 sunt
1643 2219 1775 2247 scienter.

143 2267 226 2295 fuerit
236 2267 271 2294 ad
283 2266 431 2294 dicendum
443 2266 553 2300 aliquid
561 2264 636 2301 quod
648 2265 793 2294 contristet
802 2273 851 2292 cor
861 2266 932 2300 ejus,

141 2313 306 2341 misericors
317 2317 369 2340 est.

454 2381 568 2410 CAPUT
587 2381 620 2410 ll.

373 2436 413 2464 De
423 2437 519 2473 uigilia
532 2437 705 2472 pretiust'tute.

171 2496 371 2532 Operationem
378 2494 533 2529 vigiliarum
543 2493 646 2521 trabeas
655 2492 852 2528 pretiosammt
861 2492 937 2520 inve—

145 2543 208 2571 nias
216 2541 435 2570 consolationem
450 2539 719 2575 appropinquantem
735 2537 864 2565 ittanlma
879 2542 935 2565 tua.

145 2590 295 2618 Persevera
312 2588 406 2623 legens
420 2587 452 2614 in'
461 2585 622 2618 solitudine,
638 2589 670 2612 ut
681 2590 878 2620 sempermens
890 2589 937 2612 ttta

144 2636 183 2663 ad
201 2635 249 2663 Dei
267 2633 409 2668 mirabilia
422 2633 586 2660 deducatur.
604 2631 694 2667 Dilige
715 2635 810 2658 autem"
828 2630 937 2666 patien-

182 2706 192 2722 ¹
206 2705 302 2735 Matth.
316 2712 344 2737 ν,
360 2703 406 2732 42.
647 2723 651 2725 -

195 2761 222 2795 ΑΙ)
237 2761 331 2796 Cupid'.
349 2760 457 2796 ligatur.
470 2759 553 2796 Editi,
565 2758 796 2796 cupiditaligaﬂm.

195 2763 222 2795 tl)
237 2763 275 2790 Cu
297 2763 331 2788 ’ἀι
349 2763 457 2796 ligatur.
471 2763 553 2792 Editi,
565 2763 675 2795 aupidt‘t.
689 2763 732 2794 tigt

183 2763 223 2833 f2)
239 2770 446 2833 Agat._ftterit.
462 2795 547 2833 Editi,
563 2795 652 2833 aditet.
672 2795 732 2833 fuit.

186 2829 224 2868 (5)
251 2829 440 2870 Aﬂ'allilitntem
461 2831 520 2870 odio
534 2830 647 2857 habebit.
673 2829 778 2870 dﬂ'ajtil.
795 2829 938 2870 hintellige,

148 2865 274 2906 aﬂ‘anwn,
289 2868 396 2903 aﬂ‘utua,
416 2867 564 2893 comitatem
576 2865 714 2892 sermonis.
729 2865 876 2898 Nimirum,
896 2865 942 2892 hic

987 2258 1075 2296 Dilige
1091 2260 1178 2287 otium
1196 2260 1353 2289 solitudinis
1374 2261 1436 2297 plus
1450 2270 1531 2298 quam
1548 2263 1704 2292 esurientes
1725 2271 1778 2293 saa-

987 2306 1042 2334 ettlt
1056 2310 1191 2338 saturare,
1207 2310 1235 2334 et
1246 2311 1408 2335 convertere
1423 2307 1528 2336 multas
1539 2313 1634 2343 gentes
1644 2309 1680 2336 ad
1697 2310 1777 2346 agni-

989 2353 1091 2380 tionem
1114 2360 1262 2387 supernam
1278 2356 1305 2380 et
1320 2353 1356 2380 ad
1380 2353 1514 2382 honorem
1538 2355 1597 2382 Dei.
1621 2355 1718 2384 Melius
1735 2361 1779 2384 est

987 2399 1062 2426 enim
1081 2405 1097 2426 a
1114 2397 1220 2434 peccati
1237 2398 1349 2426 vinculo
1369 2399 1475 2428 Solvere
1491 2401 1679 2436 temetipsum,
1695 2409 1779 2437 quam

988 2445 1117 2479 liberare__
1139 2452 1233 2473 servos
1263 2452 1278 2472 a
1307 2446 1451 2473 servitute.
1482 2446 1631 2482 Gregorius
1658 2455 1780 2483 namque

989 2485 1060 2520 dixit
1073 2502 1080 2519 :
1093 2491 1199 2520 Bonum
1215 2496 1258 2520 est.
1275 2492 1439 2527 theologiam
1455 2493 1539 2521 edere
1554 2499 1667 2529 propter
1680 2495 1780 2528 Deum,

989 2538 1037 2566 sed
1061 2538 1160 2566 melius
1182 2541 1225 2565 est
1246 2537 1322 2573 quod
1345 2537 1468 2573 seipsum
1494 2538 1608 2566 mundet
1624 2538 1687 2574 quis
1708 2539 1781 2574 apud

990 2585 1088 2612 Deum.
1104 2584 1202 2611 Melius
1213 2588 1256 2610 est
1271 2583 1320 2611 tibi
1337 2583 1482 2619 paciﬁcum
1498 2584 1525 2612 in
1547 2585 1638 2612 anima
1654 2589 1700 2613 tua
1717 2585 1782 2612 uni-

992 2635 1074 2658 talem
1089 2629 1232 2657 Trinitatis
1242 2637 1302 2665 quae
1320 2629 1345 2656 in
1362 2633 1387 2657 te
1402 2635 1454 2663 est,
1470 2638 1553 2665 quam
1567 2630 1714 2666 paciﬁcare
1730 2631 1781 2658 do-

992 2764 1143 2798 secessum,
1163 2757 1354 2792 solitudinem,
1388 2759 1528 2788 silentium
1544 2767 1640 2789 auctor
1667 2763 1784 2790 suadere

995 2794 1112 2821 videtur.

1030 2830 1069 2862 (4)
1086 2828 1176 2855 Fiunt.
1188 2828 1230 2855 Al.
1243 2833 1316 2856 eunt.

1031 2864 1248 2901 (5)1tetraititur.
1264 2864 1306 2893 Al.
1325 2870 1395 2893 retro
1413 2867 1512 2900 agitur.
