1967 3091
178 169 232 200 815

857 169 886 197 S.
908 167 1029 198 ISAAH
1052 168 1138 198 SYRI

1762 168 1814 200 818

178 225 268 254 ctrina
292 228 337 251 tua
360 223 513 251 discordes.
529 224 626 252 Melius
645 223 756 250 esttibi
777 223 969 258 breviloquum
985 227 1006 255 Α
1021 224 1162 255 scientiae,
1188 223 1319 251 delectari
1346 222 1540 259 promeruisti,
1565 228 1661 250 contra
1686 223 1816 258 spiritum

178 280 250 302 esse.
268 278 330 298 cum
348 270 448 298 doctus
467 271 505 298 sis
521 275 549 298 et
569 271 685 305 peritus,
699 278 781 305 quam
800 270 924 305 proferre
942 270 969 296 in

178 317 332 346 subtilitate
348 317 450 344 mentis
463 317 628 349 doctrinam,
644 317 722 351 quasi
741 321 903 344 torrentem.
918 316 970 343 Ex—

177 365 255 399 pedit
278 364 328 391 tibi
347 363 497 391 sollicitum
513 371 573 391 esse
594 363 626 390 ad
644 362 818 398 erigendum,
840 362 912 397 quod
936 363 969 390 de

177 412 267 438 anima
284 411 311 437 in
326 411 400 438 vitiis
413 414 456 438 est
468 411 619 445 collapsum
638 418 687 445 per
707 414 811 436 motum
829 409 971 444 cogitatio-

177 467 243 485 num
260 463 369 486 tuarum
385 458 411 485 in
427 457 510 485 rebus
524 457 636 489 divinis,
651 465 732 492 quam
746 461 872 483 mortuos
884 457 970 484 susei-

179 511 247 533 tare.
268 505 346 532 Multi
365 504 471 539 operati
490 508 555 531 sunt
568 504 684 530 virtutes
698 507 725 530 et
741 507 865 530 mortuos
883 502 971 529 susci-

179 555 283 582 tarunt,
298 555 325 578 et
339 551 513 585 postmodum
530 549 581 584 ipsi
595 549 642 584 qui
658 548 833 576 vivilicarunt
844 548 922 580 alios,
937 547 969 574 ad

180 597 362 626 exsccrabilia
384 601 412 623 et
434 595 578 622 horribilia
594 594 767 623 ceciderunt.
785 599 812 621 ct
826 594 889 621 facti
906 598 971 621 sunt

180 644 241 671 aliis
255 644 280 670 in
295 642 471 674 scandalum;
486 642 550 676 quia
573 648 635 668 cum
654 641 812 667 infirmitate
827 640 911 667 animi
929 640 970 666 la-

178 690 319 720 borarent,
344 688 378 715 de
402 687 520 714 sanitate
538 686 649 721 propria
672 694 725 713 non
748 690 897 718 curarunt;
922 685 970 712 sed

178 737 369 769 exposuerunt
380 740 409 760 se
423 733 491 759 mari
505 732 587 767 hujus
597 732 688 759 smeuli
701 731 734 758 ad
746 731 900 758 sanandum
913 731 971 758 ani-

177 789 235 807 mas
258 780 388 811 aliorum,
413 778 478 805 dum
502 778 554 813 ipsi
576 782 749 812 tegrotarent.
771 777 838 804 Nam
857 784 969 804 suorum

177 826 324 853 infirmitas
337 831 468 851 sensuum
482 823 591 850 obstare
605 831 659 849 non
680 826 786 857 poterat
802 821 916 848 ﬂantum:
929 829 971 848 re-

177 880 237 898 rum
256 869 416 897 habentium
435 876 468 896 ex
483 867 685 895 consuetudine
706 867 836 893 vitiorum
854 865 971 893 ditiiqu-

178 922 272 944 tatem.
294 915 392 943 Adhuc
422 914 541 949 egebant
564 920 662 940 cavere
688 912 755 944 sibi,
782 919 817 939 ne
843 898 1007 939 viderent‘B

178 965 317 993 mulieres.
338 967 386 989 aut
402 961 533 994 pecunias
556 960 740 995 possiderent,
764 965 970 993 nequeprzees-

177 1015 238 1038 sent
263 1010 340 1040 aliis,
364 1016 416 1036 nec
441 1013 538 1035 contra
568 1013 734 1041 quemquam
759 1005 967 1032 extollerentur.

178 1057 274 1085 Melius
294 1060 337 1083 est
358 1055 408 1082 tibi
430 1053 582 1081 existimari
600 1051 666 1079 viris
681 1051 839 1086 imperitum
855 1050 890 1078 ob
908 1050 970 1077 bre-

178 1104 289 1130 vitatem
303 1100 427 1128 scientia:
439 1099 472 1127 ad
488 1098 698 1134 disputaudmn,
713 1105 794 1132 quam
807 1104 868 1124 esse
883 1103 969 1123 unum

177 1152 211 1177 de
227 1147 400 1184 sapientibus
416 1144 672 1182 prtesumptoribus.

477 1212 599 1240 CAPUT
619 1211 662 1239 IV.

351 1271 389 1298 De
402 1270 477 1298 modo
489 1269 618 1305 arguendi
633 1272 790 1304 peccatores.

212 1330 303 1365 Argue
320 1327 544 1365 contradicentes
558 1325 607 1352 tibi
632 1325 659 1352 in
682 1323 745 1356 fide,
759 1323 892 1351 virtutum
910 1327 970 1349 tua-

178 1383 239 1403 rum
255 1363 397 1410 vpotcntia,
417 1380 472 1399 non
490 1363 722 1406 srriggestibilitate
745 1369 904 1396 verborum.
928 1368 972 1395 ln-

178 1421 342 1450 tlexibilium
354 1426 464 1454 quoque
477 1416 706 1453 praesumptiones
718 1414 930 1443 mansuetudine
940 1422 972 1441 ac

179 1467 376 1502 tranquillitate
405 1465 552 1492 verborum
583 1467 694 1490 tuorum
726 1462 845 1489 refrena.
881 1461 972 1495 Argue

178 1515 335 1542 luxuriosas
358 1517 410 1540 tuze
433 1510 651 1539 conversationis
666 1509 844 1540 mobilitates,
864 1512 892 1535 et
909 1515 972 1535 sen~

1022 270 1199 305 blasphemia
1214 277 1335 305 praepara
1366 269 1483 305 teipsum
1498 273 1526 296 et
1545 277 1632 296 arma.
1649 268 1715 297 Sine
1732 270 1818 298 armis

1022 324 1076 343 non
1093 321 1149 343 stes
1165 316 1191 343 in
1215 316 1268 343 hac
1287 317 1410 352 regione,
1435 323 1470 343 ne
1495 315 1530 342 ab
1555 315 1766 343 insidiatoribus
1789 319 1816 343 et

1021 362 1226 396 decipientibus
1249 370 1331 396 quam
1357 362 1440 389 citius
1465 361 1612 389 occidaris.
1638 361 1699 390 Sitit
1723 366 1816 389 autem

1023 409 1070 436 tibi
1084 417 1133 444 pro
1148 409 1370 447 armislacryma’.
1381 408 1573 443 jejuniumque
1585 408 1730 442 frequens.
1743 408 1816 436 Care

1024 456 1072 483 tibi
1085 464 1120 483 ne
1132 456 1298 483 documenta
1312 455 1504 483 haereticorum
1519 455 1593 489 legas
1608 463 1614 481 ε
1627 454 1679 482 hoc
1688 455 1762 482 enim
1774 459 1817 482 est

1021 501 1095 536 quod
1107 501 1286 536 blasphemia:
1297 501 1426 536 spirituum
1437 504 1533 528 c0ntra
1548 505 1573 527 te
1585 500 1703 535 amplius
1715 504 1815 528 armat.

1021 547 1089 575 Cum
1108 547 1258 582 repleveris
1273 552 1408 579 ventrem,
1424 555 1478 574 non
1497 551 1522 574 te
1537 547 1627 581 pigeat
1642 546 1675 574 ad
1692 551 1817 574 scrutan-

1022 594 1087 621 dum
1101 593 1204 628 aliquid
1215 593 1249 620 de
1261 593 1363 620 divinis
1375 593 1471 625 rebus,
1485 601 1520 620 ne
1534 593 1671 620 movearis
1686 593 1735 628 (7).
1748 592 1816 620 Nam

1022 639 1049 667 in
1065 643 1161 666 ventre
1175 639 1289 674 repleto,
1303 644 1474 666 secretorum
1490 639 1539 666 Dei
1561 638 1678 666 scientia
1695 646 1749 665 non
1767 646 1817 666 ex-

1022 685 1115 713 sistit:
1131 686 1252 720 intellige
1275 685 1348 720 quod
1376 686 1425 712 tibi
1452 685 1526 712 dico.
1542 685 1615 720 Lege
1637 685 1768 712 continue
1789 689 1819 712 et

1022 731 1218 758 insatiabiliter
1230 731 1256 758 in
1272 731 1350 758 libris
1362 731 1504 758 doctorum
1517 730 1551 757 de
1562 730 1736 765 providentia
1749 730 1816 762 Dei;

1022 777 1086 812 quia
1104 777 1155 812 ipsi
1178 777 1302 812 dirigunt
1316 770 1436 804 mentem
1454 777 1491 804 ad
1510 776 1674 804 intuendum
1688 777 1816 804 ordinem

1022 827 1211 850 creaturarum
1237 823 1283 850 Dei
1302 827 1329 850 et
1344 830 1458 857 operum
1476 823 1547 858 ejus,
1562 827 1590 850 et
1609 822 1743 850 roborant
1755 831 1818 850 eam

1013 877 1054 896 .ex
1067 869 1144 904 ipsis,
1159 873 1187 896 et
1198 873 1292 903 aptant
1303 868 1336 895 ad
1350 868 1549 903 acquirendum
1565 868 1738 895 intellectum
1755 868 1819 895 illu-

1022 915 1155 942 tninatum
1169 923 1203 941 ex
1216 914 1340 943 claritate
1362 915 1495 949 ipsorum,
1511 919 1540 942 et
1561 914 1594 942 ad
1615 914 1819 941 consideratio-

1021 969 1084 988 nem
1101 967 1289 989 creaturarum
1303 961 1350 988 Dei
1369 969 1430 989 eum
1450 961 1588 988 munditia
1603 960 1708 988 faciunt
1718 960 1820 988 ambu-

1021 1008 1088 1035 lare.
1105 1007 1177 1042 Lege
1202 1007 1227 1034 in
1247 1007 1413 1042 Evangeliis,
1429 1010 1459 1034 ut
1481 1007 1613 1034 viaticum
1632 1007 1761 1042 acquiras
1784 1014 1819 1034 ex

1021 1053 1163 1088 dispositis
1180 1061 1194 1080 a
1208 1054 1264 1080 Deo
1284 1053 1318 1080 ad
1335 1061 1518 1088 supernorum
1535 1053 1701 1088 agnitionem
1717 1054 1744 1080 in
1761 1058 1820 1081 toto

1023 1100 1135 1131 mundo,
1159 1099 1260 1127 virtute
1282 1099 1463 1134 providentia:
1487 1107 1553 1126 sum.
1575 1100 1819 1135 Peregrinationes

1021 1146 1144 1181 singulas
1158 1154 1286 1182 operare,
1304 1152 1335 1173 ut
1356 1154 1434 1174 mens
1455 1150 1500 1173 tua
1523 1146 1550 1173 in
1575 1146 1620 1174 Dei
1644 1146 1820 1174 mirabilibus

1021 1191 1215 1225 profundetur,
1231 1196 1259 1219 et
1274 1191 1432 1227 huiusmodi
1455 1191 1559 1219 idcirco
1576 1196 1624 1219 tuo
1641 1192 1729 1220 labori
1751 1199 1818 1220 coa-

1022 1242 1127 1273 ptetur.
1144 1237 1183 1265 Ne
1200 1238 1253 1265 sint
1271 1245 1356 1273 penes
1371 1242 1396 1265 te
1412 1245 1561 1265 sermones
1582 1237 1746 1272 peritorum,
1762 1239 1819 1266 sei-

1022 1283 1087 1310 licet
1108 1283 1291 1316 falsariorum,
1308 1288 1337 1310 et
1353 1284 1399 1318 qui
1423 1283 1517 1311 divina
1543 1284 1652 1319 eloquia
1676 1284 1818 1317 vendunt;

1023 1335 1052 1356 ut
1066 1337 1120 1357 non
1138 1337 1282 1357 remaneas
1301 1330 1327 1356 in
1345 1329 1467 1357 tenebris
1483 1338 1569 1365 usque
1591 1330 1624 1357 ad
1649 1330 1740 1358 linear
1754 1331 1820 1358 vita:

1024 1380 1087 1407 ture,
1101 1380 1128 1403 ct
1144 1375 1281 1403 defectum
1299 1376 1413 1411 patiaris
1430 1376 1665 1405 incommoditatis
1683 1377 1819 1412 ipsorum,

1023 1429 1054 1449 ac
1071 1421 1111 1449 sic
1133 1422 1315 1450 fermentatus
1334 1423 1464 1450 terrearis
1485 1426 1609 1458 tempore
1631 1431 1730 1459 pugnae
1753 1427 1817 1455 true.

1023 1473 1050 1496 et
1063 1469 1090 1496 in
1103 1468 1209 1496 foveam
1224 1469 1329 1496 incidas
1340 1468 1486 1496 occasione
1499 1469 1685 1504 percipienda:
1697 1477 1821 1496 commo-

1024 1513 1118 1541 ditatis
1135 1521 1167 1541 ex
1185 1513 1261 1548 ipsis.
1282 1514 1311 1541 In
1330 1514 1489 1541 omnimoda
1514 1515 1713 1549 tranquillitate
1735 1514 1820 1542 lectio

178 1568 239 1586 sunt
258 1559 373 1594 impium
395 1558 480 1585 ducas
502 1557 645 1583 OCllltll‘lllll
668 1555 823 1582 retentione
848 1559 970 1581 tuorum.
985 1568 1006 1596 C
1025 1559 1073 1586 [ibi
1091 1559 1146 1590 [ξεί.
1162 1563 1189 1586 et
1206 1564 1266 1587 θειο
1282 1559 1353 1586 liber
1368 1559 1392 1594 5
1415 1568 1429 1587 ῃ
1453 1561 1538 1588 multa
1554 1561 1741 1588 sollicﬂudine
1755 1569 1819 1588 cor.

179 1606 359 1641 Peregrinum
385 1610 411 1633 te
435 1605 537 1632 sentias
562 1603 690 1630 onmibus
713 1602 813 1629 diebus
835 1601 900 1629 vitae
919 1605 973 1628 tua:

179 1659 346 1688 quocunque
372 1649 555 1686 ingrediaris,
580 1653 611 1675 ut
634 1657 649 1675 a
674 1647 776 1675 damno
798 1647 888 1682 possis
912 1645 971 1673 erui

179 1696 254 1732 quod
275 1705 290 1723 a
311 1695 460 1723 securitate
484 1693 630 1729 contingit.
648 1693 678 1720 In
693 1692 768 1720 omni
792 1696 917 1726 tempore
935 1695 974 1717 te—

180 1742 270 1777 ipsum
285 1739 382 1776 reputa'
404 1740 473 1767 nihil
491 1739 574 1772 scire,
592 1743 618 1765 ul
637 1739 744 1773 culpam
762 1737 877 1772 effugias
891 1744 972 1771 quam

180 1787 246 1815 facit
266 1786 387 1822 suspicio
407 1785 524 1813 volentis
542 1785 640 1813 sistere
651 1789 752 1812 contra
769 1784 885 1811 alterius
900 1783 974 1811 arbi-

181 1833 265 1860 trium
288 1831 465 1867 disputantis.
488 1831 640 1858 Persevera
657 1838 767 1865 semper
792 1838 840 1857 ore
860 1829 975 1857 benedi-

179 1878 279 1908 cendo,
304 1883 332 1904 et
355 1884 496 1912 nunquam
520 1876 705 1903 maledixeris.
730 1875 798 1902 Nam
816 1874 974 1902 benedictio

179 1924 402 1961 benedictionem
423 1923 498 1955 facit,
513 1926 540 1950 et
558 1921 716 1949 maledictio
739 1921 972 1949 maledictioncm.

179 1971 208 1998 In
223 1971 297 1997 omni
317 1978 345 1998 re
363 1969 482 2004 teipsum
494 1969 598 1996 aestima
610 1976 691 2003 cgere
705 1967 884 2000 doctrina,et
899 1968 975 1994 inve-

179 2016 265 2044 nieris
288 2016 399 2050 sapiens
415 2014 545 2042 omnibus
560 2014 658 2042 diebus
675 2014 735 2040 vita:
749 2019 811 2041 tum.
825 2014 863 2041 Ne
882 2013 975 2040 tradas

179 2063 331 2098 quidquam
345 2062 438 2093 alicui,
453 2061 576 2088 nondum
589 2060 661 2095 quod
677 2058 923 2095 comprehendisti.
935 2059 974 2086 Ne

179 2108 388 2139 vcrecunderis,
409 2108 431 2135 si
459 2107 486 2134 in
511 2108 570 2142 ipso
588 2111 622 2134 et
647 2106 903 2141 exreomparatione
921 2110 974 2132 tum

179 2154 401 2183 conversationis
415 2154 448 2181 ad
465 2153 551 2186 illam,
569 2158 621 2181 tum
637 2153 794 2180 traditionis
811 2152 915 2188 falsitas
932 2160 974 2179 re-

181 2202 299 2230 veletur.
317 2201 344 2228 Si
362 2200 428 2236 quid
458 2201 511 2228 tale
528 2199 659 2235 loquaris,
686 2199 770 2226 alicui
796 2207 851 2226 non
876 2203 976 2226 temet-

1024 1606 1099 1641 poris
1114 1614 1262 1640 rerumque
1281 1606 1449 1639 turbatione,
1465 1611 1496 1634 ut
1510 1606 1703 1634 delectabilem
1724 1611 1820 1642 gusta-

1025 1652 1126 1679 tionem
1150 1653 1177 1680 in
1192 1653 1284 1680 anima
1297 1655 1343 1680 tua
1357 1657 1450 1688 gustes
1467 1661 1516 1688 per
1531 1653 1639 1681 dulcem
1657 1654 1820 1681 considera-

1024 1697 1126 1725 tionem
1141 1692 1201 1732 quaa
1215 1702 1327 1733 superat
1341 1706 1450 1726 omnem
1465 1707 1586 1731 sensum,
1600 1703 1628 1727 et
1645 1701 1747 1727 sentiet
1757 1707 1820 1727 eam

1024 1744 1114 1772 anima
1140 1749 1184 1771 tua
1200 1746 1408 1779 perseverando
1425 1746 1454 1773 in
1470 1745 1538 1780 ipsa.
1555 1745 1619 1773 Haec
1636 1745 1686 1773 tibi
1710 1746 1746 1774 sit
1770 1754 1821 1781 pro

1024 1791 1103 1826 signo
1117 1792 1145 1819 in
1163 1792 1247 1819 rebus
1260 1793 1435 1828 quas'subirc
1450 1792 1573 1825 voluisti,
1594 1800 1629 1820 ne
1651 1791 1685 1820 de
1707 1792 1821 1827 regiona

1026 1836 1071 1863 illa
1087 1837 1249 1872 egrediaris.

1334 1905 1448 1935 CAPUT
1468 1906 1511 1934 Vl.

1224 1962 1262 1990 De
1281 1963 1503 1999 contemplatione
1519 1972 1618 1991 rerum.

1061 2017 1129 2045 Cum
1147 2018 1283 2054 inceperit
1294 2019 1382 2054 gratia
1398 2023 1460 2047 tuos
1473 2020 1570 2047 oculos
1584 2019 1694 2055 aperire
1705 2019 1739 2048 ad
1752 2027 1821 2055 per-

1025 2059 1470 2099 cipiendumcontemplationem
1503 2073 1596 2093 rerum
1631 2066 1662 2094 in
1690 2066 1819 2100 veritate,

1027 2114 1093 2137 tunc
1119 2111 1212 2137 statim
1236 2110 1371 2145 incipient
1396 2111 1469 2139 oeuli
1490 2111 1530 2139 tui
1544 2111 1660 2139 fundere
1682 2112 1821 2147 lacrymas

1026 2157 1104 2191 quasi
1123 2156 1238 2189 flumen,
1249 2163 1279 2184 ut
1296 2157 1439 2184 multotics
1458 2157 1585 2184 laventur
1601 2165 1635 2184 ex
1649 2157 1820 2185 abundantia

1026 2210 1102 2237 gente
1126 2207 1188 2230 tua;
1213 2203 1248 2229 Et
1267 2206 1332 2229 tunc
1356 2207 1444 2230 cessat
1458 2210 1547 2238 pugna
1564 2210 1716 2235 sensuum,
1735 2207 1765 2231 ct
1776 2212 1811 2232 re

182 2248 272 2282 ipsum
301 2246 442 2279 ostendes,
465 2246 539 2281 quod
553 2245 732 2273 sufﬁeientior
747 2245 775 2272 in
788 2253 821 2272 eo
836 2244 891 2278 sis;
904 2249 934 2272 ut
946 2249 975 2272 et
991 2242 1012 2269 υ
1028 2248 1149 2275 trahitur
1161 2248 1247 2275 intus.
1260 2247 1287 2275 Si
1299 2249 1360 2282 quis
1371 2249 1508 2284 justontm
1525 2249 1652 2276 docuerit
1666 2249 1812 2281 contraria,

179 2294 355 2322 auditoribus
372 2293 497 2320 ordinem
509 2292 675 2320 humilitatis
685 2291 823 2323 ostendas,
835 2297 863 2319 et
875 2299 923 2319 eos
939 2291 979 2334 ad

181 2340 350 2368 audiendum
368 2340 449 2366 verba
467 2344 522 2371 tua,
541 2338 575 2366 ad
592 2338 761 2366 currendum
779 2337 811 2365 ad
835 2337 974 2372 operatio-

181 2394 244 2414 nem
269 2386 396 2418 inducas,
410 2390 437 2413 et
460 2385 508 2412 fias
522 2384 688 2413 venerabilis
704 2384 730 2411 in
753 2384 841 2412 oculis
860 2391 973 2411 eorum-

181 2432 253 2459 dem.
266 2432 303 2460 De
315 2431 473 2468 huiusmodi
485 2431 569 2459 rebus
582 2431 619 2468 (6)
630 2431 744 2465 loquere
756 2438 818 2458 cum
834 2430 971 2466 lacrymis,

161 2499 165 2505 ι
183 2484 211 2506 ut
228 2480 278 2506 tibi
296 2479 402 2514 prosint
418 2483 445 2505 et
459 2478 647 2508 audientibus.
664 2482 691 2505 et
706 2477 792 2512 gratia
810 2476 856 2503 Dei
868 2477 922 2503 erit
936 2482 976 2504 te-

183 2534 255 2553 011111.

496 2591 609 2619 CAPUT
627 2591 659 2618 'V.

235 2649 409 2684 Biasphemim
431 2649 536 2682 spiritui
552 2648 681 2683 quomodo
697 2649 731 2674 sit
750 2647 921 2674 obuiandum.

219 2706 248 2734 Si
259 2706 293 2734 ad
308 2705 355 2733 Dei
369 2706 483 2741 gratiam
496 2704 646 2740 pervenisti
658 2708 686 2731 et
701 2704 728 2731 in
743 2703 974 2738 contemplatione

185 2757 376 2780 creaturarum
397 2752 444 2779 Dei
461 2751 621 2783 visibilium,
639 2749 711 2785 quod
729 2753 772 2776 est
788 2750 893 2785 primus
907 2749 977 2776 ordo

223 2833 233 2847 ’
246 2833 324 2859 Prov.
346 2840 408 2864 xxv,
425 2831 470 2857 lli.

222 2910 259 2945 (6)
274 2911 312 2937 De
331 2909 483 2944 Imjusmorli
493 2909 576 2935 rebus.
589 2909 672 2942 Editi,
688 2908 812 2943 Dehujm
826 2909 910 2935 rebus.

1027 2302 1061 2321 ne
1077 2294 1175 2322 credas
1192 2294 1243 2328 ipsi
1259 2303 1264 2321 :
1279 2302 1342 2321 nam
1359 2299 1459 2329 praeter
1474 2295 1608 2330 lacrymas
1620 2294 1694 2322 aliud
1708 2295 1812 2330 signun

1026 2348 1081 2367 non
1105 2347 1212 2375 quaeras
1232 2347 1247 2366 a
1265 2347 1390 2375 corpore.
1415 2339 1502 2373 Quam
1523 2341 1578 2369 cito
1601 2341 1675 2369 enim
1699 2349 1779 2369 mens
1803 2349 1830 2383 η

1027 2385 1165 2413 creaturis
1191 2384 1338 2418 attollitur,
1369 2390 1427 2413 tum
1442 2394 1548 2422 corpus
1573 2391 1628 2414 tam
1645 2394 1661 2414 a
1680 2386 1808 2423 lacrymis

1026 2439 1108 2467 quam
1122 2439 1137 2459 a
1156 2432 1336 2460 sensualitate
1361 2432 1468 2460 recedit
1490 2441 1497 2459 :
1524 2432 1590 2461 Cum
1610 2432 1662 2460 me!
1677 2433 1819 2465 inuenerit,

1029 2488 1061 2506 ne
1070 2478 1130 2506 inde
1144 2478 1262 2514 repletus
1273 2487 1388 2514 eramus,
1403 2488 1435 2507 ea:
1450 2480 1507 2515 ipso
1525 2480 1630 2507 comede
1651 2481 1786 2509 moderate
1797 2481 1819 2508 ⁸.

1028 2525 1131 2552 Natura
1159 2525 1234 2553 enim
1258 2526 1356 2553 animae
1379 2530 1473 2553 tenuat
1490 2534 1534 2553 res
1556 2530 1586 2553 et
1605 2526 1675 2554 levis
1698 2526 1820 2555 exsistit.

1029 2569 1184 2606 Aliquando
1200 2569 1274 2597 enim
1306 2571 1426 2606 psallens
1443 2571 1582 2599 desiderat
1595 2571 1746 2599 ascendere
1772 2579 1822 2599 su-

1029 2623 1077 2650 pra
1112 2619 1241 2643 naturam
1260 2624 1353 2649 suam;
1379 2617 1520 2645 multoties
1543 2623 1634 2646 autem
1659 2626 1674 2645 a
1699 2617 1821 2646 lectione

1029 2661 1233 2696 Seripturarum
1274 2667 1303 2690 et
1332 2663 1566 2698 contemplatione
1595 2671 1687 2691 rerum
1728 2663 1820 2699 aliqua

1029 2703 1238 2738 comprehendit
1253 2713 1259 2730 :
1274 2711 1337 2731 cum
1349 2712 1416 2732 vero
1427 2709 1605 2740 comparatur
1617 2705 1661 2733 his
1671 2713 1733 2741 qua:
1745 2713 1822 2732 com-

1030 2749 1167 2784 prehensa
1187 2754 1263 2782 sunt,
1286 2749 1321 2776 ab
1335 2750 1381 2777 illa
1403 2750 1613 2779 insnllicientior
1643 2756 1672 2779 et
1693 2750 1821 2779 timidior

1063 2908 1100 2945 (7)
1113 2908 1251 2936 Μουεανὶε.
1266 2908 1348 2941 Alias,
1365 2910 1471 2937 moveri.
