1967 3091
147 121 198 154 817

678 123 791 152 LlBEH
813 123 859 152 DE
879 122 1105 154 CONTEMPTU
1124 124 1262 154 MUNM.

1729 118 1780 150 818

147 182 261 215 apparet
296 177 448 205 secundum
476 185 533 203 sua:
552 177 744 211 dispositionis
767 184 937 208 mensuram,
956 184 974 209 Α
993 182 1038 205 tur
1054 186 1069 205 a
1084 178 1213 210 lectione,
1233 178 1344 213 quando
1362 181 1416 205 stat
1434 177 1460 203 in
1479 176 1616 208 oratione,
1633 178 1661 202 et
1674 183 1707 202 ex
1720 182 1782 201 cra-

149 228 276 259 respectu
294 223 403 250 illorum
420 223 453 250 ad
466 231 527 257 qua:
544 223 661 250 scientia
677 223 738 258 ejus
753 223 875 250 intravit.
893 222 940 251 Sic

148 275 175 299 et
203 271 317 302 inducat
336 270 363 297 in
386 270 602 304 cogitationibus
626 269 684 297 suis
712 270 839 297 timorem
856 274 938 304 atque

150 321 307 343 tremorem.
324 320 351 342 et
377 315 490 343 festinet
513 315 606 342 redire
627 315 661 342 ad
676 315 800 342 infimum
817 315 859 342 sui
874 323 940 349 pro-

152 366 212 396 pter
233 361 421 392 formidinem,
445 366 540 395 utpote
556 368 617 394 qua:
632 365 705 387 mota
730 364 783 391 est,
804 365 832 387 et
847 360 881 387 de
897 360 941 387 his

149 416 210 441 quae
221 415 302 442 supra
319 412 393 436 sunt.
407 407 509 434 divinis
525 407 609 433 rebus
619 406 740 433 scrutari
755 406 939 440 praesumpsit.

149 454 217 482 Nam
244 459 358 489 propter
381 453 555 481 timiditatem
578 460 670 480 rerum
685 453 803 480 formido
817 452 940 487 quaedam

151 500 181 527 fit
194 500 232 531 ei,
249 504 273 527 el
288 500 420 527 discretio
437 499 515 535 juvat
535 499 708 526 intellectum
729 498 839 530 animm,
857 504 885 525 ut
902 498 941 525 si-

150 547 237 574 lentio
250 551 329 573 varct
343 551 370 573 et
383 554 437 572 non
454 549 654 576 tuoveatnr,’ne
666 549 771 580 pereat,
783 552 836 572 nec
848 545 942 579 exqui-

151 598 193 620 rat
206 600 268 628 qua:
278 600 361 626 supra
378 600 408 618 se
425 596 491 618 sunt
503 591 603 618 altiora
621 591 642 618 ³.
657 590 725 618 Cum
741 598 807 618 vero
820 594 942 625 potestas

153 640 203 667 tibi
228 640 291 666 data
316 639 402 666 fuerit
418 637 623 665 considerandi.
640 645 675 665 ne
690 637 828 664 movearis
845 642 941 664 contra

152 686 291 721 mysteria,
308 685 356 712 Sed
370 684 465 717 adora,
479 683 613 720 glorifica,
625 688 653 710 et
665 683 774 711 silendo
788 689 941 719 regratare.

151 732 218 759 Eam
230 731 301 758 sicut
321 739 375 758 non
388 730 501 765 expedit
524 730 642 757 multum
659 729 750 757 mellis
762 729 909 757 comedere
920 729 941 762 ⁸,

151 779 190 805 sic
201 785 252 805 nec
267 777 300 804 dc
312 776 414 804 divinis
429 776 549 810 eloquiis
562 775 731 810 perscrutari
747 784 755 809 ;
773 783 809 803 ne
826 776 944 803 volenti-

152 812 204 851 bus
221 823 322 850 intueri
342 831 387 850 res
399 822 552 853 breviores,
569 829 620 849 nec
640 821 732 849 adhuc
752 829 799 849 eas
811 830 843 849 ex
861 829 943 857 aspe-

992 225 1066 251 tione
1087 224 1262 252 illuminatur
1282 224 1308 251 in
1333 224 1462 255 lectione,
1484 230 1516 249 ac
1531 222 1628 250 eodem
1649 221 1710 249 loco
1731 228 1780 248 ex—

992 274 1067 297 tersa
1088 270 1154 297 faace
1170 269 1402 299 fermentationis.
1419 268 1560 295 invenitur
1573 272 1627 294 tota
1646 266 1673 293 in
1693 267 1780 293 forma

992 316 1135 343 orationis.
1157 316 1249 351 Turpe
1266 320 1308 343 est
1335 315 1426 343 carnis
1436 318 1574 342 amatores
1584 318 1611 340 ct
1623 312 1781 348 gastrimar-

992 370 1041 397 gos
1058 363 1091 389 de
1107 363 1191 389 rebus
1206 363 1397 398 spiritualibus
1408 361 1588 397 perscrutari.
1604 360 1712 395 Corpus
1724 368 1781 394 gra-

992 407 1064 434 viter
1079 413 1225 442 aegrotans,
1244 407 1302 434 odit
1325 408 1402 434 cibos
1421 414 1534 441 asperos
1555 409 1582 432 et
1604 404 1733 440 repellit:
1756 408 1783 430 et

992 462 1070 481 mens
1086 454 1267 481 s‘ecttlaribns
1286 454 1369 481 rebus
1387 453 1492 480 intenta
1511 460 1564 479 non
1582 456 1671 487 potest
1683 459 1782 486 appro-

991 501 1127 536 pinquare
1158 501 1300 528 scrutiniis
1323 500 1492 527 divinorum.
1521 499 1594 534 Ignis
1611 499 1638 526 in
1661 498 1783 526 humidis

991 545 1075 580 lignis
1087 552 1142 572 non
1155 545 1328 577 accenditur,
1348 549 1375 572 et
1391 545 1503 572 divinus
1516 545 1591 572 calor
1603 545 1630 571 in
1648 544 1731 571 corde
1743 544 1785 571 (li-

992 591 1103 626 ligentis
1118 591 1240 626 quietem
1257 596 1286 618 et
1309 591 1409 623 otium,
1431 599 1486 618 non
1509 591 1638 626 gignitur.
1661 590 1786 617 Meretri-

993 637 1034 664 cis
1061 645 1116 664 non
1141 641 1234 665 manet
1254 637 1375 665 amicitia
1396 644 1483 672 penes
1511 645 1597 663 untnn
1618 640 1670 663 :et
1693 635 1784 663 anima

993 689 1054 723 qpaa
1067 682 1193 717 colligata
1207 687 1249 710 est
1268 683 1295 709 in
1314 682 1397 710 rebus
1411 682 1548 717 pluribus,
1567 682 1593 709 in
1610 681 1713 709 divinis
1729 689 1784 708 non

992 731 1135 761 permanet
1152 726 1338 754 documentis.
1355 727 1593 760 Quemadmodum
1608 727 1631 754 is
1654 726 1702 762 qui
1729 734 1784 753 non

993 772 1063 800 vidit
1080 773 1170 800 oculis
1186 774 1244 801 suis
1261 773 1357 805 solem,
1373 781 1407 800 ex
1423 765 1519 801 auditu
1542 773 1600 800 solo
1616 781 1671 800 non
1695 776 1786 808 potest

994 819 1113 847 recitare
1123 820 1255 855 cuiquam
1268 820 1360 847 lumen
1376 820 1446 855 ejus,
1461 828 1513 848 nec
1530 820 1629 853 sentit;
1645 820 1681 847 ita
1696 824 1724 848 et
1740 819 1786 847 ille

151 869 232 896 ritate
251 868 302 896 vite
316 867 486 898 valentibus,
503 866 661 894 infirmetur
683 866 798 894 visionis
810 867 902 894 virtus
915 871 943 894 et
961 860 980 888 Β
994 865 1073 900 cujus
1094 866 1187 892 anima
1204 865 1381 894 dulcedinem
1396 866 1552 893 caelestium
1573 874 1627 893 non
1655 866 1785 902 gustavit.

151 915 318 943 offendatur.
341 913 496 949 Aliquando
515 913 589 940 enim
613 913 674 940 loco
703 913 829 941 veritmis
858 914 945 948 phan-

152 966 268 988 tasmata
290 960 413 996 quaedam
426 959 577 989 videntur;
593 963 620 986 et
634 966 790 986 cummens
805 959 840 986 ab
857 959 945 994 inqui-

151 1008 252 1035 sitione
268 1007 356 1034 activa
373 1010 537 1041 occupatur,
554 1005 728 1032 obliviscitur
743 1013 800 1032 suae
817 1005 946 1033 intentio-

151 1055 207 1082 nis.
239 1054 327 1082 Bcne,
337 1060 406 1088 ergo
427 1053 467 1080 ait
488 1052 599 1087 sapiens
619 1051 747 1078 Salomon
770 1051 843 1086 quod
867 1052 944 1079 Ιιοηιο

150 1101 207 1128 sine
225 1100 357 1135 sapienti/1
376 1102 414 1125 est
434 1099 500 1125 sicut
522 1098 614 1124 civitas
637 1098 693 1124 sine
713 1098 822 1124 muro'.‘
846 1097 944 1124 Munda

153 1147 246 1181 igitur,
263 1153 279 1173 o
294 1145 388 1176 homo,
406 1145 525 1171 animam
545 1148 630 1174 tuam,
644 1147 672 1170 et
685 1136 789 1170 excute
802 1151 816 1170 a
833 1148 858 1170 te
870 1143 944 1170 solli-

152 1192 424 1220 citudinem-,rernm
450 1197 512 1224 quae
534 1194 597 1216 sunt
613 1193 690 1216 extra
712 1194 840 1216 naturam
857 1192 943 1219 tuam,

152 1244 181 1266 et
204 1237 381 1273 apprehende
406 1236 572 1264 humilitatis
595 1241 623 1264 et
647 1236 782 1264 castitatis
808 1235 945 1263 velamina

153 1290 249 1313 contra
268 1285 425 1312 intellectus
440 1289 468 1311 et
490 1288 581 1311 motus
598 1287 669 1310 tuos.
686 1283 720 1310 Et
738 1289 787 1317 per
803 1282 857 1309 hoc
871 1283 946 1308 inve-

153 1332 214 1358 nies
233 1331 264 1362 id.
275 1330 348 1366 quod
365 1330 438 1357 intra
454 1334 480 1357 te
494 1333 551 1362 est;
565 1329 716 1356 humilibus
728 1329 801 1356 enim
816 1327 945 1363 mysteria

154 1378 322 1406 revelantur.

461 1432 574 1461 CAPUT
591 1433 647 1460 ΥΠ.

252 1491 290 1518 De
308 1492 428 1518 oratione.
439 1494 463 1516 et
476 1489 585 1516 lectione
603 1489 665 1516 bene
679 1487 854 1515 instituenda.

191 1549 219 1576 Si
239 1549 279 1576 vis
295 1548 414 1580 animam
434 1552 507 1574 tuam
528 1547 594 1575 dare
612 1546 647 1573 ad
674 1544 863 1581 operationem
882 1553 946 1572 ora-

155 1594 238 1621 tionis
255 1601 316 1629 quze
338 1593 451 1620 mundat
470 1597 602 1623 mentem,
618 1595 646 1618 et
663 1590 899 1626 perseverantiam
916 1590 945 1617 in

155 1640 259 1675 vigiliis
278 1639 377 1671 noctis,
396 1640 493 1673 elonga
519 1638 637 1672 teipsum
655 1637 690 1664 ab
707 1640 820 1671 aspectu
838 1636 946 1669 mundi,

156 1685 268 1714 succidc
284 1684 416 1718 colloqui,
434 1688 462 1711 et
479 1684 535 1710 noli
550 1683 678 1717 excipere
690 1690 723 1709 ex
745 1681 947 1709 consuetudine

156 1730 260 1756 amicos
279 1729 305 1755 in
317 1729 385 1756 cella
397 1732 453 1758 tua,
469 1735 520 1755 nec
532 1728 614 1755 etiam
629 1727 681 1754 sub
695 1727 788 1762 specie
803 1727 947 1759 bonitatis,

156 1780 258 1810 prmter
275 1775 337 1802 illos
351 1774 397 1808 qui
411 1769 476 1801 sunt
500 1773 548 1801 tibi
564 1774 689 1809 ejusdem
704 1773 790 1800 moris
802 1771 949 1800 etarbitrii

156 1829 189 1849 ac
211 1820 355 1848 societatis
370 1820 509 1855 ejusdem.
536 1819 570 1846 Et
591 1819 687 1846 timeto
707 1817 948 1845 fermentationem

156 1866 307 1894 locutionis
320 1866 427 1896 animm,
445 1874 506 1899 qua:
522 1865 668 1892 censuevit
682 1864 768 1891 invita
784 1864 900 1891 moveri.
916 1863 950 1890 Et

160 1918 303 1947 postquam
327 1912 478 1939 succideris
499 1916 526 1938 ct
549 1911 666 1938 solveris
686 1910 854 1937 exteriorem
871 1910 948 1936 loeu-

159 1959 273 1990 tiouein,
297 1959 432 1993 conjunge
449 1958 565 1985 orationi
591 1962 642 1985 tua:
657 1956 895 1988 misericordiam;
922 1960 950 1982 et

158 2005 248 2032 anima
271 2009 317 2031 tua
345 2004 437 2031 lumen
463 2003 589 2031 veritatis
614 2003 729 2030 videbit.
752 2003 820 2030 Nam
845 2006 950 2036 quanto

159 2052 246 2086 magis
273 2059 321 2078 cor
345 2051 380 2078 ab
406 2050 570 2077 extrinsecis
590 2049 719 2076 rebusin
748 2048 949 2083 tranquillitate

160 2101 263 2128 manet,
280 2101 354 2124 tanto
377 2097 462 2131 magis
480 2104 556 2123 meus
575 2100 664 2130 potest
681 2095 804 2130 recipere
823 2101 950 2129 compre-

160 2143 332 2175 hensionetn,
348 2151 408 2178 qua:
420 2151 434 2171 a
453 2142 674 2170 consideratione
691 2141 848 2169 intellectus
866 2141 951 2168 habet

1285 928 1398 957 CAPUT
1419 929 1486 956 Vlll.

1276 985 1315 1012 De
1330 985 1505 1021 eleemosyna.

1031 1040 1059 1068 Si
1072 1041 1157 1068 habes
1169 1041 1235 1076 quid
1249 1041 1321 1069 ultra
1336 1042 1529 1070 necessitatem
1555 1047 1630 1070 tuam
1648 1042 1787 1075 diurnam,

995 1087 1164 1121 pauperibus
1188 1088 1255 1115 illud
1281 1095 1374 1123 eroga,
1393 1092 1422 1115 et
1449 1088 1507 1116 eris
1525 1095 1587 1116 cum
1625 1089 1786 1116 securitate.

995 1132 1071 1160 Otl‘er
1086 1133 1227 1160 orationes
1248 1138 1318 1166 tuas,
1339 1134 1366 1161 id
1383 1138 1436 1165 est,
1456 1134 1570 1169 loquere
1585 1142 1648 1161 cum
1669 1135 1736 1167 Deo,
1749 1135 1788 1162 si-

996 1183 1043 1205 cut
1060 1178 1133 1206 tilius
1147 1187 1209 1206 cum
1221 1185 1298 1214 patre
1314 1187 1377 1207 suo.
1402 1180 1476 1207 Nihil
1495 1180 1560 1207 facit
1587 1180 1623 1207 ita
1641 1181 1789 1216 appropin-

996 1232 1082 1259 quare
1096 1225 1163 1258 Dco,
1177 1225 1249 1253 sicut
1271 1226 1457 1262 elecmosyna.
1475 1226 1550 1253 Nihil
1564 1226 1600 1254 ita
1619 1226 1685 1254 facit
1701 1228 1788 1254 menti

996 1271 1235 1306 tranquillitatem,
1245 1272 1317 1300 sicut
1332 1278 1480 1308 paupertas
1489 1281 1551 1309 qua:
1561 1274 1718 1302 voluntarie
1729 1283 1789 1302 sus-

997 1318 1110 1345 tinetur.
1140 1318 1238 1346 Melius
1257 1313 1364 1346 esttibi
1379 1327 1394 1346 a
1411 1320 1539 1354 pluribus
1554 1321 1646 1348 vocari
1662 1321 1788 1354 idiotam,

996 1371 1078 1398 quam
1104 1369 1218 1399 propter
1238 1365 1354 1400 gloriam
1369 1385 1378 1398 ,
1410 1366 1562 1401 sapientem
1596 1371 1679 1402 atque
1700 1367 1789 1402 perfer

996 1416 1080 1438 ctum.
1097 1411 1124 1439 Si
1140 1412 1202 1447 quis
1216 1420 1320 1448 equum
1334 1413 1487 1441 ascendens
1503 1414 1634 1449 extendat
1648 1413 1681 1441 ad
1695 1419 1720 1442 tc
1730 1422 1788 1441 ma-

996 1465 1063 1484 num
1076 1462 1106 1484 ut
1117 1459 1236 1494 accipiat
1248 1467 1263 1486 a
1280 1463 1305 1487 te
1315 1460 1530 1497 eleemosynam,
1541 1469 1576 1488 ne
1586 1461 1703 1496 repellas
1715 1469 1788 1492 eum.

998 1503 1062 1537 quia
1079 1503 1126 1530 illo
1141 1508 1277 1539 tempore,
1292 1505 1366 1533 sicut
1377 1513 1451 1533 unus
1465 1505 1499 1533 de
1516 1506 1689 1541 pauperibus
1707 1514 1791 1542 egens

998 1548 1060 1576 erit.
1075 1548 1143 1576 Cum
1159 1554 1252 1577 autem
1273 1550 1396 1584 dederis,
1412 1559 1474 1579 cum
1495 1551 1721 1587 magnanimitate
1745 1552 1790 1582 da.

998 1599 1027 1623 et
1043 1595 1138 1623 vultus
1155 1596 1295 1624 hilaritate
1315 1598 1379 1632 plus
1400 1605 1483 1632 quam
1500 1598 1545 1626 ille
1560 1598 1672 1633 petierit
1687 1599 1790 1634 praebe.

998 1640 1100 1668 Emitte
1110 1649 1241 1676 namque,
1251 1642 1367 1670 Domine
1376 1641 1426 1678 (8),
1436 1650 1535 1677 panem
1547 1647 1612 1670 tunc
1622 1648 1685 1671 ante
1692 1643 1789 1671 faciem

999 1686 1139 1720 pauperis,
1152 1692 1181 1714 et
1197 1691 1259 1722 post
1280 1688 1397 1715 multum
1422 1680 1563 1723 temporis,
1577 1686 1789 1718 retributionem

1001 1732 1119 1759 videbis.
1135 1733 1174 1760 Ne
1184 1733 1327 1761 discernas
1352 1742 1500 1770 pauperem
1524 1743 1539 1762 a
1557 1735 1653 1768 divite,
1677 1737 1790 1771 noliquc

1003 1777 1074 1806 scire
1091 1778 1203 1813 dignum
1220 1779 1254 1807 ab
1269 1779 1392 1815 indigno.
1406 1780 1460 1809 Sed
1478 1781 1533 1808 sint
1554 1782 1626 1816 apud
1647 1788 1673 1810 te
1693 1791 1789 1812 omnes

1002 1824 1129 1852 homines
1144 1826 1265 1860 aequales
1281 1825 1314 1852 ad
1333 1826 1447 1854 bonum.
1462 1826 1520 1855 Hoc
1531 1827 1613 1854 modo
1627 1829 1732 1863 poteris
1747 1829 1790 1856 in-

1000 1870 1098 1905 dignos
1114 1871 1223 1898 trahere
1235 1872 1268 1898 ad
1289 1871 1405 1902 bonum,
1421 1873 1487 1908 quia
1505 1873 1560 1900 cito
1580 1874 1701 1900 trahitur
1731 1874 1793 1901 ani-

1001 1923 1044 1943 ma
1066 1924 1116 1951 per
1131 1917 1294 1951 temporalia
1311 1917 1338 1944 in
1354 1918 1403 1945 Del
1424 1918 1563 1946 timorem.
1575 1919 1643 1947 Nam
1657 1923 1685 1947 et
1700 1920 1794 1948 Domi-

1001 1965 1055 1989 nu‘s
1074 1962 1230 1996 publicanis
1255 1967 1283 1990 et
1302 1964 1497 1998 peccatoribus
1520 1965 1742 1993 communicabat
1764 1966 1792 1994 in

1002 2007 1115 2040 mensis,
1142 2015 1194 2036 nec
1207 2009 1354 2043 separabat
1368 2010 1505 2045 indignos,
1524 2015 1555 2038 ut
1573 2010 1625 2038 hoc
1640 2011 1722 2039 modo
1737 2016 1794 2039 tra-

1002 2053 1081 2081 heret
1102 2054 1137 2081 ad
1155 2054 1202 2081 Dei
1223 2055 1351 2083 timorem
1372 2057 1517 2085 universos
1527 2061 1556 2085 et
1576 2065 1626 2092 per
1640 2058 1792 2092 corporalia

1002 2099 1193 2135 spiritualibus
1206 2101 1434 2136 propinquarent.
1451 2103 1492 2130 Ob
1505 2103 1557 2131 hoc
1571 2104 1598 2131 in
1613 2104 1686 2131 bono
1701 2110 1726 2131 el
1746 2105 1795 2130 ho-

1003 2154 1071 2174 nore
1088 2154 1185 2174 omnes
1198 2147 1327 2176 homines
1342 2149 1384 2176 fac
1399 2150 1528 2184 aequales,
1544 2152 1672 2184 quamvis
1683 2151 1795 2179 Iudaeus

159 2198 230 2217 esse.
251 2190 298 2216 Est
313 2189 386 2216 enim
401 2196 459 2216 mos
470 2189 569 2216 aniuue
580 2189 635 2216 cito
646 2193 753 2215 mutare
767 2187 949 2222 colloquium,
968 2197 992 2227 ι)
1004 2193 1047 2220 vel
1064 2200 1186 2228 paganus
1203 2194 1238 2220 si:
1251 2202 1263 2225 ς·
1274 2198 1302 2221 ει
1316 2195 1434 2222 maxime
1448 2196 1513 2230 quia
1524 2195 1610 2223 fraler
1628 2201 1691 2224 tuus
1703 2201 1755 2228 ρει,
1769 2202 1797 2225 ει

161 2237 183 2264 si
203 2241 293 2262 tamen
317 2235 536 2262 laboraverimus
553 2242 664 2269 parvam
681 2233 851 2269 diligentiam
873 2233 952 2260 adhi-

162 2282 229 2309 bere
244 2291 250 2308 :
270 2281 350 2308 stude
366 2281 393 2308 in
415 2280 581 2308 lectionibus
596 2280 803 2315 Scripturarum
826 2287 887 2314 qua:
904 2279 954 2306 de-

164 2331 320 2354 monstrant
334 2327 404 2353 viam
423 2326 596 2358 subtilitatis,
613 2325 865 2360 contemplationis,
881 2330 910 2352 et
926 2325 953 2352 in

164 2374 219 2400 vita
237 2378 418 2405 sanctorum;
438 2380 596 2406 (pinuquam
613 2379 627 2398 a
650 2371 789 2406 principio
810 2379 865 2398 non
890 2379 954 2398 scn-

163 2420 216 2446 tias
239 2419 427 2450 dulcedinem,
458 2422 572 2452 propter
602 2418 819 2445 obtcnebrantes
843 2418 956 2452 propin-

163 2466 284 2500 quitates
296 2472 387 2491 rerum
404 2469 434 2491 ut
445 2468 534 2490 mutes
547 2463 714 2498 colloquium
732 2464 757 2490 in
774 2463 954 2498 colloquium.

164 2512 199 2538 lit
215 2518 276 2538 cum
298 2510 453 2537 surrexeris
466 2510 500 2536 ad
521 2509 674 2536 orationem
691 2512 718 2535 et
742 2508 876 2543 regulam.
895 2509 956 2535 loco

165 2555 353 2582 meditationis
383 2554 558 2581 stecularium
582 2561 644 2588 qum
663 2552 756 2579 vidisti
783 2557 811 2579 et
830 2553 954 2584 audisti,

167 2601 291 2628 invenies
317 2606 352 2629 te,
375 2600 553 2627 meditatione
581 2598 785 2634 Scripturarnm
811 2607 879 2634 quas
911 2600 951 2626 le—

166 2647 239 2682 gisti.
260 2651 288 2674 et
315 2646 514 2674 recordationis
544 2646 653 2672 illorum
670 2645 842 2672 saecularium
856 2646 952 2673 oblivi—

166 2693 264 2724 accris,
280 2697 308 2720 et
326 2692 418 2720 taliter
433 2691 466 2718 ad
485 2691 647 2718 munditiam
672 2698 749 2718 mens
775 2692 894 2718 accedit.
920 2692 954 2719 Et

168 2739 272 2766 hocest
288 2739 353 2765 illud
373 2738 446 2773 quod
462 2738 593 2772 scriptum
606 2741 659 2768 est,
677 2736 750 2771 quod
765 2737 861 2764 anima.
872 2739 952 2773 juva-

209 2797 218 2811 '
233 2796 317 2824 Eceli.
336 2805 372 2828 In,
391 2797 435 2823 ‘2'2.
473 2797 481 2810 ‘
501 2797 581 2822 Prov.
599 2804 658 2828 xxv,
679 2795 722 2822 Ξῖ.
761 2796 771 2810 ⁵
785 2795 850 2823 ibid.
867 2797 911 2824 ‘28.

206 2854 243 2889 (3}
264 2855 381 2881 Domine.
401 2857 489 2887 l'mtc,
506 2856 624 2883 Domino.

1003 2238 1038 2265 de
1059 2242 1162 2265 natura
1183 2243 1229 2266 tua
1246 2243 1305 2266 ct‘a
1324 2240 1441 2268 veritate
1455 2241 1514 2268 sine
1530 2242 1645 2268 scicntia
1663 2242 1794 2270 dEViavit.

1004 2283 1120 2315 Quando
1136 2283 1240 2311 feceris
1255 2284 1346 2312 alieno
1368 2285 1484 2318 bonum,
1508 2286 1721 2314 retributionem
1740 2295 1795 2315 non

1004 2334 1147 2365 exspectes
1160 2330 1194 2357 ab
1210 2330 1269 2362 illo,
1290 2335 1320 2358 et
1336 2332 1489 2359 secundum
1505 2337 1651 2367 utramque
1669 2341 1727 2360 rem
1750 2341 1796 2361 re-

1007 2377 1147 2404 tribuetur
1160 2377 1209 2404 tibi
1227 2385 1242 2404 a
1259 2378 1325 2405 Deo.
1345 2378 1379 2405 Et
1398 2379 1420 2406 si
1434 2379 1483 2406 tibi
1498 2379 1629 2414 possibile
1640 2379 1734 2412 fuerit,
1746 2387 1795 2407 ne—

1005 2431 1059 2458 que
1084 2426 1198 2457 propter
1212 2423 1425 2451 retributionem
1441 2425 1562 2452 futuram
1576 2424 1661 2452 facias
1680 2425 1795 2458 bonum,

1005 2467 1056 2495 sed
1070 2472 1183 2502 propter
1201 2475 1324 2495 amorem
1341 2469 1389 2496 Dei
1408 2469 1492 2496 facias
1506 2470 1681 2504 simpliciter.

1286 2537 1316 2572 ε
1332 2536 1448 2564 CAPUT
1466 2537 1512 2564 ix.

1287 2593 1325 2621 De
1339 2599 1505 2630 paupertate.

1043 2649 1068 2676 Si
1084 2651 1210 2684 posueris
1220 2650 1319 2677 anima:
1341 2655 1392 2677 tute
1409 2649 1556 2678 terminum
1573 2652 1755 2686 paupertatis,
1767 2655 1796 2679 ct

1008 2703 1056 2729 per
1072 2695 1186 2730 gratiam
1207 2696 1255 2723 Dei
1272 2695 1357 2723 fueris
1369 2704 1383 2723 a
1398 2696 1632 2724 sollicitudinibus
1649 2690 1792 2729 liberatus,

1007 2744 1034 2766 et
1053 2739 1080 2766 in
1099 2746 1143 2768 tua
1159 2745 1322 2775 paupertate
1342 2741 1429 2768 factus
1449 2741 1532 2768 fueris
1544 2749 1625 2776 supra
1642 2742 1792 2773 mnudtnu;
