1967 3091
197 156 251 188 819

882 165 913 195 S.
933 165 1056 198 ISAACI
1077 166 1164 197 SYRI

1779 172 1833 205 820

293 220 329 240 ne
363 218 477 263 propter
509 214 631 263 amorem
661 225 813 253 pauperum
848 223 985 253 quaestum
1001 223 1023 251 Α
1038 224 1133 252 dueris
1146 226 1173 252 in
1190 226 1232 253 his
1244 234 1305 262 qua:
1318 224 1460 258 dicuntur,
1477 233 1510 254 ac
1527 227 1577 254 tibi
1595 227 1671 254 aliud
1687 229 1833 263 quaesieris

194 260 292 295 diligas
307 268 360 295 pro
375 261 549 296 eleemosyna
563 261 700 298 facienda,
717 269 744 291 et
760 272 846 300 ponas
869 265 988 293 animam

196 311 270 335 tuam
289 307 315 333 in
333 307 502 340 turbatione,
524 313 554 336 ut
580 309 701 344 accipias
721 311 756 338 ab
783 311 848 341 alio.
877 315 907 338 ut
927 312 990 339 aliis

196 352 330 388 largiaris,
357 357 385 381 et
410 354 551 382 existimes
570 355 703 383 honorem
717 361 795 384 tuum
816 357 988 392 subjee’tione

196 399 338 434 petitionis
355 408 447 427 rerum
464 401 576 429 nomine
592 402 719 436 aliorum,
736 408 765 430 et
786 404 898 431 excidas
915 412 930 431 a
956 404 989 431 li-

197 444 302 471 bertate
317 449 346 472 et
363 445 508 473 nobilitate
524 446 686 475 intentionis
703 451 756 475 tuae
773 448 800 475 in
822 448 988 476 sollicitudi-

195 498 245 517 nes
257 491 429 519 saecularium
445 500 549 526 rerum,
567 494 632 528 quia
646 495 749 529 gradus
762 500 826 523 tuus
842 496 990 524 sublimior

195 540 237 563 est
259 537 348 572 gradu
368 538 612 567 misericordium:
628 541 756 576 supplico
769 541 833 572 tibi,
848 550 884 569 ne
900 543 988 578 subji-

195 581 278 608 ciaris
293 583 486 619 eleemosynaa,
499 592 560 619 quze
571 585 671 613 similis
683 591 726 613 est
736 587 908 615 nutrimento
919 595 989 623 pue-

195 636 301 655 rorum.
316 628 373 657 Sed
394 630 515 657 solitudo
533 631 714 666 perfectionis
730 638 771 660 est
783 639 877 669 caput.
893 634 921 662 Si
944 643 989 663 res

195 673 291 707 habes,
314 676 400 703 semel
424 676 485 704 illas
501 676 639 713 disperge.
656 678 734 711 Quod
766 680 788 708 si
812 688 867 708 non
889 681 988 714 habes,

196 720 251 748 noli
268 720 380 748 habere.
409 721 511 750 Munda
528 723 613 758 igitur
636 724 732 752 cellam
758 733 773 753 a
789 726 989 761 superiluitati-

196 766 247 793 bus
274 771 302 794 et
315 767 433 794 deliciis.
447 767 516 800 Quia
532 769 586 796 hoc
607 773 632 796 te
650 770 763 798 adducit
783 771 817 799 ad
845 773 989 801 abstinen-

197 811 262 839 tiam
282 812 366 839 etiatu
386 813 505 841 invitum
522 818 550 841 et
567 815 719 843 nolentem.
738 817 868 846 Defectus
890 827 987 846 rerum

195 858 276 886 docet
287 859 427 887 hominem
438 860 588 888 abstinuere.
598 861 667 894 Quia
678 870 741 889 eum
754 865 988 899 opportunitatem

196 912 290 931 rerum
305 906 468 939 accipimus,
484 908 671 942 nosmetipsos
689 917 743 936 non
760 918 907 944 possumus
921 920 986 939 con-

197 948 299 977 tinere.
311 949 362 982 Qui
386 950 552 978 exteriorem
574 959 692 987 pugnam
717 961 930 989 superaverunt,
947 965 991 985 so-

197 993 325 1021 cietatem
346 1001 514 1030 acceperunt
530 997 565 1024 de
588 997 688 1026 timore
706 999 845 1033 interiori,
867 1009 918 1030 nec
939 1010 990 1037 op-

196 1043 314 1074 portune
336 1040 420 1067 instat
434 1041 462 1068 in
476 1041 527 1074 eis,
549 1050 601 1071 nee
617 1043 650 1070 ab
663 1048 727 1070 ante
739 1052 790 1072 nec
805 1053 819 1072 a
835 1051 910 1073 retro
924 1054 991 1081 qua-

198 1085 306 1113 tiuntur
328 1085 355 1113 in
383 1094 486 1122 pugna.
515 1087 637 1123 Pugnam
653 1094 746 1117 autem
769 1091 843 1123 dico,
861 1100 922 1126 (ποτε
943 1093 991 1120 ad-

197 1139 294 1160 versus
304 1132 425 1161 animam
438 1140 452 1160 a
466 1133 594 1161 sensibus
605 1139 634 1162 et
646 1136 813 1171 negligentia
829 1138 989 1168 suscitatur.

197 1178 269 1206 sicut
286 1183 327 1205 est
348 1178 415 1206 dare
428 1184 457 1206 et
470 1180 618 1215 accipere;
645 1182 757 1210 auditus
770 1187 798 1210 et
812 1183 916 1218 lingua,
930 1191 992 1218 quae

197 1224 454 1259 superindueuntur
466 1225 503 1260 (9)
520 1226 628 1259 anima),
647 1222 699 1254 sibi
714 1228 817 1256 faciunt
829 1230 992 1262 eaaeilatem;
1007 1243 1012 1249 κ

197 1274 228 1297 ut
246 1274 360 1303 propter
382 1269 659 1304 superinductionem
683 1272 852 1301 turbationis
869 1274 992 1301 exterio-

198 1315 236 1343 ris
252 1323 307 1342 non
328 1315 416 1354 possit
433 1315 486 1343 sibi
499 1316 552 1351 ipsi
571 1317 718 1346 attendere
733 1319 761 1346 in
777 1319 874 1347 latenti
899 1320 994 1355 praelia

198 1360 272 1396 quod
292 1366 420 1390 movetur
434 1361 568 1390 adversus
582 1370 654 1396 eam,
672 1368 700 1391 et
715 1372 777 1392 cum
794 1366 994 1400 tranquillitate

198 1407 245 1434 illa
255 1407 349 1435 videre
357 1416 419 1442 quae
428 1413 573 1436 moventur
583 1409 617 1436 ab
626 1409 710 1437 intus.
724 1409 839 1443 Quando
848 1411 912 1445 quis
922 1411 995 1438 elau-

199 1454 266 1481 serit
279 1453 349 1482 ostia
367 1454 488 1484 civitatis
504 1463 647 1488 sensuum,
662 1460 727 1483 tunc
739 1461 842 1492 pugnat
857 1457 892 1484 ab
908 1458 994 1490 intus,

198 1504 226 1527 et
243 1500 419 1530 insidiatores
431 1501 480 1537 qui
495 1506 561 1532 sunt
573 1506 651 1530 extra
663 1502 820 1535 civitatem,
830 1511 889 1531 non
905 1503 993 1531 timet.

504 1555 620 1598 asper
640 1568 675 1596 x.

430 1625 469 1653 De
485 1627 605 1654 oratione
621 1631 646 1654 et
664 1626 763 1654 labore.

236 1682 347 1715 Beatus,
374 1683 421 1718 qui
437 1683 513 1711 no‘vit
534 1682 588 1710 hoc
610 1688 638 1711 et
655 1685 749 1711 manet
774 1683 803 1715 in
827 1684 991 1717 solitudine.

201 1735 254 1756 nee
271 1727 385 1757 ﬂuctuat
418 1728 446 1756 in
470 1736 586 1764 operum
609 1729 801 1761 multitudine,
825 1730 873 1760 sed
896 1737 993 1759 omnes

201 1774 360 1808 corporales
380 1775 557 1809 operatioues
573 1775 600 1802 in
615 1775 740 1804 laborem
762 1775 896 1803 orationis
923 1783 993 1804 con-

202 1820 298 1852 vertit,
313 1824 342 1847 et
357 1820 446 1848 credit
461 1820 584 1858 quandiu
601 1826 733 1856 operatur
746 1829 809 1850 etnn
822 1822 891 1854 Deo,
904 1827 931 1848 et
945 1822 993 1851 ba-

203 1866 250 1903 bet
265 1867 479 1894 sollicitudinem
495 1868 523 1896 in
539 1867 600 1902 ipso
615 1867 659 1894 die
681 1872 832 1902 noctuque,
849 1868 923 1903 quod
937 1875 994 1896 nou

204 1913 314 1940 ilelieiat
329 1913 354 1940 ei
374 1912 525 1948 quidquam
538 1913 572 1943 de
592 1913 754 1942 necessariis
772 1913 880 1946 usibus,
895 1922 994 1948 quom-

204 1958 353 1986 admodum
379 1966 435 1988 non
449 1964 539 1993 cessat
552 1958 588 1986 ab
598 1966 690 1995 lopere
702 1967 752 1994 pro
767 1959 876 1988 eodem.
891 1960 918 1988 Si
931 1960 995 1995 quis

205 2009 296 2032 autem
320 2012 375 2032 non
396 2004 561 2032 sustinuerit
577 2005 604 2032 in
619 1998 771 2034 solitudine
784 2005 842 2035 sive
862 2011 995 2041 operetur

206 2055 288 2078 utens
308 2050 421 2085 quidem
441 2058 485 2083 eo,
511 2056 639 2089 tanquam
660 2051 804 2086 adjutore;
830 2059 884 2079 non
902 2056 995 2080 tamen

205 2096 286 2123 avide
309 2101 422 2132 propter
445 2096 564 2125 lucrum.
586 2097 654 2124 Nam
672 2097 741 2125 illud
758 2097 877 2132 positum
892 2101 933 2125 est
951 2097 994 2124 in-

207 2142 304 2174 ﬁrmis,
339 2142 404 2178 quia
435 2143 598 2171 fortioribus
626 2143 832 2174 turbamentum
863 2143 994 2173 exsistit:

207 2190 376 2225 pauperibus
397 2194 425 2217 et
447 2190 535 2229 pigris
556 2193 650 2227 patres
663 2194 872 2225 exposuerunt;
888 2195 918 2218 ut
931 2197 997 2226 ope-

207 2241 348 2268 rarentur,
365 2236 412 2264 sed
430 2244 485 2265 non
500 2236 574 2264 sicut
596 2244 654 2264 rem
669 2237 865 2277 necessariam.
881 2236 909 2264 In
928 2241 997 2264 tom-

207 2290 274 2317 pore
286 2290 341 2318 quo
354 2282 426 2310 Deus
438 2282 596 2319 eompuugit
608 2290 666 2315 cor,
680 2282 716 2313 da
725 2282 842 2317 teipsum
856 2283 997 2311 eontinnis

193 2324 417 2358 'extensionibus
433 2329 559 2364 corporis
571 2329 599 2356 in
614 2334 686 2359 terra
702 2334 730 2356 et
744 2329 994 2365 genuﬂexionibus.

208 2377 316 2406 Etcum
327 2377 465 2412 coeperint
488 2376 516 2403 in
531 2381 558 2405 te
570 2376 712 2407 ouationes
727 2384 996 2412 suggererewacare

208 2423 235 2450 in
248 2423 339 2456 labiis,
356 2430 405 2452 cor
419 2427 497 2450 tuum
510 2422 660 2450 sollicitum
682 2430 744 2451 esse
767 2422 801 2452 de
815 2423 923 2457 aliquo;
939 2430 995 2450 non

208 2467 352 2495 dimittas:
366 2471 395 2495 et
410 2471 476 2496 tunc
498 2466 561 2495 vide
581 2472 609 2498 et
629 2467 741 2499 mirare,
763 2467 830 2502 quid
859 2467 942 2495 debet
962 2475 995 2496 ex

209 2514 264 2541 hoc
284 2514 372 2549 majus
397 2513 474 2541 oriri.
498 2513 574 2541 Nihil
598 2513 675 2541 aliud
685 2514 774 2549 majus
787 2517 829 2541 est
843 2521 925 2548 quam
947 2513 997 2541 ali-

210 2568 292 2594 quem
316 2564 440 2588 sternere
454 2568 566 2588 sensum
584 2565 648 2587 ant‘e
662 2567 774 2587 erucem
791 2559 895 2588 Christi
910 2559 956 2588 die
967 2568 999 2588 ae

211 2610 302 2637 nocte,
316 2609 344 2633 et
356 2613 453 2632 manus
467 2609 529 2641 post
550 2610 625 2641 terga
639 2606 736 2641 ligare,
753 2606 780 2633 id
795 2610 838 2633 est
848 2614 863 2633 a
877 2606 1001 2633 manuali

166 2670 177 2674 μ
211 2659 295 2686 opere
317 2651 470 2686 quiescere.
493 2652 541 2683 Vis
567 2660 623 2683 non
650 2651 780 2687 frigaﬁeri
808 2652 858 2680 tibi
877 2653 998 2682 calorem

211 2703 240 2725 et
266 2705 281 2724 a
302 2697 430 2733 lacrymis
457 2705 511 2726 non
534 2699 701 2734 pauperari?
725 2698 754 2727 In
778 2699 824 2726 his
849 2706 948 2725 exerce
973 2703 999 2726 te

213 2744 313 2779 ipsum.
325 2743 359 2775 Et
375 2744 471 2772 beatus
485 2752 515 2773 es
543 2751 560 2771 o
578 2743 660 2773 homo
689 2745 711 2772 si
733 2744 778 2772 die
793 2753 825 2771 ae
839 2749 921 2772 noctu
937 2750 993 2771 stu-

251 2812 261 2827 ‘
277 2811 394 2848 Philipp.
411 2819 449 2842 tn,
471 2810 517 2837 20.
546 2811 554 2826 τ
574 2810 662 2838 Galat.
681 2819 711 2843 n,
726 2811 770 2838 20.

251 2867 287 2894 ,ω
304 2867 559 2901 Superinduruntur.
575 2866 658 2898 Editi,
669 2876 772 2901 semper
789 2867 959 2895 inducuntur.

1041 278 1103 297 eum
1122 271 1229 299 eisdem
1249 280 1256 298 :
1276 276 1343 299 tunc
1354 272 1429 299 enim
1445 273 1553 300 orietur
1570 273 1621 300 tibi
1637 273 1683 301 lux
1698 274 1832 309 interius,

1038 320 1069 342 et
1091 316 1199 351 justitia
1225 321 1272 345 tua
1298 318 1354 344 cito
1381 318 1507 353 fulgebit.
1528 324 1556 346 et
1574 319 1620 347 fiet
1643 320 1715 348 sicut
1730 321 1833 349 indeli-

1040 363 1117 390 ciens
1141 363 1204 390 fons
1220 371 1298 398 aqum
1313 372 1345 391 ae
1362 365 1434 392 sicut
1453 364 1550 392 ﬂorida
1575 367 1728 400 paradisus.
1748 367 1833 396 Vides

1037 409 1132 443 qualia
1155 409 1227 437 bona
1249 410 1354 437 homini
1368 410 1401 438 de
1416 411 1570 439 certamine
1586 412 1737 440 oriuntur:
1756 414 1832 441 mul-

1042 456 1122 483 toties
1140 456 1281 483 invenitur
1296 461 1429 484 curvatus
1445 465 1528 492 super
1545 466 1634 492 genua
1651 459 1677 486 in
1696 460 1834 487 orationi-

1041 500 1104 532 bus,
1126 508 1225 528 manus
1242 501 1349 529 habens
1364 506 1492 529 extensas
1508 502 1541 530 ad
1558 503 1672 536 cmlum,
1694 508 1722 531 et
1740 504 1832 539 respi—

1041 547 1118 573 ciens
1137 546 1235 574 faciem
1261 547 1289 574 in
1315 555 1398 574 cruce
1422 547 1535 581 Christi,
1548 553 1577 575 et
1590 547 1722 584 colligens
1735 558 1833 577 omnes

1038 593 1226 628 cogitationes
1250 601 1316 621 suas
1341 594 1368 621 in
1384 594 1471 621 Deum
1491 595 1519 622 in
1536 596 1673 623 oratione.
1694 596 1726 623 Et
1741 605 1832 631 quan-

1041 639 1088 666 diu
1104 641 1158 667 erit
1175 647 1238 667 cum
1265 641 1396 675 laerymis
1411 645 1441 667 et
1466 642 1693 676 compunctione,
1721 642 1748 669 in
1773 643 1832 678 ipsa

1038 685 1109 712 ‘bora
1131 685 1224 712 statim
1250 686 1341 713 subito
1363 689 1457 713 manat
1473 686 1499 713 in
1525 687 1608 714 corde
1626 694 1677 714 suo
1688 687 1750 714 fons
1765 695 1831 722 pro-

1040 731 1145 759 duccns
1173 731 1397 764 delectationem,
1428 736 1458 759 et
1482 731 1675 760 dissolvuntur
1706 733 1832 760 membra

1039 776 1110 810 ejus,
1128 780 1157 803 et
1172 775 1354 803 convelantur
1378 776 1450 804 oeuli
1473 777 1544 811 eius,
1558 782 1586 804 et
1598 777 1700 804 circuit
1716 777 1786 805 facie
1804 777 1831 804 in

1041 825 1144 848 terram
1160 829 1166 846 :
1184 820 1367 855 cogitationes
1386 825 1480 849 autem
1497 821 1584 856 ipsius
1608 822 1764 850 alterantur
1781 823 1832 855 ita,

1041 871 1071 892 ut
1097 874 1152 893 non
1177 866 1266 901 possit
1285 866 1377 894 facere
1397 866 1617 901 genuﬂesionem
1639 875 1696 903 prae
1717 868 1831 903 gaudio,

1041 911 1114 946 quod
1128 911 1155 938 in
1172 916 1231 938 toto
1241 919 1358 946 corpore
1374 919 1424 938 suo
1436 904 1499 939 erit.

1077 957 1195 984 Attende
1223 957 1307 992 igitur
1332 957 1420 989 hisce,
1437 966 1453 984 o
1471 958 1566 990 homo,
1583 966 1644 993 quae
1665 958 1747 993 legis.
1765 959 1833 993 quia

1042 1003 1095 1031 nisi
1123 1003 1304 1034 laboraveris,
1330 1011 1385 1030 non
1409 1003 1544 1035 invenies,
1571 1008 1599 1031 et
1624 1004 1677 1031 nisi
1695 1012 1757 1032 cum
1775 1005 1832 1032 fcr-

1042 1056 1108 1076 vore
1121 1049 1277 1083 pulsaveris
1292 1056 1324 1076 ac
1339 1050 1583 1084 supervigilaveris
1598 1050 1670 1078 ostio
1685 1051 1832 1082 continue,

1042 1102 1097 1121 non
1119 1094 1287 1122 exaudieris.
1316 1094 1383 1128 Quis
1408 1095 1525 1123 audiens
1550 1095 1622 1128 hoc,
1658 1096 1834 1124 desiderabit

1040 1141 1178 1176 justitiam
1202 1141 1406 1169 extrinsecam?
1422 1142 1470 1169 Ille
1483 1142 1589 1170 scilicet
1609 1143 1656 1178 qui
1669 1150 1724 1170 non
1741 1147 1833 1178 potest

1042 1187 1071 1213 in
1099 1186 1250 1213 solitudine
1275 1187 1423 1214 instruere.
1441 1187 1637 1215 Verumtamen
1655 1188 1678 1216 si
1693 1189 1756 1223 quis
1775 1197 1832 1216 non

1043 1232 1167 1267 potuerit
1193 1239 1303 1265 vacare,
1323 1240 1374 1267 pro
1391 1240 1425 1260 eo
1439 1233 1514 1268 quod
1530 1234 1617 1268 gratia
1631 1234 1681 1261 Dei
1698 1237 1752 1268 est,
1770 1242 1833 1262 esse

1044 1278 1183 1305 hominem
1201 1278 1275 1305 intra
1289 1278 1405 1310 ostium,
1415 1286 1471 1306 non
1485 1278 1661 1314 derelinquat.
1674 1279 1747 1306 viam
1763 1279 1832 1315 (10),

1043 1333 1078 1352 ne
1099 1325 1245 1360 utriusque
1266 1325 1329 1352 vitae
1343 1324 1425 1352 faciat
1440 1333 1469 1353 se
1482 1330 1634 1360 expertem.
1655 1325 1748 1353 Donec
1770 1334 1834 1354 mo—

1044 1370 1132 1397 riatur
1156 1369 1279 1396 exterior
1295 1369 1378 1396 homo
1389 1377 1403 1396 a
1417 1370 1500 1397 rebus
1517 1370 1624 1403 mundi,
1640 1378 1696 1397 non
1711 1371 1801 1398 solum
1816 1379 1833 1398 a

1044 1419 1169 1450 peccato,
1192 1414 1239 1441 sed
1256 1413 1290 1440 ab
1309 1414 1384 1441 omni
1406 1414 1514 1442 actione
1529 1415 1685 1449 corporali;
1703 1415 1835 1442 similiter

1044 1460 1163 1488 interior
1178 1460 1260 1487 homo
1277 1468 1292 1487 a
1312 1460 1405 1495 pravis
1424 1461 1650 1496 cogitationibus,
1668 1466 1696 1488 et
1712 1461 1835 1489 infirme-

1047 1510 1092 1532 tur
1106 1510 1198 1533 motus
1217 1506 1370 1540 corporalis
1395 1506 1543 1538 naturalis,
1567 1511 1664 1533 utnon
1680 1511 1789 1534 moveat
1805 1506 1834 1534 in

1006 1571 1028 1601 ϐ
1047 1551 1130 1578 corde
1155 1550 1329 1577 dulcedinem
1361 1556 1560 1585 peccatorum;
1592 1559 1647 1578 non
1676 1551 1834 1579 movebitur

1044 1597 1072 1624 in
1098 1597 1211 1624 homine
1237 1596 1357 1624 dulcedo
1385 1597 1506 1632 Spiritus
1532 1598 1632 1630 sancti,
1658 1601 1685 1624 et
1709 1597 1834 1624 membra

1042 1642 1102 1677 ejus
1128 1649 1182 1668 non
1209 1641 1404 1676 purgabantur
1431 1642 1458 1668 in
1486 1642 1543 1669 vita
1565 1649 1625 1674 sua,
1649 1646 1676 1668 et
1699 1641 1727 1668 in
1742 1642 1835 1668 anima

1040 1688 1102 1722 ejus
1117 1687 1274 1714 intellectus
1296 1687 1382 1714 divini
1408 1695 1464 1714 non
1479 1688 1663 1722 apparebunt.
1680 1687 1714 1714 Et
1729 1695 1834 1722 quous-

1043 1741 1096 1768 que
1118 1733 1242 1760 destruat
1268 1734 1295 1760 in
1314 1733 1398 1761 corde
1412 1741 1463 1760 suo
1487 1733 1703 1760 sollicitudinem
1719 1733 1835 1760 sarcula-

1043 1779 1126 1810 rium,
1154 1783 1255 1812 przeter
1276 1778 1465 1805 necessarium
1490 1786 1571 1805 usum
1597 1783 1713 1809 naturae,
1733 1785 1765 1804 ac
1790 1777 1836 1804 di-

1043 1825 1135 1851 mittat
1152 1824 1237 1851 Deum
1261 1831 1359 1850 curare
1385 1823 1419 1851 de
1442 1823 1528 1858 ipsis;
1543 1823 1696 1858 spiritualis
1713 1823 1836 1850 ebrietas

1044 1871 1071 1898 in
1088 1871 1149 1905 ipso
1161 1878 1216 1897 non
1229 1869 1398 1900 movebitur.
1415 1869 1670 1897 etconsolationem
1687 1869 1761 1896 illam
1778 1877 1835 1896 non

1045 1916 1146 1943 sentiet
1163 1915 1197 1943 de
1220 1923 1273 1950 qua
1297 1919 1357 1943 erat
1377 1910 1527 1950 Apostolus
1539 1915 1709 1946 consolatus,
1722 1915 1836 1950 quando

1045 1962 1154 1989 dicebat
1171 1970 1177 1987 :
1192 1961 1291 1988 Nostra
1316 1962 1480 1988 conversatio
1503 1961 1531 1988 in
1554 1961 1626 1988 malis
1649 1965 1685 1987 est
1700 1961 1720 1988 ⁸.
1734 1960 1767 1987 Et
1782 1960 1835 1986 ite-

1044 2015 1106 2034 rum
1123 2015 1130 2033 ε
1149 2007 1211 2033 Vivo
1225 2014 1283 2041 ego,
1301 2007 1362 2041 jam
1388 2015 1440 2033 non
1457 2014 1514 2041 ego,
1526 2006 1571 2033 sed
1587 2007 1649 2033 vivit
1662 2007 1688 2033 in
1705 2013 1746 2032 me
1759 2004 1837 2032 Citri-

1044 2059 1100 2080 συιδ
1114 2053 1134 2079 '.
1154 2053 1211 2079 Hoc
1225 2057 1317 2079 autent
1344 2052 1401 2079 dixi
1429 2060 1484 2079 non
1509 2052 1657 2079 succidens
1677 2059 1774 2086 spem;
1797 2051 1835 2078 ita

1045 2099 1187 2131 videlicet,
1202 2099 1276 2134 quod
1292 2099 1345 2126 nisi
1361 2099 1407 2133 qui
1429 2099 1579 2133 attingeret
1594 2099 1628 2126 ad
1646 2098 1834 2126 summitatem

1046 2145 1235 2181 perfectionis,
1262 2152 1317 2172 non
1344 2149 1535 2179 promereatur
1560 2144 1677 2180 gratiam
1700 2143 1760 2175 Dei,
1783 2148 1833 2170 aut

1047 2191 1101 2220 sibi
1117 2191 1335 2219 consolationem
1351 2190 1475 2217 inveniat
1491 2193 1697 2217 occurrentem.
1714 2189 1743 2216 ln
1759 2190 1836 2215 veri-

1012 2248 1034 2276 υ
1050 2241 1106 2264 tate
1130 2243 1194 2264 cum
1215 2235 1316 2270 aliquis
1330 2235 1478 2262 commissa
1501 2234 1686 2269 publicaverit
1699 2238 1727 2261 et
1742 2234 1778 2261 ab
1795 2234 1837 2262 eis

1050 2282 1219 2317 elongaverit
1240 2289 1270 2308 se
1285 2280 1408 2312 omnino,
1425 2284 1453 2307 et
1468 2279 1617 2307 accesserit
1630 2283 1790 2307 constanter
1803 2279 1837 2306 ad

1050 2328 1140 2360 bona;
1160 2328 1189 2355 in
1203 2327 1313 2355 modico
1331 2332 1454 2361 tempore
1469 2325 1572 2352 sentiet
1587 2325 1721 2352 auxilium
1736 2334 1742 2351 :
1762 2325 1837 2360 quod

1049 2375 1070 2403 si
1083 2374 1256 2410 superaverit
1269 2373 1481 2408 aliquantulum,
1491 2371 1837 2400 invenietconsolationem

1050 2421 1150 2450 animae
1168 2429 1235 2454 suat,
1257 2419 1450 2448 remissionem
1469 2423 1684 2454 consequenter,
1702 2422 1731 2446 et
1749 2418 1839 2446 abun-

1049 2468 1173 2496 dantiam
1195 2468 1332 2494 bonorum
1347 2465 1473 2501 recipiet,
1500 2470 1529 2492 et
1549 2465 1637 2500 gratia
1662 2465 1762 2499 dignus
1780 2464 1836 2492 lict.

1049 2514 1247 2542 Verumtamen
1264 2513 1356 2540 minor
1369 2518 1412 2540 est
1426 2512 1477 2539 iste
1494 2512 1523 2539 in
1541 2512 1751 2547 comparatione
1765 2511 1838 2546 apud

1050 2559 1249 2595 perfectionem
1285 2558 1361 2585 illius
1394 2558 1445 2593 qui
1482 2557 1605 2593 scipsum
1641 2557 1797 2592 segregavit
1823 2565 1839 2584 a
1867 2578 1870 2579 ν

1050 2605 1166 2638 mundo,
1180 2609 1208 2632 et
1220 2604 1329 2632 invenit
1342 2604 1369 2631 in
1383 2603 1474 2631 anima
1486 2611 1536 2631 sua
1551 2603 1732 2631 beatitudinis
1747 2610 1840 2630 secre-

1051 2658 1120 2684 tum,
1143 2655 1170 2679 et
1196 2650 1409 2686 comprehcndit.
1433 2651 1506 2678 illam
1530 2658 1587 2678 rem
1611 2650 1662 2686 pro
1682 2656 1736 2685 qua
1759 2648 1842 2676 Chri-

1051 2703 1110 2726 stus
1121 2697 1244 2725 advenit.
1260 2697 1311 2725 Cui
1330 2698 1366 2725 sit
1381 2697 1466 2733 gratia
1493 2697 1520 2724 in
1538 2697 1638 2724 secula
1660 2696 1840 2724 saeculorum.

1051 2744 1147 2771 Amen.

251 2904 307 2939 (tit)
337 2904 392 2930 .Von
412 2901 577 2937 derelinquat
601 2903 679 2929 viam.
697 2903 780 2934 Editi,
810 2903 988 2934 dcrrlinquam
1010 2904 1101 2931 ritum.
