1967 3091
155 109 203 143 821

463 171 574 200 CAPUT
593 171 639 199 Kl.

384 236 421 264 De
432 238 530 266 honore
543 248 558 266 a
576 239 630 266 Deo
645 240 717 267 dato.

193 291 308 319 Multum
325 292 460 321 honorem
475 294 551 322 dedit
567 296 640 323 Deis
654 296 823 329 hominibus,
841 297 945 325 doctri-

150 345 222 365 .nam
237 337 376 373 duplicem
393 347 446 374 qua
469 341 510 368 eis
534 342 644 376 aperuit
657 343 759 370 ostium
776 343 896 370 intrandi
909 343 943 370 ad

158 390 306 418 supernam
334 385 514 419 agnitionem.
541 386 588 414 Vis
609 391 701 414 autent
719 391 816 414 testem
835 387 943 415 fidelem

159 436 244 462 super
269 429 438 463 prtemissis?
461 430 514 458 Fac
536 435 622 459 temet
646 436 674 459 tu
702 433 729 459 in
750 436 776 460 te
791 434 870 468 ipso:
888 442 943 461 non

157 475 271 509 peribis.
287 475 350 502 Etsi
364 475 400 502 ab
412 477 534 504 exterius
544 478 585 505 vis
596 478 649 505 hoc
663 479 745 511 scire;
759 479 843 507 habes
858 480 943 507 alium

158 521 320 555 magistrum
337 526 365 549 et
381 526 490 554 testem,
509 523 556 558 qui
569 524 602 550 ad
620 524 690 550 viam
711 530 737 552 te
761 525 856 560 dirigit
871 526 943 553 veri-

158 568 232 594 tatis.
264 568 340 595 Mens
364 568 527 596 fermentata
562 571 730 598 oblivionem
767 571 854 599 vitare
887 580 942 600 non

158 617 259 648 potest,
284 617 311 641 et
335 614 469 648 sapientia
500 623 554 642 non
585 617 673 651 aperit
704 617 806 644 talibus
834 623 942 653 portam

157 666 247 686 suam.
272 659 324 692 Qui
349 661 450 694 poterit
473 662 673 696 comprendere
698 662 825 698 diligenti
849 664 944 698 cogni-

157 704 244 736 tione,
262 705 286 739 ’1
299 705 332 732 ad
345 713 427 739 quam
449 706 633 740 aequalitatem
648 707 710 734 linis
723 708 846 735 omnium
861 708 940 736 linia-

157 755 212 781 tur,
231 751 404 778 abbreviatio
421 753 626 787 temporalium,
655 753 710 781 alio
732 755 862 789 magistro
886 763 941 782 non

157 801 227 830 eget.
249 796 390 824 Naturalis
411 797 454 824 lex
471 805 531 832 quae
549 799 667 833 primum
684 799 792 826 homini
810 800 874 827 data
889 800 942 827 luit

156 849 171 868 a
204 842 269 873 Deo,
299 843 497 878 contemplatio
522 848 564 872 est
590 849 778 872 creaturarum
815 853 939 874 suarum.
958 852 978 879 Β

156 887 221 915 Post
245 889 499 922 przevaricationem
523 898 588 917 vero
617 890 711 918 addita
735 896 777 918 cst
792 888 940 920 'litteralis.

156 934 207 967 Qui
223 942 277 962 non
295 935 404 970 elongat
419 944 448 963 se
469 944 484 963 a
505 937 598 964 causis
620 937 752 965 vitiorum
773 938 940 969 voluntarie.

156 979 261 1007 invitus
280 981 399 1008 trahitur
411 981 444 1008 ad
458 987 598 1017 peccatum
618 983 684 1018 (ll).
709 985 772 1012 limo
790 989 854 1012 sunt
875 992 942 1012 cau-

157 1031 193 1052 sa:
208 1026 360 1059 peccandi:
377 1027 481 1059 vinum,
504 1028 649 1060 mulieres,
676 1036 807 1064 prospera
832 1031 941 1065 corpori

158 1069 293 1098 habitudo
317 1076 346 1099 et
369 1072 481 1100 divitize.
506 1073 569 1102 Hec
597 1075 762 1103 naturaliter
795 1084 850 1103 non
876 1083 942 1104 sunt

156 1121 316 1150 peccatum;
345 1118 394 1146 sed
418 1126 467 1153 per
487 1119 544 1147 haec
560 1120 715 1148 declinatur
737 1121 770 1148 ad
797 1122 941 1156 passiones

157 1158 262 1198 peccati
276 1171 283 1191 :
301 1163 374 1192 unde
394 1169 503 1200 oportet
519 1165 643 1194 studiose
658 1174 756 1194 cavere
769 1167 834 1194 sibi.

451 1221 563 1250 CAPUT
585 1223 643 1251 XII.

300 1289 337 1316 De
349 1290 525 1317 occasionibus
536 1290 659 1318 vitiorum
673 1291 798 1318 vitandis.

190 1345 218 1373 Si
233 1352 342 1380 semper
358 1345 515 1380 fragilitatis
528 1350 580 1373 tuas
594 1346 679 1374 fueris
700 1354 816 1378 memor,
838 1347 938 1375 termi-

155 1398 221 1418 num
247 1391 378 1418 custodia:
401 1398 456 1425 n_on
476 1391 602 1419 excedes.
629 1392 708 1427 Apud
725 1393 851 1419 homines
871 1392 939 1420 abo-

156 1436 295 1463 minabilis
306 1441 348 1464 est
363 1442 524 1471 paupertas;
541 1437 612 1472 apud
628 1437 713 1465 Deum
725 1446 791 1465 vero
803 1438 865 1473 plus
882 1438 940 1466 ani-

156 1487 198 1507 ma
214 1481 296 1508 corde
311 1481 447 1508 sublimis.
461 1482 674 1516 Apudhomines
682 1486 746 1510 sunt
761 1483 864 1511 divitia:
877 1492 939 1519 prc-

157 1527 246 1558 tiosre;
264 1528 311 1554 sed
329 1528 400 1562 apud
417 1528 514 1560 Deum,
531 1529 622 1556 anima
638 1529 790 1557 humiliata.
804 1530 873 1558 Cum
890 1539 939 1558 vo-
955 1519 975 1548 (ἶ

157 1572 242 1600 lueris
253 1573 342 1601 facere
354 1574 464 1601 initium
478 1574 556 1602 bona:
572 1575 752 1610 operationis,
766 1581 862 1603 contra
875 1584 943 1603 vcn-

157 1623 234 1646 turas
247 1619 295 1646 tibi
308 1620 474 1647 tentationes
487 1620 564 1654 prius
581 1628 704 1655 praepara
731 1626 756 1648 te
775 1622 878 1656 ipsum,
907 1631 942 1650 ne

157 1664 267 1692 hzesites
284 1665 404 1693 veritati.
426 1666 493 1693 Nam
519 1667 692 1694 consuetudo
715 1668 891 1704 est‘inimici,
913 1674 944 1696 ut

156 1717 219 1737 eum
238 1710 312 1737 videt
333 1711 452 1745 aliquem
473 1711 654 1746 accipientem
671 1712 770 1740 bonam
792 1720 942 1740 conversa-

157 1757 259 1784 tionem
284 1757 334 1784 fide
353 1757 471 1784 ferventi
492 1762 521 1785 et
546 1758 715 1785 conscientia
741 1766 821 1793 pura,
849 1759 944 1786 obviat

157 1803 182 1830 ei
199 1803 285 1830 variis
309 1808 338 1830 et
354 1803 473 1830 diversis
490 1804 691 1831 tentationibus
705 1824 713 1835 ,
746 1808 776 1830 ιη
792 1804 892 1831 exinde
915 1805 942 1832 in

159 1851 257 1876 timore
271 1850 383 1876 veniens
395 1870 401 1881 ,
421 1854 528 1877 arescat
541 1858 556 1876 a
570 1849 643 1877 bono
661 1851 802 1884 proposito
815 1871 822 1883 ,
845 1846 880 1878 ne
895 1851 944 1877 ha-

159 1895 222 1922 beat
250 1896 424 1930 aliquatenus
448 1895 567 1922 calorem
599 1896 837 1930 appropinquandi
861 1896 941 1923 Deo:

158 1948 212 1966 non
229 1940 300 1974 quod
320 1939 400 1966 talem
419 1940 547 1967 virtutem
560 1940 659 1966 habeat
674 1940 851 1968 adversarius
865 1941 939 1982 (nam

159 1985 252 2011 nullus
269 1988 361 2018 posset
383 1988 493 2019 tangere
514 1984 629 2019 bonum)
657 1984 705 2011 sed
733 1985 905 2019 permittitur
928 1993 943 2013 a

159 2031 225 2061 Deo,
238 2029 309 2057 sicut
322 2030 350 2057 in
364 2030 443 2057 beato
453 2030 504 2058 Joh
517 2030 588 2057 docti
607 2038 702 2057 sumus
713 2030 734 2057 ⁸.
748 2030 788 2058 Tu
799 2038 865 2058 vero
878 2039 946 2065 pra:-

159 2084 224 2110 para
240 2076 414 2110 temetipsum
444 2076 564 2102 viriliter
579 2075 613 2102 ad
631 2076 797 2103 obstandum
816 2077 946 2104 tentatio-

159 2123 252 2153 nibus,
267 2130 328 2156 quae
343 2122 493 2149 virtutibus
516 2123 696 2152 inducuntur,
720 2130 752 2149 ac
762 2122 864 2150 deinde
889 2122 946 2149 vir-

160 2173 232 2196 Iutcs
251 2169 342 2203 incipe
364 2169 484 2203 operari.
505 2169 574 2202 Quia
590 2169 642 2196 nisi
673 2169 750 2203 prius
781 2173 806 2195 tc
830 2175 943 2203 praepa-

160 2213 282 2245 raveris,
308 2221 337 2240 aa
359 2214 495 2240 virtntmn
520 2214 681 2248 operatione
707 2213 830 2241 recedes.
855 2213 942 2241 llomo

157 2257 288 2284 dubitans
309 2258 395 2285 Deum
414 2266 474 2285 esse
493 2258 646 2293 adiutorem
670 2259 748 2286 bona:
763 2259 942 2292 operationis,

156 2304 191 2331 ab
204 2305 301 2332 umbra
317 2313 367 2332 sua
386 2307 516 2336 terretur,
530 2309 558 2332 et
575 2305 602 2331 iu
620 2309 743 2339 tempore
761 2305 902 2332 felicitatis
915 2309 944 2332 et

157 2349 355 2383 abundantiae,
381 2349 452 2377 fame
481 2350 606 2383 laborat,
635 2354 663 2378 et
691 2350 718 2377 in
745 2350 944 2385 tranquillitate

156 2397 293 2431 spirituali
313 2392 476 2431 tempestate
498 2396 629 2431 repletur.
657 2395 709 2429 Qui
735 2403 802 2423 vero
829 2396 944 2423 confidit

157 2442 185 2469 in
203 2442 268 2472 Deo,
285 2441 458 2468 confortatur
470 2441 565 2472 corde,
578 2445 606 2468 et
629 2448 721 2468 coram
745 2440 876 2468 omnibus
893 2448 944 2476 ap-

156 2487 265 2523 parebit
277 2487 433 2522 pretiositas
440 2488 510 2522 ejus,
526 2492 555 2514 et
567 2487 596 2514 in
604 2491 753 2522 conspectu
767 2487 943 2514 inimicorum

157 2541 281 2560 suorum.
313 2533 438 2560 Mandata
469 2533 517 2560 Dei
554 2541 638 2568 super
671 2541 768 2560 omnes
796 2533 944 2561 thesauros

156 2581 252 2608 mundi
273 2585 348 2613 sunt,
364 2584 392 2607 et
412 2581 458 2615 qui
478 2580 625 2615 acquisivit
641 2588 684 2611 ea,
701 2581 808 2608 invenit
824 2581 897 2608 intra
913 2589 942 2608 se

157 2625 242 2653 Deum
257 2635 264 2652 :
279 2626 326 2660 qui
346 2633 455 2660 semper
473 2625 585 2660 quando
594 2625 686 2656 cubat,
699 2625 834 2652 sollicitus
849 2629 893 2652 est
911 2625 945 2652 de

193 2699 204 2714 '
217 2699 270 2727 Job
284 2707 313 2730 n,
328 2699 356 2728 6.

194 2768 248 2803 (ll)
261 2768 360 2796 Invitus
370 2768 486 2795 trahitur
500 2769 534 2795 ad
547 2771 691 2804 peccatum.
707 2768 765 2796 Non
781 2768 838 2794 vult
850 2767 942 2804 dicere

158 2804 298 2831 hominem
315 2807 408 2830 coacto
427 2811 459 2830 ac
479 2803 636 2830 necessario
657 2811 783 2838 peccare,
801 2810 864 2829 cum
881 2803 942 2829 sine

160 2846 210 2865 usu
228 2839 307 2866 liberi
322 2838 426 2865 arbitrii
439 2845 492 2865 non
505 2839 539 2865 sit
559 2843 718 2872 peccatum:
746 2838 792 2865 sed
807 2838 943 2873 hyperbo-

689 118 803 149 LIBER
822 116 868 150 DE
887 121 1113 153 CONTEMPTU
1134 123 1271 158 MUNDL

957 179 980 206 Α
995 183 1039 207 eo,
1055 175 1143 210 ipsum
1157 177 1275 212 acquirit
1290 184 1512 213 procuratorem:
1523 185 1551 208 et
1563 181 1610 215 qui
1626 182 1780 211 considerat

1731 129 1782 161 822

994 221 1165 250 voluntatem
1173 223 1244 258 ejus,
1258 224 1385 252 cmlestes
1397 226 1510 261 angelos
1522 226 1687 255 deductores
1698 228 1776 257 habe-

995 265 1045 293 bit.
1061 267 1113 300 Qui
1131 268 1210 295 timet
1224 274 1347 303 peccata,
1362 270 1590 298 inoﬂ'ensibiliter
1607 273 1736 300 transibit
1746 275 1780 301 ti-

994 312 1099 339 midum
1114 314 1177 346 iter,
1186 318 1212 340 ct
1219 318 1282 341 ante
1290 322 1319 342 se
1328 315 1421 342 lumen
1431 315 1554 344 inveniet
1565 317 1687 352 tempore
1704 323 1766 350 tene

995 359 1088 387 broso.
1104 361 1223 388 Gressus
1240 362 1361 389 custodit
1373 362 1506 390 Dominus
1522 368 1633 398 peccata
1646 364 1781 396 timentis,

994 410 1022 434 et
1036 410 1158 441 tempore
1175 407 1264 434 ruinae
1281 409 1433 442 praeveniet
1445 416 1508 436 eum
1518 409 1711 436 misericordia
1720 410 1780 437 Dei.

993 451 1045 485 Qui
1063 452 1162 480 delicta
1176 461 1226 481 sua
1241 453 1381 481 existimat
1397 462 1492 489 parva,
1508 455 1589 482 cadet
1604 455 1632 482 in
1642 455 1781 483 deteriora

993 499 1144 533 prioribus,
1161 504 1189 527 et
1204 499 1231 526 in
1252 500 1401 535 semetipso
1423 502 1512 529 solum
1538 502 1701 530 vindictam.
1731 502 1781 530 Sc-

993 545 1068 572 mina
1075 545 1312 581 cleemosynamin
1324 546 1492 579 humilitate,
1506 552 1534 575 et
1548 549 1575 575 in
1588 549 1781 576 misericordia

991 590 1126 625 judicium
1148 595 1246 619 metes.
1262 592 1292 619 In
1315 593 1417 627 quibus
1442 593 1589 628 perdidisti
1611 595 1726 626 bonum,
1752 596 1779 622 iu

994 636 1048 664 illis
1063 637 1162 664 iterum
1180 637 1292 670 acquire
1306 637 1374 665 illud
1397 639 1431 666 ad
1450 642 1476 665 te
1493 647 1500 665 :
1516 647 1572 666 non
1596 640 1710 668 obolum
1732 641 1779 668 des

994 682 1062 712 Deo,
1076 682 1148 716 quod
1165 690 1179 708 a
1195 686 1220 710 te
1239 689 1295 709 non
1313 691 1365 718 pro
1381 688 1408 711 te
1425 684 1483 719 ipse
1499 685 1615 720 recepit.
1640 686 1775 720 Margari-

994 731 1059 759 tam,
1075 727 1206 754 videlicet
1221 728 1387 761 castitatem,
1408 729 1575 764 perdidisti;
1597 738 1652 757 non
1675 731 1780 765 recepit

993 776 1051 800 ate
1072 773 1145 799 Deus
1167 773 1378 809 eleemosynam.
1400 774 1562 802 Castitatem
1585 776 1713 810 corporis
1738 777 1776 803 tui

992 820 1052 845 vult
1067 827 1082 845 a
1099 825 1135 851 te,
1144 826 1177 846 ex
1186 826 1241 853 quo
1253 819 1449 853 praevaricatus
1462 828 1493 848 es
1505 830 1511 847 :
1528 821 1689 848 mandatum
1699 826 1779 856 putes

993 864 1202 898 acquisitionem
1215 865 1310 892 mundi
1324 864 1522 900 dereliquisse;
1535 874 1584 901 pro
1591 867 1653 894 aliis
1661 875 1777 902 pugnes.

993 909 1123 937 Radiccm
1141 911 1326 946 dereliquisti,
1345 915 1373 938 et
1394 912 1464 939 alios
1485 912 1585 940 venisti
1605 913 1777 948 impugnare.

993 955 1066 983 Dixit
1079 955 1177 983 beatus
1194 956 1326 991 Ephrem,
1344 957 1409 991 quia
1425 957 1519 984 nullus
1544 962 1681 992 repugnat
1698 959 1779 985 aestui

993 1007 1116 1037 tempore
1139 1003 1237 1029 messis
1256 1002 1424 1030 hiemalibus
1450 1003 1622 1030 indumentis
1643 1003 1775 1031 indutus:

993 1048 1036 1075 hic
1050 1047 1169 1082 quilibet
1186 1048 1258 1083 quod
1272 1048 1400 1080 seminat,
1413 1048 1481 1076 illud
1494 1053 1522 1076 et
1537 1053 1623 1076 metet
1639 1058 1646 1082 ;
1659 1053 1688 1076 et
1704 1057 1779 1084 que-

991 1094 1059 1121 libet
1075 1094 1220 1122 infirmitas
1235 1094 1362 1122 medetur
1377 1095 1499 1130 propriis
1512 1094 1677 1123 medicinis.
1698 1096 1731 1123 Et
1749 1100 1777 1123 tu

992 1140 1107 1168 forsitan
1121 1141 1239 1175 agitatus
1254 1140 1358 1168 invidia
1371 1161 1378 1173 ,
1407 1136 1438 1168 ut
1458 1140 1526 1176 quid
1542 1148 1671 1169 somnum
1685 1142 1778 1176 impu-

991 1194 1075 1221 gnare
1091 1186 1227 1213 festinas?
1241 1186 1392 1221 Quousque
1404 1194 1522 1221 parvum
1541 1187 1645 1215 habeas
1669 1192 1697 1216 et
1709 1188 1779 1215 inci-

991 1230 1048 1266 piat
1078 1231 1177 1259 tlorere
1200 1232 1342 1264 delictum,
1361 1232 1492 1260 exscinde
1508 1233 1575 1260 illud
1598 1234 1677 1268 prius
1695 1242 1778 1269 quam

991 1276 1184 1312 ampliﬁcetur,
1207 1281 1235 1304 et
1251 1277 1370 1304 fructum
1386 1277 1479 1306 faciat.
1493 1278 1553 1306 Non
1572 1279 1612 1307 sis
1624 1279 1777 1315 negligens.

991 1323 1103 1358 quando
1119 1331 1234 1358 parvum
1259 1323 1309 1351 tibi
1330 1323 1442 1351 videtur
1467 1323 1616 1358 delictum;
1647 1324 1778 1359 quoniam

990 1367 1099 1395 videbis
1129 1368 1197 1395 illud
1221 1368 1311 1403 primo
1341 1368 1486 1396 dominum
1517 1369 1722 1402 inhumanum,
1751 1373 1780 1395 et

994 1421 1086 1441 coram
1105 1413 1151 1440 illo
1174 1412 1287 1448 ligatus,
1302 1418 1432 1448 tanquam
1446 1421 1542 1442 servus
1565 1414 1672 1442 incides
1698 1423 1704 1441 :
1731 1413 1780 1441 sed

990 1457 1038 1486 ille
1062 1459 1109 1494 qui
1134 1463 1267 1494 repugnat
1295 1467 1311 1486 a
1335 1459 1484 1495 principio,
1501 1459 1694 1488 dominabitur
1718 1460 1780 1495 ejus

992 1506 1056 1534 cito.

1283 1562 1395 1590 CAPUT
1415 1562 1489 1590 XIII.

1183 1608 1220 1635 De
1235 1609 1371 1643 patientia:
1386 1609 1559 1644 perfectione.

1026 1664 1078 1698 Qui
1097 1669 1187 1700 potest
1198 1665 1362 1700 iniustitiam
1376 1666 1514 1694 sustinere
1527 1673 1589 1694 cum
1605 1666 1717 1701 gaudio,
1731 1666 1782 1693 ha-

993 1711 1063 1738 bens
1079 1711 1174 1746 utique
1190 1719 1246 1746 prte
1262 1712 1390 1739 manibus
1401 1732 1409 1744 ,
1437 1720 1493 1747 quo
1517 1712 1647 1740 resistere
1672 1713 1780 1748 possit;

994 1756 1039 1783 hic
1053 1757 1152 1790 recipit
1165 1757 1383 1784 consolationem
1399 1757 1534 1787 divinitus
1545 1765 1595 1792 per
1612 1757 1779 1786 charitatem

993 1809 1075 1836 quam
1093 1802 1163 1836 gerit
1177 1802 1210 1828 ad
1226 1801 1328 1836 ipsum.
1343 1802 1396 1835 Qui
1413 1810 1475 1830 cum
1489 1802 1647 1830 humilitate
1663 1803 1783 1833 sustinet

994 1848 1185 1875 accusationes
1201 1848 1324 1882 obiectas
1335 1869 1342 1881 ,
1369 1849 1414 1875 hic
1427 1848 1460 1876 ad
1477 1849 1676 1883 perfectionem
1693 1850 1781 1880 venit,

994 1899 1023 1922 et
1049 1902 1063 1920 a
1085 1893 1189 1921 sanctis
1215 1894 1320 1929 angelis
1348 1893 1513 1921 admiratur.
1538 1895 1618 1922 Nulla
1644 1895 1718 1921 enim
1745 1895 1783 1922 ita

995 1946 1092 1975 magna
1111 1943 1139 1966 et
1154 1938 1276 1966 dillicilis
1289 1939 1323 1966 ad
1347 1939 1531 1966 obtinendum
1553 1940 1643 1967 virtus
1662 1940 1782 1967 exsistit.

995 1984 1034 2011 Ne
1051 1983 1148 2011 credas
1163 1983 1273 2010 tibimet
1289 1983 1363 2018 quod
1386 1983 1425 2010 sis
1439 1984 1530 2016 fortis,
1556 1992 1700 2019 quousque
1717 1992 1780 2011 exa~

995 2029 1121 2061 mineris,
1146 2033 1174 2056 et
1186 2029 1311 2056 invenias
1325 2033 1350 2056 te
1362 2029 1453 2063 ipsum
1474 2029 1653 2057 inalteratum
1677 2039 1684 2057 :
1701 2031 1742 2058 sic
1756 2031 1782 2057 in

995 2074 1125 2102 omnibus
1138 2073 1224 2108 proba
1249 2073 1435 2108 temetipsum.
1462 2074 1524 2102 Non
1541 2074 1644 2102 habeas
1660 2079 1783 2102 utentem

996 2121 1115 2152 elatam,
1125 2127 1176 2147 nec
1198 2119 1322 2147 confidas
1349 2120 1383 2147 de
1413 2120 1516 2147 virtute
1534 2124 1592 2153 tua,
1611 2128 1646 2148 ne
1668 2121 1784 2156 permit-

996 2166 1066 2193 taris
1086 2165 1113 2192 in
1133 2165 1282 2201 fragilitate
1309 2169 1415 2192 naturae
1433 2186 1440 2199 ,
1464 2173 1497 2193 ac
1523 2170 1589 2193 tunc
1613 2173 1646 2193 ex
1673 2166 1786 2201 propria

993 2217 1092 2239 natura
1116 2211 1290 2245 fragilitatem
1309 2215 1383 2238 tuam
1400 2211 1537 2239 addiscas.
1559 2212 1599 2239 Ne
1621 2212 1718 2239 credas
1737 2217 1784 2240 tuo

993 2257 1120 2288 arbitrio,
1137 2264 1172 2284 ne
1191 2261 1218 2284 te
1232 2257 1344 2284 vinculo
1357 2264 1409 2284 suo
1423 2257 1554 2292 illaqueet
1570 2257 1711 2284 inimicus.
1732 2257 1784 2284 Ac-

993 2303 1073 2338 quirc
1094 2302 1176 2329 tidem
1189 2306 1292 2329 rectam
1314 2302 1341 2329 in
1358 2303 1514 2337 lemetipso.
1532 2307 1562 2330 ut
1578 2303 1706 2330 inimicos
1720 2308 1785 2331 tuos

994 2349 1088 2376 valeas
1104 2348 1270 2375 conculcare
1287 2357 1293 2374 :
1311 2348 1415 2376 habeas
1428 2353 1601 2376 mansuetam
1617 2349 1739 2384 linguam
1757 2354 1784 2377 et

997 2394 1111 2421 omnino
1127 2393 1176 2420 tibi
1192 2393 1313 2420 dedecus
1328 2402 1384 2420 non
1415 2398 1555 2421 occurret.
1586 2394 1706 2428 Acquire
1735 2395 1785 2422 tibi

998 2439 1169 2468 duleialabia
1180 2459 1186 2470 ,
1200 2443 1228 2466 ct
1242 2439 1358 2467 habebis
1380 2447 1476 2467 omnes
1491 2440 1606 2468 amicos.
1626 2440 1664 2467 Ne
1683 2440 1785 2475 glorie—

999 2487 1037 2514 ris
1056 2495 1177 2522 unquam
1201 2487 1228 2514 in
1246 2487 1328 2515 bonis
1345 2487 1479 2522 operibus
1490 2488 1555 2521 tuis,
1579 2496 1613 2516 ne
1639 2489 1667 2515 in
1692 2489 1785 2523 lingua

999 2537 1044 2560 tua
1068 2532 1258 2560 confundaris.
1273 2533 1432 2566 Quamlibet
1450 2542 1508 2561 rem
1522 2534 1551 2561 in
1573 2542 1628 2570 qua
1652 2535 1785 2570 gloriatur

1000 2579 1092 2611 homo,
1122 2579 1194 2607 Deus
1215 2579 1325 2607 alterari
1340 2579 1477 2615 permittit
1503 2584 1534 2608 ut
1556 2580 1718 2608 humilietur
1734 2580 1785 2608 lto-

999 2632 1067 2651 mo:
1092 2629 1119 2652 ct
1139 2625 1233 2652 omnia
1259 2625 1435 2653 Providentia
1458 2625 1551 2653 divina
1574 2627 1720 2662 permittit.
1745 2625 1784 2653 Ne

996 2768 1053 2830 lic;
1069 2769 1105 2810 ita
1123 2769 1226 2797 indicat
1244 2770 1298 2797 vim
1315 2770 1473 2804 passionum
1494 2775 1521 2797 et
1542 2769 1647 2797 vitiosa:
1667 2775 1784 2795 consue-

996 2808 1023 2830 tu
1048 2812 1109 2830 mis.

996 2808 1109 2830 tudinis.
