1967 3091
217 163 269 196 823

903 168 933 198 S.
954 167 1077 197 ISAAtIf
1097 167 1183 198 SYRI

1797 169 1852 201 δει

217 221 325 253 credas,
354 222 428 257 quod
447 223 482 250 sit
507 223 556 250 tibi
576 223 680 259 aliquid
705 224 878 252 inaltcrabile
905 224 933 251 in
955 225 1005 252 hac
1020 225 1043 253 Δ
1057 229 1085 252 et
1102 226 1235 253 transitus
1251 226 1293 254 sui
1310 227 1421 254 modum
1445 226 1633 262 exponebant.
1649 226 1684 254 Ut
1699 224 1765 260 quid
1783 233 1852 260 ergo

216 267 272 294 vita
291 277 296 294 :
314 268 374 295 talis
397 274 489 296 autem
512 270 630 298 afTectus
643 275 704 298 tuos
722 271 820 298 oculos
843 278 954 306 semper
971 272 1005 298 ad

216 314 302 341 Deum
315 316 439 342 extollat.

249 360 390 388 Protectio
405 362 452 388 Dei
466 366 494 388 et
519 362 692 396 providentia
713 367 810 390 contra
835 371 933 391 omnes
954 364 1005 391 ho-

215 406 303 433 mines
316 410 370 438 est,
385 415 436 434 nec
451 408 562 436 videtur
574 410 626 436 nisi
643 410 678 437 ab
694 410 737 437 his
752 410 797 445 qui
816 415 1005 446 purgaverant

215 453 407 488 semctipsosa
427 459 550 489 peccato.
574 460 603 483 et
630 456 841 484 meditationem
865 457 968 484 habent
990 464 1005 482 a

216 498 281 526 Deo.
309 499 472 534 Spccialitcr
495 506 587 528 autem
620 502 814 530 manifestatur
835 503 880 530 his
912 502 1005 537 provi-

215 545 309 572 dentia
320 545 379 577 Dei,
395 546 448 580 quin
460 555 509 581 pro
520 547 576 574 Deo
589 547 715 576 incidunt
729 548 755 575 in
770 557 898 584 magnam
914 553 1003 575 tenta-

216 590 317 617 tiouem
336 599 341 617 :
364 595 430 618 tunc
443 592 530 626 ipsam
550 592 675 619 sentiunt
691 596 718 619 et
736 591 817 627 quasi
836 593 927 620 oculis
940 600 1004 619 cor-

216 636 291 669 poris
301 641 424 671 apparet,
434 637 539 671 quibus
550 637 645 664 vident
661 645 721 664 eam
731 639 809 672 juxta
817 638 1004 672 quantitatem

213 685 242 707 ct
256 688 351 708 curam
361 683 547 718 contingentis
558 683 732 715 tentationis,
749 688 779 710 ut
793 683 827 710 ad
842 684 1003 711 extremita-

215 731 269 753 tem
285 729 575 764 pugnatoresjungat,
603 729 675 756 sicut
690 729 717 756 in
742 729 803 762 Joh,
827 730 891 758 Jcsu
918 731 1002 763 Nave,

216 773 296 801 Petro
304 777 332 800 et
344 774 494 806 similibus,
509 776 611 810 quibus
630 775 658 802 in
676 776 796 802 humana
813 776 905 810 specie
920 784 1005 812 appa-

215 819 293 846 rebat
309 820 479 852 confortans,
498 826 526 848 et
544 821 712 849 confirmans
729 822 763 849 ad
777 822 868 849 fidem.
894 822 922 850 Si
938 830 1004 850 vero

214 866 317 892 sanctis
335 866 379 893 hic
394 866 598 902 dispensatorie
613 868 706 895 datum
724 859 786 900 fuit,
813 877 875 895 cum
895 869 1002 903 specia-

215 910 279 938 liter
291 913 510 946 promeruisscnt
529 914 688 948 hujusmodi
704 915 827 942 visiones
842 924 847 941 :
872 915 900 942 in
915 920 1004 943 tenta-

215 956 338 984 tionibus
350 957 407 984 sint
416 958 506 985 tihiad
517 959 858 995 fortitudinisexemplum
871 967 1005 996 martyres

213 1001 333 1035 Christi,
354 1011 472 1038 quorum
493 1005 574 1032 multi
592 1006 734 1034 multotics
755 1012 803 1034 aut
826 1007 1004 1042 singulariter

214 1056 296 1080 unus,
313 1053 340 1076 et
356 1057 429 1077 unus
447 1051 474 1077 in
491 1051 585 1079 multis
601 1052 674 1080 locis‘
684 1057 863 1080 certaverunt
883 1053 910 1080 in
923 1053 1004 1080 Chri-

213 1099 267 1126 sto,
283 1099 312 1122 et
327 1095 354 1123 in
367 1097 477 1124 occulta
497 1097 601 1125 virtute
616 1106 680 1133 qum
693 1099 720 1125 in
737 1099 779 1127 eis
796 1103 866 1130 erat.
885 1099 1005 1126 viriliter

213 1139 408 1168 sustinuerunt
429 1142 455 1169 in
483 1143 567 1170 luteis
591 1144 768 1179 corporibus.
792 1151 902 1178 campo.
929 1144 1004 1170 ferro

213 1189 242 1212 et
252 1186 409 1214 omnimoda
424 1193 572 1221 tormenta,
597 1196 653 1216 rem
680 1189 792 1224 quidem
815 1197 899 1224 supra
925 1193 1005 1216 natu-

214 1239 283 1259 ram.
301 1232 415 1260 Talibus
431 1234 506 1261 enim
529 1235 617 1262 sancti
641 1235 732 1270 angeli
759 1235 907 1262 \‘isibilitcr
921 1243 1005 1270 appa-

214 1277 322 1310 rebant,
352 1283 382 1306 ut
399 1279 558 1308 addisceret
579 1281 707 1316 quilibet,
734 1281 808 1316 quod
830 1281 1004 1308 abundanter

214 1323 308 1351 divina
324 1325 500 1359 providentia
521 1327 683 1361 proveniret
704 1327 737 1354 ad
763 1327 826 1354 illos
845 1327 891 1362 qui
915 1327 1004 1355 modis

214 1369 346 1398 omnibus
361 1371 499 1398 sustinent
515 1380 626 1399 omnem
639 1373 827 1407 .tentationem
848 1378 877 1400 et
893 1381 1002 1401 onmem

215 1416 422 1445 tribulationem
433 1426 481 1452 pro
492 1418 551 1453 ipso
562 1418 700 1454 adjutorio
715 1419 885 1446 fortitudinis
896 1428 1002 1448 eorum.

215 1461 281 1488 Nam
295 1468 399 1497 quanto
415 1465 503 1491 sancti
521 1464 608 1499 magis
622 1464 777 1492 visionibus
791 1466 1002 1499 roborabantur,

216 1512 291 1535 tanto
308 1509 371 1544 plus
388 1509 542 1538 adversarii
559 1515 673 1546 propter
695 1511 816 1547 ipsorum
839 1513 1002 1548 patientiam

213 1553 352 1583 furebant.

248 1599 319 1633 Quid
337 1609 451 1630 necesse
466 1609 510 1632 est
524 1603 619 1632 dicere
634 1605 671 1632 de
688 1605 832 1632 monachis
847 1605 1003 1640 peregrinis

213 1650 241 1673 et
254 1647 441 1680 anachoretis,
458 1650 505 1684 qui
521 1650 661 1678 desertum
674 1651 867 1679 inhabitabant
885 1656 913 1680 et
927 1652 1002 1679 fece-

214 1697 278 1719 runt
290 1693 356 1720 illud
373 1693 523 1723 habitabile
539 1696 689 1731 hospitium
701 1698 873 1732 angelorum,
884 1698 918 1725 ad
933 1706 1002 1733 quos

213 1739 301 1767 sancti
316 1741 405 1776 angeli
423 1749 494 1776 saepe
505 1743 672 1770 accedebant
688 1748 801 1778 propter
812 1744 1003 1771 conversatio-

213 1785 257 1812 nis
274 1793 330 1812 suaz
342 1787 519 1820 suavitatem,
537 1792 565 1815 et
579 1792 609 1815 ut
623 1788 675 1815 sub
698 1789 779 1816 unius
800 1789 909 1816 Domini
936 1797 1001 1824 pro-

215 1831 332 1859 tectione
339 1832 368 1867 8
375 1833 482 1864 statuti,
495 1833 612 1861 invicem
623 1835 826 1862 conveniebant
835 1835 867 1862 ad
880 1839 1000 1870 tempus,

212 1878 277 1912 quia
290 1878 422 1906 omnibus
436 1879 537 1907 diebus
555 1880 620 1907 vita:
646 1888 703 1908 sua:
721 1881 808 1907 vitam‘
826 1881 1000 1908 cremiticam

212 1924 401 1959 amplexantes
416 1946 423 1956 .
450 1927 478 1953 in
495 1927 625 1954 montibus
641 1931 665 1953 et
686 1926 817 1962 speluncis
831 1931 855 1954 et
879 1928 1000 1954 cauernis

212 1973 293 1997 terra:
310 1971 321 1986 ⁹
347 1971 483 2007 degebant
508 1976 621 2007 propter
650 1973 829 2000 dilectionem
854 1973 1002 2000 divinam?

213 2014 289 2043 Unde
303 2015 374 2043 sicut
387 2021 498 2044 terrena
511 2017 730 2052 dereliquerunt,
746 2018 871 2046 celestia
889 2018 995 2046 dilexe-

213 2067 288 2093 runt.
305 2063 464 2097 angelorum
479 2057 633 2091 imitatores
650 2063 714 2091 facti
729 2068 795 2091 sunt
810 2073 819 2090 :
834 2064 873 2091 ita-
891 2065 925 2092 de
936 2065 1000 2101 jure

212 2109 301 2144 angeli
314 2117 390 2135 suam
402 2111 443 2136 eis
461 2109 633 2137 voluntatem
649 2117 704 2137 non
718 2110 934 2144 absconderant,
953 2112 1001 2140 sed

213 2155 249 2182 ad
260 2159 368 2190 tempus
382 2156 554 2190 apparebant
568 2156 626 2188 eis,
647 2156 766 2191 qualiter
783 2156 930 2190 oportebat
953 2165 1002 2186 eos

213 2201 369 2228 conversari
382 2201 533 2234 docentes;
551 2205 579 2228 et
593 2201 742 2235 aliquando
754 2201 878 2236 quaedam
893 2202 935 2229 eis
944 2210 1002 2230 am-

213 2245 295 2280 bigua
310 2247 497 2281 exponebant,
507 2252 535 2274 et
550 2246 718 2281 quandoque
733 2252 843 2275 sanctos
857 2255 906 2282 per
919 2248 1001 2277 devia

212 2297 339 2319 errantes
354 2292 519 2328 tlirigebant.
535 2293 692 2327 Aliquando
707 2301 773 2320 vero
794 2293 822 2320 in
840 2294 1000 2322 tentationi-

212 2337 265 2364 hus
284 2338 441 2367 incidentes
456 2339 610 2366 liberabant
633 2347 640 2366 :
666 2344 693 2366 et
715 2339 882 2374 quandoque
907 2340 1000 2368 subita

214 2384 295 2411 ruina
312 2384 434 2419 lapidmn
443 2389 472 2412 et
487 2384 609 2419 lapidum
627 2384 693 2413 ictu.
707 2384 741 2411 ab
760 2384 874 2412 inimico
889 2391 1001 2413 sanctos

213 2429 358 2457 manifeste
374 2430 563 2465 impugnante,
581 2429 748 2464 eripiebant,
767 2433 795 2456 et
809 2437 837 2456 se
860 2429 916 2457 illis
930 2430 998 2458 visi-

213 2475 306 2503 biliter
328 2475 522 2507 ostendebant.
539 2480 567 2503 et
591 2476 625 2503 ad
650 2475 774 2511 ipsorum
789 2475 936 2503 consilium
951 2484 999 2504 seu

213 2522 345 2549 auxilium
363 2530 391 2549 se
408 2522 537 2549 dicebant
555 2522 742 2553 transmissos,
766 2525 794 2548 et
817 2522 1000 2550 confortatio-

213 2575 276 2595 nem
296 2572 325 2594 et
339 2568 510 2603 refrigerium
527 2574 554 2595 et
575 2568 718 2595 audaciam
737 2567 778 2595 eis
806 2567 952 2601 faciebant,
973 2573 1000 2595 et

213 2612 380 2648 quandoque
401 2621 450 2647 per
467 2614 540 2648 ipsos
555 2614 702 2641 sanitatem
724 2613 923 2648 operabantur.
941 2615 1001 2642 Ali-

213 2659 325 2693 quando
333 2667 398 2686 γυνθ
411 2659 485 2694 ipsos
497 2665 608 2688 sanctos
621 2660 753 2687 curabant
768 2660 793 2687 in
807 2660 950 2695 passiones
960 2661 997 2688 in-

213 2705 349 2732 cidentes.
369 2705 524 2741 Aliquando
538 2714 602 2734 vero
619 2714 734 2742 corpora
748 2714 844 2733 eorum
859 2706 929 2733 fame
942 2715 1004 2734 cor-

213 2752 334 2784 ruentia,
347 2755 422 2779 tactu
445 2759 543 2779 manus
555 2757 602 2779 aut
625 2752 717 2778 verbis
740 2751 912 2778 naturalibus
933 2759 1002 2778 con-

211 2795 364 2830 fortabaat,
380 2801 409 2824 et
420 2797 612 2825 fortitudinem
630 2797 807 2833 apponebant
817 2806 823 2826 :
833 2797 999 2832 quandoque

246 2891 255 2907 ι
274 2889 356 2918 Hgi‘r,
374 2898 408 2920 ιι,
427 2889 470 2916 ὃς.
511 2887 531 2903 ¹⁵
547 2887 616 2915 Fsal.
635 2895 701 2914 cur
714 2909 720 2919 ,
737 2889 776 2916 ts.

1058 272 1145 299 multa
1163 280 1326 300 enarramus
1338 295 1347 306 ,
1363 273 1528 301 charitatcm
1553 272 1745 308 exprimendo,
1763 280 1850 307 quam

1057 318 1146 352 gratia
1158 319 1258 352 nostri,
1269 324 1296 346 ct
1308 327 1404 346 curam
1419 327 1500 355 quam
1515 319 1744 354 gratiajustorum
1758 318 1851 352 sancti

1057 365 1147 400 angeli
1163 367 1302 400 gesserint
1320 371 1348 393 ct
1361 367 1556 401 gerunt?Nam
1581 365 1781 399 sicutmajores
1790 365 1851 392 fra-

1058 416 1115 438 tres
1132 411 1288 439 minoribus
1305 411 1448 442 fratribus,
1478 411 1519 438 sic
1539 410 1750 446 providentipsi
1763 418 1851 445 super

1056 465 1117 484 nos.

1092 503 1145 530 Sed
1161 504 1218 531 haec
1232 505 1304 531 dicta
1325 508 1401 536 sunt,
1418 508 1448 531 ut
1467 504 1537 531 sciat
1561 503 1690 538 quilibet,
1712 501 1849 536 quoniam

1057 550 1143 585 Prope
1170 556 1206 576 est
1233 550 1361 577 Dominus
1387 551 1506 577 munibus
1535 549 1717 576 invocantibus
1737 557 1795 575 cum
1819 549 1848 575 in

1055 596 1167 623 veritate
1181 596 1212 627 ⁸ο,
1245 601 1272 622 et
1293 600 1425 630 quautam
1453 595 1657 630 providentiam
1685 593 1768 620 faciat
1792 594 1849 621 illis

1055 641 1102 676 qui
1126 648 1155 667 se
1167 641 1350 675 beueplacitis
1362 642 1422 676 ejus
1442 641 1628 671 tradiderunt,
1645 643 1671 666 ct
1691 644 1851 674 sequuntur

1056 688 1145 722 ipsum
1170 695 1204 714 ex
1231 692 1289 714 toto
1311 688 1395 715 corde
1412 696 1462 715 suo
1481 696 1488 714 :
1507 687 1534 713 Si
1560 685 1653 714 credis
1679 685 1752 720 quod
1774 685 1849 712 Deus

1055 737 1187 768 procuret
1203 741 1252 768 pro
1267 738 1293 760 te
1309 754 1316 766 ,
1339 741 1425 768 quare
1444 733 1580 760 sollicitus
1595 741 1635 764 es,
1660 737 1688 759 et
1709 739 1790 758 curas
1812 731 1848 758 de

1055 779 1254 813 temporalibus
1268 783 1297 805 et
1318 778 1484 805 necessariis
1499 770 1613 805 carnis‘?
1634 777 1711 811 Quod
1733 777 1755 804 si
1790 783 1848 802 non

1055 823 1144 852 credis
1166 824 1239 859 quod
1257 824 1403 860 provideat
1422 823 1472 852 tibi
1489 824 1571 854 Deus.
1591 828 1620 851 ct
1636 824 1671 851 ob
1684 824 1736 850 hoc
1749 822 1783 849 de
1799 829 1849 848 nc-

1054 871 1182 898 cessariis
1195 870 1251 897 tuis
1265 878 1295 897 es
1305 870 1444 897 sollicitus
1459 869 1518 897 sine
1532 870 1602 904 ipso,
1619 869 1798 897 miserrimus
1814 875 1847 894 es

1056 916 1180 943 omnium
1194 916 1349 943 hominum.
1365 916 1400 944 Ut
1416 916 1482 950 quid
1497 924 1565 951 ergo
1583 916 1654 943 vivis
1665 916 1676 942 ?
1689 915 1767 942 Jucta
1783 921 1848 948 ergo

1056 963 1090 989 od
1103 962 1244 990 Dominum
1256 963 1398 998 cogitatum
1417 968 1490 989 tuum
1508 963 1538 995 υ.
1559 968 1586 990 et
1598 971 1612 990 a
1626 963 1725 990 timore
1746 969 1847 996 super-

1056 1009 1185 1036 veniente
1197 1016 1251 1036 non
1267 1008 1439 1036 formidabis.
1454 1008 1635 1044 Quiseipsum
1649 1007 1848 1035 scmelohtulit

1056 1055 1122 1083 Deo.
1133 1055 1269 1082 iumentis
1285 1055 1380 1089 quiete
1394 1055 1481 1090 degit.
1497 1055 1554 1082 Nisi
1571 1055 1671 1090 aliquis
1685 1055 1770 1082 fuerit
1785 1054 1846 1080 sine

1055 1099 1189 1134 proprio,
1210 1107 1224 1126 a
1252 1099 1412 1126 turbatione
1447 1099 1650 1134 cogitationum
1685 1107 1740 1126 non
1766 1103 1847 1133 pote-

1055 1145 1090 1171 rit
1103 1146 1163 1179 ejus
1180 1145 1270 1172 anima
1287 1145 1412 1177 liberari,
1442 1149 1470 1172 et
1483 1145 1543 1172 sine
1560 1145 1759 1180 tranquillitate
1778 1152 1845 1171 sen-

1054 1198 1134 1217 suum
1149 1198 1203 1218 non
1220 1191 1321 1218 sentiet
1335 1198 1429 1225 pacem
1444 1191 1557 1218 mentis.
1576 1190 1609 1217 Et
1622 1190 1674 1217 nisi
1696 1190 1846 1217 intraverit

1056 1237 1277 1264 intentationem
1288 1258 1294 1269 ,
1311 1237 1476 1272 sapientiam
1493 1236 1609 1271 spiritus
1624 1244 1678 1263 non
1695 1236 1844 1271 acquiret;

1055 1287 1082 1310 et
1100 1283 1160 1310 sine
1180 1283 1320 1310 laboriosa
1337 1283 1456 1309 lectione
1492 1282 1675 1310 subtilitatem
1701 1282 1846 1316 cogitatio-

1054 1337 1131 1358 num.
1144 1337 1199 1356 non
1210 1329 1321 1356 sentiet.
1339 1329 1404 1356 Siue
1420 1329 1620 1363 tranquillitate
1632 1329 1844 1364 cogitationumI

1054 1383 1132 1402 meus
1159 1375 1186 1402 in
1219 1374 1336 1402 occultis
1363 1374 1503 1409 mysteriis
1525 1381 1580 1401 non
1603 1374 1762 1401 movebitur
1789 1378 1845 1400 :et

1054 1422 1114 1449 sine
1125 1420 1294 1448 confidentia
1308 1428 1369 1455 quae
1382 1421 1411 1447 fit
1421 1428 1470 1455 per
1485 1419 1578 1452 fiderit,
1592 1421 1684 1447 anima
1699 1419 1844 1446 audaciam

1054 1470 1151 1494 contra
1168 1465 1338 1492 tentatioues
1352 1473 1463 1492 sumere
1483 1472 1546 1493 cmn
1563 1465 1712 1492 securitate
1723 1472 1778 1491 non
1793 1471 1845 1498 po-

1056 1516 1118 1538 test.
1133 1511 1166 1538 Et
1179 1511 1240 1537 sine
1265 1510 1437 1544 experientia
1467 1509 1650 1544 protectionis
1663 1509 1726 1539 Dei,
1747 1517 1794 1535 νοι-
1816 1509 1844 1535 in

1016 1565 1039 1596 ο
1055 1557 1115 1592 ipso
1129 1564 1239 1592 sperare
1253 1563 1309 1583 non
1326 1560 1426 1591 potest.
1441 1556 1474 1583 Et
1488 1555 1540 1582 nisi
1555 1560 1648 1591 gustet
1663 1555 1755 1582 anima
1778 1562 1844 1590 pas-

1054 1604 1147 1631 siones
1159 1602 1262 1630 Christi
1273 1603 1404 1633 scienter.
1419 1602 1643 1629 communionem
1656 1609 1711 1628 non
1729 1600 1846 1628 habebit

1054 1656 1118 1676 cum
1146 1648 1218 1683 ipso.
1242 1648 1320 1675 Illum
1349 1653 1447 1683 reputa
1465 1648 1607 1675 hominem
1629 1648 1676 1675 Dei
1698 1655 1773 1680 esse,
1796 1646 1843 1682 qui

1054 1695 1090 1722 ob
1105 1695 1221 1722 multam
1236 1695 1367 1730 pietatem
1396 1695 1575 1728 semetipsum
1594 1695 1772 1722 mortificavit
1793 1701 1844 1721 ne-

1053 1742 1181 1770 cessariae
1200 1741 1325 1768 utilitati.
1348 1741 1417 1768 Nam
1448 1742 1494 1776 qui
1521 1741 1669 1768 miseretur
1690 1740 1843 1775 pauperis,

1053 1789 1140 1817 Deum
1160 1789 1246 1816 habet
1260 1796 1310 1823 pro
1333 1796 1362 1815 se
1383 1788 1562 1823 cogitantem.
1597 1789 1631 1815 Et
1649 1789 1695 1823 qui
1716 1796 1766 1823 pro
1783 1789 1842 1823 ipso

1052 1843 1168 1870 pauper,
1187 1833 1378 1862 iudcficientes
1393 1835 1541 1862 thesauros
1554 1835 1610 1869 jam
1638 1835 1753 1861 invenit.
1771 1835 1844 1862 Deus

1053 1888 1107 1907 non
1125 1885 1187 1915 eget
1200 1880 1305 1914 aliquo,
1332 1879 1380 1906 sed
1407 1880 1516 1907 lictatur
1538 1887 1602 1907 cum
1623 1879 1699 1906 videt
1720 1879 1843 1914 aliquam

1053 1933 1130 1953 suam
1145 1926 1304 1961 imaginem,
1324 1925 1350 1952 id
1361 1929 1421 1956 est,
1446 1925 1587 1952 hominem
1607 1925 1840 1958 complectentem

1052 1975 1080 1998 et
1093 1971 1276 1998 honorantem
1293 1972 1367 1999 illam
1382 1979 1431 2006 pro
1447 1971 1516 2005 ipso.
1533 1971 1648 2004 Quando
1659 1971 1725 2006 quis
1743 1975 1840 2006 postu-

1052 2017 1120 2045 lavit
1135 2016 1200 2051 quid
1221 2023 1237 2042 a
1256 2021 1282 2043 te
1304 2016 1378 2050 quod
1397 2016 1494 2048 habes,
1508 2024 1563 2043 non
1581 2016 1658 2043 dicas
1675 2015 1757 2043 corde
1774 2016 1842 2043 :Di-

1053 2063 1158 2091 mittam
1175 2063 1228 2090 hoc
1240 2062 1337 2089 animae
1351 2070 1428 2093 meae.
1447 2067 1477 2089 ut
1493 2062 1663 2097 requiescant
1677 2063 1704 2089 iu
1719 2062 1778 2096 ipso
1791 2071 1799 2089 :
1814 2066 1843 2089 et

1053 2109 1125 2136 Deus
1141 2108 1225 2135 habet
1240 2107 1312 2135 unde
1330 2108 1370 2135 illi
1394 2108 1516 2143 porrigat
1536 2107 1692 2135 necessaria
1717 2107 1841 2134 aliunde.

1051 2155 1212 2189 lniquorum
1226 2159 1302 2181 certa
1319 2159 1383 2181 sunt
1397 2154 1455 2181 haec
1478 2159 1506 2181 et
1528 2153 1717 2188 ignorantium
1739 2153 1839 2180 Deum.

1052 2200 1220 2236 Namjustus
1236 2200 1318 2227 homo
1331 2205 1358 2227 et
1373 2200 1462 2227 bonus
1477 2208 1558 2227 suum
1569 2199 1703 2227 honorem
1723 2207 1777 2226 non
1795 2199 1842 2227 dat

1053 2246 1111 2278 alii,
1134 2253 1224 2281 neque
1235 2246 1371 2281 permittit
1394 2246 1489 2281 gratim
1515 2250 1623 2281 tempus
1638 2245 1758 2272 inaniter
1775 2253 1842 2280 pne-

1054 2292 1138 2319 terire
1155 2301 1161 2319 :
1176 2300 1281 2327 pauper
1299 2292 1412 2327 quidem
1430 2293 1661 2327 etegenushomo
1674 2297 1850 2327 procuratur,

1052 2346 1067 2364 a
1085 2339 1150 2367 Deo.
1165 2338 1229 2373 quia
1241 2338 1346 2364 nullum
1355 2337 1489 2364 Dominus
1503 2337 1684 2372 dcrelinquit.
1698 2338 1738 2364 Tu
1747 2343 1840 2365 autem

1054 2384 1190 2419 reliquisti
1213 2384 1346 2411 honorem
1372 2388 1449 2410 tuum
1467 2388 1645 2418 procuratum
1665 2383 1714 2410 tibi
1731 2391 1746 2410 a
1760 2384 1815 2410 Deo
1833 2392 1840 2416 ;

1052 2434 1081 2458 et
1099 2431 1239 2466 repellens
1256 2437 1417 2465 pauperem,
1431 2437 1508 2457 suam
1527 2437 1542 2456 a
1564 2433 1590 2456 te
1601 2429 1716 2464 gratiam
1728 2429 1840 2463 elonga-

1053 2476 1090 2504 sti
1118 2485 1125 2502 ε
1149 2484 1212 2503 cum
1235 2481 1326 2503 autem
1345 2475 1456 2503 dederis
1470 2496 1477 2506 ,
1500 2475 1598 2510 gaude,
1620 2479 1647 2502 et
1664 2475 1709 2502 dic
1728 2484 1733 2501 :
1750 2474 1841 2502 Gloria

1054 2523 1115 2553 tibi,
1133 2523 1216 2554 Deus,
1231 2521 1277 2557 qui
1292 2521 1380 2549 fecisti
1402 2529 1446 2548 me
1462 2521 1588 2557 dignum,
1603 2524 1633 2548 ut
1656 2521 1774 2556 aliquem
1799 2521 1841 2548 in-

1053 2568 1176 2596 venirem
1206 2567 1239 2595 ad
1274 2567 1513 2601 complacendum.
1536 2567 1615 2601 Quod
1638 2567 1661 2594 si
1678 2574 1732 2594 non
1755 2566 1842 2594 habes

1052 2615 1124 2649 quod
1139 2614 1197 2642 des.
1212 2614 1300 2648 gaude
1314 2614 1416 2648 potius.
1429 2618 1457 2641 et
1468 2614 1513 2641 die
1525 2614 1648 2641 referens
1662 2618 1755 2648 giatcs
1768 2613 1840 2640 Deo:

1052 2660 1160 2688 Gratias
1176 2659 1225 2686 tibi
1241 2667 1301 2694 agn,
1315 2660 1388 2686 Dens
1405 2667 1494 2690 meus,
1513 2659 1558 2694 qui
1573 2659 1674 2687 dedisti
1685 2658 1752 2685 mihi
1768 2658 1841 2685 hunc

1050 2706 1197 2736 honorem.
1211 2710 1241 2733 ut
1253 2706 1304 2732 sim
1320 2713 1370 2741 pro
1388 2706 1499 2733 nomine
1510 2710 1557 2732 tuo
1575 2713 1690 2740 pauper,
1707 2709 1734 2731 et
1752 2704 1840 2730 fecisti

1053 2759 1096 2779 me
1120 2751 1233 2786 dignum
1251 2755 1362 2786 gustare
1384 2751 1590 2778 tribulationem
1612 2750 1727 2786 positam
1750 2749 1776 2776 in
1799 2749 1841 2776 via

1052 2797 1247 2826 mandatorum
1265 2802 1375 2824 tuorum
1389 2798 1416 2824 in
1438 2797 1599 2824 infirmitate
1619 2801 1644 2823 et
1669 2799 1840 2831 paupertate,

819 2890 837 2904 "
856 2889 913 2916 P51!
944 2896 998 2920 tt“,
1017 2888 1058 2915 ΞΕ.
