1967 3091
146 143 201 175 825

678 147 793 176 LIBER
815 147 862 177 DE
882 148 1107 178 CONTEBIPTU
1127 147 1263 178 MUNDI.

1725 145 1776 176 3‘5

147 200 219 227 sicut
231 203 414 234 gnstaverunt
428 200 516 228 sancti
529 201 577 235 qui
597 208 646 236 per
660 201 729 228 hanc
745 202 815 228 viam
833 201 930 228 ambu-
946 205 968 232 Α
985 204 1044 230 sine
1063 203 1141 230 lucro
1156 207 1184 229 et
1205 201 1342 232 mercede.
1359 200 1431 227 sicut
1447 204 1511 227 sunt
1535 199 1776 226 irrationabilibns

147 245 286 273 laverunt.

182 292 251 319 Cum
264 292 458 325 intirmaveris,
476 294 520 321 dic
540 303 546 321 :
562 294 672 322 Bcatius
693 300 734 322 est
750 295 792 322 his
808 296 854 330 qui
880 304 938 322 nte-

148 343 290 366 ruerunta
306 339 422 366 Domino
439 341 537 366 tentari
554 341 580 367 in
596 341 639 368 his
656 341 758 375 quibus
782 342 864 368 vitam
879 342 936 369 hm-

147 384 280 411 reditarie
307 385 498 419 possidemus;
521 385 696 414 infirmitates
721 388 794 414 enim
811 388 937 422 corporis

146 429 247 457 adsum
275 438 325 465 pro
342 431 440 458 animae
456 431 585 459 sanitate.
600 432 673 459 Dixit
695 433 806 467 quidam
828 437 937 459 sancto—

147 479 219 508 rum,
231 480 259 503 et
271 477 337 503 illud
349 478 454 508 notavi,
471 478 543 512 quod
557 478 709 505 monachus
719 479 765 513 qui
784 487 837 506 non
850 480 937 506 servit
964 477 967 480 ’

148 522 204 549 Deo
219 523 296 557 juxta
311 522 515 558 beneplacitum
529 524 599 558 ejus,
616 532 667 551 nec
682 524 806 552 studiose
829 525 938 551 laborat

147 576 198 603 pro
211 569 298 596 salute
316 570 414 596 anima:
428 577 495 601 suae,
516 569 565 596 sed
576 578 639 604 erga
655 570 787 597 virtutum
813 571 936 606 acquisi'

150 615 250 642 tionem
260 623 289 642 se
298 617 423 642 continet
432 616 611 651 negligenter,
622 617 790 651 permittitur
799 625 812 644 a
823 618 937 644 Domino

149 660 176 687 in
191 661 360 688 tentationes
374 662 507 692 incidere,
527 670 559 689 ne
574 671 623 697 per
638 663 749 689 nimiam
768 663 936 690 otiositatem

149 714 224 733 snam
237 707 270 733 ad
283 707 422 734 deteriora
438 707 569 737 declinet.
593 709 634 736 0b
653 709 705 736 hoc
726 709 800 736 enim
826 709 938 744 projieit

149 753 221 780 Deus
236 753 403 780 tentationes
416 762 499 788 super
513 754 604 790 pigros
615 759 642 781 et
660 755 841 790 negligentes,
867 760 896 782 ut
909 755 936 782 in

151 798 228 832 ipsis,
247 802 274 825 et
286 807 341 826 non
359 800 387 826 in
404 800 573 827 vanitatibus
589 801 769 827 meditentur.
792 801 866 827 Facit
885 801 938 828 hoc

150 842 224 870 Deus
237 843 416 879 diligentibus
430 853 505 876 cum,
521 849 550 871 ut
566 845 681 880 castiget
695 850 723 872 et
735 845 817 872 faciat
830 846 938 879 sapien—

151 893 201 921 tes,
216 893 244 916 et
259 889 333 924 ipsos
346 891 533 918 doceat'suam
546 892 737 924 voluntatem;
756 899 836 926 quos,
849 900 938 926 quan-

149 933 185 962 do
195 936 229 962 ad
244 944 306 963 eum
318 942 408 970 orant,
422 937 505 965 citius
515 945 569 965 non
584 938 707 970 exaudit,
722 937 776 972 (Η)
793 945 938 972 quousque

150 981 270 1008 confessi
288 982 381 1009 sintet
394 983 482 1010 sciant
499 991 548 1018 pro
562 988 648 1014 certo,
662 983 735 1018 quod
748 983 800 1010 hoc
814 983 867 1010 sibi
889 991 939 1017 pro

150 1033 200 1053 sua
216 1027 382 1062 negligentia
399 1029 543 1063 contingit.
561 1028 699 1063 Scriptum
714 1033 756 1056 est
768 1029 842 1056 enim
856 1029 938 1056 :Cnm

151 1073 319 1101 extenderitis
336 1074 370 1101 ad
388 1083 428 1101 me
446 1083 540 1101 manus
554 1079 664 1105 vestras,
692 1079 811 1101 avertam
831 1084 846 1101 a
869 1075 939 1101 vobis

150 1119 239 1146 oculos
268 1128 348 1147 meos.
377 1120 433 1147 Elui
458 1121 695 1156 ntnltipliravcrilis
715 1122 866 1153 orationes,
887 1130 939 1148 non

151 1164 293 1191 exaudiam
306 1166 338 1190 ".
357 1165 414 1191 lloc
437 1165 500 1192 licet
514 1173 563 1200 pro
579 1166 634 1192 alio
653 1166 689 1192 sit
711 1165 825 1196 dictum,
846 1169 940 1193 tamen

151 1218 202 1244 pro
229 1210 272 1237 his
298 1211 430 1245 scriptum
445 1217 505 1243 est,
537 1212 601 1245 quia
619 1212 690 1238 viam
714 1210 821 1237 Domini
839 1211 941 1238 dereli-

151 1260 282 1290 querunt.
304 1256 342 1283 Ex
352 1265 406 1291 quo
423 1257 507 1283 Deum
522 1257 729 1284 misericordem
739 1257 855 1284 multum
869 1257 939 1284 dici—

152 1309 222 1333 mus,
239 1310 302 1336 quta
316 1303 388 1329 inter
404 1303 591 1337 precationem
607 1303 778 1338 postulantes
790 1308 818 1330 et
830 1303 941 1338 pulsan-

153 1351 193 1375 tes
208 1357 261 1375 non
274 1349 437 1376 exaudiatur
449 1350 504 1385 (I5)
517 1358 523 1381 ς
538 1350 594 1377 [nec
607 1355 698 1376 autem
713 1351 867 1377 docemura
878 1357 941 1384 pro-

152 1394 234 1428 pheta
249 1395 359 1422 dicente
381 1404 387 1420 :
408 1395 465 1422 Non
487 1396 556 1422 enim
572 1396 655 1422 brevis
674 1404 769 1422 atauus
788 1395 892 1422 Domini
906 1395 941 1422 ad

152 1439 335 1471 erudiendum,
363 1449 445 1476 neque
465 1442 553 1475 gravis
573 1441 666 1467 auditu
695 1441 729 1468 at!
754 1441 941 1474 audiendum;

152 1485 197 1511 sed
212 1491 318 1520 peccata
332 1492 421 1513 nostra
438 1488 584 1514 diuiserunt
602 1496 648 1514 nos
663 1487 695 1514 ab
710 1487 768 1520 illo,
797 1492 820 1514 et
844 1488 941 1522 iniqui-

987 249 1127 276 naturales
1155 248 1281 275 effectus.
1308 247 1415 280 Quanta
1445 246 1550 272 utilitas
1576 250 1604 272 et
1627 245 1778 280 gratiarum

987 296 1070 328 actio,
1086 300 1114 323 et
1129 295 1270 322 humilitas
1286 294 1416 321 oriuntur
1430 293 1464 320 de
1477 300 1597 327 superna
1612 292 1775 319 inductione

986 342 1014 377 9
1029 342 1216 373 stimulorum,
1231 349 1328 368 omnes
1343 340 1424 367 facile
1441 340 1512 366 scire
1532 344 1649 374 possunt
1663 349 1669 366 :
1686 338 1776 365 mani-

987 389 1087 415 festum
1103 393 1145 415 est
1159 388 1232 422 quod
1250 387 1330 414 nobis
1346 391 1388 414 est
1406 386 1518 413 studere
1535 386 1562 412 in
1581 385 1662 412 bonis
1685 389 1713 412 et
1730 384 1777 412 dc-

988 434 1091 461 clinare
1110 442 1123 460 a
1141 434 1236 465 malis;
1253 436 1281 460 et
1302 433 1335 460 ad
1353 440 1403 459 nos
1429 432 1517 459 honor
1535 434 1562 458 ct
1577 431 1699 458 dedecus
1716 438 1776 465 quae

988 481 1090 508 habent
1104 488 1137 507 ex
1151 481 1194 507 his
1208 480 1278 512 fieri,
1298 480 1457 507 referuntur
1481 488 1487 504 :
1510 486 1559 513 pro
1576 477 1714 505 dedecore
1731 474 1776 504 vc-

988 527 1172 554 recundantos
1186 527 1364 554 extendimur
1381 527 1415 553 ad
1430 527 1557 554 virtutes.
1575 526 1631 554 Hac
1644 526 1678 552 de
1694 533 1777 553 causa

988 573 1124 607 permittit
1148 578 1173 600 te
1204 573 1277 599 Deus
1306 573 1334 600 in
1359 573 1634 600 constristationibus
1658 579 1777 600 esse.ne

989 619 1137 653 aliquando
1154 619 1277 646 declines
1293 627 1463 654 exasperans
1480 627 1555 650 cum,
1569 623 1597 645 et
1609 618 1778 653 superindu-

988 666 1080 693 clione.
1095 673 1182 700 pocnaa
1195 666 1320 692 destruat
1337 670 1361 692 tc
1374 673 1388 692 a
1405 665 1473 692 fat-ie
1489 670 1545 692 tua.

1023 711 1208 739 Prteterniitto
1217 712 1289 737 enim
1303 711 1437 738 doctrinae
1447 711 1617 745 impietatem
1629 715 1656 738 et
1668 715 1741 737 metet
1750 718 1779 737 as

988 755 1184 789 blasphemias,
1204 763 1265 789 qum
1286 759 1440 782 nascuntur
1458 763 1508 790 per
1522 752 1737 789 prosperitatcm‘
1751 759 1780 781 ct

989 802 1177 829 securitatem.
1190 801 1326 834 Quoniam
1348 801 1478 836 pnedicta
1494 801 1630 828 doctrina:
1645 804 1708 835 quis
1724 809 1780 828 non

989 847 1152 881 priesumat?
1162 846 1216 874 llos
1228 847 1375 881 magistros
1385 847 1456 873 Deus
1469 846 1517 873 tibi
1531 846 1734 881 multiplicavit,
1744 854 1779 873 ne

989 890 1011 918 si
1030 891 1100 918 liber
1109 898 1185 918 esses
1200 899 1233 918 ex
1250 892 1291 918 eis
1306 895 1335 918 et
1349 899 1404 918 non
1424 891 1598 926 receptibilis
1611 892 1780 918 contristan-

991 937 1059 964 tium
1077 945 1109 964 ac
1129 945 1214 971 supra
1233 937 1362 963 timorem
1374 934 1523 968 exsistens,
1537 937 1712 963 obliviscaris
1728 937 1781 962 Do-

990 983 1095 1009 minum
1118 983 1202 1009 Deum
1223 987 1311 1014 tuum,
1332 986 1361 1009 et
1382 982 1536 1009 declinares
1554 982 1588 1009 ab
1604 982 1673 1016 ipso.
1699 986 1726 1008 ct
1745 981 1779 1007 ad

990 1029 1127 1056 culturam
1145 1029 1294 1055 multorum
1305 1028 1419 1054 deorum
1436 1027 1584 1059 recideres,
1601 1028 1673 1054 sicut
1689 1027 1778 1058 multi,

990 1074 1036 1108 qui
1061 1074 1157 1108 utique
1172 1077 1224 1100 tua:
1243 1073 1415 1099 conditionis
1429 1073 1590 1099 consimiles
1604 1072 1779 1102 cxsislentes,

989 1126 1018 1147 et
1039 1120 1162 1154 ejusdem
1187 1119 1430 1146 contristabilibus
1448 1127 1503 1145 non
1522 1118 1665 1153 flagellati,
1683 1118 1709 1144 in
1725 1126 1781 1144 uno

990 1170 1130 1193 momento
1148 1166 1282 1200 temporis
1305 1173 1354 1199 pro
1373 1164 1449 1192 brevi
1466 1157 1591 1199 potente,
1615 1172 1671 1191 non
1691 1164 1779 1191 solum

990 1213 1022 1240 ad
1039 1212 1190 1239 multorum
1212 1212 1327 1238 deorum
1348 1210 1506 1237 inciderunt
1526 1210 1674 1241 culturam,
1691 1209 1738 1236 sed
1753 1213 1782 1236 ct

990 1259 1098 1294 scipsos
1121 1258 1215 1286 vocari
1231 1258 1299 1284 deos
1321 1257 1442 1283 inaniter
1461 1260 1709 1291 praesumpserunt.
1725 1256 1781 1283 Hac

991 1306 1077 1341 igitur
1104 1305 1137 1332 de
1161 1313 1245 1332 causa
1275 1312 1325 1339 per
1354 1304 1498 1338 passiones
1523 1307 1552 1330 et
1578 1303 1780 1330 contristabilia

992 1351 1186 1386 multiplicavit
1207 1351 1280 1377 Deus
1305 1349 1468 1376 memoriam
1497 1349 1539 1376 sui
1565 1349 1592 1376 in
1615 1349 1699 1376 COl'dl.‘
1720 1353 1780 1380 tuo,

991 1401 1019 1425 et
1040 1397 1137 1424 timore
1153 1396 1353 1423 adversitatum
1376 1395 1508 1422 excitavit.
1521 1399 1546 1422 te
1561 1395 1594 1422 ad
1612 1394 1781 1430 pulsandum

992 1443 1094 1470 ostium
1108 1450 1164 1470 suae
1178 1442 1300 1477 pietatis,
1315 1446 1342 1468 et
1356 1449 1404 1476 pro
1416 1441 1583 1468 liberatione
1598 1445 1643 1467 tua
1664 1440 1698 1467 ab
1714 1440 1782 1476 ipsis

991 1493 1019 1516 et
1030 1488 1175 1515 occasione
1188 1495 1285 1515 eorum
1299 1488 1326 1514 in
1345 1491 1370 1514 te
1382 1495 1460 1514 suam
1474 1487 1591 1514 inseruit
1604 1487 1782 1514 charitatem.

153 1535 220 1557 Lars
237 1537 346 1562 naslrw,
367 1541 400 1559 ne
416 1534 554 1564 exuudial,
570 1533 614 1568 qui
631 1541 707 1559 suam
723 1533 817 1567 facient
837 1537 938 1560 averte-
954 1541 974 1570 ο
991 1534 1159 1562 Charitatem
1175 1537 1267 1561 autem
1290 1533 1416 1560 inserens
1436 1533 1543 1560 honore
1560 1532 1609 1559 tibi
1625 1532 1784 1567 adoptionis

153 1581 215 1602 runt
228 1576 259 1602 ¹³.
274 1576 338 1603 Esto
354 1576 402 1603 Dei
421 1585 526 1603 memor
539 1577 565 1603 in
579 1577 653 1603 omni
671 1581 811 1610 tempore;
828 1580 856 1603 et
876 1583 939 1602 cum

153 1621 283 1648 incideris
297 1622 323 1648 in
336 1623 417 1649 mala.
435 1622 626 1649 recordabitur
640 1623 697 1656 ipse
712 1622 762 1650 tui.
778 1621 882 1649 Natura
895 1626 940 1649 tua

154 1667 224 1694 facta
240 1672 282 1694 est
297 1668 467 1702 receptibilis
477 1668 608 1695 vitiorum
623 1668 724 1695 :etiam
739 1667 882 1703 praesentis
890 1675 941 1703 sae-

153 1713 208 1740 culi
224 1713 391 1740 lcntationcs
405 1713 500 1740 muftcc
527 1717 601 1743 sunt.
616 1711 769 1749 nec‘longe
794 1717 860 1741 sunt
880 1721 894 1740 a
908 1702 942 1740 ἰθ

154 1760 236 1791 mala,
249 1759 297 1786 sed
317 1760 386 1786 intra
408 1765 434 1787 te
454 1760 543 1794 ipsum
556 1765 583 1787 et
607 1760 704 1787 subtus
721 1765 747 1787 te
772 1764 800 1787 ct
825 1759 942 1794 pedibus

155 1806 210 1834 tuis
226 1807 363 1834 oriuntur.
382 1808 419 1835 De.
435 1808 496 1835 loco
517 1816 570 1835 non
582 1816 665 1836 escas
682 1809 709 1835 in
721 1816 777 1843 quo
791 1816 896 1840 manes,
915 1812 943 1835 ct

154 1853 189 1879 ab
207 1853 274 1887 ipsis
290 1854 454 1881 liber-aberis
473 1863 535 1881 cum
550 1855 622 1881 Dens
637 1854 767 1881 annuerit
786 1854 846 1881 tibi.
864 1854 943 1882 Sicut

154 1900 308 1934 propinqua
323 1900 370 1927 tibi
389 1900 622 1935 suntsupcrcilia.
640 1900 676 1927 ita
694 1905 759 1927 sunt
773 1904 800 1927 et
818 1899 940 1927 homini-

154 1945 207 1972 bus
222 1946 386 1973 tcntationes
401 1947 571 1981 propinquae.
631 1982 633 1984 τ

189 1991 247 2018 Hoc
267 1996 359 2018 autem
372 1992 508 2026 disposuit
529 1992 575 2018 Dei
595 1992 729 2026 sapientia
744 1999 794 2026 pro
820 1991 941 2019 utilitate

156 2041 213 2068 tua,
232 2040 262 2063 ut
273 2037 382 2064 assidue
394 2037 493 2064 ostium
507 2044 587 2063 suum
605 2037 696 2071 pulses
712 2045 719 2063 :
734 2041 761 2063 et
773 2037 871 2063 timore
891 2037 943 2063 tri-

155 2081 322 2112 bulantium.
341 2083 368 2109 in
383 2087 477 2121 .mente
502 2087 547 2109 tua
558 2082 619 2117 ejus
639 2082 769 2109 memoria
795 2082 943 2114 inferatur,

156 2133 183 2157 et
195 2129 400 2163 appropinques
415 2129 439 2156 ei
456 2136 505 2163 per
519 2128 743 2160 intercessiones,
758 2128 946 2155 etsanctilice-

155 2179 202 2202 tur
218 2183 266 2203 cor
282 2180 359 2202 tuum
375 2183 423 2210 per
437 2175 598 2202 continuam
618 2175 790 2206 memoriam,
806 2179 834 2202 ct
852 2178 879 2202 te
896 2174 945 2202 de-

991 1580 1234 1615 appropinquavit,
1252 1579 1431 1614 ostenditque
1449 1578 1498 1606 tibi
1514 1578 1710 1605 abundantiam
1727 1586 1784 1605 sua:

991 1626 1095 1662 gratiae,
1114 1630 1218 1661 quanta
1234 1629 1318 1652 esset.
1336 1624 1414 1653 Unde
1439 1625 1558 1657 sciebas,
1581 1632 1597 1651 o
1618 1625 1711 1655 homo.
1730 1624 1784 1651 hu-

988 1671 1111 1708 jusmodi
1131 1671 1368 1706 dispensationem
1385 1674 1413 1698 et
1431 1678 1526 1698 curam
1545 1678 1634 1702 suam,
1659 1670 1710 1697 nisi
1729 1670 1782 1697 tibi

992 1717 1130 1745 contraria
1147 1717 1350 1751 contigissent?
1364 1717 1431 1744 Nam
1448 1724 1482 1743 ex
1498 1716 1541 1743 his
1557 1716 1728 1751 impossibile
1741 1720 1785 1744 est

993 1763 1020 1790 in
1042 1763 1133 1789 anima
1157 1764 1204 1789 tua
1219 1762 1375 1789 doctrinam
1395 1761 1573 1796 multiplicari
1591 1769 1641 1796 per
1666 1761 1785 1796 amplius

993 1808 1169 1847 charitatem,
1189 1807 1305 1847 scilicet
1322 1815 1355 1834 ex
1373 1807 1568 1834 recordatione
1591 1807 1786 1847 suorum_cha-

993 1844 1138 1882 rismatum
1155 1843 1192 1880 eti
1202 1862 1236 1881 ex
1259 1853 1451 1881 recordatione
1477 1853 1666 1880 multitudinis
1685 1844 1780 1887 provi-

993 1900 1096 1927 dentia).
1118 1907 1183 1926 suze.
1200 1899 1264 1926 Haec
1280 1898 1373 1926 omnia
1396 1898 1468 1925 bona
1486 1898 1520 1925 de
1544 1897 1786 1925 contristabilibus

994 1945 1043 1972 tibi
1061 1944 1202 1975 oriuntur,
1228 1947 1258 1970 ut
1281 1943 1373 1971 discas
1397 1941 1555 1978 regratiari.

1029 1991 1168 2018 Memento
1184 1990 1245 2022 Dei,
1270 1993 1301 2016 ut
1316 1989 1426 2017 salvans
1445 1994 1482 2022 te,
1502 1989 1665 2016 recordetur
1681 1992 1710 2016 et
1726 1988 1786 2023 ipse

995 2038 1035 2066 tui
1060 2041 1089 2064 et
1113 2044 1223 2063 omnem
1242 2035 1466 2063 benedictionem
1491 2035 1634 2070 largiatur.
1656 2034 1695 2061 Ne
1713 2034 1785 2061 obli-

994 2083 1111 2111 viscaris
1127 2083 1187 2118 ejus
1203 2082 1294 2109 elatus
1309 2081 1337 2107 in
1353 2081 1533 2112 vanitatibus,
1550 2088 1585 2108 ne
1606 2079 1786 2107 obliviscatur

995 2133 1023 2157 et
1044 2129 1103 2164 ipse
1136 2129 1175 2155 tni
1204 2132 1328 2162 tempore
1352 2135 1452 2162 pugna;
1477 2131 1540 2154 tunc.
1564 2127 1591 2153 In
1617 2125 1786 2153 abundantia

997 2181 1044 2203 tua
1065 2175 1201 2203 obediens
1215 2174 1269 2200 sibi
1284 2177 1356 2204 esto,
1374 2177 1404 2199 ut
1422 2173 1448 2199 in
1467 2171 1698 2199 tribulationibus
1715 2178 1786 2206 prte-

155 2227 316 2256 precantem
328 2221 468 2253 exaudiat,
487 2225 515 2248 et
530 2221 657 2248 addiseas
671 2221 735 2255 quia
753 2221 825 2247 Dens
842 2225 884 2247 est
897 2220 943 2255 qui
962 2220 982 2247 D
997 2221 1147 2249 cordialem
1166 2220 1272 2247 habeas
1291 2223 1320 2245 et
1332 2218 1470 2246 assiduam
1482 2216 1706 2251 deprecatioaem
1723 2223 1786 2242 cum

156 2271 183 2293 te
203 2267 317 2298 liberat;
334 2267 473 2293 otscnties
484 2270 637 2293 creatorem
654 2269 730 2292 tuum
746 2265 793 2300 qui
812 2265 944 2292 mundum

155 2312 294 2347 duplicem
314 2319 363 2346 pro
381 2316 406 2339 tc
423 2312 498 2344 fecit,
518 2319 601 2338 unmn
616 2315 745 2345 tanquam
763 2311 905 2338 doctorem
917 2316 945 2338 ct

152 2358 350 2393 castigatorem
374 2357 578 2392 temporalem;
605 2357 689 2383 alium
707 2356 841 2396 tanquam
854 2360 944 2391 pater-

155 2413 218 2432 nam
237 2405 348 2430 domum
365 2409 393 2431 et
406 2404 593 2430 incredibilem
611 2408 684 2431 tuam
698 2408 845 2435 zelernam;
858 2410 943 2429 unum

156 2450 185 2477 in
203 2450 345 2485 prmsenti.
360 2449 479 2476 alterum
498 2449 524 2476 in
539 2449 643 2476 futuro.
662 2449 722 2476 Non
739 2448 804 2476 fecit
825 2452 851 2476 te
873 2448 946 2475 Deus

156 2495 372 2530 irrcceptibilem
383 2495 514 2527 tristium,
530 2495 602 2522 nead
616 2495 789 2522 divinitatem
807 2495 944 2529 aspirans,

155 2542 346 2573 haereditarcs,
367 2542 440 2577 quod
456 2542 630 2569 lnereditavit
647 2543 725 2577 prius
750 2541 869 2572 Lucifer,
897 2542 944 2576 qui

155 2593 270 2623 propter
284 2588 431 2615 elationem
443 2587 557 2614 Satanas
567 2586 742 2621 postmodum
759 2591 801 2614 est
817 2587 943 2614 cll'ectus.

156 2634 291 2661 Similiter
307 2641 358 2661 nec
374 2633 616 2666 indeclinabilem,
639 2640 690 2659 nec
707 2632 888 2664 immobilem,
912 2640 947 2659 ne

157 2680 240 2707 fieres
256 2680 355 2707 similis
379 2679 594 2706 inanimatornm
619 2688 624 2705 :
641 2684 669 2706 et
687 2679 785 2706 tierent
800 2679 849 2705 tibi
874 2679 944 2705 bona

197 2761 217 2775 ¹¹
232 2759 282 2787 lsa.
302 2769 320 2791 ι,
340 2761 381 2787 i3.
423 2760 443 2775 "
460 2759 510 2787 lsa.
526 2767 577 2789 nx,
599 2759 620 2789 Ι,
634 2759 660 2785 ἓ.

196 2837 408 2872 (ῖΞ)ρυοιιεᾳιιιτ.
430 2838 512 2866 Εμιίιί.
537 2846 661 2892 quosque.

196 2873 249 2892 nm
268 2873 333 2892 ηιλῖι
386 2883 433 2892 ιη...
464 2874 620 2892 “mult-pm
648 2872 660 2892 r

196 2873 250 2907 (ΕΒ)
268 2873 368 2905 Quin...
385 2883 433 2900 non
464 2872 629 2899 fJ'ﬂ':/.]i7llfll‘.
648 2872 745 2905 ρηίιῖικ
764 2891 769 2897 .
788 2880 838 2898 nou
860 2878 944 2897 ('Tvﬂll-

998 2267 1149 2295 securitate
1169 2266 1242 2301 apud
1256 2273 1332 2292 eunt.
1353 2265 1452 2292 Munda
1472 2264 1590 2298 teipsum
1609 2269 1701 2289 coram
1721 2262 1785 2293 Deo,

998 2320 1109 2347 semper
1129 2311 1235 2339 habens
1259 2310 1422 2337 memoriam
1440 2309 1502 2344 ejus
1528 2309 1555 2335 in
1578 2308 1660 2335 corde
1677 2312 1733 2338 tuo,
1750 2314 1785 2334 ne

998 2366 1102 2386 moram
1127 2357 1388 2393 protrahens-extra
1412 2355 1572 2383 memoriam
1589 2355 1651 2389 ejus
1664 2354 1723 2380 sine
1748 2361 1787 2380 se-

999 2403 1117 2430 curitate
1138 2402 1188 2429 [ias
1209 2410 1273 2429 cum
1296 2401 1446 2429 accesseris
1462 2401 1496 2427 ad
1521 2408 1603 2432 cum;
1632 2400 1695 2434 quia
1709 2406 1789 2425 seco—

1000 2453 1067 2477 rilas
1090 2449 1162 2484 apud
1187 2449 1274 2476 Deum
1295 2456 1329 2474 ex
1353 2448 1441 2482 ipsius
1468 2446 1498 2473 fit
1515 2445 1631 2473 ferventi
1648 2444 1788 2478 colloquio

999 2495 1141 2530 multaque
1164 2493 1304 2520 oratione.
1322 2492 1446 2519 Affectus
1462 2491 1508 2526 qui
1532 2492 1561 2518 lit
1579 2498 1643 2526 erga
1664 2489 1790 2516 homines

1000 2546 1028 2568 ct
1057 2540 1262 2575 frequentatio,
1291 2539 1320 2565 fit
1350 2546 1399 2572 per
1425 2545 1542 2572 corpus;
1565 2541 1592 2563 el.
1617 2536 1732 2562 affectus
1754 2533 1789 2562 ad

1000 2587 1086 2614 Deum
1103 2586 1170 2621 (Η),
1193 2586 1222 2612 lit
1238 2592 1286 2619 per
1311 2583 1471 2610 memoriam
1488 2583 1586 2609 anima:
1603 2589 1634 2609 ac
1653 2581 1790 2616 supplica-

1001 2631 1118 2661 tionem.
1140 2633 1169 2658 et
1189 2630 1356 2659 orationem.
1372 2633 1400 2656 et
1415 2629 1620 2656 holocaustum.
1647 2627 1685 2654 Ex
1703 2626 1789 2652 multa

1000 2679 1074 2705 enim
1093 2677 1295 2705 recordationis
1315 2677 1402 2712 ipsius
1422 2677 1597 2708 assiduitate,
1615 2675 1725 2710 quando
1753 2673 1788 2700 ad

1002 2835 1088 2859 rlimm'
1098 2836 1110 2859 ἐ)
1124 2834 1168 2858 sic
1181 2835 1248 2860 forte
1263 2833 1405 2864 legendum
1418 2834 1732 2868 interpunguntmnqua.

1038 2870 1088 2904 (lit:
1113 2870 1150 2895 At!
1173 2869 1261 2894 Ih'ulu.
1285 2869 1354 2894 inviti.
1376 2869 1410 2894 [δά
1432 2878 1500 2895 cum.
