1967 3091
223 121 275 154 827

906 124 936 153 ὃ.
961 122 1084 153 lSAACI
1104 122 1192 153 SYRI

1799 119 1853 151 823

224 181 365 212 stuporem
376 181 404 204 et
421 176 631 205 admirationem
648 177 825 209 transfertur,
840 177 949 204 laetatur
963 183 1012 204 cor
1028 181 1048 207 Α
1063 176 1117 204 Cor
1136 176 1241 204 bonum
1258 174 1377 203 ett‘undit
1399 175 1536 211 lacrymas
1551 181 1614 201 cum
1633 172 1734 209 gaudio
1746 174 1774 201 in
1790 182 1854 201 ora-

223 223 406 258 quarentium
421 223 581 250 Dominum.
597 223 619 251 Ο
636 223 863 251 condcnmabiles
875 222 1013 250 conforta-

223 269 292 296 mini
311 277 370 304 spe,
385 270 501 309 quaerite
524 270 622 298 faciem
645 271 706 304 ejus
731 279 780 305 per
803 270 1012 305 ptrnitentiam;

221 318 252 341 et
267 313 511 342 sanetilicabimini
529 314 748 342 sanctiﬁcatione
766 315 859 342 vultus
875 315 944 349 ejus,
960 318 1013 342 eta

222 359 347 394 peccatis
374 360 475 387 vestris-
498 359 712 387 mundabimini.
739 359 851 387 Currite
862 360 895 386 ad
914 360 1012 390 Deum,

220 411 241 431 ιο
259 412 318 436 vos.
334 405 381 439 qui
402 405 468 432 estis
491 406 530 432 rei
555 405 686 440 peccatis,
705 405 769 440 quia
793 410 892 440 potens
907 409 950 432 est
969 404 1014 431 di-

225 450 337 479 mittere
357 456 480 485 peccata,
495 457 523 479 et
543 455 634 486 potest
651 451 745 478 delere
762 451 872 478 delicta.
890 450 957 478 Cum
971 451 1015 484 ju-

204 508 210 511 -
225 495 376 530 rcjurandd
390 497 429 523 ait
443 505 491 531 per
507 497 668 531 prophetam
681 496 793 523 dicens:
807 496 867 523 Vivo
880 505 936 531 ego.
952 496 1014 523 dicit

226 539 366 573 Dominus,
387 541 454 569 Nola
471 548 581 569 mortem
603 543 758 577 peccatoris.
776 543 821 569 sed
832 547 859 569 ut
875 547 1014 570 converta~

229 590 272 612 tur
285 592 309 613 et
324 588 392 614 vivat
410 588 438 615 ἰ.
454 589 489 615 Ει
505 588 604 615 iterum
625 597 630 614 :
650 588 714 615 Tota
731 589 773 615 die
788 589 904 623 expandi
920 597 1014 615 manus

226 641 298 660 meas
313 634 347 660 ad
364 634 490 668 populum
512 634 736 661 contradicentem
756 642 779 661 et
796 634 918 661 rebellem
933 635 964 661 ¹¹¹.
982 635 1015 662 Et

227 687 296 706 nunc
306 687 388 712 quare
398 681 555 713 moriemini,
570 681 662 707 domus
674 681 758 708 Israel
771 681 812 707 u‘2
826 680 1015 708 Convertimini

227 724 262 751 ad
275 733 326 756 me,
355 730 379 752 et
398 734 444 761 ego
458 732 596 754 convertar
610 727 645 753 ad
665 735 708 754 vos
726 728 758 754 ¹⁷.
781 727 812 754 Et
832 727 932 754 iterum
946 728 1014 754 Eze-

227 770 299 798 chiel
317 780 323 797 :
341 771 373 798 In
386 780 543 807 quacunque
561 773 603 799 die
618 777 739 807 peccator
753 781 890 799 conversus
905 773 983 807 fuerit
999 782 1015 800 a

226 817 269 843 via
291 825 340 844 sua
355 826 439 852 prava
460 819 495 844 (ut
517 814 670 849 Dominum.
691 823 716 846 et
735 819 824 853 fecerit
842 819 975 853 judicium
990 823 1015 845 et

224 862 372 896 justitiam;
382 865 552 899 iniquitatum
563 865 617 899 ejus
629 874 681 891 twn
693 865 865 897 recordabar;
876 866 929 892 vita
937 866 1012 898 vivet,

225 907 288 934 dicit
314 908 442 935 Dominus
459 910 558 944 justus.
581 909 616 936 Et
640 910 662 936 si
688 909 858 944 dereliquerit
879 910 1015 945 justitiam

223 961 311 985 suam,
328 958 352 980 et
368 956 467 989 peccati
477 955 636 989 injustitiam
651 954 750 989 fecerit,
761 956 872 990 justitiaz
889 956 946 991 ejus
962 964 1014 982 non

225 998 392 1030 recordabar,
413 1001 458 1026 sed
474 1008 572 1034 ponam
599 1000 727 1027 lubricam
755 1009 845 1026 coram
867 1008 906 1032 eo,
935 1004 959 1026 et
986 1001 1014 1026 in

220 1042 382 1070 obscuritate
394 1053 502 1079 operum
517 1053 627 1071 suorum
644 1045 781 1075 morietur,
799 1053 969 1079 perseverans
987 1046 1014 1072 in

223 1089 260 1116 eis
275 1089 308 1116 ".
322 1089 379 1122 Qua
394 1089 428 1116 de
443 1098 526 1117 causa
548 1096 677 1125 peccator
692 1098 745 1117 non
761 1091 929 1126 obligabitur
949 1099 1014 1126 pec-

223 1138 285 1161 cato
296 1142 356 1165 suo.
369 1135 590 1170 quandocumque
603 1140 782 1163 convertetur
797 1137 830 1163 ad
848 1137 1011 1169 Dominum;

221 1183 250 1207 et
264 1180 372 1214 justitia
396 1181 462 1215 justi
478 1189 531 1207 non
550 1181 679 1208 liberabit
699 1189 774 1212 etnn,
788 1190 954 1217 quacunque
969 1182 1014 1209 die

221 1227 389 1260 peccaverit,
408 1227 558 1254 dummodo
578 1227 762 1262 permanserit
786 1227 813 1254 in
839 1233 962 1262 peccato.
981 1228 1015 1255 Et

220 1271 348 1299 Ieremia:
375 1280 486 1308 quoque
509 1273 550 1301 sic
574 1274 612 1300 ait
637 1273 709 1300 Deus
732 1282 738 1308 ς
760 1274 853 1308 Accipe
879 1282 1015 1310 pergame-

221 1325 286 1343 mtm
303 1317 369 1352 (l5),
396 1322 420 1343 et
435 1325 596 1352 quwcunque
616 1317 708 1344 dixero
737 1318 792 1348 tibi.
816 1318 940 1344 inducam
954 1319 1015 1345 Imic

221 1361 336 1397 populo;
350 1366 378 1388 ut
392 1363 500 1389 audiens
514 1368 537 1389 et
550 1363 644 1389 timens
655 1364 743 1392 homo.
757 1362 927 1398 derelinquat
943 1363 1014 1390 viam

221 1416 299 1434 suam
319 1408 423 1435 malam
440 1408 508 1436 :sed
532 1409 650 1435 conversi
668 1409 812 1443 pamiteant
837 1413 860 1435 et
883 1409 1015 1437 tollantur

221 1458 329 1489 peccata
347 1462 436 1481 eorum
450 1454 480 1480 ³³.
497 1454 530 1480 Et
546 1454 689 1488 Sapientia
704 1454 774 1481 dixit
793 1463 799 1480 :
814 1453 865 1487 Qui
879 1455 1014 1482 abscondit

219 1503 357 1535 peccatum
379 1508 467 1529 suum,
488 1499 590 1526 inutilis
616 1500 683 1532 erit;
716 1500 761 1535 qui
791 1509 851 1528 vero
874 1500 1013 1534 conﬁtetur

220 1550 330 1581 peccata
353 1554 402 1572 sua
427 1551 450 1572 et
471 1546 634 1573 transcendit
655 1554 697 1578 ea,
718 1547 926 1573 misericordiam
947 1547 1013 1574 obti-

221 1592 294 1618 nebit
311 1601 325 1618 a
346 1592 398 1618 Deo
423 1592 455 1618 ¹⁰.
481 1592 514 1619 Et
537 1593 620 1620 Isaias
643 1593 682 1620 ait
697 1602 703 1619 :
718 1592 834 1625 Qua'rite
854 1592 1014 1621 Dominum:

219 1638 382 1665 invenientes
404 1639 522 1665 invocato
549 1647 618 1670 eum,
638 1643 662 1666 et
684 1640 927 1674 appropinquantes
941 1648 950 1666 :
970 1640 1014 1666 de-

221 1683 356 1719 relinquat
380 1685 515 1719 propriam
543 1686 611 1712 viam
637 1690 769 1720 peccator,
794 1690 817 1712 et
842 1686 946 1720 iniquus
975 1687 1015 1713 uir

218 1729 392 1763 cogitationes
405 1738 483 1762 suas;
500 1734 524 1756 et
539 1731 728 1758 convertimini
742 1731 776 1757 ad
795 1740 846 1763 me,
860 1735 885 1757 et
901 1740 947 1767 ego
965 1733 1014 1759 mi<

218 1774 327 1801 serebor
345 1776 423 1802 vestri
441 1776 474 1802 ".
499 1775 568 1803 Cum
591 1776 762 1804 custodieris
777 1777 836 1803 vias
851 1777 970 1809 Domini,
987 1782 1015 1806 et

223 1819 322 1846 feceris
345 1820 515 1847 voluntatem
542 1821 614 1854 eius,
633 1825 701 1848 tunc
719 1829 799 1856 spera
816 1821 844 1848 in
861 1830 935 1853 eum,
961 1827 986 1849 et
1005 1831 1012 1849 :

220 1864 314 1891 Adhuc
330 1864 464 1892 clamante
478 1871 512 1897 te,
531 1867 597 1893 (licet
623 1867 668 1894 tibi
680 1876 688 1894 :
702 1867 768 1895 Ecce
793 1869 886 1896 adsum
910 1870 943 1896 ’⁸.
960 1869 1014 1897 Sed

220 1911 435 1944 superveniente
451 1913 603 1939 tentatione
623 1913 736 1948 iniquus
767 1922 822 1941 non
847 1915 932 1942 habet
948 1923 1014 1942 con-

220 1955 364 1983 fidentiam
389 1957 534 1985 invocandi
552 1959 648 1992 Deum,
667 1968 718 1988 nec
738 1960 771 1987 de
797 1962 910 1997 propria
925 1964 1015 1990 salute

220 2002 364 2036 sperandi,
390 2003 455 2038 quia
484 2004 511 2030 in
535 2004 637 2032 diebus
663 2006 765 2040 quietis
787 2014 846 2034 sure
871 2007 1015 2043 elongatus

220 2051 264 2073 est
288 2054 303 2073 ιι
320 2047 460 2076 voluntate
481 2049 576 2084 ipsius.
600 2050 765 2086 Priusquam
791 2059 918 2086 pugnare
947 2052 1015 2079 inci-

220 2090 293 2127 pias,
319 2094 432 2128 exquire
456 2095 683 2130 impugnatores;
708 2102 735 2124 et
752 2103 901 2132 antequam
935 2098 1014 2125 intir-

221 2138 319 2169 tueris,
332 2139 443 2173 require
458 2141 615 2173 medicum;
640 2146 668 2168 et
677 2142 839 2177 priusquam
853 2143 1013 2179 contingant

1065 223 1139 250 tione
1155 231 1161 249 :
1178 229 1241 249 nam
1254 222 1355 256 quibus
1377 221 1498 248 mundus
1515 225 1643 247 mortuus
1663 225 1717 252 est,
1731 219 1758 246 hi
1772 221 1856 247 susti-

1065 268 1322 296 nentadversitatcs
1335 267 1499 302 gaudentes.
1516 265 1708 300 Magistrorum
1723 269 1766 292 est
1778 265 1853 292 enim

1064 319 1092 342 et
1113 318 1255 349 potentum
1271 313 1409 340 sustinere
1431 312 1542 339 labores
1565 310 1661 338 mundi
1682 311 1755 338 inter
1775 319 1853 343 suos,

1064 365 1092 386 et
1104 359 1211 385 illorum
1226 358 1328 393 quibus
1343 357 1464 384 mnmlus
1480 356 1531 383 iste
1547 361 1675 383 mortuus
1688 360 1740 389 est,
1756 360 1784 383 et
1796 363 1856 382 om-

1065 405 1108 432 nis
1125 405 1280 432 consolatio
1292 404 1465 438 desperatur.
1484 402 1518 429 Et
1535 402 1637 436 quibus
1652 409 1707 429 non
1723 406 1767 428 est
1782 409 1856 428 mor-

1065 455 1139 481 tuus,
1149 455 1290 484 nequeunt
1301 449 1418 484 iujttrias
1433 447 1585 485 sustinere,
1598 448 1645 475 sed
1660 455 1674 474 a
1687 455 1754 475 vana
1767 446 1855 483 gloria

1066 497 1131 523 moti
1155 497 1194 522 ira
1218 496 1377 527 turbantur,
1401 503 1449 522 seu
1482 495 1565 522 etiam
1594 502 1609 521 a
1632 494 1745 521 tristitia
1772 501 1855 521 occu-

1065 547 1176 577 pantur.
1197 542 1219 569 0
1245 549 1327 576 quam
1350 541 1462 568 diﬂicile
1487 546 1540 573 est,
1567 545 1596 568 ut
1620 543 1677 568 inec
1692 541 1856 574 acqniratur

1065 589 1174 615 virtus'.
1199 593 1227 615 et
1241 592 1372 623 quantam
1392 588 1508 622 gloriam
1533 587 1642 614 obtinet
1668 587 1740 621 apud
1757 587 1854 617 Deum.

1065 635 1112 669 qui
1129 635 1187 661 vult
1206 634 1276 661 hanc
1294 633 1426 660 virtutem
1441 633 1598 668 acquirere,
1617 633 1722 660 scilicet
1741 632 1856 667 injurias

1065 679 1223 706 sustinere!
1248 686 1360 705 necesse
1378 678 1460 705 habet
1485 686 1513 704 se
1527 678 1658 712 clongare
1674 684 1688 703 a
1705 677 1763 703 suis
1773 682 1855 711 atque

1066 724 1249 759 peregrinari,
1273 724 1338 758 quia
1360 731 1414 750 non
1432 728 1523 758 potest
1542 731 1602 750 eam
1629 723 1775 756 acquirere
1799 723 1854 757 (l6)

1067 770 1094 797 in
1113 778 1163 798 sua
1183 769 1272 805 patria
1291 769 1489 797 commorando
1509 777 1516 795 :
1535 769 1608 796 sicut
1631 763 1855 804 appropinquant

1067 818 1160 852 gratiae
1185 817 1344 848 humiliati,
1373 816 1413 843 sic
1441 821 1469 844 et
1495 816 1631 851 superbia:
1659 815 1857 842 contristantes

1065 867 1190 890 eventus.
1214 862 1292 889 Oculi
1317 862 1424 889 Domini
1449 870 1533 896 super
1558 861 1676 888 humiles
1703 861 1736 888 ad
1765 861 1855 889 lietiﬂ~

1065 907 1181 936 candnm
1196 915 1262 938 eos;
1275 907 1369 934 vultus
1382 912 1473 934 autem
1487 907 1596 934 Domini
1609 912 1706 934 eontra
1720 906 1859 941 superbos

1065 954 1098 981 ad
1121 953 1323 980 humiliandutn
1351 953 1413 980 illos
1436 953 1471 980 ".

1101 999 1248 1027 llumilitas
1265 1007 1375 1034 semper
1391 998 1496 1034 recepit
1520 1006 1534 1026 a
1549 999 1607 1026 Deo
1623 999 1856 1028 misericordiam.

1065 1045 1171 1072 Duritie
1186 1052 1252 1072 vero
1271 1045 1373 1076 cordis,
1398 1049 1425 1071 et
1442 1043 1622 1072 tnordacitate
1639 1044 1701 1072 fidei
1719 1045 1858 1072 terribiles

1064 1090 1236 1117 obviationes
1247 1095 1405 1117 occurrunt.
1418 1090 1587 1125 Parvipendc
1601 1095 1626 1117 te
1636 1090 1726 1125 ipsum
1735 1091 1760 1117 in
1770 1090 1859 1117 omni-

1065 1134 1117 1161 bus
1125 1134 1196 1168 apud
1206 1142 1302 1161 omnes
1312 1134 1446 1164 homines,
1457 1139 1483 1162 et
1502 1134 1668 1162 exaltaberis
1683 1143 1765 1170 super
1779 1135 1857 1170 prin-

1065 1181 1141 1215 cipes
1164 1181 1246 1215 hujus
1267 1179 1362 1206 mundi
1382 1189 1388 1206 :
1413 1181 1532 1214 prteveni
1556 1189 1652 1208 omnes
1678 1181 1858 1209 inclinatione

1065 1226 1098 1253 ad
1119 1226 1313 1254 salutationem
1332 1230 1417 1257 tuam,
1442 1230 1470 1253 et
1491 1226 1676 1254 honoraberis
1691 1235 1776 1262 super
1794 1227 1858 1254 illos

1065 1272 1112 1307 qni
1136 1272 1258 1299 oli‘ernnt
1282 1279 1397 1299 munera
1420 1272 1479 1299 auri
1508 1280 1542 1299 ex
1567 1272 1655 1308 Ophir
1681 1272 1738 1307 (l7)
1763 1281 1770 1299 :
1791 1273 1857 1300 vili.

1065 1320 1154 1355 pende
1171 1320 1223 1354 ιο
1235 1320 1362 1354 teipsum,
1374 1324 1402 1346 et
1413 1319 1520 1346 videbis
1531 1320 1644 1354 gloriam
1658 1320 1704 1347 Dei
1717 1320 1745 1346 in
1760 1324 1857 1346 tentet-

1065 1366 1134 1401 ipso.
1164 1365 1231 1393 Nam
1259 1365 1419 1400 ubicunque
1434 1365 1578 1392 humilitas
1597 1366 1730 1398 nascitur,
1745 1365 1781 1393 ibi
1798 1366 1858 1401 glo-

1066 1412 1106 1438 ria
1121 1412 1211 1440 oritur
1233 1412 1291 1439 Dei.
1316 1411 1343 1438 Si
1362 1411 1534 1438 laboraveris
1550 1411 1697 1438 manifeste
1714 1412 1857 1438 contemni

1065 1457 1099 1485 ab
1121 1458 1262 1490 omnibus,
1279 1457 1360 1485 faciet
1377 1462 1402 1484 te
1418 1458 1490 1484 Dens
1501 1457 1624 1492 gloriari.
1640 1457 1723 1490 Quod,
1737 1456 1760 1484 si
1771 1456 1858 1484 habes

1067 1503 1248 1530 humilitatem
1283 1503 1309 1530 in
1331 1502 1415 1530 corde
1451 1508 1509 1534 tuo,
1538 1502 1664 1530 ostendet
1694 1503 1743 1530 tibi
1783 1502 1858 1529 Deus

1064 1548 1177 1584 gloriam
1207 1548 1234 1574 in
1264 1547 1347 1575 corde
1375 1552 1432 1574 tuo.
1462 1548 1527 1574 Esto
1549 1551 1696 1574 contentus
1733 1546 1762 1574 in
1799 1555 1855 1574 ma-

1064 1593 1210 1630 gnitudine
1237 1599 1293 1626 tua,
1317 1598 1344 1621 et
1366 1602 1420 1620 non
1448 1587 1564 1628 magnus
1584 1594 1612 1620 in
1631 1593 1765 1628 parvitate
1791 1597 1855 1619 tua:

1063 1641 1175 1668 studeas
1191 1640 1306 1673 despici,
1322 1645 1350 1668 ct
1367 1640 1522 1675 replebcris
1536 1640 1641 1667 honore
1668 1639 1773 1666 divino.
1792 1639 1852 1666 Non

1062 1694 1170 1721 qtneras
1193 1686 1334 1719 honorari,
1360 1694 1422 1714 cum
1449 1686 1566 1713 interius
1587 1686 1624 1713 sis
1646 1686 1770 1720 repletus
1791 1685 1856 1712 illc-

1064 1732 1156 1760 cebris
1179 1741 1185 1759 :
1207 1737 1354 1760 contemne
1379 1726 1534 1764 honorem,
1554 1736 1584 1759 ut
1614 1731 1763 1759 honoreris
1783 1740 1790 1757 :
1819 1739 1856 1759 ne

1064 1778 1162 1814 diligas
1175 1779 1263 1810 illum,
1281 1786 1308 1806 ut
1326 1778 1447 1806 dedecus
1465 1786 1519 1805 non
1539 1778 1678 1806 incurras.
1695 1778 1746 1811 Qui
1764 1778 1855 1805 currit

1065 1830 1129 1860 post
1145 1825 1291 1855 honorent.
1319 1823 1405 1859 fugiet
1432 1824 1466 1851 ab
1489 1832 1540 1856 eo;
1558 1828 1586 1851 et
1604 1823 1652 1858 qui
1674 1823 1744 1858 fugit
1765 1823 1855 1854 illum.

1064 1874 1196 1905 sequetur
1212 1870 1247 1896 ab
1261 1869 1330 1904 ipso,
1349 1874 1376 1896 et
1392 1869 1425 1896 de
1442 1869 1518 1896 illius
1535 1870 1690 1896 humilitate
1703 1869 1748 1896 ﬁet
1764 1870 1857 1896 omni--

1064 1917 1117 1944 bus
1135 1916 1295 1943 hominibus
1326 1915 1502 1950 praedicator.
1532 1915 1559 1942 Si
1580 1915 1700 1950 despicis
1723 1915 1855 1950 teipsum,
1871 1950 1878 1954 η

1067 1962 1139 1989 Deus
1166 1966 1191 1988 te
1215 1961 1368 1996 divulgabit
1393 1971 1399 1987 :
1422 1961 1445 1988 si
1468 1969 1534 1988 vero
1561 1965 1676 1995 propter
1706 1961 1857 1988 veritatem

1065 2007 1266 2043 contempseris
1278 2008 1408 2042 teipsum,
1419 2007 1560 2042 praecipiet
1569 2007 1641 2034 Dens
1651 2007 1788 2033 creaturis
1797 2015 1858 2034 om-

1065 2053 1148 2080 nibus
1161 2057 1190 2079 ιιι
1200 2057 1225 2080 te
1240 2053 1363 2079 laudent.
1374 2052 1485 2086 Aperiet
1496 2056 1559 2079 ante
1569 2056 1748 2086 conspectum
1766 2057 1856 2084 tuum,

1065 2099 1164 2127 ostium
1180 2099 1273 2134 glorim
1287 2098 1437 2125 creationis
1461 2103 1523 2128 tute,
1542 2103 1570 2124 et
1584 2097 1791 2124 commendabit
1805 2101 1831 2124 te
1847 2106 1854 2124 :

1065 2145 1130 2180 quia
1157 2144 1308 2172 secundum
1332 2143 1478 2179 imaginem
1506 2147 1533 2169 et
1556 2142 1768 2169 similitudinem
1794 2142 1858 2177 ejus

219 2183 273 2210 tibi
287 2183 490 2216 tribulationes,
505 2193 570 2218 ora;
584 2190 612 2213 et
622 2191 746 2222 tempore
758 2188 879 2216 tristitiae
889 2189 1012 2217 invenies
1029 2191 1050 2220 ο
1064 2189 1242 2217 cxsistcntcm
1252 2189 1562 2221 hominem,virtntibus
1572 2188 1683 2223 quidem
1693 2188 1855 2223 fulgentem,

218 2237 296 2261 eum,
312 2233 340 2257 et
357 2231 484 2258 exaudiet
497 2236 522 2258 te
533 2231 565 2258 ’³.
583 2232 749 2268 Priusquam
776 2234 896 2267 labores,
913 2235 1011 2263 invoca

220 2278 249 2300 ct
264 2275 407 2310 suppliea;
426 2280 455 2303 et
475 2281 624 2311 antequam
638 2282 732 2304 votum
747 2278 868 2312 emittas,
886 2287 1011 2315 prtepara

221 2321 357 2354 promissa
385 2321 496 2354 viatica,
522 2323 631 2349 scilicet
649 2323 683 2350 ab
709 2323 762 2351 hoc
779 2325 895 2351 mundo.

254 2367 324 2393 Area
342 2367 399 2394 Noe
413 2372 535 2402 tempore
554 2368 629 2402 pacis
645 2369 756 2396 condita
773 2369 824 2396 fuit.
839 2370 861 2385 "
876 2379 882 2396 :
899 2375 1010 2398 centum

221 2411 301 2439 annis
325 2417 388 2440 ante
415 2413 487 2448 ligna
502 2414 561 2448 ejus
579 2420 673 2448 parata
688 2420 786 2448 erant;
804 2421 927 2451 tempore
943 2425 1008 2444 vero

222 2458 268 2484 ira:
283 2459 427 2492 perierunt
443 2459 548 2495 injusti,
565 2465 594 2488 et
609 2456 684 2496 justo
701 2462 838 2496 protectio
854 2462 907 2490 fuit
923 2463 1006 2491 facta.

218 2504 257 2531 Os
271 2502 398 2538 iniquum
414 2513 463 2540 per
478 2506 632 2533 orationem
646 2504 801 2534 obstruitur
815 2517 821 2534 :
837 2516 900 2535 nam
915 2509 1009 2536 redar-

222 2548 297 2583 gutio
321 2550 499 2578 conscientia:
521 2551 661 2578 hominem
689 2552 755 2579 facit
784 2553 1007 2581 formidolosum.

258 2628 280 2644 “
306 2629 407 2656 Ezech.
418 2637 513 2662 xxxm,
526 2632 570 2658 11.

221 2671 293 2695 xun,
319 2664 414 2692 21-21.
456 2667 475 2680 ”
500 2667 601 2694 Jerem.
626 2676 714 2698 xxxvi.
731 2670 757 2698 ‘2.
774 2669 800 2695 5.

184 2732 186 2736 ν
211 2700 240 2738 .³³
260 2699 347 2727 Eccli.
366 2707 440 2733 xvnt,
467 2701 511 2728 ΞΟ.
550 2703 573 2717 ’⁵
597 2702 664 2730 Gen.
684 2704 767 2735 vn“.

853 2670 875 2685 ¹⁰
890 2670 971 2696 Prov.

331 2767 424 2809 decipe
444 2777 563 2809 pergam".
586 2770 633 2809 _Al.
652 2770 745 2809 decipe
761 2771 787 2796 in
812 2779 931 2806 pergam.

256 2804 311 2841 (16)
324 2803 401 2841 -ῌιιιιι
422 2803 524 2839 ιιι-(ιιιὶν.
546 2804 668 2841 Sulmudi
697 2803 829 2839 virtutem,
860 2803 920 2840 qua:
939 2815 1009 2841 pra:-

219 2840 303 2868 ccdit.
324 2839 408 2871 l‘I‘liti,
432 2848 461 2865 ea
481 2840 584 2869 uer/air.
627 2848 633 2851 '

609 2633 630 2647 ”
661 2632 712 2660 lsa.
732 2642 792 2663 μιν,
820 2633 849 2666 2;
868 2633 948 2661 Rom.
974 2643 991 2661 Χ
1021 2634 1065 2661 21⁴
1117 2635 1167 2661 ¹⁶1

626 2676 714 2696 xxxvn.
731 2670 757 2696 ἲ.
774 2669 800 2695 5.
853 2670 875 2685 ¹⁰
890 2670 971 2696 Prov.
1017 2677 1108 2696 xxviii.
1139 2670 1167 2696 15

1017 2677 1108 2696 XXVIII.
1139 2677 1179 2696 lv).

815 2707 836 2724 ι·
846 2691 919 2732 ρεεῖιξ
929 2691 1048 2737 "siuti,"
1058 2691 1075 2731 ἰ
1083 2691 1108 2731 if

1066 2234 1227 2262 hominibus
1256 2242 1322 2261 vero
1347 2234 1587 2268 contemptibilem
1613 2239 1804 2268 apparentem,
1827 2238 1857 2261 et

1064 2280 1119 2307 vita
1147 2280 1351 2315 splendentem,
1384 2280 1500 2307 scicntia
1533 2287 1645 2314 quoque
1678 2279 1854 2314 praclarum,

1065 2326 1199 2354 humilem
1220 2334 1288 2353 vero
1306 2327 1416 2361 spiritu,
1433 2327 1496 2361 quis
1516 2325 1607 2353 vidit?
1621 2325 1721 2352 Beatus
1736 2325 1783 2359 qui
1802 2325 1855 2352 hu-

1064 2373 1152 2400 milia!
1179 2381 1208 2400 se
1228 2374 1255 2400 in
1276 2373 1415 2404 omnibus,
1443 2371 1572 2407 quoniam
1591 2371 1768 2398 cxaltahilnr.
1786 2368 1854 2398 Nam

1062 2420 1109 2454 qui
1123 2423 1236 2454 propter
1245 2420 1329 2446 Deum
1341 2419 1470 2446 humiliat
1482 2424 1508 2446 et
1523 2417 1705 2453 parvipendet
1719 2417 1854 2452 seipsum,

1061 2464 1233 2499 glorificatur
1246 2473 1261 2491 a
1278 2465 1335 2491 Deo
1353 2474 1360 2491 :
1381 2469 1408 2492 el
1421 2465 1468 2499 qui
1487 2469 1604 2499 propter
1619 2463 1705 2490 Deum
1721 2463 1810 2490 esurit
1826 2468 1856 2490 et

1061 2509 1130 2542 sitit,
1147 2510 1219 2537 Deus
1234 2509 1310 2536 illuxit
1327 2510 1408 2537 bonis
1423 2510 1482 2538 suis
1493 2509 1642 2536 inebriabit
1658 2518 1664 2535 :
1678 2514 1706 2536 et
1723 2509 1770 2543 qui
1787 2516 1855 2544 pro-

1061 2560 1122 2590 pter
1131 2563 1194 2582 cum
1211 2555 1240 2582 flt
1252 2556 1354 2588 nudus,
1372 2556 1470 2583 stolam
1485 2555 1705 2590 incorruptionis
1722 2559 1749 2582 et
1760 2554 1855 2589 gloria:

1117 2635 1138 2650 “
1158 2635 1258 2662 Ezech.
1275 2643 1349 2666 xvnt,
1368 2635 1413 2661 3|.
1452 2635 1475 2650 "’
1500 2634 1584 2661 Zach.
1601 2642 1620 2666 ι,
1640 2634 1666 2661 5.
1706 2630 1737 2649 ¹⁸’
1750 2632 1853 2661 Ezech.

1237 2671 1259 2686 τι
1286 2670 1338 2698 lsa.
1359 2679 1399 2705 ω’,
1414 2671 1440 2706 6,
1456 2671 1484 2699 7.
1623 2669 1645 2685 ”
1664 2669 1716 2696 Isa.
1733 2676 1808 2700 Lvnt,
1824 2667 1853 2695 9.

1100 2772 1155 2803 (17)
1175 2771 1241 2798 Auri
1256 2779 1287 2798 ex
1306 2770 1397 2805 Ophir.
1419 2771 1503 2802 Editi,
1523 2771 1584 2798 auri
1602 2776 1626 2797 et
1642 2770 1734 2805 ophyr.

1102 2806 1156 2842 (18)
1180 2806 1288 2834 Ostend.
1313 2807 1369 2833 tibi.
1387 2807 1471 2838 Editi,
1489 2806 1581 2834 attend
1606 2806 1664 2832 sibi.
