1967 3091
138 142 191 174 8‘29

658 148 771 180 LIBER
791 151 838 180 DE
858 151 1083 183 CONTEMPTU
1105 154 1242 186 MUNDI.

1705 164 1758 196 830

132 202 265 253 inductur
281 201 316 254 ab
328 202 389 254 'iilo
404 212 410 229 :
428 206 654 255 et-qu'i-pauper-
668 205 786 234 emeitur
808 212 919 242 propter
934 211 954 237 Α
971 210 1078 238 custodi
1094 211 1224 247 teipsum,
1238 221 1289 240 nec
1301 205 1421 249 aliquem
1438 215 1466 242 in
1479 216 1570 255 aliquo
1587 226 1696 254 arguas,
1714 227 1763 250 aut

127 256 204 279 eum,
228 248 306 275 miris
328 249 416 283 ipsius
438 249 546 277 divitiis
561 251 761 279 consolabitur.
789 253 919 287 Teipsum

125 294 241 329 despice
254 298 366 330 propter
375 295 471 326 Deum,
485 300 513 322 et
523 296 809 331 multiplicahiturtibi
821 299 918 334 gloria,

126 345 155 368 te
175 341 286 375 penitus
306 341 460 375 ignorante.
478 341 506 368 In
525 346 571 369 tua
587 343 643 369 vita
671 347 696 370 te
714 343 804 377 ipsum
823 348 919 379 reputa

127 390 314 420 peccatorem.
335 390 363 412 ut
379 393 490 420 semper
509 386 682 421 justificcris.
702 388 763 415 Fias
784 389 868 416 idiota
893 389 920 416 in

126 433 264 466 sapientia
284 437 349 465 tua;
377 440 428 459 nec
444 441 577 467 apparere
598 439 623 461 Ic
646 434 730 461 facias
753 435 919 473 sapientem,

127 479 215 505 idiota
236 479 392 510 exsistcns;
409 485 437 507 et
456 481 552 507 timeto
576 481 733 515 superbiam
753 482 920 516 ctmagnifi-

130 525 248 552 caberis.
273 525 346 559 Fuge
368 534 465 553 vanam
480 526 606 561 gloriam,
622 531 650 553 et
667 527 842 561 gloriaberis.
861 527 920 555 Non

130 576 172 598 est
193 572 266 598 enim
292 571 441 599 distributa
469 572 533 599 ﬁliis
559 572 702 599 hominum
732 580 802 600 vana
823 573 918 608 gloria,

132 626 220 652 neque
244 618 347 645 nationi
375 619 522 645 mulierum
539 619 633 646 elatio.

165 665 193 692 Si
211 669 306 698 sponte
323 665 486 692 renuntiasti
501 665 632 692 omnibus
649 666 746 693 mundi
763 667 855 698 rebus,
885 674 920 694 ne

131 711 198 738 velis
215 711 390 746 aliquatenus
416 719 478 738 cum
507 712 601 746 aliquo
632 712 752 747 litigare.
780 712 807 739 Si
822 720 919 739 vanam

128 758 245 793 gloriam
262 758 440 791 abominaris,
459 758 522 793 fuge
535 762 666 785 venantes
690 766 760 785 eam.
780 757 853 793 Fuge
866 763 920 785 tam

131 810 270 831 amatores
303 812 420 837 rerum,
452 812 535 839 quam
563 804 774 838 acquisitioncm
812 811 918 830 earum.

129 852 233 886 Elonga
248 856 275 878 te
296 851 385 885 ipsum
402 859 416 878 a
440 850 570 886 prodigis,
587 850 658 877 sicut
673 858 687 876 a
707 849 917 885 prodigalitate:

129 897 192 931 fuge
221 897 387 928 luxuriosos,
409 897 480 923 sicut
509 904 523 923 a
542 897 661 923 luxuria.
686 896 755 929 Quia
775 897 822 923 ubi
848 896 915 923 sim-

130 943 239 978 pliciter
256 944 418 970 memoratio
436 948 610 977 peccatorum
627 943 915 975 conturbatmcntem,

129 993 234 1022 quanto
252 989 336 1022 magis
353 993 480 1023 aspectus
490 993 518 1015 ct
531 988 704 1016 conversatio
718 996 779 1015 cum
795 988 916 1015 eisdem?

128 1035 325 1069 Appropinqua
336 1035 426 1068 iustis,
443 1038 471 1061 et
487 1035 542 1061 Deo
558 1041 605 1068 per
618 1035 691 1069 ipsos
706 1035 915 1069 appropinqua-

129 1081 213 1108 beris.
237 1080 408 1109 Conversare
423 1088 486 1107 cum
502 1080 668 1107 habentibus
680 1080 873 1113 humilitatem,
888 1085 916 1107 et

129 1127 241 1154 addisce
254 1134 344 1153 mores
355 1134 450 1153 eorum
468 1135 474 1152 :
494 1127 515 1153 si
533 1126 606 1153 enim
618 1132 747 1161 aspectus
764 1134 858 1153 eorum
874 1131 915 1153 est

130 1173 216 1203 utilis,
237 1177 340 1207 quanto
366 1172 452 1207 magis
475 1172 601 1199 doctrina
620 1172 676 1198 oris
699 1172 815 1198 eorum?
829 1172 915 1206 Dilige

128 1226 274 1254 pauperes,
290 1219 354 1253 quia
372 1227 421 1252 per
441 1219 514 1252 ipsos
528 1218 747 1246 misericordiam
763 1218 913 1245 obtinebis.

126 1265 167 1291 Ne
182 1263 388 1299 appropinqnes
406 1263 541 1298 litigiosis,
555 1271 589 1290 ne
605 1263 677 1289 foras
690 1263 914 1297 tranquillitatem

129 1310 278 1343 rmnpcllas
290 1309 356 1344 (19).
369 1310 407 1336 Ne
426 1309 497 1336 feras
506 1309 728 1336 abominabiliter
745 1309 913 1335 inlirmorum

129 1355 250 1386 dolores,
273 1352 338 1390 quia
356 1359 383 1382 et
401 1360 428 1382 tu
458 1363 541 1382 carne
566 1356 621 1389 (20)
647 1355 771 1382 indueris
795 1355 865 1381 sicut
887 1359 915 1382 et

129 1401 192 1436 ipsi.
211 1401 248 1428 Ne
265 1401 415 1428 exacerbes
430 1401 607 1428 contristatos
633 1402 726 1433 corde,
743 1408 776 1427 ne
792 1401 913 1435 ipsorum

131 1446 226 1474 baculo
247 1447 405 1481 l‘lagelleris.
427 1453 454 1474 et
471 1455 587 1481 quarras.
601 1452 628 1474 et
641 1455 694 1474 non
716 1447 839 1474 invenias
851 1455 916 1473 con-

128 1494 260 1520 Solantcs.
280 1493 318 1520 Ne
337 1493 452 1520 irrideas
469 1493 609 1520 mutilatos
627 1493 768 1524 membris,
784 1493 914 1527 quoniam

128 1539 162 1566 ad
189 1544 306 1566 mortem
325 1540 396 1566 imus
409 1540 552 1573 :equaliter
566 1539 696 1566 universi.
719 1540 805 1574 Dilige
820 1547 915 1574 pecca-
929 1555 949 1582 ο

130 1590 222 1617 tores;
246 1585 292 1612 sed
317 1585 440 1619 ipsorum
468 1585 518 1612 tibi
536 1586 591 1612 sint
614 1593 697 1620 opera
720 1585 864 1617 insidiosa,
881 1593 915 1612 ne

126 1629 258 1665 quoniam
282 1630 309 1657 in
332 1631 366 1658 iis
388 1632 415 1658 in
443 1631 545 1666 quibus
568 1631 618 1666 ipsi
635 1635 709 1663 sunt,
729 1636 757 1658 tu
774 1632 914 1659 temncris.

127 1677 276 1708 Memento,
293 1678 422 1711 quoniam
436 1678 659 1704 communionem
678 1678 762 1705 habes
778 1686 840 1705 cum
858 1682 916 1704 ter-

131 1730 195 1748 rena
219 1721 384 1754 substantia,
410 1726 442 1749 et»
461 1722 577 1749 benefac
594 1722 742 1754 universis,
759 1727 787 1749 et
805 1731 839 1750 ne
854 1730 917 1749 ρω-

129 1767 227 1795 cerbes
257 1772 379 1801 egentes,
401 1772 428 1795 et
454 1768 628 1795 orationibus
654 1769 710 1795 tuis
733 1772 761 1795 et
783 1769 916 1806 suavibus

129 1814 306 1842 sermonibus
326 1818 351 1841 et
371 1815 608 1842 consolationibus
624 1822 658 1841 ne
682 1815 775 1849 prives
804 1815 865 1842 illos
883 1823 916 1842 ne

128 1866 254 1895 pereant,
271 1866 299 1888 et
322 1868 337 1888 a
361 1865 386 1888 te
405 1862 526 1895 ipsorum
542 1862 641 1889 anima:
659 1863 845 1896 requirantur.
863 1862 916 1889 Sed

131 1906 240 1933 imitare
255 1905 385 1936 medicos,
398 1907 444 1940 qui
455 1906 600 1934 calidiores
613 1907 757 1941 passiones
771 1907 918 1934 medicinis

129 1951 331 1986 frigidioribus,
359 1957 387 1979 et
413 1952 558 1979 contrariis
589 1953 736 1979 medentur
763 1952 916 1988 frigidiora.

129 1997 224 2025 Excita
247 1998 364 2032 teipsum
387 2005 448 2025 cum
472 1998 629 2025 obviavcris
654 1999 780 2033 proximo
805 2003 862 2030 tuo,
887 2005 917 2027 ut

129 2050 191 2070 cum
219 2043 337 2069 honores
359 2051 441 2082 supra
468 2051 625 2070 mensuram
654 2052 660 2069 :
688 2044 812 2070 osculare
834 2045 916 2071 etiam

128 2087 215 2122 pedes
236 2087 296 2120 ejus
312 2091 338 2113 et
355 2095 462 2118 manus.
481 2092 508 2114 et
523 2092 584 2114 tene
610 2088 682 2122 ipsas
698 2088 838 2116 multotics
855 2096 916 2116 cum

131 2133 216 2159 multo
238 2133 353 2163 honore.
380 2137 408 2159 et
433 2140 589 2166 superpone
614 2133 688 2167 ipsas
717 2142 801 2168 super
822 2135 917 2161 oculos

129 2182 203 2207 tuos,
220 2181 246 2203 ct
268 2177 431 2203 commenda
448 2177 537 2210 ipsum
558 2177 641 2203 etiam
663 2178 689 2204 in
713 2186 746 2204 co
768 2179 840 2213 quod
861 2188 916 2206 non

969 256 1087 291 judiccs,
1106 263 1153 286 aut
1172 259 1268 294 culpes
1287 270 1293 287 :
1314 260 1448 289 habemus
1472 263 1546 290 enim
1569 264 1597 291 in
1619 265 1695 293 cmlis
1716 268 1761 302 ju-

971 303 1060 330 dicem
1083 312 1137 331 non
1155 309 1344 339 acccptanteln
1374 315 1517 342 personas.
1542 310 1621 343 Quod
1646 312 1668 339 si
1693 314 1761 341 velis
1787 332 1793 338 .

971 349 1061 383 ipsum
1082 355 1246 380 convertere
1274 352 1308 379 ad
1334 353 1491 386 veritatem,
1517 356 1683 385 contristare
1711 367 1760 393 pro

971 394 1040 429 ipso,
1057 401 1086 423 et
1108 404 1169 423 cum
1186 397 1315 433 lacrymis
1332 399 1445 433 loquere
1467 400 1518 434 ipsi
1536 410 1620 429 unum
1644 404 1759 430 verbum

971 444 1018 466 aut
1042 441 1107 471 duo.
1133 444 1364 483 negaccendaris
1391 446 1484 473 furore
1504 452 1600 474 contra
1623 457 1698 482 eum,
1725 459 1759 477 ne

972 487 1122 515 inimicitia:
1144 489 1236 516 videat
1250 490 1278 516 in
1304 495 1329 517 te
1347 492 1466 531 signpm.
1487 493 1553 520 Nam
1569 495 1690 523 Charitas
1705 504 1759 524 non

972 533 1049 559 novit
1077 534 1180 566 furere,
1196 539 1244 562 aut
1266 537 1444 570 exacerbare,
1470 543 1518 566 aut
1539 540 1693 569 abominari
1710 542 1760 569 ali-

971 587 1052 613 quem
1076 579 1186 607 vitiose.
1214 581 1327 616 Signum
1355 584 1500 612 charitatis
1520 590 1548 612 et
1576 588 1699 614 scientia
1718 593 1760 615 est

971 625 1125 654 humilitas.
1146 634 1206 661 qua:
1230 628 1356 655 nascitur
1377 638 1410 656 ex
1434 631 1605 659 conscientia
1632 632 1703 660 bona
1731 634 1759 660 in

971 670 1082 697 Christo
1108 671 1171 698 Jcsu
1198 673 1314 700 Domino
1348 680 1444 703 nostro
1468 685 1475 702 :
1495 677 1539 704 cui
1557 682 1599 704 est.
1622 678 1708 713 gloria
1732 683 1760 706 et

971 721 1094 750 potestas
1117 725 1178 744 cum
1202 718 1283 745 Patre
1309 724 1336 746 et
1363 720 1466 756 Spiritu
1497 728 1601 756 sancto,
1634 728 1662 751 et
1687 731 1760 751 nunc

971 767 999 789 et
1026 762 1052 789 in
1079 763 1179 791 sarcula
1204 766 1379 793 saeculorum.
1401 767 1499 794 Amen.

1261 831 1373 860 CAPUT
1399 834 1468 861 XIV.

1012 887 1234 923 Appropinquare
1257 888 1311 916 Deo
1336 890 1465 924 quomodo
1489 891 1639 924 debeamus,
1660 896 1715 919 etc.

1004 943 1120 976 Quando
1137 945 1238 978 aliquis
1258 945 1284 971 in
1305 946 1422 980 aliquam
1442 947 1549 974 ruinam
1575 947 1678 974 labitur
1695 955 1758 982 pec-

970 989 1036 1020 cati,
1062 989 1273 1023 signilicativum
1289 995 1331 1017 est
1352 991 1489 1018 naturalis
1503 991 1674 1026 frigiditatis.
1692 993 1757 1026 quia

969 1035 1168 1062 convenienter
1194 1035 1321 1069 permisit
1347 1036 1419 1063 Deus
1451 1041 1576 1062 naturam
1608 1036 1755 1064 humanam

970 1080 1156 1114 rcceptibilem
1182 1089 1242 1107 esse
1265 1081 1395 1108 vitiorum
1425 1091 1431 1108 :
1456 1089 1511 1108 non
1540 1082 1613 1109 enim
1636 1082 1757 1117 providit

969 1126 1138 1153 constituere
1156 1127 1242 1160 ipsam
1261 1134 1344 1161 super
1366 1127 1422 1159 illa,
1441 1133 1504 1154 ante
1519 1129 1755 1163 regenerationem

968 1171 1100 1198 futuram.
1118 1172 1206 1206 Ipsam
1224 1177 1315 1199 autem
1333 1180 1393 1200 csse
1412 1173 1600 1207 receplibilem
1614 1174 1754 1207 vitiorum,

968 1220 1036 1246 utile
1056 1224 1098 1247 est
1112 1219 1146 1246 ad
1159 1220 1335 1247 conscientiae
1354 1220 1547 1255 pungimenta:
1562 1221 1609 1248 sed
1626 1229 1755 1255 perseve-

969 1265 1056 1292 rantia
1083 1266 1110 1292 in
1131 1265 1246 1298 eisdem,
1266 1265 1427 1300 imprudens
1455 1271 1498 1293 est
1522 1270 1550 1293 et
1569 1267 1667 1301 turpis.
1687 1267 1755 1294 Tres

968 1311 1043 1338 modi
1059 1317 1133 1343 sunt,
1155 1320 1204 1346 per
1219 1320 1289 1346 quos
1306 1313 1397 1340 omnis
1421 1313 1511 1339 anima
1533 1312 1675 1339 rationalis
1698 1312 1754 1339 Deo

969 1361 1059 1392 potest
1075 1358 1296 1392 appropinquare
1314 1367 1320 1384 ε
1341 1358 1387 1384 Vcl
1406 1366 1455 1392 per
1475 1358 1611 1385 fervorem
1631 1358 1689 1389 Dei,
1712 1357 1754 1384 vel

969 1403 1107 1434 timorem,
1121 1403 1164 1430 vel
1178 1403 1285 1430 Domini
1302 1403 1487 1438 disciplinam.
1505 1403 1603 1431 Nullus
1619 1405 1692 1430 enim
1707 1411 1757 1438 po-

968 1453 1022 1476 test
1040 1449 1263 1483 appropinquare
1278 1449 1406 1476 charilati
1436 1449 1495 1481 Dei,
1511 1449 1562 1476 nisi
1582 1449 1756 1483 praecesserit

970 1502 1041 1521 unus
1061 1503 1094 1521 ex
1107 1495 1152 1521 his
1167 1495 1256 1521 tribus
1273 1495 1362 1521 modis
1377 1503 1384 1521 :
1402 1495 1474 1522 sicut
1490 1495 1563 1522 enim
1588 1495 1623 1522 ab
1635 1494 1754 1528 ingluvie

969 1540 1073 1567 ventris
1097 1540 1223 1567 nascitur
1246 1540 1366 1567 turbatio
1393 1540 1608 1575 cogitationum;
1624 1540 1662 1566 ita
1686 1544 1715 1566 et
1739 1547 1755 1567 a

968 1586 1145 1620 multiloquio
1157 1590 1185 1612 et
1205 1586 1416 1613 immoderantia
1429 1586 1610 1617 locutionum.
1626 1586 1755 1620 ignoran-

967 1631 1003 1658 tia
1019 1636 1047 1658 et
1064 1631 1166 1658 mentis
1188 1638 1319 1658 excessus
1340 1641 1346 1658 :
1365 1632 1556 1666 temporalium
1571 1639 1662 1658 rerum
1678 1631 1755 1658 solli-

967 1676 1062 1704 citudo
1088 1676 1181 1703 turbat
1206 1677 1338 1709 animam,
1361 1681 1388 1704 et
1405 1677 1579 1704 fermentatio
1596 1685 1656 1712 quae
1678 1676 1706 1703 fit
1725 1681 1764 1702 ex.

966 1721 1044 1757 ipsis,
1070 1727 1188 1749 mentem
1211 1722 1368 1756 corrumpit
1387 1727 1415 1748 et
1438 1722 1542 1749 exserit
1558 1730 1573 1748 a
1588 1722 1694 1756 quiete.

1003 1770 1087 1796 Decet
1110 1768 1184 1795 enim
1212 1768 1370 1803 religiosum
1393 1767 1440 1802 qui
1467 1775 1496 1794 se
1522 1767 1635 1794 tradidit
1657 1774 1758 1801 opera-

968 1815 1035 1842 tioni
1058 1813 1160 1842 cwleSti
1176 1814 1311 1848 quotidie,
1325 1818 1401 1840 extra
1415 1821 1524 1840 oiunem
1540 1812 1755 1840 sollicitudinem

968 1860 1160 1894 temporalium
1172 1867 1283 1894 semper
1299 1867 1370 1891 esse,
1389 1864 1418 1886 ut
1433 1859 1522 1886 factus
1538 1859 1565 1886 in
1594 1859 1754 1893 semetipso,

967 1906 1173 1941 nihil,penitus
1200 1905 1227 1932 in
1252 1913 1281 1932 se
1311 1905 1433 1932 inveniat
1450 1904 1483 1931 de
1502 1905 1556 1932 hoc
1577 1904 1693 1936 mundo,
1721 1904 1756 1930 ab

968 1952 1125 1987 hujusmodi
1154 1952 1229 1978 enim
1245 1955 1358 1978 sanctus
1381 1950 1407 1976 in
1432 1950 1496 1977 otio-
1516 1950 1571 1983 (2i)
1591 1950 1758 1977 irrevocabi~

967 1999 1040 2029 liter,
1054 1998 1082 2024 in
1104 1997 1159 2033 lege
1171 1997 1274 2024 Domini
1283 1996 1324 2023 die
1334 2005 1365 2022 ac
1381 2000 1454 2022 nocte
1474 1996 1569 2031 poterit
1586 1995 1710 2022 meditari
1722 1997 1759 2022 ν.

967 2044 1127 2079 Corporalis
1150 2044 1228 2070 labor
1244 2043 1310 2070 .sine
1330 2042 1439 2069 meritis
1462 2042 1599 2069 munditia
1616 2042 1671 2075 (22)
1703 2047 1762 2074 est,

968 2090 1040 2116 sicut
1054 2089 1156 2117 sterilis
1179 2089 1277 2118 matrix
1292 2092 1320 2121 et
1338 2088 1423 2115 ubera
1444 2088 1532 2120 sicca;
1551 2087 1615 2122 quia
1625 2087 1764 2122 scientiae

968 2134 1015 2161 Dei
1030 2133 1253 2168 appropinquare
1271 2140 1324 2159 non
1339 2137 1448 2166 potest:
1463 2132 1632 2159 laboriosum
1645 2132 1758 2166 quidem

969 2179 1035 2206 facit
1052 2187 1163 2213 corpus,
1182 2179 1229 2206 sed
1245 2178 1315 2205 nihil
1329 2178 1458 2212 acquirit.
1476 2178 1555 2206 Sicut
1571 2178 1618 2212 qui
1639 2178 1758 2205 seminat

129 2223 222 2250 habet.
242 2221 309 2250 Cum
320 2231 385 2249 vero
396 2223 542 2249 recesseris
559 2223 593 2249 ab
616 2224 672 2255 illo,
685 2224 718 2250 de
735 2224 917 2259 ipsoloquerc
935 2224 956 2251 D
971 2234 1055 2261 super
1076 2226 1179 2259 spinas.
1205 2225 1274 2251 nihil
1292 2229 1397 2251 metere
1415 2228 1522 2258 potest;
1538 2225 1574 2251 ita
1588 2224 1678 2258 quise
1693 2223 1763 2250 odio

129 2277 210 2296 omne
230 2269 332 2295 bonum
355 2273 383 2295 et
400 2268 533 2302 quidquid
552 2274 593 2296 est
611 2270 771 2303 pretiosum.
794 2271 846 2298 Per
861 2272 919 2299 luec

128 2320 155 2342 et
169 2315 327 2348 huiusmodi
345 2319 436 2342 trahes
461 2323 523 2341 eum
544 2315 576 2342 ad
595 2315 708 2347 bonum,
726 2320 753 2343 et
768 2316 805 2343 ita
824 2325 917 2344 semen

127 2361 242 2387 virtutis
263 2360 415 2387 seminabis
436 2360 463 2387 in
487 2360 556 2394 ipso.
574 2360 613 2387 Ex
630 2361 675 2387 tali
696 2366 787 2388 autem
800 2370 917 2389 consue-

128 2405 226 2432 tudine
244 2405 378 2432 formatur
393 2406 419 2432 in
437 2410 461 2432 te
484 2406 570 2433 forma
595 2406 681 2439 bona;
699 2408 812 2434 multam
828 2408 918 2435 humi-

127 2449 235 2476 litatem
260 2451 388 2484 acquires
416 2450 443 2477 in
463 2455 487 2478 te
509 2451 582 2485 ipso;
603 2455 630 2478 et
658 2460 754 2486 magna
778 2453 917 2480 obtinebis

129 2495 188 2522 sine
205 2495 310 2522 labore.
336 2496 466 2529 Quinimo
489 2497 511 2523 si
529 2497 612 2524 habet
624 2498 706 2524 etiam
726 2498 851 2525 defectus
866 2499 918 2526 ali-

129 2549 210 2577 quos,
225 2542 376 2570 honoratus
386 2550 401 2569 a
414 2547 449 2570 te.
464 2543 578 2577 recipiet
591 2544 735 2571 sanitatem
751 2545 919 2573 erubescens

129 2596 162 2616 ex
186 2588 290 2615 honore
305 2597 385 2622 quem
402 2589 500 2617 fecisti.
521 2589 689 2616 llic‘modus
703 2591 878 2623 salutationis
890 2596 918 2619 et

129 2633 244 2660 honoris
260 2633 290 2660 fit
304 2633 353 2660 tibi
367 2642 476 2669 semper
486 2634 558 2669 apud
574 2642 687 2662 omnes:
699 2643 753 2661 non
766 2636 917 2664 exacerbes

129 2679 261 2714 aliquem,
280 2688 370 2715 neque
392 2681 497 2712 turbes,
516 2689 605 2716 neque
621 2681 745 2709 invideas
757 2682 856 2716 alicui;
870 2684 917 2710 sed

165 2737 188 2753 "
204 2737 276 2765 Psal.
300 2746 319 2771 ι,
340 2739 368 2766 2.

244 2794 402 2832 gompcllyia.
420 2797 506 2827 Editi,
531 2797 678 2832 compelles.

168 2829 223 2899 (2οζ
241 2829 338 2857 Carne.
360 2831 444 2860 Editi.
466 2834 552 2858 turre.
589 2829 593 2832 ’

169 2864 207 2898 (21
245 2864 355 2891 Sanctus
371 2867 396 2892 iu
414 2867 476 2893 otio.
493 2867 531 2894 An
550 2868 634 2899 fartus
654 2869 679 2894 in
696 2869 731 2894 oti

169 2864 223 2899 (2|)
245 2864 355 2891 Sanctus
371 2867 396 2892 iu
414 2867 476 2893 otio.
493 2867 531 2894 An
550 2868 634 2901 fartus
654 2869 679 2894 in
696 2868 772 2895 otio.’
789 2873 817 2896 ut
833 2868 914 2904 paulo

406 2739 428 2755 ’⁷
451 2740 503 2767 lsa.
520 2748 593 2772 Lvm,
607 2739 633 2773 2,
659 2741 684 2767 5.

969 2277 998 2300 et
1015 2272 1166 2306 cupiditate
1181 2271 1310 2302 destruit,
1328 2278 1382 2296 non
1401 2274 1493 2304 potest
1507 2269 1612 2304 aliquid
1627 2269 1762 2303 adipisci,

970 2319 1017 2346 sed
1035 2327 1066 2345 cx
1082 2318 1175 2344 multis
1195 2317 1297 2352 vigiliis
1324 2321 1352 2344 et
1368 2316 1551 2351 occupatione
1575 2324 1667 2344 rerum
1682 2316 1763 2343 iniiro

969 2369 1061 2392 matur
1078 2364 1104 2390 in
1124 2364 1185 2391 loco
1204 2371 1264 2390 suo.
1284 2363 1317 2390 Et
1333 2364 1386 2390 hoc
1403 2367 1519 2390 testatur
1534 2363 1676 2398 Scriptura
1696 2371 1763 2396 qua:-

969 2411 1037 2437 dicit
1062 2419 1068 2436 :
1087 2409 1159 2437 Sirut
1179 2409 1291 2444 populus
1311 2417 1425 2445 aperans
1441 2409 1586 2444 justitiam,
1609 2413 1633 2436 et
1654 2409 1760 2436 nullum

971 2457 1020 2492 ιι
1039 2455 1193 2482 mandatum
1211 2455 1315 2482 Domini
1331 2455 1660 2490 negligens,veritutentet
1673 2455 1757 2489 justi—

966 2503 1032 2529 tiam
1055 2505 1178 2537 quwrunt
1199 2509 1215 2527 a
1237 2509 1287 2533 me,
1307 2505 1330 2526 et
1347 2501 1440 2527 nolunt
1459 2500 1515 2536 (‘25)
1536 2501 1598 2527 milii
1611 2501 1757 2535 appmpin-

966 2556 1057 2583 quare,
1075 2547 1199 2574 dicentes
1214 2556 1220 2573 :
1239 2546 1327 2579 Quare
1341 2547 1534 2582 jejunuvimua,
1550 2550 1637 2573 etnon
1657 2547 1757 2578 vidisti,

966 2599 992 2620 et
1009 2602 1054 2620 nos
1074 2593 1280 2624 humiliauimus,
1294 2598 1318 2619 et
1340 2601 1390 2619 non
1404 2593 1522 2620 novisti?
1536 2593 1567 2619 In
1578 2593 1666 2619 diebus
1688 2594 1762 2619 enim

961 2639 1127 2675 jejuniorum
1138 2643 1282 2665 vestrorum
1303 2639 1388 2669 facitis
1402 2639 1550 2666 voluntates
1567 2643 1665 2666 vestras
1682 2638 1715 2669 ",
1730 2643 1762 2664 et

968 2689 1097 2719 tanquam
1114 2684 1194 2710 idolis
1211 2684 1346 2711 sacrilicia
1365 2684 1515 2712 oifcrcutes
1539 2685 1674 2719 malignas
1691 2690 1766 2718 ope~

972 2803 1034 2825 ante
1052 2798 1134 2832 fartus
1154 2799 1179 2825 in
1199 2799 1346 2832 semetipso.

1008 2834 1062 2864 (22)
1085 2833 1223 2859 Mmiditia.
1246 2833 1336 2863 Forte,
1356 2833 1536 2859 immnuditiu.

1007 2869 1062 2904 (Ξῆ)
1086 2869 1194 2895 Nolunt.
1211 2868 1290 2903 Vulg.
1315 2868 1417 2895 volunt.

1389 2932 1395 2946 Ι
