1967 3091
219 116 267 149 831

902 119 930 148 S.
955 117 1077 147 lSAACI
1098 119 1183 148 S‘l'ltl

1798 125 1852 156 832

215 176 339 203 rationes
357 173 467 206 animae,
481 178 510 202 et
527 174 710 209 cogitationes
723 182 832 209 pravas.
851 182 919 209 quas
932 174 1004 200 sicut
1023 175 1039 202 Δ
1056 183 1110 202 non
1126 177 1264 209 turbatur,
1283 186 1334 206 nec
1347 184 1460 205 excusat
1477 187 1505 206 se
1520 187 1603 214 super
1619 188 1646 207 re
1661 179 1688 207 in
1707 189 1761 215 qua
1775 181 1846 216 inju-

216 222 282 248 dws
305 221 453 260 reputastis
465 240 472 251 ,
493 221 572 255 vobis
593 226 620 248 et
639 221 722 248 corda
738 225 862 249 vestrttm
879 221 1004 248 omnium

214 267 380 302 pretiosiora
400 267 577 303 thymiamate
602 268 780 294 immolantes
801 267 926 294 eisdem:
944 274 1004 301 quso

213 320 263 339 vos
276 313 422 347 operiebat
435 313 535 339 offerre
547 313 614 339 tnihi
631 321 678 347 per
690 313 788 340 bonam
801 312 1002 347 operationem,

212 363 241 384 et
268 359 406 386 sinceram
427 360 625 386 conscientiam
651 365 781 386 vestram.
810 358 889 386 Sicut
916 349 1004 386 nubes

214 405 343 439 operittnt
371 405 464 432 lumen
491 406 577 437 lunae;
595 406 631 432 ita
659 409 686 432 et
715 413 830 439 vapores
846 405 950 432 ventris
976 405 1003 432 in

215 451 306 477 aninta
328 452 492 486 sapientiam
519 452 576 478 Dei.
602 451 681 478 Sicut
697 455 739 478 est
756 451 865 478 flamma
892 451 961 486 ignis
976 451 1002 478 in

214 497 296 524 siccis
313 497 413 531 lignis;
435 498 471 524 ita
494 501 536 524 est
552 498 580 524 in
604 502 701 524 ventre
729 497 846 531 repleto.
862 496 941 523 Sient
956 504 1004 523 au-

214 547 259 578 get
280 544 392 579 pinguis
415 544 530 571 materia
546 544 682 570 ﬂammata
700 543 789 578 ignis;
810 544 847 570 ita
867 547 895 570 et
910 543 1003 570 diver-

214 590 283 617 sitas
304 591 430 617 ciborum
456 590 582 625 corporis
604 594 722 617 motum.
748 590 777 617 In
792 597 910 624 corpore
924 590 1004 616 luxu-

214 638 289 664 rioso
316 637 432 664 scientia
452 637 500 664 Dei
518 645 572 664 non
588 636 705 664 habitat.
728 636 780 669 Qui
798 635 887 669 diligit
903 642 1003 669 corpus

213 691 305 715 suum,
324 683 372 710 Dei
398 683 514 718 gratiam
537 691 593 710 non
614 683 752 718 aequiret.
775 682 855 709 Sicut
877 689 911 709 ex
926 681 1004 708 dolo-

214 729 293 756 ribus
308 734 416 764 partus,
437 729 547 756 fruetus
562 729 653 757 Oritur
672 728 816 756 ltctilieaus
829 728 1001 762 parientem;

213 775 252 802 ita
277 783 309 802 ex
334 775 430 802 labore
457 775 581 802 nascitur
603 775 630 802 in
647 775 739 801 anima
767 779 937 801 secretorum
954 773 1003 800 Dei

213 820 340 847 scientia.
369 820 448 847 Sicut
472 825 552 854 pater
582 827 677 848 curam
701 819 771 854 gerit
797 819 843 846 lilii
878 819 936 850 sui,
965 819 1002 845 ita

213 865 288 893 Deus
309 874 403 893 Curam
422 866 493 900 gerit
515 866 653 901 corporis,
676 865 750 900 quod
777 873 827 899 pro
851 865 912 899 ipso
934 864 1002 891 aﬂli-
1021 854 1040 881 Β

213 912 299 947 gitur,
323 913 398 947 juxta
413 911 481 939 illud
499 921 505 938 :
523 912 727 939 Pretiosissitna
748 916 791 938 est
814 910 941 944 corporis
957 917 1003 937 ac-

213 958 341 992 quisitio,
360 966 422 992 qua:
444 966 508 985 cum
535 957 672 992 sapientia
689 960 848 984 exercetur.

511 1011 624 1039 CAPUT
645 1011 703 1038 XV.

284 1057 420 1091 Quomodo
432 1058 508 1084 homo
524 1058 556 1084 si!
574 1057 727 1092 peregrinus
741 1059 765 1082 et
779 1047 932 1083 monac/ms.

248 1114 415 1148 Peregrinus
432 1118 484 1144 est,
498 1113 544 1147 qui
561 1117 651 1139 mente
667 1112 756 1139 factus
770 1116 847 1139 extra
862 1110 1004 1138 smeularia

212 1159 352 1189 universa,
375 1159 472 1194 lugens
497 1163 556 1189 est;
575 1157 621 1192 qui
648 1157 675 1184 in
703 1157 773 1184 fame
799 1161 827 1184 et
851 1157 896 1184 siti
920 1156 1004 1183 vitam

211 1204 289 1232 ducit
304 1205 434 1232 omnibus
447 1205 545 1232 diebus
561 1204 623 1231 vine
637 1211 694 1230 sua:
711 1208 823 1237 propter
838 1210 914 1237 spem
931 1202 1005 1229 futu-

213 1257 306 1277 rorum
325 1250 473 1277 bonorum.
492 1250 599 1285 Divitize
622 1249 743 1284 religiosi
765 1253 839 1280 sunt,
851 1249 1004 1276 consolatio

211 1304 272 1330 qute
288 1295 317 1322 lit
331 1303 364 1322 ex
384 1296 471 1325 luctu,
487 1300 514 1322 et
529 1295 625 1321 laetitia
640 1302 701 1328 qua:
719 1294 749 1321 lit
761 1302 793 1322 ex
813 1294 864 1321 fide
881 1303 887 1321 :
902 1302 962 1329 quae
977 1295 1004 1321 in

211 1342 352 1370 cubilibus
366 1342 520 1377 splendent.
536 1341 686 1368 Monachus
701 1345 754 1370 est.
770 1340 817 1375 qui
837 1341 913 1367 sedet
926 1345 1004 1367 extra

211 1388 354 1419 saeculum,
368 1393 396 1414 et.
413 1395 523 1422 semper
545 1387 682 1421 supplicat
698 1386 765 1417 Deo,
785 1391 815 1413 ut
835 1386 1005 1420 adipiscatur

211 1433 303 1460 futura
319 1433 401 1460 bona.
417 1433 573 1460 Misericors
587 1437 640 1464 est,
657 1432 704 1466 qui
717 1432 763 1458 dat
778 1431 916 1463 omnibus,
929 1435 957 1459 et
975 1433 1003 1459 in

212 1484 304 1507 mente
324 1480 442 1514 aliquem
462 1480 495 1507 ab
509 1479 602 1514 aliquo
619 1487 673 1506 non
691 1478 834 1505 discernit.
851 1478 935 1514 Virgo
950 1482 1002 1511 est,

212 1526 260 1561 qui
281 1534 336 1553 non
360 1525 510 1553 custodivit
525 1533 627 1561 corpus
644 1533 724 1553 suum
743 1533 757 1552 a
776 1524 928 1560 pollutione
942 1529 1003 1552 tan-
1017 1529 1039 1559 ο

213 1577 290 1603 tum;
307 1572 355 1599 sed
373 1573 395 1600 is
409 1572 455 1606 qui
472 1572 584 1607 quando
607 1572 748 1599 solitarius
767 1576 820 1602 est,
835 1571 1005 1598 verecunda-

213 1624 259 1646 tur
279 1619 305 1645 in
328 1619 485 1653 semetipso.
504 1618 531 1645 Si
550 1618 641 1654 diligis
658 1618 824 1650 castitatem,
846 1622 941 1653 turpes
957 1625 1020 1647 co-.

213 1665 362 1701 gitationes
380 1673 430 1700 per
451 1665 647 1692 mediationem
670 1665 798 1692 lectionis
819 1669 847 1692 et
871 1669 1005 1692 attentam

213 1712 368 1738 oratiottem
387 1711 510 1745 expelle;
523 1715 551 1738 et
567 1715 633 1737 tune
649 1710 803 1738 armaheris
826 1715 921 1737 contra
938 1718 1005 1738 eau-

213 1765 258 1785 sas
268 1762 384 1788 na'urir,
399 1757 461 1790 quia
476 1757 535 1784 sine
552 1757 594 1783 his
606 1756 776 1791 impossibile
788 1761 831 1783 est
842 1756 1005 1784 munditiam

213 1803 241 1831 in
258 1804 350 1831 anima
367 1803 495 1830 inveniri.
518 1803 545 1831 Si
563 1803 604 1830 vis
621 1803 747 1830 invenire
761 1803 876 1838 gratiam
893 1803 934 1829 vel
951 1803 1004 1830 mi-

213 1849 393 1877 sericordiam
406 1849 558 1884 possidere,
572 1849 650 1884 prius
664 1856 791 1876 assuesce
804 1854 829 1876 te
840 1849 927 1883 ipsttm
940 1856 1006 1876 con-

213 1901 339 1924 temnere
359 1896 463 1928 omnia,
478 1903 513 1923 ne
536 1903 614 1923 mens
630 1896 752 1930 ipsorum
769 1895 891 1930 pondere
904 1895 1004 1923 dissol-

213 1946 305 1971 vatur.
318 1945 346 1968 et
360 1945 435 1968 extra
455 1941 588 1968 terminos
603 1948 667 1968 suos
688 1941 745 1968 flat.
760 1941 828 1967 Nam
841 1940 1005 1968 certilicatio

213 1986 412 2014 misericordia
426 1986 453 2013 in
465 1986 630 2020 injuriarum
643 1985 776 2021 patientia
786 1986 1003 2013 demonstratur.

215 2033 386 2060 Ilumilitatis
402 2033 536 2068 perfectio
551 2037 603 2064 est,
621 2033 806 2060 accusationis
820 2032 925 2067 flagella
941 2041 1004 2061 cum

214 2078 316 2112 gaudio
331 2079 478 2106 sustinere.
494 2079 521 2106 Si
540 2079 567 2106 in
584 2080 702 2106 veritate
713 2079 873 2106 misericors
887 2087 928 2111 es,
941 2087 1004 2106 eum

213 2125 378 2152 auferuntur
397 2125 445 2152 tibi
468 2125 569 2159 iniuste
595 2129 658 2156 tua,
684 2133 719 2152 ne
741 2125 914 2169 contristeris
931 2126 1003 2154 inte-

213 2170 282 2200 rius.
307 2178 358 2197 nec
378 2171 501 2198 exterius
517 2170 647 2198 damnum
671 2170 788 2203 recites;
812 2171 860 2198 sed
881 2171 1003 2199 diluatur

213 2215 306 2249 potius
315 2215 421 2248 jactura
435 2216 623 2250 injuriantium
635 2223 650 2242 a
665 2216 854 2244 misericordia
865 2221 921 2248 tua.
932 2217 1004 2245 sicut

213 2261 269 2286 vini
294 2261 442 2288 austeritas
469 2269 518 2295 per
539 2261 737 2289 abundantiam
760 2270 837 2297 aqua:
858 2271 864 2289 :
884 2263 1003 2301 pstende

213 2307 314 2341 cuique.
331 2307 536 2334 multitudinem
561 2307 760 2335 misericordia
783 2313 836 2336 tme
860 2309 888 2336 in
911 2309 1002 2342 bonis,

213 2361 274 2388 quae
289 2353 388 2380 tribuis
404 2353 614 2386 injuriatoribus
630 2353 694 2385 tuis,
709 2359 737 2381 et
751 2354 824 2382 sicut
837 2355 937 2383 beatus
949 2356 1005 2383 Eli-

213 2407 285 2427 smus
296 2400 360 2427 feeit
373 2400 492 2427 inimicis
503 2400 561 2428 suis
571 2400 659 2435 ipsum
672 2401 829 2428 volentibus
842 2402 983 2436 captivare
996 2411 1003 2430 :

214 2453 276 2474 nam
292 2447 403 2481 quando
424 2447 514 2474 oravit
529 2453 556 2474 et
571 2447 721 2474 excaecavit
734 2455 782 2474 eos
801 2448 930 2483 caligine,
948 2450 1006 2476 vir-

214 2497 301 2520 tutem
317 2501 378 2528 qua:
399 2498 458 2521 erat
474 2494 504 2530 in
527 2502 567 2525 se,
584 2494 718 2524 ostendit:
733 2499 761 2521 et
780 2502 842 2521 cum
864 2495 956 2522 cibum
978 2500 1007 2523 et

214 2543 309 2573 potum
332 2539 408 2566 dedit
431 2539 482 2571 eis.
500 2545 527 2567 et
541 2548 589 2568 eos
612 2541 689 2568 abire
706 2540 822 2573 dimisit,
847 2542 1006 2570 misericor-

214 2584 287 2612 diam
304 2585 411 2612 Domini
434 2587 606 2614 monstravit.
1014 2573 1024 2582 ’

498 2642 610 2671 CAPL'T
641 2644 710 2671 XVI.

411 2689 445 2715 De
464 2690 620 2724 perfectione
641 2690 805 2717 humilitatis.

249 2743 301 2777 Qui
325 2744 352 2771 in
376 2746 494 2773 veritate
515 2746 629 2773 humilis
650 2753 704 2776 est,
725 2748 854 2781 patiendo
874 2748 1001 2783 iniuriam

451 2834 464 2846 3

237 2831 259 2845 "
275 2833 355 2862 Joan.
375 2843 429 2866 xiv,
449 2834 473 2860 2.
516 2835 537 2850 υ
557 2834 652 2865 Matth,
671 2847 731 2870 τῃ,
750 2839 856 2873 51,33,

1059 222 1127 248 riam
1149 227 1191 250 est
1210 231 1375 258 perpessus;
1398 225 1446 252 seti
1464 225 1562 260 recipit
1585 224 1801 258 accusationem,
1820 233 1852 255 ut
1883 246 1897 256 ι

1058 269 1205 299 virtutent;
1229 277 1279 297 nec
1305 270 1440 298 sollicitus
1461 275 1502 298 est
1526 278 1674 306 suggerere
1690 271 1852 300 hominibus

1058 314 1132 347 quod
1149 315 1183 342 sit
1194 320 1351 347 accusatus,
1367 316 1414 343 sed
1430 316 1537 342 veniant
1552 317 1630 350 petit.
1647 315 1762 349 Quidam
1775 317 1851 344 enim

1059 359 1197 386 infamiam
1226 361 1341 388 luxuriae
1369 366 1465 395 sponte
1492 366 1665 389 attraxcrunt
1689 362 1760 393 sibi,
1785 370 1851 389 cum

1058 404 1127 432 tales
1151 414 1206 432 non
1221 411 1315 433 essent
1329 415 1335 433 z
1349 407 1489 438 adulterii,
1515 407 1561 434 alii
1585 407 1666 442 longe
1682 408 1851 436 extistentes

1058 451 1093 478 ab
1109 459 1153 481 eo.
1178 452 1383 485 sustinuerunt;
1402 457 1429 480 et
1448 457 1535 480 semet
1561 453 1636 487 ipsos
1661 452 1849 488 lacrymando,

1057 505 1138 532 poena
1159 497 1264 532 peccati
1288 499 1360 533 quod
1384 506 1438 525 non
1463 500 1595 531 fecerant,
1613 499 1802 532 honorabant;
1821 505 1851 528 et

1058 543 1257 578 indulgentiam
1274 544 1307 572 de
1329 545 1472 580 iniquitate
1488 553 1569 579 quam
1594 553 1647 572 non
1670 550 1849 580 perpetrave-

1058 594 1133 621 rttnt,
1159 598 1221 617 cum
1244 591 1371 627 lacrymis
1395 591 1430 618 ab
1453 592 1649 626 injuriantibus
1671 593 1848 627 expetebant,

1057 636 1132 663 omni
1149 638 1269 672 puritate
1284 642 1308 665 et
1327 638 1461 665 munditia
1477 638 1640 665 exsistentes
1655 639 1681 665 in
1695 639 1786 666 anima
1800 647 1850 666 co-

1058 682 1158 708 ronati.
1177 682 1228 709 Alii
1250 691 1360 718 quoque
1379 691 1413 710 ne
1438 683 1659 718 glorificarentur
1675 684 1701 710 in
1725 684 1850 711 virtuosa

1057 730 1266 756 conversatione
1287 737 1334 756 sua
1352 738 1412 764 quae
1428 730 1534 757 occulta
1551 735 1610 757 erat
1625 730 1651 756 in
1667 730 1743 764 ipsis.
1760 738 1788 757 se
1805 730 1850 756 in-

1057 780 1139 800 sanos
1153 773 1346 806 ostendebant,
1362 782 1424 801 cuin
1443 779 1535 802 essent
1556 774 1650 801 divino
1666 775 1721 801 sale
1744 775 1848 802 conditi

1057 823 1085 846 et
1099 819 1297 854 tranquillitate
1321 820 1441 852 formati,
1457 824 1553 854 utpote
1575 820 1622 855 qui
1647 827 1679 847 ex
1698 827 1849 847 conversa-

1059 866 1132 893 tione
1149 874 1197 893 sua
1216 874 1321 893 sutnma
1343 870 1453 894 sanctos
1474 867 1584 901 angelos
1604 874 1688 900 opera
1710 866 1850 901 operatio-

1057 919 1122 937 num
1140 919 1252 938 suarum
1269 911 1463 946 praedicatores
1477 911 1626 938 habebant.
1643 911 1682 938 Tu
1699 911 1772 938 enim
1795 911 1850 938 hu-

1058 956 1202 984 militatem
1220 961 1300 991 putas
1317 957 1430 989 habere,
1448 956 1496 984 sed
1515 964 1568 983 tton
1591 956 1694 990 poteris
1711 957 1850 984 accusari.

1058 1001 1085 1029 Si
1098 1010 1164 1036 ergo
1176 1002 1247 1030 scire
1264 1002 1396 1035 volueris,
1417 1006 1510 1029 utrum
1527 1002 1564 1029 sis
1580 1001 1704 1034 humilis,
1721 1001 1807 1036 proba
1823 1006 1851 1029 te

1058 1048 1147 1084 ipsum
1161 1048 1188 1076 in
1205 1049 1384 1083 supradictis.

1339 1117 1452 1145 CAPUT
1483 1117 1563 1145 XVII.

1235 1174 1274 1200 De
1304 1174 1485 1201 mansionibus
1507 1175 1672 1201 mentitum.

1094 1231 1191 1258 Multas
1219 1231 1376 1258 mansiones
1392 1229 1415 1246 ’⁸
1440 1230 1528 1258 Patris
1552 1230 1594 1257 sui
1620 1230 1745 1257 Salvator
1769 1234 1851 1256 vacat

1059 1283 1201 1303 mensuras
1218 1275 1351 1302 mentium
1370 1276 1396 1302 in
1417 1275 1462 1302 illa
1481 1276 1711 1310 commutantium
1727 1275 1848 1310 regione,

1057 1321 1186 1349 videlicet
1209 1321 1393 1349 dis‘eretiones
1419 1327 1447 1349 et
1474 1322 1665 1353 diversitates,
1692 1322 1794 1356 quibus
1820 1321 1849 1348 in

1058 1365 1150 1392 animo
1173 1365 1364 1400 perfruuntur.
1383 1366 1444 1393 Non
1465 1367 1540 1393 enim
1562 1366 1688 1393 doctrina
1710 1367 1848 1399 locorum,
1876 1377 1879 1379 -

1058 1411 1104 1438 sed
1120 1411 1217 1438 ordine
1231 1411 1427 1439 charismatum
1445 1413 1544 1440 multas
1560 1412 1616 1439 fore
1630 1413 1786 1439 mansiones
1798 1420 1849 1439 ex-

1058 1456 1159 1491 pressit
1173 1465 1179 1483 :
1196 1457 1267 1484 sicut
1279 1457 1394 1492 quilibet
1416 1457 1549 1484 materiali
1563 1457 1619 1484 sole
1631 1457 1708 1492 juxta
1730 1457 1850 1484 sinceri-

1059 1505 1142 1529 tatem
1159 1501 1269 1528 virtutis
1283 1502 1358 1529 visus
1372 1506 1400 1529 et
1420 1502 1506 1536 gratia
1524 1502 1643 1534 fruitur;
1659 1506 1687 1528 et
1704 1502 1775 1528 sicut
1794 1509 1848 1528 una

1055 1547 1168 1575 lucerna
1190 1548 1218 1575 in
1244 1556 1297 1575 una
1314 1547 1396 1575 domo
1419 1549 1539 1579 lucente,
1562 1548 1591 1575 fit
1606 1547 1720 1575 cuilibet
1742 1548 1787 1574 lux
1804 1547 1849 1574 di-

1055 1601 1135 1620 versa
1152 1593 1178 1620 in
1195 1593 1360 1627 splendores
1378 1594 1512 1628 plurimos
1532 1593 1636 1620 lutnine
1654 1593 1773 1620 indiviso
1789 1601 1796 1619 :
1811 1592 1849 1620 ita

1055 1638 1084 1665 in
1099 1639 1191 1666 futuro
1205 1640 1305 1666 saeculo
1315 1639 1381 1675 justi
1396 1647 1492 1666 omnes
1506 1639 1616 1666 indivisi
1633 1639 1659 1666 iii
1672 1647 1724 1666 una
1736 1638 1848 1673 regione

1056 1685 1238 1712 morabuntur
1265 1695 1271 1712 :
1296 1685 1412 1720 quilibet
1436 1690 1527 1712 autem
1552 1685 1586 1712 ab
1604 1692 1660 1712 uno
1682 1684 1848 1719 intelligihili

1056 1731 1113 1761 sole
1129 1731 1325 1766 illustrabitur,
1347 1731 1500 1758 secundum
1526 1738 1684 1758 mensuram
1707 1738 1802 1762 suam;
1820 1734 1849 1758 et

1055 1785 1106 1812 pro
1122 1777 1229 1805 meritis
1248 1778 1319 1805 valet
1336 1777 1466 1813 gaudium
1487 1781 1514 1804 et
1534 1770 1648 1804 laetitia}
1664 1782 1792 1811 tanquam
1813 1775 1848 1803 ab

1056 1831 1111 1850 uno
1127 1831 1189 1850 aere
1213 1824 1269 1851 eris
1290 1829 1317 1851 et
1335 1824 1395 1851 loco
1419 1829 1446 1850 et
1463 1823 1605 1854 cathedra,
1630 1828 1657 1850 et
1683 1828 1795 1856 aspectu
1820 1826 1847 1849 et

1056 1870 1142 1897 forma
1158 1878 1165 1896 :
1181 1878 1232 1897 nec
1252 1870 1387 1898 invidebit
1406 1870 1467 1905 quis
1493 1870 1630 1897 mensuris
1646 1870 1706 1904 plus
1721 1869 1848 1896 habentis

1055 1916 1098 1943 vel
1114 1916 1215 1947 minus,
1238 1924 1288 1944 nec
1308 1916 1427 1943 videndo
1441 1916 1559 1951 gratiam
1576 1914 1849 1950 superabundantcm

1055 1962 1136 1989 amici
1161 1963 1203 1989 sui
1226 1963 1424 1997 propriumque
1439 1962 1587 1992 defectum,
1605 1961 1651 1988 flet
1675 1960 1727 1988 sibi
1753 1961 1845 1988 turba-

1057 2008 1140 2036 tionis
1155 2013 1183 2035 et
1204 2008 1324 2035 tristitiae
1343 2015 1437 2039 causa,
1461 2006 1534 2042 quod
1557 2006 1640 2037 absit,
1659 2006 1705 2033 uhi
1727 2013 1781 2032 non
1807 2010 1850 2034 est

1057 2054 1167 2082 tristitia
1180 2062 1268 2089 neque
1283 2053 1411 2090 gemitus.
1424 2052 1554 2086 Quinimo
1567 2052 1686 2087 quilibet
1695 2050 1847 2079 secundum

1055 2108 1213 2129 concessam
1231 2100 1282 2127 sibi
1305 2100 1430 2136 gratiam,
1448 2100 1525 2134 juxta
1550 2105 1706 2126 mensuram
1730 2098 1847 2125 interius

1055 2147 1217 2174 delectatur.
1233 2147 1292 2175 Una
1310 2151 1353 2173 est
1370 2147 1443 2174 enim
1456 2146 1526 2173 visio
1545 2145 1673 2173 omnibus
1684 2147 1808 2172 exterius
1820 2149 1850 2171 et

1020 2201 1040 2228 υ
1055 2193 1148 2220 laetitia
1161 2201 1235 2221 vera.
1247 2193 1280 2221 Et
1295 2193 1329 2220 ab
1342 2192 1402 2220 istis
1415 2192 1523 2219 duobus
1535 2191 1680 2219 ordinibus
1696 2190 1769 2218 altus
1780 2190 1850 2218 ordo

1056 2239 1164 2267 tnedius
1182 2247 1235 2266 non
1252 2243 1304 2270 est,
1320 2238 1450 2265 videlicet
1466 2245 1539 2265 unus
1557 2237 1696 2272 superior,
1718 2236 1788 2262 alius
1805 2236 1848 2262 in-

1057 2284 1150 2312 ferior.
1174 2285 1203 2312 In
1230 2285 1322 2312 medio
1340 2289 1431 2311 autem
1457 2285 1572 2311 istorum
1590 2284 1692 2311 veritas
1716 2283 1850 2311 diﬂ'crens

1056 2332 1270 2359 retributionum
1291 2330 1408 2358 exsistit.
1431 2331 1509 2363 Quod
1534 2330 1557 2357 si
1582 2337 1677 2357 verum
1700 2333 1753 2359 est.
1776 2329 1850 2356 sicut

1056 2386 1152 2405 verum
1175 2383 1234 2410 est;
1251 2377 1317 2412 quid
1340 2376 1518 2411 insipientius
1534 2381 1562 2403 et
1583 2375 1720 2402 antentius
1733 2375 1786 2402 illis
1799 2375 1848 2409 qui

1056 2425 1172 2452 dicunt:
1187 2423 1292 2451 Sullicit
1308 2423 1373 2450 mihi
1394 2423 1480 2450 vitare
1498 2423 1666 2458 gehennam;
1686 2421 1709 2449 si
1731 2430 1785 2448 non
1805 2421 1847 2448 in-

1055 2475 1165 2498 travero
1187 2471 1214 2498 in
1231 2479 1356 2506 regnum,
1373 2478 1427 2498 non
1443 2478 1521 2497 curo.
1538 2470 1606 2497 Nam
1624 2470 1727 2497 evitare
1742 2469 1846 2503 gehen-

1056 2525 1129 2549 nam.
1150 2517 1219 2544 nihil
1235 2517 1309 2545 aliud
1330 2521 1381 2549 est,
1405 2525 1486 2552 quam
1506 2517 1608 2544 intrare
1624 2523 1758 2551 regnum;
1775 2515 1847 2542 sicut

1055 2569 1084 2591 et
1106 2572 1120 2590 a
1139 2571 1222 2599 regno
1246 2564 1386 2596 excidere,
1412 2568 1453 2591 est
1477 2563 1581 2590 intrare
1597 2563 1762 2598 gehennam.
1785 2561 1846 2588 Non

1055 2611 1129 2637 enim
1143 2610 1238 2638 docuit
1255 2619 1305 2638 nos
1319 2610 1459 2645 Scriptura
1478 2615 1534 2638 tres
1546 2609 1683 2644 regiones,
1701 2608 1749 2636 sed
1771 2607 1845 2642 quod

1057 2665 1115 2683 cum
1137 2657 1235 2683 ueiteri:
1256 2656 1336 2684 Filius
1353 2657 1463 2684 hominis
1487 2658 1513 2684 in
1532 2656 1592 2683 sede
1613 2655 1759 2690 mujeslulil
1779 2661 1846 2685 stuc,

1057 2712 1115 2730 οινίνκ
1138 2703 1242 2737 quidem
1265 2711 1279 2730 rt
1296 2703 1406 2736 dextris,
1421 2702 1508 2730 Ita-dos
1528 2706 1615 2729 autem
1634 2704 1730 2728 statuet
1745 2708 1760 2726 a
1780 2700 1847 2726 sini-

1056 2751 1118 2776 stris
1131 2749 1167 2783 “;
1184 2754 1209 2776 et
1223 2749 1347 2776 distinxit
1362 2748 1494 2776 terminos
1505 2755 1611 2779 eormn,
1626 2752 1652 2774 et
1670 2745 1847 2773 tabernacula
