1967 3091
103 154 154 186 833

618 150 734 182 LIBER
750 151 802 182 DE
822 150 1047 182 CONTEMPTU
1068 153 1206 184 MUNDI.

1682 157 1737 189 83‘.

102 211 198 240 dicens
209 219 218 237 :
233 209 311 237 Ibunt
334 209 378 235 isti
395 209 421 235 in
447 211 574 235 mimum:
595 206 766 242 supplicium,
789 206 895 234 scilicet
911 207 932 235 Α
948 206 1053 234 tionum
1068 207 1210 240 insultum,
1225 217 1286 244 qua:
1297 214 1339 237 est
1353 217 1434 238 causa
1449 211 1664 246 superdictionis
1678 220 1737 240 ser-

102 261 264 292 peccatorcs
279 264 286 282 :
302 255 371 282 Juui
388 259 475 281 autem
489 255 515 281 in
531 254 613 281 vitam
628 258 768 286 a’ternam,
784 254 828 285 qui
843 253 894 288 {ul-

101 302 322 339 gebuutsicutsol
335 302 365 328 ³⁸.
382 302 414 328 ΕΙ.
430 301 532 328 iterum
547 309 554 327 :
570 300 677 328 Venient
691 301 741 334 12
753 300 784 327 ab
795 301 894 326 oriente

102 353 126 375 et
142 348 284 379 occidente,
307 351 331 374 ει
353 346 502 374 recumbam
525 355 585 373 cum
607 346 743 373 Abraham
765 347 792 373 in
814 354 894 381 regno

101 395 229 423 «elerum
255 393 330 428 :filii
356 397 446 420 autem
470 393 544 427 regni
565 393 703 427 ejicirntur
725 392 894 419 in’tencbras

103 441 246 468 exteriores
261 448 270 466 :
285 439 320 466 ibi
340 439 389 466 erit
409 439 485 473 ﬂetus
502 442 526 464 et
546 437 645 464 stridor
663 437 781 464 dentiant
794 437 827 468 ",
847 437 893 471 qui

103 485 264 514 horribilior
287 489 329 512 est
349 484 424 512 omni
449 484 521 518 igne.
546 483 617 516 Quid
641 491 707 518 ergo
732 490 786 509 non
812 482 894 509 intel-

103 533 205 565 lexisti,
221 531 295 567 quod
307 530 476 558 contrariqu
495 530 647 564 superioris
662 529 769 556 ordinis
782 533 824 556 est
837 529 895 563 ipsa

103 579 240 614 gehenna,
257 585 317 611 qua:
335 576 459 604 cruciat?
478 576 583 602 Bonutu
598 580 641 602 cst
659 575 743 610 igitur
759 575 895 601 instruere

103 625 231 652 homines
244 624 276 651 ad
295 623 409 654 bonum,
424 628 452 649 et
465 622 573 648 trahere
587 622 661 656 ipsos
673 621 706 648 ad
723 629 896 648 commoran-

104 671 169 698 dum
187 670 239 697 sub
253 669 458 704 dispensatione
475 668 577 699 divina,
594 673 622 694 et
636 668 670 695 ab
686 675 781 694 errore
799 667 832 694 ad
850 674 898 694 ve-

105 718 194 746 ritatis
209 709 377 752 agnitionem
393 716 553 743 transferre.
568 715 619 742 llic
638 715 712 742 enim
729 714 780 742 fuit
793 714 896 742 Christi

104 769 133 791 ct
147 763 337 798 apostolorum
351 762 430 794 ordo,
446 766 474 788 et
487 765 529 788 est
544 761 624 788 valde
641 761 779 788 sublimis.

141 808 169 837 Si
183 817 250 836 vero
264 816 293 836 se
307 808 392 836 sentit
405 807 489 834 homo
506 815 539 834 ex
554 807 711 842 hujusmodi
727 806 897 833 continentia

104 860 134 884 et
148 855 258 883 assidua
272 854 533 885 communicatione,
549 853 622 888 quod
640 853 667 880 in
681 853 786 880 visione
805 860 896 880 rerum

105 910 155 929 sua
174 900 345 933 continentia
368 900 526 927 inﬁrmetur
542 904 570 927 et
593 899 720 926 turbetur
736 899 796 934 ejus
821 903 897 925 tran-

109 949 240 981 quillitas,
254 952 282 975 et
299 947 414 974 scientia
431 947 607 978 obscuretur,
621 953 671 981 pro
687 953 721 973 eo
734 945 807 980 quod
821 953 899 973 mens

106 1003 156 1023 sua
174 999 236 1030 eget
254 993 345 1021 adhuc
368 993 492 1020 custodia
508 996 536 1019 et
559 999 688 1020 sensuum
711 991 896 1026 subjectione;

107 1047 136 1069 et
146 1042 211 1068 dum
227 1040 293 1068 velit
307 1040 376 1067 alios
390 1047 500 1071 curare,
513 1046 589 1066 suam
607 1038 725 1065 destruit
741 1038 896 1069 sanitatem,

107 1094 136 1116 et
160 1089 217 1116 exit
241 1095 255 1115 a
281 1087 408 1114 libertate
434 1085 552 1120 propria:
575 1083 725 1111 voluntatis
747 1083 779 1110 ad
799 1083 900 1109 mentis

109 1135 294 1162 turbationem
310 1144 316 1160 :
330 1133 384 1160 lste
403 1132 564 1159 recordetur
578 1129 722 1166 apostolici
739 1129 830 1161 verbi,
845 1137 900 1156 esse

108 1180 194 1208 tilium
213 1179 327 1206 solidum
342 1178 516 1213 perfectorem
532 1177 568 1208 “;
589 1181 617 1203 et
637 1179 792 1203 revertetur
813 1179 899 1205 retro,

108 1234 144 1254 ne
159 1225 254 1253 audiat
278 1229 407 1259 tanquam
429 1223 456 1250 in
480 1221 648 1257 proverbio:
666 1220 774 1251 Medica.
790 1228 854 1246 cura
876 1224 901 1246 te

108 1271 196 1305 ipsum
218 1268 250 1296 “.
271 1268 437 1295 Contemnat
454 1274 562 1301 quoque
582 1265 702 1301 seipsum
725 1274 732 1291 :
756 1269 902 1292 conservet

108 1316 248 1352 proriam
264 1314 420 1346 sanitatem,
433 1318 461 1340 et
478 1318 531 1340 tam
548 1320 598 1347 pro
613 1311 792 1339 sensibilibus
807 1311 901 1338 verbis

109 1363 169 1391 suis
184 1352 266 1397 quam
284 1361 399 1388 vocibus
417 1360 486 1389 suis.
504 1359 642 1386 ministret
663 1363 691 1385 et
714 1358 813 1385 doceat
836 1365 902 1385 con-

110 1409 267 1438 versatione
282 1408 364 1435 bona.
377 1406 503 1441 Cumque
518 1405 636 1432 animam
652 1413 729 1432 suam
743 1405 770 1431 in
785 1405 901 1432 sanitate

109 1455 239 1488 senserit,
256 1459 322 1482 tunc
343 1454 426 1481 etiatn
444 1452 533 1487 prosit
548 1452 619 1483 aliis.
638 1456 666 1479 et
677 1451 715 1479 ile
731 1452 793 1479 aliis
808 1459 901 1478 curam

110 1505 198 1536 gerat.
211 1500 279 1527 Nam
296 1507 358 1526 cum
377 1498 503 1525 infirmus
520 1497 648 1524 inventus
667 1496 749 1524 fuerit
764 1497 798 1524 ab
813 1497 902 1523 bomi-

945 253 1053 286 viendi;
1073 259 1138 282 tunc
1153 255 1186 281 de.
1206 255 1278 282 facili
1296 257 1396 290 poterit
1415 257 1511 284 vitium
1528 258 1663 291 superari.
1680 258 1736 285 Me-

944 298 1000 324 lius
1013 303 1054 326 cst
1069 299 1141 326 enitn
1166 308 1215 334 per
1237 303 1371 327 virtutum
1396 303 1566 333 memoriam,
1583 311 1663 336 quam
1678 300 1738 336 ‘per

946 345 1179 381 impugnationem
1202 347 1346 382 subripere
1365 348 1447 381 vitia;
1472 350 1602 383 quoniam
1622 357 1684 376 cum
1700 350 1736 376 vi-

945 391 983 418 tia
1004 399 1018 418 a
1039 399 1086 418 sua
1106 393 1218 427 regione
1240 394 1384 426 recedunt,
1403 399 1430 422 et
1457 400 1602 422 moventur
1625 403 1673 429 per
1690 404 1739 430 pu-

945 446 1038 473 gnam,
1053 442 1118 465 tunc
1129 439 1213 466 menti
1225 440 1357 474 imagines
1369 440 1530 474 imprimunt
1542 445 1624 476 atque
1637 441 1739 468 formas

946 483 1100 517 potentium
1115 492 1121 509 :
1137 492 1254 519 namque
1274 493 1397 520 magnotu
1415 485 1460 512 hic
1477 493 1595 520 pugnam
1617 487 1739 520 possidet

946 533 1042 555 contra
1060 535 1192 561 utentem,
1218 531 1400 565 cogitationes
1421 531 1599 558 vehementer
1622 536 1737 558 contur-

948 574 1015 602 bans
1028 579 1056 602 et
1070 577 1217 603 tumultum
1234 577 1367 604 excitans.
1385 577 1438 604 Sed
1456 578 1606 604 secundum
1622 578 1739 612 primam

947 621 1207 650 dcterminationem
1229 631 1310 658 quam
1333 623 1463 655 diximus,
1486 624 1599 659 vestigia
1623 629 1739 651 cuncto-

947 676 1008 695 rum
1024 669 1154 696 vitiorum
1175 677 1228 698 nec
1248 675 1381 705 apparent
1397 671 1424 698 in
1447 675 1539 698 mente
1562 674 1623 704 post
1645 670 1740 704 expul-

947 714 1065 742 sionem.

983 761 1141 797 Corporalis
1155 762 1232 790 labor
1244 767 1271 790 et
1283 763 1440 790 divinarum
1454 763 1603 793 meditatio
1617 763 1742 798 Scriptu-

948 817 1041 836 rarum
1060 815 1225 836 conservant
1242 810 1418 842 munditiam,
1436 810 1556 837 laborem
1571 817 1635 836 vero
1648 817 1742 836 corr0<

950 854 1048 882 boraut
1069 863 1132 889 spes
1152 859 1179 882 et
1202 856 1293 882 timor.
1317 855 1399 890 Spem
1414 861 1442 884 et
1457 856 1582 882 timorem
1605 855 1633 882 in
1650 859 1742 881 mcnte

949 902 1132 934 constituunt,
1154 902 1292 937 elongatio
1312 901 1346 929 ab
1362 903 1500 935 omnibus,
1513 906 1540 928 et
1553 902 1640 928 oratio
1655 902 1743 929 Conti-

950 952 1043 974 nuata.
1058 947 1243 982 Quoadusque
1260 948 1375 982 recipiat
1391 948 1473 975 homo
1486 948 1669 977 Paracletum.
1681 951 1743 982 eget

950 992 1052 1020 divinis
1062 994 1225 1028 bcripturis,
1240 998 1269 1020 ut
1284 994 1311 1020 in
1328 998 1419 1021 mente
1430 1002 1478 1021 sua
1491 994 1626 1020 bonorum
1640 1001 1742 1020 metuo-

950 1039 991 1065 ria
1008 1038 1182 1071 informetur,
1204 1045 1232 1066 ct
1246 1047 1280 1066 ex
1301 1039 1432 1067 continua
1456 1039 1574 1066 lectione
1598 1039 1744 1066 innovetur

950 1084 978 1110 in
998 1084 1057 1119 ipso
1071 1090 1160 1112 motus
1174 1085 1200 1111 io
1216 1085 1300 1117 bono,
1317 1089 1345 1112 et
1359 1085 1494 1112 custodiat
1511 1085 1630 1111 animam
1652 1092 1741 1116 suam,

950 1135 978 1157 et
991 1130 1025 1157 ab
1038 1130 1111 1156 omni
1130 1130 1283 1157 subtilitate
1302 1131 1417 1165 peccati,
1431 1131 1495 1165 quia
1509 1130 1630 1157 nondutu
1647 1130 1742 1165 acqui-

951 1176 1015 1203 sivit
1029 1176 1160 1203 virtutem
1177 1176 1306 1211 Spiritus,
1322 1185 1383 1211 qua:
1399 1177 1542 1211 prolongut
1559 1184 1682 1203 errorem
1698 1184 1744 1203 ca-

951 1221 1103 1256 ptivantem
1130 1222 1213 1248 utiles
1230 1222 1328 1249 anitum
1356 1223 1571 1251 recordationes.
1596 1226 1743 1256 ct-appro-

951 1267 1131 1301 pinquantem
1150 1267 1410 1301 frigiditatimentis
1426 1276 1486 1302 quae
1509 1267 1537 1294 {it
1562 1268 1588 1294 in
1612 1275 1744 1302 consper-

951 1314 1028 1341 sioue
1046 1314 1142 1348 ipsius.
1162 1315 1228 1342 Nam
1254 1315 1364 1350 quando
1390 1315 1479 1342 virtus
1505 1315 1625 1350 Spiritus
1647 1323 1746 1350 supcr-

952 1360 1027 1387 \'enit
1041 1360 1135 1387 virtuti
1148 1361 1247 1387 auium:
1262 1369 1322 1395 qua:
1343 1366 1474 1395 operatur
1494 1369 1541 1396 per
1563 1362 1660 1396 ipsum.
1680 1367 1746 1389 tunc

951 1413 1002 1440 pro
1020 1406 1078 1441 lege
1095 1405 1299 1441 Scripturarum
1321 1407 1447 1433 mandata
1470 1407 1588 1442 Spiritus
1602 1408 1746 1435 adducun-

953 1459 1008 1486 tur,
1025 1457 1052 1480 ct
1067 1462 1082 1480 ιι
1097 1454 1218 1481 sensuali
1235 1455 1349 1481 materia
1363 1455 1466 1481 auxilio
1481 1455 1557 1482 nullo
1568 1459 1639 1490 eget.
1655 1454 1747 1488 Quana

953 1500 1000 1526 diu
1016 1499 1089 1526 enim
1111 1508 1158 1526 cor
1175 1500 1341 1527 animalibus
1359 1501 1515 1533 instruitur,
1533 1501 1685 1528 doctrinam
1703 1501 1746 1528 ni-

110 1546 205 1577 uibus,
228 1545 371 1580 elongatus
394 1543 495 1578 poterit
515 1542 557 1570 eis
577 1542 739 1569 benefacere
762 1542 853 1576 potius
873 1541 900 1568 in

955 1546 1056 1572 mirum
1072 1553 1151 1572 error
1162 1550 1190 1573 et
1205 1545 1308 1573 oblivio
1320 1546 1490 1574 comitantur
1505 1556 1511 1574 :
1525 1555 1587 1575 cum
1610 1555 1676 1574 vero
1696 1548 1746 1575 dos

111 1591 183 1620 ctelo
195 1591 330 1618 bonorum
343 1597 458 1625 operum
471 1595 553 1623 quam
568 1587 596 1614 in
610 1587 713 1618 verbis,
725 1587 790 1614 dum
803 1591 831 1614 ct
845 1586 903 1621 ipse

111 1637 238 1665 infirmus
254 1636 290 1663 sit
304 1639 332 1663 et
347 1639 424 1671 egeat
436 1634 552 1662 sanitate
569 1634 631 1668 plus
645 1633 685 1660 eis
699 1641 705 1659 :
719 1632 901 1664 Circusenim,

110 1685 135 1712 εἰ
157 1691 254 1712 cet-um
278 1683 394 1714 duxerit,
415 1681 492 1708 ambo
515 1681 544 1707 in
563 1680 664 1714 foveam
687 1680 784 1706 cadunt
807 1679 839 1705 ".
863 1679 903 1705 llli

111 1731 198 1762 enim,
213 1729 260 1765 qui
275 1736 355 1757 sanas
368 1728 471 1755 habent
492 1727 695 1758 scnsualitates,
711 1731 740 1754 et
761 1725 904 1753 exercitati

112 1781 189 1808 sunt,
207 1776 254 1811 qui
267 1775 350 1803 etiam
364 1777 479 1810 possunt
490 1781 600 1801 sumere
617 1780 727 1800 onmem
742 1772 845 1803 cibum,
865 1772 906 1798 vi-

112 1823 216 1850 delicet
230 1822 350 1850 insultus
364 1820 487 1848 omnium
501 1827 641 1851 sensuum,
659 1827 711 1846 nec
727 1819 762 1846 ab
777 1818 905 1845 omnibus

112 1876 176 1904 qua:
191 1867 243 1895 sibi
258 1870 410 1894 occurrunt
422 1865 562 1904 laesionem
579 1865 726 1892 incurrunt
739 1863 831 1890 cordis
843 1871 906 1898 pro-

112 1919 177 1950 pter
192 1913 418 1941 exercitationem
437 1911 625 1947 perfectionis,
643 1910 794 1946 prmdicent
808 1915 836 1937 et
851 1910 907 1937 fru-

112 1959 239 1987 ctificent
254 1959 280 1986 in
300 1957 468 1985 humilitate.
482 1956 556 1984 Oculi
572 1956 679 1983 Domini
695 1964 774 1991 super
794 1955 906 1988 Immites

112 2006 202 2038 corde,
217 2010 240 2032 et
257 2013 335 2032 aures
350 2004 407 2040 ejus
422 2004 456 2030 ad
469 2011 558 2039 preces
573 2011 663 2030 eorum
679 2003 712 2030 ³³.

151 2051 266 2085 Quando
284 2051 410 2078 diabolus
425 2050 485 2077 vult
500 2054 618 2076 mentem
633 2049 825 2083 religiosorum
841 2056 908 2076 cou-

114 2098 262 2130 taminare,
280 2097 425 2124 immemor
442 2095 641 2127 fornicationis,
663 2095 741 2130 pritts
764 2095 791 2121 iu
815 2102 907 2122 amore

113 2153 193 2172 vana:
207 2144 300 2180 gloria:
319 2142 419 2178 probat
435 2141 556 2170 mentem
571 2141 706 2176 ipsorum,
720 2141 784 2175 quia
800 2141 907 2167 initium

114 2191 201 2225 hujus
225 2189 400 2225 cogitationis
425 2195 486 2216 esse
509 2187 606 2215 vitium
633 2195 688 2214 non
720 2191 842 2221 putatur.
869 2186 908 2213 ita

113 2237 191 2264 enim
204 2236 293 2263 facere
305 2235 448 2263 consuevit
457 2234 679 2262 custodientibus
689 2238 807 2260 mentem
819 2240 907 2265 suam,

114 2284 144 2312 in
160 2283 263 2317 quibus
273 2289 327 2309 non
341 2286 432 2316 potest
442 2281 578 2308 seminare
590 2279 771 2315 cogitationes
784 2279 908 2313 iniquas;

114 2335 146 2357 et
162 2333 307 2364 postquam
323 2327 450 2355 eduxerit
460 2334 508 2354 eos
519 2325 730 2353 annuntiatione
743 2332 804 2357 sua,
817 2329 845 2351 et
856 2332 911 2352 cm—

115 2375 191 2403 ncrit
203 2381 267 2402 cum
281 2373 447 2409 cogitatione
463 2371 746 2407 pristina~disputare,
760 2375 788 2397 et
800 2371 911 2404 elonga-

114 2422 191 2450 verit
207 2429 271 2453 eos;
286 2419 379 2447 statim
396 2419 460 2446 inde
473 2418 596 2446 occurrit
611 2418 637 2444 ei
652 2417 680 2444 in
693 2416 780 2444 forma
792 2416 912 2444 fornica-

116 2469 215 2501 tionis,
237 2471 266 2495 et
281 2465 421 2494 subvertit
444 2470 563 2492 montem
587 2464 614 2491 in
632 2464 715 2491 rebus
736 2464 861 2490 luxuriae.
878 2463 911 2490 Et

115 2517 210 2552 primo
223 2514 335 2550 quidem
358 2512 506 2540 turbantur
522 2511 549 2538 in
573 2510 666 2538 subito
679 2517 776 2537 eorum
799 2510 910 2537 incursu

116 2566 234 2599 propter
246 2560 447 2596 prmcedentem
461 2558 614 2586 castitatem
629 2556 837 2592 cogitationum,
852 2565 912 2591 qua:

115 2612 282 2638 occurrerat
304 2607 387 2634 rebus
403 2613 418 2633 a
439 2604 540 2640 quibus
563 2610 642 2631 tuens
667 2603 757 2630 fuerat
775 2608 911 2638 separata.

117 2657 157 2684 Et
170 2654 298 2690 quamvis
316 2661 373 2680 non
391 2650 612 2679 contaminantur
627 2650 751 2681 omnino,
766 2657 781 2676 a
804 2650 913 2684 propria

118 2706 214 2728 tamen
228 2698 362 2734 dignitate
375 2695 470 2731 dejicit
480 2696 564 2729 ipsos.
580 2693 607 2721 Si
620 2701 685 2720 vero
695 2701 772 2720 meus
781 2701 913 2721 conversa

118 2746 208 2774 tuerit
230 2749 394 2775 retrorsum,
408 2747 436 2769 et
454 2739 658 2768 conculcaverit
672 2738 791 2773 primum
809 2739 914 2774 rogita-

165 2803 188 2819 "
204 2802 301 2830 Matth.
314 2809 378 2833 xxv,
392 2800 436 2828 46.
483 2799 504 2815 ³⁸
520 2799 617 2826 Matth.
630 2805 688 2829 vui,
703 2797 747 2829 ll,
763 2797 805 2824 12.

116 2843 218 2872 xxviii.
236 2837 277 2863 16.

856 2798 877 2813 ¹²
892 2797 974 2825 ilrhr.
991 2806 1019 2830 γ,
1035 2797 1077 2823 12.

959 1592 1049 1618 ctrina
1081 1591 1202 1626 Spiritus
1235 1591 1322 1624 adest,
1351 1597 1416 1618 tunc
1445 1593 1575 1619 memoria
1593 1592 1746 1620 custoditur

956 1637 1048 1664 illtesa.
1065 1636 1134 1664 Sunt
1148 1637 1328 1672 cogitationes
1349 1638 1427 1665 bona:
1444 1644 1526 1674 atque
1546 1639 1632 1671 malae,
1649 1639 1748 1666 similis

955 1688 998 1711 ter
1013 1688 1041 1711 et
1062 1684 1227 1712 voluntates.
1251 1685 1361 1712 Primus
1378 1684 1448 1711 ordo
1470 1686 1576 1712 scilicet
1600 1684 1748 1720 cogitatio-

955 1738 1032 1762 num,
1047 1735 1089 1758 cst
1106 1737 1197 1758 motus
1215 1731 1352 1759 transiens
1375 1732 1402 1759 in
1426 1736 1534 1763 mente;
1557 1732 1629 1759 sicut
1650 1736 1749 1759 ventus

955 1777 1002 1812 qui
1022 1777 1110 1812 surgit
1125 1777 1152 1804 in
1168 1777 1247 1810 mari,
1263 1782 1291 1804 et
1309 1777 1336 1804 in
1351 1777 1450 1804 undam
1468 1785 1496 1804 se
1509 1777 1624 1804 extollit.
1642 1777 1748 1805 Secun-

957 1823 1009 1850 dus
1020 1823 1126 1851 scilicet
1143 1824 1314 1851 voluntatum
1332 1824 1400 1851 ordo
1411 1828 1453 1851 est
1468 1823 1545 1858 quasi
1561 1823 1747 1858 pavimentum

957 1874 985 1897 et
998 1869 1218 1901 fumlamentum,
1230 1874 1257 1896 ct
1268 1869 1419 1896 secundum
1436 1869 1623 1903 pavimentum
1639 1869 1748 1896 termini

956 1923 1011 1942 non
1027 1915 1104 1949 juxta
1128 1915 1325 1948 cogitationum
1350 1919 1441 1941 motus
1467 1914 1495 1940 lit
1513 1914 1577 1940 boni
1602 1914 1751 1943 retributio

957 1966 1039 1995 atque
1055 1961 1129 1988 mali.
1148 1961 1243 1989 Anima
1266 1969 1299 1988 ex
1318 1966 1392 1987 motu
1415 1961 1613 1994 cogitationum
1632 1968 1748 1987 ('Olt\'el‘~

959 2006 1076 2038 tibilium
1098 2014 1152 2033 non
1169 2005 1287 2040 quiescit
1303 2013 1309 2032 :
1324 2005 1345 2032 si
1363 2013 1428 2033 vero
1442 2006 1497 2040 (‘24)
1515 2006 1664 2040 unicuique
1688 2005 1749 2032 illa-

959 2059 1019 2078 rum
1035 2051 1218 2078 mutationqu
1241 2050 1360 2077 dedecus
1383 2049 1517 2077 inseveris
1536 2049 1561 2076 in
1578 2049 1671 2076 cordis
1687 2048 1750 2075 fun-

959 2097 1088 2124 damento
1103 2105 1155 2123 non
1171 2096 1319 2123 exsislente
1335 2104 1389 2128 xxt,
1407 2103 1437 2122 es
1453 2101 1480 2122 tu
1499 2094 1531 2122 ad
1548 2095 1662 2122 alterum
1685 2094 1750 2121 dum

960 2141 1083 2177 quotidie
1102 2141 1235 2169 adversus
1251 2146 1294 2168 tua
1314 2142 1383 2168 mala
1398 2146 1480 2175 atque
1499 2140 1579 2167 bona.

996 2187 1060 2214 Avis
1083 2187 1240 2222 impennata
1255 2191 1297 2213 cst
1318 2194 1395 2214 meus
1412 2186 1510 2214 educta
1528 2186 1636 2212 noviter
1651 2195 1665 2213 a
1686 2195 1749 2213 con-

961 2233 1078 2260 nexioue
1091 2233 1221 2260 vitiorutn
1242 2241 1292 2268 per
1309 2233 1510 2267 pmnitentiatu.
1527 2237 1555 2260 et
1578 2232 1605 2259 in
1630 2238 1753 2267 tempore

961 2279 1095 2306 orationis
1113 2279 1243 2305 laborans
1264 2278 1356 2306 extolli
1375 2286 1389 2305 a
1409 2278 1526 2305 terrenis
1545 2278 1637 2309 rebus,
1654 2282 1681 2304 ct
1703 2285 1752 2304 ne-

962 2326 1061 2361 quiens
1075 2334 1080 2351 :
1095 2326 1143 2352 scd
1167 2325 1258 2352 adhuc
1276 2333 1390 2360 serpens
1405 2333 1487 2359 super
1503 2329 1582 2352 terrm
1604 2324 1712 2356 facient,
1727 2330 1754 2352 et

962 2372 1053 2398 adhuc
1066 2371 1160 2397 volare
1175 2379 1228 2397 non
1246 2376 1352 2405 potens.
1370 2371 1565 2398 Verumtamen
1581 2370 1685 2405 colligit
1706 2378 1753 2398 co-

963 2417 1110 2453 gitationes
1121 2425 1185 2444 suas
1195 2417 1221 2443 in
1233 2417 1363 2448 lectione,
1379 2421 1407 2444 et
1418 2416 1590 2451 operatione,
1601 2421 1630 2443 ct
1645 2416 1753 2450 timore,

965 2468 993 2491 et
1007 2470 1072 2490 cura
1086 2462 1221 2490 veritatis.
1238 2461 1305 2489 Nam
1318 2466 1419 2496 praeter
1433 2461 1491 2489 haec
1505 2461 1608 2496 aliquid
1619 2461 1688 2488 scire.
1699 2469 1754 2489 non

966 2512 1068 2543 potest,
1080 2512 1109 2535 ct
1120 2508 1178 2535 haec
1190 2515 1299 2542 quoque
1313 2511 1479 2535 conservant
1494 2512 1614 2535 mentem
1629 2507 1755 2542 impollu-

966 2558 1021 2581 tam
1039 2554 1071 2581 ad
1087 2554 1171 2581 breve
1186 2558 1293 2589 tempus
1309 2562 1315 2580 :
1332 2557 1427 2589 postea
1443 2561 1509 2581 vero
1525 2553 1642 2582 veniunt
1662 2562 1756 2582 recor-

967 2600 1102 2632 dationes,
1122 2604 1150 2627 et
1173 2600 1342 2627 conturbant
1356 2605 1384 2628 et
1402 2600 1589 2628 contaminant
1612 2609 1669 2634 cor,
1693 2601 1757 2636 quia

967 2647 1090 2674 nondum
1108 2647 1242 2681 persentit
1256 2647 1435 2682 tranquillum
1451 2654 1542 2674 aerem
1564 2646 1708 2677 libertatis.
1723 2646 1757 2674 ad

968 2702 1049 2729 quem
1068 2701 1117 2728 per
1131 2693 1298 2720 oblivionem
1318 2701 1411 2721 rerum
1434 2698 1495 2728 post
1515 2693 1626 2728 longum
1651 2698 1759 2727 tempus

968 2739 1072 2774 colligit
1092 2744 1222 2770 mentem,
1239 2740 1370 2774 quoniam
1384 2739 1475 2766 adhuc
1489 2739 1544 2766 alas
1561 2739 1645 2766 habet
1659 2747 1758 2773 corpo-

1129 2797 1152 2812 ³³
1167 2797 1282 2830 Luc.tv,
1297 2797 1343 2825 23.
1394 2797 1416 2814 "
1436 2797 1502 2824 Luc.
1520 2804 1558 2829 vt,
1568 2796 1612 2824 59.
1655 2796 1756 2824 “Psal.

165 2887 218 2921 εει)
239 2884 268 2912 Si
289 2891 359 2916 vero,
377 2886 430 2909 ctc.
449 2881 538 2909 Locus
557 2881 692 2915 implexus
702 2879 762 2907 aliis
778 2878 956 2906 cxtricandus
970 2877 1146 2913 relinquitur.
