1967 3091
224 131 277 162 835

225 235 293 262 Nam
323 234 566 268 contemplationis
594 234 712 262 virtutes
737 234 859 262 nondum
889 235 1017 270 inspexit,

226 289 277 308 nec
293 281 367 315 ipsas
386 280 489 307 sentire
507 280 686 315 promeruit;-
697 289 757 315 qua:
772 285 837 308 sunt
852 281 900 308 alie
919 281 1020 309 mentis

224 327 327 363 quibus
337 327 482 361 elongatur
493 334 508 353 a
521 326 647 358 terrenis,
660 331 688 354 et
699 327 857 354 cmlestibns
872 328 1021 363 appropin-

224 378 338 409 qualur.
364 372 492 405 Quandiu
514 373 694 400 scnsibilibus
717 373 800 400 rebus
822 374 1029 401 ministraverit’

183 457 186 459 _
222 420 289 456 quis
305 419 430 450 Domino,
447 418 473 446 in
486 419 580 453 ﬁguris
592 419 685 446 divina
699 420 867 452 considerat,
883 425 910 448 et
925 409 1019 447 formae

227 474 319 494 rerum
335 467 462 501 ipsarum"
474 466 500 492 in
517 466 574 493 suis
589 466 803 501 cogitationibus
816 467 997 494 informantur
1011 476 1017 493 :

226 520 289 540 eum
302 520 368 539 vero
382 519 431 546 per
450 511 583 538 interiora
601 511 679 544 ﬁunt,
700 514 850 548 tuncjnxta
864 521 1018 540 mensuram

227 559 416 588 sensualitatis
437 566 503 590 suae,
518 567 596 586 mens
615 560 669 587 erit
691 560 724 587 ad
749 565 859 596 tempus
874 561 1020 588 sublimior

227 604 324 631 formis
339 611 441 630 rerum.
457 603 571 635 Quando
587 604 678 631 anima
697 609 742 632 tua
757 606 1020 641 appropinquarerit

228 654 259 677 ut
270 657 350 676 exeas
362 657 376 676 a
391 649 524 680 tenebris,
539 649 597 677 haec
611 650 659 677 tibi
674 651 729 677 sitit
742 659 792 686 pro
808 652 886 687 signo
900 661 906 678 :
922 655 1020 679 :estuat

228 703 277 724 cor
292 701 368 722 tuum
386 700 414 723 et
428 695 529 727 caleﬁt,
544 697 615 723 sicut
631 697 702 732 ignis
720 697 765 725 die
780 706 812 726 ac
830 703 926 731 nocte,
938 699 974 725 ita
991 702 1021 724 ut

227 747 315 770 totqu
331 741 464 768 mundum
480 746 591 776 reputes
616 746 744 776 tauquam
765 747 887 770 stercora
901 748 928 776 et
945 744 1020 770 eine-

227 797 297 821 rcm.
312 797 364 817 nec
379 789 470 816 cibum
488 793 599 823 appetas
615 797 670 823 pne
689 789 834 816 dulcedine
854 789 1020 817 mirabilium

228 839 256 863 ct
274 835 439 863 ferventiuin
456 835 664 869 cogitationum,
679 843 740 869 qua
755 842 863 869 semper
876 841 1020 862 moventur

228 881 256 908 in
271 881 361 908 anima
380 886 435 914 tua,
449 885 477 908 et
492 881 572 908 datur
590 881 638 908 tibi
655 881 715 907 fons
730 881 821 907 subito
837 881 1019 916 lacrymarum

228 927 301 955 sicut
319 931 427 954 torrens
448 927 583 954 montium
605 926 708 960 absque
731 926 872 958 violentia,
888 934 948 961 qua:
965 934 1022 953 om-

227 974 311 1001 nibus
324 973 455 1008 operibus
468 973 522 1000 tnis
535 973 759 1000 commiscentur.
776 972 844 1000 Cum
858 976 949 1000 autem
964 973 1022 1000 llatc

229 1019 256 1046 in
278 1019 369 1046 anima
386 1023 432 1045 tua
448 1017 562 1048 videris,
579 1017 747 1048 confortarc,
764 1017 828 1052 quia
847 1025 920 1044 mare
931 1023 1021 1045 trans-

227 1064 352 1093 fretasti:
373 1070 401 1091 et
415 1064 455 1090 sic
469 1063 581 1097 adjicias
598 1063 728 1097 operibus
743 1063 808 1094 tuis,
828 1068 855 1090 et
873 1067 934 1090 tene
952 1063 1022 1090 bene

229 1110 393 1141 custodiam,
411 1114 441 1136 ut
456 1109 654 1144 multiplicetur
671 1109 698 1135 in
722 1115 747 1136 te
774 1109 860 1144 gratia
875 1110 909 1136 de
932 1109 977 1136 die
994 1109 1021 1140 in

229 1155 313 1185 diem,
327 1162 471 1189 quousque
489 1154 533 1181 hic
550 1153 704 1180 obviaveris
721 1153 786 1189 (25).
806 1153 931 1181 Nondum
947 1155 1021 1181 enitn

229 1200 367 1235 perfecisti
384 1199 455 1226 viam
473 1204 558 1231 tuam,
572 1199 624 1226 nisi
650 1199 788 1235 pertingas
811 1200 845 1227 ad
869 1209 938 1236 opus
961 1201 1020 1229 Dei.

229 1246 308 1279 Quod
332 1245 354 1272 si
383 1249 527 1280 postquam
551 1245 662 1272 veneris
685 1249 713 1271 et
739 1246 880 1280 acceperis
905 1247 1021 1281 gratiam

229 1293 424 1327 lacrymarum,
451 1291 620 1318 cessaverint
646 1291 782 1326 lacrymm,
809 1297 837 1319 et
859 1292 934 1319 calor
958 1298 1022 1321 tuus

230 1338 390 1374 frigefactus
408 1337 491 1364 fuerit
508 1337 566 1364 sine
582 1338 745 1364 alteratione
763 1338 876 1366 alterius
899 1339 950 1371 rei,
967 1341 1021 1368 sci-

230 1386 296 1414 licet
306 1385 465 1412 inﬁrmitate
476 1384 611 1418 corporis.
623 1391 657 1411 ne
670 1384 718 1411 tibi
732 1385 797 1420 quid
811 1386 878 1421 (26),
891 1387 1021 1421 quoniam

233 1432 284 1467 13
300 1432 327 1458 in
351 1431 498 1458 elationem
521 1433 568 1456 aut
593 1430 787 1465 negligentiam
811 1433 973 1466 pervenisti.
992 1433 1021 1461 Si

230 1485 314 1513 opera
330 1485 385 1504 non
403 1476 498 1505 babes.
515 1475 548 1502 de
564 1476 714 1503 virtutibus
730 1485 784 1503 non
801 1477 933 1512 loquaris.
954 1479 1020 1506 Pre-

911 133 941 162 S.
965 133 1085 163 ISAACI
1107 134 1192 163 SYRI

225 195 296 219 reas,
324 187 350 215 id
377 192 429 219 est,
455 187 572 215 virtutes
596 195 657 223 qua:
685 187 829 216 manifeste
856 195 1017 224 operantur.
1033 193 1055 220 Α
1073 191 1200 223 ritatem;
1216 189 1264 216 scil
1278 189 1352 216 calor
1368 188 1401 216 ad
1413 188 1511 216 animae
1522 188 1645 216 lzetitiam
1665 197 1672 214 -.

1782 115 1787 122 ί
1808 131 1867 161 836

1694 188 1794 215 exhibe
1811 189 1867 216 tibi

1072 237 1153 269 illud,
1178 236 1304 263 calefacit
1326 244 1444 270 corpus;
1469 235 1517 262 sed
1545 235 1662 262 verbum
1675 235 1722 262 Dei
1736 235 1770 262 ad
1786 235 1869 262 futu-

1073 290 1134 309 rum
1158 283 1290 308 monium
1313 286 1431 309 mentes.
1455 280 1533 307 Sicut
1559 279 1598 307 illi
1618 280 1665 315 qui
1687 280 1868 307 inebriantur

1071 328 1147 359 vino,
1174 327 1276 362 ﬁguras
1291 332 1320 353 et
1334 327 1438 354 formas
1453 326 1586 353 alteratas
1601 325 1806 360 imaginantur;
1821 326 1867 353 sic

1070 379 1098 400 et
1115 374 1153 400 illi
1176 373 1222 408 qui
1244 373 1420 400 inebriantur
1433 380 1482 407 spe
1503 376 1531 399 et
1546 371 1689 403 ealeﬁont,
1703 379 1754 398 nec
1773 371 1866 398 tribu-

1071 420 1204 447 lationem
1223 419 1391 454 percipiunt,
1410 427 1461 446 nec
1476 418 1581 453 aliquid
1595 418 1737 445 seculare.

1107 465 1171 493 ilzee
1198 470 1290 493 autent
1314 466 1480 500 contingunt
1497 464 1716 499 simplicioribus
1732 463 1816 491 corde
1835 468 1867 491 et

1071 511 1289 539 ferventioribus
1314 519 1374 548 spe,
1397 516 1425 538 et
1441 511 1493 550 alia
1510 511 1610 538 similia
1631 515 1694 545 post
1720 510 1865 537 assiduam

1071 558 1263 593 operationem
1275 563 1304 585 et
1318 557 1481 584 munditiam
1498 567 1504 583 :
1521 565 1582 592 qua:
1599 557 1690 584 omnia
1709 561 1866 591 prteparata

1072 609 1137 631 sunt
1159 605 1215 632 illis
1239 604 1287 639 qui
1317 604 1461 631 ambulant
1484 604 1511 630 in
1540 603 1638 631 semita
1667 603 1864 629 mandatorum

1071 652 1139 679 Dei:
1159 652 1204 678 hic
1220 651 1316 686 tttique
1340 655 1432 686 gustat
1452 651 1479 677 in
1504 650 1640 685 principio
1657 649 1707 676 viae
1729 649 1776 676 Dei
1800 658 1866 684 pro-

1071 702 1134 732 pter
1158 697 1239 724 ﬁdetn
1262 697 1360 724 animze
1386 704 1453 723 stlte.
1477 695 1574 723 Omnia
1595 696 1669 723 enim
1688 702 1861 730 qmecunqne

1071 744 1130 770 vult
1154 743 1238 775 Deus,
1269 743 1343 769 facit.
1369 742 1444 769 Beati
1461 741 1508 777 qui
1527 742 1736 776 praieinxerunt
1751 741 1872 779 lumbos

1072 797 1138 817 suos
1151 789 1183 816 ad
1199 797 1274 815 mare
1297 788 1520 820 tribulationum,
1548 788 1576 814 in
1599 787 1787 822 simplicitate,
1818 787 1861 814 in-

1073 834 1216 868 scrutabili
1229 833 1310 861 modo
1328 837 1442 868 propter
1458 841 1581 860 amorem
1597 833 1644 860 Dei
1658 841 1665 860 τ
1685 840 1735 860 nec
1747 833 1866 860 dedide—

1074 884 1139 906 runt
1157 884 1243 914 terga,
1257 879 1387 914 quoniam
1405 879 1439 906 ad
1453 879 1551 906 salutis
1565 884 1674 914 portum
1687 885 1767 914 quam
1780 879 1867 906 citius

1073 926 1239 961 dirigentur,
1256 930 1283 953 et
1299 926 1445 960 quiescent
1460 925 1488 952 in
1507 926 1694 952 tabernaculis
1706 933 1803 952 eorum
1815 925 1865 960 qui

1073 971 1144 999 bene
1161 971 1369 1003 laboraverunt,
1388 976 1416 998 et
1433 971 1657 998 consolabuntur
1671 979 1686 999 a
1701 971 1866 998 tribulatio-

1073 1018 1158 1044 nibus
1178 1017 1246 1048 suis,
1264 1021 1292 1044 ct
1307 1017 1489 1044 exsultabunt
1514 1017 1541 1044 in
1567 1017 1663 1044 laetitia
1688 1017 1782 1044 cordis
1807 1017 1864 1043 sui.

1073 1064 1126 1097 Qui
1152 1071 1200 1098 spe
1226 1068 1353 1095 currunt.
1388 1068 1501 1098 propter
1525 1062 1704 1097 asperitatem
1730 1062 1781 1089 size
1807 1070 1863 1088 non

1074 1114 1266 1141 revertuntur,
1286 1117 1337 1136 nec
1353 1114 1478 1144 spectant
1499 1108 1533 1136 ad
1551 1109 1746 1143 inquirendum
1761 1109 1795 1135 de
1810 1108 1866 1135 hac

1072 1155 1240 1190 asperitate;
1258 1155 1306 1182 sed
1325 1163 1373 1190 per
1394 1155 1446 1184 hoc
1468 1163 1544 1182 mare
1561 1159 1735 1182 transeuntes
1746 1159 1773 1181 et
1785 1161 1866 1189 aspe-

1073 1202 1183 1229 ritatem
1205 1201 1344 1234 videntes,
1372 1201 1429 1228 Deo
1451 1201 1555 1237 gratias
1578 1202 1713 1233 olIernnt,
1732 1201 1865 1236 quoniam

1072 1248 1202 1275 liberavit
1216 1255 1264 1275 eos
1278 1248 1313 1275 de
1335 1236 1472 1282 angustiis
1485 1252 1514 1275 et
1531 1247 1648 1283 rupibus
1664 1252 1692 1275 et
1707 1236 1865 1283 bujusmodi

1073 1295 1281 1330 asperitatibus,
1318 1295 1510 1322 nescientibus
1543 1295 1622 1329 ipsis.
1648 1294 1688 1321 llli
1719 1303 1786 1322 vero
1816 1295 1865 1329 qui

1073 1343 1174 1369 multas
1197 1341 1378 1376 cogitationes
1404 1341 1431 1368 in
1454 1346 1547 1368 mente
1563 1341 1721 1373 revolvunt,
1739 1341 1867 1369 volentes

1073 1387 1189 1415 nimium
1212 1395 1273 1414 esse
1300 1387 1456 1422 sapientes;
1473 1387 1538 1422 quia
1556 1391 1699 1422 exponunt
1718 1394 1750 1413 se
1762 1386 1867 1421 cogita-

1073 1435 1180 1462 tionum
1206 1433 1446 1465 subversionibus,
1469 1437 1625 1468 prmparant
1637 1440 1667 1459 se
1687 1431 1822 1468 pigritiae:
1839 1435 1869 1459 et

1072 1480 1228 1516 praevidere
1242 1479 1367 1507 volentes
1382 1479 1455 1506 viam
1472 1479 1643 1511 nocumenti,
1662 1479 1755 1514 plures
1768 1486 1868 1506 eorum

232 1523 310 1551 tiosae
327 1523 353 1549 in
371 1527 517 1557 conspectu
539 1517 647 1549 Domini
665 1522 865 1555 tribulatioues,
881 1532 942 1558 qua:
959 1529 1022 1552 sunt
1036 1534 1058 1563 (ι
1075 1531 1139 1554 ante
1163 1530 1257 1560 portas
1290 1525 1436 1553 domorum
1468 1534 1581 1553 suarum
1606 1533 1716 1560 semper
1738 1525 1869 1553 sedentes

232 1577 282 1605 pro
301 1569 360 1604 ipso
379 1573 407 1596 et
429 1573 542 1603 propter
567 1568 669 1603 ipsum,
685 1573 713 1595 et
729 1577 812 1603 super
827 1577 935 1597 onmem
962 1579 1024 1598 ora-

234 1617 336 1644 tionem
351 1619 379 1642 et
395 1615 560 1642 sacriﬁcium
575 1619 602 1642 et
615 1615 739 1648 odorem,
754 1620 782 1644 et
797 1616 882 1643 sudor
904 1617 1025 1652 ipsarum

234 1670 316 1697 super
329 1661 421 1688 omnia
434 1665 568 1688 aromata.

269 1707 427 1741 Quamlibet
444 1707 574 1733 virtutem
592 1705 660 1741 (Ἦ),
670 1706 729 1733 sine
739 1706 835 1734 labore
848 1707 975 1741 corporis
989 1705 1027 1733 fa-

235 1759 318 1784 ctam,
349 1757 447 1788 rcpnta
476 1752 549 1779 sicut
571 1752 728 1779 abortivum
751 1751 890 1779 exanime.
918 1751 1027 1779 Oblatio

234 1802 383 1836 jnstorum.
409 1799 536 1834 lacrymte
563 1798 709 1826 oculorum
736 1803 909 1831 suorum;et
924 1799 1028 1825 sacrifi—

237 1847 310 1874 cium
329 1845 511 1880 acceptabile,
527 1845 648 1880 gemitus
671 1852 766 1872 eorum
783 1845 809 1872 in
827 1845 941 1880 vigiliis.
959 1844 1028 1872 Ora-

238 1894 276 1921 tio
290 1892 405 1920 humilis
423 1896 552 1926 tanquam
568 1891 604 1918 ab
615 1899 663 1918 ore
680 1891 714 1918 ad
731 1899 813 1919 aures
832 1891 880 1918 Dei
895 1891 1028 1919 :Domine

238 1940 312 1968 Deus
330 1947 418 1971 meus,
436 1942 464 1965 tu
478 1938 603 1965 illumina
620 1937 751 1965 tenebras
765 1946 841 1971 meas
854 1938 882 1965 in
905 1942 1029 1973 tempore

241 1984 450 2018 tranquillitatis
478 1990 542 2011 tum.
562 1982 657 2011 Clama
678 1983 706 2010 in
730 1984 864 2019 operibus
881 1983 962 2012 bonis
976 1984 1029 2010 bu-

238 2031 382 2058 miliatus:
398 2030 558 2057 clamabunt
583 2029 617 2057 ad
642 2030 790 2057 Dominum
805 2030 886 2065 justi,
903 2030 1031 2065 corporis

241 2077 362 2112 pondere
379 2075 539 2111 angustiati,
563 2080 591 2103 et
613 2076 640 2102 in
668 2075 764 2103 dolore
782 2083 879 2111 preces
892 2076 926 2103 ad
944 2077 1031 2103 Deum

239 2122 369 2151 emittent
384 2129 391 2148 :
409 2121 436 2148 in
450 2121 573 2148 clamore
588 2121 665 2148 vocis
683 2129 739 2148 sua:
757 2121 847 2148 sancti
872 2121 985 2149 ordines
997 2122 1033 2149 ad

239 2169 375 2196 auxilium
402 2167 546 2199 accedent,
573 2170 603 2194 ut
628 2167 787 2194 cenforlent
812 2174 860 2195 eos
885 2173 914 2195 et
939 2168 966 2195 in
984 2175 1032 2203 spe

1077 1572 1224 1600 inveniunt
1246 1571 1324 1606 quasi
1347 1571 1483 1604 dicentes,
1497 1576 1529 1598 ut
1541 1572 1619 1607 piger
1636 1572 1816 1599 transmissus
1833 1571 1869 1599 ad

1077 1618 1150 1644 viam
1164 1617 1249 1644 dicit:
1264 1617 1315 1644 Leo
1325 1622 1362 1644 est
1373 1618 1402 1644 in
1417 1618 1470 1647 uia.
1484 1622 1509 1644 et
1524 1619 1658 1645 homicida
1672 1619 1701 1645 in
1717 1618 1817 1653 pfateit
1832 1618 1869 1651 ";

1077 1668 1106 1691 et
1123 1663 1200 1698 juxta
1220 1663 1282 1690 illos
1305 1663 1431 1690 dicentes
1453 1672 1460 1690 2
1481 1663 1563 1690 Filios
1584 1665 1724 1699 qigmmmt
1744 1665 1869 1697 uid-imus,

1078 1713 1222 1735 eieramus
1246 1708 1283 1734 eis
1306 1709 1373 1735 sicut
1392 1708 1499 1736 locusta
1511 1710 1543 1735 ’⁷.
1561 1709 1593 1736 lli
1608 1715 1674 1737 sunt
1688 1711 1735 1745 qui
1755 1711 1782 1737 in
1800 1715 1870 1737 tem—

1078 1761 1145 1788 pore
1158 1761 1208 1780 suo
1224 1754 1251 1780 in
1267 1753 1321 1786 via,
1339 1755 1387 1789 qui
1402 1763 1513 1790 semper
1527 1756 1625 1784 volunt
1639 1764 1698 1784 esse
1711 1758 1870 1792 sapientes;

1079 1799 1127 1827 sed
1144 1807 1248 1835 ponere
1263 1801 1430 1836 principium
1453 1803 1568 1830 omnino
1581 1810 1636 1830 non
1655 1804 1758 1831 valent:
1783 1804 1871 1832 ldiota

1078 1853 1146 1873 vero
1160 1850 1313 1873 transnatat
1327 1846 1353 1873 in
1371 1847 1461 1882 primo
1475 1848 1580 1880 calore,
1597 1848 1631 1876 de
1652 1857 1770 1884 corpore
1784 1850 1873 1877 nulla-
1917 1860 1919 1866 ε

1081 1897 1163 1920 tenus
1186 1899 1280 1919 curam
1303 1902 1414 1929 gerens,
1437 1902 1490 1923 nec
1513 1896 1638 1931 cogitans
1653 1896 1680 1923 in
1697 1901 1784 1924 semet
1799 1897 1872 1931 ipso.

1081 1944 1175 1966 utrum
1200 1939 1325 1967 lucretur
1348 1940 1454 1976 aliquid
1477 1949 1531 1969 nec
1555 1941 1590 1969 de
1604 1950 1654 1970 sua
1672 1943 1872 1978 negotiatione.

1116 1986 1176 2013 Non
1200 1987 1247 2014 ﬁat
1266 1986 1316 2014 tibi
1334 1987 1485 2014 multitudo
1505 1988 1649 2023 sapientia
1661 1989 1799 2016 lubricum
1813 1989 1874 2017 ani-

1081 2040 1132 2060 ma:
1149 2037 1178 2060 et
1188 2033 1307 2067 laqueus
1326 2037 1391 2060 ante
1405 2033 1504 2060 faciem
1517 2037 1593 2062 tuam
1609 2043 1614 2061 :
1630 2035 1680 2062 sed
1697 2035 1724 2062 in
1741 2035 1798 2064 Deo
1808 2043 1874 2063 con-

1087 2077 1165 2111 ﬁsus,
1196 2078 1315 2106 viriliter
1340 2086 1412 2114 pone
1431 2079 1542 2107 initium
1570 2080 1718 2108 incedendi
1738 2081 1874 2116 perviam

1083 2131 1145 2158 qua:
1162 2124 1265 2159 saginae
1280 2124 1361 2159 plena
1377 2129 1419 2152 est
1440 2134 1448 2152 :
1469 2125 1509 2153 Nc
1521 2134 1626 2162 smper
1643 2127 1759 2154 videaris
1779 2120 1875 2163 egenus

1084 2174 1109 2196 et
1127 2171 1213 2198 nudus
1230 2180 1245 2198 α
1264 2171 1375 2198 scientia
1392 2171 1456 2204 Dei;
1480 2172 1588 2199 timidus
1600 2174 1671 2200 enim
1686 2178 1710 2200 et
1725 2174 1771 2208 qui
1785 2179 1878 2202 uento:

241 2213 431 2252 consolentur.
458 2211 672 2239 Commnnicant
696 2211 787 2247 angeli
813 2212 899 2239 sancti
925 2213 953 2239 in
969 2221 1032 2249 pas—
1048 2214 1069 2241 Β
1085 2215 1267 2252 prazstolatur.
1292 2225 1345 2244 non
1372 2218 1515 2251 seminudi:
1538 2219 1580 2251 ";
1611 2219 1710 2246 melior
1735 2224 1778 2246 est
1801 2220 1875 2247 enim

241 2259 366 2288 sionibus
378 2262 406 2285 et
424 2258 651 2285 tribulationibus
666 2262 781 2293 propter
797 2258 1029 2293 propinquitatem

241 2313 330 2334 suam.
346 2305 419 2331 Bona
441 2303 568 2338 operatio
584 2308 612 2331 et
627 2304 778 2333 humilitas.
789 2304 931 2332 hominem
948 2305 1030 2332 deum

242 2352 348 2379 faciunt
371 2357 457 2384 super
479 2354 581 2376 terram
599 2358 605 2375 :
624 2349 692 2377 fides
716 2357 784 2377 vero
799 2354 827 2377 et
843 2350 1031 2378 misericordia

241 2399 296 2426 cito
322 2397 429 2424 faciunt
458 2395 491 2422 ad
516 2395 682 2422 munditiam
703 2399 885 2423 transmeare.
905 2395 1032 2424 Calorem

241 2450 269 2472 et
282 2443 480 2472 eontritioncm
499 2441 527 2468 in
547 2450 600 2468 una
615 2441 707 2469 anima
725 2441 784 2468 ﬁeri
797 2441 966 2476 impossibile
979 2446 1031 2474 est,

242 2490 314 2516 sicut
341 2489 367 2514 in
399 2495 455 2514 uno
480 2486 594 2513 homine
627 2486 791 2513 ebrietatem
804 2490 832 2513 ct
866 2486 1032 2514 modestiam

241 2534 432 2569 cognitionum
449 2541 457 2559 :
473 2540 534 2559 cum
561 2532 662 2559 animae
687 2532 768 2559 datur
781 2531 826 2559 hic
839 2532 926 2564 calor,
940 2533 1029 2560 aufer-

241 2584 288 2606 tur
301 2579 335 2605 ab
350 2586 384 2606 eo
401 2579 532 2606 contritio
559 2583 590 2606 et
612 2578 714 2605 luctus.
740 2577 896 2613 Vinumque
914 2579 947 2605 ad
962 2579 1034 2607 hila-

278 2659 301 2675 "
316 2659 396 2686 Prov.
410 2657 534 2688 xxvt.l3.
574 2657 595 2672 ³⁷
613 2657 694 2685 Num.
717 2665 776 2689 xm,
797 2657 842 2684 54,

274 2714 334 2745 (25)
344 2713 504 2741 Obvinveris.
524 2714 579 2745 AL.
589 2715 742 2742 obuiauerit.

277 2750 334 2784 (9.6)
349 2749 387 2777 Ne
398 2750 443 2776 tibi
456 2750 528 2784 quid.
546 2751 614 2783 Quis
629 2751 686 2778 haec
702 2751 768 2778 Inibi
789 2750 940 2779 edisserat?

280 2786 334 2819 (27)
350 2785 504 2818 Quamlibet
516 2786 649 2814 virtutem.
667 2790 718 2813 etc.
738 2786 800 2813 nite
816 2786 881 2813 illud
898 2787 1031 2822 accipito...

240 2821 354 2849 Certum
370 2826 412 2848 est
435 2824 508 2847 viros
523 2821 659 2855 perfectos
688 2821 826 2848 interdum
855 2823 882 2850 in
897 2821 1030 2850 exercitio

244 2857 387 2889 virtutum,
403 2864 519 2892 quarum
537 2855 647 2883 habitus
665 2856 719 2883 alte
735 2856 838 2883 deﬁxos
855 2864 1030 2892 conservant,

880 2659 903 2674 ³⁸
923 2659 1014 2687 Ecele.
1029 2669 1066 2693 XI,

1085 2269 1161 2290 mors
1186 2270 1237 2297 pro
1259 2263 1327 2295 Deo,
1353 2271 1437 2298 quam
1460 2264 1517 2291 vita
1534 2272 1597 2292 eum
1614 2265 1780 2293 verecundia
1793 2265 1876 2301 etpi-

1087 2309 1170 2343 gritia
1205 2309 1277 2336 Cum
1302 2309 1427 2337 volucris
1458 2309 1587 2345 incipere
1608 2319 1680 2346 opus
1707 2311 1767 2344 Dei,
1797 2312 1876 2347 prius

1087 2354 1177 2381 conde
1203 2358 1425 2389 testamentum.-
1439 2361 1569 2391 tanquam
1594 2365 1655 2384 non
1666 2357 1881 2385 habeasvivere-

1081 2399 1112 2426 in
1132 2400 1182 2427 liae
1198 2400 1276 2427 vitat:
1292 2405 1319 2428 et
1331 2401 1405 2428 sicut
1421 2401 1471 2430 ille:
1482 2403 1534 2437 qui:
1545 2410 1575 2430 se
1593 2404 1701 2438 paravit
1713 2403 1747 2430 ad
1759 2410 1874 2431 mortem

1083 2446 1236 2481 desperans
1250 2446 1284 2474 de
1301 2448 1360 2474 vita
1374 2456 1434 2480 sua,
1450 2448 1539 2477 donee
1555 2451 1700 2484 perveniat
1716 2451 1750 2478 ad
1767 2455 1876 2486 tempus

1083 2491 1194 2518 termini
1224 2493 1277 2520 sui.
1303 2493 1338 2520 Et
1364 2493 1421 2521 base
1439 2494 1545 2522 habeas
1556 2496 1583 2522 in
1602 2501 1694 2524 mente
1711 2502 1768 2530 tua,
1784 2502 1814 2525 et
1830 2506 1875 2526 ca-

1083 2544 1148 2564 veas
1163 2545 1198 2564 ne
1214 2537 1381 2573 impediaris
1393 2547 1441 2575 spe
1455 2541 1617 2575 pcenitentis
1629 2542 1694 2570 vitae
1706 2543 1741 2570 ad
1751 2551 1875 2579 pugnan-

1083 2582 1149 2610 dum
1170 2588 1198 2611 et
1215 2585 1394 2614 vincendum.
1412 2586 1480 2614 Nam
1498 2595 1563 2623 spes
1583 2588 1668 2624 hujus
1689 2590 1756 2617 vitae
1774 2590 1876 2618 relaxat

1085 2662 1111 2689 4.

1082 2727 1188 2762 summa
1207 2728 1269 2762 c_um
1283 2722 1366 2762 animi
1382 2727 1439 2762 tum
1452 2726 1577 2760 corporis
1594 2726 1733 2761 voluptate
1744 2727 1813 2755 afﬁci
1839 2729 1875 2757 Ac

1083 2762 1135 2793 nec
1160 2756 1227 2782 illud
1258 2758 1349 2784 minus
1376 2756 1560 2793 exploratum,
1591 2756 1714 2790 actiones
1741 2756 1874 2791 virtutum

1082 2789 1243 2824 frequentes
1261 2800 1363 2828 corpus
1377 2789 1560 2834 Ieitenuare,
1583 2789 1711 2834 atterere,

1084 2833 1248 2868 consumere
1260 2829 1411 2868 prgsertim
1431 2837 1506 2868 eum»
1526 2840 1626 2868 corpus
1649 2829 1829 2867 domandum,
1850 2829 1877 2864 ct

1084 2861 1256 2889 retundenda
1270 2863 1383 2891 effrenis
1394 2866 1534 2900 superbia.
