1967 3091
112 163 165 195 831

629 161 745 191 LIBER
763 160 812 190 DE
832 160 1058 194 CONTEMPTU
1080 160 1217 190 MUNDI.

1689 158 1742 189 833

114 219 258 245 mcnlctn:
283 219 398 251 propter
425 214 499 250 quod
525 215 594 243 nihil
615 216 754 251 excogites
780 215 904 246 omnino,
920 215 1122 243 Acontermini
1152 214 1236 241 etiam
1272 212 1434 248 sapientiae;
1465 212 1528 247 quia
1559 220 1646 247 usque
1673 213 1743 240 adeo

114 262 162 291 sed
183 261 247 289 fidei
272 261 306 289 da
332 263 424 289 locum
452 262 479 288 in
500 266 592 289 mente
610 266 666 292 tua.
684 266 712 289 et
731 262 784 288 hoc
800 268 904 288 memo-

115 317 176 336 rare
191 308 299 335 dierum
322 308 533 343 quieruntpost
546 315 662 335 mortem
685 312 769 339 tuam,
793 312 909 335 etnuns

95 349 197 392 ‘quam
223 355 326 382 laxatio
351 355 445 382 veniet
471 354 519 381 tibi
546 354 624 389 juxta
653 353 824 388 Sapientem,
855 352 902 387 qui

114 400 181 428 dicit
195 419 201 431 ,
215 399 290 434 quod
305 398 379 425 mille
392 399 459 425 anni
481 399 560 434 hujus
582 398 673 425 swrnli
690 403 741 425 non
754 401 816 424 sunt
835 398 904 424 sicut

115 447 169 472 dies
184 453 252 472 unus
267 446 295 471 in
309 444 407 471 swculo
420 444 557 480 justarum
572 445 604 471 δι’.
628 445 657 471 in
676 443 840 471 fortitudine
857 448 902 470 tua

115 491 206 524 incipe
223 497 333 516 otnnem
359 489 459 516 bonam
481 489 682 523 operationem,
705 496 756 515 nec
772 488 798 514 in
812 487 903 522 dupli-

103 537 197 564 .citate
212 536 295 563 animi
309 535 424 562 accedas
445 535 478 562 ad
495 543 566 566 eam,
586 543 636 561 nec
654 534 762 561 hazsites
777 533 804 560 in
820 532 902 560 corde

115 587 163 610 tuo
184 590 268 617 super
284 589 343 616 spe,
369 589 403 607 ne
421 581 499 608 labor
523 586 587 608 tuus
604 580 650 607 ﬁat
668 580 782 611 inutilis,
799 585 826 606 et
838 587 901 606 one—

115 635 177 655 rosa
199 626 291 654 oratio
320 625 424 653 laboris
440 626 478 652 tui
494 634 500 652 :
518 625 565 652 sed
583 625 666 652 crede
691 625 719 652 in
745 624 829 651 corde
843 628 901 656 tuo,

115 673 188 708 quod
215 672 373 699 misericors
400 676 443 699 est
468 671 610 702 Dominus,
638 674 665 698 et
693 670 903 704 quuirentibus

114 727 177 747 eum
195 718 242 745 dat
262 717 465 752 gratiam,‘non
478 716 629 743 secundum
645 716 834 750 operationem
852 723 903 742 no-

118 770 218 797 stram,
235 764 282 792 sed
300 763 452 791 secundum
477 761 684 789 multitudinem
704 765 732 788 ct
749 761 829 788 ﬁdem
842 761 902 788 ani-

115 812 224 838 marum’
256 814 426 837 nostrarum.
464 808 510 835 Ait
540 809 614 835 enim
638 817 645 834 :
672 807 733 834 Fiat
763 808 807 834 tibi
837 809 903 834 sicut

115 856 248 883 credidisti
266 856 300 882 ⁵⁸.

150 900 330 928 DiverSitates
357 898 550 934 operationum
581 902 655 925 sunt.
685 897 800 931 Quidam
828 897 902 924 enim

114 946 232 981 pertulit
249 946 380 972 virtutem
397 944 497 977 capitis
513 944 554 970 sui
571 951 619 978 pro
634 943 757 970 collectis
773 943 903 970 horarum

119 995 175 1019 tota
191 991 236 1018 die
257 991 350 1017 taliter
364 997 458 1025 agens.
482 989 560 1016 Alius
576 988 814 1024 genuﬂexionibus
828 988 904 1015 labo-

113 1046 188 1070 rans,
202 1043 231 1065 et
243 1038 282 1065 sic
296 1044 460 1072 permanens
470 1036 575 1071 colligit
586 1043 732 1062 numerum
745 1035 902 1062 orationum

113 1091 237 1112 suarum.
266 1083 343 1110 Alius
371 1081 549 1109 multitudine
583 1081 765 1116 lacrymarnm
794 1081 904 1115 supplet

113 1130 204 1158 locum
222 1129 402 1156 collectarum
426 1134 550 1158 suarum,
576 1131 604 1153 et
628 1131 774 1154 contentus
793 1130 835 1153 est
852 1126 902 1153 cis.

113 1176 192 1204 Alius
206 1175 346 1202 sollicitus
362 1174 389 1200 in
415 1164 593 1200 meditatione
617 1172 778 1199 intentionis
793 1180 858 1204 sum,
876 1176 904 1199 et

113 1221 220 1256 colligit
244 1220 366 1255 regulam
386 1219 549 1253 injunctam.
574 1218 651 1245 Alius
664 1218 769 1245 cruciat
784 1218 902 1245 animam

115 1275 192 1295 suam
206 1267 233 1294 in
251 1267 334 1298 fame,
349 1266 385 1292 ita
402 1269 433 1292 ut
450 1265 533 1292 etiam
550 1269 669 1299 nequeat
683 1265 821 1299 complere
844 1265 903 1291 eol-

114 1314 210 1341 lectas.
232 1313 310 1340 Alius
338 1312 365 1338 in
396 1311 515 1338 ferventi
542 1311 708 1346 cogitatione
734 1311 902 1345 psalmorum

113 1365 287 1393 permanens.
305 1356 464 1383 continuam
477 1355 620 1382 collectam
634 1355 699 1382 facit
713 1355 810 1389 ipsam.
826 1355 904 1382 Alius

114 1404 208 1431 studet
226 1402 351 1434 lectioni,
369 1405 397 1428 et
408 1401 498 1428 calefit
515 1408 563 1428 eor
574 1400 643 1435 ejus.
659 1400 738 1427 Alius
755 1401 901 1435 abripitur,

119 1450 231 1478 divinos
245 1447 425 1476 considerans
450 1446 617 1473 intellectus.
643 1446 719 1473 Alius
734 1447 904 1481 stupefactus

113 1503 148 1523 ex
167 1494 350 1522 admiratione
372 1494 427 1525 sui,
449 1501 464 1520 a
489 1492 598 1520 silentio
623 1493 791 1527 praepeditur
810 1501 824 1520 a
839 1500 905 1519 eon-

114 1545 194 1568 sueta
220 1540 400 1568 meditatione
417 1539 556 1566 detentus.
582 1538 659 1565 Alius
682 1544 795 1574 gustans
811 1546 843 1566 ex
860 1539 904 1565 his

114 1586 245 1614 omnibus
269 1590 297 1614 et
324 1589 474 1616 saturatus,
500 1592 652 1612 conversus
672 1589 716 1612 est
738 1589 901 1616 retrorsum,

114 1636 143 1660 et
153 1631 286 1659 remansit
302 1631 403 1658 inanis.
423 1630 501 1657 Alius
527 1629 667 1657 modicum
684 1637 718 1656 ex
732 1629 777 1656 his
790 1633 904 1664 gustaris

114 1677 282 1705 tumefactus
307 1676 421 1704 erravit.
439 1675 517 1703 Alius
537 1676 624 1703 multa
638 1675 799 1702 infirmitate
814 1679 842 1702 et
857 1674 904 1701 de-

60 1752 68 1758 ‘
114 1723 223 1750 bilitate
245 1729 295 1749 sua
318 1721 469 1756 impeditus
503 1724 546 1748 est
581 1727 746 1748 conservare
781 1721 903 1756 regulam

115 1776 204 1796 suam.
233 1767 267 1795 Et
288 1768 360 1795 alius
385 1767 588 1795 consuetudine
619 1767 741 1802 alicujus
770 1767 904 1802 concupi—

115 1814 229 1842 seentiae
237 1818 399 1848 occupatus,
409 1813 453 1840 vel
468 1813 639 1845 ambitionis,
656 1813 700 1840 vel
710 1821 785 1840 vanae
801 1813 903 1848 gloria,

116 1861 161 1888 vel
181 1860 358 1895 cogitationis
373 1860 456 1887 etiam
482 1860 548 1888 ruit.
575 1859 652 1887 Alius
676 1860 782 1887 corruit
798 1864 826 1888 et
845 1868 906 1887 sur-

118 1906 198 1939 rexit,
223 1913 275 1932 nec
302 1905 441 1933 convertit
475 1910 550 1941 terga
581 1913 649 1936 sua,
681 1905 771 1933 donec
799 1906 906 1941 accepit

116 1952 346 1986 pretiosissimam
370 1952 557 1987 margaritam.
575 1951 643 1979 Cum
659 1951 759 1987 gaudio
773 1955 800 1979 et
814 1960 907 1987 prom-

117 1997 257 2032 ptitudine
269 2005 379 2032 semper
391 1997 482 2032 incipe
502 2005 573 2032 opus
594 1997 661 2030 Dei;
677 2003 704 2025 et
718 1997 740 2025 si
759 1998 908 2025 mundatus

117 2044 205 2071 fueris
229 2044 339 2071 avitiis
364 2048 393 2071 et
417 2043 592 2071 hzesitatione
618 2043 722 2076 cordis,
746 2044 804 2079 ipse
833 2044 908 2071 Deus

117 2089 274 2117 ascendere
298 2093 327 2116 te
348 2088 431 2116 faciet
453 2088 486 2115 ad
511 2088 647 2116 virtutum
662 2089 860 2122 summitatem;
880 2092 908 2116 et

118 2132 299 2161 auxiliabitur
323 2133 386 2166 tibi,
405 2137 432 2160 et
446 2133 655 2168 prudentiorem
672 2138 698 2160 te
715 2133 808 2166 faciet,
826 2137 854 2160 et
865 2141 909 2160 sc-

118 2179 242 2206 cundom
256 2179 430 2214 voluntatem
443 2185 520 2205 suam
535 2178 701 2206 ruirabiliter
712 2179 746 2206 ad
761 2178 908 2214 perfectio-

955 262 1132 293 sublimatur,
1159 261 1248 288 donec
1272 260 1458 287 insccutorem
1480 266 1560 286 sumn
1577 259 1654 285 uniat
1672 259 1742 291 Deo,

954 312 982 334 et
1010 307 1062 335 hoc
1074 313 1116 334 est
1145 307 1265 341 signum,
1294 305 1367 340 quod
1397 306 1458 340 ejus
1484 305 1672 332 consideratio
1701 309 1744 332 est

955 353 1015 381 sine
1039 353 1102 384 fine,
1130 353 1193 388 quia
1224 352 1360 386 sapientia
1386 357 1428 379 est
1456 351 1514 386 ipse
1530 351 1612 378 Deus.
1630 350 1661 383 Q.
1678 350 1744 383 Quae

954 403 997 425 est
1024 399 1111 433 prima
1137 398 1233 426 semita
1257 402 1285 425 et
1301 398 1409 424 initium
1423 405 1530 428 eorum,
1557 405 1618 432 quae
1634 404 1685 424 nos
1703 397 1744 422 fa-

954 445 1032 471 ciunt
1062 439 1292 479 appropinquare
1319 444 1479 478 sapientiai?
1507 444 1542 470 R.
1574 443 1650 476 Quod
1682 442 1745 477 quis

955 490 1022 517 totis
1034 489 1142 517 viribus
1157 490 1319 524 insequatur
1333 489 1509 524 sapientiam,
1527 494 1555 516 ct
1572 489 1746 524 insequendo

954 539 1012 563 tota
1033 541 1125 563 mente
1149 536 1295 567 sustineat,
1316 541 1345 562 ut
1366 536 1462 567 etiam,
1490 543 1553 562 cum
1576 535 1742 569 expedierit.

954 586 1037 608 exuat
1054 582 1140 616 ipsam
1167 581 1265 612 vitam,
1290 585 1317 608 et
1342 581 1468 615 projiciat
1482 589 1496 607 a
1511 589 1550 613 se,
1567 589 1619 608 nec
1634 581 1680 607 fiat
1697 588 1746 607 nev

954 628 1059 662 gligcus
1080 631 1191 661 propter
1206 634 1329 653 amorem
1347 627 1402 653 sui.
1424 626 1455 659 Q.
1469 627 1538 660 Quis
1561 631 1603 653 est
1621 627 1677 658 ille,
1696 627 1744 661 qui

955 674 1037 708 digne
1061 673 1222 700 nominatur
1242 672 1424 707 intelligens?
1443 673 1475 699 [ἰ.
1492 673 1544 705 Qui
1569 681 1633 699 vere
1661 673 1744 700 intel-

953 718 1020 745 lexit
1046 717 1113 752 quid
1143 717 1179 744 sit
1203 718 1339 745 terminus
1364 718 1446 752 hujus
1472 719 1554 745 vitm:
1570 719 1642 746 idem
1669 719 1743 746 enim

954 768 1054 798 potens
1081 768 1124 790 est
1150 771 1255 798 ponere
1280 756 1430 790 terminum
1455 763 1566 791 delictis
1586 765 1654 792 stris.
1678 764 1745 797 Quae

954 817 1075 843 namque
1092 809 1219 841 scicntia,
1233 810 1331 844 quisve
1345 810 1502 837 intellectus
1518 815 1560 837 est
1576 811 1662 846 major
1677 811 1742 843 isto,

955 853 1094 884 videlicet,
1119 858 1150 880 ut
1172 854 1310 889 excogitet
1331 855 1404 889 quis,
1424 855 1544 889 qualiter
1560 855 1637 882 exire
1655 856 1744 890 possit

954 899 989 926 de
1006 899 1057 926 hac
1077 899 1142 931 vita,
1159 907 1222 926 cum
1239 899 1265 926 in
1284 899 1463 934 corruptione
1483 908 1537 926 non
1557 901 1639 927 habet
1656 909 1743 928 mem-

954 945 1035 972 brum
1052 945 1163 979 aliquod
1183 946 1417 980 concupiscentizc
1441 946 1527 973 fetore
1541 946 1684 977 infectum,
1699 947 1742 973 vel

954 991 1053 1018 anima:
1076 991 1211 1018 maculam
1239 991 1273 1018 ab
1293 991 1379 1026 ipsius
1405 992 1554 1019 dulcedine
1581 993 1745 1019 sordesceu~

955 1037 1030 1063 tem?
1056 1037 1144 1064 llomo
1171 1037 1243 1063 enim
1268 1037 1315 1072 qui
1340 1038 1415 1064 acuit
1441 1038 1600 1065 intellectus
1626 1045 1691 1065 suos
1713 1042 1744 1064 ut

954 1080 1127 1115 ingrediatur
1153 1081 1187 1108 ad
1218 1085 1326 1108 scercla
1352 1082 1477 1108 omnimn
1512 1086 1687 1114 naturarum,
1715 1086 1744 1110 et

955 1127 1059 1154 ditatus
1083 1127 1109 1154 in
1134 1127 1331 1155 adinventionc
1343 1132 1370 1154 et
1385 1127 1608 1155 consideratione
1624 1128 1651 1154 in
1667 1128 1742 1156 onmi

954 1172 1082 1203 scicntia,
1108 1177 1136 1198 et
1162 1172 1253 1199 anima
1277 1173 1336 1207 ejus
1362 1172 1471 1199 exsistit
1488 1173 1619 1200 sordibus
1636 1173 1742 1208 peccati

954 1217 1070 1252 polluta,
1091 1225 1142 1244 nec
1159 1217 1308 1252 acquisivit
1327 1218 1516 1244 testimonium
1534 1218 1561 1244 in
1581 1225 1629 1253 spe
1644 1220 1744 1246 animm

953 1270 1019 1295 suat,
1041 1262 1089 1290 sed
1118 1267 1196 1298 putat
1222 1263 1291 1290 bene
1306 1263 1339 1290 ad
1355 1268 1465 1298 portum
1481 1264 1657 1292 confidentia:
1679 1273 1743 1300 per-

953 1309 1067 1342 venire;
1103 1309 1324 1344 insipientiorem
1359 1318 1392 1337 eo
1415 1310 1537 1338 mundus
1562 1319 1618 1338 non
1646 1311 1743 1338 habet.

953 1354 1020 1381 Nam
1047 1362 1136 1389 neque
1160 1355 1194 1381 ad
1221 1363 1297 1389 spem
1326 1355 1486 1390 ltujusmodi
1513 1356 1656 1384 adducunt
1679 1365 1743 1389 eum

955 1407 1038 1435 opera
1056 1408 1116 1433 sua,
1140 1405 1256 1435 propter
1283 1401 1490 1429 indeﬂcientem
1518 1409 1630 1429 cursum
1649 1410 1742 1430 suum.

953 1445 985 1479 ρ.
1005 1446 1072 1479 Quis
1095 1452 1136 1474 est
1153 1447 1234 1475 fortis
1252 1448 1280 1474 in
1297 1448 1435 1476 veritate?
1450 1449 1482 1475 Β.
1498 1448 1549 1482 Qui
1565 1454 1746 1484 prosperatur

954 1493 981 1520 in
1000 1494 1227 1522 tribulationibus
1239 1495 1449 1530 temporalibus,
1466 1496 1492 1522 in
1508 1496 1609 1530 quibus
1627 1497 1745 1524 abscon—

917 1550 938 1579 ε
955 1541 1013 1568 dita
1028 1545 1069 1568 est
1079 1541 1165 1576 gloria
1181 1541 1303 1568 victoria:
1318 1548 1375 1568 sua:
1393 1549 1462 1568 :nec
1476 1541 1745 1570 desideratdeleeta—

956 1587 1059 1614 tionem
1072 1587 1163 1622 inqua
1174 1587 1334 1614 abscondita
1348 1592 1390 1614 est
1406 1588 1462 1615 vita
1486 1587 1669 1620 confusionis,
1683 1596 1745 1623 quas

955 1629 1068 1661 calicem
1082 1633 1175 1660 luctus
1188 1634 1317 1668 propinat
1328 1641 1438 1668 semper
1448 1633 1658 1661 invenientibus
1670 1632 1742 1661 eaml

955 1679 986 1712 Q.
997 1679 1024 1707 Si
1037 1680 1146 1707 lzeditur"
1157 1680 1184 1706 in
1198 1680 1297 1706 itinere
1309 1687 1364 1714 quo
1377 1679 1432 1706 itur
1441 1679 1474 1706 ad
1485 1680 1582 1712 Deum,
1592 1681 1614 1708 si
1624 1681 1687 1716 quis
1698 1681 1746 1708 de-

955 1725 1040 1752 clinat
1048 1733 1062 1752 a
1070 1724 1204 1752 bonorum
1212 1732 1326 1759 operum
1336 1725 1428 1751 studio
1438 1730 1551 1760 propter
1560 1726 1746 1753 Ientationes?

956 1771 989 1798 R.
1007 1770 1067 1798 Non
1089 1770 1169 1797 decet
1183 1769 1303 1804 aliquem
1321 1769 1545 1804 appropinquare
1558 1770 1670 1797 Christo
1684 1771 1744 1797 sine

957 1816 1158 1848 tribulatione;
1185 1823 1237 1842 nec
1266 1815 1326 1842 sine
1352 1815 1410 1849 ipsa
1433 1821 1615 1843 conservatur
1637 1816 1745 1852 justitia

958 1862 1120 1896 cujusquam
1139 1861 1284 1887 inalterata
1302 1869 1308 1886 :
1328 1860 1389 1887 etsi
1407 1861 1470 1895 quis
1484 1862 1569 1896 exigit
1586 1870 1668 1896 opera
1683 1870 1746 1897 qua:

959 1911 1062 1941 augent
1077 1907 1174 1941 ipsam,
1195 1907 1299 1933 recedit
1315 1906 1348 1933 ab
1367 1914 1410 1937 ea,
1430 1914 1480 1934 nec
1498 1911 1643 1935 conservat
1658 1916 1718 1935 eam
1736 1917 1744 1936 :

957 1953 1006 1980 sed
1035 1952 1176 1979 invenitur
1201 1952 1274 1979 sicut
1310 1952 1461 1980 thesaurus
1487 1953 1684 1986 incustoditus,
1718 1958 1746 1981 et

959 2004 1090 2034 tauquam
1116 1998 1220 2025 athleta
1246 1997 1331 2025 armis
1349 1998 1407 2025 suis
1432 1998 1613 2033 exspoliatus.
1635 1999 1747 2034 quando

958 2043 1114 2071 circumdat
1129 2051 1192 2070 eum
1209 2043 1284 2070 acies
1297 2043 1474 2071 inimicorum
1489 2052 1614 2077 suorum,
1632 2050 1660 2072 et
1675 2045 1747 2073 sicut

958 2090 1035 2117 navis
1054 2097 1110 2117 non
1139 2089 1244 2117 habens
1264 2093 1426 2124 apparatum
1454 2098 1545 2123 suum,
1570 2095 1598 2118 et
1616 2095 1746 2126 tanquam

958 2136 1115 2172 pomarium
1133 2135 1305 2171 irrigationis
1318 2135 1395 2162 fonte
1407 2135 1555 2170 privatum.
1571 2135 1604 2169 Q.
1619 2136 1687 2169 Quis
1705 2141 1748 2164 est

962 2182 1136 2210 illuminatus
1161 2181 1189 2208 in
1219 2182 1408 2209 intellectibus
1433 2181 1511 2209 suis?
1528 2181 1561 2208 Β.
1584 2181 1748 2217 Quicunque

118 2231 183 2251 nem
198 2223 328 2259 διιίηϐθθι
345 2222 396 2250 (δυί
416 2222 452 2250 ⁸η
474 2222 560 2258 gloria
574 2227 603 2249 ει
619 2223 743 2258 timentia
759 2222 787 2249 in
809 2222 907 2250 εεεειιίη
925 2216 949 2244 D
962 2229 1093 2263 pervenit
1122 2228 1156 2255 ad
1181 2227 1396 2255 amaritudinem
1417 2235 1478 2262 quae
1499 2231 1542 2254 est
1569 2228 1704 2255 absconsa
1720 2229 1747 2256 in

118 2270 294 2297 saeculorum.
309 2268 406 2296 Amen.

401 2332 513 2361 CAPUT
529 2332 623 2360 XVIII.

236 2390 308 2424 Quid
320 2390 449 2424 impediat
464 2397 519 2422 cor,
534 2397 566 2416 ne
584 2389 622 2418 ad.
635 2389 707 2416 mala
722 2394 794 2416 ruat.

153 2457 261 2491 Quam:
289 2455 350 2490 Quo
373 2455 486 2483 vinculo
512 2460 623 2483 tenetur
637 2464 695 2488 cor,
717 2464 751 2483 ne
771 2456 910 2483 discurrat

118 2503 159 2530 ad
176 2501 267 2530 mala?
285 2502 366 2529 Resr.
387 2501 556 2536 Sapientiam
572 2501 650 2536 sequi
670 2509 792 2536 semper,
814 2506 842 2528 et
859 2501 910 2528 do-

118 2549 221 2576 ctrinae
232 2549 259 2576 in
272 2549 328 2575 vita
345 2548 469 2576 studere.
485 2548 568 2575 Aliud
583 2548 657 2575 enim
674 2548 815 2575 vinculum
827 2548 911 2575 etfre-

118 2595 228 2623 nationi
251 2596 354 2622 mentis
381 2594 482 2622 fortius
500 2602 555 2621 non
578 2594 693 2621 resistit.
709 2593 741 2627 Ο.
763 2594 912 2628 Usquequo

122 2641 176 2677 14
189 2645 232 2668 est
251 2641 388 2668 terminus
409 2640 518 2668 itineris
539 2639 704 2674 sapientiam
724 2639 909 2674 insequentis,

120 2691 150 2714 et
166 2687 193 2714 in
211 2695 266 2721 quo
288 2686 384 2714 linitur
398 2685 524 2714 doctrina
539 2685 619 2720 ejus?
639 2685 672 2712 Β.
694 2685 733 2712 ita
748 2689 789 2712 est
807 2685 910 2720 impos-

120 2732 204 2760 sibile
218 2732 344 2760 invenire
356 2733 504 2760 terminum
523 2732 620 2763 istum,
635 2731 709 2766 quod
726 2731 809 2758 etiam
823 2732 911 2759 sancti

119 2778 213 2814 quoad
251 2777 453 2813 profectionem
489 2777 549 2813 ejus
580 2776 727 2811 patiuntur
758 2776 908 2810 defectum,

167 2865 190 2882 "
207 2863 277 2892 l’sal.
298 2873 405 2898 uxxlx,
423 2867 449 2900 ιι,
463 2866 489 2894 5.
529 2867 551 2883 ⁸ο
568 2866 664 2894 Matth.
680 2874 741 2901 vnl,
757 2868 800 2896 l5.

961 2274 1107 2301 dulcedine
1133 2273 1240 2305 mundi,
1266 2278 1295 2300 et
1321 2273 1449 2300 continet
1474 2280 1505 2300 os
1529 2281 1621 2305 suum,
1646 2281 1698 2300 nec
1714 2273 1749 2300 de

962 2319 1049 2346 calice
1069 2319 1122 2346 hoc
1145 2323 1248 2354 gustat,
1278 2322 1306 2345 et
1327 2326 1436 2353 semper
1456 2322 1597 2345 scrutatur
1611 2319 1645 2345 de
1659 2319 1748 2345 saluto

960 2365 1062 2392 animae
1087 2372 1153 2396 suae,
1173 2371 1224 2391 nec
1246 2368 1336 2391 cessat
1352 2372 1366 2391 a
1381 2371 1464 2390 cursu
1479 2371 1530 2391 suo
1549 2364 1638 2391 donec
1653 2364 1748 2391 dissol-

959 2415 1042 2437 vatur
1058 2418 1073 2437 a
1089 2410 1193 2438 mundo
1205 2411 1259 2437 isto
1273 2419 1279 2437 :
1293 2410 1520 2444 claudit‘quoque
1532 2410 1602 2437 ostia
1617 2418 1750 2438 sensuum

958 2464 1081 2488 suorum,
1098 2463 1132 2483 ne
1143 2455 1281 2483 subintrct
1299 2463 1420 2490 unquam
1437 2455 1464 2482 in
1479 2455 1538 2490 ipso
1547 2456 1748 2490 concupiscen-

959 2503 997 2530 tia
1011 2503 1093 2537 hujus
1106 2501 1510 2537 mundi,etsubripiatocculto
1524 2502 1750 2538 thesaurosejus.

995 2546 1026 2580 ρ.
1052 2547 1122 2580 Quid
1139 2551 1181 2574 est
1200 2547 1332 2578 mundus,
1357 2551 1384 2573 et
1399 2546 1538 2581 quomodo
1558 2547 1752 2582 cognoscimus

961 2601 1037 2625 eum,
1063 2597 1091 2620 et
1115 2593 1142 2620 in
1171 2600 1227 2628 quo
1242 2593 1319 2621 laedit
1333 2592 1481 2628 diligentes
1504 2593 1550 2621 se?
1575 2594 1608 2621 Η.
1632 2594 1752 2621 Mundus

963 2644 1006 2667 est
1017 2639 1160 2672 meretrix,
1177 2647 1237 2674 quae
1256 2639 1396 2667 desiderio
1409 2639 1627 2673 pulchritudinis
1649 2647 1705 2667 suae
1717 2640 1752 2667 ad

964 2685 1217 2719 concupiscentiam
1243 2685 1329 2712 trahit
1344 2685 1470 2712 videntes
1487 2692 1547 2712 eam
1568 2694 1575 2712 :
1590 2686 1637 2720 qui
1657 2689 1752 2712 autem

964 2731 1171 2766 particulariter
1200 2732 1260 2766 ejus
1288 2740 1381 2759 amore
1400 2732 1533 2767 deceptus
1552 2732 1641 2767 ipsum
1666 2731 1752 2759 fuerit

965 2778 1146 2812 amplexatus,
1164 2785 1178 2805 a
1197 2778 1325 2806 manibus
1348 2778 1407 2813 ejus
1428 2786 1484 2806 non
1508 2781 1600 2813 potest
1621 2777 1750 2810 evadere,
