1967 3091
222 138 273 170 839

900 137 933 166 ‘S.
954 135 1076 165 ISAACl
1097 137 1138 166 ΞΥ
1143 138 1182 166 lll

1794 140 1851 171 Mil

225 193 315 221 donec
330 193 432 228 spoliet
443 200 507 219 eum
525 193 580 220 vita
601 200 650 220 sua
668 201 674 219 ε
693 197 796 220 etcum
815 192 1015 228 exspoliaverit
1029 193 1052 220 Α
1067 200 1178 228 quoque
1196 194 1261 226 vita,
1280 202 1328 228 pro
1342 203 1427 229 opere
1446 201 1493 222 tuo
1510 197 1754 230 repromissionem
1769 206 1859 226 meam

224 239 364 270 omni-bus,
384 238 477 273 ejiciet
493 246 556 265 eum
571 246 585 265 a
605 238 688 265 domo
702 247 762 271 sua,
778 243 806 266 et
820 239 847 266 in
864 239 908 266 die
919 238 1014 265 obitus

223 285 266 312 sui
282 285 364 311 han-0
382 284 526 318 cognoscit
540 291 602 310 cum
616 284 682 319 (28).
695 283 812 319 Quando
825 292 890 312 vero
906 283 1014 311 laborat

209 331 288 365 'quis
317 331 394 356 exire
427 329 460 356 de
486 329 590 356 mundo
615 329 678 362 isto,
701 330 825 364 quandiu
860 330 1014 358 abseonsus

223 381 263 403 est
283 376 310 402 in
327 375 397 410 ipso,
423 383 478 402 non
504 379 594 410 potest
609 375 705 402 videre
721 376 910 402 connexiones
925 376 985 411 ejus
1006 385 1012 402 :

223 426 252 448 et
275 421 315 448 sic
337 428 392 447 non
418 420 507 447 solum
526 420 733 454 condiscipulos
746 428 811 447 suos
828 425 857 448 et
884 420 965 452 lilios,
985 426 1014 447 ct

224 467 287 494 illos
302 467 349 501 qui
366 467 547 501 colligantur,
566 467 593 494 in
613 466 682 501 ipso.
699 466 807 494 detinet
824 467 948 498 mundo;
964 467 1012 494 sed

221 514 306 541 etiam
334 513 396 540 illos
419 513 466 548 qui
494 513 638 548 proprium
668 520 722 540 non
750 513 864 545 habent,
893 513 1012 545 scilicet,

222 560 378 595 religiosos,
405 559 453 594 qui
479 559 539 594 ejus
563 559 676 586 vincula
703 559 879 593 disrumpant
900 569 908 585 :
932 559 954 586 si
986 559 1013 586 in

222 614 308 632 unutn
329 604 393 632 facti
418 609 498 632 erant
523 613 606 639 supra
620 612 694 636 eum,
710 605 764 639 jam
783 604 881 639 incipit
895 604 1013 638 quibus-

222 651 284 678 dam
303 651 393 678 modis
406 651 433 678 in
451 650 584 686 operibus
597 650 655 678 suis
668 650 763 677 venari
793 658 845 678 nec
858 658 912 678 non
928 650 1013 677 etiam

220 697 397 724 conculcare.

259 742 291 775 Q.
312 742 382 775 Quid
402 741 537 769 faciemus
551 741 674 776 corpori.
689 740 800 775 quando
814 739 970 767 circumdat
985 739 1011 767 id

223 789 304 815 dolor
317 793 346 816 et
360 788 493 823 gravitas,
512 787 577 822 quia
595 787 758 814 conlaxatur
778 794 839 814 cum
862 795 895 814 eo
913 787 1012 813 volun-

222 839 263 861 tas
279 834 381 870 prioris
408 833 586 862 fortitudinis
607 833 750 860 desiderio
764 833 843 860 boni.
862 833 895 860 Rt
913 833 969 859 Hoc
983 832 1013 859 tit

1066 243 1094 265 et
1113 240 1310 267 certitudinetn
1338 241 1496 269 futurorum
1524 242 1660 270 bonorum
1687 249 1858 272 estctmam:

1067 287 1134 311 tunc
1144 285 1217 312 enim
1230 285 1355 313 invenies
1368 292 1511 319 :cternam,
1525 295 1587 315 eum
1599 289 1754 323 neglexeris
1767 289 1859 317 istam.

1065 328 1190 365 Cumque
1214 331 1332 358 interius
1356 332 1504 360 intraveris
1528 333 1556 360 in
1579 334 1737 368 hujusmodi
1755 332 1860 370 pnepa-

1066 375 1214 407 rationetn,
1234 381 1300 404 tuitc
1312 382 1530 406 contemnentur
1546 379 1573 406 in
1594 380 1684 407 oculis
1698 380 1752 408 tuis
1766 381 1859 408 tmmia

1065 430 1125 456 quae
1139 423 1279 450 laboriosa
1293 428 1321 450 et
1337 424 1499 452 tribulantia
1515 431 1691 460 reputanlur.
1711 427 1778 454 Nam
1793 435 1858 454 cum

1066 475 1144 495 mens
1167 468 1204 496 ita
1234 469 1318 496 fuerit
1340 476 1505 505 praeparata,
1523 479 1579 499 non
1606 472 1690 499 habet
1716 478 1857 500 certamen

1064 521 1154 548 neque
1178 515 1386 543 tribulationem
1409 516 1438 543 in
1468 521 1594 552 tempore
1614 518 1732 553 periculi
1748 519 1857 546 mortis.

1065 559 1182 594 Propter
1196 561 1281 594 quod,
1300 569 1352 596 pro
1369 568 1458 591 certo.
1479 564 1533 591 nisi
1546 564 1678 592 habuerit
1691 565 1774 593 homo
1793 565 1859 593 odio

1064 606 1148 634 vitam
1173 615 1251 634 suam
1275 608 1303 635 in
1329 608 1382 636 hoc
1410 609 1515 636 mundo
1540 616 1655 646 propter
1674 611 1857 640 atl‘octionem

1065 652 1167 679 l'uturm
1185 653 1259 686 vitae,
1282 654 1479 682 trihttlatiunes
1505 663 1560 682 non
1589 656 1691 690 poterit
1704 657 1856 685 sustinere.

1101 698 1133 731 ρ.
1148 698 1294 732 Quomodo
1316 705 1422 728 resecat
1439 701 1522 728 homo
1538 710 1655 736 primam
1672 704 1855 731 consuetudi-

1064 753 1139 775 nem.
1164 751 1194 773 et
1217 748 1353 774 assueseit
1377 748 1500 782 seipsum
1527 749 1555 776 in
1574 749 1641 782 vita,
1672 750 1800 785 religioni
1828 755 1857 778 et

1063 792 1202 826 egestati?
1225 793 1258 819 Β.
1281 792 1390 828 Corpus
1417 794 1512 822 vivere
1535 796 1594 823 sine
1614 797 1783 825 necessariis
1798 805 1855 824 non

1064 838 1218 872 acquiescit
1237 848 1244 865 :
1263 839 1310 866 sed
1329 840 1357 866 in
1372 845 1506 875 quantum
1523 842 1655 876 possibile
1667 849 1719 872 est.
1735 851 1814 871 mens
1825 852 1855 872 se

221 881 374 909 multoties.
401 887 453 915 pro
476 887 522 912 eo,
547 879 621 914 quod
647 879 782 906 medietas
805 887 902 906 eorum
926 879 1013 906 exivit
1027 871 1049 899 8
1065 871 1151 917 ipsam
1168 892 1186 910 ει
1206 871 1396 919 voluptatum-5
1409 889 1439 912 ει
1454 871 1606 919 laxat-imm,
1620 871 1743 922 quand,"
1759 888 1795 915 ab
1810 871 1855 916 hi,1

219 933 282 962 post
300 927 396 959 Deum,
417 930 444 953 et
462 926 569 960 reliqua
584 925 717 952 medietas
735 926 868 953 remansit
885 926 912 952 in
930 933 1011 952 mun-

219 973 272 1004 do;
301 977 329 1000 et
352 972 438 1000 corda
462 979 560 999 eortun
582 979 637 998 non
663 975 729 998 sunt
751 972 786 998 ab
807 971 850 998 his
869 979 930 1006 quae
945 976 1010 998 sunt

220 1017 276 1049 hic,
303 1024 441 1053 separata,
465 1018 514 1045 sed
530 1017 620 1045 divisa
634 1022 700 1045 sunt
716 1026 783 1050 sua;
799 1023 828 1045 et
843 1018 1010 1053 quandoque

220 1065 375 1099 respiciunt
399 1069 473 1096 ante,
493 1069 569 1091 retro
589 1071 657 1090 vero
682 1063 860 1098 quandoque.
882 1063 917 1090 Et
938 1063 1011 1090 sicut

219 1117 270 1143 ego
288 1114 366 1144 puto,
392 1109 455 1136 illos
472 1111 518 1144 qui
537 1109 630 1136 taliter
643 1114 707 1136 sunt
720 1109 801 1136 divisi
818 1113 846 1136 et
858 1109 1010 1144 appropin-

219 1161 306 1190 quant
328 1155 394 1186 Dco,
419 1159 514 1186 monet
538 1155 682 1189 Scriptura
707 1154 826 1182 dicens:
844 1155 884 1182 Ne
900 1155 1010 1182 accedas

220 1202 255 1228 ad
270 1201 354 1228 Deum
378 1202 405 1227 in
423 1201 579 1236 duplicitate
601 1200 686 1227 cordis
699 1201 738 1233 “,'
753 1201 798 1226 sed
824 1201 858 1227 ad
871 1201 947 1227 illum
967 1209 1010 1227 ac-

219 1249 290 1280 cede,
316 1248 383 1274 sicut
406 1248 450 1283 qui
476 1248 591 1274 seminat
614 1252 638 1274 et
664 1247 785 1275 metit“.
805 1248 838 1275 Ει
864 1248 1009 1278 Dominus,

220 1294 276 1321 illis
302 1294 348 1328 qui
372 1293 572 1320 abrenuntiant
591 1293 763 1328 imperfecte,
782 1297 810 1320 ct
826 1299 891 1320 sunt
913 1293 1008 1324 divisi.

219 1347 248 1369 et
278 1341 396 1368 redeunt
424 1345 520 1368 mente
550 1345 702 1368 retrorsum
733 1341 880 1368 occasione
902 1341 1009 1368 timoris

221 1391 444 1421 tribulationum.
473 1390 554 1422 scies,
581 1382 656 1424 quod
681 1389 805 1416 nondum
831 1398 845 1416 a
868 1397 897 1416 sc
917 1389 1010 1416 carnis

220 1437 389 1464 desiderium
414 1437 584 1472 abjecerant,
603 1444 666 1463 eum
691 1436 811 1471 abjicere
833 1436 900 1463 illud
921 1436 1010 1462 voluit

220 1492 235 1511 a
252 1483 392 1510 utentibus
412 1482 585 1512 earumdem.
605 1481 674 1509 dixit
689 1482 730 1509 eis
746 1482 861 1509 verbum
878 1481 1010 1508 determi-

222 1535 314 1556 natum
338 1537 344 1555 :
373 1528 527 1564 Quicunque
554 1527 610 1554 vult
641 1532 700 1563 post
733 1535 774 1554 me
800 1528 906 1558 venire,
935 1528 1009 1562 prius

221 1575 330 1609 abneget
358 1575 528 1609 semetipsum
541 1574 582 1607 ‘3;
610 1579 641 1601 ut
665 1574 739 1601 sicut
759 1573 804 1600 ille
822 1573 869 1608 qui
897 1577 1009 1608 paratus

219 1625 261 1648 est
279 1622 430 1648 ascendere
446 1629 570 1653 erucem,
589 1620 705 1647 assumit
719 1620 746 1646 in
764 1623 856 1646 mente
871 1627 919 1646 sua
937 1627 1010 1646 mor-

220 1666 255 1693 tis
271 1666 457 1699 intentioncm
474 1674 507 1693 ac
519 1666 559 1693 sic
576 1665 746 1701 egredietur,
764 1665 840 1692 velut
853 1665 936 1691 homo
953 1672 1010 1691 non

218 1711 346 1746 cogitans
375 1710 479 1738 habere
499 1716 607 1745 partem
626 1710 726 1737 iterum
753 1711 782 1737 in
812 1711 863 1737 hac
878 1710 954 1737 vita:
973 1710 1010 1737 ita

219 1757 311 1783 facere
339 1756 433 1789 debet,
460 1755 507 1790 qui
538 1755 674 1790 perﬁcere
699 1754 759 1781 vult
785 1754 926 1789 pratdicta.
942 1753 1009 1781 Nam

219 1809 287 1829 crux
307 1806 360 1834 est,
378 1802 411 1828 ad
432 1809 541 1828 omnem
566 1800 775 1828 tribulationem
798 1805 892 1835 parata
915 1801 1010 1828 volun-

188 1846 190 1848 ’
219 1852 271 1875 tas.
289 1848 355 1875 Item
371 1856 434 1874 eum
449 1847 585 1882 Dominus
603 1846 696 1874 dicere
725 1846 824 1878 voluit,
854 1854 940 1881 quare
958 1846 1010 1873 hoc

218 1898 304 1926 esset,
321 1894 392 1920 dixit
407 1903 412 1920 :
436 1893 486 1926 Qui
503 1892 558 1920 vult
576 1894 661 1920 vivere
676 1893 703 1919 in
716 1894 763 1919 hoc
787 1892 896 1923 mundo,
919 1891 1009 1926 perdel

218 1941 387 1975 semetipsum
408 1949 424 1966 α
454 1948 516 1966 vera
535 1940 600 1966 vita.
625 1938 676 1971 Qui
708 1947 771 1965 vero
797 1939 888 1973 perdet
913 1942 1009 1964 seruet-

218 1987 304 2021 ipsum
325 1991 432 2020 propter
455 1994 495 2012 me
507 1986 559 2017 hic,
578 1985 634 2011 illic
647 1985 762 2012 inveniet
788 1984 957 2019 semetipsum
974 1984 1007 2012 ⁸³.

218 2031 246 2059 Id
259 2037 311 2061 est.
326 2032 370 2066 qui
387 2031 486 2058 transit
500 2039 548 2066 per
561 2031 634 2058 viam
649 2030 752 2062 crucis,
763 2034 791 2057 et
807 2029 886 2064 ponit
897 2037 1008 2064 gressus

218 2085 285 2104 suos
309 2077 334 2103 in
364 2077 433 2111 ipsa,
449 2081 477 2103 et
494 2076 577 2104 habet
603 2076 704 2103 iterum
732 2075 948 2102 sollicitudinem
979 2075 1008 2102 in

219 2125 270 2151 hac
285 2125 351 2155 vita.
369 2123 458 2158 perdit
475 2131 503 2150 se
525 2123 614 2157 ipsum
630 2130 645 2149 a
662 2130 720 2157 spe,
738 2130 788 2156 pro
806 2129 859 2156 qua
880 2125 910 2147 ut
923 2121 1008 2148 susti-

219 2175 308 2200 neret.
323 2170 425 2201 exivit;
442 2169 507 2203 quia
524 2168 684 2204 hujusmodi
701 2167 861 2195 sollicitudo
876 2175 931 2194 non
950 2175 1008 2201 pcr-

1062 936 1124 964 qua‘.
1148 930 1313 958 laxationem
1340 937 1493 966 operantur
1516 933 1597 969 longe
1620 935 1764 962 consistat.
1784 935 1854 962 Nam

1061 976 1175 1010 quando
1192 977 1268 1004 videt
1282 978 1415 1006 materias
1430 986 1524 1006 rerum
1539 979 1700 1014 voluptatis,
1715 981 1855 1008 excitatur

1062 1021 1090 1048 in
1107 1030 1139 1049 ea
1155 1024 1384 1061 concupiscentia
1409 1033 1472 1052 cum
1495 1025 1605 1053 fervore
1622 1035 1628 1053 :
1643 1032 1757 1062 propter
1778 1028 1853 1063 quod

1062 1066 1190 1095 Salvator
1208 1069 1338 1103 sequenti
1351 1077 1427 1102 eum,
1447 1070 1562 1105 spoliari
1578 1071 1721 1098 mandavit
1732 1076 1760 1098 et
1775 1074 1854 1100 exire

1061 1113 1095 1140 de
1110 1114 1226 1145 mundo,
1254 1115 1318 1149 quia
1336 1113 1448 1150 oportet
1460 1116 1601 1143 hominem
1620 1116 1767 1145 lasationis
1786 1126 1854 1144 catt-

1061 1167 1105 1186 sas
1135 1160 1186 1194 15
1210 1160 1332 1195 abjicere
1353 1170 1368 1188 a
1387 1162 1489 1196 seipse,
1514 1166 1541 1189 et
1563 1162 1605 1189 sic
1626 1165 1853 1198 appropinquare

1061 1205 1160 1244 laberi.
1177 1205 1213 1232 Et
1230 1205 1289 1239 ipse
1312 1213 1422 1241 quoque
1448 1206 1592 1237 Dominus.
1613 1207 1725 1241 quando
1746 1207 1853 1242 incepit

1061 1259 1184 1285 pugnare
1201 1259 1264 1279 cum
1286 1252 1407 1284 diabolo,
1421 1252 1509 1287 ipsum
1529 1253 1555 1279 in
1571 1252 1682 1280 deserto
1697 1254 1853 1281 siccissimo

1060 1299 1240 1332 expugnavit.
1264 1299 1297 1325 Et
1324 1298 1426 1325 Paulus
1452 1299 1536 1325 etiam
1561 1299 1692 1326 admonet
1718 1300 1852 1327 tollentes

1060 1351 1172 1370 crucem
1199 1343 1316 1376 Christi,
1334 1344 1411 1371 exire
1431 1344 1466 1372 de
1487 1344 1611 1376 civitate.
1635 1345 1729 1373 dicens
1745 1355 1752 1372 :
1767 1346 1853 1381 Egre-

1061 1389 1167 1416 ditzmur
1185 1398 1244 1416 cum
1269 1398 1310 1421 ea,
1334 1395 1358 1416 ct
1372 1398 1537 1417 assumamus
1553 1391 1723 1425 opprobrium
1743 1392 1801 1427 ejus
1815 1392 1852 1419 ⁵⁸.

1060 1434 1130 1468 Quia
1147 1435 1276 1462 Christus
1299 1440 1376 1462 extra
1400 1435 1539 1463 civitatem
1556 1444 1653 1471 passus
1674 1441 1727 1468 est,
1743 1444 1793 1472 per
1807 1444 1853 1464 se-

1060 1481 1249 1515 gregationcm
1270 1481 1364 1508 mundi
1394 1486 1422 1508 et
1444 1489 1541 1509 eorum
1555 1490 1616 1517 quae
1632 1490 1680 1510 sua
1699 1487 1773 1515 sunt.
1787 1482 1852 1511 Cito

1022 1539 1045 1570 ρ
1061 1526 1124 1560 quis
1141 1526 1224 1553 tradit
1239 1527 1500 1561 oblivioniprimam
1512 1528 1742 1555 consuetudinem
1759 1536 1851 1560 suam,

1061 1580 1114 1599 nec
1135 1572 1242 1600 laboret
1259 1573 1288 1600 in
1310 1573 1352 1601 his
1368 1578 1492 1608 tempore
1510 1574 1617 1601 multo?
1631 1574 1685 1601 Pro
1703 1574 1852 1609 iniquitate

1061 1626 1128 1645 vero
1144 1617 1240 1644 mundi
1258 1622 1287 1645 et
1307 1626 1400 1646 rerum
1413 1619 1482 1654 ejus,
1497 1627 1575 1646 mens
1588 1626 1603 1646 a
1618 1618 1781 1646 fortitudine
1800 1627 1850 1646 sua

1061 1664 1226 1699 quantocius
1251 1665 1402 1692 relaxatur.
1428 1665 1546 1700 Expedit
1562 1673 1680 1700 namque
1701 1665 1849 1698 monacho,

1060 1710 1135 1745 quod
1150 1710 1177 1737 in
1200 1710 1253 1737 hoc
1270 1711 1423 1739 certamine
1439 1711 1524 1742 vivat,
1544 1715 1574 1738 ut
1591 1711 1627 1738 sit
1639 1711 1667 1744 in
1683 1711 1850 1739 necessitate

1060 1762 1089 1783 et
1103 1756 1193 1791 inopia
1211 1761 1301 1783 status
1314 1756 1391 1784 cella:
1406 1757 1546 1790 monachi,
1564 1762 1591 1784 et
1608 1763 1638 1784 ut
1652 1757 1688 1785 sit
1702 1757 1770 1784 cella
1788 1758 1851 1792 ejus

1060 1810 1157 1834 vacua,
1171 1806 1200 1829 et
1217 1802 1251 1829 ab
1265 1802 1395 1829 omnibus
1407 1802 1494 1830 otiosa
1514 1811 1576 1838 quae
1590 1803 1758 1831 desiderium
1771 1804 1853 1838 quie-

1062 1849 1097 1874 tis
1110 1852 1222 1874 movent
1237 1848 1265 1874 in
1280 1847 1351 1882 ipso.
1377 1847 1445 1875 Cum
1468 1856 1559 1877 causa;
1574 1849 1753 1876 relaxationis
1767 1849 1855 1884 longe

1059 1898 1125 1920 sunt
1149 1893 1183 1920 ab
1209 1892 1332 1925 homine,
1349 1900 1404 1919 non
1419 1892 1594 1927 periclitatur
1610 1893 1637 1920 in
1655 1892 1757 1928 duplici
1775 1901 1852 1928 pra:-

1060 1939 1112 1970 lio,
1131 1937 1257 1965 interiori
1280 1941 1308 1964 et
1334 1938 1477 1964 exteriori.
1501 1937 1569 1965 Nam
1586 1938 1697 1972 quando
1709 1938 1792 1965 homo
1807 1943 1854 1966 est

1060 1993 1144 2020 egens
1162 1985 1319 2012 necessaria
1333 1984 1453 2011 utilitate
1470 1984 1641 2011 tabernaculi
1667 1985 1722 2016 sui,
1737 1989 1803 2012 tunc
1821 1991 1854 2013 et

1061 2032 1166 2058 utilitas
1193 2031 1253 2065 ejus
1279 2030 1308 2057 {it
1331 2030 1560 2065 contemptibilis,
1586 2038 1637 2058 nec
1665 2030 1693 2057 in
1724 2034 1853 2065 tempore

1059 2068 1233 2104 necessitatis
1250 2084 1312 2103 eum
1328 2076 1468 2104 desiderio
1482 2076 1558 2103 videt
1576 2076 1680 2108 cibum,
1697 2081 1726 2103 et
1738 2077 1853 2104 modico

1059 2123 1180 2158 quodam
1206 2121 1272 2149 facit
1296 2130 1398 2157 corpus
1434 2130 1495 2149 esse
1524 2126 1700 2154 contentum,
1725 2126 1754 2149 et
1780 2122 1851 2150 illud

1059 2169 1142 2196 etiam
1168 2172 1296 2201 tauquam
1321 2166 1529 2201 contemptibile
1553 2167 1638 2198 videt,
1665 2175 1716 2194 nec
1735 2174 1854 2201 propter

219 2218 305 2245 mittit
333 2224 396 2243 cum
428 2216 653 2250 appropinquare
684 2213 911 2241 tribulationibus
946 2220 1007 2247 qua:
1025 2210 1044 2235 Ι)
1060 2213 1270 2240 delectationem
1299 2213 1353 2240 cibi
1376 2213 1507 2245 comedit,
1531 2213 1578 2240 sed
1602 2218 1631 2240 ut
1649 2218 1773 2240 naturam
1788 2219 1853 2240 tan-

218 2263 391 2291 sustinentur
418 2270 468 2296 pro
503 2261 580 2293 Deo;
603 2260 651 2287 sed
674 2265 788 2295 propter
802 2266 908 2286 moram
926 2266 1008 2292 quam

219 2310 305 2336 trahit
331 2309 358 2335 in
384 2307 492 2339 eadem,
523 2306 608 2333 trahit
626 2307 715 2342 ipsum
735 2304 893 2332 sollicitudo
919 2304 1011 2331 modi-

218 2363 292 2387 cum.
309 2359 337 2382 ct
351 2343 448 2382 educit
462 2361 525 2381 eum
542 2361 556 2380 a
574 2352 728 2380 certamine
740 2352 803 2378 vita:
817 2350 1007 2378 beatitudinis.

219 2402 253 2429 Et
273 2406 392 2437 augetur
414 2400 441 2426 in
466 2399 526 2433 ipso
552 2399 579 2425 in
608 2402 714 2425 tantum
732 2397 791 2424 haec
810 2396 951 2431 cogitatio,
979 2401 1011 2424 ut

218 2451 332 2483 superet
343 2443 402 2474 eain
416 2455 423 2479 ;
447 2449 476 2473 et
490 2454 496 2472 :
514 2444 565 2478 Qui
579 2444 662 2479 perdit
678 2444 797 2470 animum
811 2451 889 2469 suum
901 2447 1007 2478 propter

219 2501 260 2521 me
279 2493 308 2520 in
332 2497 424 2520 mente
446 2499 506 2523 sua.
526 2498 557 2517 ac
573 2493 680 2526 propter
703 2488 870 2515 dilectionem
897 2496 982 2515 meam
997 2497 1011 2516 ι

219 2539 261 2566 In'c
281 2538 308 2564 iu
334 2538 417 2564 vitam
429 2541 557 2564 wternam
575 2535 680 2562 illaesus
699 2538 728 2561 et
745 2534 880 2560 innocens
893 2534 1008 2560 custodi-

219 2589 272 2611 tur.
289 2584 336 2611 llic
355 2585 425 2611 enim
441 2584 486 2618 qui
501 2582 586 2619 perdit
601 2581 721 2609 animum
742 2586 820 2609 suam
835 2586 943 2617 propter
955 2590 1005 2612 me.

219 2630 332 2656 inveniet
345 2638 403 2655 eam
418 2629 559 2663 deincops.
574 2628 645 2663 Ergo
661 2635 785 2663 praepara
800 2627 919 2655 animam
933 2632 1006 2654 tuam

220 2675 254 2701 ad
272 2675 531 2703 cxtcrtninationem
555 2682 589 2701 ex
614 2674 664 2701 hac
682 2674 737 2701 vita
755 2674 876 2706 letalem,
891 2677 919 2700 et
935 2674 1008 2701 sicut

222 2721 379 2755 reprotnisi,
402 2721 474 2748 dabo
502 2720 551 2748 tibi
576 2719 660 2747 vitam
682 2724 833 2751 :eternam;
861 2724 889 2746 et
909 2719 935 2745 in
957 2719 1008 2746 hac

255 2790 277 2806 δ’
298 2790 381 2818 Eccli.
402 2799 420 2822 ι,
438 2790 482 2817 56.

520 2790 542 2805 δ’
557 2789 641 2817 Eccli.
663 2797 701 2820 Vt,
717 2789 759 2816 19.
786 2790 821 2806 -“
835 2790 930 2818 Matth.
948 2798 1001 2821 xw,
1013 2790 1060 2816 ‘24.

1059 2264 1116 2286 tum
1130 2264 1266 2287 sustentet
1277 2267 1309 2286 ac
1319 2259 1467 2286 contortet.
1492 2258 1660 2286 Occasioncs
1674 2261 1748 2286 enim
1764 2259 1854 2294 hujus

1057 2307 1119 2333 Viue
1133 2306 1188 2333 cito
1205 2305 1402 2332 transformant
1414 2305 1554 2332 hominem
1566 2305 1600 2332 ad
1613 2305 1775 2341 religionem
1787 2306 1852 2333 sine

1058 2351 1240 2379 tribulatione
1265 2358 1298 2378 ac
1323 2350 1437 2377 tristitia
1465 2355 1592 2376 mentes:
1617 2350 1728 2384 expedit
1754 2354 1851 2378 autem

1058 2396 1194 2424 monacho
1224 2395 1384 2422 nullatenus
1411 2394 1586 2421 commisceri
1620 2395 1853 2430 impugnantibus

1059 2450 1134 2473 eum,
1152 2441 1199 2468 sed
1225 2441 1259 2468 ab
1283 2440 1443 2467 corumdem
1467 2440 1626 2474 aspectibus
1644 2440 1797 2473 abstinere,
1820 2444 1852 2468 et

1059 2489 1186 2522 elongarc
1210 2494 1240 2514 se
1262 2494 1277 2512 a
1307 2485 1514 2520 propinquitate
1536 2485 1697 2513 eorumdem
1719 2491 1772 2513 :et
1795 2486 1853 2514 hoc

1059 2533 1122 2561 dico
1138 2540 1193 2560 non
1209 2533 1297 2559 solum
1311 2539 1362 2567 pro
1373 2535 1478 2563 ventre,
1492 2531 1540 2558 sed
1554 2532 1637 2559 etiam
1650 2539 1700 2566 pro
1715 2531 1853 2560 omnibus

1058 2580 1087 2607 in
1112 2578 1215 2614 quibus
1232 2577 1406 2605 examinatur
1421 2581 1449 2605 et
1461 2577 1595 2612 probatur
1609 2577 1727 2605 libertas
1750 2585 1852 2605 mona-

1057 2625 1184 2653 chorum.

1094 2671 1210 2704 Quando
1224 2671 1307 2697 homo
1325 2669 1434 2698 accedit
1447 2669 1480 2696 ad
1499 2669 1597 2701 Deum,
1613 2668 1704 2696 fmdus
1719 2669 1771 2696 init
1787 2677 1852 2697 (um

1060 2719 1114 2745 lien
1133 2718 1166 2745 de
1183 2718 1226 2744 his
1243 2717 1372 2744 cnmibus
1385 2716 1535 2747 abstinere,
1552 2723 1613 2751 qute
1636 2720 1701 2743 sunt
1714 2715 1762 2744 hic
1774 2724 1781 2743 :
1795 2723 1852 2743 non

1099 2790 1210 2818 “toan.
1229 2798 1274 2820 vn,
1287 2789 1332 2815 25.
1371 2788 1393 2804 ”
1410 2787 1493 2815 llehr.
1514 2795 1570 2818 xm,
1590 2788 1632 2814 l3.

257 2843 314 2882 (28)
330 2847 411 2883 Cogn.
429 2856 497 2874 cum.
519 2846 648 2873 Mundum
673 2847 788 2879 scilicet,
811 2848 844 2874 de
863 2856 917 2882 quo
933 2847 1016 2882 paulo
1035 2851 1109 2874 ante.
