1967 3091
134 164 166 197 8-l
173 163 184 196 l

648 160 765 192 LIBER
785 159 835 190 DE
855 155 1081 189 CONTEMPTU
1102 156 1238 187 MUNDI.

1717 153 1770 185 842

137 219 230 246 videre
258 217 358 246 faciem
375 215 503 244 mulieris
515 235 522 248 ,
548 223 601 243 nec
630 216 772 250 respicere
790 214 926 241 formosa-
943 217 963 243 Α
979 211 1032 238 cati
1048 215 1076 238 et
1094 211 1330 247 concupiscentia:
1358 211 1469 238 initium
1497 215 1548 243 cst,
1565 210 1645 238 labor
1659 211 1769 246 jcjunii,

136 275 197 294 rum
224 268 365 300 aspectus,
395 270 448 290 nec
467 262 668 297 concupiscere
694 261 859 296 quidquam,
884 258 928 286 vel

135 311 255 348 epulari,
267 310 310 337 vel
328 313 459 337 ornatum
484 308 512 336 in
526 308 654 336 vestibus
668 316 674 334 :
691 315 746 334 non
764 306 861 333 videre
877 311 929 332 nec

137 358 277 392 respicere
289 355 436 382 hominum
457 354 633 382 saecularium
650 353 811 388 dignitates,
830 358 928 378 eorum

135 403 221 429 verba
238 408 382 436 nunquam
399 399 498 427 audire
509 419 516 432 ,
533 406 586 426 nec
603 406 636 426 ea
663 406 725 433 qua:
740 401 806 425 sunt
828 396 863 424 de
878 396 928 424 eis.

137 448 207 481 Quia
224 447 326 474 multas
339 446 414 473 vires
429 445 580 480 acquirunt
598 444 665 471 vitia
677 443 710 471 de
723 442 930 479 propinquitate

137 494 273 529 ipsorum,
289 491 442 520 laxantium
456 495 484 518 et
495 490 674 518 alterantium
692 489 803 517 athleta:
819 487 931 523 sapien-

138 542 205 568 tiam
221 544 250 568 et
269 539 446 574 propositum
462 538 533 573 ejus.
556 538 590 565 Et
604 538 626 564 si
640 541 770 571 aspectus
791 535 929 562 bonorum

137 590 232 614 incvet
249 584 397 613 arbitrium
413 585 503 612 zelum
517 583 657 614 habentis,
671 587 701 610 ut
718 581 871 609 inclinetur
895 580 930 607 ad

138 632 462 667 operationemeorum,
480 630 660 657 manifestum
679 633 723 656 est
746 627 822 663 quod
846 634 929 661 aspe-

137 683 201 706 ctus
218 677 423 705 contrariorum
435 677 587 712 potentiam
600 675 684 703 habet
700 673 859 709 captivandi
872 673 932 699 ani-

138 731 214 752 mum
234 722 268 751 ad
281 723 414 759 seipsum.
438 722 473 750 Et
492 721 634 749 interdum
649 719 784 756 plus'fiat
806 717 931 745 solitario

138 769 174 797 ad
188 769 416 800 infrcnationem,
432 774 497 795 cum
524 766 654 801 prazlium
676 764 786 792 inducit
808 770 884 790 eum.
898 762 933 789 Et

140 815 204 843 ideo
216 815 329 850 quidam
346 815 380 842 de
398 813 585 842 certatoribus
605 811 721 839 senibus
742 809 879 845 religiosis
891 809 932 835 vi-

140 860 211 888 dens
220 860 369 895 quemdam
387 857 541 886 imberbem
556 857 677 885 similem
696 855 875 886 mulieribus,
888 861 931 881 re-

140 905 250 941 putavit
265 904 319 932 hoc
331 903 463 931 nocivum
476 902 564 930 menti
579 909 647 934 suae,
664 905 749 936 atque
767 900 931 927 damnosum

140 952 170 979 in
189 958 281 986 pugna
301 957 362 977 sua.
375 949 443 982 Quis
470 948 546 976 enim
565 949 671 983 poterit
696 954 725 974 se
758 946 886 981 ingerere
904 945 932 972 in

139 996 204 1023 aliis
230 995 419 1027 confidenter,
440 999 588 1029 postquam
608 996 722 1021 sanctus
743 992 795 1020 iste
810 999 866 1019 non
886 998 933 1018 ac-

140 1042 263 1078 ceptavit
278 1041 395 1074 intrare,
404 1044 434 1068 ut
444 1040 580 1068 salutaret
593 1039 707 1066 fratrem
718 1038 819 1065 illum?
833 1038 934 1065 Decre-

141 1087 181 1115 vit
194 1087 271 1115 enim
287 1086 441 1122 prudenter
463 1085 509 1113 ille
535 1092 620 1113 senex
638 1093 644 1111 :
661 1083 730 1117 Quia
744 1104 751 1116 ,
770 1083 861 1118 inquit
874 1102 882 1115 ,
909 1083 933 1110 si

142 1134 301 1169 cogitavero
325 1132 378 1160 hac
393 1136 478 1160 nocte
494 1136 617 1164 tantum,
635 1131 711 1166 quod
736 1130 782 1158 hic
804 1130 842 1158 sit
860 1129 933 1162 talis,

143 1178 192 1206 fiet
215 1177 284 1204 mihi
308 1178 419 1213 jactura
435 1184 491 1204 non
507 1183 604 1212 parva.
634 1176 752 1211 Propter
771 1175 845 1210 quod
865 1174 935 1202 dixit

142 1224 204 1251 aliis
218 1232 224 1250 :
239 1224 297 1259 Ego
311 1223 436 1259 quidem,
460 1223 523 1256 filii,
542 1231 598 1251 non
626 1223 727 1256 timeo;
743 1227 934 1250 verumtamen

141 1278 193 1299 cur
207 1271 269 1298 volo
285 1271 354 1298 mihi
378 1271 510 1298 inducere
532 1278 652 1306 pugnam
676 1270 704 1297 in
718 1271 843 1298 vanum?
866 1270 935 1298 Nam

142 1317 301 1350 recordatio
320 1317 419 1345 talium
436 1317 638 1345 infructuosam
654 1316 723 1344 facit
738 1316 826 1343 menti
844 1316 935 1344 tribu-

142 1361 286 1389 lationem.
310 1362 353 1388 Ad
379 1362 600 1397 unumquodque
625 1361 782 1388 membrum
808 1361 936 1396 corporis

143 1408 229 1436 habet
239 1416 360 1444 pugnam
372 1408 467 1446 homo,
484 1412 514 1436 et
534 1408 618 1436 debet
632 1407 774 1435 custodire
786 1414 815 1435 se
833 1407 935 1442 ipsum,

143 1459 172 1482 et
190 1454 333 1482 dimittere
347 1462 469 1490 pugnam
485 1454 514 1481 in
526 1454 605 1489 ipsis,
627 1458 759 1489 tanquam
779 1453 802 1481 si
815 1454 872 1489 jam
887 1461 936 1488 ap-

144 1500 362 1535 propinquasset
388 1508 395 1527 :
420 1504 448 1527 et
477 1507 635 1535 quanquam
665 1500 749 1527 homo
772 1499 826 1528 sibi
853 1499 938 1528 faciat

143 1545 307 1573 violentiam
328 1545 363 1573 ad
379 1545 495 1578 bonum,
513 1550 606 1573 tamen
627 1545 802 1580 periclitatur
813 1545 937 1573 videndo

144 1599 254 1627 semper
265 1599 297 1619 ac
310 1591 547 1627 concupiscendo.
561 1592 639 1619 Sicut
652 1591 832 1619 medicinales
844 1592 939 1619 herbae

146 1639 242 1666 multae
265 1643 330 1666 sunt
347 1638 375 1665 in
392 1641 467 1665 terra
486 1642 633 1670 contecta,
655 1641 684 1665 ct
701 1637 729 1664 in
741 1641 838 1665 aestate
857 1644 939 1665 nemo

144 1685 290 1720 cognoscit
304 1692 352 1712 eas
367 1689 480 1719 propter
493 1687 591 1711 aestum
609 1692 617 1717 ;
632 1690 697 1711 cum
711 1687 806 1711 autem
821 1691 855 1710 ex
867 1691 939 1718 aqua

144 1730 251 1758 fuerint
264 1731 440 1763 humectataa,
459 1737 492 1757 ac
514 1730 705 1765 perceperunt
720 1729 852 1757 virtutem
865 1728 939 1756 aerei

145 1776 268 1811 frigoris,
287 1779 354 1803 tunc
369 1777 486 1810 apparet
501 1774 633 1810 qualibet
649 1774 774 1808 illarum,
790 1778 819 1802 et
830 1779 941 1809 spectes

145 1821 194 1849 ubi
209 1821 300 1848 fuerat
321 1821 349 1848 in
373 1824 448 1848 terra
474 1820 583 1855 sepulta
601 1828 608 1846 :
631 1820 669 1847 ita
683 1824 712 1848 et
729 1820 813 1847 homo
828 1819 940 1854 quando

146 1871 188 1895 est
200 1867 228 1894 in
242 1867 330 1902 gratia
350 1866 561 1902 tranquillitatis
577 1869 606 1893 et
620 1865 730 1894 fervore
753 1866 939 1899 abstinentiae,

145 1914 267 1949 quiescit
279 1922 294 1941 a
309 1913 406 1941 multis
425 1913 513 1946 vitiis;
531 1912 580 1940 sed
597 1920 662 1940 cum
681 1912 715 1939 ad
731 1912 879 1940 saeculares
893 1920 940 1940 ac-

146 1960 232 1992 cedit,
251 1965 318 1987 tunc
330 1959 407 1987 videt
421 1959 563 1994 quomodo
580 1958 728 1994 quodlibet
749 1957 848 1985 vitium
867 1959 942 1985 exci-

147 2010 234 2038 tatur,
255 2006 285 2034 et
299 2005 428 2034 sublevat
449 2009 532 2041 caput
548 2013 642 2038 suum,
657 2004 778 2033 maxime
792 2012 855 2032 cum
872 2004 941 2032 odo-

148 2052 253 2080 raverit
265 2052 368 2087 quietis
384 2052 512 2080 odorem.

183 2098 247 2126 llaec
260 2103 353 2126 autem
361 2098 429 2131 dixi,
443 2106 478 2125 ne
493 2097 556 2133 quis
569 2097 691 2125 confidat
705 2097 735 2125 in
747 2104 866 2132 corpore
879 2104 941 2129 suo,

147 2143 272 2180 quandiu
292 2144 371 2176 vivit,
397 2144 487 2171 donec
514 2143 668 2176 moriatur,
683 2147 712 2171 et
741 2149 771 2170 ut
796 2142 941 2170 ostendam

109 2203 115 2209 -
145 2193 284 2224 quantum
301 2189 365 2225 fuga
382 2196 567 2224 recessusque
582 2189 706 2224 longusa
728 2189 829 2216 s:cculo
843 2189 942 2223 juvant

146 2239 247 2264 contra
261 2242 293 2262 ea
310 2242 483 2270 quaecunque
500 2234 595 2262 ferunt
609 2234 691 2262 nobis
704 2234 897 2261 confusionem
912 2233 940 2260 iu

146 2280 343 2309 recordatione
363 2279 418 2308 sui.
444 2280 562 2315 Expedit
576 2280 658 2308 nobis
672 2279 784 2312 timere,
801 2287 853 2307 nec
871 2287 939 2307 con-

145 2327 259 2354 culcare
286 2325 488 2354 conscientiam
507 2329 535 2353 et
555 2329 736 2353 contemnere
753 2332 825 2352 eam.
843 2324 873 2352 ln
891 2325 940 2353 de-

147 2377 255 2400 sertum
273 2376 415 2406 tentemus
428 2372 531 2400 ducere
556 2379 669 2407 corpus,
691 2375 720 2399 et
733 2371 870 2399 faciamus
891 2379 942 2406 per

146 2417 223 2451 quod
239 2417 402 2452 patientiam
426 2417 612 2452 acquiramus.
626 2416 713 2452 Majus
734 2419 827 2443 autem
852 2415 942 2442 omni-

144 2464 200 2491 bus
215 2467 269 2496 est,
294 2467 325 2490 ut
351 2471 449 2490 causas
474 2470 572 2498 pugnae
594 2463 792 2498 prolongemus
814 2470 829 2489 a
847 2461 940 2494 nobis,

146 2517 306 2545 quanquam
325 2517 359 2537 ex
372 2510 425 2537 hoc
445 2516 549 2544 corpus
566 2509 721 2544 angustiam
741 2509 855 2544 patitur.
870 2508 939 2542 Quia

148 2556 234 2583 timeo
250 2563 299 2588 ne,
313 2563 376 2582 cum
394 2556 590 2590 supervenerit
609 2555 720 2582 occasio
735 2559 763 2582 et
778 2554 940 2588 necessitas,

148 2602 258 2630 ruinam
276 2606 390 2637 propter
415 2601 653 2637 propinquitatem
681 2608 778 2628 eorum
803 2601 939 2628 incurrat.

147 2648 180 2681 Q.
196 2647 361 2683 Quicunque
373 2647 508 2683 ahjecerit
527 2655 543 2674 a
556 2654 585 2674 se
600 2645 792 2678 teutationem,
809 2650 837 2673 et
855 2645 941 2673 intra-

147 2695 221 2722 verit
235 2694 269 2721 ad
289 2702 420 2730 pugnam,
439 2693 514 2729 quod
534 2698 577 2721 est
595 2693 705 2720 initium
722 2693 782 2728 ejus
801 2692 827 2718 in
849 2699 941 2728 pugna

149 2742 334 2774 abstinentiae,
357 2746 385 2769 et
404 2742 477 2769 unde
494 2741 593 2776 incipit
613 2740 725 2776 pugna?
749 2740 781 2767 Re.
803 2739 872 2767 lllud
890 2746 940 2766 no-

151 2792 209 2815 tum
232 2793 275 2815 est
289 2788 430 2820 omnibus,
449 2788 523 2823 quod
537 2787 685 2823 cujuslibet
702 2785 863 2814 certaminis
879 2792 941 2819 pec-

194 2873 216 2887 “
234 2873 375 2904 Mattlmv.
393 2876 418 2908 l,
430 2877 457 2904 2.

296 2925 433 2956 Parant.
451 2927 510 2957 Gn.
532 2925 705 2957 LXXXVI.

981 258 1099 285 maxime
1118 259 1299 293 pugnantium
1318 262 1415 285 contra
1442 262 1584 292 peccatum
1601 257 1674 292 quod
1698 257 1769 284 intra

979 311 1031 331 nos
1042 307 1094 331 est.
1113 304 1228 339 Signum
1246 311 1358 339 quoque
1373 304 1430 331 odii
1448 308 1544 331 contra
1562 307 1717 337 peccatum,
1743 311 1770 330 et

979 349 1232 384 concupiscentiam
1240 349 1309 384 ejus,
1320 353 1434 384 apparet
1441 357 1474 376 ex
1484 349 1536 376 hoc
1549 349 1577 377 in
1586 348 1772 376 certatoribus

980 395 1128 423 invisibilis
1139 395 1333 431 hujuspugnaz,
1343 396 1365 423 si
1377 403 1440 423 cum
1455 395 1562 430 jejunio
1574 395 1672 430 vigilia:
1680 395 1771 422 noctis

979 445 1176 476 cooperantur.
1198 441 1362 475 Quicunque
1391 445 1482 468 autem
1506 448 1556 475 per
1577 445 1660 467 totam
1686 441 1770 468 vitam

980 493 1057 513 suam
1070 486 1228 514 societatem
1242 487 1325 522 hujus
1338 487 1460 522 conjugii
1474 486 1573 522 diligit,
1588 486 1633 514 hic
1650 487 1679 514 fit
1689 487 1773 514 casti-

981 533 1045 561 tatis
1058 534 1173 561 amicus.
1187 533 1266 561 Sicut
1277 535 1352 562 enim
1367 535 1447 570 quies
1462 535 1568 562 ventris
1582 534 1692 562 initium
1713 543 1772 562 om-

980 579 1057 606 nium
1071 579 1208 607 malorum
1222 584 1274 613 est,
1293 585 1321 607 et
1341 580 1443 608 laxatio
1457 581 1547 608 somni
1564 589 1625 615 quae
1644 581 1772 608 accendit

981 624 1098 652 luxuria:
1121 625 1388 660 concupiscentiam,
1414 626 1451 653 ita
1477 626 1521 653 via
1548 627 1597 654 Dei
1624 631 1720 654 sancta
1744 632 1772 654 et

982 670 1075 697 omnis
1089 671 1202 698 virtutis
1220 671 1432 699 fundamentum
1444 672 1583 708 jejunium
1598 677 1641 700 est
1655 681 1687 700 ac
1704 673 1773 708 vigi-

981 716 1066 744 lantia
1082 717 1110 744 in
1123 717 1237 755 servitio
1254 717 1314 749 Dei,
1331 718 1359 745 in
1376 718 1557 746 crucifixionc
1577 719 1705 754 corporis
1720 727 1770 754 per

983 767 1067 790 totam
1084 768 1195 791 noctem
1208 768 1305 791 contra
1316 764 1497 792 dulcedinem
1510 764 1611 792 somni.

1017 807 1158 843 Jejunium
1171 809 1308 844 protectio
1319 815 1363 837 est
1377 810 1468 837 omnis
1477 810 1601 843 virtutis,
1620 815 1649 838 et
1661 811 1772 838 initium

983 854 1153 888 certaminis,
1165 859 1193 883 et
1209 863 1312 883 corona
1321 856 1536 890 continentium,
1552 861 1580 884 et
1594 857 1774 892 pulchritudo

948 899 972 930 Β
985 898 1155 934 virginitatis
1170 905 1196 928 et
1212 901 1380 934 sanctitatis,
1397 906 1424 929 et
1437 902 1571 937 splendor
1584 903 1730 936 castitatis,
1745 907 1775 930 et

984 945 1155 981 principium
1171 947 1223 974 via!
1240 947 1463 981 christianitatis,
1480 953 1508 976 et
1523 954 1612 976 mater
1627 950 1773 981 orationis,

984 995 1012 1018 et
1027 991 1090 1019 fons
1109 989 1264 1027 sapientiae,
1280 998 1308 1021 et
1324 994 1454 1029 magister
1467 995 1689 1030 tranquillitatis,
1713 1003 1775 1030 qua

985 1037 1118 1071 przecedit
1141 1039 1234 1066 omnia
1246 1039 1329 1067 bona.
1346 1039 1424 1068 Sicut
1438 1041 1563 1069 imitatur
1578 1049 1663 1069 sanus
1677 1042 1776 1069 oculus

985 1082 1158 1111 desiderium
1173 1084 1245 1112 lucis
1255 1106 1262 1118 ,
1276 1086 1313 1113 ita
1327 1087 1455 1121 sequitur
1472 1087 1608 1122 jejunium
1626 1088 1701 1123 quod
1712 1095 1775 1116 cum

985 1128 1153 1158 discretione
1183 1130 1224 1164 fit,
1251 1132 1424 1160 desiderium
1450 1133 1594 1161 orationis.
1622 1134 1691 1162 Cum
1713 1135 1777 1169 quis

986 1177 1102 1211 cmperit
1116 1178 1252 1213 jejunare,
1262 1185 1296 1206 ex
1304 1179 1368 1212 hoc,
1383 1180 1552 1207 desiderium
1564 1180 1666 1216 alloqui
1678 1182 1776 1211 Deum.

986 1227 1014 1250 et
1026 1223 1172 1264 pervenire
1186 1225 1219 1252 ad
1235 1232 1298 1252 eum
1312 1225 1410 1260 incipit
1423 1227 1451 1253 in
1468 1231 1559 1254 mente
1570 1235 1631 1255 sua.
1646 1227 1778 1263 Jejunans

986 1276 1088 1303 corpus
1102 1277 1158 1297 non
1175 1274 1316 1305 exspectat
1336 1271 1363 1298 in
1379 1271 1452 1299 lecto
1468 1279 1520 1299 suo
1535 1277 1564 1300 ut
1578 1272 1698 1300 dormiat
1720 1277 1778 1301 tota

987 1319 1069 1341 nocte
1084 1322 1091 1341 :
1108 1322 1173 1342 cum
1192 1315 1312 1350 sigillum
1326 1315 1425 1351 jejunii
1442 1318 1641 1352 superponitur
1662 1318 1705 1345 ori
1725 1318 1779 1346 ho-

987 1359 1081 1392 minis,
1101 1368 1180 1388 mens
1194 1363 1409 1396 compunctione
1427 1362 1587 1395 meditatur,
1611 1369 1641 1391 et
1656 1371 1704 1391 cor
1717 1365 1778 1400 ejus

987 1406 1289 1441 producitorationem,
1302 1411 1329 1434 et
1344 1407 1474 1436 maestitia
1488 1409 1561 1444 jacet
1571 1409 1600 1436 in
1617 1410 1692 1437 vultu
1706 1410 1777 1445 ejus,

979 1456 1016 1480 -et
1031 1460 1121 1487 pravae
1134 1451 1316 1487 cogitationes
1331 1453 1497 1489 elongantur
1513 1455 1547 1482 ab
1568 1454 1639 1491 ipso.
1650 1455 1781 1484 llilaritas

988 1506 1043 1525 non
1061 1498 1203 1526 invenitur
1216 1498 1243 1525 in
1256 1499 1345 1526 oculis
1362 1499 1433 1534 ejus,
1450 1504 1478 1528 et
1491 1501 1780 1536 concupiscentiarum

989 1547 1017 1571 et
1034 1544 1259 1580 vaniloquiorum
1280 1554 1336 1574 non
1352 1550 1395 1574 est
1412 1547 1530 1575 amicus.
1554 1547 1703 1583 Nunquam
1722 1548 1781 1577 vidi

989 1593 1110 1629 aliquem
1128 1594 1300 1629 jejunantem
1313 1602 1376 1623 cum
1393 1595 1571 1629 discretione,
1594 1604 1609 1623 a
1626 1596 1698 1624 mala
1714 1604 1783 1624 con-

989 1639 1162 1674 cupiscentia
1174 1640 1316 1668 redactum
1331 1640 1358 1668 in
1376 1641 1539 1669 servitutem
1556 1649 1563 1668 :
1583 1646 1627 1669 est
1639 1642 1713 1669 enim
1727 1642 1782 1670 hoc

990 1693 1120 1721 magnum
1135 1685 1239 1713 donum
1257 1686 1291 1714 ad
1307 1694 1389 1714 omne
1413 1687 1516 1715 bonum
1531 1708 1538 1720 ,
1558 1687 1690 1722 quoniam
1713 1687 1782 1715 illud

990 1733 1033 1757 est
1047 1728 1223 1763 mandatum;
1236 1733 1263 1757 et
1278 1730 1325 1765 qui
1339 1731 1455 1766 negligit
1477 1731 1556 1764 illud,
1573 1736 1683 1760 amovet
1699 1740 1782 1760 omne

990 1775 1093 1803 bonum
1112 1775 1186 1810 quod
1199 1775 1233 1803 ab
1247 1775 1327 1804 initio
1335 1776 1388 1804 fuit
1404 1777 1562 1812 impositum
1578 1777 1612 1805 ad
1626 1778 1781 1806 custodiam

991 1826 1093 1850 nostrae
1109 1826 1227 1855 naturae,
1240 1826 1269 1851 et
1290 1823 1355 1851 inde
1368 1815 1464 1852 condit
1480 1824 1647 1859 principium
1663 1825 1783 1860 plasma-

993 1868 1080 1895 tionis
1097 1873 1210 1897 nostrae.
1226 1870 1423 1898 Verumtamen
1448 1869 1523 1897 unde
1541 1869 1614 1898 facta
1631 1875 1674 1898 est
1691 1876 1783 1899 exter-

993 1913 1110 1941 minatio
1124 1914 1223 1949 prima,
1240 1914 1304 1943 inde
1318 1919 1473 1944 certatores
1488 1916 1606 1944 veniunt
1627 1917 1661 1944 ad
1675 1917 1724 1945 Dei
1747 1918 1782 1945 ti-

991 1966 1111 1991 morem,
1129 1964 1276 1995 postquam
1294 1961 1382 1996 lcgem
1398 1961 1459 1997 ejus
1482 1962 1617 1996 coeperint
1631 1963 1780 1991 custodire.

992 2003 1118 2032 Salvator
1132 2005 1215 2032 etiam
1235 2006 1346 2040 quando
1360 2007 1489 2042 apparuit
1505 2007 1607 2036 mundo
1618 2008 1693 2041 huic,
1708 2009 1783 2038 ince-

992 2051 1043 2085 pit.
1059 2050 1127 2078 Nam
1149 2056 1213 2086 post
1237 2052 1416 2087 baptismum,
1437 2053 1536 2081 Eduxi!
1550 2062 1608 2081 eum
1624 2054 1739 2090 Spiritus
1755 2056 1782 2082 in

993 2095 1136 2129 desertum,
1150 2097 1320 2133 etjejunavit
1333 2097 1514 2133 quadraginta
1529 2098 1619 2126 diebus
1631 2098 1664 2126 “.
1678 2099 1782 2127 Simili-

993 2145 1036 2170 ter
1045 2146 1138 2170 autem
1152 2147 1180 2170 ct
1196 2151 1293 2170 omnes
1307 2143 1354 2178 qui
1368 2148 1470 2171 exeunt
1484 2148 1615 2178 posteum
1627 2148 1783 2180 etsequun-

994 2191 1040 2214 tur
1057 2195 1132 2220 eum,
1151 2195 1236 2223 super
1253 2188 1307 2215 hoc
1322 2188 1531 2216 fundamentum
1549 2193 1656 2224 ponunt
1671 2190 1782 2217 initium

957 2251 978 2279 Β
994 2241 1093 2268 pugnae
1106 2241 1174 2261 suae.
1188 2233 1335 2261 Armatura
1349 2238 1391 2261 est
1402 2235 1476 2262 enim
1488 2241 1601 2270 operata
1611 2243 1660 2270 per
1677 2236 1781 2263 Deum:

994 2278 1057 2313 quis
1070 2278 1190 2313 negliget
1202 2279 1287 2312 illam,
1303 2283 1331 2306 et
1350 2287 1404 2306 non
1420 2281 1596 2315 culpabitur?
1615 2281 1648 2309 Et
1663 2282 1686 2309 si
1698 2282 1721 2309 is
1736 2282 1782 2317 qui

992 2325 1083 2352 edidit
1107 2325 1206 2361 legem,
1227 2326 1335 2361 jejuuat
1350 2346 1358 2359 ,
1377 2327 1440 2362 quis
1462 2331 1505 2355 est
1522 2335 1555 2355 ex
1568 2327 1784 2357 observantibus

993 2371 1094 2406 legem,
1106 2379 1189 2406 quem
1210 2379 1267 2399 non
1283 2377 1410 2407 oporteat
1420 2373 1566 2408 jejunare?
1582 2373 1698 2409 Propter
1709 2376 1784 2410 quod

995 2424 1085 2451 usque
1108 2421 1174 2444 tunc
1187 2425 1275 2452 genus
1289 2417 1439 2445 humanum
1463 2418 1609 2447 victoriam
1628 2420 1783 2455 ignorabat,

994 2470 1046 2489 nec
1063 2462 1191 2490 diabolus
1204 2463 1327 2498 iniquam
1345 2463 1397 2490 fuit
1410 2468 1540 2499 expertus
1559 2464 1611 2500 16
1628 2466 1784 2500 superatio-

993 2515 1055 2535 nem
1074 2515 1150 2536 suam
1162 2516 1212 2544 per
1224 2513 1352 2536 naturam
1368 2514 1502 2542 nostram,
1518 2511 1736 2546 antejejunium.
1755 2513 1784 2540 ln

993 2555 1045 2582 hac
1061 2559 1203 2582 armatura
1217 2555 1252 2583 ab
1270 2555 1330 2590 ipso
1344 2556 1482 2591 principio
1497 2556 1548 2584 fuit
1560 2557 1642 2584 homo
1655 2557 1786 2587 formido-

994 2601 1087 2634 losus;
1104 2606 1132 2629 et
1147 2602 1280 2630 Dominus
1300 2607 1395 2630 noster
1406 2603 1487 2630 .lcsus
1497 2602 1636 2640 Christus,
1658 2604 1785 2640 princeps

994 2650 1022 2674 et
1037 2646 1239 2682 primogenitus
1260 2647 1386 2675 victoria:
1401 2647 1490 2675 factus
1510 2653 1566 2681 est,
1590 2652 1619 2676 ut
1635 2649 1715 2677 daret
1726 2650 1782 2685 pri-

997 2700 1068 2720 mam
1082 2690 1213 2720 corOnam
1227 2693 1350 2721 victoriae
1362 2701 1445 2729 super
1457 2700 1541 2729 caput
1552 2699 1659 2723 natura;
1673 2701 1786 2723 nostrm.

997 2739 1029 2766 Et
1046 2738 1172 2767 diabolus
1197 2739 1308 2775 quando
1332 2740 1408 2768 videt
1433 2741 1504 2768 hanc
1528 2746 1695 2769 armaturam
1713 2744 1786 2776 apud

998 2785 1121 2820 aliquem
1140 2785 1298 2819 hominum,
1329 2786 1422 2814 statim
1450 2791 1579 2819 terretur,
1605 2791 1634 2814 ct
1657 2789 1733 2814 venit
1751 2788 1785 2815 ad

1594 2932 1630 2961 ΞΥ
