1967 3091
198 177 232 207 is
850 143 899 192 ‘s.
920 158 1044 190 rsum
1062 155 1148 187 εγω

181 231 401 262 recordationem
418 225 605 262 superatum“
631 231 687 250 sum
706 227 787 257 quam
802 227 817 246 a
833 218 974 246 Salvatore
990 215 1010 244 Α
1027 213 1064 240 tia
1075 212 1151 243 vicit,
1167 210 1242 238 aliud
1265 212 1316 240 est,
1334 215 1417 243 quam
1429 206 1533 233 evitare
1551 205 1779 234 conversationes
1792 208 1823 232 et

1099 258 1105 262 .
1313 259 1317 262 .
1351 255 1369 262 ι-
1398 261 1401 262 ,
1438 254 1484 262 III.
1513 252 1554 262 ~"5
1573 260 1581 262 μ
1593 252 1721 262 Αιμμμιξι-..
1736 251 1762 262 Ξ..
1780 258 1807 262 ,Α

181 286 277 316 passus
294 282 336 305 est
351 277 376 302 in
394 275 515 305 deserto,
532 277 557 299 ct
573 271 661 297 virtus
677 269 737 304 ejus
752 264 932 294 confunditur
944 262 971 288 in

182 330 322 354 armatura
338 322 418 350 nobis
436 321 498 348 data
511 327 525 346 a
542 317 666 354 principe
681 319 787 342 nostro.

217 372 283 405 Quae
300 369 383 405 igitur
398 374 473 394 arma
486 369 550 393 sunt
578 365 612 390 iis
626 362 740 390 fortiora
755 364 784 387 et
799 357 885 393 magis
908 363 974 383 con-

185 401 359 445 fortatiotietn
371 412 529 442 cxhibentia
544 411 571 438 in
585 416 676 445 pugna
688 415 748 442 qua:
760 406 790 433 fit
808 407 904 432 contra
917 401 974 437 spi-

185 464 255 491 ritus
271 463 415 496 malignos,
431 456 734 492 sicutcxpcrimcntum
750 452 852 479 factum
869 458 884 476 a
896 448 976 476 Chri—

186 513 228 536 sto
239 508 250 534 ?
262 507 330 534 Nam
345 508 449 540 quanto
466 504 527 538 plus
537 501 668 536 fatigatur
683 503 710 526 et
723 497 853 532 aflligitur
864 502 976 529 corpus,

188 557 264 581 tanto
292 551 378 587 magis
411 555 534 584 tempore
565 554 621 581 quo
650 543 805 572 circumdat
836 540 977 568 hominem

187 599 262 626 acies
280 597 435 624 dammnum
448 615 454 625 ,
474 601 521 621 cor
538 592 625 627 ipsius
637 598 654 617 a
668 587 837 616 conﬁdentia
850 585 978 612 defensa-

188 649 233 671 tur
250 648 299 671 :et
313 642 360 677 qui
383 639 481 677 jejuuii
496 641 636 666 armatura
657 634 787 664 vestitur,
813 632 888 659 omni
910 633 980 657 tem-

189 697 256 726 pore
280 694 323 715 cst
343 693 487 714 accensus.
507 684 616 711 Zelotes
632 681 707 709 Elias
730 687 793 707 cum
810 676 911 705 zelavit
931 682 980 710 pro

189 737 250 771 lege
264 734 324 766 Dei,
341 733 369 760 in
393 733 444 759 hac
464 734 604 757 armatura
622 727 699 759 vicit,
717 724 853 752 reducens
868 721 902 748 ad
925 727 982 747 tne-

190 781 306 809 moriam
328 777 496 814 possessoris
518 775 560 802 sui
585 772 714 801 mandata
744 769 864 805 Spiritus
884 766 981 794 sancti.

192 811 525 859 ltlcdiatriscstjrjunatio
537 819 645 848 Veteris
652 815 835 847 Testameuti,
848 817 876 840 et
888 811 982 848 gratim

193 873 264 900 data:
279 870 361 898 nobis
376 856 528 897 a-C'ltristo.
549 864 602 898 Qui
619 862 734 898 negligit
746 860 894 896 jejunium,
910 856 983 892 apud

192 922 289 946 emtera
300 913 507 951 propugnacula
518 911 680 939 laxus'estet
690 907 826 937 infirmus,
837 908 865 931 et
875 904 984 938 signum

193 962 339 991 laxatimiis
352 949 452 987 anima:
469 958 654 987 demonstrat,
669 958 697 981 et
714 953 761 987 dat
782 952 874 978 locum
895 949 985 975 victo-

196 1011 248 1042 ria;
266 1006 437 1043 impugnanli
455 1012 530 1032 eum.
553 1002 624 1036 Quia
641 999 733 1028 nudus
759 996 920 1033 aggreditur
937 1002 987 1028 pu-

194 1062 285 1091 gnam,
306 1051 483 1080 manifestum
512 1051 555 1075 est
582 1046 647 1081 quia
673 1043 766 1070 nudus
787 1038 929 1076 egreditur
952 1036 987 1063 ab

195 1109 238 1132 ea,
255 1099 319 1135 quia
332 1097 456 1125 membra
467 1096 528 1130 ejus
544 1101 599 1120 non
620 1095 686 1118 sunt
706 1088 804 1116 induta
819 1086 928 1113 fervore
945 1083 987 1110 fa-

198 1147 259 1174 mis.
275 1146 344 1173 ltem
368 1150 418 1178 per
441 1140 577 1177 jejunium
594 1138 679 1165 homo
695 1135 879 1163 inconcussus
895 1133 988 1158 mente

199 1195 326 1220 servatur
351 1189 424 1224 apud
439 1175 572 1215 occursus
589 1182 742 1211 difﬁcilium
754 1180 898 1207 vitiorum.
915 1175 989 1203 Dici-

201 1242 246 1265 tur
263 1236 296 1264 dc
312 1220 408 1262 multis
425 1230 606 1267 martyribus,
618 1227 692 1263 quod
709 1225 779 1253 nihil
796 1222 945 1259 gustabant
961 1220 989 1247 in

199 1283 245 1310 die
258 1282 285 1308 in
303 1287 357 1316 qua
383 1285 514 1306 coronam
539 1272 773 1310 praestolabantur
787 1266 927 1303 martyrii,
941 1264 990 1292 sed

200 1329 272 1356 sicut
284 1327 319 1354 ad
333 1325 445 1361 nuptias
459 1320 606 1358 pratparati
623 1315 822 1353 exspectabant
842 1317 991 1340 occurrere

201 1373 328 1410 gladioin
341 1357 533 1407 jejuniogcum
557 1365 677 1402 hymnis.
693 1362 805 1398 psalmis
821 1364 849 1387 et
864 1357 990 1386 canticis.

236 1420 292 1447 Nos
308 1403 418 1453 quoque
441 1415 488 1450 qui
513 1413 546 1441 ad
569 1410 709 1439 invisibile
725 1407 887 1443 martyrium
901 1403 992 1432 vocati

203 1473 300 1494 sumus
327 1463 360 1491 ad
386 1459 580 1498 percipiendas
607 1453 836 1486 sanctificationis
864 1457 992 1482 coronas,

205 1512 362 1548 vigilemus,
380 1497 415 1536 ne
437 1507 466 1534 in
491 1505 584 1541 aliqua
611 1506 691 1539 parte
707 1499 863 1535 negationis
885 1497 994 1532 signum

205 1559 308 1588 nostris
317 1555 437 1584 inimicis
447 1553 638 1581 exhibeamus.
648 1550 719 1577 Sunt
729 1547 843 1584 quidam
858 1545 995 1583 habentes

207 1607 266 1634 haec
277 1611 375 1639 opera,
391 1601 438 1636 qui
461 1603 590 1635 quaerunt
615 1595 814 1632 cogitationum
834 1599 941 1628 pacem,
968 1594 996 1617 et

207 1638 438 1687 tranquillitatem
454 1655 511 1674 non
530 1645 655 1674 sentiunt
679 1642 822 1669 vitiorum.
846 1638 869 1666 Ο
885 1638 995 1670 fratres,

209 1700 276 1728 vitia
290 1699 426 1726 absconsa
444 1697 509 1722 sunt
532 1692 561 1719 in
579 1691 682 1722 anima,
697 1695 760 1724 quae
779 1694 835 1714 non
850 1684 997 1720 corrigun—

210 1751 255 1774 tur
269 1752 318 1780 per
333 1742 443 1770 labores
456 1736 649 1768 tantummodo
664 1733 832 1769 corporales,
849 1738 900 1758 nec
914 1729 998 1757 etiam

210 1801 260 1828 per
269 1777 320 1819 eas
335 1787 521 1824 cogitationes
532 1787 676 1812 aretantur
687 1779 758 1816 apud
771 1779 833 1806 illos
847 1777 894 1813 qui
908 1784 922 1803 a
937 1783 1000 1802 sen-

210 1839 290 1867 sibus
315 1842 425 1870 semper
448 1830 657 1867 expergeﬁuut;
685 1827 752 1862 quia
774 1824 884 1852 labores
904 1821 1001 1856 hujus-

211 1883 286 1912 modt
299 1890 312 1910 a
325 1865 554 1914 concupiscentia
573 1879 687 1902 tuentur
707 1871 846 1901 homines,
866 1876 901 1895 ne
913 1867 948 1894 ab
959 1865 1002 1893 eis

213 1935 243 1959 ct
263 1930 420 1958 daemonum
445 1923 607 1953 turbatione
631 1921 790 1947 vincantur.
819 1916 917 1944 Pacem
935 1919 1002 1940 vero

214 1981 242 2005 et
256 1973 483 2010 tranquillitatem
499 1970 598 1997 animae
612 1974 666 1994 non
685 1963 854 1999 impediunt;
871 1959 920 1988 sed
937 1963 1004 1986 tunc

215 2009 340 2050 membra
361 2026 423 2054 qua:
437 2020 502 2044 sunt
523 2015 551 2042 in
575 2018 658 2044 terra,
677 2009 881 2038 mortificamur
894 2011 922 2034 et
933 2012 1004 2040 pras-

215 2071 292 2098 stant
304 2064 504 2102 cogitationum
522 2067 635 2096 pacem,
653 2065 717 2086 cum
732 2053 913 2083 solitudinem
927 2057 1005 2078 com-

218 2114 404 2142 municamus.
421 2109 488 2137 Nam
500 2112 657 2143 quanquam
671 2103 727 2131 cito
737 2108 835 2129 sensus
851 2097 1006 2126 exteriores

216 2157 386 2187 cessaverint
399 2163 414 2182 a
433 2154 608 2184 turbatione,
629 2153 658 2178 et
675 2145 881 2184 permanserint
895 2144 923 2170 in
938 2150 1007 2177 ope-

218 2205 324 2231 ratione
344 2201 451 2229 scilicet
467 2200 538 2226 bona
550 2218 557 2230 ,
576 2204 626 2232 per
647 2192 759 2229 aliquod
778 2197 888 2225 tempus
907 2187 1008 2215 sentiet

219 2250 301 2277 homo
313 2254 423 2284 pacem;
439 2250 528 2272 tamen
540 2248 685 2278 quousque
702 2237 833 2266 defecerit
844 2234 950 2263 homini
962 2240 1008 2260 oc-

219 2302 329 2326 cursus,
356 2296 383 2320 et
407 2290 531 2318 membra
556 2289 616 2323 ejus
634 2284 806 2314 cessaverint
822 2290 838 2310 a
859 2280 1009 2308 diffusione

221 2338 431 2375 cogitationum,
449 2340 477 2363 et.
490 2334 524 2361 ad
537 2341 566 2361 se
591 2331 736 2366 collegerit
748 2327 940 2362 semetipsum,
955 2331 1010 2351 non

222 2386 322 2422 poterit
349 2388 516 2419 cognoscere
544 2386 623 2407 suam
647 2376 846 2405 infirmitatem.
873 2370 1012 2405 Quietudo

221 2433 308 2464 enim,
324 2431 396 2459 sicut
412 2430 450 2456 ait
474 2428 572 2455 beatus
590 2425 707 2453 Basilius
718 2444 725 2456 ,
742 2422 853 2449 initium
869 2423 911 2447 est
929 2425 1011 2446 mun-

222 2478 297 2505 ditiae
313 2478 420 2504 animae.
444 2474 514 2502 Cum
532 2472 670 2501 exteriora
694 2468 819 2496 membra
842 2463 1014 2494 cessaverint

223 2523 258 2550 ab
271 2521 402 2550 exteriori
429 2519 579 2548 schismate
602 2521 631 2544 et
644 2513 827 2543 distractione
841 2511 875 2539 ad
891 2509 1014 2537 esterio-

225 2576 284 2596 rem
301 2568 455 2602 regionem,
467 2563 617 2600 expergth
631 2569 681 2589 cor
693 2560 727 2588 ad
750 2558 949 2587 scrutationem
974 2555 1016 2582 in-

227 2615 382 2644 tentionum
404 2618 465 2647 qua:
488 2612 564 2638 intus
590 2610 618 2636 in
643 2608 735 2636 anima
760 2609 839 2637 sunt;
853 2608 881 2630 et
902 2602 925 2631 si
945 2602 1016 2629 bene

228 2659 443 2697 permanserint,
455 2657 538 2684 homo
549 2654 709 2691 hujusmodi
725 2651 840 2686 incipiet
855 2649 890 2677 ad
907 2647 1018 2675 mundi-

228 2709 294 2735 tiam
325 2706 425 2734 auima:
447 2704 600 2732 ambulare.
628 2703 662 2730 11.
694 2700 784 2728 Arbor
813 2705 876 2732 qua:
893 2694 1018 2731 quotidie

231 2756 372 2789 irrigatur,
395 2750 507 2787 quando
522 2749 641 2776 siccatur
656 2746 736 2773 radix
757 2745 818 2779 ejus
838 2747 866 2770 et
882 2741 1019 2768 minuitur

231 2809 276 2827 \as
292 2799 418 2835 quotidie
436 2796 573 2830 recipiens
586 2794 812 2820 incrementum:
830 2792 860 2816 et
874 2788 896 2815 si
910 2786 1019 2814 mundi-

266 2891 323 2926 (‘2‘Jj
339 2890 448 2918 Fluunt.
464 2886 548 2918 Editi,
562 2884 641 2918 ﬁunt.
654 2883 698 2911 Sic
709 2887 736 2910 ct
752 2881 912 2916 paulopost.

1025 258 1157 286 recedere
1177 264 1191 283 a
1205 255 1419 283 consuetudine.
1438 254 1488 280 Ille
1508 252 1555 287 qui
1571 252 1722 280 actualiter
1736 251 1764 278 in
1779 258 1823 278 se-

1025 304 1145 339 metipso
1158 303 1200 330 vel
1214 302 1241 329 in
1251 302 1313 329 aliis
1325 309 1374 336 per
1387 307 1487 328 sensus
1496 307 1562 327 suos
1572 299 1686 326 innovat
1697 297 1822 333 ejusdem

1025 349 1164 378 libertatis
1175 347 1479 379 conuuemorationem,
1496 353 1558 381 quae
1570 349 1613 372 est
1625 344 1729 379 agnitio
1744 343 1825 370 mali-

1026 397 1081 429 tize,
1097 403 1152 423 non
1170 394 1273 430 poterit
1287 393 1407 420 animam
1419 400 1497 420 suam
1514 399 1547 418 ex
1558 392 1612 418 hoc
1622 391 1766 421 nmndare,
1779 389 1824 416 vel

1027 442 1138 478 quando
1154 441 1257 476 poterit
1271 447 1379 467 cessare
1391 438 1426 466 ab
1443 436 1687 473 impugnatutibus
1703 435 1822 463 exterio-

1027 488 1116 519 ribus,
1143 488 1210 514 licet
1232 486 1448 520 contempletur.
1477 483 1506 511 Si
1529 483 1603 511 enim
1626 490 1675 510 cor
1696 481 1825 517 quotidie

1029 534 1176 564 sordescit,
1188 533 1299 568 quando
1314 531 1465 558 mundatur
1479 538 1494 557 a
1507 529 1648 561 sordibus,
1662 532 1690 556 et
1708 528 1730 555 si
1746 531 1826 555 exte-

1030 581 1136 608 riorum
1149 579 1262 606 effectui
1281 578 1412 605 resistere
1434 576 1541 611 nequit,
1557 579 1662 610 quanto
1672 574 1765 601 minus
1774 581 1827 608 po-

1031 630 1085 654 test
1101 632 1150 652 cor
1167 624 1324 651 mundare?
1339 623 1374 650 Et
1397 622 1445 657 qui
1459 626 1502 649 est
1517 621 1545 648 in
1564 620 1657 647 medio
1681 619 1828 646 exercitus

1031 671 1199 699 constitutus
1212 691 1219 701 .
1240 674 1268 696 et
1282 673 1425 703 exspectat
1441 659 1568 703 quotidie
1580 667 1743 701 frequenter
1761 664 1828 692 belii

1032 718 1239 745 nuntiationem
1263 715 1372 747 audire,
1387 714 1499 749 quando
1515 712 1657 748 praesumit
1678 711 1781 746 pacisci
1799 711 1829 737 in

1033 765 1123 792 anima
1148 763 1215 791 sua?
1237 763 1435 790 Verumtamen
1459 767 1521 787 cum
1550 767 1584 787 ex
1611 759 1665 786 hoc
1683 759 1830 793 elongatus

1034 811 1130 843 fuerit,
1148 814 1215 837 tunc
1231 809 1321 844 primo
1345 807 1485 835 modicum
1508 806 1653 841 quiescere
1674 805 1778 839 poterit
1794 803 1831 831 ab

1036 857 1126 890 intus;
1140 856 1204 891 quia
1212 862 1356 890 quousque
1368 853 1470 880 ﬂuvius
1477 859 1597 888 superne
1614 850 1739 882 confluit,
1751 856 1831 884 aquze

1037 903 1127 938 ipsius
1157 901 1274 928 inferius
1296 900 1413 927 minime
1435 899 1622 926 dcsiccantur.
1641 896 1710 924 Cum
1728 895 1830 930 aliquis

1035 949 1111 977 venit
1126 947 1152 974 in
1170 947 1303 982 quietem,
1321 949 1388 972 tunc
1410 947 1503 978 potest
1517 943 1608 970 anima
1623 940 1743 969 scrutari
1760 939 1830 967 vitia

1036 998 1064 1021 et
1074 993 1236 1020 discernere
1250 990 1413 1025 sapientiam
1426 996 1488 1024 quae
1501 992 1544 1015 est
1567 987 1595 1014 in
1608 994 1655 1019 ea;
1673 991 1740 1013 tunc
1759 985 1832 1012 inte-

1036 1040 1095 1067 rior
1106 1040 1190 1066 homo
1203 1035 1355 1072 expcrgefit
1369 1034 1402 1062 ad
1416 1042 1500 1069 opera
1512 1033 1640 1068 spiritus,
1656 1035 1685 1059 et
1696 1030 1730 1058 de
1743 1030 1788 1057 die
1800 1029 1830 1056 in

1038 1087 1112 1114 diem
1137 1084 1256 1120 percipit
1278 1081 1443 1117 sapientiam
1473 1080 1610 1107 occultam
1625 1085 1687 1113 quae
1701 1076 1782 1104 ﬂoret
1803 1076 1833 1103 in

1038 1133 1130 1161 anima
1147 1139 1212 1164 sua;
1231 1129 1325 1157 statim
1340 1128 1373 1155 ad
1390 1128 1508 1163 gratiam
1521 1127 1706 1161 lacrymarum
1726 1122 1837 1158 pertin-

1039 1180 1148 1215 gitquze
1159 1178 1218 1205 sine
1231 1175 1363 1204 violentia
1376 1175 1465 1201 fluunt
1476 1172 1543 1208 (29),
1560 1176 1588 1199 et
1602 1169 1732 1207 perducit
1744 1167 1834 1203 ipsum

1040 1225 1073 1252 ad
1084 1223 1284 1260 perfectionem
1298 1220 1456 1248 dilectionis
1469 1218 1529 1246 Dei.

1075 1270 1108 1303 Q.
1123 1269 1189 1302 Quae
1206 1272 1271 1295 sunt
1288 1272 1364 1294 certa
1376 1267 1540 1301 argumenta
1555 1266 1583 1290 et
1596 1261 1673 1296 signa
1687 1259 1837 1295 appropin-

1041 1316 1156 1351 quantia
1186 1313 1331 1349 incipienti
1362 1312 1458 1340 videre
1490 1310 1612 1337 fructum
1641 1306 1782 1334 occultum
1808 1304 1836 1331 in

1042 1362 1133 1390 anima
1153 1360 1225 1388 sua?
1243 1359 1277 1386 Ιί.
1293 1358 1343 1385 Est
1364 1357 1438 1392 quod
1466 1355 1530 1390 quis
1539 1352 1693 1389 promeruit
1718 1349 1838 1386 gratiam

1041 1409 1227 1443 lacrymarum
1244 1404 1394 1431 multarum
1407 1423 1415 1435 ,
1439 1409 1501 1437 qua).
1517 1401 1577 1428 sine
1587 1397 1721 1426 violentia
1736 1396 1837 1423 ﬂuunt.

1043 1455 1111 1482 Nam
1135 1453 1208 1481 sicut
1226 1451 1364 1478 terminus
1385 1448 1483 1484 pesitaa
1507 1450 1574 1474 sunt
1595 1446 1723 1480 lacrymae
1751 1441 1839 1469 menti

1044 1501 1118 1528 inter
1133 1497 1288 1534 corporalia
1300 1500 1327 1524 et
1341 1494 1510 1531 spiritualia,
1523 1496 1552 1520 et
1569 1493 1642 1519 inter
1658 1488 1839 1517 vitiositatem

1009 1557 1030 1585 ο
1044 1552 1072 1574 et
1089 1545 1253 1573 munditiem
1269 1552 1275 1570 :
1296 1549 1441 1578 quousque
1463 1547 1520 1566 non
1540 1537 1641 1572 recipit
1660 1535 1744 1562 homo
1766 1533 1840 1560 istud

1046 1593 1162 1623 donum,
1189 1590 1280 1617 adhuc
1299 1589 1326 1616 in
1342 1587 1481 1615 exteriore
1497 1584 1610 1612 homine
1626 1586 1720 1609 manet
1746 1579 1841 1607 ellica-

1047 1638 1089 1665 cia
1114 1635 1208 1671 operis
1227 1634 1292 1666 sui,
1326 1640 1379 1660 nec
1400 1630 1540 1666 persensit
1567 1628 1660 1656 adhuc
1690 1625 1841 1654 efﬁcaciam

1048 1684 1221 1713 occultorum
1251 1680 1405 1716 spiritualis
1431 1676 1563 1705 hominis.
1591 1675 1659 1702 Nam
1687 1679 1749 1700 cum
1779 1671 1842 1706 quis

1050 1729 1186 1765 inceperit
1207 1736 1223 1755 a
1244 1714 1437 1762 corporalibus
1459 1723 1543 1758 hujus
1556 1720 1650 1761 saeculi
1666 1718 1799 1754 separari.
1816 1721 1844 1744 et

1051 1778 1089 1805 ita
1112 1775 1261 1803 terminum
1278 1773 1325 1808 qui
1348 1776 1390 1799 est
1407 1771 1480 1797 intra
1494 1773 1636 1799 naturam,
1651 1766 1729 1792 visus
1747 1764 1842 1793 fuerit,

1052 1820 1223 1849 transeundo
1239 1818 1273 1846 ad
1292 1818 1365 1845 hanc
1384 1815 1501 1852 gratiam
1519 1814 1703 1848 lacrymarum
1717 1831 1724 1843 ,
1751 1809 1844 1837 statim

1052 1867 1207 1903 pertigisse.
1238 1865 1272 1892 Et
1302 1863 1359 1891 sola
1387 1862 1476 1897 prima
1499 1859 1608 1887 occulta
1633 1855 1845 1885 conversatione

1052 1899 1192 1949 incipiunt
1203 1912 1331 1947 lacrymze
1354 1909 1414 1936 ista
1425 1927 1432 1939 ,
1446 1913 1508 1941 quae
1531 1904 1688 1940 perducunt
1703 1902 1793 1936 ipsum
1812 1899 1846 1926 ad

1053 1948 1254 1997 perfectionem
1272 1954 1429 1984 dilectionis
1444 1953 1510 1984 Dei;
1525 1955 1553 1979 et
1564 1954 1668 1985 quanto
1682 1948 1769 1983 magis
1783 1954 1848 1982 pro-

1054 1993 1128 2035 cedit
1139 2006 1207 2037 illic.
1224 2007 1301 2031 tanto
1311 2001 1399 2036 magis
1419 2000 1523 2028 ditatur
1541 1998 1569 2025 in
1584 1997 1653 2032 ipsa,
1665 1995 1756 2022 donec
1770 1993 1847 2033 bibat

1056 2051 1275 2087 ipsaslacrymas
1291 2048 1318 2074 in
1332 2050 1398 2081 potu
1412 2049 1440 2071 et
1456 2043 1518 2071 cibo
1533 2049 1593 2071 suo.
1607 2045 1720 2076 propter
1733 2040 1849 2066 multam

1056 2095 1291 2133 perseverantiam
1309 2091 1470 2120 earumdem
1489 2094 1537 2116 :et
1552 2088 1605 2114 hoc
1629 2086 1739 2121 signum
1767 2084 1851 2111 certi-

1057 2143 1171 2174 tudinis,
1185 2140 1259 2176 quod
1273 2146 1351 2166 mens
1365 2135 1479 2164 recessit
1491 2134 1525 2162 de
1540 2132 1645 2160 mundo
1658 2131 1723 2163 isto,
1739 2134 1767 2157 et
1783 2136 1851 2163 per-

1059 2188 1145 2217 sentit
1166 2185 1300 2214 mundum
1327 2183 1403 2210 illum
1427 2179 1611 2216 spiritualem.
1638 2176 1747 2209 Quanto
1766 2174 1853 2208 magis

1024 2230 1046 2258 Β
1060 2234 1124 2270 quis
1139 2232 1342 2268 appropinquat
1366 2231 1458 2255 mente
1487 2232 1535 2252 sua
1558 2223 1624 2251 huic
1646 2221 1762 2253 mundo,
1776 2224 1854 2246 tanto

1062 2268 1125 2316 plus
1145 2278 1179 2306 de
1203 2277 1246 2304 his
1268 2274 1400 2310 lacrymis
1415 2272 1554 2300 defectum
1582 2268 1703 2296 incurrit
1722 2270 1770 2296 :ct
1790 2272 1853 2292 cum

1065 2333 1144 2354 mens
1166 2325 1227 2359 ejus
1249 2321 1362 2350 omnino
1384 2319 1470 2346 fuerit
1493 2318 1520 2344 in
1538 2315 1643 2343 mundo
1661 2314 1725 2346 isto,
1740 2311 1854 2339 totalem

1066 2358 1204 2401 defectum
1232 2368 1337 2404 patitur
1357 2363 1518 2401 hujusmodi
1540 2363 1734 2397 lacrymarum.
1760 2358 1794 2385 Et
1812 2361 1855 2385 est

1067 2419 1187 2454 signum,
1205 2414 1278 2450 quod
1296 2414 1324 2440 in
1341 2413 1418 2439 vitiis
1441 2410 1477 2438 sit
1500 2408 1635 2443 sepultus.
1661 2406 1855 2440 Lacrymarum

1063 2449 1188 2500 quaedam
1204 2449 1366 2491 adurentes,
1381 2462 1409 2485 et
1421 2455 1548 2492 quaedam
1560 2453 1777 2488 impinguantes.
1792 2449 1857 2477 0m-

1065 2517 1116 2538 nes
1130 2512 1222 2536 autem
1241 2506 1368 2541 lacrymrc
1386 2511 1448 2538 quas
1462 2509 1496 2528 ex
1514 2499 1598 2528 corde
1613 2497 1770 2534 procedunt
1791 2503 1857 2531 pro-

1065 2560 1127 2592 pter
1139 2557 1265 2589 peccata,
1286 2551 1428 2579 desiccant
1444 2553 1547 2581 corpus
1571 2549 1599 2573 et
1615 2544 1749 2575 adurunt,
1770 2546 1798 2569 et
1818 2541 1859 2576 ip—

1068 2609 1129 2629 sum
1141 2598 1289 2627 cerebrum
1300 2596 1414 2623 laadunt.
1429 2594 1467 2621 De
1481 2591 1571 2627 primo
1583 2589 1706 2624 quidem,
1724 2595 1774 2623 per
1784 2587 1859 2614 hunc

1068 2647 1193 2675 ordinem
1210 2653 1243 2672 ex
1260 2642 1428 2671 necessitate
1448 2637 1571 2667 occurrit
1588 2636 1682 2667 homo,
1708 2639 1737 2661 et
1750 2641 1800 2669 per
1813 2641 1860 2660 eas

1070 2692 1195 2729 aperitur
1218 2691 1275 2718 sibi
1291 2689 1395 2717 ostium
1411 2684 1534 2714 intrandi
1554 2683 1582 2710 in
1606 2680 1761 2710 secundum
1787 2679 1861 2706 ordi-

1071 2746 1135 2766 nem
1150 2738 1305 2768 meliorem,
1321 2733 1396 2770 quod
1418 2736 1460 2760 est
1474 2730 1605 2767 gaudium
1619 2748 1627 2762 ,
1650 2728 1677 2756 in
1693 2733 1749 2762 quo
1762 2724 1863 2759 recipit

1072 2785 1156 2813 homo
1180 2781 1411 2811 misericordiam.
1438 2778 1485 2807 Hae
1504 2777 1633 2812 lacrymaa
1649 2777 1724 2806 sunt,
1745 2779 1807 2807 qua)
1827 2770 1862 2799 ab
