1967 3091
192 165 245 196 845

191 273 219 295 et
232 267 415 302 impiuguant,
432 269 460 292 et
489 265 549 292 sine
571 264 705 292 violentia
732 273 781 300 per
802 270 889 294 semet
909 266 982 301 ipsas

191 317 334 342 emanant.
364 312 398 339 Et
428 314 560 346 aspectus
577 310 701 338 hominis
727 311 861 339 alteratur
885 321 891 338 :
911 313 982 340 sicut

192 360 305 392 dicitur,
316 358 447 386 laetiticati
459 358 543 385 corde
554 357 640 384 facies
654 357 735 385 viret.

226 406 259 438 Q.
276 405 342 438 Quae
361 408 403 431 est
416 402 584 430 resurrectio
600 402 708 433 animae,
733 410 814 437 quam
827 403 895 430 dicit
907 403 982 438 Apo-

192 453 279 480 stolus
297 460 304 478 :
322 451 350 478 Si
365 449 568 477 consum-existis
581 457 639 475 cum
649 448 795 482 Christo",
814 452 869 477 etc.
880 450 933 476 ?R.
946 450 982 476 ll-

191 498 237 526 lud
252 497 325 532 quod
341 496 410 524 dixit
424 495 574 530 Apostolus
589 504 594 522 :
610 494 679 522 Deus
690 496 736 530 qui
746 496 811 522 dixit
824 496 856 522 de
870 495 982 522 tenebris

191 543 274 570 lucem
297 543 426 570 irradiari
447 550 507 569 vere
528 542 554 569 in
569 542 689 568 cordibus
707 542 799 569 vestris
810 542 842 574 ⁵⁸,
856 549 982 569 resurre-

189 589 310 616 ctionem
338 595 460 619 vocans,
485 586 608 614 ostendit
633 594 773 614 recessum
792 595 807 614 a
833 591 980 620 vetustate,

189 634 329 666 videlicet,
347 638 379 660 ut
393 633 441 660 ﬁat
456 633 540 660 homo
555 641 659 665 novus,
677 633 746 660 nihil
765 633 872 662 habens
884 634 918 661 de
937 642 982 662 ve-

189 686 258 708 tere.
274 681 345 708 Dabo
359 681 425 707 eiset
438 688 483 706 cor
495 688 581 707 meum
597 679 651 715 (50)
660 684 684 706 et
699 680 822 715 spiritum
839 689 934 708 novum
948 681 980 708 ⁸⁵.

188 727 267 754 Tunc
283 727 357 754 enim
384 726 519 762 figuratur
534 726 662 754 Christus
681 727 708 754 in
724 727 804 754 nobis
828 735 878 762 per
900 727 982 762 spiri~

189 777 246 799 tum
257 772 398 807 sapientiae
412 777 440 799 et
460 772 638 800 revelationis
656 772 805 807 agnitionis
817 773 877 800 Dei.

225 819 275 853 17
298 819 330 852 Q.
344 818 414 852 Quid
429 823 471 846 est
481 818 707 853 breviloquium?
725 819 758 846 [ἰ.
773 819 868 847 Virtus
884 827 981 854 opera-

188 865 271 892 tionis
286 865 463 893 solitudinis:
482 865 603 893 solitudo
623 873 721 893 seusus
736 866 888 893 mortiﬁcat
902 871 980 894 exte-

718 165 834 195 LlBER
855 165 903 196 DE
923 164 1152 196 CONTEMPTU
1173 166 1311 196 MUNDI.

192 221 333 248 intellectu
360 219 510 255 proﬂuunt.
533 227 595 254 qua:
609 226 710 254 corpus
731 219 863 248 decorant
876 220 980 256 pariter
995 224 1018 253 Α

1327 221 1439 249 CAPUT
1458 221 1528 249 XIX.

1156 266 1347 294 Revelationes.
1363 268 1477 295 Mundus
1489 269 1567 296 corde
1582 270 1639 304 quis
1655 270 1699 297 sit.

1067 312 1100 345 Q.
1124 313 1172 340 Est
1197 313 1270 340 idem
1294 314 1427 342 revelatio
1452 320 1480 342 et
1502 316 1595 343 visio?
1624 316 1658 343 R.
1674 317 1753 351 Non;
1771 318 1826 346 imo

1033 358 1190 386 ditl‘erentia
1203 365 1254 387 est.
1271 360 1414 387 Revelatio
1425 361 1499 388 enim
1516 363 1658 390 multoties
1674 364 1777 392 dicitur
1791 365 1825 392 de

1033 404 1232 431 duobusznam
1249 406 1314 440 quia
1325 406 1466 433 revelatur
1480 408 1630 439 occultum,
1650 409 1740 437 omnis
1757 410 1826 437 visio

1032 450 1133 478 dicitur
1140 451 1333 483 revelatio,sed
1342 460 1396 479 non
1404 453 1494 480 omnis
1501 454 1632 481 revelatio
1638 455 1824 484 diciturvisio.

1032 497 1100 524 Nam
1119 498 1251 525 revelatio
1269 506 1303 525 ex
1323 506 1421 533 magna
1437 503 1514 534 parte
1532 499 1648 528 defectis
1660 506 1688 528 et
1703 509 1718 529 a
1734 507 1826 530 mente

1032 543 1150 578 gustatis
1176 543 1322 578 accipitur.
1345 544 1423 572 Visio
1445 545 1474 572 ﬁt
1499 546 1579 580 quasi
1607 545 1775 581 imaginibus
1798 553 1826 575 et

1033 589 1140 621 l‘ormis,
1157 589 1230 617 sicut
1241 590 1306 617 olim
1323 590 1406 617 fiebat
1421 590 1543 625 antiquis
1556 592 1599 619 vel
1615 591 1642 619 in
1656 600 1753 620 somno
1764 601 1814 628 pro
1851 588 1855 592 ”

1032 636 1131 668 fundo,
1156 636 1199 663 vel
1221 636 1378 671 vigilando;
1405 641 1433 664 et
1458 638 1608 672 aliquando
1633 639 1754 670 certius,
1778 640 1828 666 ali-

1032 682 1143 717 quando
1169 691 1235 710 vero
1263 683 1291 709 in
1314 683 1523 718 phantasmate,
1549 690 1577 712 et
1596 685 1717 720 quodam
1745 687 1827 713 modo

1032 729 1152 756 obscuro
1166 738 1172 756 :
1187 734 1300 764 propter
1316 730 1390 765 quod
1405 734 1432 757 et
1445 731 1502 765 ipse
1516 731 1563 766 qui
1581 732 1667 764 videt,
1685 733 1827 760 multotics

1032 775 1141 810 ignorat
1155 780 1249 803 utrum
1267 775 1406 812 vigilando
1419 777 1521 810 videat,
1537 786 1571 805 an
1587 778 1760 810 dormiendo,
1779 785 1827 807 aut

1032 829 1082 856 per
1096 830 1190 850 vocem
1218 821 1295 849 audit
1321 824 1535 858 susceptionem.
1565 824 1737 860 Quandoque
1760 834 1826 853 vero

1031 869 1150 896 formam
1171 869 1257 900 videt.
1286 869 1437 904 aliquando
1467 870 1552 906 magis
1575 871 1682 899 scilicet
1702 872 1771 900 faeie
1792 873 1825 900 ad

187 911 286 944 riores,
315 917 342 938 et
360 911 475 939 suscitat
494 916 586 939 motus
607 912 766 944 interiores,
792 912 841 940 sed
868 914 977 940 extrin-
996 907 1018 936 Β
1032 914 1144 942 faciem.
1169 915 1202 942 Et
1216 915 1286 942 visio
1301 919 1330 942 et
1341 916 1489 943 collocatio
1505 917 1621 945 virtutes
1635 922 1700 945 sunt
1712 922 1827 950 sancta),

188 965 249 985 seca
264 958 388 993 operatio
403 959 520 986 istorum
540 958 680 986 contraria
704 962 846 993 operatur.
867 959 899 992 Q.
914 959 979 992 Qnre

187 1009 229 1031 est
258 1003 310 1031 ista
341 1012 424 1032 causa
447 1005 588 1032 visionum
612 1009 640 1032 et
666 1005 886 1038 rcvelationum;
914 1005 980 1040 quia

187 1050 299 1085 quidam
314 1051 419 1084 vident,
434 1051 547 1086 quidam
570 1059 637 1078 vero
661 1050 811 1078 laborant:
839 1052 902 1086 plus
926 1052 977 1084 eis,

186 1099 214 1122 et
229 1096 297 1123 visio
309 1103 365 1123 non
379 1101 509 1131 operatur
527 1097 554 1124 in
570 1097 622 1124 eis?
637 1096 670 1124 Β.
682 1096 778 1124 Causa:
787 1097 881 1124 multae
894 1102 977 1126 sunt:

187 1142 312 1176 quaedam
327 1143 401 1169 enim
416 1143 485 1170 ﬁunt
498 1151 547 1178 per
564 1143 801 1178 dispensationem
821 1143 917 1178 gratiae
931 1152 979 1179 ge-

186 1188 448 1222 neralisulilitatis;
466 1189 592 1224 quaedam
613 1197 678 1216 vero
698 1189 768 1216 ﬁunt
789 1189 822 1216 ad
839 1190 980 1218 conforta-

188 1232 292 1260 tionem
311 1237 338 1260 et
353 1233 519 1261 doctrinam.
540 1233 573 1260 Et
591 1233 680 1268 primo
698 1234 811 1269 quidem
826 1243 875 1270 per
894 1235 978 1262 mise-

187 1279 336 1306 ricordiam
350 1279 397 1306 Dei
418 1280 616 1314 dispensantur
627 1281 686 1308 haec
703 1282 794 1308 omnia
807 1282 977 1310 hominibus.

186 1324 221 1352 Et
237 1325 326 1352 tribus
341 1333 451 1360 quoque
474 1326 564 1353 modis
589 1334 625 1365 ex_
639 1326 755 1353 maxima
770 1331 859 1361 parte.
885 1328 934 1355 Vel
950 1328 978 1355 in

187 1370 403 1406 simplicioribus
418 1371 465 1406 qui
483 1375 547 1398 sunt
562 1371 666 1406 absque
680 1372 784 1400 malitia
800 1373 920 1408 penitus,
936 1375 978 1402 vel

187 1417 214 1443 in
229 1417 393 1451 quibusdam
415 1416 537 1452 perfecte
558 1418 671 1449 sanctis,
689 1418 733 1445 vel
750 1418 918 1447 habentibus
934 1428 981 1448 zo-

186 1463 242 1491 lum
258 1463 374 1498 ignitum
401 1462 475 1496 fidei,
496 1468 523 1490 et
549 1463 583 1490 de
607 1463 660 1490 hoc
686 1464 787 1491 saeculo
813 1465 976 1501 desperatis,

186 1509 233 1544 qui
254 1509 376 1544 perfecte
400 1508 669 1536 abrenuntiaverunt
689 1513 716 1536 et
741 1517 756 1536 a
771 1510 977 1539 cohabitatione

187 1556 330 1583 hominum
347 1560 534 1587 recesserunt,
560 1561 587 1582 et
614 1560 675 1590 post
691 1556 777 1583 Deum
791 1556 857 1584 nudi
873 1557 976 1592 egressi

186 1605 261 1631 sunt,
280 1599 387 1626 nullum
408 1600 541 1626 auxilium
557 1607 572 1626 a
588 1599 746 1627 visibilibos
773 1605 974 1635 exspectantes,
992 1591 1012 1619 ί)

185 1654 268 1680 super
280 1654 348 1681 quos
370 1646 455 1673 irruit
481 1645 629 1681 aliquando
646 1645 764 1673 formido
780 1651 893 1682 propter
910 1648 975 1675 soli-

187 1693 310 1720 tudinem
325 1702 331 1720 :
350 1693 391 1720 vel
409 1692 519 1728 quando
535 1692 690 1720 circumdat
706 1693 859 1728 perieulum
879 1695 976 1722 mortis

186 1746 219 1766 ex
230 1739 299 1766 fame
314 1740 355 1766 vel
368 1739 539 1770 inﬁrmitate,
554 1742 602 1765 aut
612 1738 694 1765 etiam
709 1746 744 1766 ex
756 1739 848 1774 aliquo
863 1740 974 1768 incursu

186 1789 232 1812 aut
247 1784 437 1816 tribulatione,
455 1784 492 1810 ita
513 1787 543 1810 ut
556 1783 640 1811 etiam
660 1785 864 1820 appropinquet
879 1785 976 1820 despe-

187 1832 298 1859 rationi.
311 1831 539 1858 Consolationum
557 1838 623 1865 ergo
640 1839 701 1864 quae
718 1831 786 1858 ﬁunt
799 1832 910 1864 talibus,
925 1841 976 1860 nec

186 1877 255 1904 ﬁunt
270 1878 324 1904 illis
340 1878 386 1912 qui
401 1885 450 1904 eos
467 1882 600 1912 superant
613 1877 641 1904 in
655 1877 768 1904 labore:
793 1878 880 1912 prima
892 1887 974 1907 causa

185 1923 243 1950 haec
269 1927 321 1956 est,
343 1923 417 1958 quod
435 1928 540 1958 quanto
568 1923 631 1957 quis
657 1923 741 1950 habet
759 1924 974 1952 consolationem

186 1968 331 1995 humanam
349 1969 383 1995 ab
406 1969 500 2003 aliquo
517 1968 680 2000 visibilium,
704 1972 779 1996 tanto
801 1970 853 1996 sibi
876 1970 973 2005 hujus-

183 2014 257 2041 modi
282 2014 486 2042 consolationes
511 2022 565 2041 non
587 2014 656 2041 ﬁunt
679 2014 732 2041 nisi
754 2022 803 2050 per
833 2015 974 2050 dispensa-

183 2060 285 2087 tionem
300 2060 419 2095 aliquam
434 2060 652 2088 communitatis.
673 2061 759 2088 Nobis
774 2065 866 2088 autem
882 2069 973 2090 sermo

181 2106 216 2133 de
229 2106 380 2139 solitariis;
402 2106 493 2133 ethoc
505 2111 622 2134 testatur
638 2115 709 2134 unus
729 2107 762 2134 de
778 2107 913 2135 Pati-ibus
924 2109 971 2144 qui

180 2159 231 2186 pro
249 2151 306 2187 ipsa
335 2152 526 2179 consolatione
555 2160 651 2187 preces
673 2153 771 2180 eﬂ'udit
793 2158 821 2181 et
844 2154 971 2182 audivit:

180 2196 295 2224 SulTecit
311 2197 463 2225 consolatio
476 2202 503 2224 et
522 2197 690 2232 colloquium
712 2198 866 2225 hominum.
895 2199 971 2227 Alius

179 2241 276 2268 eodem
289 2241 369 2268 modo
380 2250 442 2268 eum
454 2246 527 2269 esset
539 2242 565 2268 in
579 2242 727 2270 solitudine
740 2247 767 2270 et
779 2243 884 2271 viveret
893 2244 970 2279 juxta

178 2286 408 2314 consuetudinem
438 2287 638 2320 solitariorum,
667 2289 831 2323 epulabatur
849 2289 874 2317 in
894 2292 969 2319 omni

179 2333 245 2360 hora
266 2334 352 2369 gratia
378 2335 585 2362 consolationis.
613 2335 682 2362 Cum
705 2340 796 2364 autem
821 2338 971 2373 appropin-

178 2383 292 2414 quasset
319 2380 433 2412 mundo,
456 2380 584 2415 qumsivit
607 2389 667 2408 eam
690 2382 768 2417 juxta
792 2383 970 2411 consuetudi-

178 2433 254 2457 nem,
269 2433 320 2453 nec
334 2426 456 2454 invenit:
473 2431 502 2453 ct
515 2426 680 2462 supplicavit
692 2436 707 2454 a
721 2427 776 2455 Deo
789 2436 902 2456 causam
915 2429 967 2456 sibi

177 2472 337 2508 signiﬁcari,
348 2472 443 2499 dicens
457 2481 463 2499 :
476 2473 618 2508 Nunquid.
631 2473 757 2507 Domine,
779 2479 892 2514 propter
911 2476 969 2510 epi-

176 2524 324 2554 scopatum
339 2518 455 2547 recessit
471 2526 485 2546 a
499 2526 542 2546 me
559 2519 849 2556 gratia?Responsum
865 2525 907 2548 est
921 2522 946 2548 ei
960 2530 966 2548 :

177 2564 255 2596 Non;
279 2565 327 2593 sed
341 2565 406 2602 quia
422 2565 554 2594 Dominus
568 2566 709 2600 dispensat
725 2574 787 2594 cum
804 2567 847 2594 his
867 2568 914 2603 qui
940 2569 966 2595 in

176 2618 270 2637 eremo
287 2616 507 2644 commorantur,
535 2614 565 2638 ut
592 2619 640 2638 eos
663 2611 746 2647 hujus
768 2612 968 2641 consolationis

176 2655 275 2691 dignos
297 2656 535 2686 faciat.lndeceus
557 2662 599 2685 est
613 2658 687 2685 enim
704 2666 870 2694 quemquam
893 2659 966 2688 divi-

177 2710 240 2729 nam
253 2703 378 2738 recipere
390 2704 620 2737 consolationem,
639 2708 667 2731 et
683 2705 774 2738 istam,
800 2705 852 2733 nisi
873 2706 908 2733 sit
930 2707 966 2733 ob

178 2747 411 2783 dispensationem
425 2749 545 2785 aliquam
562 2750 767 2785 praedictorum.

210 2807 233 2822 "’
247 2807 351 2836 lloloss.
366 2816 405 2840 ιιι,
425 2809 449 2836 l.

1031 959 1122 994 dignis
1137 964 1303 994 apparentes
1325 965 1353 987 et
1368 961 1554 989 revelationes
1578 962 1711 990 iacientes
1733 963 1760 990 in
1777 963 1826 991 de—

1031 1006 1197 1033 sertioribns
1225 1006 1294 1034 locis
1317 1012 1346 1034 et
1373 1008 1566 1036 remotissimis
1591 1009 1626 1036 ab
1654 1009 1822 1038 hominibus.

1031 1049 1094 1077 Ilaec
1110 1050 1193 1085 igitur
1204 1051 1273 1078 ﬁunt
1288 1060 1351 1079 cum
1366 1061 1398 1080 ex
1418 1054 1584 1082 necessitate
1598 1055 1681 1082 homo
1696 1060 1758 1091 eget
1772 1057 1822 1088 eis.

1031 1094 1053 1122 si
1071 1102 1125 1121 non
1138 1095 1221 1123 habet
1234 1095 1315 1123 aliam
1330 1097 1535 1132 susceptionem
1550 1099 1592 1126 vel
1605 1100 1823 1129 consolationem

1030 1148 1064 1167 ex
1075 1141 1145 1168 loco.
1163 1141 1357 1170 ltevelationes
1367 1151 1434 1170 vero
1447 1152 1507 1179 quze
1524 1150 1679 1179 sequuntur
1692 1147 1719 1174 in
1732 1153 1823 1175 mente

1031 1194 1080 1221 per
1095 1187 1270 1220 munditiam,
1298 1195 1419 1224 accepta:
1434 1195 1498 1217 sunt
1511 1191 1579 1227 (5i),
1599 1197 1627 1220 et
1650 1193 1824 1223 solummodo

1030 1232 1214 1266 perfectorum
1231 1239 1259 1262 et
1276 1234 1429 1269 peritorum
1444 1237 1592 1265 exsistunt.
1613 1239 1645 1272 Q.
1657 1239 1685 1267 Si
1699 1242 1824 1274 pervenit

1030 1278 1131 1315 aliquis
1143 1280 1176 1307 ad
1189 1281 1353 1308 munditiam
1364 1282 1468 1316 cordis,
1481 1284 1554 1318 quod
1567 1290 1608 1312 est
1622 1287 1730 1322 signum
1743 1289 1803 1324 ejus
1815 1297 1822 1320 ;

1030 1331 1057 1353 et
1075 1327 1188 1360 quando
1211 1328 1354 1363 cognoscit
1380 1329 1472 1362 homo,
1502 1331 1576 1366 quod
1604 1334 1764 1367 pervenerit
1789 1335 1824 1362 ad

1030 1372 1193 1400 munditiam
1209 1381 1258 1401 eor
1275 1375 1384 1409 ipsius?
1405 1376 1438 1403 Β.
1456 1377 1524 1404 Cum
1546 1378 1622 1406 videt
1643 1380 1706 1414 quis
1728 1388 1824 1409 omnes

1030 1418 1156 1447 homines
1172 1427 1233 1447 esse
1249 1420 1349 1454 bonos,
1371 1431 1423 1449 nec
1438 1428 1553 1458 apparet
1567 1425 1594 1452 ei
1615 1425 1762 1460 quisquam
1776 1427 1825 1454 im-

1030 1465 1151 1492 nmndus
1166 1467 1208 1493 vel
1225 1468 1442 1501 contaminatus,
1457 1474 1522 1497 tunc
1536 1475 1579 1499 est
1591 1472 1713 1500 mundus
1727 1474 1822 1506 corde.

1026 1510 1156 1544 quoniam
1170 1511 1243 1538 enim
1257 1512 1399 1546 perﬁcitur
1409 1515 1523 1542 verbum
1536 1517 1658 1551 Apostoli
1670 1527 1677 1545 :
1691 1518 1818 1554 Reputute

1026 1562 1115 1582 anmes
1125 1557 1239 1590 potiores
1251 1566 1282 1584 ea:
1294 1559 1380 1586 cordis
1391 1561 1544 1588 sinceritate
1556 1563 1596 1595 "°;
1611 1563 1663 1591 nisi
1674 1566 1816 1598 perveniat

1026 1602 1059 1629 ad
1078 1603 1144 1630 illud
1160 1605 1233 1638 quod
1246 1605 1359 1638 dicitur,
1376 1607 1473 1635 Oculus
1489 1609 1570 1636 bonus
1586 1618 1637 1637 non
1650 1612 1717 1638 videt
1729 1613 1813 1640 mala.

1065 1648 1096 1682 Q.
1123 1649 1194 1683 Quid
1220 1657 1265 1679 est
1280 1653 1426 1686 munditia,
1449 1659 1477 1682 et
1498 1663 1643 1691 usquequo
1664 1663 1706 1686 est
1731 1659 1822 1686 termi-

1031 1701 1083 1721 nus
1097 1695 1173 1730 ejus?
1191 1696 1224 1724 Β.
1241 1697 1376 1726 Munditia
1390 1703 1433 1726 est
1444 1701 1548 1728 oblivio
1558 1703 1713 1737 specierum
1731 1704 1823 1732 scicn-

1030 1740 1084 1771 litt},
1102 1749 1163 1776 qua:
1177 1748 1241 1770 sunt
1256 1749 1352 1772 contra
1367 1750 1505 1780 naturam,
1526 1756 1595 1782 quas
1613 1749 1640 1776 in
1658 1751 1761 1778 mundo
1775 1752 1824 1778 ad-

1030 1784 1136 1813 invenit
1154 1791 1270 1815 natura:
1294 1790 1428 1818 terminus
1449 1797 1543 1820 autem
1567 1801 1623 1828 quo
1648 1795 1710 1829 quis
1723 1796 1824 1824 libere-

1031 1835 1075 1858 tur
1091 1832 1125 1859 ab
1149 1833 1200 1865 eis,
1218 1838 1271 1865 est,
1289 1839 1318 1862 ut
1333 1836 1426 1863 redeat
1447 1837 1529 1865 homo
1554 1839 1586 1866 ad
1612 1840 1730 1874 primam
1757 1843 1822 1870 sim-

1029 1877 1182 1910 plicitatem
1197 1884 1303 1907 natura:
1318 1888 1373 1908 sua.-
1389 1885 1418 1908 et
1432 1882 1630 1917 innocentiam,
1643 1890 1672 1913 ut
1682 1894 1751 1921 puer
1762 1889 1822 1917 sine

1030 1923 1129 1957 puerili
1147 1923 1267 1952 defectu.
1296 1926 1328 1959 Q.
1352 1927 1436 1955 Decet
1457 1929 1576 1964 aliquem
1600 1931 1634 1958 ad
1657 1932 1731 1960 hunc
1745 1936 1820 1962 ordi-

1029 1976 1091 1996 nem
1117 1970 1285 2004 pervenire?
1308 1972 1340 1998 Β.
1362 1972 1426 2000 Sic:
1456 1982 1522 2001 ecce
1547 1975 1634 2003 abbas
1656 1977 1751 2013 Sysois
1774 1980 1815 2008 sic

1028 2016 1154 2049 pervenit
1171 2017 1204 2043 ad
1231 2017 1300 2045 hanc
1323 2026 1492 2054 mensuram,
1515 2025 1546 2049 ut
1571 2030 1710 2058 qumreret
1730 2034 1745 2053 a
1769 2034 1820 2054 suo

1027 2061 1175 2096 discipulo,
1194 2063 1216 2090 si
1230 2064 1398 2093 comedisset
1423 2068 1537 2095 annon?
1556 2069 1590 2096 Et
1613 2070 1684 2098 alius
1707 2073 1820 2107 quidem

1027 2106 1061 2134 de
1085 2107 1215 2136 Patribns
1237 2110 1271 2136 ad
1289 2111 1371 2138 talem
1394 2112 1599 2147 simplicitatem
1623 2106 1820 2151 pauloiminus

1026 2153 1161 2187 puerilem
1174 2154 1297 2186 devenit,
1315 2158 1480 2185 utonmium
1495 2168 1557 2194 qua:
1581 2161 1627 2188 hie
1652 2167 1726 2196 sunt,
1746 2170 1820 2192 esset

1025 2199 1139 2231 oblitus,
1156 2205 1184 2228 et
1208 2203 1375 2231 comedisset
1398 2209 1462 2232 ante
1481 2207 1706 2236 communionem
1732 2210 1784 2238 nisi
1803 2221 1819 2239 a

1026 2245 1170 2281 discipulis
1193 2247 1393 2283 impediretur;
1420 2256 1447 2279 et
1463 2252 1592 2288 discipuli
1615 2256 1659 2283 sui
1680 2255 1818 2286 ducebant

1027 2292 1114 2327 ipsum
1126 2294 1160 2320 ad
1176 2297 1411 2330 communionem,
1427 2299 1505 2333 quasi
1518 2307 1653 2334 puerum;
1675 2308 1702 2330 et
1714 2305 1817 2332 mundo

1025 2339 1136 2374 quidem
1165 2349 1234 2375 puer
1257 2348 1326 2375 erat,
1355 2344 1402 2371 sed
1425 2345 1452 2372 in
1479 2345 1572 2373 anima
1595 2347 1733 2382 perfectus
1758 2356 1818 2380 erat

1024 2387 1096 2420 apud
1116 2387 1213 2416 Deum.
1230 2388 1261 2422 Q.
1277 2389 1363 2422 Quam
1382 2392 1588 2420 meditationem
1607 2399 1635 2422 et
1652 2397 1816 2426 exercitium

1024 2431 1126 2460 habere
1141 2434 1225 2462 debet
1245 2437 1387 2465 solitarius
1409 2438 1434 2465 in
1450 2439 1602 2467 solitudine
1616 2447 1676 2473 sua,
1702 2450 1737 2469 ne
1758 2448 1817 2471 stu-

1022 2478 1085 2507 deat
1103 2488 1181 2508 mens
1196 2481 1223 2509 in
1238 2482 1453 2518 cogitationibus
1473 2485 1575 2513 vanis?
1593 2486 1626 2513 ll.
1643 2486 1681 2515 De
1698 2489 1814 2517 medita-

1023 2526 1097 2553 tione
1110 2530 1137 2553 et
1149 2528 1284 2556 exercitio
1296 2529 1397 2564 quibus
1412 2531 1594 2559 mortiﬁeetur
1607 2532 1690 2561 homo
1703 2534 1729 2562 in
1745 2536 1812 2564 cella

1022 2579 1082 2598 sua.
1116 2572 1246 2608 Nunquid
1269 2574 1352 2602 homo
1376 2576 1492 2612 pervigil
1522 2577 1689 2611 etfestinus,
1713 2579 1760 2615 qui
1778 2581 1812 2609 ad

1021 2623 1139 2643 animam
1153 2622 1215 2653 eget
1225 2619 1453 2655 interrogatione,
1468 2622 1607 2656 quomodo
1620 2629 1811 2658 conversetur,

1020 2660 1171 2690 dummodo
1186 2663 1223 2691 sit
1233 2671 1325 2692 secum
1337 2665 1348 2692 ?
1361 2665 1432 2700 Quid
1446 2666 1521 2694 aliud
1536 2671 1579 2695 est
1592 2668 1738 2697 meditatio
1751 2678 1812 2697 mo-

1020 2709 1113 2741 nachi,
1126 2717 1208 2745 quam
1225 2711 1316 2739 luctus
1328 2712 1355 2740 in
1376 2713 1445 2741 cella
1466 2715 1539 2742 sua?
1560 2715 1692 2751 Nunquid
1713 2717 1748 2744 ob
1770 2718 1813 2746 lu-

1021 2758 1096 2782 ctum
1106 2756 1196 2784 valeat
1205 2757 1289 2785 etiam
1301 2759 1334 2786 ad
1348 2759 1429 2787 aliam
1441 2761 1636 2796 cogitationem
1653 2763 1790 2798 respicere
1801 2765 1813 2792 ἲ

488 2808 510 2824 ⁵⁸
527 2808 548 2836 ll
560 2807 622 2836 Cor.
640 2817 675 2842 tv,
697 2809 722 2837 6.
756 2809 778 2826 "
797 2810 898 2838 Ezech.
927 2818 1019 2845 xxxvi,
1036 2814 1080 2843 26.
1119 2815 1143 2833 ¹⁰
1159 2816 1278 2854 Philipp.
1295 2829 1324 2854 ιι,
1339 2822 1365 2849 5.

280 2867 568 2913 (Eoerr‘teuirlh‘lulgq
584 2876 629 2913 eor
641 2877 744 2913 Iulium.
766 2869 838 2899 LXX
853 2874 966 2898 vertunt

1029 2874 1099 2902 96iav
1111 2875 1217 2912 ἑτέραν,
1237 2886 1281 2905 cor
1301 2878 1426 2912 alterum,
1440 2880 1465 2907 id
1480 2885 1532 2913 est,
1554 2889 1663 2910 novum.

211 2901 266 2938 (5|)
283 2903 410 2939 Acceptat.
425 2903 507 2937 Editi,
523 2901 548 2930 et
561 2908 682 2939 acceptae.
