1967 3091
189 142 243 174 859

713 145 829 176 LIBER
848 147 896 176 DE
916 146 1142 177 CONTEMPTU
1164 145 1303 178 MUNDI.

1766 147 1818 177 833

189 201 390 230 .licitur:Sede
400 202 428 230 in
437 203 505 230 cella
515 206 608 236 tua,et
618 203 714 231 eadem
724 205 814 232 omnia
825 210 850 232 te
859 205 979 232 docebit.
996 209 1018 236 Α
1033 212 1092 232 rum
1106 204 1229 231 referens
1244 203 1368 232 actiones
1381 211 1387 230 :
1399 202 1470 230 hanc
1480 210 1631 238 exponens,
1648 203 1695 238 qui
1712 203 1822 238 perlici-

482 270 594 299 CAPU'I'
609 271 681 298 XXI.

266 327 304 354 De
321 328 542 363 contemplatione
558 334 582 356 et
601 330 715 364 propria:
734 329 900 364 infirmitatis

472 364 691 403 consideratione.

225 430 326 458 Beatus
348 435 391 458 est
415 431 499 459 homo
523 432 570 467 qui
596 432 648 460 scil
672 432 860 459 inﬁrmitatem
889 440 978 465 suam,

191 479 255 513 quia
269 479 321 506 hac
337 479 452 507 scientia
477 480 586 507 initium
611 480 664 508 sibi
686 481 717 508 ﬁt
732 484 760 508 et
778 481 861 508 etiam
883 480 980 507 funda-

191 529 325 552 mentum.
345 525 413 553 Cum
428 526 501 552 enim
514 526 644 554 didicerit
659 527 769 561 aliquis,
784 531 811 554 et
824 527 852 554 in
863 528 981 554 veritate

192 570 359 605 persenserit
371 579 448 598 suam
463 571 662 605 inﬁrmitatem,
675 577 742 600 tunc
756 573 906 607 compescit
921 572 981 599 aui-

193 623 264 642 mam
282 623 358 643 suam
380 624 395 643 a
421 616 558 644 laxationc
578 626 638 652 qua:
651 617 778 652 denigrat
795 618 937 645 scientiam
955 621 983 645 et

194 661 363 689 thesaurizat
377 662 530 689 custodiam
545 663 598 690 sibi
611 663 672 698 ipsi.
687 664 774 691 Nemo
783 668 876 690 autem
893 667 983 698 potest

193 708 337 742 percipere
358 707 558 741 inﬁrmitatem,
575 709 628 735 nisi
646 709 745 736 tentari
766 709 905 737 modicum
921 718 984 745 per-

195 754 318 782 mittatur
332 755 361 781 in
375 755 428 788 his,
446 763 506 790 qua!
525 755 583 782 sive
601 755 721 783 animam
739 756 909 790 opprimunt,
925 756 983 783 sive

194 808 304 835 corpus.
318 801 396 828 Tunc
408 802 483 829 enim
497 802 733 836 comparationem
749 802 853 829 faciens
869 801 985 828 inﬁrmi-

195 845 259 872 tatis
269 853 326 873 suae
342 846 375 873 ad
388 846 520 873 auxilium
533 847 593 879 Dei,
609 847 668 882 ejus
686 847 901 882 magnitudinem
912 846 984 874 scire

195 895 296 926 potest.
317 891 350 918 Et
371 891 456 922 idem.
478 900 541 919 cum
557 893 727 927 perspexerit
749 892 784 920 ad
808 893 900 920 omnia
921 893 986 919 arti-

196 937 258 965 ﬁcia
286 945 347 970 sua,
371 938 502 965 videlicet
527 938 561 965 ad
586 938 752 970 custodiam,
778 938 985 971 abstinentiam,

196 983 395 1018 protectionem
407 984 506 1012 animae
519 992 586 1016 suae,
606 992 656 1019 per
667 992 728 1019 qua:
742 989 836 1019 sperat
848 984 987 1012 conﬁden-

196 1029 262 1056 tiam
279 1029 414 1062 invenire,
433 1037 485 1057 nec
504 1026 610 1058 invenit
623 1030 675 1058 sibi
691 1030 812 1065 portanti
833 1029 988 1065 tranquilli-

197 1078 292 1107 tatem,
306 1079 418 1109 propter
433 1075 559 1102 timorem
574 1075 710 1110 percipiat
730 1079 758 1102 et
783 1078 932 1110 cognoscat
953 1082 986 1102 ex

195 1127 239 1153 eo,
256 1119 323 1154 quid
336 1119 420 1147 timor
434 1120 526 1147 cordis
539 1119 665 1156 designat
679 1124 707 1148 et
721 1119 890 1153 manifestat,
909 1120 985 1155 quod

196 1171 275 1202 egeat
299 1166 395 1201 utique
410 1167 527 1194 consilio
547 1167 673 1202 alicujus.
700 1166 753 1194 Cor
774 1167 848 1194 enim
871 1170 987 1193 testatur

196 1211 313 1239 interius
330 1219 363 1239 ex
394 1211 504 1244 timore,
533 1211 665 1246 quoniam
691 1211 822 1246 producit
851 1211 886 1239 ab
912 1211 986 1238 intus

196 1257 400 1289 demonstrans,
418 1257 493 1292 quod
505 1258 644 1285 defectum
664 1257 781 1293 alicujus
798 1257 929 1292 patiatur,
949 1257 986 1284 ob

196 1304 250 1331 hoc
259 1303 428 1331 conﬁdentia
440 1308 559 1339 nequeat
573 1303 708 1331 habitare.
722 1304 756 1331 Et
767 1304 897 1338 quoniam
909 1303 986 1331 auxi-

197 1350 264 1377 lium
288 1349 337 1377 Dei
362 1353 404 1377 est
428 1349 502 1384 quod
526 1349 631 1376 salvare
658 1353 768 1384 potest;
794 1349 905 1384 quando
933 1349 987 1376 scit

197 1394 296 1429 aliquis
309 1393 385 1429 quod
397 1398 476 1429 egeat
495 1393 599 1421 auxilio
621 1393 681 1426 Dei,
702 1394 842 1421 orationes
853 1393 986 1428 multipli-

197 1445 241 1468 cat
253 1449 260 1473 ;
274 1444 302 1467 et
315 1445 418 1475 quanto
431 1440 518 1475 magis
529 1444 611 1475 auget
624 1447 681 1472 eas,
702 1443 777 1467 tanto
791 1439 853 1474 plus
866 1447 915 1466 cor
925 1439 985 1474 ejus

198 1486 368 1513 humiliatur.
387 1485 484 1513 Nullus
505 1486 578 1512 enim
594 1493 677 1520 egens
692 1489 719 1512 et
739 1485 881 1520 postulans
896 1488 986 1519 potest

198 1539 253 1558 non
267 1531 425 1558 humiliari:
449 1530 502 1558 Cor
519 1531 594 1558 enim
613 1531 756 1557 contritum
777 1535 802 1557 et
816 1529 985 1557 humiliatum

199 1575 268 1602 Deus
277 1583 328 1602 non
337 1575 472 1611 spernit“.
483 1574 568 1610 Igitur
576 1582 719 1609 quousque
729 1574 891 1601 humiliatur
898 1582 946 1602 cor
953 1574 987 1602 ab

198 1620 364 1648 elationibus
380 1628 433 1648 non
451 1628 560 1648 cessare
571 1627 626 1646 non
643 1623 746 1654 potest,
764 1619 828 1655 quia
845 1619 988 1647 humilitas

199 1665 303 1700 colligit
317 1672 375 1692 cor.
399 1665 468 1693 Cum
493 1669 584 1692 autem
603 1664 765 1692 humiliatus
787 1664 871 1692 fuerit
892 1664 987 1697 homo,

199 1710 294 1737 statim
320 1710 474 1738 circumdat
505 1717 568 1737 eum
593 1710 783 1737 misericordia
806 1715 834 1737 et
864 1710 988 1738 divinum

200 1755 350 1783 auxilium:
365 1759 429 1783 tunc
440 1756 514 1782 enim
527 1755 611 1782 sentit
621 1762 678 1787 cor,
696 1755 760 1789 quia
775 1754 914 1782 invenerit
929 1754 988 1782 vir-

201 1806 287 1830 tutem
299 1801 476 1830 conﬁdentia:
490 1809 551 1837 quae
567 1805 695 1828 movetur
709 1800 736 1828 in
752 1800 823 1835 ipso.

484 1867 597 1896 CAPUT
622 1868 706 1895 XXII.

288 1925 365 1960 Quod
380 1927 466 1954 oratio
480 1931 518 1954 est
534 1927 675 1962 refugium,
692 1929 716 1953 et
730 1925 786 1961 fons
801 1925 905 1953 salutis.

235 1994 350 2028 Quando
369 1994 453 2022 homo
475 2002 540 2022 vere
565 1994 684 2029 percipit
707 1993 831 2022 divinum
857 1993 989 2020 auxilium

201 2042 325 2077 praestari
341 2041 404 2074 sibi,
425 2041 517 2068 statim
541 2040 594 2068 ﬁde
613 2041 746 2075 repletur,
766 2044 793 2067 et
810 2039 937 2075 intelligit
956 2047 990 2066 ex

202 2088 264 2120 hoc,
282 2086 411 2122 quoniam
428 2087 516 2114 oratio
540 2086 677 2122 refugium
693 2090 735 2114 est
758 2087 865 2119 auxilii,
887 2091 915 2114 et
929 2086 990 2114 fons

201 2133 308 2166 salutis,
327 2137 355 2161 et
372 2133 546 2160 conﬁdentiae
564 2132 720 2165 thesaurus,
742 2132 874 2160 etlumen
895 2131 929 2158 iis
943 2132 990 2166 qui

201 2179 228 2206 in
245 2180 366 2207 tenebris
379 2183 454 2211 sunt,
476 2184 504 2206 et
520 2183 619 2214 portus
636 2179 760 2206 liberans
781 2187 796 2206 a
815 2181 988 2213 tempestate,

1032 250 1114 277 turin
1126 249 1242 277 scientia
1259 249 1317 279 Dei.
1334 248 1361 276 id
1380 254 1433 281 est,
1452 257 1466 277 a
1486 249 1542 276 Deo
1560 249 1725 276 destinatur.
1748 249 1824 283 Quo-

1030 294 1112 322 modo
1126 298 1154 322 et
1170 303 1204 322 ex
1219 299 1284 322 tunc
1296 299 1323 322 et
1337 295 1363 321 in
1382 294 1477 322 labore
1493 303 1548 322 non
1559 294 1613 322 erit
1624 295 1717 328 homo,
1729 303 1780 322 nec
1794 296 1821 322 in

1030 349 1166 370 :erumna.
1178 341 1250 368 sicut
1269 342 1299 368 lit
1310 341 1337 368 in
1353 342 1461 368 caeteris
1474 340 1656 373 orationibus,
1673 349 1733 375 qua:
1744 341 1822 376 prius

1032 386 1112 419 ﬁunt,
1125 395 1208 421 quam
1219 387 1270 414 ista
1281 387 1468 421 percipiatur:
1488 387 1534 414 sed
1547 395 1609 414 cum
1616 387 1716 422 gaudio
1728 386 1821 414 cordis

1031 437 1059 459 et
1071 432 1257 460 admiratione
1282 432 1411 467 producit
1431 432 1621 467 regratiabilcs
1642 436 1732 459 motus
1753 439 1820 459 con—

1033 479 1108 506 tinue
1122 487 1184 506 cum
1198 478 1440 514 genuﬁexionibus
1459 479 1619 512 taciturnis;
1635 483 1662 506 et
1678 487 1734 514 pra:
1751 479 1820 505 mul-

1033 524 1150 552 titudine
1167 529 1258 552 motus
1276 526 1336 560 ejus
1359 525 1392 552 ad
1411 525 1564 557 scientiam,
1588 529 1616 553 et
1631 525 1822 553 admirationis

1032 576 1058 598 et
1076 571 1285 606 stupefactionis
1297 572 1330 599 ad
1339 572 1460 607 gratiam
1473 573 1532 604 Dei,
1552 572 1644 599 subito
1660 573 1762 600 exultat
1777 581 1821 598 vo-

1033 624 1091 644 cem
1108 624 1186 644 suam
1200 616 1315 644 laudans
1337 623 1365 644 ct
1381 617 1538 653 gloriﬁcans
1554 618 1651 649 Deum,
1673 622 1701 645 et
1720 618 1821 652 gratias

1035 661 1129 694 refert,
1146 665 1173 688 et
1188 669 1271 688 orans
1286 662 1466 696 stupefactus,
1490 662 1635 688 minimum
1654 670 1708 689 non
1730 667 1822 689 movet

1034 707 1166 742 linguam.
1191 707 1356 742 Quicunque
1381 708 1464 743 igitur
1481 708 1608 743 pervenit
1630 708 1772 743 hucusque
1795 708 1822 735 in

1035 753 1150 781 veritate
1162 758 1190 781 et
1203 761 1258 781 non
1278 754 1306 781 in
1332 754 1541 789 phantasmate,
1558 758 1586 781 ct
1603 754 1695 789 posuit
1721 754 1766 781 hic
1787 754 1823 781 si-

1035 799 1150 834 gnacula
1164 799 1260 832 multa,
1276 803 1303 827 et
1319 799 1421 827 multas
1435 800 1547 835 agnovit
1568 799 1738 827 differentias
1758 808 1822 835 pro-

1037 850 1099 880 pter
1114 845 1229 872 multam
1245 845 1456 880 probationem;
1477 846 1567 880 ipsum
1591 846 1637 873 hic
1659 846 1746 879 novit,
1759 846 1823 881 quia

1037 899 1092 919 non
1108 895 1151 919 est
1169 892 1339 919 contrarium
1358 892 1384 919 id
1402 892 1475 927 quod
1491 892 1563 919 dico.
1582 892 1667 928 lgitur
1684 897 1772 920 cesset
1788 893 1821 920 de

1037 942 1138 965 caetero
1153 937 1215 965 talis
1226 937 1347 973 cogitare
1360 937 1438 970 vitia,
1467 942 1496 965 et
1509 943 1620 965 maneat
1644 938 1672 965 in
1698 939 1754 965 Deo
1771 946 1819 973 per

1037 984 1194 1012 continuam
1209 985 1362 1012 orationem
1379 985 1496 1020 pavidus
1508 991 1536 1013 et
1554 986 1664 1018 timens,
1686 993 1721 1012 ne
1732 985 1823 1020 prive-

1038 1032 1083 1055 tur
1096 1028 1274 1056 multitudine
1290 1029 1385 1057 auxilii
1399 1030 1458 1057 Dci.

1072 1075 1135 1103 Haec
1149 1076 1242 1103 omnia
1255 1081 1409 1104 nascuntur
1435 1077 1541 1104 homini
1569 1085 1603 1105 ex
1626 1078 1823 1113 recogitatione

1036 1121 1206 1149 infirmitatis
1231 1129 1297 1149 sum.
1312 1122 1380 1149 Nam
1407 1130 1441 1150 ex
1463 1124 1550 1151 multo
1572 1123 1673 1151 aﬁ’ectu
1708 1124 1768 1158 ejus
1787 1124 1820 1151 ad

1035 1167 1159 1195 divinum
1176 1168 1310 1196 auxilium
1337 1169 1541 1204 appropinquat
1567 1169 1633 1203 Deo,
1657 1178 1823 1204 permanens

1035 1213 1063 1240 in
1078 1214 1223 1247 oratione;
1238 1218 1267 1241 et
1280 1219 1384 1249 quanto
1412 1215 1500 1250 magis
1526 1215 1730 1250 appropinquat
1754 1216 1820 1248 Deo,

1035 1262 1112 1286 tanto
1126 1259 1214 1295 magis
1228 1259 1340 1295 attingit
1351 1268 1415 1287 eum
1430 1260 1503 1288 Deus
1519 1269 1568 1295 per
1583 1261 1749 1288 charismata
1761 1269 1829 1293 sua,

1035 1313 1086 1333 nec
1103 1306 1192 1333 aufert
1207 1306 1242 1333 ab
1259 1314 1292 1334 eo
1318 1307 1435 1341 gratiam
1460 1311 1576 1342 propter
1593 1308 1708 1335 multam
1728 1308 1822 1335 humi-

1035 1352 1156 1380 litatem:
1184 1352 1264 1386 Quod
1292 1353 1427 1381 Dominus
1452 1353 1545 1381 diﬁ‘ert
1569 1354 1729 1389 aliquando,
1756 1355 1823 1390 quia

1035 1399 1117 1426 sicut"
1130 1399 1177 1426 illa
1189 1399 1274 1426 vidua
1290 1400 1392 1427 clamat
1406 1401 1429 1416 "
1452 1401 1643 1429 indesinenter
1653 1401 1686 1429 ad
1700 1401 1822 1437 jndicem

1035 1445 1196 1473 adversario
1209 1454 1260 1473 suo
1277 1446 1412 1482 jndicanti
1427 1447 1493 1482 (54).
1506 1447 1548 1476 Ob
1560 1448 1613 1475 hoc
1627 1448 1701 1475 enim
1713 1449 1823 1476 miseri-

1035 1498 1098 1518 cors
1106 1491 1241 1519 Dominus
1257 1492 1383 1520 continet
1399 1493 1432 1520 ab
1460 1501 1494 1520 eo
1510 1493 1622 1528 gratias,
1644 1497 1676 1521 ut
1696 1494 1755 1522 haec
1770 1494 1828 1522 sibi.

1037 1538 1152 1564 materia
1163 1537 1209 1565 ﬁat
1224 1538 1464 1574 appropinquandi
1479 1539 1586 1572 eidem;
1600 1544 1627 1567 et
1644 1545 1758 1575 propter
1775 1549 1823 1568 ne-

1037 1582 1193 1610 cessitatem
1207 1591 1284 1610 suam
1296 1588 1442 1618 permanet
1460 1584 1533 1619 apud
1549 1592 1624 1618 eum,
1639 1593 1654 1612 a
1667 1593 1722 1620 quo
1744 1586 1825 1613 utilia

1037 1627 1248 1663 producuntur;
1278 1628 1327 1663 qui
1343 1628 1370 1655 in
1387 1629 1552 1664 quibusdam
1567 1630 1699 1664 quasdam
1713 1630 1825 1665 petitio-

1038 1680 1087 1700 nes
1102 1673 1162 1708 ejus
1172 1673 1286 1700 exhibet
1300 1673 1475 1706 festinanter,
1491 1673 1552 1701 illas
1566 1673 1629 1701 dico
1644 1674 1704 1701 sine
1722 1674 1826 1710 quibus

1037 1718 1138 1746 salvari
1149 1727 1205 1746 non
1234 1724 1335 1754 potest.
1348 1719 1481 1747 Continet
1499 1727 1565 1747 vero
1578 1720 1711 1755 quasdam
1729 1721 1763 1748 ab
1778 1728 1826 1753 eo,

1037 1769 1066 1791 et
1076 1764 1104 1791 in
1115 1764 1282 1799 quibusdam
1298 1765 1384 1793 rebus
1396 1765 1528 1800 quasdam
1542 1765 1646 1793 inimici
1664 1765 1826 1793 adustioncs

1038 1810 1143 1837 excutit
1157 1814 1184 1838 et
1195 1811 1307 1845 expellit
1321 1810 1356 1838 ab
1369 1811 1440 1846 ipso.
1458 1811 1488 1838 In
1502 1811 1669 1846 quibusdam
1683 1819 1749 1839 vero
1762 1820 1826 1839 cum

1039 1856 1139 1883 tentari
1160 1856 1308 1891 permittit,
1331 1862 1361 1884 ut
1390 1857 1458 1884 illud
1489 1857 1542 1884 sibi
1563 1865 1644 1885 causa
1658 1857 1705 1884 ﬁat
1726 1866 1826 1892 apprm

1039 1902 1192 1937 pinquandi
1217 1903 1284 1935 Deo,
1315 1903 1388 1930 sicut
1416 1903 1541 1938 prmdixi,
1569 1908 1598 1930 ut
1627 1903 1827 1938 experientiam

1039 1947 1139 1975 habeat
1153 1949 1337 1976 tentationum
1349 1952 1377 1975 et
1395 1949 1557 1984 castigetur.
1574 1949 1608 1976 Et
1620 1949 1665 1976 hic
1677 1954 1720 1976 est
1734 1957 1827 1977 senno

1039 1993 1201 2028 Scripturae,
1220 1994 1295 2029 quod
1311 1994 1445 2022 Dominus
1465 1995 1581 2030 reliquit
1604 1999 1702 2030 gentes
1726 1994 1828 2022 multas

1039 2047 1073 2066 ne
1093 2039 1265 2075 dispergeret
1277 2048 1334 2071 cas,
1352 2048 1404 2067 nec
1423 2040 1598 2068 tradiditeas
1607 2042 1635 2068 in
1651 2049 1750 2068 manus
1762 2042 1827 2069 Jesu

1040 2083 1089 2110 ﬁlii
1116 2083 1201 2117 Nave,
1218 2089 1248 2112 ut
1266 2085 1415 2120 castigaret
1432 2085 1460 2112 in
1488 2086 1529 2113 eis
1545 2086 1618 2114 ﬁlios
1637 2086 1733 2118 Israel,
1755 2093 1784 2114 ct
1799 2094 1830 2116 ut

1040 2129 1208 2156 docerentur
1234 2129 1326 2157 tribus
1351 2130 1471 2157 ﬁliorum
1499 2130 1583 2158 Israel
1603 2138 1635 2158 ac
1651 2131 1830 2158 addiscercnt

1040 2172 1156 2200 bellum.
1172 2174 1267 2201 Justus
1280 2180 1371 2202 autem
1395 2183 1449 2202 non
1463 2183 1666 2210 recognoscens
1688 2177 1828 2211 propriam

201 2230 228 2253 et
242 2225 377 2253 auxilium
389 2225 419 2252 in
429 2225 601 2261 tegritudinis
615 2225 758 2256 violentia,
779 2229 807 2251 et
827 2224 939 2259 clypeus
956 2224 990 2251 li-
1005 2230 1026 2258 ι)
1041 2219 1229 2247 inﬁrmitatem
1247 2228 1336 2253 suam,
1351 2221 1378 2247 ill
1407 2221 1485 2248 ω’ίάο
1510 2222 1574 2248 1000
1590 2230 1635 2249 res
1650 2230 1714 2249 SURS
1733 2222 1831 2255 habet.

201 2271 356 2298 berationis
370 2271 398 2298 in
421 2271 528 2307 pra’lio,
547 2275 572 2298 el
601 2271 699 2306 sagitta
723 2274 803 2297 acuta
818 2274 914 2297 contra
936 2269 992 2296 ini-

202 2318 298 2344 micos.
315 2317 349 2344 Et
366 2317 529 2352 simpliciter
547 2316 609 2344 dico
628 2324 634 2343 :
660 2323 711 2351 per
730 2316 884 2343 orationem
909 2315 993 2342 habet

199 2363 337 2398 judicium
349 2367 406 2390 tota
418 2362 567 2390 multitudo
579 2362 713 2389 bonorum
727 2370 734 2394 ;
751 2365 779 2388 et
792 2361 854 2388 ideo
864 2361 993 2396 epulatur

202 2409 285 2435 homo
307 2409 335 2435 in
356 2408 482 2436 oratione
506 2407 579 2440 ﬁdei,
601 2411 629 2435 et
650 2415 698 2435 cor
718 2407 777 2443 ejus
794 2407 943 2434 decoratur
960 2415 993 2435 cx

201 2453 380 2485 conﬁdentia,
401 2457 430 2481 et
442 2453 601 2480 nullatenus
614 2453 642 2480 in
655 2453 741 2488 priori
752 2453 874 2480 caecitate
890 2456 917 2480 et
934 2453 989 2481 oris

202 2499 343 2526 locutione
369 2503 492 2526 moratur
514 2507 520 2525 :
547 2506 609 2526 cum
631 2499 722 2526 taliter
747 2497 839 2525 animo
859 2498 988 2534 percipit,

203 2550 268 2572 tunc
284 2544 407 2580 possidet
424 2544 576 2571 orationem
600 2543 626 2570 in
644 2543 733 2569 anima
756 2550 815 2575 sua,
836 2543 910 2570 sicut
931 2543 991 2570 the-

202 2599 326 2623 saurum,
344 2595 372 2618 et
386 2597 442 2625 prae
460 2589 545 2616 multa
564 2588 659 2615 ltetitia
679 2587 782 2615 formas
801 2588 945 2620 orationis,
962 2588 991 2615 in

204 2643 284 2664 voces
293 2636 444 2671 gratiarum
460 2637 622 2661 commutat.
645 2632 679 2659 Et
699 2632 743 2659 hic
767 2632 819 2666 19
839 2637 882 2659 est
898 2640 990 2659 sermo

203 2690 284 2717 quem
293 2681 426 2710 dixitille.
439 2680 484 2715 qui
498 2678 712 2707 cuilibetrerum
722 2677 837 2704 formam
851 2678 991 2713 propriam

202 2727 340 2754 difﬁnivit.
368 2726 504 2760 Quoniam
527 2724 617 2752 oratio
646 2723 776 2759 gaudium
804 2728 857 2756 est,
886 2724 990 2759 gratia-

249 2784 272 2801 "
282 2784 352 2812 Psal.
366 2793 391 2817 L,
407 2785 448 2812 19.
497 2785 520 2801 ⁸³
536 2783 603 2811 Luc.
618 2783 728 2816 xvul,5.

1042 2273 1094 2292 nec
1109 2266 1226 2293 recessit
1245 2274 1258 2293 a
1274 2266 1366 2301 lapsu,
1390 2275 1506 2302 nequca
1518 2273 1715 2302 corrumpente
1736 2268 1829 2300 leone,

1042 2311 1149 2338 scilicet
1173 2311 1299 2339 daemone
1325 2313 1472 2348 superbiae.
1495 2313 1529 2340 Et
1554 2314 1638 2341 item:
1666 2314 1830 2350 Quicunque

1043 2356 1154 2392 ignorat
1170 2357 1359 2385 inﬁrmitatem
1376 2366 1465 2391 suam,
1487 2359 1580 2386 deﬁcit
1602 2359 1636 2386 ab
1657 2360 1828 2392 humilitate;

1042 2403 1089 2438 qui
1106 2411 1172 2430 vero
1187 2403 1281 2431 deﬁcit
1310 2404 1344 2431 ab
1367 2412 1411 2437 ea,
1428 2403 1561 2432 deﬁciens
1572 2409 1614 2432 cst
1632 2405 1715 2432 etiam
1729 2413 1744 2432 a
1767 2414 1830 2440 pcr-

1043 2450 1172 2479 fectione.
1189 2451 1224 2478 Et
1246 2451 1294 2486 qui
1310 2451 1447 2480 deﬁciens
1458 2457 1501 2479 est
1516 2452 1550 2479 ab
1575 2460 1618 2484 ca,
1649 2452 1763 2480 timidus
1788 2458 1830 2480 cst

1043 2504 1170 2531 semper;
1185 2497 1251 2532 quia
1275 2497 1373 2524 civitas
1404 2498 1463 2532 ejus
1480 2504 1533 2524 non
1550 2501 1593 2525 est
1619 2497 1732 2525 fundata
1747 2507 1830 2534 super

1044 2543 1189 2569 columnas
1201 2542 1317 2575 ferreas,
1331 2551 1423 2578 neque
1439 2551 1525 2578 super
1547 2543 1687 2571 liminaria
1706 2552 1788 2577 aerea,
1803 2545 1833 2572 id

1041 2592 1094 2620 est,
1107 2587 1337 2616 humiliationcm.

1320 2633 1432 2661 CAPUT
1458 2633 1553 2661 XXIII.

1206 2679 1341 2712 Quomodo
1362 2681 1510 2715 acquiritur
1527 2681 1671 2709 humilitas.

1079 2725 1266 2754 lltunilitatcm
1295 2731 1387 2754 autem
1400 2727 1546 2762 acquirere
1564 2736 1646 2756 nemo
1669 2732 1772 2763 potest,
1791 2729 1834 2756 ni-

241 2841 296 2877 (35)
309 2842 465 2870 Adversario
477 2842 674 2877 suojudicanli.
691 2842 849 2878 Legendum
880 2847 956 2878 puto,
972 2844 1010 2872 De
1026 2845 1177 2881 adrersurio
1199 2855 1258 2878 suo,
1273 2851 1302 2873 ut
1333 2847 1416 2874 habet
1431 2855 1507 2875 sacer
1529 2852 1630 2875 textus.
1646 2847 1678 2874 Et
1694 2856 1765 2877 mox,
1788 2849 1830 2881 ί».-

204 2877 346 2905 dicantem.

1180 2918 1195 2931 κ
