1967 3091
146 97 194 128 851

828 106 858 136 S.
881 107 1003 137 lSAACI
1021 108 1108 138 SYHI

1723 113 1776 143 852

147 157 169 182 si
186 165 234 191 pcr
254 158 350 185 modos
360 167 436 192 suos,
454 167 504 195 per
525 169 594 196 quos
616 162 646 188 tit
673 162 805 189 contritio
831 162 934 195 cordis,
951 166 973 193 Α
987 164 1021 191 ad
1038 164 1173 200 refugium
1186 165 1307 200 undique
1324 170 1472 193 occurrant
1489 165 1522 193 ad
1537 173 1613 198 eum,
1634 171 1664 194 et
1687 174 1773 195 cornu

145 208 173 229 ct
203 203 386 238 cogitationes
415 205 544 233 elationis
567 211 792 235 contemnuntur.
809 207 851 235 0b
881 208 932 236 hoc

145 250 218 276 enim
234 250 375 278 multoties
391 251 465 279 videt
493 253 622 281 inimicus
649 254 763 289 vestigia
785 263 931 281 causarum

146 294 178 321 ad
195 295 336 323 hominem
365 296 572 325 declinandum.
603 300 671 326 Nam
695 301 754 327 sine
772 301 931 328 humilitate

146 347 216 374 opus
232 341 352 370 hominis
367 343 462 378 perﬁci
479 345 585 379 nequit,
614 346 679 380 quia
705 347 864 374 nullatenus
890 351 932 374 est

147 387 303 421 appositum
327 387 543 416 instrumentum
567 390 703 418 libertatis
727 399 793 424 suae,
812 393 932 427 Spiritus

147 433 234 460 sancti
263 433 402 468 sigillum;
428 434 484 467 into
510 443 608 464 servus
633 437 723 464 adhuc
746 438 865 465 exsistit.
899 439 932 465 Et

146 485 216 512 opus
224 479 284 513 ejus
298 480 419 507 nondum
435 482 603 510 estatiinore
621 483 774 511 sublatum:
787 485 858 512 sicut
870 485 932 520 quis

146 531 200 550 non
225 525 339 560 corrigit
364 534 435 560 opus
456 534 535 553 suum
556 528 616 555 sine
641 529 810 562 humilitate,
841 539 931 565 neque

145 570 296 605 castigatur
309 572 361 598 nisi
377 580 426 606 per
441 573 616 607 tentationes,
633 582 664 602 ac
676 575 931 611 sinc,-castigationc

145 623 201 643 non
218 618 429 652 comprehendit
449 619 645 648 humilitatem.
667 622 783 656 Propter
812 623 864 651 hoc
888 624 931 651 di.

146 663 231 691 mittit
248 665 380 694 Dominus
393 668 498 694 sanctis
523 675 621 695 causas
635 669 800 696 humilitatis
816 674 843 697 et
863 678 930 697 con-

147 710 272 738 tritionis
296 712 390 740 cordis
401 721 433 740 ac
446 713 590 741 laboriosa:
604 714 759 748 orationis;
785 720 812 742 et
830 715 931 742 multo-

147 755 200 783 ties
220 762 358 791 perterret
386 767 435 786 eos
457 767 507 794 per
524 761 668 794 passiones
680 766 785 788 naturae
801 762 931 796 etlapsus

145 809 291 837 pravarum
304 805 501 840 cogitationum
518 810 545 833 ct
560 807 932 839 exsecrabilinm,multoties

986 210 1115 238 Ecclesia:
1132 212 1269 238 exaltetnr
1280 216 1374 239 contra
1403 211 1530 238 inimicos
1552 219 1628 244 suos,
1648 217 1677 239 et
1693 213 1773 240 multi

985 261 1149 284 moveantur
1170 257 1204 284 ad
1218 257 1327 284 virtutis
1340 257 1440 290 zelum,
1458 261 1486 284 et
1513 257 1644 284 recedant
1655 265 1669 284 a
1685 265 1774 285 saecu-

985 302 1021 334 lo,
1039 302 1097 336 ipse
1123 301 1170 330 ﬁat
1190 302 1356 330 venerabilis
1370 311 1404 330 ex
1419 303 1626 338 pulchritudine
1655 311 1773 331 conver-

985 349 1101 375 sationis
1117 356 1183 375 suae.
1199 348 1380 376 Conversatio
1392 350 1494 376 etenim
1511 350 1673 382 monastica,
1687 350 1772 384 gloria

985 398 1027 420 est
1043 393 1173 420 Ecclesiae
1203 393 1266 421 Jesu
1286 394 1399 421 Christi.
1419 394 1502 421 Decet
1527 394 1620 429 utique
1644 395 1774 429 pulchros

985 439 1087 466 habere
1105 443 1199 474 gestus
1214 447 1248 466 ex
1262 440 1336 466 omni
1359 444 1436 474 parte
1453 440 1494 466 sui
1512 445 1626 475 propter
1639 441 1773 468 visionem

984 484 1146 517 visibilium,
1169 485 1351 512 certissimam
1368 485 1550 520 privationem
1567 494 1669 516 rerum,
1682 486 1772 513 omni-

985 531 1098 558 modum
1111 532 1202 559 carnis
1212 536 1412 566 contemptum,
1432 532 1516 559 altum
1541 532 1689 567 jejunium,
1705 541 1773 559 con-

985 577 1118 604 stantium
1145 577 1172 603 in
1199 577 1362 612 quietndine
1389 578 1618 612 temperantiam,
1643 586 1773 605 sensuum

985 623 1061 650 visus
1075 622 1241 654 custodiam,
1258 623 1381 649 onminm
1402 623 1619 650 conventionum
1644 623 1670 650 in
1691 624 1774 650 rebus

985 669 1068 704 hujus
1083 669 1176 696 saeculi
1191 668 1397 699 abstinentiam,
1410 668 1573 696 brevitatem
1590 670 1616 696 in
1633 669 1735 701 verbis,
1745 670 1772 697 in

985 715 1038 748 20
1051 714 1136 740 multa
1145 713 1336 741 recordatione
1346 713 1521 745 munditiam,
1531 722 1593 741 cum
1608 714 1773 742 discretione

985 760 1208 795 simplicitatem:
1227 760 1298 787 scire
1314 761 1387 794 quod
1402 760 1460 787 [nec
1475 760 1531 787 vita
1545 759 1684 794 superﬂua
1699 760 1735 787 sit
1746 764 1774 787 et

985 806 1085 838 inanis,
1099 810 1127 832 ct
1141 805 1216 840 quod
1235 814 1320 840 prope
1333 809 1375 833 est
1401 806 1447 833 illa
1462 805 1616 840 spiritualis
1645 810 1674 833 et
1696 813 1771 838 vera,

145 857 255 884 quoque
282 858 332 885 per
348 851 464 886 injurias
480 857 507 879 et
522 853 642 880 humana
661 853 756 880 verba.
775 854 932 888 Aliquando
950 856 969 882 Β
983 859 1038 878 non
1055 851 1140 886 ligare
1155 859 1184 877 se
1202 851 1290 886 ipsum
1307 851 1438 878 amicitiis
1452 855 1479 878 et
1492 851 1588 877 unioni
1616 850 1771 883 hominum,

145 901 211 921 vero
226 902 276 929 per
293 895 475 930 aegritudines
497 898 694 932 etcorporalcs
709 898 893 932 inﬁrmitates,
903 904 930 926 et

145 939 309 974 quandoque
326 948 376 975 per
387 946 575 976 paupertatem
590 947 618 970 et
632 951 698 970 usus
709 944 929 971 necessariorum

144 988 310 1019 egestatem;
325 986 475 1021 aliquando
492 988 575 1015 etiam
602 997 652 1023 per
667 989 795 1016 timorem
815 989 868 1016 diri
883 990 931 1017 do-

143 1030 220 1063 loris,
246 1039 278 1059 ac
297 1032 517 1067 derelictionem,
544 1042 652 1062 necnon
683 1040 711 1062 et
728 1043 850 1071 pugnam
869 1036 927 1063 dia-

144 1076 199 1104 boli
216 1077 406 1112 manifestam;
420 1087 470 1114 per
486 1088 546 1115 qua:
569 1081 662 1108 omnia
688 1081 815 1109 timorem
838 1082 931 1109 incur-

144 1130 206 1150 rere
221 1124 380 1152 consuevit:
396 1125 545 1161 aliquando
561 1135 610 1161 per
620 1127 777 1155 materiales
792 1132 821 1155 et
838 1128 929 1156 diver-

144 1176 188 1197 sas
208 1174 235 1197 et
249 1171 398 1199 terribiles.

179 1215 213 1242 Et
227 1215 285 1243 hmc
300 1217 412 1251 quidem
434 1219 525 1246 omnia
553 1218 632 1251 ﬁunt,
660 1224 690 1246 ut
714 1220 814 1247 habeat
840 1224 929 1248 mate-

144 1261 198 1288 rias
217 1260 430 1294 humiliationis,
459 1267 487 1291 et
514 1264 539 1291 ei
556 1265 729 1300 negligentiae
745 1266 929 1293 somnolentia

145 1313 198 1333 non
218 1307 370 1342 contingat,
398 1308 441 1335 vel
456 1317 489 1335 ex
509 1309 590 1337 rebus
606 1310 634 1336 in
649 1310 752 1344 quibus
764 1311 867 1337 athleta
885 1311 928 1338 vi-

143 1360 190 1379 sus
219 1357 262 1379 est
286 1353 432 1385 inﬁrmari,
464 1355 506 1381 vel
533 1355 615 1382 etiam
643 1363 676 1382 ex
697 1356 795 1383 timore
821 1356 926 1384 futuro.

143 1396 306 1425 Necessario
333 1399 416 1433 igitur
443 1400 609 1427 tentationes
625 1401 706 1428 utiles
721 1407 787 1429 sunt
813 1402 929 1430 homini-

145 1443 208 1471 bus.
230 1444 293 1472 ]lzec
324 1444 408 1479 igitur
427 1454 481 1472 non
497 1446 571 1476 dico.
588 1446 662 1481 quod
678 1447 775 1475 deceat
788 1447 927 1475 hominem

145 1490 173 1516 in
187 1489 314 1525 turpibus
326 1495 423 1526 sponte
437 1492 534 1524 laxari,
551 1498 580 1519 ut
592 1492 638 1520 ﬁat
651 1493 676 1520 ei
698 1493 863 1521 humilitatis
880 1502 928 1521 oc-

144 1536 219 1563 casio
233 1536 364 1571 ipsarum,
391 1545 482 1572 neque
503 1543 532 1565 ut
555 1538 667 1566 festinet
691 1539 793 1567 intrare
809 1539 842 1566 ad
862 1539 930 1567 alias

145 1582 328 1616 tentationes;
347 1584 395 1611 sed
408 1584 472 1619 quia
484 1583 565 1611 decet
580 1592 655 1618 eum,
670 1585 736 1612 dum
760 1586 787 1612 in
803 1586 877 1613 bono
890 1586 930 1613 la-

145 1627 233 1660 borat,
259 1628 334 1655 omni
362 1633 485 1664 tempore
509 1629 622 1665 vigilare
651 1635 679 1658 et
701 1631 833 1666 cogitare,
861 1639 930 1666 quo-

143 1674 218 1701 niam
230 1679 339 1702 creatus
355 1679 417 1703 est:
436 1676 470 1703 ob
487 1675 539 1704 hoc
551 1676 635 1704 etiam
658 1681 700 1704 est
716 1677 846 1704 caducus.
865 1676 930 1710 Qui-

142 1719 211 1747 libet
237 1726 330 1748 autem
342 1726 524 1758 creatuseget
539 1723 640 1750 virtute
652 1731 683 1750 ac
698 1724 872 1758 protectione
886 1723 929 1751 di-

143 1766 221 1800 vina;
238 1772 266 1795 et
281 1768 372 1795 omnis
387 1768 435 1803 qui
464 1774 526 1804 eget
542 1769 717 1804 protectione
734 1769 860 1802 alterius,
882 1778 930 1798 na-

143 1813 261 1841 turalem
274 1813 462 1842 inﬁrmitatem
472 1815 705 1843 ostendit.0mnis
718 1824 784 1844 vero
794 1816 841 1851 qui
850 1824 927 1844 suam

144 1858 331 1886 infirmitatem
347 1860 482 1895 agnoscit,
493 1862 649 1889 necessario
660 1867 722 1898 eget
739 1863 879 1891 humiliari
893 1863 928 1890 ad

143 1903 346 1940 impetrandum
372 1906 557 1935 humilitatem
575 1916 663 1940 suam,
682 1912 716 1936 ab
739 1909 786 1936 illo
817 1909 864 1944 qui
881 1918 930 1945 po-

143 1955 204 1978 tens
215 1951 239 1978 ei
253 1956 295 1978 est
309 1952 473 1980 subvenire:
497 1957 525 1980 et
541 1953 564 1981 si
579 1955 703 1982 novisset
717 1963 731 1982 a
751 1955 888 1990 principio
901 1959 928 1983 et

143 1997 256 2024 vidisset
277 1998 464 2026 inﬁrmitatem
478 2006 567 2031 suam,
582 2001 723 2036 negligens
749 2009 803 2028 non
816 2001 926 2034 fuisset,

142 2051 193 2071 nec
208 2043 434 2076 obdormivisset,
451 2049 480 2072 ut
496 2045 652 2073 traderetur
674 2046 700 2073 in
725 2055 822 2074 manus
841 2048 929 2074 tribu-

141 2090 258 2117 tantium
274 2097 349 2123 eum,
363 2095 391 2118 et
405 2091 647 2126 expergefacerent
662 2100 735 2119 eum.
750 2093 828 2120 Unde
847 2093 928 2122 decet

141 2135 328 2163 ambulantem
343 2135 370 2163 in
378 2136 420 2163 via
434 2137 481 2164 Dei
491 2138 592 2172 gratias
605 2146 685 2173 agere
697 2138 748 2166 sibi
758 2139 785 2165 in
797 2139 927 2168 onmibus

141 2180 414 2215 supervenientibus,
426 2186 454 2208 et
471 2182 584 2217 culpare
600 2187 627 2210 et
640 2183 791 2211 conviciari
804 2184 924 2212 animam
943 2195 964 2222 υ

141 2233 219 2254 suam
249 2230 278 2253 et
302 2233 486 2261 cognoscere,
503 2228 576 2262 quod
591 2236 763 2264 nequaquam
775 2231 927 2265 permissus

140 2271 259 2299 fuisscta
275 2277 467 2306 procuratore,
483 2273 538 2300 nisi
553 2281 602 2308 per
615 2275 809 2310 negligentiam
820 2276 927 2304 velela-

141 2318 254 2350 tionem,
271 2322 302 2345 ut
316 2319 530 2354 expergeﬁeret;
544 2327 595 2348 nec
622 2321 716 2349 timeat
740 2330 775 2349 ex
790 2322 853 2354 hoe,
876 2330 928 2350 nec

141 2363 262 2395 recedat,
275 2372 327 2392 nec
340 2364 430 2400 ipsum
440 2372 564 2399 excuset,
582 2375 616 2395 ne
628 2368 785 2403 duplicetur
805 2369 858 2396 sibi
871 2378 927 2397 ma-

141 2409 208 2442 lum,
235 2410 299 2445 quia
323 2419 379 2439 non
404 2416 446 2440 est
473 2413 545 2448 apud
571 2414 768 2449 producentem
790 2415 926 2452 justitiam

139 2455 224 2483 Deum
241 2456 388 2492 iniquitas:
405 2458 488 2486 absit.

423 2525 534 2555 CAPUT
549 2527 643 2556 XXlV.

143 2579 180 2607 De
196 2580 407 2616 perfectionibus,
436 2583 575 2611 virtutibus
590 2589 614 2611 et
628 2585 716 2620 o/[iciis
727 2587 925 2614 monachorum.

175 2636 259 2664 Decet
287 2639 453 2667 monachum
475 2648 534 2668 esse
555 2641 582 2669 in
607 2643 737 2671 omnibus
761 2643 845 2671 rebus
868 2644 926 2671 suis

140 2682 254 2710 formam
268 2683 435 2713 humilitatis
455 2686 616 2715 videntibus
635 2696 710 2722 eum,
731 2695 758 2716 ut
782 2697 817 2717 ex
831 2690 925 2718 multis

140 2723 291 2756 virtutibus
317 2730 377 2765 cjus
401 2729 580 2766 fulgentibus,
599 2733 671 2760 sicut
705 2734 796 2762 radios
819 2736 925 2770 perspi-

139 2771 244 2800 cientes
268 2774 373 2803 inimici
389 2776 526 2809 veritatis,
559 2783 587 2805 et
612 2778 696 2806 invite
726 2780 921 2814 conﬁteantur,

140 2817 214 2852 quod
231 2819 266 2847 sit
277 2819 442 2850 Christianis
451 2830 513 2857 spes
527 2828 601 2850 certa
618 2824 731 2857 salutis;
750 2830 777 2853 et
793 2830 921 2861 tanquam

981 897 1098 931 alicujus
1114 894 1316 924 habere'locum
1331 897 1523 929 habitationis,
1534 896 1667 923 auxilium
1679 896 1773 931 fugere

981 941 1110 973 hominis,
1127 947 1155 969 et
1170 942 1360 969 indesinenter
1371 942 1568 976 permanerein
1583 942 1769 974 orationibus,

981 996 1037 1015 non
1049 988 1150 1015 habere
1161 988 1350 1019 ambitionem,
1368 996 1419 1015 nec
1433 988 1553 1023 gaudere
1565 989 1703 1020 antennis,
1716 996 1771 1016 non

981 1032 1067 1067 ligare
1078 1039 1107 1060 se
1123 1032 1213 1067 ipsum
1228 1032 1293 1060 huic
1309 1032 1381 1065 vitaz,
1400 1032 1567 1060 tentationes
1577 1032 1695 1059 viriliter
1710 1041 1773 1060 sus-

981 1079 1080 1110 tinere,
1098 1078 1222 1104 alleviari
1234 1085 1249 1104 a
1263 1078 1412 1105 mundanis
1443 1078 1591 1106 affectibus
1607 1082 1634 1105 et
1651 1079 1771 1106 interro-

980 1123 1090 1159 gatione
1106 1131 1198 1150 rerum
1215 1123 1347 1158 ipsarum,
1365 1124 1496 1150 continue
1515 1131 1612 1151 curare
1630 1131 1662 1151 ac
1683 1124 1771 1151 medi-

981 1170 1033 1197 tari
1047 1169 1075 1196 in
1087 1170 1199 1204 regione
1217 1170 1359 1202 veritatis”,
1376 1169 1477 1196 habere
1503 1170 1612 1196 vultum
1637 1170 1770 1204 pallidum

980 1221 1009 1243 et
1031 1223 1172 1251 rugosum,
1203 1215 1350 1250 lacrymari
1364 1215 1407 1242 die
1431 1219 1583 1250 noctuque,
1603 1221 1631 1242 et
1651 1216 1713 1250 plus
1727 1216 1770 1244 his

980 1261 1110 1289 omnibus
1124 1261 1263 1289 custodire
1278 1261 1446 1293 castitatem,
1461 1269 1521 1288 esse
1534 1261 1667 1288 mundum
1679 1262 1713 1289 ab
1729 1262 1774 1299 in-r

980 1307 1070 1343 gluvie
1087 1308 1202 1339 ventris,
1227 1312 1255 1334 et
1270 1315 1285 1334 a
1297 1307 1389 1342 parvis
1409 1307 1492 1334 etiam
1505 1311 1534 1334 et
1548 1315 1563 1335 a
1583 1308 1701 1342 magnis.
1723 1307 1770 1335 lla:

980 1358 1046 1381 sunt
1061 1353 1177 1380 virtutes
1204 1353 1332 1380 monachi
1349 1353 1400 1380 sub
1417 1353 1582 1387 compendio
1601 1353 1691 1386 dictae,
1709 1362 1770 1388 qua:

981 1399 1031 1427 sibi
1048 1399 1236 1428 testimonium
1262 1399 1409 1434 perhibent
1423 1399 1457 1426 de
1471 1398 1630 1426 omnimoda
1652 1400 1769 1426 mortiﬁ-

981 1445 1089 1473 catione
1098 1445 1182 1472 suain
1197 1445 1310 1477 mundo,
1318 1449 1346 1472 et
1359 1445 1543 1480 propinquare
1555 1445 1614 1480 ejus
1625 1445 1660 1472 ad
1670 1445 1768 1473 Deum.

981 1491 1064 1518 Decet
1077 1498 1142 1525 ergo
1156 1498 1208 1518 nos
1223 1490 1256 1518 de
1269 1491 1312 1518 his
1327 1499 1437 1526 semper
1454 1499 1548 1518 curam
1566 1499 1672 1526 gerere.
1690 1491 1769 1524 Quod

981 1539 1004 1566 si
1019 1538 1204 1573 quisdixerit:
1221 1537 1287 1571 Quae
1312 1538 1462 1565 necessitas
1475 1538 1527 1565 fuit
1539 1538 1692 1572 exprimere
1710 1538 1770 1565 siu-

981 1587 1044 1620 gula
1056 1590 1083 1612 et
1101 1593 1156 1612 non
1168 1585 1262 1613 dicere
1275 1593 1306 1612 ea
1324 1585 1490 1620 generaliter
1513 1589 1542 1612 et
1557 1584 1771 1612 universalitert

981 1632 1060 1664 Dico,
1073 1632 1125 1659 hoc
1140 1632 1298 1660 necessario
1313 1631 1414 1659 factum
1428 1635 1480 1664 est,
1496 1636 1525 1658 ut
1542 1631 1682 1666 quomodo
1693 1639 1769 1666 qua:-

981 1678 1059 1706 sierit
1085 1686 1170 1705 unum
1192 1686 1225 1705 ex
1249 1678 1398 1713 praemissis
1414 1678 1441 1704 in
1457 1678 1549 1705 anima
1576 1685 1635 1709 sua,
1662 1677 1706 1704 ille
1721 1677 1770 1711 qui

981 1724 1074 1752 studet
1090 1732 1140 1759 pro
1166 1725 1221 1751 vita
1242 1732 1302 1757 sua,
1315 1729 1343 1752 et
1356 1724 1494 1751 invenerit
1520 1723 1593 1758 quod
1610 1729 1688 1759 egeat
1714 1731 1769 1750 uno

981 1767 1110 1801 istorum,
1125 1772 1274 1803 cognoscat
1288 1768 1388 1796 exinde
1401 1768 1540 1796 defectum
1556 1775 1637 1795 suum
1653 1768 1680 1795 in
1693 1767 1769 1794 omni

980 1815 1096 1846 virtute;
1119 1818 1148 1842 et
1165 1815 1218 1842 erit
1237 1814 1290 1842 sibi
1303 1814 1373 1842 odor
1387 1814 1439 1842 iste
1459 1815 1487 1841 in
1508 1819 1585 1849 parte
1601 1813 1770 1841 recordatio-

980 1860 1034 1887 nis.
1048 1859 1116 1888 Cum
1132 1864 1226 1887 autem
1245 1860 1405 1895 acquisierit
1424 1860 1475 1887 ista
1500 1860 1591 1886 omnia
1616 1860 1643 1886 in
1667 1863 1769 1886 semet-

980 1905 1050 1940 ipso,
1065 1910 1131 1932 tunc
1147 1906 1317 1941 reliquorum
1331 1906 1446 1933 scientia
1463 1913 1546 1940 quam
1562 1913 1617 1932 non
1629 1905 1769 1939 expressi-

979 1959 1051 1985 mus,
1065 1952 1199 1988 largietur
1214 1952 1322 1986 eidcm;
1347 1956 1376 1980 et
1398 1952 1451 1979 erit
1477 1951 1636 1979 hominibus
1652 1951 1768 1978 materia

979 1998 1186 2033 gloriﬁcationis
1199 1998 1260 2030 Dei,
1275 2003 1303 2025 et
1313 1998 1413 2026 exinde
1425 1997 1590 2034 prteparabit
1601 1997 1698 2024 animae
1712 2004 1769 2024 suae

978 2042 1069 2069 locum
1084 2042 1196 2077 quietis,
1223 2042 1384 2077 priusquam
1399 2041 1557 2078 egrediatur
1582 2041 1616 2068 de
1633 2041 1688 2068 vita
1706 2040 1768 2068 ista.

1262 2105 1375 2133 CAPUT
1402 2104 1484 2132 XXV.

981 2153 1017 2181 De
1033 2153 1182 2188 privatione
1200 2152 1387 2188 consolationis
1405 2150 1544 2188 spiritalis.
1564 2151 1768 2188 Non_turbetur

1013 2186 1100 2219 homo,
1118 2188 1164 2215 sed
1184 2187 1254 2223 legat
1269 2188 1296 2215 in
1314 2186 1387 2214 libris
1404 2187 1515 2214 Patrum
1534 2191 1559 2213 ct
1572 2186 1701 2213 sustineat
1718 2194 1767 2220 pa-

1016 2224 1122 2251 tientet‘.

1015 2278 1180 2313 Quicunque
1197 2278 1328 2305 convenit
1352 2277 1379 2304 in
1405 2284 1490 2303 unum
1506 2284 1569 2304 cum
1591 2280 1684 2303 mente
1707 2283 1766 2307 sua,

979 2329 1008 2351 et
1037 2327 1067 2350 ut
1087 2327 1268 2351 conversetur
1298 2322 1325 2349 in
1359 2321 1524 2353 solitudine,
1558 2320 1714 2348 conformct
1737 2327 1767 2347 se

979 2369 1069 2403 ipsum
1092 2367 1260 2403 operationi,
1281 2371 1308 2394 et
1319 2366 1470 2394 secundum
1499 2366 1623 2394 ordinem
1638 2366 1766 2393 solitudi-

979 2414 1022 2441 nis
1044 2413 1315 2441 deducatresiduum
1332 2420 1467 2440 annorum
1479 2420 1592 2439 suorum
1604 2417 1632 2439 et
1646 2412 1766 2440 dierum.

979 2459 1048 2487 Cum
1061 2464 1154 2486 autem
1170 2459 1318 2494 contigerit
1336 2458 1398 2491 tibi,
1417 2457 1466 2489 ﬁli,
1478 2458 1551 2486 sicut
1566 2459 1652 2485 moris
1672 2463 1714 2486 est
1737 2458 1766 2486 in

979 2505 1079 2532 ordine
1091 2504 1262 2536 solitudinis,
1279 2512 1295 2532 a
1313 2495 1407 2532 divina
1426 2504 1514 2540 gratia
1535 2504 1721 2532 constituente
1735 2511 1767 2533 ut

980 2551 1100 2579 interius
1111 2559 1126 2578 a
1143 2550 1265 2578 tenebris
1282 2550 1373 2577 anima
1388 2550 1588 2582 confundatur.
1600 2555 1628 2578 et
1641 2551 1712 2578 sicut
1723 2558 1767 2578 so.

979 2597 1050 2624 lares
1070 2596 1140 2624 radii
1158 2595 1242 2624 Velati
1260 2603 1342 2631 super
1356 2601 1456 2623 terram
1473 2604 1487 2623 a
1501 2596 1617 2632 caligine
1636 2596 1765 2630 nubium,

977 2643 1097 2679 priveris
1118 2643 1257 2670 modicum
1281 2646 1389 2677 tempus
1410 2642 1598 2670 consolatione
1616 2642 1765 2677 spirituali.

977 2697 1084 2717 necnon
1099 2693 1127 2716 et
1141 2689 1235 2716 lumen
1251 2689 1346 2724 gratias
1370 2688 1557 2716 confundatur
1571 2689 1688 2716 interius
1702 2696 1767 2724 pro-

977 2739 1038 2772 pter
1052 2735 1225 2763 umbrantem
1239 2735 1370 2762 vitiorum
1383 2735 1496 2767 nubem,
1511 2743 1543 2763 ac
1561 2735 1609 2762 tibi
1625 2735 1764 2763 modicum

977 2782 1066 2811 virttis
1080 2781 1188 2809 laetiﬁca
1210 2781 1392 2809 subtrahatur
1421 2785 1448 2809 et
1473 2781 1621 2809 obumbret
1642 2786 1763 2809 mentem

977 2827 1139 2857 inconsueta
1152 2827 1254 2863 caligo;
1278 2835 1312 2855 ne
1336 2827 1457 2855 tnrberis
1483 2827 1511 2855 in
1535 2828 1638 2861 anima,
1658 2835 1709 2855 nec
1729 2827 1764 2855 ad
