1967 3091
147 107 200 138 8ῖ.3

678 109 794 139 LIBER
815 110 862 141 DE
883 110 1111 142 CONTEMPTU
1131 111 1269 141 MUNDI.

1734 106 1786 138 Siti

146 164 334 202 ignorantiam
344 173 455 193 manum
465 166 607 199 extendas,
618 167 666 194 sed
679 167 785 195 sustine
793 169 942 202 patienter,
959 171 979 199 Α
995 169 1097 199 excitat
1112 170 1140 196 in
1151 177 1203 202 eo;
1216 179 1225 196 ι
1240 173 1268 197 et
1284 177 1317 196 ex
1330 169 1383 197 hoc
1397 169 1483 196 sentit
1510 168 1702 195 alterationem
1726 174 1787 202 quae

149 209 249 245 etlege
278 210 305 236 in
322 210 402 238 libris
419 211 542 244 Patrum,
565 217 593 239 et
608 212 680 239 infer
710 212 760 240 tibi
782 213 944 242 violentiam

149 256 183 283 ad
198 255 347 289 orandum,
359 260 388 284 et
404 257 564 293 praestolare
579 258 726 291 auxilium,
746 263 775 286 et
787 259 880 287 veniet
893 259 944 286 tibi

151 307 177 330 te
206 303 358 339 ignorante.
385 302 452 330 Nam
479 304 552 331 sicut
584 305 724 332 revelatur
752 304 837 332 facies
865 310 945 332 terra:

150 357 200 384 per
213 349 307 376 radios
320 349 435 380 solares,
452 350 623 377 obscuritate
642 351 713 378 aeris
725 355 894 386 occupante;
908 350 945 379 ita

151 399 251 429 potens
261 398 304 422 est
321 394 410 422 oratio
421 394 528 422 solvere
539 399 566 422 ct
576 396 733 423 anuihilare
745 396 779 422 ab
795 396 886 423 anima
898 404 946 424 ne-

152 440 231 467 bulas
260 440 403 473 vitiorum,
427 445 455 467 et
468 441 601 468 irradiare
624 446 745 469 mentem
769 442 830 469 luce
845 442 946 470 laetitia:

152 492 180 514 et
199 487 407 518 consolationis,
422 488 496 522 quod
511 488 622 522 gignere
639 489 784 516 consuevit
800 488 827 515 in
845 489 945 523 cogita-

154 533 277 560 tionibus
294 533 396 561 nostris
407 542 414 566 ;
426 538 453 560 et
469 534 586 561 maxime
598 542 659 561 cum
672 534 802 563 habuerit
813 534 946 569 pabulum

153 587 168 606 ει
183 579 279 614 pagina
292 587 380 612 sacra,
403 584 432 607 et
454 581 598 615 vigilantia
616 589 676 615 qua:
705 587 827 608 mentem
843 581 947 608 illumi-

155 630 200 652 nat
216 630 243 651 et
258 625 387 653 illustrat.
401 625 538 653 Continua
555 627 629 654 enim
645 627 729 654 lectio
744 627 772 654 iu
795 627 947 662 Scripturis

155 675 313 697 sanctorum
338 671 426 705 replet
455 672 573 698 animam
597 672 874 706 iucotuprehensibili
897 672 947 699 ad-

126 720 129 722 ·
156 716 303 743 miratione
328 724 359 743 ac
376 716 562 744 ltetificatione
580 717 684 744 divina.
704 717 782 750 Quod
797 718 820 744 si
836 717 948 752 quando

155 763 238 789 homo
264 763 340 791 venit
363 763 396 790 ad
419 763 564 799 lacrymas,
589 768 655 792 tunc
681 764 843 800 egredietur
870 771 948 792 meus

155 817 204 836 sua
220 809 254 836 de
277 816 399 837 carcere.
420 810 486 837 Dico
505 810 553 838 tibi
576 819 646 842 rem,
665 818 748 845 quam
777 811 849 840 sicut
865 811 948 838 mini-

156 862 228 881 mam
245 861 301 882 non
316 859 550 887 contemnes,nec
566 855 676 883 haesites
692 855 720 882 iu
736 855 844 882 ueteris
856 854 949 883 verbis
966 855 986 882 Β

157 901 236 933 meis,
267 901 331 935 quia
346 908 462 929 veraces
477 906 541 928 sunt
566 901 613 936 qui
633 901 701 931 mihi
717 901 814 929 eadem
827 900 951 929 tradide-

158 950 231 973 runt.
247 946 274 974 Si
289 947 468 981 suspenderis
490 948 608 982 teipsum
626 955 641 974 a
653 947 803 982 palpebris,
819 954 853 975 ne
869 951 951 981 putes

157 992 268 1028 quando
293 994 454 1028 perveneris
478 994 510 1021 ad
528 993 674 1030 lacrymas,
701 993 774 1028 quod
789 992 951 1028 perveneris

158 1039 191 1067 ad
207 1039 407 1067 continentiam
423 1039 646 1068 conversationis
662 1045 725 1068 tuae.

195 1085 344 1120 Ilucusque
361 1085 463 1112 mundo
475 1086 578 1113 ctenim
592 1086 750 1113 servierunt
761 1085 871 1113 occulta
885 1089 949 1112 tua:

159 1131 187 1159 id
205 1135 258 1163 est,
274 1136 330 1159 stas
357 1131 386 1159 in
401 1131 575 1159 habitatione
600 1132 817 1164 mundanorum,
838 1137 867 1159 et
882 1122 952 1166 opus

160 1178 207 1206 Dei
220 1185 269 1212 per
287 1178 458 1206 exteriorem
491 1178 633 1205 hominem
652 1178 789 1212 operaris.
816 1177 885 1205 Nam
910 1177 953 1204 in-

161 1223 249 1252 terior
263 1223 353 1251 adhuc
364 1223 555 1252 infructuosus
569 1224 688 1255 exsistit,
702 1231 751 1258 pro
769 1231 803 1251 eo
828 1222 901 1258 quod
917 1221 952 1250 ad

160 1270 298 1304 lacrymas
313 1277 369 1297 non
384 1269 512 1304 pervenit
526 1269 636 1298 fructus
647 1271 716 1305 ejus.
728 1269 853 1304 Cumque
862 1269 896 1296 ad
909 1276 954 1297 re-

160 1316 268 1350 gionem
288 1315 412 1350 ipsarum
429 1316 601 1350 perveneris,
611 1320 677 1342 tunc
693 1316 762 1343 scito
777 1315 851 1350 quod
861 1323 955 1351 egres-

161 1369 190 1389 sa
204 1366 247 1389 est
262 1369 340 1389 meus
357 1365 402 1389 tua
415 1361 450 1389 de
466 1369 577 1389 carcere
593 1362 689 1389 mundi
710 1362 803 1398 hujus,
816 1367 845 1389 et
860 1362 955 1396 posuit

162 1408 260 1442 pedem
276 1415 355 1435 suum
369 1407 506 1435 iuitinere
524 1408 588 1435 novi
602 1407 733 1440 hominis,
749 1412 778 1435 et
791 1408 875 1442 coepit
888 1408 956 1435 ado-

164 1462 225 1480 rare
234 1454 290 1490 (.35)
298 1461 392 1481 aerem
401 1453 538 1481 mirabilis
549 1459 632 1489 atque
640 1453 722 1486 novi;
738 1460 766 1481 et
777 1458 843 1482 tunc
856 1454 955 1488 incipit

164 1499 307 1527 cﬂ'undere
324 1500 468 1535 lacrymas,
486 1500 552 1535 quia
575 1500 672 1535 incipit
689 1500 768 1528 dolor
783 1501 873 1528 exitus
888 1508 955 1535 pue-

996 217 1023 244 in
1038 216 1114 243 omni
1130 215 1309 243 innovatione
1322 215 1406 243 debet
1419 214 1548 249 excipere
1568 218 1694 242 naturam
1717 219 1788 242 inte-

996 263 1110 290 riorem.
1121 261 1245 289 Obscure
1259 261 1474 297 quodammodo,
1486 265 1514 288 et
1526 260 1597 287 sicut
1607 260 1635 287 in
1644 260 1787 294 aenigmate

996 309 1092 343 scripsi
1108 309 1166 336 haec
1183 308 1217 336 ad
1234 308 1457 336 recordationem
1474 311 1596 334 vestram
1621 309 1650 333 et
1663 306 1788 333 omnium

996 354 1148 382 secundum
1164 353 1239 388 quod
1257 353 1454 389 comprehendi
1467 356 1559 387 potest
1572 359 1589 379 a-
1617 350 1788 386 contempla-

998 400 1072 427 tione
1097 399 1304 434 Scripturarum
1332 403 1360 426 et
1385 398 1531 426 veracibus
1557 395 1745 428 orationibus,
1762 399 1789 422 et

996 446 1120 473 nondum
1133 446 1167 473 ab
1184 445 1374 480 experientia;
1387 449 1418 471 ut
1432 443 1480 471 fiat
1505 442 1574 472 mihi
1590 442 1724 470 auxilium
1738 448 1790 476 per

997 492 1138 519 orationes
1147 499 1243 519 eorum
1254 492 1301 526 qui
1310 491 1410 519 exinde
1421 490 1525 518 fuerint
1532 490 1677 517 utilitatem
1684 487 1788 522 adepti,

997 539 1062 573 quia
1085 537 1140 565 non
1155 538 1295 565 modicum
1317 537 1441 565 laborem
1465 537 1493 564 in
1508 536 1553 564 his
1567 535 1701 570 impendi.
1717 533 1788 561 Audi

997 585 1079 612 etiam
1093 584 1196 611 ibidem
1209 584 1281 619 quod
1297 583 1384 610 debeo
1404 583 1453 610 tibi
1469 583 1572 614 dicere,
1592 581 1665 616 quod
1680 581 1714 608 ab
1741 588 1790 608 ore

999 638 1054 657 non
1067 630 1152 657 didici
1165 629 1271 657 fallace.
1286 629 1355 656 Cum
1374 629 1515 664 ingressus
1544 627 1631 655 fueris
1644 627 1678 654 ad
1698 626 1803 661 regio-'

999 684 1061 704 nem
1078 677 1154 711 pacis
1168 676 1381 711 cogitationum,
1398 680 1465 702 tunc
1476 678 1529 702 ate
1542 672 1692 700 multitudo
1702 673 1790 707 lacry-

1000 728 1107 751 marum
1124 723 1276 755 auferetur,
1293 727 1321 750 et
1333 726 1428 757 postea
1439 721 1605 756 provenient
1620 720 1747 755 lacryma:
1762 719 1789 745 in

1000 777 1130 798 mensura
1150 768 1339 796 eonvenienti.
1362 767 1426 794 Haec
1444 771 1485 794 est
1511 774 1563 801 pro
1586 770 1664 793 certo
1676 765 1790 794 veritas,

1001 816 1072 844 sicut
1089 815 1124 843 ab
1140 815 1264 843 Ecclesia
1282 814 1408 842 creditur
1422 813 1556 849 generali.

1283 883 1397 911 CAPUT
1411 882 1507 910 XXVI.

1088 941 1126 968 De
1141 941 1224 968 tribus
1241 939 1375 966 ordinibus
1391 938 1484 973 quibus
1506 938 1582 964 homo
1596 935 1710 972 pro/icit.

1037 997 1106 1024 Tres
1131 999 1196 1023 sunt
1222 995 1335 1022 ordines
1359 994 1385 1021 in
1415 993 1516 1027 quibus
1547 990 1658 1026 proﬁcit
1686 990 1790 1016 homo:

1003 1043 1184 1074 novitiorum,
1202 1041 1320 1073 medius,
1349 1044 1377 1067 et
1395 1039 1591 1074 perfectorum.
1616 1036 1667 1069 Qui
1684 1040 1727 1063 est
1749 1043 1794 1062 er-

1002 1095 1036 1123 go
1054 1088 1082 1114 in
1104 1087 1195 1122 primo
1218 1085 1327 1116 ordine,
1357 1091 1516 1119 quanquam
1540 1081 1658 1109 intentio
1684 1081 1744 1115 ejus
1759 1078 1793 1106 ad

1002 1133 1106 1160 bonum
1135 1131 1240 1164 tendat,
1261 1135 1353 1157 motus
1377 1134 1468 1156 tamen
1485 1135 1541 1155 sua:
1556 1127 1657 1154 tuentis
1682 1126 1795 1159 iniquus

1002 1183 1055 1207 est.
1067 1178 1174 1205 Medius
1185 1182 1288 1207 autem.
1319 1175 1442 1203 medium
1459 1174 1570 1209 quidem
1585 1178 1629 1200 est
1641 1172 1714 1198 inter
1731 1178 1794 1205 pas-

1003 1225 1164 1253 sibilitatem
1176 1228 1204 1252 et
1215 1222 1476 1258 impassibilitatem,
1496 1224 1525 1248 et
1535 1218 1718 1254 cogitationes
1735 1221 1790 1243 tam

1003 1271 1107 1299 dextra
1122 1278 1203 1306 quam
1215 1270 1333 1297 sinistra:
1347 1267 1489 1303 equaliter
1515 1269 1661 1292 moventur
1682 1264 1708 1290 in
1723 1262 1794 1297 ipso,

1004 1326 1057 1346 nec
1071 1316 1394 1346 cessatomninolumen
1414 1315 1441 1341 in
1465 1314 1524 1348 ipso
1539 1312 1692 1348 producere
1713 1315 1794 1337 tene-

1004 1366 1079 1396 bras,
1105 1365 1240 1399 sicutjam
1253 1364 1360 1391 dictum
1377 1365 1428 1389 est.
1447 1361 1475 1388 Si
1489 1367 1555 1387 vero
1569 1357 1719 1386 cessaverit
1736 1364 1797 1384 mo~

1005 1411 1097 1438 dicum
1110 1411 1144 1439 ab
1158 1410 1268 1438 assidua
1280 1409 1400 1436 lectione
1412 1407 1570 1434 divinarum
1578 1406 1794 1440 Scripturarum,

1005 1465 1037 1484 ae
1054 1456 1194 1484 desiderio
1206 1454 1301 1483 utendi
1321 1453 1441 1489 imagine
1452 1452 1603 1479 formarum
1618 1449 1752 1480 veritatis.
1769 1452 1797 1475 et

1006 1512 1021 1531 a
1035 1511 1116 1538 posse
1128 1509 1190 1535 suo,
1207 1501 1281 1536 quod
1295 1499 1502 1527 adexteriorem
1520 1495 1675 1524 custodiam
1694 1503 1727 1522 ex
1743 1501 1797 1530 qua

164 1544 187 1571 τί
205 1544 366 1579 sPhil-“alis-
379 1544 446 1572 Νθω
472 1545 559 1579 gratia
574 1552 635 1578 (ιιιεε
650 1545 807 1572 communis
825 1549 868 1572 est
884 1545 956 1572 ίηιθι·
969 1539 990 1568 c
1007 1550 1037 1578 ﬁt
1054 1549 1171 1577 interior
1185 1547 1310 1576 custodia
1323 1551 1350 1573 et
1364 1545 1504 1573 sufficiens
1523 1542 1648 1578 operatio
1657 1541 1692 1568 ad
1707 1540 1796 1572 iutilia,

164 1597 270 1622 omnes,
287 1590 442 1618 traducitur
465 1590 497 1618 ad
513 1591 643 1623 animam,
669 1595 699 1618 ut
718 1591 807 1626 pariat
834 1591 955 1619 divinam

165 1636 281 1663 formam
297 1640 404 1663 secreto
420 1635 454 1662 ad
470 1635 557 1663 futuri
582 1636 675 1663 steculi
689 1637 863 1670 claritatem;
877 1645 957 1664 cum-

165 1688 219 1715 que
238 1684 345 1716 tempus
367 1685 462 1716 partus
493 1681 616 1715 advenit,
633 1682 726 1710 statim
749 1682 855 1710 moveri
879 1691 958 1711 mens

167 1727 263 1763 incipit
275 1728 303 1755 in
315 1728 490 1762 quibusdam,
499 1736 560 1764 quae
569 1729 632 1756 inde
646 1733 711 1757 sunt
723 1729 795 1756 sicut
807 1729 956 1764 spiramen,

167 1782 222 1809 quo
240 1774 389 1802 attrahitur
410 1775 500 1805 infans
524 1775 597 1802 intra
610 1776 734 1803 membra
749 1776 777 1803 in
793 1776 894 1811 quibus
906 1784 960 1803 nu-

169 1821 269 1854 tritur;
282 1825 310 1848 et
324 1821 455 1855 quoniam
470 1821 598 1853 sustinet,
608 1822 681 1856 quod
695 1822 890 1850 consuetudini
904 1822 958 1850 sibi

170 1875 224 1894 non
245 1871 298 1900 est,
313 1868 406 1894 statim
420 1867 518 1902 incipit
532 1876 643 1896 movere
656 1875 758 1903 corpus
770 1869 804 1896 ad
817 1869 959 1904 planctum

170 1915 281 1941 mistum
303 1914 450 1941 dulcedine
469 1914 577 1947 mellis;
599 1919 627 1942 et
644 1919 748 1950 quanto
768 1915 855 1950 magis
872 1915 961 1944 nutri-

171 1964 215 1987 tur
231 1960 320 1988 infans
335 1960 465 1994 interius,
492 1964 569 1988 tauto
588 1961 650 1996 plus
674 1960 758 1988 habet
781 1964 960 1996 augmentum

171 2009 365 2043 laerymarum.
398 2006 448 2034 Hic
472 2011 564 2034 autem
591 2007 660 2034 ordo
687 2007 882 2042 lacrymarum,
903 2008 960 2035 dixi

170 2055 244 2089 quod
263 2062 317 2081 non
337 2059 380 2081 est
394 2053 439 2081 ille
459 2054 506 2089 qui
522 2054 665 2081 solitarius
681 2054 737 2090 (36)
749 2063 783 2082 ex
799 2055 961 2083 incitatione

171 2101 323 2136 contingit;
341 2101 405 2136 quia
432 2101 478 2127 illa
494 2101 647 2128 consolatio
661 2109 723 2136 quae
738 2102 772 2129 de
793 2106 917 2136 tempore
933 2101 962 2128 fit

171 2148 204 2175 ad
219 2152 337 2182 tempus,
363 2147 467 2182 ubique
495 2148 525 2175 fit
548 2148 576 2175 in
603 2147 752 2175 solitudine
780 2147 962 2175 commoranti

171 2201 235 2220 cum
262 2193 317 2220 Deo
333 2197 361 2220 et
385 2192 501 2220 cuilibet
517 2192 660 2220 exsistenti
679 2192 707 2219 in
729 2191 962 2226 contemplatione

173 2239 282 2270 mentis,
301 2238 468 2274 quandoque
493 2238 521 2265 in
543 2237 719 2265 sermonibus
744 2237 961 2272 Scripturarum,

173 2285 321 2321 aliquando
333 2286 360 2313 in
374 2285 532 2312 orationum
542 2291 671 2312 occursu.
689 2283 743 2311 Sed
759 2284 793 2311 de
802 2283 963 2311 ordineisto

174 2333 246 2363 dico,
253 2332 299 2366 qui
307 2331 386 2359 adest
394 2331 583 2358 indesinenter
590 2330 753 2366 lacrymanti
762 2335 845 2358 noctu
852 2330 962 2365 dieque.

174 2379 338 2413 Quicunque
358 2382 451 2406 autem
481 2386 531 2412 pro
547 2383 624 2405 certo
647 2378 793 2405 veritatem
811 2377 964 2404 formarum

176 2427 291 2453 istarum
317 2425 432 2456 invenit,
456 2424 526 2451 ﬁunt
544 2429 636 2451 autem
655 2424 728 2451 oculi
744 2425 805 2459 ejus
824 2424 858 2451 ad
878 2422 966 2452 instar

176 2472 259 2500 fontis
271 2478 414 2506 aquarum.
427 2478 515 2506 usque
521 2471 555 2498 ad
564 2471 709 2499 biennium
720 2471 763 2498 vel
774 2471 860 2504 ultra;
871 2475 966 2506 postea

176 2526 242 2546 vero
257 2518 412 2554 ingreditur
432 2517 466 2544 ad
477 2525 571 2552 pacem
589 2516 798 2553 cogitationum,
820 2522 849 2545 et
865 2517 906 2545 sic
926 2518 968 2544 in-

176 2566 302 2601 greditur
324 2565 359 2592 ad
383 2564 458 2592 illam
481 2564 605 2599 quietem
636 2565 671 2592 de
697 2573 752 2599 qua
775 2565 844 2592 dicit
870 2565 969 2592 beatus

178 2612 295 2640 Paulus:
313 2621 321 2637 ι
331 2611 408 2639 Sicut
419 2612 624 2646 particulariter
635 2618 719 2646 eaput
734 2617 845 2644 natura,
862 2619 877 2638 a
890 2612 969 2646 paci-

179 2658 229 2686 fica
247 2665 359 2694 quoque
375 2658 470 2693 quiete
489 2658 587 2693 incipit
606 2666 684 2686 mens
701 2657 882 2692 contemplari
909 2666 969 2694 my-

180 2705 261 2732 steria
271 2712 279 2738 ;
291 2709 319 2732 et
334 2710 399 2732 tunc
414 2705 534 2740 Spiritus
559 2709 671 2732 sanctus
683 2705 781 2739 incipit
795 2704 820 2732 ei
845 2705 969 2731 revelare

180 2751 313 2784 ctrlestia,
328 2750 438 2779 etDeus
451 2750 555 2777 habitat
570 2749 598 2777 iu
613 2749 672 2785 ipso
685 2753 712 2777 et
728 2749 836 2777 fructus
848 2748 971 2785 Spiritus

217 2808 241 2825 “
254 2807 339 2835 Hebr.
368 2815 404 2839 xi,
421 2807 463 2834 15.

220 2855 275 2892 (35)
288 2855 416 2883 Adorare.
432 2853 474 2883 An
485 2853 616 2882 odorare?

1008 1595 1180 1623 detrahetur.
1194 1593 1273 1626 Quod
1285 1592 1308 1620 si
1323 1591 1455 1619 nutrierit
1472 1589 1598 1617 naturale
1613 1595 1694 1615 suum
1710 1586 1736 1614 in
1754 1586 1800 1613 his

1008 1650 1069 1677 quae
1082 1641 1151 1674 dixi,
1176 1647 1227 1667 nec
1240 1639 1347 1667 dimisit
1358 1637 1426 1665 mihi
1443 1635 1655 1671 inquisitionem
1673 1637 1701 1661 et
1717 1640 1798 1660 scru-

1009 1689 1140 1716 tationem
1157 1692 1185 1715 et
1201 1686 1331 1713 affectum
1344 1691 1441 1712 eorum
1455 1684 1488 1710 de
1500 1683 1593 1718 longo,
1610 1679 1736 1716 quamvis
1744 1687 1799 1705 non

1009 1736 1060 1770 21
1087 1733 1189 1761 viderit
1202 1740 1249 1764 ea;
1274 1731 1322 1759 sed
1348 1738 1381 1757 ea
1396 1734 1466 1756 nutu
1491 1727 1620 1755 lectionis
1643 1726 1799 1753 divinarum

1010 1782 1214 1817 Scripturarum
1227 1778 1332 1806 nutriat
1345 1776 1527 1812 cogitationes
1536 1782 1610 1806 suas,
1620 1777 1649 1801 ct
1660 1773 1801 1799 contineat

1010 1837 1044 1856 ne
1061 1828 1182 1856 declinet
1194 1826 1228 1853 ad
1239 1825 1390 1856 sinistram,
1399 1830 1451 1850 nec
1461 1821 1578 1856 recipiat
1588 1827 1681 1847 semen
1689 1817 1801 1852 aliquod

1010 1874 1178 1902 diabolicum
1194 1872 1245 1900 sub
1261 1870 1354 1906 specie
1373 1868 1509 1899 veritatis,
1539 1865 1678 1894 custodiat
1691 1870 1802 1898 quoque

1011 1920 1130 1947 animam
1144 1925 1221 1945 suam
1242 1924 1305 1949 cum
1320 1913 1459 1942 desiderio
1475 1913 1500 1939 in
1515 1912 1583 1944 Deo,
1597 1917 1661 1938 cum
1675 1909 1802 1936 oratione

1011 1965 1160 1996 laboriosa,
1179 1961 1347 1998 etpatientia
1358 1970 1364 1987 :
1377 1961 1435 1995 ipse
1448 1957 1590 1993 praestabit
1604 1956 1628 1984 ei
1641 1955 1803 1991 petitionem

1012 2019 1101 2044 suam,
1117 2016 1145 2038 et
1173 2009 1280 2044 aperiet
1297 2007 1322 2035 ei
1336 2007 1438 2034 ostiqu
1464 2012 1555 2036 suum,
1575 2008 1603 2030 et
1620 2003 1738 2030 maxime
1753 2008 1803 2036 pro

1013 2057 1133 2085 utilitate
1146 2056 1244 2092 ipsius.
1262 2054 1374 2082 Secreta
1391 2059 1502 2087 quoque
1513 2050 1668 2078 humilibus
1679 2048 1805 2076 revelan-

1014 2109 1068 2132 tur.
1084 2104 1112 2131 Si
1130 2110 1196 2130 vero
1213 2105 1339 2128 mortuus
1363 2099 1447 2126 fuerit
1473 2098 1500 2125 in
1530 2095 1687 2132 hujusmodi
1701 2094 1810 2129 specie,

1014 2153 1042 2177 et
1059 2155 1201 2183 nunquam
1216 2146 1319 2173 viderit
1345 2149 1445 2172 terram
1474 2143 1547 2169 illam
1566 2142 1600 2168 de
1622 2148 1719 2175 prope,
1737 2142 1805 2173 pulo

978 2216 1002 2244 ο
1015 2195 1089 2231 quod
1105 2193 1253 2222 haereditas
1263 2192 1324 2227 ejus
1335 2191 1387 2218 erit
1400 2197 1463 2216 eum
1475 2188 1597 2222 antiquis
1606 2186 1698 2222 justis,
1712 2184 1759 2219 qui
1771 2183 1804 2210 ad

1068 2241 1077 2244 ⁸
1123 2241 1128 2244 “
1288 2238 1293 2244 '
1429 2235 1435 2244 ¹
1486 2239 1491 2244 -
1526 2233 1581 2244 Ἀθη-
1605 2233 1630 2244 ..ξ
1643 2233 1716 2244 Ian..-
1731 2231 1804 2244 in...“

1014 2241 1213 2277 perfectionem
1231 2238 1327 2266 venire
1346 2235 1504 2271 sperabant.
1526 2233 1583 2261 Nec
1605 2233 1716 2259 videtur
1729 2231 1806 2266 juxta

1014 2275 1132 2316 verbum
1147 2285 1271 2321 Apostoli
1285 2284 1318 2316 ",
1332 2290 1414 2318 quam
1428 2282 1456 2308 in
1469 2288 1517 2315 spe
1529 2279 1635 2314 operati
1646 2275 1808 2305 suntomni-

1014 2336 1068 2364 bus
1083 2334 1181 2362 diebus
1198 2333 1260 2359 vita:
1283 2338 1350 2362 suae,
1368 2334 1396 2357 et
1412 2328 1596 2356 dormierunt.
1612 2324 1691 2358 Quod
1715 2328 1807 2350 autem

1016 2381 1151 2410 dicimus:
1179 2379 1208 2406 Si
1232 2386 1288 2405 non
1299 2375 1554 2412 pervenerithomo
1573 2373 1607 2400 ad
1625 2377 1727 2399 terram
1744 2377 1808 2405 pro-

1016 2426 1168 2458 miSSionis,
1184 2432 1246 2460 quae
1257 2428 1300 2451 est
1312 2423 1401 2457 ﬁgura
1418 2418 1611 2456 perfectionis,
1628 2417 1655 2444 id
1666 2420 1720 2448 est,
1731 2423 1808 2443 eoru-

1017 2472 1166 2510 prehensio
1178 2470 1306 2498 veritatis
1320 2467 1476 2499 manifesta,
1490 2466 1568 2502 juxta
1581 2470 1741 2510 mensuram
1754 2462 1808 2510 vir-

1018 2507 1085 2547 tutis
1097 2516 1230 2545 naturalis
1242 2525 1249 2549 ;
1268 2513 1395 2550 nunquid
1405 2511 1572 2548 prohibetur
1584 2513 1697 2545 propter
1710 2508 1764 2535 hoc
1776 2507 1810 2534 ab

1019 2567 1085 2597 isto,
1098 2569 1129 2591 ut
1143 2564 1172 2591 in
1195 2567 1321 2590 extremo
1335 2559 1429 2588 cordis
1443 2561 1554 2586 maneat
1569 2557 1595 2584 ei
1614 2563 1696 2583 omne
1710 2562 1814 2590 propo-

1018 2612 1103 2639 situm
1118 2610 1152 2638 ad
1169 2609 1322 2640 sinistram,
1337 2611 1365 2635 et
1394 2614 1446 2642 pro
1470 2613 1503 2633 eo
1521 2605 1642 2632 declinat
1665 2601 1739 2637 quod
1756 2608 1811 2628 non

1019 2656 1233 2692 comprehendit
1246 2662 1356 2682 omnem
1369 2652 1536 2680 veritatem?
1558 2650 1686 2686 nunquid
1705 2655 1818 2684 perma-

1020 2706 1068 2730 net
1096 2702 1123 2729 in
1153 2700 1315 2728 fortitudine
1338 2699 1421 2735 primi
1445 2698 1561 2730 ordinis,
1585 2697 1632 2732 qui
1655 2703 1708 2722 nec
1737 2693 1813 2721 novit

1022 2749 1090 2781 haec,
1103 2755 1153 2775 nec
1168 2746 1318 2778 desiderat,
1340 2745 1382 2773 vel
1408 2744 1540 2772 convenit
1555 2751 1618 2771 cum
1646 2740 1765 2769 exaltari
1779 2739 1812 2766 ad

1062 2853 1117 2890 (56)
1129 2851 1282 2880 Solitariua.
1298 2852 1380 2880 Forte
1396 2850 1535 2883 saliluriis,
1547 2849 1590 2877 vel
1612 2848 1745 2876 solitaria.
