1967 3091
181 94 234 125 855

864 98 893 128 S.
915 98 1038 128 ISAACI
1057 99 1145 130 SYRI

1754 106 1807 137 856

181 151 298 178 mediam
320 151 411 178 viam?
437 151 495 179 Dixi
510 161 515 179 :
540 153 600 180 Non
615 153 688 180 enim
719 153 789 180 vidit
817 161 887 186 eam,
915 154 968 181 nisi
985 156 1005 183 Α
1020 159 1142 183 arctatur
1154 156 1189 183 ab
1204 157 1292 192 aliqua
1306 158 1469 187 necessitate
1479 160 1521 187 vel
1541 164 1640 194 morte,
1652 169 1701 189 seu
1715 161 1805 189 tribuo

182 201 311 231 tanquam
324 205 374 231 per
386 198 540 232 speculum,
557 198 604 226 sed
623 199 746 233 speravit
770 198 804 226 de
818 199 910 234 longe,
939 204 968 226 et

181 247 294 277 propter
314 244 385 271 hanc
399 252 474 278 spem
494 245 598 279 positus
613 251 655 272 est
668 253 729 272 eum
755 245 880 280 patribus
898 245 966 272 suis.

183 289 281 316 Etnou
298 289 460 325 t‘uitdiguus
480 291 531 317 hac
545 291 665 326 perfecta
688 291 775 326 gratia
801 291 900 318 factus.
914 291 967 318 Sed
986 310 991 316 .

181 336 228 370 qui
246 344 356 371 semper
367 337 559 372 alloquebatur
575 337 711 369 eamdem,
727 341 755 363 et
767 344 827 364 eam
853 337 967 364 reduce-

182 382 227 409 bat
243 382 275 409 ad
305 387 435 414 mentem.
451 387 479 410 et
497 383 563 418 quia
593 383 756 410 movebatur
774 383 801 409 in
829 382 967 410 desiderio

180 429 278 463 cjusiu
291 434 424 464 quantum
449 433 558 464 poterat
575 429 640 456 dum
664 429 788 461 vixisset,
813 433 840 456 et
866 429 967 464 cogita-

182 473 271 500 tiones
282 474 432 501 referebat:
453 482 502 502 cor
516 475 576 510 ejus
590 475 723 509 repletum
748 474 800 501 hac
813 482 860 509 spe
881 475 938 501 exit
951 482 966 502 a

181 518 298 551 mundo;
311 526 374 545 nam
386 510 467 546 omne
479 520 553 554 quod
566 519 650 547 habet
674 520 869 552 humilitatem,
886 520 967 547 deco-

182 571 241 590 rum
256 564 374 596 videtur,
387 565 452 599 quia
465 565 661 600 incorporeum
682 565 784 593 mentis
801 566 964 593 exercitium

181 609 254 636 circa
266 609 433 637 desiderium
459 610 533 645 quod
550 610 681 646 dirigitur
695 619 727 638 ex
742 611 965 639 consideratione

180 655 336 683 divinarum
360 656 578 692 Scripturarum,
594 657 715 685 animam
733 658 850 685 interius
872 665 965 685 coram

181 701 307 736 malignis
322 703 538 738 cogitationibus
552 705 752 739 circumvallat,
774 712 802 734 et
821 712 965 735 conservat

181 746 301 774 animum
314 747 342 774 in
357 748 547 778 recordatione
569 750 726 779 futurorum
752 752 898 785 bonorum,
914 760 965 780 nec

179 792 287 820 laxatur
303 800 380 821 mens
394 793 422 823 in
435 796 601 831 negligentia
616 805 664 824 sua
674 797 708 824 ad
722 798 964 826 commemoratio-

180 843 242 862 nem
271 838 443 866 saecularium
481 848 584 875 rerum,
601 841 667 876 quia
691 850 724 869 ex
744 842 788 869 his
812 843 964 879 frigescunt

178 881 285 909 calores
295 888 419 911 motuum
432 885 503 920 ejus,
514 890 542 913 et
553 885 586 913 ad
598 887 837 922 concupiscentias
856 888 939 916 cadit.

457 950 570 980 CAPUT
584 952 689 980 XXVII.

177 1004 215 1031 De
229 1012 274 1039 spe
290 1013 349 1040 quae
356 1005 386 1040 ﬁt
397 1015 443 1042 per
453 1006 532 1041 ﬁdem
542 1009 739 1044 prtecordialem
750 1015 774 1037 et
787 1011 960 1040 dilectionem.

211 1061 254 1088 Fit
279 1070 341 1097 spes
365 1063 392 1090 in
415 1064 471 1091 Deo
494 1073 545 1100 per
570 1065 652 1094 ﬁdem
678 1068 905 1102 praecordialem;
934 1074 962 1098 et

175 1114 236 1141 qua:
256 1107 329 1135 bona
343 1113 394 1142 est,
414 1109 582 1139 discretione
611 1115 639 1139 et
667 1113 782 1141 scientia
808 1113 848 1141 ﬁt.
873 1115 961 1143 Homo

175 1151 221 1185 qui
247 1152 358 1186 penitus
385 1161 441 1181 non
475 1159 553 1182 curat
579 1156 614 1183 de
640 1157 722 1185 rebus
747 1159 958 1193 temporalibus,

176 1196 223 1224 sed
236 1198 409 1226 commendat
422 1207 450 1227 se
465 1200 521 1227 Deo
533 1200 577 1228 dic
592 1206 741 1237 noctuque,
757 1211 808 1231 nec
825 1209 867 1231 est
883 1205 959 1232 solli-

175 1244 246 1271 citus
267 1244 300 1271 de
313 1253 342 1272 re
358 1245 449 1280 aliqua
462 1247 585 1274 saeculari
608 1253 723 1283 propter
748 1250 868 1277 studium
884 1252 959 1286 quod

173 1289 244 1324 gerit
270 1290 343 1318 circa
360 1291 488 1325 virtutes,
507 1298 535 1320 et
552 1300 661 1321 omnem
689 1302 784 1322 curam
802 1303 879 1323 suam
894 1305 959 1332 pos-

172 1335 243 1363 sidet
263 1336 290 1363 in
306 1336 417 1369 divinis,
427 1341 454 1365 et
464 1343 577 1373 propter
602 1340 653 1367 hoc
674 1341 787 1376 negligit
801 1342 891 1376 parari
905 1343 957 1370 sibi

172 1381 249 1409 cibos
263 1387 290 1410 et
308 1382 467 1410 indumenta
490 1389 518 1411 et
533 1385 763 1420 prmparationcm
782 1387 835 1414 loci
851 1387 958 1415 habita-

171 1427 255 1455 tionis
268 1431 296 1454 et
319 1432 416 1456 caetera
434 1435 552 1457 cuncta:
568 1431 614 1458 hic
626 1431 697 1459 bene
710 1438 738 1460 et
762 1434 957 1468 magistraliter

1018 201 1090 228 latur
1103 210 1118 229 a
1131 201 1342 231 fructiﬁcatio'ne
1361 213 1474 232 suarum
1496 205 1684 241 iniquitatum,
1712 207 1803 237 dicat:

1019 246 1142 282 Sperabo
1158 248 1186 274 in
1200 249 1266 280 Deo,
1280 253 1308 276 et
1326 249 1384 284 ipse
1404 257 1447 277 me
1461 255 1539 278 sanet
1550 251 1653 286 absque
1669 252 1804 280 sollicitu-

1018 293 1093 326 dine,
1109 298 1137 321 et
1154 294 1285 322 auxilium
1299 295 1366 322 mihi
1382 296 1531 330 praestabit.
1556 295 1702 332 insipiens,
1716 306 1804 333 usque

1018 339 1099 366 modo
1115 347 1170 366 non
1195 340 1272 367 fuisti
1300 341 1462 368 recordatus
1488 340 1548 372 Dei,
1574 341 1629 369 imo
1657 343 1804 378 injuriatus

1018 392 1046 412 es
1061 385 1085 412 ei
1095 392 1144 420 per
1155 385 1221 412 vitia
1239 390 1349 413 tuorum
1372 394 1498 421 operum,
1517 395 1567 422 per
1583 393 1609 416 te
1625 388 1802 424 blasphema-

1019 436 1063 458 tur
1075 439 1089 459 a
1106 432 1234 466 gentibus
1247 440 1347 460 nomen
1373 433 1481 460 Domini
1504 434 1576 461 sicut
1597 434 1728 469 scriptum
1743 439 1801 469 est;

1017 482 1044 504 et
1054 486 1128 505 nunc
1142 479 1286 512 praesumis
1300 487 1347 506 ore
1362 479 1443 514 pleno
1458 479 1550 507 dicere
1564 488 1570 507 :
1589 480 1618 507 ln
1633 480 1692 515 ipso
1708 488 1804 516 spera-

1017 523 1063 556 bo,
1080 528 1109 551 et
1126 524 1183 559 ipse
1198 525 1378 553 auxiliabitur
1401 526 1480 559 mihi,
1503 531 1531 554 et
1555 526 1690 555 sollicitus
1703 527 1757 555 erit
1768 527 1803 555 de

1017 570 1080 597 me?
1097 570 1169 598 Bene
1180 570 1284 598 dictum
1304 575 1347 598 est
1364 579 1378 599 a
1400 571 1466 605 Deo,
1497 572 1691 600 confundendo
1723 573 1802 605 tales,

1016 624 1065 651 per
1083 617 1245 652 prophetam
1259 618 1417 645 dicentem:
1449 618 1571 651 Quotidie
1597 619 1738 654 exquirunt
1750 627 1802 651 me,

1016 667 1040 689 et
1060 662 1150 690 uolunt
1163 663 1298 690 addiscere
1317 665 1373 691 vias
1400 673 1484 692 meas.
1511 664 1546 692 Et
1569 665 1636 692 sicut
1651 665 1735 700 aliqui
1759 665 1803 700 fa-

1015 708 1111 735 cientes
1120 709 1264 743 justitiam,
1277 713 1302 735 et
1312 709 1517 744 justiﬁcationcs
1532 710 1580 737 Dei
1589 711 1629 737 sui
1648 719 1699 737 non
1719 710 1803 738 relin-

1016 758 1132 787 quentes,
1153 759 1274 788 quierunt
1283 754 1415 790 judicium
1429 755 1637 790 etjustitiam".
1647 755 1686 782 De
1701 755 1803 793 talibus

1016 798 1088 826 enim
1104 804 1145 826 est
1155 799 1297 834 insipiens,
1315 800 1362 834 qui
1387 800 1471 827 etiam
1496 804 1588 828 mente
1606 801 1642 828 sit
1660 801 1803 835 proximus

1014 842 1080 870 Deo.
1099 842 1152 870 Sed
1167 851 1228 871 cum
1251 852 1266 872 a
1293 844 1519 872 tribulationibus
1541 845 1739 878 circumdatur,
1754 852 1803 873 ex-

1014 889 1085 916 tollit
1096 897 1194 917 manus
1217 890 1389 918 conﬁdenter
1405 890 1438 918 ad
1458 891 1554 918 Deum.
1575 890 1626 918 Hic
1640 891 1734 926 utique
1749 898 1801 919 ne-

1013 943 1089 964 cesse
1117 936 1200 964 habet
1212 937 1352 964 multoties
1367 940 1398 964 ut
1422 937 1616 972 disciplinetur
1635 937 1699 964 hinc
1723 936 1800 970 inde,

1012 981 1077 1016 quia
1098 989 1153 1008 non
1179 981 1261 1009 habet
1272 989 1342 1016 opus
1356 981 1479 1017 dignum,
1504 985 1535 1009 ut
1551 982 1671 1010 conﬁdat
1685 983 1712 1009 in
1730 983 1799 1010 Deo.

1012 1027 1079 1055 Nam
1094 1032 1206 1063 propter
1230 1036 1329 1063 pravas
1354 1029 1536 1064 cogitationes
1554 1032 1582 1056 et
1601 1029 1799 1064 negligentiam

1011 1073 1039 1101 in
1052 1074 1096 1101 his
1109 1082 1169 1109 quae
1185 1074 1363 1106 conveniunt.
1387 1075 1531 1110 disciplina
1544 1075 1572 1102 ﬁt
1596 1075 1704 1110 dignus.
1725 1075 1800 1103 Deus

1011 1128 1077 1148 vero
1092 1124 1205 1156 propter
1218 1120 1435 1148 misericordiam
1457 1128 1534 1148 suam
1543 1120 1659 1148 sustinet
1672 1128 1747 1153 eum,
1761 1129 1798 1148 ne

1010 1166 1128 1201 decipiat
1140 1167 1205 1202 (57).
1223 1166 1296 1194 Talis
1312 1174 1378 1202 ergo
1394 1174 1423 1194 se
1435 1167 1524 1202 ipsum
1540 1166 1563 1193 si
1580 1166 1760 1194 obliviscatur
1769 1170 1799 1194 ct

1010 1212 1135 1240 ordinem
1150 1212 1367 1240 conversationis
1384 1220 1452 1244 suae,
1478 1220 1510 1239 ac
1525 1211 1599 1239 dicat
1613 1219 1643 1239 se
1658 1211 1798 1239 conﬁdere

1010 1257 1038 1284 in
1058 1258 1123 1290 Deo,
1133 1257 1356 1292 disciplinabitur
1372 1258 1457 1290 enim,
1470 1257 1535 1291 quia
1548 1264 1630 1291 opera
1646 1255 1711 1283 ﬁdei
1723 1263 1797 1283 nun-

1009 1311 1090 1338 quam
1109 1303 1200 1330 habet.
1219 1303 1279 1330 Non
1306 1303 1441 1332 extendat.
1455 1303 1483 1329 in
1500 1302 1557 1330 otio
1581 1302 1679 1337 pedem
1693 1308 1795 1335 suum;

1008 1349 1137 1375 etdicat:
1167 1347 1257 1376 Credo
1286 1348 1315 1375 in
1331 1349 1427 1381 Deum,
1443 1349 1489 1383 qui
1514 1347 1590 1375 dabit
1618 1347 1685 1374 mihi
1698 1355 1797 1375 neces-

1009 1395 1091 1427 saria,
1111 1399 1240 1429 tauquam
1267 1394 1293 1421 in
1309 1394 1358 1421 Dei
1383 1394 1515 1429 operibus
1541 1393 1725 1426 conversanti,
1744 1401 1797 1420 nec

1009 1440 1170 1475 insipienter
1188 1440 1314 1476 projieiat
1336 1440 1514 1475 semetipsum
1550 1440 1578 1466 in
1606 1444 1736 1474 puteum,
1767 1438 1795 1466 in

172 1473 298 1507 speratin
310 1473 376 1505 Deo,
387 1474 459 1508 quod
475 1475 533 1510 ipse
545 1475 644 1504 debeat
654 1477 707 1505 sibi
722 1479 877 1506 necessaria
890 1487 958 1514 prze-
970 1484 994 1517 ο
1009 1473 1101 1513 meum
1125 1473 1196 1512 non‘
1209 1473 1314 1513 habens
1337 1473 1444 1517 Deum;
1456 1490 1483 1512 et
1514 1485 1587 1512 dicat
1601 1473 1614 1511 ί
1629 1484 1752 1519 Sperabo
1767 1484 1796 1512 ir:

171 1526 283 1554 parare:
309 1523 337 1546 et
365 1519 423 1547 haec
451 1525 494 1548 est
517 1521 733 1556 prudentissima
761 1532 824 1560 spes
838 1529 866 1553 et
879 1533 953 1553 vera.

168 1564 276 1592 Justum
290 1570 333 1592 est
347 1566 448 1593 etenim
464 1567 546 1594 talem
561 1575 672 1602 sperare
691 1570 719 1596 in
736 1570 802 1603 Deo,
823 1571 954 1606 quoniam

171 1618 267 1638 servus
278 1610 338 1646 ejus
349 1612 467 1645 exsistit,
475 1617 503 1640 et
513 1613 639 1641 studiose
651 1615 785 1643 incumbit
797 1617 873 1652 operi
883 1617 952 1652 ejus,

169 1656 272 1691 absque
288 1657 362 1684 omni
376 1658 543 1693 negligentia
557 1667 618 1694 quae
635 1661 669 1688 ab
682 1662 775 1696 aliqua
792 1670 874 1691 causa
887 1672 954 1692 con-

170 1702 264 1737 lingat.
285 1702 353 1730 Nam
369 1703 435 1731 huic
461 1704 574 1739 dignum
590 1710 631 1733 est
655 1714 669 1733 a
694 1707 751 1734 Deo
775 1707 836 1735 ﬁeri
862 1710 954 1744 provi-

168 1748 290 1775 dentiam
305 1749 464 1783 specialem.
479 1751 544 1785 quia
558 1756 650 1778 servat
661 1753 820 1780 mandatum
832 1755 891 1789 ejus
905 1756 952 1790 qui

167 1795 249 1822 dixit:
264 1794 379 1827 Quwrite
387 1797 503 1830 primum
517 1805 627 1833 regnum
637 1798 685 1825 Dei
704 1802 728 1825 et
739 1800 874 1835 justitiam
885 1801 951 1836 ejus,

168 1845 192 1867 et
206 1841 260 1868 haec
291 1842 381 1869 omnia
404 1843 565 1877 adﬁcientur
581 1845 650 1872 vobis
664 1845 696 1872 ".
709 1845 778 1873 Cum
801 1851 893 1874 autem
913 1848 953 1876 sic

166 1886 350 1921 disponimur,
370 1888 490 1916 mundus
507 1893 636 1924 tanquam
648 1897 745 1918 servus
766 1892 847 1920 nobis
860 1894 953 1921 omnia

167 1933 351 1967 praeparabit,
388 1938 416 1961 et
452 1938 580 1970 tanquam
616 1936 735 1964 dominis
763 1937 953 1966 indubitanter

166 1978 276 2006 obediet
299 1979 394 2006 verbis
421 1980 538 2007 nostris:
567 1985 594 2008 et
622 1982 724 2009 nostris
763 1984 952 2012 voluntatibus

166 2031 221 2052 non
237 2025 358 2052 resistet.
372 2025 412 2052 Ne
424 2025 508 2060 igitur
521 2031 610 2054 cesset
629 2027 661 2054 de
673 2032 744 2055 statu
759 2036 808 2056 suo
819 2030 951 2058 continuo

166 2077 258 2097 coram
274 2070 340 2103 Deo,
358 2079 414 2098 non
439 2071 524 2099 tradit
537 2080 566 2100 se
585 2073 675 2107 ipsum
688 2074 721 2101 ad
745 2075 899 2102 curandum
917 2075 951 2103 dc

166 2116 320 2143 necessaria
333 2116 450 2144 utilitate
462 2118 596 2153 corporis,
606 2127 657 2146 nec
668 2127 778 2154 quoque
791 2120 824 2148 de
837 2121 892 2148 alio
904 2130 952 2149 cu-

166 2163 270 2190 ratnisi
283 2166 389 2190 tantum
403 2164 509 2191 otiosus
529 2164 598 2198 ﬁeri,
618 2170 730 2200 propter
746 2167 871 2194 timorem
888 2168 948 2201 Dei,
966 2160 988 2187 Ῑ)

164 2209 198 2238 ab
215 2210 373 2245 hujusmodi
397 2210 583 2238 sollicitudine
602 2219 699 2246 magna
713 2218 741 2240 et
757 2221 860 2247 parva:
877 2214 950 2242 unde

163 2263 224 2290 quae
247 2260 373 2290 spectant
387 2255 420 2283 ad
436 2256 617 2290 voluptatem,
635 2257 781 2286 obtinebit.
804 2259 950 2288 Verumta-

163 2309 225 2329 men
249 2300 308 2328 haec
326 2301 418 2328 omnia
437 2301 612 2335 mirabiliter,
643 2311 732 2338 neque
756 2310 834 2332 curat
848 2305 881 2333 de
897 2306 948 2338 eis,

162 2355 252 2382 neque
265 2347 372 2376 laborat
389 2345 416 2374 in
430 2347 508 2382 ipsis.
522 2347 609 2376 Homo
627 2349 728 2385 quippe
742 2351 788 2386 qui
809 2359 857 2378 eor
869 2360 950 2380 suum

161 2394 298 2428 sepultum
310 2393 394 2422 habet
404 2394 515 2429 penitus
528 2394 555 2422 in
570 2395 660 2428 terris,
681 2401 709 2423 et
723 2405 831 2431 semper
846 2403 947 2426 terram

160 2442 280 2469 comedit
291 2450 354 2470 cum
368 2445 508 2476 serpente,
524 2445 552 2469 et
571 2441 599 2469 in
621 2443 697 2470 nullo
712 2444 804 2471 studet
828 2445 949 2480 compla-

160 2496 223 2516 cere
238 2489 303 2521 Deo,
318 2489 366 2516 sed
390 2489 418 2515 in
439 2488 568 2516 omnibus
592 2490 783 2524 corporalibus
800 2491 947 2519 distraetus

160 2539 187 2562 et
204 2534 355 2562 dissolutus
381 2534 499 2567 exsistit,
522 2538 550 2562 et
578 2535 684 2562 otiosus
702 2535 736 2562 ab
755 2536 829 2563 omni
845 2537 947 2564 virtute

159 2584 272 2616 propter
288 2579 429 2607 assiduum
445 2580 612 2615 colloquium
620 2586 647 2608 et
661 2581 755 2608 luxum
771 2582 946 2614 elationis,et

158 2625 453 2660 uccasionesquasdam
467 2627 609 2662 proponit:
626 2627 672 2655 hic
685 2633 798 2663 propter
812 2628 945 2657 desidiam

157 2679 186 2700 et
204 2673 292 2701 otium
302 2672 405 2700 excidit
427 2672 482 2708 jam
496 2681 512 2700 a
529 2672 615 2706 bono;
647 2679 675 2702 et
689 2675 866 2710 contingitut
882 2684 945 2704 cum

194 2749 217 2766 "
236 2748 332 2777 Matth.
354 2758 390 2784 vr,
411 2753 455 2780 ‘53.
494 2751 516 2766 ⁸⁸
533 2750 585 2777 lsa.
600 2751 710 2784 Lvui,2.

195 2810 249 2846 (57)
266 2810 393 2848 Deripial.
412 2811 502 2843 Forte,
521 2811 643 2846 desipiat.

1006 1531 1122 1558 Domino
1137 1538 1212 1558 nunc
1228 1531 1339 1558 tandem
1353 1538 1402 1565 per
1421 1530 1560 1565 injuriam.
1586 1535 1614 1557 et
1626 1534 1705 1557 eruet
1721 1538 1775 1558 me.

1041 1577 1102 1604 Noli
1112 1584 1219 1609 errare,
1234 1586 1250 1604 ο
1265 1577 1410 1612 insipiens,
1424 1577 1488 1611 quia
1511 1576 1589 1604 labor
1601 1580 1628 1604 et
1644 1575 1730 1604 sudor
1745 1575 1795 1610 qui

1005 1630 1055 1657 pro
1071 1622 1127 1650 Deo
1141 1621 1211 1650 ﬁunt
1223 1623 1250 1650 in
1261 1623 1426 1658 agricultura
1442 1630 1502 1655 sua,
1512 1630 1587 1657 spem
1601 1629 1662 1657 qua:
1676 1622 1704 1649 in
1725 1625 1795 1649 tem-

1004 1676 1072 1703 pore
1086 1668 1202 1704 geritur,
1229 1668 1406 1696 antecedunt.
1426 1667 1454 1695 Si
1472 1668 1562 1695 credis
1585 1668 1612 1694 in
1632 1668 1729 1699 Deum,
1741 1667 1794 1694 be-

1004 1721 1039 1741 ne
1053 1714 1135 1747 facis;
1156 1714 1202 1741 sed
1215 1714 1283 1742 ﬁdes
1301 1719 1363 1749 eget
1382 1714 1523 1749 operibus,
1546 1718 1574 1741 et
1603 1721 1665 1748 spes
1684 1721 1745 1748 qua:
1757 1713 1794 1740 de

1004 1767 1037 1786 eo
1053 1759 1171 1786 habetur
1197 1763 1259 1794 eget
1290 1758 1485 1786 aﬁlictionibus
1498 1758 1531 1785 ad
1556 1758 1682 1785 virtutes.
1698 1757 1790 1785 Credo

1004 1805 1077 1840 quod
1090 1805 1163 1833 Deus
1176 1805 1320 1840 provideat
1336 1804 1472 1832 creaturis
1489 1803 1555 1835 suis,
1567 1809 1594 1830 et
1608 1803 1643 1830 sit
1656 1803 1684 1830 in
1700 1803 1793 1830 omni-

1003 1851 1056 1878 bus
1069 1855 1177 1886 potens.
1199 1851 1252 1879 Sed
1267 1850 1349 1878 ﬁdem
1364 1854 1438 1877 tuam
1467 1854 1598 1883 sequatur
1622 1849 1792 1876 conveniens

1003 1896 1137 1931 operatio,
1152 1901 1180 1924 et
1197 1901 1263 1924 tunc
1277 1895 1406 1923 exaudiet
1430 1899 1467 1922 te.
1484 1894 1545 1922 Noli
1566 1898 1662 1921 tenere
1676 1897 1791 1920 ventum

1003 1944 1031 1970 in
1048 1951 1140 1978 pugno
1168 1947 1226 1975 tuo,
1242 1942 1302 1970 sine
1316 1942 1448 1977 operibus
1461 1941 1591 1968 videlicet
1609 1939 1689 1967 ﬁdem
1704 1944 1790 1967 tuam.

1002 1989 1144 2017 Multoties
1157 1989 1220 2024 quis
1245 1988 1376 2024 ignorans
1393 1986 1514 2015 ambulat
1533 1993 1582 2021 per
1601 1985 1673 2012 viam
1687 1985 1793 2012 haben-

1003 2038 1058 2062 tem
1077 2033 1223 2069 malignam
1240 2033 1337 2066 feram,
1365 2033 1409 2060 vel
1435 2031 1597 2062 homicidas,
1623 2030 1665 2057 vel
1686 2030 1791 2064 aliquid

1003 2079 1162 2107 consimile:
1177 2082 1206 2106 et
1224 2079 1277 2106 hoc
1289 2077 1443 2106 communis
1466 2082 1509 2104 est
1537 2076 1709 2112 providentia
1720 2076 1789 2109 ‘Dei,

1003 2130 1033 2153 ut
1050 2129 1128 2153 eruat
1147 2125 1182 2152 de
1196 2124 1356 2160 hujusmodi
1379 2124 1504 2155 incursu,
1520 2122 1564 2149 vel
1579 2121 1728 2157 praepediat
1739 2121 1792 2148 im-

1002 2175 1096 2207 petum
1111 2171 1219 2198 itineris
1235 2178 1286 2205 per
1311 2170 1417 2204 aliquas
1443 2176 1551 2200 causas,
1564 2175 1709 2202 quousque
1725 2175 1788 2203 per-

1002 2223 1125 2246 transeat
1152 2218 1210 2246 fera
1224 2218 1352 2253 maligna,
1365 2217 1409 2245 vel
1437 2221 1565 2244 occurrat
1586 2216 1613 2244 ei
1629 2216 1739 2251 aliquis,
1759 2221 1791 2244 ut

1001 2264 1036 2292 ab
1052 2264 1152 2292 itinere
1174 2268 1263 2291 vertat
1292 2263 1431 2291 eumdem.
1449 2262 1516 2290 Item
1530 2269 1644 2296 serpens
1671 2269 1789 2296 nequam

1002 2309 1149 2345 aliquando
1164 2309 1304 2336 invenitur
1314 2307 1442 2343 jacensin
1454 2306 1499 2334 via
1512 2311 1540 2334 et
1555 2306 1660 2339 latens;
1676 2310 1705 2333 et
1717 2307 1791 2334 Deus

1002 2355 1099 2382 nolens
1116 2355 1256 2382 hominem
1271 2360 1410 2389 exponere
1420 2351 1491 2380 cladi
1503 2352 1579 2384 huic,
1599 2351 1664 2379 facit
1676 2359 1789 2386 serpen-

1001 2405 1056 2429 tem
1074 2400 1165 2428 subito
1193 2399 1306 2427 sibilare
1331 2402 1359 2426 et
1372 2398 1406 2425 ab
1422 2398 1483 2433 ipso
1497 2397 1559 2424 loco
1582 2397 1724 2427 recedere,
1744 2397 1788 2424 vel

1001 2455 1112 2482 serpere
1129 2453 1222 2474 coram
1237 2453 1286 2478 eo;
1298 2448 1329 2472 ut
1340 2444 1409 2480 ipse,
1426 2444 1525 2471 videns
1537 2444 1625 2475 illum,
1640 2447 1735 2470 caveat
1749 2444 1788 2470 si-

1002 2493 1042 2525 bi,
1057 2497 1087 2519 ut
1101 2497 1217 2520 eruatur
1230 2491 1265 2519 ab
1279 2492 1338 2526 ipso
1365 2498 1448 2526 quem
1465 2490 1546 2517 nobis
1571 2489 1701 2517 infestum
1721 2489 1788 2517 fecit

1001 2545 1093 2573 super,
1114 2542 1227 2573 propter
1248 2537 1355 2565 occulta
1369 2540 1480 2572 peccata
1494 2543 1542 2563 sua
1556 2543 1617 2571 quae
1640 2535 1715 2562 solus
1728 2535 1787 2569 ipse

1000 2584 1087 2612 novit.
1113 2583 1192 2611 Eruit
1208 2587 1298 2611 autem
1322 2583 1412 2618 ipsum
1436 2587 1549 2617 propter
1567 2580 1786 2609 misericordiam

1000 2631 1053 2665 22
1068 2638 1156 2662 suam,
1169 2635 1198 2657 et
1213 2629 1348 2665 contingit
1363 2629 1462 2657 cadere
1476 2628 1589 2655 domum
1601 2631 1629 2654 et
1649 2626 1705 2654 labi
1721 2626 1785 2653 tun-

1000 2677 1075 2705 ditus
1086 2684 1100 2704 a
1115 2677 1176 2704 loco
1189 2684 1250 2708 suo,
1264 2680 1294 2704 et
1308 2679 1398 2703 tamen
1411 2673 1576 2710 quandoque
1588 2680 1637 2708 pro
1650 2680 1699 2699 sua
1709 2679 1786 2700 man-
