1967 3091
79 140 129 171 87

609 143 726 174 LIBER
745 143 794 173 DE
813 143 1040 173 CONTEMPTU
1062 142 1200 173 MUNDL

1655 139 1708 170 858

81 195 126 223 dat
144 195 217 222 Deus
233 193 423 228 misericordia
436 194 543 231 angelo,
563 197 637 231 quod
655 191 714 225 eam
732 197 866 230 detineat,
884 198 904 225 Α
919 197 1005 224 sancti
1017 203 1045 224 et
1059 197 1139 224 fortis
1152 197 1212 224 Dei.
1229 196 1262 223 Et
1273 203 1324 231 ego
1339 195 1465 222 inﬁrmus
1481 195 1545 222 dico
1556 195 1708 222 secundum

82 249 116 270 ne
131 241 248 273 labatur,
262 248 407 276 quousque
425 246 538 277 surgant
551 247 579 269 et
595 243 658 270 inde
674 243 814 273 recedam.
826 244 870 270 vel

82 295 131 323 per
139 286 271 322 quasdam
281 294 378 315 causas
389 288 484 315 educit
498 295 556 321 eos,
564 293 595 315 ut
609 289 703 316 nullus
713 289 871 317 inveniatur

82 333 134 361 sub
152 341 200 366 ea;
212 333 305 360 statim
325 338 415 360 autem
426 335 687 368 pertimescentibus
699 335 872 368 illis,saltem

82 379 216 414 permittit
227 379 355 407 eumdem
370 389 376 406 :
393 380 466 414 quod
482 380 504 407 si
531 381 678 416 contigerit
692 381 812 416 aliquem
826 389 872 408 oc.

83 424 190 460 cupari,
211 425 369 452 conservari
385 425 451 452 facit
466 425 592 458 illaesum,
616 427 746 461 quoniam
767 426 872 453 vultex

84 471 138 499 hoc
156 471 216 498 ﬁeri
243 471 414 498 manifestam
441 472 662 507 magnitudinem
677 480 734 500 sua:
747 472 870 500 virtutis.

83 517 170 551 Igitur
186 520 214 543 et
228 516 385 551 huiusmodi
396 517 552 545 communis
569 522 597 544 et
624 517 760 552 generalis
778 517 873 552 provi-

84 563 178 590 dentia
194 561 241 589 Dei
257 566 332 589 sunt.
349 562 445 590 Justus
469 570 535 590 vero
553 563 776 598 inseparabiliter
790 553 874 590 habet

84 616 161 635 eam:
173 608 332 643 ueterisque
342 608 500 636 hominibus
508 617 572 637 cum
581 610 747 636 discretione
759 609 874 636 manda-

85 654 126 681 vit
140 653 211 681 Deus
225 653 412 689 dispositioni,
426 662 488 689 quae
500 660 626 690 spectant
641 655 675 682 ad
688 663 746 687 eos,
762 661 790 683 et
800 663 876 682 com-

85 707 183 735 parare
195 699 338 727 scientiam
352 700 531 735 providentiae
544 701 603 729 Dei.
617 701 769 737 Sedjustus
781 702 876 736 hujus-

87 745 285 774 modiscicntia
299 754 349 781 pro
357 747 524 774 discretione
537 755 712 774 suorumnon
726 751 798 783 eget,
810 748 875 782 quia

85 791 142 825 jam
160 790 306 825 acquisivit
322 799 373 825 pro
389 791 504 818 scientia
518 791 610 824 ﬁdem,
632 800 682 827 per
697 800 778 828 quam
792 793 877 828 depo—

88 841 137 864 net
149 844 257 863 omnem
274 837 422 864 elationem
436 838 614 866 extollentem
628 846 657 866 se
669 843 766 867 contra
784 839 877 866 scien-

89 881 156 909 tiam
185 882 244 915 Dei,
269 886 297 909 et
320 882 354 910 de
380 883 457 910 nullo
489 891 572 918 supra
595 884 731 911 dictorum
758 885 875 912 timebit.

89 927 228 962 Scriptum
244 931 286 955 est
299 928 384 960 enim,
398 928 471 963 quod
483 929 572 964 justus
593 930 660 956 sicut
672 929 712 956 leo
736 929 876 964 confidit"

89 973 118 1000 in
131 973 258 1001 omnibus
271 983 278 1001 :
295 982 465 1009 praesumens
477 974 569 1008 ﬁdem,
584 983 638 1003 non
650 976 727 1010 quasi
746 976 878 1004 tentando

88 1020 189 1052 Deum,
203 1019 250 1047 sed
266 1020 392 1048 securius
409 1021 443 1048 de
461 1021 520 1056 ipso
532 1026 659 1056 tanquam
671 1027 794 1050 armatus
804 1023 877 1058 quis,

89 1071 119 1094 et
131 1066 246 1094 indutus
275 1065 395 1101 Spiritus
409 1067 497 1094 sancti
524 1067 638 1096 virtute.
652 1068 686 1095 Et
701 1073 804 1103 quanto
820 1077 879 1095 ma-

89 1111 133 1146 gis
153 1111 236 1138 habet
262 1111 401 1139 assiduam
425 1120 488 1140 cum
510 1113 566 1140 Deo
584 1113 761 1141 solitudinem
775 1134 781 1145 ,
803 1118 879 1141 tanto

90 1156 154 1191 plus
167 1160 195 1184 et
209 1156 282 1185 Deus
295 1157 363 1184 dicit
378 1157 412 1185 de
424 1157 484 1193 ipso
497 1167 503 1185 :
518 1157 584 1185 Cum
602 1159 658 1194 ipso
675 1168 734 1186 sum
752 1160 780 1186 in
795 1160 880 1186 tribu-

89 1204 204 1235 latione,
220 1203 332 1239 eripiam
357 1213 428 1237 eum,
444 1209 469 1232 et
494 1205 648 1240 gloriﬁcabo
675 1197 881 1241 eum:'longitu-

90 1250 154 1277 dine
170 1250 273 1277 dierum
289 1250 393 1285 replebo
408 1259 477 1284 eum,
493 1255 518 1278 et
531 1252 668 1279 ostendam
694 1252 736 1279 illi
762 1252 882 1279 salutare

91 1304 181 1323 meum
197 1296 230 1323 “.
243 1295 294 1329 Qui
320 1305 387 1324 vero
399 1297 488 1325 lassus
499 1303 542 1325 est
561 1302 589 1325 et
610 1298 698 1334 piger,
720 1306 776 1325 non
792 1302 882 1333 potest

91 1342 196 1369 habere
219 1342 291 1370 hanc
316 1350 392 1377 spem
414 1343 443 1370 in
467 1351 551 1378 opere
564 1351 630 1376 suo;
653 1344 701 1371 sed
725 1344 772 1379 qui
791 1348 883 1371 manet

91 1389 225 1416 continue
240 1396 303 1416 cum
315 1389 372 1416 Deo
384 1389 412 1416 in
430 1389 568 1422 omnibus,
589 1394 617 1418 et
637 1390 839 1425 appropinquat
857 1390 882 1417 ei

92 1440 208 1467 operum
228 1432 328 1461 decore
340 1441 462 1465 suorum,
477 1439 506 1461 et
521 1434 651 1461 aﬁ‘ectum
673 1434 715 1461 sui
736 1434 829 1462 cordis
850 1434 883 1461 ad

92 1478 157 1513 ejus
165 1478 279 1513 gratiam
292 1477 483 1506 indesinenter
500 1478 634 1511 extendit,
650 1479 723 1506 sicut
739 1478 808 1506 dixit
819 1478 883 1505 bea-

920 243 1035 270 Paulum
1063 243 1137 278 quod
1163 242 1288 276 (emplum
1312 241 1362 268 Dei
1383 249 1473 268 sumus
1484 241 1518 267 θ’.
1547 240 1710 269 Mundo-mus

921 297 986 324 ergo
998 289 1134 323 templum
1145 289 1215 324 ejus,
1231 288 1304 315 sicut
1316 287 1374 322 ipse
1391 286 1511 314 mundus
1531 290 1583 318 est,
1600 290 1630 312 ut
1656 286 1708 312 ha-

921 337 1009 364 bitare
1031 335 1208 370 concupiscat
1238 335 1266 362 in
1290 335 1360 369 ipso.
1395 332 1606 361 Sanctificemus
1630 333 1709 365 illud,

921 383 993 411 sicut
1004 387 1032 410 et
1043 382 1100 417 ipse
1111 385 1222 408 sanctus
1236 385 1287 408 est.
1296 380 1432 408 Ornemus
1442 380 1510 407 illud
1525 385 1633 407 cunctIs
1644 387 1711 414 ope-

923 428 1001 455 ribus
1017 427 1107 458 bonis,
1123 431 1152 454 et
1176 427 1303 462 praetensi
1322 427 1487 462 fumigemus
1511 426 1578 453 illud
1596 426 1713 461 thymia-

923 479 1006 507 mate,
1020 474 1048 501 in
1063 481 1118 509 quo
1135 473 1253 508 quiescit
1271 473 1400 500 voluntas
1415 473 1485 508 ejus,
1499 472 1526 499 id
1539 476 1582 499 est
1593 479 1712 507 pramor-

924 521 989 548 diali
1004 525 1031 548 et
1048 520 1150 547 munda
1171 519 1307 551 oratione,
1323 527 1385 554 quae,
1399 523 1513 554 propter
1539 518 1712 546 saecularium

925 566 1148 594 communionem
1164 565 1269 600 acquiri
1295 573 1350 592 non
1367 569 1468 599 potest.
1492 564 1537 591 Sic
1552 563 1646 598 utique
1664 562 1714 590 ob-

925 612 1064 640 umbrabit
1088 612 1206 639 animam
1236 611 1324 638 nubes
1347 610 1441 646 gloria:
1463 610 1523 641 Dei,
1551 614 1579 637 et
1600 608 1714 643 fulgebit

925 657 1056 693 splendor
1077 656 1227 692 majestatis
1245 656 1306 689 ejus
1319 656 1345 682 in
1368 655 1451 683 corde
1477 653 1714 689 ipsius,etreplc-

926 705 1030 732 buntur
1040 703 1139 738 gaudio
1153 707 1180 730 et
1204 702 1298 729 laetitia
1317 709 1412 728 omnes
1438 701 1610 727 habitatores
1625 699 1716 726 taber-

926 748 1017 776 naculi
1035 748 1101 775 Dei:
1116 748 1249 775 efl'rontes
1268 754 1334 774 vero
1351 750 1378 774 et
1396 745 1573 773 inverecundi
1586 744 1716 772 deﬁcient

927 795 955 822 in
970 794 1078 821 ﬂamma
1095 792 1213 827 Spiritus
1228 791 1326 819 sancti.

964 840 1121 874 lmpropcra
1135 838 1196 869 tibi,
1212 846 1228 865 ο
1255 838 1350 870 frater,
1365 844 1476 871 semper
1496 836 1606 863 dicens:
1619 834 1642 863 0
1655 835 1714 862 ani—

928 893 972 912 ma
984 884 1094 916 misera,
1108 882 1252 910 dissolutio
1265 885 1311 909 tua
1326 889 1341 908 a
1356 889 1471 916 corpore
1496 880 1715 915 appropinquat;

928 936 1013 964 quare
1035 927 1182 955 delectaris
1212 927 1238 954 in
1270 926 1304 953 iis
1320 933 1380 961 qua:
1397 925 1482 953 debes
1499 925 1581 952 hodie
1595 925 1718 952 derelin-

929 982 1025 1010 quere,
1057 978 1086 1001 et
1107 982 1122 1000 a
1141 980 1259 1008 quorum
1279 975 1391 1006 aspectu
1413 970 1584 998 abstraheris
1598 970 1625 996 in
1639 975 1719 997 aster-

929 1020 1146 1050 num?Attende
1172 1027 1233 1054 quae
1251 1021 1315 1045 sunt
1332 1021 1396 1044 ante
1424 1020 1462 1046 te.
1491 1019 1519 1043 et
1542 1015 1632 1050 cogita
1658 1021 1719 1048 qua:

929 1073 1042 1104 operata
1074 1075 1114 1098 es,
1143 1066 1234 1101 qualia
1251 1068 1325 1095 sunt,
1349 1067 1378 1090 et
1405 1069 1535 1097 cumquo
1557 1063 1718 1088 conversata

929 1124 960 1144 es
979 1114 1108 1142 omnibus
1116 1112 1213 1140 diebus
1221 1111 1284 1138 vita:
1300 1114 1368 1142 tuac;
1386 1116 1435 1136 seu
1448 1108 1510 1142 quis
1522 1106 1645 1134 laborem
1656 1112 1721 1139 ope-

931 1160 1046 1188 rationis
1060 1163 1114 1186 tuze
1132 1157 1247 1191 recepit,
1261 1160 1290 1183 et
1309 1162 1390 1190 quem
1418 1154 1445 1180 in
1475 1159 1566 1188 pugna
1584 1155 1630 1178 tua
1650 1150 1720 1177 lmti-

931 1206 1029 1237 ﬁcasti,
1059 1209 1089 1231 ut
1115 1207 1195 1230 exeat
1222 1202 1249 1228 in
1266 1208 1384 1228 occursu
1409 1204 1457 1226 tuo
1485 1202 1610 1232 tempore
1630 1196 1722 1223 exitus

932 1252 983 1284 tui,
998 1255 1027 1279 et
1055 1257 1136 1286 quem
1166 1247 1309 1276 delectasti
1327 1247 1354 1273 in
1380 1252 1498 1273 occursu
1523 1247 1580 1276 tuo,
1597 1243 1624 1269 in
1641 1246 1722 1277 partu

932 1299 992 1334 ejus
1009 1298 1150 1332 quiescas:
1166 1295 1246 1330 cujus
1262 1293 1348 1329 gratia
1372 1290 1524 1319 laborando
1543 1293 1569 1316 te
1589 1287 1720 1319 alllixisti,

934 1332 963 1370 ut
981 1341 1127 1377 pervenias
1146 1340 1179 1367 ad
1193 1346 1256 1366 eum
1273 1346 1336 1365 cum
1357 1336 1469 1371 gaudio,
1485 1342 1567 1370 quam
1580 1332 1723 1367 acquisisti

933 1388 1090 1415 mercedem
1114 1386 1222 1414 solvere
1237 1384 1265 1411 in
1282 1391 1381 1411 occasu
1397 1382 1464 1409 solis
1477 1387 1604 1408 recessus
1616 1379 1666 1406 tui.
1682 1379 1723 1405 Tu

933 1434 1075 1463 sciscitare
1089 1440 1104 1460 a
1117 1431 1271 1465 temetipsa,
1285 1438 1301 1457 ο
1320 1429 1422 1460 anima,
1441 1426 1581 1458 etvideas,
1595 1425 1629 1452 ad
1642 1432 1724 1460 quam

935 1485 1034 1508 terram
1047 1484 1088 1507 est
1105 1477 1237 1513 projectio
1245 1481 1300 1503 tua.
1312 1475 1388 1508 Quod
1411 1474 1433 1501 si
1446 1471 1619 1508 pertransisti
1631 1478 1726 1506 agrum

93 1529 142 1552 tus
155 1524 258 1551 David:
276 1524 434 1559 Defecerunt
445 1524 514 1552 oculi
529 1526 591 1557 mei,
615 1525 679 1552 dum
694 1532 829 1561 sperarem
856 1525 884 1552 in
900 1540 922 1570 ε
936 1525 1148 1554 fructiﬁcantem
1161 1523 1188 1550 in
1204 1521 1386 1550 amaritudine
1399 1518 1514 1548 cultoris
1525 1518 1576 1550 tui,
1591 1518 1678 1545 clama
1701 1520 1730 1543 et

94 1570 152 1598 Deo
172 1579 228 1598 meo
243 1571 277 1598 ⁶¹.

361 1627 475 1656 CAPUT
502 1627 621 1655 XXVIII.

222 1683 261 1711 De
274 1684 346 1711 luctu
363 1688 388 1711 et
403 1683 500 1718 labore
518 1692 578 1711 cum
596 1685 761 1711 discretione.

135 1740 204 1769 Cum
214 1741 393 1769 dilexerimus
417 1749 433 1768 a
456 1741 560 1768 mundo
583 1741 677 1776 fugere
702 1745 730 1768 et
749 1739 889 1775 peregrini

99 1787 162 1815 ﬁeri
186 1795 202 1815 a
220 1787 378 1820 mundanis,
402 1787 472 1814 nihil
495 1787 532 1814 ita
559 1791 670 1822 separat
688 1794 739 1814 nos
756 1794 771 1813 a
786 1785 891 1813 mundo

100 1841 155 1861 nec
177 1833 325 1861 mortiﬁcat
351 1833 417 1861 vitia
450 1837 545 1860 nostra
575 1833 696 1860 carnalia
723 1836 752 1860 et
771 1832 892 1859 viviﬁcat

101 1879 269 1915 spiritualia,
299 1879 371 1907 sicut
394 1879 487 1907 luctus
501 1884 529 1906 et
545 1878 623 1906 labor
633 1886 697 1906 cum
723 1878 892 1906 discretione

103 1925 288 1960 praecoruliali.
302 1925 398 1952 Facies
411 1924 484 1952 enim
497 1923 648 1951 verecundi
665 1923 790 1951 imitatur
802 1924 894 1951 humi-

103 1971 209 1999 litatem
220 1971 326 1998 dilecti.
339 1971 412 1998 Nihil
424 1970 490 1998 facit
506 1978 557 1998 nos
565 1971 592 1997 in
608 1970 708 1998 saeculo
726 1971 894 2002 conversari,

104 2022 134 2045 et
153 2025 216 2044 eum
230 2017 316 2044 ebriis
326 2017 477 2044 luxuriosis
493 2017 540 2051 qui
552 2022 617 2044 sunt
629 2017 657 2043 in
671 2024 715 2048 eo,
730 2022 758 2044 et
769 2016 837 2043 nihil
856 2016 895 2043 sic

105 2071 159 2091 nos
169 2068 278 2098 separat
291 2071 306 2091 a
316 2064 454 2090 thesauris
463 2063 604 2098 sapientiae
613 2070 645 2090 ac
657 2063 779 2090 scientiae
794 2063 842 2090 Dei
852 2071 895 2090 sc-

106 2114 258 2142 cretorum;
278 2110 350 2138 sicut
366 2111 449 2142 risus,
460 2109 512 2136 hoc
529 2114 571 2137 est
599 2109 759 2136 adinventio
780 2108 898 2136 fornica-

107 2156 203 2184 tionis.
236 2156 270 2183 Et
289 2156 418 2191 quoniam
451 2156 563 2191 percepi
578 2156 780 2191 philosophiam
810 2160 896 2188 tuam,

937 1571 1058 1600 vocifera
1076 1571 1103 1597 in
1118 1569 1220 1605 gemitu
1238 1573 1266 1595 et
1293 1567 1442 1597 anxietate,
1461 1573 1522 1600 qum
1544 1572 1628 1599 super
1641 1563 1728 1590 sacri-

939 1618 1000 1645 ﬁcia
1013 1620 1040 1644 et
1055 1616 1213 1643 holocausta
1245 1613 1355 1648 placant
1366 1613 1514 1639 Dominum
1534 1610 1620 1637 Deum
1638 1615 1729 1636 tuum.

938 1662 1076 1691 Produeat
1089 1660 1234 1688 dolorosas
1249 1666 1340 1690 voces,
1360 1656 1462 1692 quibus
1476 1654 1565 1682 sancti
1580 1653 1669 1689 angeli
1683 1653 1732 1680 de-

939 1709 1086 1736 lectantur.
1109 1705 1184 1740 Unge
1208 1711 1292 1739 genas
1314 1708 1375 1730 tuas
1391 1699 1530 1736 lacrymis,
1552 1702 1581 1726 ut
1605 1705 1688 1733 super
1705 1702 1732 1724 te

941 1753 1061 1789 Spiritus
1079 1754 1191 1782 sanctus
1206 1748 1372 1783 requiescat,
1402 1751 1430 1773 et
1454 1745 1548 1772 abluat
1565 1749 1590 1771 te
1613 1751 1628 1770 a
1643 1742 1734 1770 sordi-

942 1800 995 1827 bus
1014 1797 1124 1825 malitiae
1139 1801 1201 1823 tum.
1219 1795 1272 1822 Fac
1294 1793 1343 1820 tibi
1361 1791 1511 1828 propitium
1525 1798 1573 1825 por
1599 1789 1733 1823 laerymas

942 1845 1040 1875 Deum,
1057 1847 1087 1870 ut
1101 1842 1134 1869 ad
1151 1845 1176 1867 te
1188 1839 1291 1867 veniat.
1307 1839 1395 1865 Invita
1405 1836 1517 1864 Mariam
1525 1834 1692 1862 etlllartham
1703 1837 1733 1859 ut

944 1891 1083 1918 luctuosas
1091 1894 1171 1914 voces
1180 1890 1205 1913 te
1214 1884 1430 1915 doceant,clama
1437 1882 1470 1909 ad
1481 1881 1627 1908 Dominum
1636 1884 1663 1906 et
1673 1879 1732 1906 die:

1227 1939 1339 1968 CAPUT
1358 1938 1457 1966 XXIX.

1236 1997 1328 2026 Oratio
1346 1996 1450 2023 devota.

983 2058 1108 2089 Domine,
1123 2055 1170 2091 qui
1200 2061 1283 2089 super
1305 2052 1438 2079 Lazarum
1454 2048 1580 2085 plorasti,
1610 2052 1638 2076 et
1654 2055 1738 2082 super

951 2113 1016 2132 eum
1034 2104 1172 2138 lacrymas
1189 2105 1242 2127 tua).
1255 2096 1457 2132 compassionis
1474 2093 1596 2122 eﬂ'udisti
1609 2113 1616 2125 ,
1630 2093 1738 2127 suscipe

950 2153 1085 2187 lacrymas
1117 2145 1312 2175 amaritudinis
1343 2151 1434 2174 meae,
1471 2140 1648 2177 passionibus
1685 2138 1741 2166 tuis

107 2203 208 2234 amice,
223 2210 289 2237 rogo
303 2203 365 2230 tein
376 2202 519 2235 charitate,
532 2184 562 2229 ut
577 2184 674 2229 caveas
689 2202 736 2229 tibi
749 2202 784 2229 ab
799 2201 899 2229 amico-
917 2206 939 2233 D
953 2197 1096 2234 passiones
1113 2201 1187 2222 meas
1201 2200 1277 2224 sana,
1293 2189 1456 2237 vulneribus
1484 2188 1538 2214 tuis
1553 2185 1664 2213 medere
1681 2184 1741 2237 vul-

108 2255 172 2274 rum
190 2247 301 2274 incursu
311 2268 318 2279 ,
341 2255 375 2274 ne
388 2247 536 2274 verborum
550 2246 731 2274 etfrenatione
746 2247 900 2282 frigefacias

107 2293 230 2320 animam
248 2298 344 2320 tuama
354 2293 445 2320 calore
461 2294 603 2321 charitatis
620 2292 733 2325 Christi,
750 2293 797 2328 qui
810 2301 860 2327 pro
875 2298 900 2320 te

109 2339 145 2368 lel
163 2340 283 2375 gustavit
308 2339 336 2366 in
349 2339 423 2374 ligno
447 2340 547 2372 crucis,
575 2343 603 2367 et
629 2340 692 2367 loco
717 2338 792 2366 illius
813 2338 902 2366 dulcis

109 2385 300 2414 meditationis
314 2390 342 2413 et
353 2386 510 2414 securitatis
524 2386 557 2413 ad
571 2386 668 2418 Deum,
679 2385 812 2420 replearis
830 2386 902 2412 mul-

111 2438 204 2460 torum
220 2432 441 2467 plIantasnIatum
454 2433 622 2460 obscuritate
636 2433 767 2468 vigilante
779 2441 785 2465 ;
799 2436 824 2459 te
837 2439 901 2459 vero

111 2478 280 2505 dormitante
296 2478 532 2505 irrationabilibus
549 2478 665 2505 somniis
673 2482 823 2512 occupetur
842 2476 900 2503 ani-

112 2532 169 2557 ma,
184 2532 303 2559 quorum
329 2524 455 2552 fmtorem
477 2517 564 2552 sancti
590 2523 678 2559 angeli
694 2523 832 2551 sustinere
848 2530 902 2549 non

114 2575 240 2606 possunt,
259 2574 287 2598 et
300 2571 340 2599 sic
355 2570 404 2598 ﬁas
418 2570 479 2598 aliis
491 2570 641 2597 ludibrium
660 2573 688 2596 et
700 2569 829 2596 stimulus
842 2568 901 2596 tibi.

113 2615 255 2651 Compelle
295 2615 470 2651 temetipsum
500 2620 530 2643 ut
561 2615 678 2643 imiteris
720 2614 904 2642 humilitatem

113 2661 230 2693 Christi,
244 2666 274 2689 ut
287 2662 357 2698 ignis
378 2662 545 2690 accendatur
561 2661 608 2696 qui
620 2665 661 2688 est
674 2661 700 2687 in
716 2665 741 2687 te
757 2660 906 2694 inspiratus

117 2707 152 2735 ab
165 2707 234 2743 ipso,
254 2717 281 2735 III
292 2716 347 2743 quo
355 2708 532 2736 cradicantur
544 2707 700 2743 huiusmodi
709 2706 801 2734 smeuli
817 2710 907 2732 motus

117 2754 166 2789 qui
181 2754 352 2782 interﬁciunt
366 2755 506 2782 hominem
519 2761 631 2785 novum,
650 2757 678 2780 et
695 2752 821 2787 polluunt
838 2751 906 2778 atria

155 2826 177 2843 "
193 2825 273 2852 Prov.
293 2832 384 2856 χχι-ιιι,
416 2824 439 2850 ι.
495 2823 516 2838 ⁶⁰
535 2822 633 2850 Psalm.
655 2829 697 2852 xc,
727 2820 768 2852 lii,
793 2819 831 2846 l6.

121 2861 144 2877 ⁸³
159 2861 237 2888 Joan.
253 2867 298 2893 xII,
311 2859 354 2886 52.

872 2819 891 2833 “
912 2817 1011 2845 Psalm.
1033 2822 1122 2843 LXVIII.
1139 2816 1164 2840 ιι.

953 2229 1013 2270 heri
1034 2249 1105 2271 meo,
1120 2239 1254 2274 sanguine
1270 2241 1317 2264 tuo
1331 2234 1495 2270 sanguinem
1514 2239 1605 2259 meum
1626 2229 1739 2261 munda,

953 2292 981 2315 et
995 2273 1302 2319 contemperacorpori
1321 2287 1383 2307 meo
1413 2276 1516 2305 viviﬁci
1545 2274 1671 2310 corporis
1701 2273 1741 2300 tui

954 2334 1079 2361 odorem.
1100 2330 1147 2358 Fel
1159 2337 1215 2364 quo
1227 2328 1262 2355 ab
1280 2325 1400 2353 inimicis
1421 2327 1532 2359 potatus
1561 2329 1602 2354 es,
1633 2320 1742 2348 dulcem

956 2379 1056 2408 reddat
1071 2378 1190 2405 animam
1211 2382 1300 2402 meam
1315 2373 1349 2400 ab
1367 2370 1565 2400 amaritudine,
1585 2375 1668 2404 quam
1689 2367 1743 2393 Ini-

957 2426 985 2452 hi
1000 2423 1126 2451 inimicus
1137 2419 1313 2448 adversarius
1336 2415 1502 2451 propinavit.
1531 2413 1639 2448 Corpus
1666 2417 1744 2438 tuum

956 2470 1029 2507 quod
1046 2470 1073 2497 in
1087 2468 1162 2503 ligno
1177 2465 1268 2494 crucis
1291 2467 1436 2490 extensum
1459 2465 1512 2492 est,
1528 2459 1644 2486 extollat
1665 2457 1698 2484 ad
1719 2461 1745 2484 te

958 2505 1076 2545 mentem
1092 2521 1179 2541 meam
1189 2520 1250 2547 qua:
1260 2519 1274 2538 a
1283 2508 1454 2537 dannonibus
1469 2511 1512 2534 est
1525 2505 1639 2533 inferius
1648 2508 1744 2531 tracta.

956 2564 1046 2599 Caput
1070 2565 1147 2589 tuum
1172 2558 1245 2594 quod
1270 2557 1297 2583 in
1313 2555 1406 2583 crucis
1437 2551 1562 2588 patibulo
1592 2550 1745 2599 reclinasti.

957 2595 1045 2644 erigat
1062 2610 1247 2641 caputmeum
1258 2602 1292 2629 ab
1304 2599 1424 2628 inimicis
1446 2597 1659 2633 colaphizatum.
1677 2595 1748 2623 Cru-

959 2655 1046 2683 ciﬁxte
1065 2653 1151 2681 clavis
1165 2649 1346 2679 sanctissimae
1360 2653 1458 2674 manus
1474 2650 1526 2672 tua:
1542 2644 1688 2672 sublevent
1705 2649 1748 2669 me

960 2702 993 2729 ad
1009 2707 1035 2728 te
1052 2700 1086 2727 de
1102 2697 1263 2726 confusione
1279 2693 1452 2729 perditionis,
1469 2691 1541 2718 sicut
1554 2698 1585 2718 os
1601 2694 1678 2717 tuum
1687 2696 1750 2715 sane

961 2746 1116 2775 ctissimum
1131 2741 1290 2778 repromisit
1300 2741 1332 2766 “.
1347 2738 1441 2766 Facies
1459 2741 1505 2764 tua
1520 2744 1580 2771 quae
1603 2735 1694 2770 alapas
1707 2741 1751 2760 re-

1205 2811 1248 2837 “l
1270 2810 1332 2836 Car.
1366 2815 1404 2836 III.
1438 2807 1487 2838 l6;
1509 2805 1530 2832 ll
1561 2804 1625 2831 Cor.
1646 2811 1682 2834 η,
1708 2802 1748 2828 l6.
