1967 3091
203 110 259 143 859

897 114 927 144 S.
950 112 1072 142 ISAACI
1093 113 1179 142 SYRI

1791 109 1848 139 853

206 167 318 202 cepitet
333 167 561 201 eonsputalioues
583 175 598 193 a
626 167 789 198 maledictis,
802 167 933 194 clariftcet
959 167 998 194 fa-
1013 169 1036 196 A
1049 167 1151 194 clamat
1167 176 1172 193 :
1189 166 1276 194 Sitivit
1293 175 1383 194 amma
1401 174 1458 194 mea
1475 166 1509 192 ad
1521 165 1606 192 Deum
1622 165 1718 199 fontem
1735 164 1822 190 uirum
1837 172 1848 190 .-

206 215 277 241 eiem
308 220 397 240 meam
420 212 613 247 iniquitatibus
636 212 815 240 sordidatam.
832 213 929 240 Anima
953 217 1000 240 tua

208 267 291 294 quam
309 258 445 287 tradidisti
460 258 588 293 primitus
601 259 737 286 exsistens
756 259 784 286 in
803 266 898 290 cruce,
914 258 1002 286 dedu-

209 309 253 332 cat
270 311 313 331 me
325 303 358 331 ad
377 307 402 331 te
418 304 444 332 in
465 304 553 338 gloria
584 308 639 331 tua.
668 304 728 332 Non
761 303 849 331 habeo
880 312 929 331 cor
953 304 1001 331 do-

209 350 268 376 lens
281 349 315 376 ad
341 349 520 383 quaerendum
551 354 588 382 te,
612 357 668 376 non
698 349 786 376 habeo
809 349 1000 384 pccnitentiam

209 403 298 430 neque
315 395 566 429 eompunctionem,
582 403 641 430 qua:
653 395 788 422 reducunt
799 394 870 422 ﬁlios
879 395 912 422 ad
925 403 1002 422 suam

209 441 477 468 htereditatem.Non
490 441 589 473 habeo,
607 441 730 472 Domine,
747 441 882 476 laerymas
902 441 1002 475 depre-

209 486 326 514 cabiles:
352 486 549 514 obtenebratus
570 490 612 513 est
631 486 657 513 in
685 486 865 513 saecularibus
894 486 1002 513 animus

211 538 300 562 meus.
330 539 381 558 nec
411 535 503 566 potest
533 531 567 558 ad
584 535 610 558 te
639 531 775 566 respicere
801 531 826 558 in
847 532 953 564 dolore,
976 536 1003 559 et

210 577 282 604 aruit
293 585 340 604 cor
353 585 444 603 meum
455 584 471 604 a
493 577 671 604 multitudine
687 578 883 609 teutatiouum,
897 585 948 604 nec
969 585 1002 605 eo

211 626 302 657 potest
310 621 431 649 calefieri
445 622 574 658 laerymis
589 626 642 650 tuae
654 622 821 650 dulcedinis.
834 622 898 654 Sed,
912 631 927 650 ο
939 623 1002 650 Jesu

209 668 330 701 Christe,
350 668 478 696 thesaure
493 669 642 702 bonorum,
669 669 759 696 tribue
780 669 848 696 mihi
864 669 1003 704 poeniten-

213 715 277 741 tiam
295 714 456 749 perfectam,
486 723 534 742 eor
549 715 665 748 dolens,
698 721 728 743 ut
742 724 776 743 ex
794 724 827 743 eo
857 723 1002 751 properem

212 761 302 787 anima
328 760 361 787 ad
391 761 571 795 quaarendum
599 765 640 788 te:
663 770 726 789 nam
745 762 805 789 sine
834 762 908 789 omni
932 762 1004 789 bono

212 806 365 833 alienabor.
376 807 412 833 Da
423 807 490 834 mihi
502 815 578 843 ergo,
590 807 655 835 Jesu
664 808 782 840 Christe,
793 809 908 843 gratiam
919 813 1003 835 tuam.

214 852 296 879 Pater
311 852 358 887 qui
378 857 404 881 te
420 853 551 888 produxit
563 853 597 881 de
618 853 680 881 sinu
694 861 745 882 suo
762 854 932 881 aeternaliter
947 854 1008 881 sine

213 901 347 932 tempore,
363 898 475 925 innovet
500 898 527 926 in
556 906 599 926 me
621 899 712 926 lumen
733 899 859 934 imaginis
873 903 936 926 true.
954 899 1006 925 De-

214 944 314 979 reliqui
340 945 392 980 23
423 949 459 975 te.
478 953 532 972 non
561 953 604 973 mc
621 945 815 980 derelinquas:
833 945 906 973 exivi
928 953 943 972 a
971 949 1007 977 te,

213 990 257 1017 exi
271 990 304 1017 ad
320 990 499 1025 quaerendum
526 999 580 1022 me,
592 995 620 1018 et
642 991 770 1018 introduc
786 999 828 1018 me
861 991 888 1018 in
907 999 1007 1026 pascua

215 1040 261 1062 tua
273 1044 280 1068 ;
291 1043 463 1064 connumera
476 1044 519 1064 me
529 1037 626 1064 ovibus
640 1037 736 1064 electis
748 1037 827 1064 ovilis
838 1037 888 1070 tui,
905 1041 933 1064 et
944 1045 1009 1064 eon-

214 1081 314 1109 stituas
327 1089 370 1109 me
383 1089 446 1108 cum
457 1082 498 1109 eis
511 1083 538 1109 in
558 1087 650 1117 partes
662 1082 821 1110 divitiarum
837 1088 1007 1110 secretorum

216 1131 337 1158 tuorum,
353 1135 469 1162 quorum
488 1131 531 1155 est
556 1128 746 1155 habitaculum
770 1136 817 1155 cor
835 1128 1007 1162 mandatum,

215 1178 242 1200 et
258 1172 285 1199 in
300 1173 360 1208 ipso
375 1173 503 1201 videatur
520 1173 653 1208 splendor
668 1175 870 1202 revelationum
884 1178 1007 1208 tuarum,

215 1226 275 1253 quae
293 1223 358 1246 sunt
372 1219 523 1246 consolatio
549 1225 576 1246 et
597 1219 768 1254 refrigerium
789 1228 884 1247 eorum
910 1221 957 1255 qui
970 1221 1009 1248 la-

215 1264 384 1291 boraverunt
413 1272 462 1299 pro
490 1269 516 1292 te
534 1264 561 1291 in
583 1265 810 1292 tribulationibus
825 1269 852 1292 et
872 1266 1009 1292 omnimo-

215 1310 258 1337 dis
291 1310 502 1342 alllictionibus;
522 1311 623 1345 quibus
640 1310 715 1346 digni
735 1311 936 1338 constituamur
948 1320 1010 1347 gra-

217 1356 253 1383 tia
269 1361 296 1383 et
309 1356 411 1391 pietate
438 1355 590 1383 Salvatoris
618 1357 705 1383 nostri
723 1361 788 1384 tunc
809 1361 837 1385 ct
869 1357 897 1384 in
915 1357 1009 1386 futuro

215 1403 327 1431 saeculo.
341 1402 437 1430 Amen.

504 1471 617 1499 CAPUT
639 1470 723 1497 XXX.

361 1526 435 1559 Quod
452 1525 601 1553 sollicitudo
620 1526 729 1561 impedit
743 1527 868 1562 quietem.

256 1581 344 1609 Homo
363 1581 456 1608 multte
474 1580 670 1608 sollicitudinis
687 1581 762 1608 mitis
779 1586 806 1609 et
822 1583 934 1617 quietus
950 1591 1010 1611 esse

218 1636 272 1655 non
290 1632 390 1662 potest,
405 1627 471 1662 quia
485 1627 643 1654 necessario
656 1635 748 1655 causa:
762 1636 854 1655 rerum
871 1629 898 1656 iu
911 1629 1012 1664 quibus

219 1673 326 1705 studet,
341 1673 510 1707 compellunt
530 1680 592 1700 eum
613 1673 729 1700 invitum
750 1679 778 1701 et
799 1675 962 1702 renitentem
983 1675 1012 1702 in

220 1719 288 1754 ipsis
321 1719 442 1751 morari,
471 1725 500 1747 et
529 1720 694 1754 disperdunt
723 1721 952 1755 tranquillitatem
984 1725 1012 1748 et

220 1766 425 1802 quietudinem.
446 1766 530 1793 Decet
551 1774 617 1801 ergo
654 1767 681 1793 in
704 1767 831 1801 opposito
850 1768 944 1794 vultus
963 1767 1012 1794 Dci

220 1816 344 1839 statuere
367 1812 545 1846 semetipsum
556 1833 563 1844 ,
579 1817 607 1839 et
624 1812 658 1839 ad
676 1821 739 1839 eum
758 1812 906 1840 extendere
923 1813 1012 1840 visum

222 1866 319 1890 suum,
337 1858 360 1884 si
385 1863 504 1884 mentem
532 1866 609 1885 suam
632 1858 691 1885 vult
715 1865 781 1886 vere
806 1859 961 1891 custodire,
981 1867 1014 1887 ac

222 1911 322 1939 pravos
337 1909 428 1930 motus
442 1903 489 1938 qui
499 1903 527 1931 in
537 1904 594 1938 ipsa
610 1903 756 1938 pullulant,
770 1904 932 1937 emundare,
947 1913 1013 1932 uec—

223 1956 279 1976 nou
299 1949 442 1976 addiscere
460 1956 522 1975 cum
541 1949 742 1984 cogitationum
763 1950 963 1984 tranquillitate
984 1954 1014 1978 ut

223 1995 367 2021 discernat
385 1993 568 2029 ingredientia
589 1999 617 2021 et
632 1994 817 2029 egredientia,
835 1995 900 2030 quia
921 1997 1013 2023 multae.

223 2041 422 2074 occupationes
443 2045 509 2067 sunt
527 2042 555 2067 in
577 2046 768 2075 argumentum
788 2041 934 2070 laxationis
953 2050 1013 2069 mo-

225 2086 307 2113 nachi
324 2090 422 2113 contra
440 2087 628 2120 operationem
647 2087 838 2114 mandatorum
856 2087 973 2120 Christi,
986 2093 1014 2115 et

225 2132 411 2159 manifestatio
425 2139 539 2159 suorum
556 2132 715 2160 defectuum
732 2133 759 2160 in
774 2127 887 2161 divinis.
901 2135 958 2162 Nisi
977 2135 1015 2163 sis

224 2179 284 2205 sine
297 2178 497 2210 sollicitudine,
509 2178 603 2205 lumen
618 2179 646 2205 in
661 2179 753 2206 anima
767 2183 813 2207 tua
828 2188 882 2207 non
895 2189 1012 2215 qumras,
1031 2179 1051 2206 D

227 2232 319 2259 neque
333 2225 560 2259 tranquillitatem
576 2230 622 2252 aut
634 2226 824 2260 quietudinem
839 2226 865 2253 in
879 2227 1016 2255 laxatione

224 2278 369 2301 sensuum,
390 2271 433 2297 vel
456 2271 613 2306 ubicunque
632 2277 725 2299 manet
745 2272 890 2307 occupatio
911 2281 1014 2300 rerum.

224 2317 264 2344 Ne
283 2317 454 2351 multiplices
474 2317 522 2344 tiui
544 2317 756 2351 occupationes,
771 2322 799 2345 et
817 2325 869 2344 non
889 2318 1017 2346 invenies

225 2363 254 2389 in
283 2362 411 2390 oratione
435 2367 481 2389 tua
507 2362 713 2389 concussiones.
734 2362 802 2390 Nam
823 2362 883 2390 sine
909 2363 1018 2390 assidua

226 2408 351 2436 oratione
365 2408 589 2443 appropinquare
603 2409 659 2436 Deo
675 2416 730 2435 non
746 2413 825 2443 potes
841 2417 848 2435 τ
864 2413 927 2443 post
942 2409 1017 2436 labo-

227 2463 284 2480 rem
299 2462 367 2482 vero
381 2454 531 2485 orationis,
545 2454 569 2481 si
584 2454 670 2481 menti
688 2454 771 2482 fuerit
785 2455 838 2481 alia
855 2455 1017 2483 sollicitudo

229 2501 319 2532 iilata,
337 2501 502 2536 operabitur
520 2500 548 2527 in
567 2500 626 2535 ipsa
645 2500 844 2535 dispersionem
865 2510 871 2528 :
891 2502 1018 2537 laerynue

227 2556 259 2574 ειτ-
276 2547 422 2581 percussio
435 2547 536 2583 capitis
552 2548 579 2574 in
597 2547 750 2574 orationem
761 2569 767 2580 ,
782 2555 834 2575 nec
848 2556 904 2575 non
921 2549 1017 2576 volun-

228 2596 313 2619 tatem
328 2591 356 2619 iu
370 2597 444 2619 terra
458 2600 521 2620 cum
537 2593 646 2620 fervore
660 2593 885 2627 expergefaeiunt
898 2593 1018 2621 calorem

228 2637 386 2665 dulcedinis
409 2645 465 2666 sua:
485 2639 559 2666 intus
581 2639 609 2665 in
638 2639 735 2671 corde,
754 2642 782 2666 et
804 2646 866 2665 cum
887 2639 1019 2667 laudabili

231 2685 333 2712 utentis
353 2692 466 2712 excessu
491 2686 662 2712 transvolvat
685 2685 740 2720 (58)
761 2693 810 2712 cor
829 2684 862 2712 ad
884 2685 971 2713 Deum
992 2691 1020 2713 et

264 2742 285 2758 ”
299 2745 369 2774 Psal.
383 2753 437 2778 xu,
450 2745 475 2772 3.

266 2801 322 2833 (38)
335 2801 516 2829 Tramuolunt.
534 2801 623 2828 Forte.
642 2801 800 2828 transvolat.

268 2837 324 2872 (59)
341 2837 425 2864 Satio.
445 2836 578 2871 F0rte,ﬁt
604 2837 681 2863 sntio.
703 2837 734 2863 Et
756 2845 827 2869 mox,
849 2837 893 2863 sed
913 2845 935 2864 si
956 2836 1066 2863 caveris.

1054 214 1161 248 quando
1179 214 1283 240 veniam
1301 218 1325 239 et
1340 212 1472 248 apparebo
1490 217 1552 238 ante
1569 211 1662 246 [aciem
1680 209 1726 236 Dei
1737 209 1777 236 "'3
1792 208 1848 242 Qui

1055 259 1089 286 de
1107 259 1159 287 hoc
1177 259 1241 287 vino
1259 259 1343 291 bibit,
1359 263 1387 286 et
1404 262 1499 293 postea
1517 258 1641 292 privatus
1658 262 1699 284 est
1716 264 1766 287 eo.
1786 257 1848 291 ipse

1055 306 1130 334 Solus
1148 305 1226 332 novit
1244 310 1346 340 quanta
1364 304 1478 332 miseria
1494 307 1656 338 oecupatur,
1673 307 1700 330 et
1717 302 1784 338 quid
1803 307 1849 330 est

1055 352 1175 379 ablatum
1191 352 1226 378 ab
1241 359 1274 379 eo
1291 356 1404 386 propter
1418 351 1584 377 laxationem
1599 349 1651 377 sui.

1056 431 1061 435 _
1091 397 1113 425 0
1127 406 1208 432 quam
1226 398 1327 424 malum
1348 396 1509 424 hominibus
1524 401 1566 423 est
1580 399 1710 430 aspectus
1726 399 1754 422 et
1770 395 1849 422 locu-

1058 444 1111 476 tio,
1129 444 1183 471 illis
1208 444 1338 471 omnibus
1363 443 1410 478 qui
1435 445 1636 470 conversantur
1656 440 1794 468 veraciter
1818 441 1846 467 in

1056 490 1206 517 solitudine
1223 490 1284 524 plus
1298 490 1385 517 multo
1400 496 1481 523 quam
1497 488 1552 514 illis
1576 487 1625 522 qui
1639 490 1705 514 sunt
1719 495 1734 513 a
1750 487 1850 513 solitu-

1057 533 1121 562 dine
1139 535 1273 569 colligatil
1292 534 1362 566 Quia
1380 534 1451 561 sicut
1467 533 1618 560 vehemens
1634 531 1737 566 glacies
1754 531 1850 558 subito

1057 583 1183 610 incidens
1197 581 1404 608 summitatibus
1418 581 1575 615 plantarum
1592 578 1714 605 desiceat
1730 585 1776 604 eas
1786 598 1792 609 ,
1811 577 1850 604 ita

1057 629 1195 663 colloquia
1210 627 1369 660 hominum,
1384 626 1511 661 quamvis
1528 625 1641 652 omnino
1657 624 1753 651 brevia
1777 624 1849 655 sitit,

1057 679 1085 702 et
1107 678 1240 710 putentur
1263 673 1298 701 ad
1322 673 1427 700 bonum
1451 672 1573 707 prolata,
1594 671 1733 697 desiccant
1757 673 1851 696 tamen

1059 720 1140 748 flores
1154 721 1366 754 virtutum,quae
1384 718 1418 746 de
1434 725 1506 745 novo
1522 717 1676 744 floruerunt
1689 724 1722 743 ex
1741 720 1851 750 tempe-

1059 767 1146 793 rantia
1161 765 1335 798 solitudinis;
1349 772 1411 800 qua
1425 763 1507 791 etiam
1522 762 1695 790 circumdant
1707 769 1770 788 eum
1784 761 1852 788 sim.

1059 812 1183 847 plicitate
1202 817 1230 838 et
1247 811 1403 838 temeritate
1421 810 1543 844 plantam
1561 809 1675 840 animae,
1690 815 1751 842 quae
1771 807 1851 841 plan-

1060 862 1114 885 tala
1136 862 1178 884 est
1200 864 1281 884 secus
1304 857 1438 884 decursus
1460 861 1595 889 aquarum
1615 853 1797 889 paenitentia.
1816 852 1853 879 Et

1059 904 1130 931 sicut
1149 903 1298 930 vehemens
1311 902 1372 937 gelu
1385 900 1624 936 comprehenderis
1636 899 1759 926 novellas
1769 899 1851 934 plan—

1059 954 1149 977 tarum
1169 949 1381 985 productiones,
1398 948 1454 975 urit
1475 955 1521 975 eas
1543 967 1550 979 ,
1574 947 1611 974 ita
1633 952 1661 974 et
1680 946 1850 980 colloquium

1059 996 1202 1024 hominum
1227 995 1336 1023 radices
1360 995 1512 1026 virtutum,
1533 1001 1595 1028 quae
1619 992 1755 1027 incipiunt
1776 991 1852 1018 sicut

1059 1049 1158 1076 pascua
1177 1041 1325 1076 pullulare.
1342 1039 1420 1073 Quod
1440 1039 1463 1066 si
1483 1046 1579 1066 eorum
1600 1037 1786 1072 colloquium,
1803 1036 1851 1071 qui

1059 1095 1091 1114 ex
1112 1091 1190 1121 parte
1211 1087 1325 1121 quidem
1347 1086 1520 1113 abstinentes
1540 1088 1619 1116 sunt,
1635 1091 1670 1111 ex
1687 1088 1764 1118 parte
1783 1091 1852 1110 vero

1063 1133 1184 1168 aliquem
1203 1132 1343 1171 defectum
1361 1132 1515 1166 patiuntur,
1534 1130 1677 1158 consuevit
1693 1130 1791 1157 anima;
1807 1130 1852 1164 ja-

1059 1185 1164 1207 cturam
1180 1172 1300 1212 inferre;
1319 1183 1422 1214 quanto
1441 1177 1527 1213 magis
1543 1177 1713 1211 colloquium
1730 1180 1757 1203 et
1770 1183 1854 1210 aspe-

1059 1231 1122 1253 ctus
1136 1226 1270 1253 laicorum
1285 1229 1313 1252 et
1329 1225 1476 1252 stultorum
1486 1244 1493 1255 ,
1508 1231 1543 1251 ne
1557 1223 1647 1251 dicam
1664 1222 1756 1257 potius
1771 1230 1854 1249 mun-

1059 1271 1212 1300 danorum?
1233 1271 1300 1298 Nam
1321 1271 1393 1298 sicut
1412 1270 1515 1297 nobilis
1534 1274 1561 1297 et
1580 1268 1747 1296 venerabilis
1767 1268 1853 1295 homo

1059 1327 1121 1346 cum
1138 1318 1303 1349 inebriatur,
1317 1317 1494 1345 obliviscitur
1509 1323 1564 1343 sua:
1578 1314 1738 1346 voluntatis,
1751 1318 1779 1341 et
1796 1318 1852 1341 sta-

1060 1369 1104 1393 tus
1120 1365 1180 1400 ejus
1198 1364 1398 1395 exhonoratur,
1414 1366 1442 1389 et
1459 1361 1593 1389 irridetur
1609 1360 1770 1396 pretiositas
1792 1361 1853 1395 ejus

1060 1415 1175 1445 propter
1200 1409 1307 1436 alienas
1334 1408 1515 1443 cogitationes
1540 1415 1602 1441 quae
1631 1409 1854 1441 supervenerunt

1060 1456 1150 1483 cidem
1167 1455 1224 1482 vini
1239 1455 1353 1486 virtute,
1382 1455 1419 1481 ita
1435 1458 1463 1481 et
1477 1453 1592 1480 castitas
1607 1453 1705 1479 animae
1723 1452 1854 1478 turbatur

1023 1509 1044 1539 ο
1061 1500 1095 1529 ab
1116 1504 1229 1534 aspectu
1250 1503 1279 1526 et
1297 1499 1410 1526 incauta
1430 1498 1585 1527 locutione,
1598 1502 1627 1524 et
1644 1496 1802 1524 eradicatur
1818 1496 1856 1523 ab

1063 1545 1115 1572 ista
1134 1552 1215 1571 omne
1234 1544 1452 1571 sustentaculum
1476 1542 1624 1570 laudabilis
1645 1547 1733 1569 status
1753 1542 1806 1568 sui.
1824 1541 1854 1569 Si

1061 1598 1128 1625 ergo
1152 1589 1320 1624 colloquium
1343 1592 1371 1616 et
1393 1588 1488 1615 dilatio
1510 1592 1538 1614 et
1559 1586 1696 1622 dispersio
1719 1593 1853 1620 superve-

1062 1637 1170 1663 nientes
1199 1635 1227 1662 in
1257 1634 1406 1662 solitudine
1434 1633 1636 1664 commoranti,
1659 1632 1703 1659 vel
1729 1631 1856 1666 ipsorum

1062 1680 1283 1716 propinquitates
1305 1680 1338 1707 ad
1358 1679 1509 1707 videndum
1532 1683 1560 1706 et
1583 1678 1752 1706 audiendum
1777 1677 1856 1704 solli-

1063 1727 1140 1754 eiunt
1156 1726 1257 1752 inferre
1275 1725 1360 1752 menti
1379 1725 1566 1752 turbationem
1584 1729 1611 1751 et
1629 1723 1854 1758 frigefacuonetu

1063 1773 1090 1799 iu
1110 1772 1213 1799 divinis
1232 1776 1345 1806 propter
1361 1771 1448 1798 multa
1466 1779 1527 1805 quae
1544 1771 1613 1798 fiunt
1629 1778 1663 1797 ex
1678 1770 1738 1796 visu
1757 1774 1787 1796 et
1803 1777 1856 1796 au-

1063 1817 1133 1849 ditu,
1145 1821 1174 1844 ct
1184 1816 1213 1844 in
1226 1816 1303 1844 brevi
1317 1817 1385 1843 hora
1399 1817 1451 1843 hoc
1463 1816 1567 1843 faciunt
1581 1824 1586 1842 :
1603 1814 1669 1850 quid
1684 1815 1808 1842 dicemus
1821 1814 1858 1841 de

1063 1863 1196 1890 continuo
1212 1870 1308 1896 eorum
1326 1870 1442 1890 occursu
1460 1866 1488 1890 et
1504 1862 1538 1888 de
1555 1861 1641 1888 multa
1659 1861 1728 1887 liora
1746 1865 1773 1887 et
1790 1859 1858 1886 diu-

1065 1915 1145 1937 turna
1160 1909 1188 1936 in
1204 1910 1327 1937 eisdem?
1343 1909 1496 1936 Furiositas
1506 1909 1610 1936 ventris
1623 1907 1767 1935 obnubilat
1778 1914 1861 1933 men-

1064 1961 1118 1984 tem
1137 1956 1163 1982 in
1179 1956 1337 1991 cognitione
1350 1955 1410 1988 Dei,
1424 1954 1657 1990 quemadmodum
1671 1959 1699 1980 et
1710 1961 1796 1988 vapor
1806 1954 1859 1988 qui

1064 2010 1098 2029 ex
1115 2001 1280 2029 humiditate
1297 2006 1379 2029 terra:
1395 2001 1567 2036 producitur,
1583 1999 1750 2030 ascendens,
1764 2006 1861 2026 aerem

1065 2048 1155 2075 reddit
1180 2047 1340 2074 obscurum.
1366 2046 1502 2080 Superbia
1526 2053 1593 2072 vero
1619 2050 1674 2072 non
1698 2043 1861 2087 consuleret

1065 2093 1138 2128 quod
1155 2093 1183 2120 in
1200 2093 1324 2120 tenebris
1339 2092 1478 2123 ambulat,
1491 2091 1556 2125 quia
1571 2095 1683 2125 propter
1698 2089 1861 2124 praedictam

1066 2140 1324 2167 oblenebrationcm
1345 2139 1473 2166 nesciens
1492 2137 1674 2165 intentionem
1697 2135 1860 2170 sapientiai,

1065 2187 1207 2215 extollitur
1220 2193 1304 2221 super
1318 2186 1425 2215 omnia.
1439 2192 1501 2211 cum
1518 2184 1553 2210 sit
1571 2183 1664 2210 intima
1677 2183 1816 2212 omnium,
1830 2187 1861 2208 et

1066 2233 1209 2260 addiscere
1232 2231 1290 2258 vias
1313 2230 1361 2257 Dei
1387 2238 1442 2256 non
1466 2232 1565 2262 potest.
1583 2228 1650 2255 Nam
1676 2232 1705 2254 et
1723 2227 1861 2254 Dominus

1066 2277 1226 2304 voluntates
1243 2283 1307 2302 suas
1322 2275 1443 2301 occultat
1455 2273 1490 2300 ab
1505 2280 1551 2306 ea,
1567 2280 1629 2307 quae
1654 2272 1681 2299 in
1705 2271 1748 2298 via
1764 2271 1861 2298 humi-

1066 2322 1133 2348 lium
1149 2320 1240 2347 noluit
1254 2320 1407 2347 ambulare.

1347 2376 1460 2403 CAPUT
1479 2375 1576 2402 XXXI.

1071 2424 1146 2457 Quod
1170 2432 1221 2451 non
1243 2427 1281 2450 est
1302 2422 1389 2457 major
1408 2422 1526 2456 operatio
1551 2420 1740 2448 monac/torum
1761 2418 1859 2453 vigiliis

1272 2458 1405 2484 nocturnis
1421 2465 1479 2483 cum
1489 2457 1657 2490 discretione.

1106 2505 1167 2532 Noli
1184 2508 1291 2539 putare,
1302 2511 1318 2530 ο
1333 2504 1426 2532 homo,
1437 2503 1510 2537 quod
1526 2502 1598 2528 inter
1611 2508 1708 2527 omnes
1720 2500 1860 2534 operatio-

1072 2559 1120 2578 ues
1137 2551 1336 2577 monachorum
1352 2549 1387 2576 sit
1403 2549 1455 2575 alia
1470 2547 1621 2583 quamlibet
1634 2549 1727 2573 sancta
1743 2553 1861 2572 conver-

1071 2597 1153 2627 satio,
1170 2596 1258 2631 major
1273 2595 1374 2630 vigiliis
1391 2593 1545 2621 uocturnis.
1560 2593 1590 2619 lu
1606 2592 1733 2624 veritate,
1750 2591 1860 2619 fratres.

1073 2642 1094 2668 si
1115 2650 1166 2668 non
1185 2641 1231 2668 fiat
1247 2640 1353 2675 religio,
1367 2639 1438 2666 satio
1455 2637 1522 2674 (59),
1537 2637 1681 2672 dispersio,
1696 2640 1724 2663 et
1740 2636 1861 2663 turbatio

1074 2686 1101 2713 iu
1120 2686 1278 2714 carnalibus
1296 2685 1379 2712 rebus
1396 2683 1424 2711 in
1441 2682 1626 2711 sollicitudine
1642 2680 1836 2716 temporalium
1853 2689 1860 2709 ι

1809 2762 1822 2771 δ
