1967 3091
54 192 108 220 sed
127 191 230 219 caverit
249 191 302 219 sibi
319 198 335 219 a
352 191 471 225 mundo,
488 196 516 219 et
533 192 699 219 custodierit
716 200 745 219 se
764 192 851 227 ipsam
869 193 890 220 A

54 237 162 273 vigiliis
177 246 255 266 mens
269 232 339 274 eius,
354 238 432 273 quasi
447 246 511 266 cum
526 239 578 266 alis
593 238 622 265 in
635 238 713 266 brevi
730 244 854 274 tempore

55 285 147 315 volat.
162 289 190 311 et
205 285 344 312 exaltatur
358 285 387 312 in
403 285 582 313 dilectionem
596 287 659 319 Dei,
672 292 701 314 et
716 286 774 314 cito
789 295 855 322 per-

56 330 135 358 venit
151 330 184 357 ad
200 331 328 366 gloriam.
342 331 454 359 Transit
467 332 540 359 enim
557 340 607 367 per
619 332 760 360 levitatem
777 340 855 360 suam

58 378 89 400 et
101 376 253 411 agilitatem
268 377 302 405 ad
317 378 462 406 scientiam
479 387 539 412 quae
555 383 668 413 superat
681 379 854 406 intellectum

56 421 223 450 humanum.
249 423 415 451 Monachum
443 429 669 459 perseverantem
698 425 727 452 in
754 425 857 460 vigiliis

56 477 123 498 cum
145 471 246 498 mentis
269 471 453 504 discretione,
472 481 506 500 ne
530 473 663 507 respicias
683 473 761 500 illum
785 473 857 500 sicut

56 524 143 544 carne
158 517 395 546 ferventem.'lloc
413 519 510 554 utique
527 520 643 555 angelici
662 520 770 547 ordinis
786 527 858 555 opus

56 567 119 594 est,
139 571 194 590 non
216 564 381 592 humanum.
401 565 574 599 lmpossibilc
599 570 642 594 est
664 570 757 593 autem
783 565 857 600 quod

57 609 124 636 illos
139 610 185 644 qui
203 618 314 645 semper
329 611 357 638 in
373 611 532 646 huiusmodi
549 612 722 639 continentia
740 620 858 639 conver-

57 661 170 689 santur,
188 656 310 684 dimittat
333 656 407 684 Deus
429 658 489 685 sine
512 658 620 693 magnis
643 658 724 685 bonis
745 663 860 693 propter

57 709 158 729 eorum
173 703 309 737 jejunium
328 707 356 730 et
370 704 540 738 vigilantiam
558 705 660 732 cordis.
675 704 727 732 Sed
746 708 860 739 propter

57 748 210 776 sollicitam
222 750 465 777 conversationem
479 751 677 785 cogitationum
692 750 815 786 ipsorum
830 751 859 777 in

59 793 137 829 ipso,
153 795 246 822 anima
263 803 324 830 quae
340 795 368 822 in
386 796 547 832 huiusmodi
566 797 723 832 vigiliarum
740 804 858 824 conver-

57 839 169 867 satione
184 840 292 868 laborat
305 847 335 868 et
348 847 518 877 perseverat,
530 843 609 878 quasi
625 843 777 871 Cherubim
792 851 858 871 ocu~

58 886 103 913 los
121 893 187 913 suos
204 886 331 918 habebit,
344 888 446 922 quibus
463 896 573 924 semper
590 889 733 916 intueatur
749 893 777 916 et
795 897 858 923 per-

59 931 164 966 spiciat
180 932 445 968 contemplationem
462 934 616 962 caelestem.
632 935 689 969 Ego
706 942 774 962 vero
789 938 858 970 puto

58 978 234 1012 impossibile
251 987 327 1012 esse,
343 983 372 1006 ut
387 980 434 1006 ille
451 980 499 1015 qui
517 988 580 1008 cum
599 981 715 1008 scientia
731 985 759 1009 et
774 981 859 1008 disci-

57 1025 137 1058 plina
154 1026 298 1060 praaelegit
313 1026 366 1053 sibi
384 1027 507 1054 laborem
526 1027 610 1055 istum
628 1036 757 1063 magnum
773 1033 857 1063 atque

56 1071 184 1099 divinum
198 1093 204 1105 ,
218 1076 246 1099 et
262 1073 415 1100 arbitratus
430 1077 473 1100 est
488 1074 550 1108 ejus
564 1079 675 1109 portare
692 1082 855 1109 gravamen,

55 1123 86 1146 et
98 1118 224 1146 studiose
240 1119 347 1146 laborat
361 1119 388 1146 iu
404 1119 456 1147 hac
471 1120 589 1154 gloriosa
607 1126 684 1155 parte
701 1129 783 1156 quam
801 1122 856 1149 ele-

56 1164 115 1200 git.
128 1169 155 1191 et
171 1164 199 1191 in
213 1164 258 1192 die
274 1164 326 1192 sibi
341 1169 420 1192 cavet
433 1172 448 1192 a
465 1165 623 1192 turbatione
639 1166 810 1192 locutionum
827 1171 855 1193 et

55 1210 247 1238 sollicitudine
264 1218 433 1246 pugnarum,
449 1210 497 1238 fiat
510 1211 602 1238 nudus
618 1216 646 1238 et
659 1211 751 1238 fatuus
768 1212 855 1238 admi—

57 1256 141 1283 rabili
157 1255 370 1283 fructificationc
387 1264 491 1291 magnai
505 1255 673 1288 dilectionis,
686 1265 747 1291 qum
762 1257 853 1293 colligi

57 1302 234 1337 praestolatur
255 1302 289 1328 ab
310 1302 380 1336 ipso.
399 1301 563 1336 Quicunque
583 1307 675 1329 autem
693 1303 746 1330 hoc
764 1304 852 1338 negli-

56 1353 120 1384 gat,
135 1356 273 1383 praesumo
288 1347 381 1376 dicere
397 1348 471 1383 quod
488 1348 597 1383 ignorat
612 1348 645 1376 ad
661 1349 728 1383 quid
743 1349 854 1377 laborat

54 1399 84 1422 et
97 1402 198 1421 somno
216 1394 351 1425 abstinet,
366 1399 394 1422 ct
410 1395 436 1421 in
455 1395 568 1422 laudum
585 1395 732 1422 collatione
750 1396 850 1429 multa,

54 1445 84 1468 et
102 1439 263 1474 fatigatione
281 1440 382 1475 linguae
399 1445 428 1467 et
444 1445 535 1467 erecta
553 1440 673 1467 statione
693 1445 766 1468 totus
782 1442 850 1468 allli-

56 1486 144 1521 gitur,
158 1493 214 1512 non
230 1485 336 1513 habens
354 1490 475 1513 mentem
493 1494 570 1513 suam
589 1479 616 1513 in
635 1487 760 1514 oratione
777 1491 805 1514 et
822 1488 848 1514 in

55 1536 140 1560 cantu
162 1539 231 1563 suo,
247 1531 297 1559 sed
323 1531 401 1567 quasi
426 1532 527 1559 ductus
547 1536 591 1559 est
614 1540 629 1559 a
652 1533 853 1561 consuetudine
868 1539 888 1567 C

57 1577 222 1605 indiscrete.
238 1577 273 1605 Et
286 1578 339 1604 nisi
357 1578 414 1605 sint
427 1578 486 1605 hmo
503 1578 594 1605 taliter
607 1583 636 1605 ut
649 1579 775 1613 praedixi,
788 1588 856 1615 quo-

56 1624 141 1652 modo
165 1624 298 1652 deficeret
319 1632 334 1651 a
358 1624 507 1656 merendo,
523 1631 556 1651 ex
580 1625 712 1652 continua
734 1626 856 1653 semina-

57 1670 134 1697 tione
153 1677 202 1696 sua
221 1669 249 1696 in
267 1669 363 1696 labore
381 1668 610 1696 fructificationes
625 1670 775 1697 maximas?
788 1671 855 1698 Nam

55 1716 78 1744 si
99 1715 162 1743 vice
189 1715 412 1742 sollicitudinum
437 1715 540 1748 excitet
564 1716 744 1751 semetipsum
765 1717 793 1744 in
815 1717 855 1745 1e—

54 1762 149 1790 ctione
164 1761 264 1789 divina:
278 1761 431 1797 Scriptura;
443 1769 504 1796 qua:
519 1762 631 1789 roborat
644 1766 777 1795 mentem,
792 1771 853 1790 cum

55 1808 193 1835 orationis
207 1807 242 1835 sit
256 1808 374 1835 maxima
388 1807 534 1838 fortitudo,
548 1812 576 1835 et
590 1808 617 1835 in
632 1808 734 1843 vigiliis
749 1810 852 1844 quibus

58 1855 236 1889 coniungitur
251 1859 365 1889 praestet
378 1854 523 1886 auxilium,
540 1854 586 1881 fiat
601 1855 626 1882 ei
642 1855 689 1882 lux
703 1857 814 1887 mentis,
827 1860 856 1883 et

58 1899 190 1927 discretio
209 1900 237 1926 iu
253 1900 379 1927 semitam
397 1905 517 1932 rectam,
533 1904 562 1927 et
576 1900 677 1928 fertilis
694 1902 809 1929 materia
827 1902 854 1929 in

57 1946 293 1980 contemplatione
314 1946 368 1982 24
386 1946 521 1974 orationis
541 1954 602 1982 quze
618 1947 684 1982 ligat
701 1951 820 1974 mentem
839 1955 855 1975 a

57 1992 249 2027 dispersione,
265 1999 300 2019 ne
318 1992 345 2019 in
362 1992 533 2020 vanitatibus
548 1993 705 2028 quatiatur;
723 1993 770 2021 fiet
784 2002 855 2028 quo-

56 2047 111 2074 que
124 2038 286 2066 indeficiens
298 2039 351 2066 sibi
366 2039 525 2066 seminatrix
538 2039 640 2067 divinm
653 2039 855 2068 recordationis

58 2086 84 2113 in
108 2085 216 2118 anima,
230 2089 258 2112 et
278 2086 550 2113 commemorationis
568 2087 675 2113 viarum
696 2091 854 2114 sanctorum

57 2131 99 2159 vel
115 2136 288 2164 sanctarum,
301 2132 349 2166 qui
365 2133 421 2160 Deo
437 2133 612 2167 placuerunt,
626 2133 761 2168 facietque
777 2142 855 2161 men-

58 2182 112 2205 tem
126 2178 270 2212 acquirere
283 2178 463 2205 subtilitatem
478 2183 506 2206 et
518 2179 681 2213 sapientiam
697 2189 702 2206 :
717 2179 854 2208 invenerit

57 2223 153 2258 utique
172 2224 366 2258 operationum
385 2225 544 2260 huiusmodi
564 2225 685 2252 fructum
703 2231 852 2255 maturum.

91 2267 183 2301 Quare
202 2275 282 2303 ergo,
300 2268 399 2302 homo,
418 2269 568 2297 indiscrete
589 2275 615 2297 te
636 2274 737 2305 tuaque
759 2271 854 2306 dispo-

57 2315 113 2346 nis,
129 2314 195 2349 quia
212 2318 297 2342 totam
313 2315 424 2350 quidem
439 2320 549 2343 noctem
567 2316 728 2352 pervigilem
743 2323 854 2345 erectus

56 2359 155 2387 stando
169 2359 299 2392 deducis,
312 2364 341 2387 et
351 2359 448 2396 amigis
463 2365 488 2388 te
504 2361 593 2396 ipsum
607 2362 782 2390 orationibus
794 2363 853 2390 lau-

56 2405 194 2440 dibusque
211 2413 219 2432 :
235 2413 383 2434 onerosum
398 2414 464 2434 vero
480 2414 536 2434 non
551 2407 690 2435 modicum
709 2408 758 2435 tibi
772 2409 851 2436 vide-

57 2455 102 2478 tur
120 2459 171 2486 per
188 2451 300 2478 brevem
320 2452 347 2479 in
366 2452 410 2480 die
429 2460 524 2480 curam
548 2458 574 2480 te
596 2453 716 2481 divinam
739 2454 853 2490 gratiam

57 2498 225 2532 promereri,
242 2505 277 2525 ne
296 2499 359 2533 quis
378 2498 493 2526 forsitan
510 2507 561 2534 pro
580 2503 606 2527 te
624 2500 854 2528 contristaretur?

58 2543 90 2571 Ut
106 2543 173 2578 quid
190 2548 216 2571 te
232 2543 322 2579 ipsum
336 2544 446 2580 amigis,
459 2549 487 2572 et
500 2545 534 2572 de
548 2550 629 2573 nocte
644 2546 756 2581 quidem
770 2547 853 2574 semi-

56 2589 169 2627 ηδε,ρθ
186 2589 231 2617 die
248 2598 314 2618 vero
331 2591 438 2626 spargis
454 2591 579 2618 laborem
599 2596 692 2623 tuum,
708 2597 735 2619 et
750 2592 854 2620 videris

57 2634 265 2663 infructuosus?
285 2636 374 2669 Quare
396 2637 533 2672 dispergis
554 2637 722 2673 vigilantiam
746 2643 774 2665 et
794 2644 853 2666 stu-

57 2679 134 2708 dium
158 2686 187 2709 et
209 2682 330 2709 calorem
352 2691 434 2717 quem
457 2682 533 2710 fuisti
555 2683 688 2718 adeptus,
710 2689 737 2710 et
760 2685 852 2718 perdis

58 2724 178 2754 inaniter
193 2727 300 2754 lucrum
318 2727 353 2754 ob
371 2728 521 2755 turbabiles
539 2736 631 2755 rerum
651 2729 767 2756 cursus?
782 2730 850 2757 Nam

59 2772 81 2799 si
99 2776 242 2801 nocturna:
258 2773 430 2802 meditationi
447 2774 613 2802 concordem
631 2774 735 2803 faceres
752 2783 851 2810 opera-

872 2209 892 2236 D

95 2864 150 2900 (£0)
165 2864 336 2900 Amplexa)”.
353 2866 445 2899 Forte,
462 2866 638 2902 amplexares.

592 136 710 167 LIBER
728 136 776 166 DE
795 134 1025 166 CONTEMPTU
1046 137 1184 166 MUNDI.

875 869 894 898 Β

906 191 1010 219 tionem
1031 192 1160 220 diurnam
1179 192 1270 220 calore
1289 192 1397 224 cordis,
1417 199 1469 219 nec
1487 191 1515 219 ln
1535 190 1628 218 medio
1648 192 1698 218 do-

908 238 1024 266 ctrinam
1046 238 1212 272 adbiberes;
1236 238 1264 265 in
1283 238 1360 266 brevi
1380 239 1474 273 utique
1497 242 1619 273 tempore
1639 246 1698 265 am-

908 284 1022 319 plexaus
1041 284 1096 319 (40)
1118 290 1214 320 pectus
1233 285 1308 312 .lesu.
1325 284 1378 311 Sed
1400 292 1433 311 ex
1451 284 1504 311 hoc
1523 283 1698 311 manifestum

907 335 964 361 est.
980 331 1110 365 quoniam
1128 331 1277 358 indiscrete
1294 331 1481 362 conversaris,
1494 338 1546 358 nec
1562 330 1616 357 seis
1632 334 1702 364 qua:-

907 376 971 404 liter
990 381 1117 411 oporteat
1138 377 1290 404 monachos
1309 377 1433 412 vigilare.
1462 377 1503 403 Tu
1523 377 1596 403 enim
1618 380 1700 410 putas

908 423 982 458 quod
1001 423 1060 450 haec
1079 424 1172 450 omnia
1193 428 1258 450 sunt
1279 424 1312 450 ad
1334 424 1387 450 hoc
1408 427 1513 450 tantum
1535 426 1652 454 statuta,
1670 425 1700 448 ut

908 468 1033 501 labores,
1047 477 1100 496 nec
1114 469 1149 496 ob
1163 469 1236 496 aliud
1253 469 1325 504 quod
1343 469 1449 496 oriatur
1464 476 1498 495 ex
1513 468 1563 495 eis.
1579 468 1618 494 llli
1633 475 1699 494 vero

909 515 957 550 qui
977 520 1189 549 promeruerunt
1207 523 1222 542 a
1239 515 1343 550 gratia,
1361 522 1410 549 pro
1427 522 1480 549 qua
1499 521 1570 548 saepe
1590 513 1700 540 obstant

909 561 1020 588 athleta:
1039 569 1149 593 somno,
1164 566 1192 588 et
1209 566 1313 588 natura:
1330 561 1488 588 violentiam
1507 560 1628 586 inferunt
1646 563 1700 586 tam

910 615 959 642 per
976 607 1135 635 violentiam
1154 615 1302 642 corporum
1319 615 1400 642 quam
1418 606 1616 641 cogitationum
1635 613 1699 633 sua—

910 662 988 688 rum;
1014 655 1058 681 cui
1081 655 1198 689 singulis
1220 655 1348 682 noctibus
1373 662 1469 689 preces
1493 654 1630 684 offerunt,
1655 653 1700 680 ille

910 700 986 727 solus
1001 701 1078 727 novit
1092 701 1223 728 virtutem
1241 709 1302 735 qua:
1316 700 1346 727 fit
1360 709 1392 727 ex
1408 700 1507 727 diurna
1523 699 1657 731 custodia,
1673 703 1699 726 et

910 746 990 781 quale
1006 747 1091 773 menti
1107 750 1218 781 praestat
1234 746 1366 773 auxilium
1381 747 1407 773 in
1424 746 1585 780 quietudine
1601 745 1700 776 noctis,

910 797 938 821 et
953 794 1062 828 qualem
1078 797 1244 829 potestatem
1259 793 1332 820 circa
1348 801 1377 820 se
1391 797 1486 820 contra
1504 792 1698 827 cogitationes,

910 844 937 866 et
949 839 1058 874 qualem
1074 839 1248 871 munditiam,
1260 843 1287 865 et
1300 839 1407 873 qualem
1422 837 1629 872 intelligentiam
1642 837 1702 864 sine

911 893 1000 920 pugna
1016 890 1043 912 ct
1055 885 1186 912 violentia
1200 885 1255 912 sibi
1271 885 1371 916 donat,
1385 890 1413 911 ct
1426 884 1498 918 quod
1516 884 1597 910 faciat
1613 884 1701 918 ipsum

911 931 1066 966 intelligere
1081 939 1145 958 cum
1159 931 1287 958 libertate
1301 930 1448 957 verborum
1466 929 1648 956 nobilitatem.

945 978 1002 1013 Ego
1022 985 1132 1012 quoque
1152 977 1229 1008 dico,
1242 976 1316 1011 quod
1336 976 1359 1003 si
1381 983 1481 1010 corpus
1499 975 1602 1002 fessum
1620 973 1703 1000 fuerit

908 1029 1021 1059 propter
1036 1024 1225 1050 infirmitatem
1241 1030 1333 1053 suam,
1349 1025 1379 1048 ut
1393 1021 1514 1056 ieiunare
1530 1027 1584 1046 non
1599 1018 1701 1053 possit,

907 1074 998 1106 potest
1015 1070 1080 1097 solis
1095 1069 1197 1104 vigiliis
1216 1076 1294 1095 mens
1305 1068 1448 1102 acquirere
1464 1071 1566 1093 statum
1586 1065 1700 1095 animae,

907 1122 936 1145 et
949 1117 1120 1144 intellectum
1136 1119 1266 1150 praestare
1279 1113 1372 1146 cordi;
1387 1113 1516 1140 virtutem
1531 1111 1701 1147 spiritualem

907 1164 1048 1196 addiscat,
1068 1162 1220 1190 dummodo
1245 1168 1300 1188 non
1327 1160 1372 1187 fiat
1394 1159 1446 1186 sibi
1469 1157 1664 1186 exterminatio
1687 1165 1701 1184 a

907 1210 1069 1237 dilatatione
1085 1209 1243 1236 divinarum
1260 1214 1415 1234 causarum.
1428 1205 1506 1233 Unde
1519 1212 1585 1239 rogo
1599 1207 1640 1236 te,
1654 1203 1701 1238 qui

906 1255 1019 1282 affectas
1037 1253 1151 1288 adipisci
1171 1256 1293 1280 mentem
1310 1251 1462 1278 studiosam
1479 1249 1553 1284 apud
1570 1249 1656 1276 Deum
1672 1252 1701 1275 et

905 1301 1075 1337 agnitionem
1091 1307 1169 1327 novre
1186 1300 1263 1331 vitae,
1281 1303 1339 1325 toto
1357 1303 1481 1332 tempore
1497 1296 1559 1323 vitae
1576 1300 1629 1323 tuae
1644 1295 1701 1322 noli

904 1348 1044 1382 negligere
1056 1345 1296 1374 conversationem
1307 1342 1546 1379 vigiliarum,quia
1557 1350 1606 1376 per
1615 1342 1700 1376 ipsam

904 1393 1070 1429 aperiuntur
1082 1392 1154 1420 oculi
1171 1392 1205 1419 ad
1221 1391 1386 1418 intuendum
1402 1394 1486 1416 totam
1502 1388 1617 1423 gloriam
1635 1395 1702 1414 con-

903 1440 1072 1468 versationis
1086 1444 1113 1466 et
1125 1439 1255 1465 virtutem
1268 1437 1317 1464 vite
1329 1435 1455 1471 justitite.
1465 1434 1543 1468 Quod
1557 1434 1579 1461 si
1594 1433 1640 1460 fiat
1653 1433 1702 1460 tibi

903 1485 990 1532 (quod
1006 1484 1105 1519 absit!)
1123 1484 1223 1511 iterum
1240 1482 1388 1510 laxationis
1406 1479 1551 1515 cogitatio,
1566 1483 1594 1506 et
1610 1478 1703 1505 nidifi-

906 1528 1010 1560 caverit
1023 1532 1051 1558 in
1067 1535 1092 1558 te
1104 1530 1223 1558 forsitan
1234 1533 1346 1564 propter
1357 1528 1548 1563 probationem
1564 1529 1705 1560 protecto-

909 1577 947 1604 ris
966 1577 1023 1608 tui,
1036 1577 1083 1611 qui
1100 1584 1134 1603 ex
1151 1574 1352 1603 consuetudine
1371 1578 1396 1600 te
1414 1571 1548 1607 permittit
1563 1571 1590 1597 in
1608 1571 1704 1605 liuius-

908 1625 983 1652 modi
1002 1624 1130 1656 alterari,
1147 1623 1205 1650 sive
1224 1622 1250 1649 in
1268 1622 1361 1649 calore
1378 1629 1426 1647 seu
1444 1619 1526 1647 etiam
1545 1619 1572 1645 in
1590 1618 1702 1652 frigefa-

908 1672 1011 1702 ctione.
1025 1671 1067 1698 vel
1082 1678 1116 1698 ex
1131 1670 1223 1704 aliqua
1239 1676 1321 1696 causa
1334 1667 1376 1694 vel
1393 1666 1552 1694 infirmitate
1568 1664 1702 1699 corporis,

908 1722 938 1745 ut
959 1726 1015 1744 non
1036 1717 1125 1752 possis
1144 1716 1236 1743 facere
1257 1715 1380 1743 laborem
1403 1713 1482 1740 multi
1504 1715 1602 1739 cantus
1621 1718 1702 1746 quem

908 1769 1020 1791 cantare
1038 1763 1206 1790 consuevisti
1223 1769 1254 1789 ac
1270 1766 1390 1788 extens:e
1405 1759 1538 1787 orationis
1554 1766 1586 1785 ac
1603 1758 1703 1784 multa-

909 1817 970 1837 rum
988 1808 1214 1844 genuflexionum
1233 1815 1302 1842 quas
1320 1808 1410 1833 facere
1429 1804 1609 1832 consuevisti.
1627 1803 1703 1838 Rogo

908 1856 934 1884 in
951 1855 1098 1887 charitate,
1111 1855 1134 1882 si
1152 1853 1303 1881 derelictus
1317 1853 1404 1880 fueris
1421 1852 1449 1878 in
1464 1849 1635 1886 huiusmodi,
1653 1857 1704 1876 nec

907 1901 997 1938 possis
1016 1901 1112 1928 eadem
1134 1900 1256 1933 operari;
1279 1899 1376 1926 saltem
1397 1897 1520 1925 sedendo
1539 1895 1635 1930 vigila,
1653 1902 1705 1921 nec

907 1949 1029 1976 dormias
1041 1956 1070 1975 in
1085 1953 1169 1975 corde
1183 1953 1239 1978 tuo,
1251 1949 1279 1973 et
1294 1944 1368 1972 omni
1383 1943 1494 1978 ingenio
1507 1942 1578 1970 cduc
1593 1945 1702 1968 noctem

907 1994 1016 2025 sedens,
1032 1996 1060 2020 et
1073 1993 1160 2020 bonos
1174 1991 1297 2026 cogitans
1313 1989 1483 2022 intellectus;
1499 1991 1527 2015 et
1539 1988 1573 2015 ne
1589 1987 1705 2014 indures

906 2048 954 2067 cor
969 2043 1047 2066 tuum
1059 2042 1086 2066 et
1097 2037 1264 2065 obtenebres
1278 2035 1346 2063 illud
1361 2035 1389 2062 in
1405 2042 1517 2067 somno,
1531 2034 1596 2069 quia
1608 2033 1702 2060 veniet

907 2085 1006 2113 iterum
1023 2085 1072 2112 tibi
1088 2084 1196 2119 primus
1210 2083 1254 2111 ille
1273 2083 1346 2110 calor
1360 2087 1388 2109 et
1402 2081 1501 2108 lenitas
1515 2085 1543 2109 et
1558 2081 1661 2112 virtus,
1674 2083 1702 2106 et

906 2131 1046 2159 exsultans
1059 2129 1202 2166 gaudebis.
1215 2134 1241 2156 et
1255 2129 1361 2156 referes
1376 2128 1433 2155 Deo
1448 2127 1559 2162 gratias.
1572 2126 1640 2153 Nam
1655 2125 1702 2152 fri-

907 2177 1023 2212 gefactio
1038 2181 1066 2203 et
1082 2175 1242 2212 huiusmodi
1258 2174 1393 2210 gravedo,
1412 2173 1446 2200 ad
1467 2173 1700 2200 examinationem

907 2229 935 2251 et
949 2223 1140 2258 probationem
1156 2221 1276 2248 hominis
1292 2220 1505 2256 permittuntur;
1521 2222 1548 2245 et
1562 2218 1584 2245 si
1601 2222 1702 2244 semct-

907 2271 996 2306 ipsum
1014 2268 1177 2297 excitaverit
1191 2276 1253 2295 cum
1269 2267 1394 2299 fervore,
1409 2274 1441 2293 ac
1457 2263 1610 2293 excusserit
1624 2271 1671 2290 eas
1685 2271 1699 2290 a

906 2317 1010 2351 seipso,
1031 2316 1137 2343 instans
1170 2314 1371 2348 aliquantulum
1408 2314 1583 2347 importune,
1607 2309 1699 2337 statim

905 2362 1108 2397 appropinquat
1123 2360 1211 2396 gratia
1229 2361 1302 2387 sicut
1319 2363 1396 2391 erat,
1414 2363 1441 2385 et
1458 2357 1565 2385 accedit
1583 2356 1615 2383 ad
1635 2363 1699 2383 eum

906 2407 959 2434 alia
992 2407 1082 2434 virtus
1106 2405 1252 2433 continens
1275 2413 1356 2432 omne
1383 2404 1486 2431 bonum
1509 2402 1647 2430 occultum
1672 2400 1699 2427 in

906 2453 1064 2488 semetipsa,
1088 2457 1116 2480 et
1127 2452 1208 2480 etiam
1224 2459 1287 2487 spes
1301 2450 1496 2486 protectionis;
1511 2453 1538 2476 et
1554 2449 1637 2475 homo
1653 2447 1700 2474 ad-

907 2499 1025 2526 miratur
1041 2497 1265 2533 obstupefacicns
1283 2497 1317 2524 de
1337 2496 1423 2532 prima
1445 2495 1595 2531 gravedine
1614 2502 1647 2522 ac
1665 2494 1699 2521 de

908 2545 1122 2579 superveniente
1143 2544 1256 2571 lenitate
1276 2551 1308 2570 ac
1330 2543 1432 2570 virtute
1453 2551 1459 2569 ε
1479 2549 1587 2569 necnon
1616 2541 1699 2568 etiam

908 2591 981 2626 quod
1004 2595 1057 2618 tam
1079 2591 1173 2619 subito
1193 2590 1352 2626 huiusmodi
1369 2589 1559 2616 alterationem
1578 2588 1698 2623 recepit;

908 2643 935 2665 et
950 2646 984 2665 cx
999 2642 1065 2665 tunc
1080 2638 1239 2669 instruitur,
1251 2637 1324 2671 quod
1339 2636 1362 2663 si
1375 2635 1482 2663 venerit
1495 2634 1547 2662 sibi
1563 2635 1624 2662 talis
1638 2642 1700 2669 gra-

908 2684 989 2716 vedo,
1001 2687 1147 2718 cognoscat
1163 2683 1236 2710 illam
1252 2691 1284 2710 ex
1299 2682 1386 2717 prima
1401 2681 1579 2717 experientia.
1594 2680 1661 2708 Nam
1677 2681 1700 2707 si

907 2730 935 2758 in
954 2730 1044 2765 primo
1063 2736 1188 2766 tempore
1207 2737 1261 2757 non
1282 2729 1446 2762 certaverit,
1464 2729 1536 2756 hanc
1555 2727 1702 2756 scientiam

906 2784 959 2804 non
976 2781 1067 2812 potest
1080 2777 1204 2812 recipere
1218 2783 1269 2804 nec
1283 2776 1397 2804 habere.
