1967 3091
252 136 305 167 863

924 141 954 171 S.
977 139 1102 169 ISAACI
1123 138 1209 168 S‘l'llI

1842 132 1906 165 864

289 193 373 222 Vides
386 194 414 221 in
429 198 562 230 quantum
578 195 725 222 instruitur
739 195 835 227 homo,
849 195 960 230 quando
973 202 1048 222 com-
1062 198 1084 224 Α
1100 193 1201 219 teriora
1220 191 1326 226 videri;
1350 191 1428 226 quasi
1446 198 1498 218 nec
1515 195 1606 226 potest
1621 190 1721 226 aliquis
1738 194 1816 218 extra
1833 197 1905 217 mu-

254 240 332 275 pellit
356 241 477 275 seipsum
505 241 706 276 aliquantulum
731 244 760 268 et
783 241 902 268 sustinet
924 246 1047 275 tempore

255 293 363 320 pugnae.
386 286 413 313 Si
437 287 525 314 virtus
552 287 677 322 corporis
705 286 843 313 inﬁrmata
866 292 909 314 est
932 294 987 313 non
1015 294 1049 313 ex

255 339 348 367 pugna
358 353 364 363 ,
378 331 425 358 sed
441 340 473 359 ex
490 332 650 359 inﬁrmitate
663 332 852 364 necessitatis;
867 336 932 359 tunc
946 332 1048 359 etenim

255 385 311 405 non
326 380 369 404 est
381 377 549 404 conveniens
565 378 726 412 impugnare
743 383 880 404 naturam.
892 378 922 404 In
936 377 1050 412 reliquis

257 430 324 449 vero
339 422 441 449 bonum
457 428 514 455 est,
529 427 559 450 ut
573 424 636 458 quis
650 424 677 450 in
693 423 823 450 omnibus
838 431 899 458 quae
915 423 967 450 sibi
986 431 1049 457 pro-

257 473 332 498 sunt,
346 467 503 502 importune
519 469 616 495 incitet
628 469 817 502 semetipsum.
827 468 963 495 Continua
976 467 1049 494 enim

258 514 392 548 quictudo
407 514 593 546 conscientiat,
607 519 635 541 et
650 515 791 542 moderata
805 514 930 542 ciborum
945 522 1051 541 assum-

258 559 317 593 ptio
343 567 405 586 cum
431 559 546 594 vigiliis,
566 561 623 587 cito
644 560 870 595 expergefaciunt
893 564 1013 587 mentem
1036 568 1051 588 a

260 604 460 638 stupefactione
481 613 591 638 rerum,
614 606 667 633 nisi
688 606 758 634 forte
780 606 826 633 ﬁat
842 607 932 641 aliqua
953 614 1050 640 causa,

260 657 320 684 qum
339 650 530 684 quietudinem
552 652 641 679 solvat
659 661 665 678 :
685 653 866 687 cogitationes
883 657 974 680 autem
992 660 1052 687 qua:

261 700 407 722 moventur
420 696 446 723 in
462 697 597 725 solitariis
610 697 702 725 subito
715 699 774 725 sine
791 706 937 730 consensu,
951 698 1053 725 faciunt

260 740 356 768 ambos
372 742 467 769 oculos
483 743 562 777 quasi
579 743 680 770 lavacri
699 744 802 771 fontem
823 744 850 770 in
868 744 1052 779 lacrymarum

260 783 406 817 eﬁ‘usione,
420 790 502 820 atque
517 795 566 813 sua
580 787 757 815 multitudine
770 795 854 823 genas
869 788 970 815 lavant.
984 788 1052 815 Cum

260 834 353 856 autem
385 838 433 864 per
458 830 654 858 abstinentiam
681 831 815 858 domitum
844 831 927 859 fuerit
953 839 1054 866 corpus

1100 247 1160 266 rum
1179 239 1326 272 exsistens,
1340 246 1403 266 cum
1420 238 1454 265 iis
1468 238 1515 272 qui
1532 238 1606 265 intus
1621 241 1696 269 sunt,
1711 237 1878 265 conversari
1896 246 1905 264 :

1099 286 1192 313 nullus
1210 293 1321 320 quoque
1339 284 1434 311 videre
1452 288 1543 318 potest
1559 283 1645 311 solem
1663 283 1716 318 25
1734 283 1787 310 sub
1803 283 1885 310 nube
1897 303 1905 315 ,

1099 338 1151 358 nec
1177 331 1294 358 virtutes
1322 329 1433 360 animae,
1455 329 1587 355 vitiorum
1615 328 1707 355 adhuc
1735 327 1906 355 turbatione

1100 382 1240 404 manente.
1258 375 1312 403 Ora
1333 375 1435 406 Deum,
1454 379 1484 401 ut
1504 373 1553 401 tibi
1575 373 1679 401 sentire
1699 373 1746 401 det
1764 373 1904 400 allectum

1101 423 1215 458 spiritus
1235 427 1264 450 et
1286 422 1456 449 desiderium
1480 420 1549 456 ejus.
1567 419 1692 455 Cumque
1713 420 1823 447 venerit
1847 419 1905 447 tibi

1102 469 1159 497 hac
1175 469 1339 497 sensualitas
1353 473 1382 496 et
1394 463 1564 496 desiderium
1579 466 1696 502 spiritus
1706 487 1713 499 ,
1729 470 1796 493 tunc
1810 465 1906 493 debes

1102 523 1117 542 a
1134 515 1237 542 mundo
1250 514 1409 547 discedere,
1423 518 1451 542 et
1465 513 1585 540 mundus
1600 520 1615 540 a
1630 516 1657 540 te
1673 512 1795 540 discedet
1810 521 1816 538 :
1832 519 1904 538 nam

1102 561 1162 588 sine
1182 561 1256 593 istis,
1272 560 1481 595 quietudinem,
1498 558 1660 593 religionem
1681 562 1709 585 et
1727 557 1905 592 colloquium

1102 606 1231 633 lectionis
1258 605 1292 632 ad
1323 605 1376 632 hoc
1406 609 1550 640 segregate
1583 603 1638 638 (Ill)
1668 603 1761 630 nullus
1791 602 1905 630 sentire

1103 656 1208 686 potest;
1227 655 1255 678 et
1270 651 1330 678 sine
1346 650 1390 678 his
1407 651 1452 677 illa
1470 658 1525 677 non
1542 656 1650 683 quaeras
1667 657 1674 675 :
1695 649 1718 675 si
1734 655 1801 676 vero
1818 655 1904 682 quae-

1103 697 1195 729 sieris,
1205 700 1404 724 convertentur
1414 695 1590 730 postmodum
1602 699 1631 723 et
1640 694 1795 729 corporalia
1808 693 1883 720 ﬁunt
1895 702 1902 720 :

1104 742 1151 776 qui
1168 741 1314 777 intelligit,
1331 741 1476 777 intelligat.
1489 741 1597 768 Placuit
1615 740 1733 775 sapienti
1749 739 1806 766 Deo
1823 743 1854 766 ut
1873 738 1902 765 in

1104 787 1206 815 sudore
1225 788 1272 815 hic
1292 787 1455 815 comedatur
1474 788 1570 822 panis;
1587 794 1638 813 nec
1653 793 1705 821 pro
1723 784 1828 812 malitia
1846 784 1905 811 hoc

1104 833 1185 865 fecit,
1201 833 1249 860 sed
1271 841 1306 860 ne
1328 833 1405 860 ﬁeret
1425 832 1604 868 indigestioni
1625 831 1707 860 nobis
1725 835 1754 858 et
1772 838 1904 858 morere-

261 879 340 902 tuum
359 880 387 902 et
405 883 456 910 per
475 877 627 904 studiosam
648 877 803 905 custodiam
823 877 1010 912 quietudinis.
1028 880 1056 904 et
1072 868 1093 898 B
1107 887 1170 907 mur
1186 888 1192 906 :
1210 887 1382 914 unaquaeque
1395 879 1485 906 virtus
1498 884 1587 906 mater
1600 882 1642 906 est
1656 877 1794 905 secundae.
1808 876 1838 904 Si
1854 876 1902 904 di-

261 919 381 954 percipis
397 921 469 955 quod
488 929 589 956 corpus
605 926 682 949 tuum
698 927 841 950 moveatur
853 923 974 950 violenta
990 930 1054 958 pas-

260 966 337 993 sione
356 966 565 1000 fornicationis,
580 973 609 995 et
629 973 738 1003 praestet
756 969 910 996 naturalem
932 973 1054 1001 motum,

260 1011 331 1038 scias
353 1013 426 1047 quod
454 1013 670 1048 cogitationibus
698 1014 836 1049 superbia:
862 1022 893 1042 es
918 1018 1053 1042 tentatus.

259 1059 373 1092 Appone
392 1065 475 1093 ergo,
491 1067 584 1093 quaere
602 1059 631 1086 in
650 1059 713 1086 cibo
730 1063 777 1087 tuo
795 1064 822 1088 et
838 1060 970 1088 cohibeas
987 1068 1054 1088 ven-

259 1107 329 1130 trem
357 1108 452 1136 tuum,
471 1110 499 1132 et
520 1109 647 1133 scrutare
669 1106 736 1141 quid
759 1106 885 1141 cogistati
897 1126 905 1138 ,
920 1110 949 1134 et
967 1106 1055 1142 adiice

261 1151 453 1178 alterationcm
480 1157 586 1179 natura:
614 1156 684 1185 tum,
707 1158 737 1180 et
759 1153 786 1180 in
811 1153 946 1180 naturalia
972 1160 1055 1187 opera

261 1200 324 1230 tua;
347 1200 375 1223 et
396 1197 510 1224 forsitan
532 1198 606 1225 Deus
627 1198 805 1225 miserebitur
826 1197 882 1230 tui,
898 1202 926 1225 et
946 1197 1056 1225 emittet

259 1241 312 1269 tibi
334 1242 442 1275 lucem,
466 1247 497 1270 ut
516 1243 631 1278 adjicias
653 1243 810 1277 humiliari,
829 1252 864 1272 ne
884 1249 929 1271 tua
949 1243 1054 1271 malitia

260 1292 403 1327 augeatur.
415 1288 454 1316 Ne
469 1296 610 1316 cessemus
622 1296 688 1325 ergo
702 1290 853 1317 laborando
866 1294 894 1317 et
905 1289 1053 1321 studendo,

260 1339 290 1361 ut
307 1334 499 1369 paenitentiam
516 1334 661 1363 videamus
681 1335 708 1362 in
727 1335 822 1368 nobis,
838 1339 866 1363 et
883 1335 1055 1362 inveniamus

260 1379 462 1413 humilitatem,
478 1385 506 1407 et
523 1379 697 1414 requiescant
714 1380 741 1407 in
758 1380 815 1407 Deo
831 1379 915 1407 corda
933 1384 1027 1407 nostra
1045 1389 1052 1407 :

260 1425 305 1452 cui
319 1425 355 1452 sit
368 1425 459 1452 honor
472 1429 500 1453 et
515 1425 601 1461 gloria
614 1426 642 1452 in
656 1425 757 1452 saecula
768 1425 942 1453 saeculorum.
955 1424 1052 1453 Amen.

533 1493 646 1521 CAPUT
665 1493 778 1520 XXXII.

261 1548 337 1584 Quod
352 1550 427 1577 homo
442 1550 534 1587 debeat
550 1551 674 1587 meditari
689 1551 761 1586 prius
779 1556 802 1578 et
818 1560 912 1579 causas
929 1560 1056 1587 compun-

475 1586 569 1612 ctionis
585 1589 609 1612 et
623 1586 713 1621 futura
730 1587 839 1621 gaudia.

298 1640 327 1669 Si
342 1641 519 1676 singulariter
532 1650 628 1669 manes
641 1643 668 1669 in
683 1643 752 1670 cella
766 1649 822 1677 tua,
835 1643 971 1671 meditare
985 1651 1056 1671 sem-

263 1694 312 1720 per
330 1693 413 1721 super
429 1687 549 1721 psalmos
569 1692 597 1715 et
613 1695 710 1716 causas
727 1689 964 1724 compunctionis,
982 1693 1011 1717 et
1027 1689 1054 1716 in

263 1732 395 1759 memoria
411 1733 507 1760 mortis
520 1738 548 1761 ct
563 1734 590 1760 in
607 1741 655 1769 spe
668 1734 837 1767 futurorum,
851 1735 874 1762 si
890 1735 1011 1762 nondum
1025 1743 1056 1763 es

267 1786 360 1805 veram
375 1779 636 1814 contemplationem
650 1780 774 1815 adeptus.
789 1781 852 1808 Ilaec
864 1780 966 1808 etenim
982 1780 1057 1808 colli-

262 1829 330 1860 gunt
342 1830 472 1858 mentem,
483 1834 533 1854 nec
544 1826 709 1861 permittunt
719 1835 778 1854 eam
791 1827 959 1859 discurrere,
969 1827 1057 1855 donec

263 1870 356 1896 veniat
378 1871 573 1905 contemplatio
594 1879 659 1899 vera
681 1879 689 1898 :
710 1879 774 1898 nam
796 1872 920 1907 potentia
942 1872 1056 1907 spiritus

263 1916 361 1943 fortior
377 1920 419 1943 est
436 1916 521 1944 vitiis.
535 1917 666 1945 Meditare
684 1917 767 1944 etiam
787 1918 815 1944 in
833 1925 880 1952 spe
898 1918 1055 1945 futurorum

262 1969 324 1988 eum
339 1962 532 1990 recordatione
546 1963 605 1995 Dei,
617 1967 644 1990 et
656 1963 802 1991 considera
817 1963 963 1999 diligenter
977 1964 1057 1991 intel-

263 2008 402 2043 ligentiam
418 2008 624 2043 praedictorum,
637 2014 665 2037 et
677 2017 743 2037 cave
760 2009 809 2036 tibi
826 2017 841 2036 a
857 2011 939 2037 rebus
953 2010 1057 2037 extrin-

262 2054 334 2081 secis
348 2062 409 2088 qua:
421 2058 446 2081 te
460 2059 572 2081 movent
585 2054 617 2081 ad
634 2054 883 2090 concupiscentias,
895 2059 922 2082 et
935 2063 950 2082 a
965 2055 1058 2090 pravis

263 2106 325 2133 quae
339 2099 407 2126 facis
420 2100 448 2126 in
463 2100 531 2126 cella
547 2103 593 2126 tua
610 2108 708 2127 caveas
726 2100 775 2127 tibi
794 2101 866 2128 sicut
882 2101 915 2128 ab
934 2101 1015 2136 ipsis,
1028 2106 1058 2128 et

264 2149 389 2172 scrutare
403 2145 585 2180 cogitationes
599 2149 670 2177 tuas,
681 2150 710 2173 et
722 2153 770 2173 ora
787 2151 816 2173 ut
827 2147 923 2174 oculos
940 2147 968 2174 in
983 2147 1057 2174 omni

256 2190 477 2217 “conversatione
494 2190 630 2222 acquiras,
643 2194 671 2218 et
683 2191 782 2218 exinde
796 2192 893 2226 incipit
906 2192 972 2219 oriri
987 2201 1054 2228 gau-

266 2234 356 2267 dium;
373 2238 438 2261 tunc
452 2235 556 2269 etenim
571 2235 695 2271 invenies
709 2235 902 2264 tribulationes
917 2237 1056 2265 dulciores

266 2278 356 2306 melle.
368 2278 454 2306 Nemo
469 2284 560 2314 potest
573 2280 638 2306 vitia
654 2288 795 2315 superare,
809 2282 863 2309 nisi
878 2290 926 2317 per
940 2283 1057 2310 sensibi-

265 2325 306 2352 lcs
319 2324 499 2359 visibilesque
515 2326 642 2354 virtutes.
655 2327 860 2362 Dispersionem
876 2337 940 2356 vero
957 2330 1058 2357 mentis

265 2370 359 2398 nullus
371 2371 482 2398 vincere
497 2375 602 2406 potest,
616 2372 669 2399 nisi
687 2373 713 2399 in
728 2374 925 2401 exercitatione
938 2375 1058 2402 scientite

265 2416 428 2451 spiritualis.
441 2417 518 2444 Mens
530 2422 624 2445 nostra
638 2418 707 2446 levis
719 2423 760 2446 est
775 2428 781 2446 :
796 2419 849 2447 nisi
863 2420 963 2455 ligetur
975 2420 1056 2448 alicui

264 2463 433 2498 cogitationi,
447 2471 462 2490 a
474 2462 646 2499 dispersione
659 2472 716 2491 non
730 2470 833 2498 cessat;
849 2474 880 2493 ac
895 2466 953 2493 sine
968 2466 1057 2501 perfe-

265 2509 356 2535 ctione
369 2509 503 2536 virtutum
520 2509 689 2544 impossibile
705 2515 747 2537 est
762 2511 833 2538 hanc
847 2511 979 2538 virtutem
995 2512 1054 2539 adi-

267 2555 333 2589 pisci
357 2564 361 2580 :
385 2555 436 2582 nisi
458 2556 520 2590 quis
539 2556 674 2583 devicerit
684 2556 831 2589 inimicos,
847 2565 900 2584 non
921 2562 1011 2592 potest
1028 2557 1054 2584 in

268 2609 334 2634 pace
349 2601 461 2627 morari.
474 2602 507 2628 Et
523 2602 544 2628 si
560 2611 610 2636 pax
625 2611 679 2629 non
693 2608 798 2638 regnat,
811 2603 949 2638 quomodo
965 2607 1055 2638 potest

269 2647 393 2674 invenire
406 2656 467 2682 qua)
481 2653 544 2675 sunt
560 2653 655 2676 contra
671 2650 782 2683 pacem?
797 2649 861 2676 vitia
875 2657 985 2684 quoque
999 2649 1056 2676 dia-

268 2693 352 2728 l'r-igia
370 2693 497 2721 virtutem
515 2695 612 2721 animtc
628 2695 851 2726 occultaverunt,
867 2699 895 2721 et
911 2695 963 2721 nisi
982 2695 1056 2729 prius

268 2739 414 2767 diruantur
428 2748 476 2774 per
491 2734 650 2768 manifestas
665 2741 798 2774 virtutes,
812 2749 865 2768 non
885 2745 999 2775 possunt
1013 2740 1055 2767 in-

1104 925 1213 953 miseris
1230 930 1345 953 matrem
1360 933 1421 960 qua:
1437 925 1511 960 parit
1525 925 1644 952 virtutes
1658 929 1687 951 et
1701 923 1803 951 abieris
1819 931 1902 958 qua:—

1103 979 1166 999 rere
1188 971 1273 1004 ﬁlias,
1290 979 1342 999 nec
1364 971 1443 1007 prius
1466 975 1580 998 matrem
1603 970 1725 1006 ipsarum
1749 969 1900 1004 acquiras,

1103 1017 1170 1052 ipsa:
1182 1017 1361 1045 invenientur
1381 1018 1479 1044 anima:
1499 1017 1571 1044 sicut
1590 1017 1702 1051 viperae,
1716 1016 1737 1043 si
1758 1024 1773 1043 a
1794 1021 1821 1043 te
1840 1023 1902 1042 non

1103 1063 1234 1098 projicias
1253 1063 1324 1090 illas.

1367 1116 1479 1144 CAPUT
1501 1115 1620 1142 XXXI".

1368 1161 1452 1196 Signa
1480 1161 1629 1187 clmritatis.

1138 1218 1267 1246 Charitas
1286 1218 1335 1246 Dei
1360 1217 1526 1246 naturaliter
1551 1217 1640 1245 calida
1665 1220 1718 1248 est,
1737 1219 1766 1243 et
1783 1214 1900 1250 quando

1104 1263 1179 1292 cadit
1191 1272 1275 1298 super
1293 1263 1426 1297 aliquem,
1445 1263 1592 1290 moderare
1608 1262 1674 1290 facit
1685 1262 1758 1289 illam
1774 1261 1898 1288 animam

1103 1309 1286 1340 excessivam,
1316 1309 1382 1344 quia
1405 1309 1570 1347 charitatem
1592 1309 1620 1335 in
1644 1316 1673 1335 se
1691 1307 1751 1342 capi
1770 1307 1901 1342 percepit

1104 1360 1132 1382 et
1149 1354 1261 1382 morari.
1279 1355 1360 1382 Juxta
1375 1361 1532 1381 mensuram
1548 1361 1617 1381 vero
1636 1353 1779 1388 qualitatis
1795 1359 1900 1387 super-

1104 1400 1242 1427 venientis
1266 1400 1329 1432 sibi,
1357 1399 1501 1427 charitatis
1519 1400 1682 1427 inconsueta
1699 1399 1811 1426 videtur
1828 1398 1901 1425 alte-

1105 1446 1177 1474 ratio
1195 1446 1222 1473 in
1237 1446 1346 1478 eodem,
1365 1450 1393 1473 et
1410 1445 1469 1473 haec
1479 1449 1545 1472 sunt
1564 1445 1708 1473 sensibilia
1724 1445 1803 1480 signa
1823 1445 1898 1480 ejus.

1105 1492 1149 1519 Fit
1177 1491 1264 1520 facies
1293 1491 1414 1519 hominis
1444 1491 1610 1523 rubicunda,
1637 1490 1769 1526 joeunda,
1795 1498 1901 1525 corpus

1068 1542 1089 1570 Ο
1104 1539 1166 1574 ejus
1183 1538 1285 1571 caleﬁt,
1310 1538 1445 1566 recedunt
1461 1538 1495 1565 ab
1517 1545 1551 1565 eo
1567 1538 1649 1565 timor
1667 1541 1696 1564 et
1714 1536 1898 1568 verecundia,

1105 1589 1133 1612 et
1162 1584 1194 1611 ﬁt
1222 1584 1402 1617 excessivus;
1427 1587 1456 1611 et
1486 1584 1576 1611 virtus
1591 1591 1654 1618 quae
1678 1587 1800 1610 mentem
1817 1584 1899 1616 colit,

1105 1630 1213 1658 recedit
1228 1630 1262 1657 ab
1277 1629 1347 1664 ipso,
1363 1633 1392 1657 et
1410 1629 1440 1656 ﬁt
1457 1628 1536 1664 quasi
1560 1629 1687 1662 demens,
1702 1633 1731 1656 et
1743 1628 1900 1655 terribilem

1105 1681 1222 1703 mortem
1237 1679 1348 1710 reputat
1364 1674 1508 1710 gaudium.
1524 1674 1580 1701 Nec
1600 1673 1702 1702 cecidit
1723 1674 1900 1708 contempla-

1106 1722 1145 1749 tio
1172 1721 1232 1756 ejus
1256 1728 1271 1748 a
1298 1720 1523 1748 consideratione
1549 1719 1717 1750 caelestium.
1742 1724 1770 1747 et
1796 1719 1901 1747 absens

1105 1772 1236 1802 tanquam
1256 1774 1376 1801 prtesens
1398 1766 1560 1801 alloquitur,
1578 1774 1634 1793 non
1648 1766 1725 1793 visus
1739 1765 1774 1793 ab
1793 1766 1898 1800 aliquo.

1107 1813 1230 1841 Scientia
1242 1817 1271 1840 et
1284 1813 1355 1840 visio
1371 1813 1432 1847 ejus
1456 1812 1591 1839 naturalis
1615 1815 1825 1846 pertranseunt,
1846 1819 1902 1839 nec

1107 1859 1226 1894 percipit
1245 1859 1411 1886 sensualiter
1435 1863 1540 1886 motum
1561 1859 1608 1893 qui
1623 1862 1666 1885 est
1678 1858 1706 1884 in
1718 1858 1803 1886 rebus
1820 1858 1899 1891 suis;

1106 1909 1135 1932 et
1156 1905 1234 1940 quasi
1250 1909 1324 1932 esset
1339 1913 1402 1932 cum
1420 1905 1525 1939 aliquo,
1545 1908 1702 1932 exercetur.
1729 1903 1757 1931 ln
1772 1904 1824 1930 hac
1836 1911 1901 1939 pas-

1107 1951 1185 1979 sione
1205 1952 1335 1979 inebriati
1359 1957 1424 1979 sunt
1450 1951 1567 1986 apostoli
1583 1954 1612 1977 et
1635 1954 1779 1985 martyres,
1795 1953 1824 1977 et
1838 1950 1902 1985 qui-

1106 1997 1169 2024 dam
1198 2005 1295 2025 eorum
1321 1998 1521 2025 destruxcrunt
1547 2001 1635 2024 totum
1654 1996 1762 2028 orbem,
1780 2000 1809 2023 et
1823 1996 1901 2023 labo-

1106 2048 1249 2075 raverunt,
1274 2048 1302 2070 et
1327 2043 1522 2070 sustinuerunt
1548 2041 1709 2076 opprobria,
1724 2041 1857 2068 similiter
1872 2044 1901 2068 ct

1107 2094 1243 2124 martyres
1256 2097 1318 2116 cum
1332 2089 1437 2116 eisdem
1453 2093 1481 2116 ct
1497 2089 1524 2115 in
1539 2088 1660 2116 desertis
1673 2092 1852 2119 erraverunt,
1873 2092 1902 2114 et

1107 2135 1360 2170 irrcgularitatibus
1389 2135 1570 2170 compositis;
1592 2139 1621 2162 et
1643 2142 1704 2161 cum
1732 2138 1827 2160 essent
1856 2142 1897 2161 sa-

1109 2181 1228 2216 pientes,
1245 2181 1369 2216 dcputati
1387 2186 1451 2208 sunt
1468 2181 1612 2208 dementes
1626 2189 1632 2206 :
1650 2179 1683 2207 ad
1701 2180 1773 2206 hanc
1787 2179 1901 2207 demen-

1111 2227 1175 2254 tiam
1192 2227 1321 2261 dignetur
1332 2227 1404 2254 Deus
1422 2234 1472 2253 nos
1490 2227 1645 2261 pervenire.
1661 2225 1760 2252 Amen.
1800 2233 1802 2235 ν

1145 2273 1297 2307 Antequam
1314 2273 1475 2307 perveneris
1497 2272 1531 2300 ad
1556 2273 1698 2300 civitatem
1725 2271 1899 2302 humilitatis,

1109 2318 1133 2345 si
1150 2319 1255 2346 videris
1274 2323 1300 2346 te
1318 2319 1407 2353 ipsum
1431 2318 1505 2353 quod
1522 2317 1653 2352 quievisti
1669 2317 1704 2344 ab
1720 2316 1901 2343 infcstationc

1109 2364 1253 2396 vitiorum,
1266 2371 1301 2390 ne
1313 2363 1411 2390 credas
1424 2363 1542 2390 tibimet.
1556 2362 1675 2390 Insidias
1690 2361 1824 2396 quasdam
1848 2361 1898 2388 tibi

1110 2414 1212 2437 statuet
1233 2409 1372 2442 inimicus,
1393 2413 1420 2436 et
1434 2413 1562 2444 exspecta
1579 2411 1642 2443 post
1662 2407 1785 2442 quietem
1803 2406 1900 2433 turba-

1111 2456 1213 2483 tionem
1242 2456 1375 2483 multam:
1394 2459 1538 2490 postquam
1555 2461 1621 2481 vero
1642 2452 1786 2480 transieris
1805 2452 1899 2487 hospi-

1110 2502 1147 2529 tia
1161 2502 1306 2534 virtutum,
1320 2509 1373 2528 non
1387 2500 1512 2528 oecurris
1531 2500 1587 2535 (42)
1605 2499 1694 2534 quieti
1708 2506 1723 2525 a
1737 2498 1899 2533 fatigatione

1110 2552 1167 2579 tua,
1194 2547 1228 2574 ab
1245 2547 1410 2573 adversariis
1427 2544 1616 2580 respirationi,
1638 2544 1727 2571 donec
1746 2544 1840 2578 possis
1866 2543 1899 2570 ad

1110 2593 1276 2620 humilitatis
1288 2592 1475 2620 habitaculum
1494 2590 1652 2626 pervenire.

1371 2648 1483 2677 CAPUT
1513 2647 1634 2674 XXXIV.

1209 2695 1243 2722 De
1258 2699 1403 2730 spontaneo
1421 2694 1593 2720 tribulatione
1606 2701 1653 2728 pro
1669 2693 1802 2728 prox-imo.

1146 2741 1251 2775 Religio
1273 2745 1358 2768 mater
1379 2744 1419 2766 cst
1437 2740 1601 2770 sanctitatis,
1620 2747 1652 2766 ex
1669 2747 1722 2773 qua
1734 2738 1826 2765 oritur
1843 2739 1901 2774 pri-

307 2811 362 2842 i“)
374 2810 413 2837 Ad
425 2811 471 2837 hac
486 2814 632 2843 srgrrquto.
662 2810 713 2836 Ista
731 2811 757 2837 in
781 2811 879 2837 mendo
898 2811 998 2837 ('nllarc
1016 2808 1154 2837 videnlur.

308 2846 362 2881 (42)
379 2846 510 2873 Orrurris.
525 2845 614 2876 Forte,
631 2853 763 2872 orrurras.
