1967 3091
79 158 138 189 865

608 155 725 186 LIBER
745 154 794 186 DE
814 153 1042 185 CONTEMPTU
1062 155 1200 186 MUNDI.

1660 153 1714 185 866

80 223 125 243 ma
157 213 344 249 perceptionis
366 213 485 247 gustatio
516 217 686 240 secretorum
717 211 783 244 Dei,
814 217 874 245 quae
888 211 911 241 Α
926 211 1052 246 corporis
1072 215 1114 239 est
1139 219 1254 247 regnum
1271 210 1388 244 mentis;
1407 217 1458 238 nec
1473 210 1621 246 subjicitur
1636 219 1715 239 mens

80 267 196 289 vocatur
217 260 325 295 primus
345 259 414 286 ordo
436 258 604 293 cognitionis
632 258 757 292 spiritus.
787 258 873 284 Nemo

79 306 201 341 decipiat
220 307 246 332 te
262 305 351 340 ipsum
367 304 561 339 phantasmate
577 303 770 336 divinationis,
786 310 873 338 quare

81 351 174 378 videat
194 350 297 378 anima.
323 350 423 377 Anima
450 349 524 376 enim
546 348 649 376 infecta
669 357 725 376 non
749 348 874 376 ascendit

80 398 114 425 ad
135 405 250 433 regnum
275 395 422 428 mundum,
449 403 502 422 nec
529 395 707 430 conjungitur
729 394 875 430 spiritibus

80 448 253 471 sanctorum.
282 441 410 469 Clariﬁca
437 441 567 468 decorem
589 441 726 468 castitatis
741 445 794 468 tua:
811 449 873 468 cum

81 488 213 524 laerymis
225 492 254 514 et
265 486 380 523 jcjuniis
400 490 429 514 et
440 486 564 514 solitaria
581 486 745 521 quietudine
763 494 770 513 :
784 486 873 514 tribu-

80 535 148 562 latio
163 541 247 569 parva
264 540 314 568 pro
328 533 385 561 Deo
406 533 479 560 facta
499 533 597 560 melior
611 537 654 560 est
668 540 752 568 opere
775 541 874 568 magno

81 580 156 616 quod
175 580 234 608 sine
264 580 447 607 tribulatione
462 578 618 614 perﬁcitur.
634 579 705 612 Quia
721 583 874 614 spontanea

83 627 226 655 tribulatio
239 625 432 661 probationem
445 625 509 652 ﬁdei
521 629 549 652 et
562 625 708 652 charitatis
718 624 784 652 facit
795 624 873 651 oriri:

81 680 153 708 opus
172 671 274 707 quietis
289 679 322 698 ex
342 671 488 698 saturitate
504 670 685 698 conscientia:
702 670 742 697 fit.
757 670 792 697 Et
811 670 875 697 ideo

81 719 111 746 in
130 717 359 745 tribulationibus
374 717 483 752 probati
499 720 564 744 sunt
579 716 666 743 sancti
680 723 730 751 pro
740 716 874 743 eharitate

79 764 197 796 Christi,
211 763 259 791 sed
275 771 330 790 non
342 763 369 790 in
386 762 557 798 refrigeriis;
571 761 702 796 quoniam
719 769 790 796 opus
800 761 874 796 quod

81 811 112 838 fit
128 810 187 838 sine
203 809 309 842 labore,
322 809 429 844 justitia
444 812 485 836 est
497 815 679 843 personarum
698 807 872 835 szecularium

79 864 144 891 qua:
159 856 194 883 de
206 855 394 883 exterioribus
412 854 519 881 faciunt
532 854 747 889 eleemosynam,
764 861 815 880 nec
828 853 873 880 lu-

79 906 196 930 crantur
211 901 240 928 in
261 900 428 936 semetipsis.
454 900 494 927 Tu
510 904 612 932 autem,
631 907 647 927 ο
661 899 798 935 passionis
823 907 871 926 co—

79 952 162 974 nator
181 947 223 974 vel
251 950 382 978 sectator,
410 946 490 973 stude
511 945 538 972 in
566 945 713 980 tcmetipso
727 949 758 972 ut
771 944 872 980 dignus

80 993 131 1020 ﬂas
146 997 257 1028 gustare
273 991 389 1027 gloriam
409 992 470 1027 ejus
488 1000 494 1018 :
515 991 589 1024 Quod
604 992 626 1018 si
641 991 829 1026 compatimur,
847 995 871 1017 et

78 1039 290 1074 gloriﬁcubimur
307 1039 346 1071 “;
375 1037 401 1065 id
425 1042 479 1070 est,
503 1046 559 1066 non
584 1037 757 1073 gloriﬁcatur
793 1044 872 1064 mens

78 1094 143 1114 cum
157 1085 234 1116 Jesu,
261 1084 316 1112 nisi
342 1085 448 1120 patitur
465 1092 569 1119 corpus
582 1092 646 1112 cum
661 1083 771 1112 Christo
785 1092 791 1110 :
806 1091 872 1118 ergo

78 1130 129 1165 qui
144 1129 299 1157 contemnit
327 1129 475 1157 humanam
499 1129 626 1164 gloriam,
640 1129 686 1157 hic
703 1134 746 1157 est
760 1129 807 1156 ille
824 1128 872 1164 qui

78 1175 113 1202 ﬁt
125 1174 226 1210 dignus
245 1174 331 1209 gloria
346 1174 406 1207 Dei,
428 1179 456 1201 et
478 1175 681 1210 gloriﬁcabitur
696 1182 797 1210 corpus
811 1175 872 1210 ejus

78 1229 144 1249 cum
173 1221 275 1248 anima.
304 1220 398 1248 Gloria
429 1221 504 1248 enim
528 1222 652 1256 corporis
676 1221 811 1257 subjectio
831 1225 872 1248 cst

78 1267 217 1294 castitatis
231 1275 294 1294 cum
306 1267 372 1294 Deo.
386 1268 480 1295 Gloria
493 1275 558 1295 vero
573 1267 685 1300 mentis,
701 1267 872 1302 contempla-

79 1312 122 1340 tio
136 1320 201 1340 vera
218 1313 252 1339 de
266 1313 332 1340 Deo.

115 1359 331 1386 Abrenuntiatio
355 1366 421 1386 vero
441 1358 543 1393 duplex
566 1363 609 1386 est
632 1359 661 1386 in
689 1359 820 1394 operibus
844 1363 873 1387 et

77 1404 262 1440 opprobriis;
278 1412 339 1432 nam
355 1404 495 1439 quomodo
508 1405 613 1440 patitur
629 1413 741 1440 corpus,
759 1409 787 1433 et
798 1413 874 1433 com-

79 1449 204 1485 patiatur
216 1457 275 1476 cor.
293 1448 323 1476 Si
341 1457 408 1477 vero
428 1457 483 1476 non
499 1450 572 1488 nosti
590 1449 686 1481 Deum,
702 1449 872 1484 impossibile

78 1500 124 1523 est
149 1495 177 1522 in
196 1499 222 1523 te
251 1495 356 1522 moveri
385 1495 551 1523 charitatem
574 1496 645 1531 ejus,
669 1503 720 1523 nec
737 1499 815 1530 potes
829 1495 872 1522 di—

78 1541 169 1577 ligere
189 1541 287 1573 Deum,
309 1541 363 1569 nisi
381 1541 476 1569 videas
490 1549 554 1569 eum
572 1551 578 1568 :
598 1541 669 1569 visio
685 1549 802 1576 namque
824 1541 871 1569 Dei

79 1587 114 1614 ﬁt
133 1595 168 1615 ex
190 1588 279 1622 ipsius
306 1588 442 1621 scientia;
469 1596 527 1616 non
548 1589 622 1616 enim
647 1588 780 1623 pracedit
804 1588 874 1616 visio

78 1633 236 1661 scientiam.

117 1679 156 1707 De
169 1680 230 1715 ipso
241 1679 284 1708 fac
299 1688 353 1713 me,
365 1680 492 1714 Domine,
510 1681 582 1708 scire
598 1684 635 1714 te,
649 1685 677 1708 et
689 1681 804 1716 diligere
817 1688 873 1708 non

80 1725 244 1755 lnscientia
265 1726 450 1762 dispersionis
470 1727 584 1759 mentis,
611 1734 672 1762 qua:
693 1726 723 1754 ﬁt
740 1727 775 1753 ab
794 1734 874 1754 exer-

79 1770 234 1804 citatione;
258 1771 307 1800 sed
323 1771 367 1799 fac
382 1779 425 1799 me
440 1772 555 1807 dignum
570 1772 617 1799 illa
633 1772 748 1800 scientia
768 1772 795 1799 in
819 1779 874 1807 qua

80 1821 161 1842 mens
179 1819 205 1842 te
223 1815 322 1843 videns
345 1816 481 1851 gloriﬁcat
501 1821 631 1845 naturam
655 1825 743 1850 suam,
761 1819 790 1844 in
805 1825 873 1845 con-

80 1860 263 1895 templatione
287 1869 348 1896 quae
373 1862 490 1897 surripit
511 1863 717 1891 sensualitatem
745 1863 840 1891 mundi
857 1871 873 1891 a

81 1910 177 1933 mente
192 1915 199 1933 :
221 1906 263 1934 fac
278 1915 322 1935 me
344 1908 434 1935 attolli
450 1909 484 1936 ab
499 1914 613 1944 aspectu
637 1909 789 1937 voluntatis
812 1917 874 1945 quae

82 1950 279 1987 phantasmata
300 1954 399 1988 gignit.
425 1958 453 1981 et
465 1954 562 1982 videre
581 1955 648 1982 tein
666 1955 799 1982 violentia
815 1955 874 1982 vin-

80 1996 150 2029 culi,
166 1998 246 2033 cujus
267 1998 295 2025 in
321 2004 399 2033 parte
414 2000 536 2027 secunda
553 2000 743 2028 crucifixionis
761 2001 871 2034 mentis,

79 2049 144 2077 quae
157 2043 185 2070 in
200 2043 329 2072 libertate
343 2045 495 2073 constituta
509 2051 600 2074 cessat
613 2047 647 2074 ab
660 2046 779 2075 efﬁcacia
793 2047 875 2074 intel-

80 2087 208 2115 lectuum
233 2097 282 2124 per
311 2091 473 2118 continuam
502 2092 766 2127 contemplationem
799 2096 872 2120 tuam

81 2141 144 2169 qua:
166 2139 210 2162 est
233 2143 318 2170 supra
337 2141 476 2164 naturam.
500 2138 574 2165 Pone
589 2138 617 2164 in
635 2146 678 2165 me
695 2143 871 2174 augmentum

80 2182 228 2209 eharitatis
251 2187 315 2215 ture,
342 2187 373 2210 ut
396 2188 459 2218 post
487 2191 610 2211 amorem
638 2188 714 2211 tuum
733 2185 839 2212 veniam
857 2192 872 2212 a

81 2227 189 2254 mundo
211 2227 265 2255 isto
289 2237 295 2254 :

82 2276 138 2299 tua:
165 2273 193 2299 in
218 2281 271 2308 qua
296 2279 477 2302 conversatus
500 2282 531 2302 es
554 2275 658 2302 mundo
674 2275 702 2302 in
720 2275 874 2303 velamento

81 2318 158 2354 quod
183 2319 297 2346 induisti
326 2319 360 2347 de
382 2320 517 2348 membris
540 2321 655 2353 nostris,
674 2326 704 2348 ut
719 2321 747 2348 in
765 2321 815 2348 hac
832 2321 874 2348 in-

81 2364 224 2392 deﬁcienti
243 2373 276 2393 ex
295 2366 412 2393 inoblita
426 2367 621 2394 recordatione
646 2374 784 2394 assumam
810 2375 872 2395 cum

80 2410 268 2439 delectatione
288 2412 473 2439 humilitatem
495 2416 689 2440 naturzemete.

357 2478 470 2506 CAPUT
493 2477 601 2505 XXXV.

208 2534 247 2561 De
264 2535 366 2561 duabus
382 2535 578 2561 ascensionibus
594 2536 621 2561 in
634 2543 748 2562 crucem.

117 2594 178 2621 Duo
192 2598 257 2621 sunt
275 2593 349 2621 modi
363 2592 535 2621 ascensionis
549 2593 576 2620 in
591 2601 704 2621 crucem
717 2603 723 2621 :
737 2602 809 2622 unus
830 2599 873 2622 est

78 2640 226 2668 cruciﬁxio
257 2639 393 2674 corporis,
410 2644 438 2667 et
454 2639 526 2666 alius
539 2643 581 2666 est
602 2639 751 2667 ascendere
767 2641 794 2667 in
807 2648 873 2667 con-

30 2684 37 2688 ’
78 2686 312 2721 templationem:
330 2690 358 2713 et
373 2685 481 2720 primus
506 2684 619 2719 quidem
647 2685 677 2712 ﬁt
701 2693 716 2712 a
745 2685 872 2714 libertate

79 2737 140 2764 tua,
166 2732 306 2759 secundus
330 2740 397 2759 vero
419 2733 453 2759 ab
476 2732 578 2760 eﬁ‘ectu
603 2739 729 2766 operum,
755 2733 799 2760 cui
817 2740 872 2760 non

79 2778 225 2814 subjicitur
247 2786 335 2811 mens,
351 2779 404 2806 nisi
417 2786 519 2813 corpus
534 2778 706 2814 subjiciatur.
723 2779 872 2808 Cruciﬁxio

118 2868 140 2885 “
156 2867 237 2896 Rom.
252 2875 308 2901 vin,
324 2868 367 2896 l7.
406 2868 428 2884 “
443 2868 534 2896 Eccle.
549 2876 575 2900 x.
596 2869 637 2896 l6.

322 2235 392 2256 exue
423 2229 678 2257 considerationem
708 2230 911 2264 humilitatisp

925 257 992 289 Deo,
1005 257 1060 284 nisi
1075 257 1239 292 subjiciatur
1258 257 1373 284 libertas
1388 256 1496 283 arbitrii
1516 265 1522 283 :
1540 261 1631 284 tamen
1645 257 1716 284 dith-

924 304 976 330 cile
992 308 1035 331 est
1050 303 1177 331 exhiberi
1199 303 1325 338 quaedam
1351 303 1403 330 alia
1420 303 1459 330 illi
1471 303 1517 338 qui
1535 302 1658 330 novitius
1673 306 1716 330 est

924 354 950 376 ct
976 353 1049 377 statu
1076 358 1156 385 puer.
1181 350 1320 385 Scriptum
1343 355 1387 378 est
1409 350 1529 384 utique:
1546 350 1588 377 γω
1614 349 1715 376 civitati

924 397 1001 432 cujus
1028 405 1075 424 rm:
1097 405 1162 432 puer
1176 397 1218 424 vel
1230 398 1325 433 junior
1342 401 1380 424 est
1394 397 1426 423 “.
1444 396 1609 431 Quicunque
1619 396 1716 430 subje-

925 443 995 470 cerit
1008 451 1036 470 se
1049 452 1099 478 pro
1115 444 1180 476 Deo,
1197 451 1283 478 prope
1299 447 1342 470 est
1356 447 1387 470 ut
1401 443 1565 478 subjiciatur
1581 442 1645 469 sibi.
1662 441 1714 475 Qui

924 490 1065 525 cognoscit
1077 490 1211 524 seipsum,
1225 489 1343 517 scientia
1357 489 1481 516 omnium
1498 489 1580 516 datur
1593 489 1618 515 ei
1633 497 1639 514 :
1651 495 1716 515 nam

924 535 1047 570 cognitio
1072 535 1184 567 suimet,
1207 535 1330 563 scientia:
1355 536 1480 562 omnium
1498 538 1540 561 est
1560 533 1714 569 plenitudo,

924 586 953 608 et
970 580 996 607 in
1014 580 1189 615 subjectione
1205 580 1303 608 animae
1315 587 1371 607 suae
1387 584 1487 607 cuncta
1498 579 1550 607 sibi
1564 579 1717 615 subjiciun-

925 631 981 653 tnr.
998 625 1134 660 Tempore
1161 633 1216 660 quo
1239 625 1382 652 humilitas
1395 625 1422 651 in
1437 624 1529 652 anima
1545 628 1591 651 tua
1608 627 1715 658 regnat,

924 677 953 698 et
969 672 996 698 in
1019 672 1232 699 conversatione
1256 677 1301 698 tua
1326 671 1474 710 subjicitur
1501 671 1593 698 anima
1614 674 1673 701 tua,
1687 674 1716 696 et

924 725 987 744 cum
1019 725 1051 745 ea
1073 724 1174 746 cuncta
1202 718 1388 753 subjieicntur
1411 727 1417 744 :
1445 718 1510 752 quia
1538 717 1662 752 gignitur
1686 715 1715 742 in

924 765 1007 791 corde
1025 768 1073 791 tuo
1084 772 1137 799 pax
1147 772 1162 791 a
1177 765 1244 792 Deo.
1262 764 1330 792 Cum
1346 769 1374 792 tu
1387 769 1464 791 extra
1478 771 1541 790 eum
1554 763 1649 795 fueris,
1659 770 1714 789 non

924 810 1012 837 solum
1025 818 1040 837 a
1052 811 1138 843 vitiis,
1153 811 1201 838 sed
1215 811 1249 837 ab
1266 811 1464 838 accedentibus
1476 810 1558 837 etiam
1568 815 1717 844 perseque-

925 857 974 884 ris.
986 857 1066 889 Vere,
1079 857 1269 889 Domine,nisi
1282 857 1420 884 humiliati
1433 857 1578 888 fuerimus,
1590 863 1644 883 non
1657 862 1717 882 ces-

925 910 969 930 sas
981 910 1033 930 nos
1041 903 1198 930 humiliare.
1213 904 1283 931 Vera
1293 904 1438 930 humilitas
1447 911 1561 938 germen
1574 901 1717 929 estscien-

926 949 980 982 tiae,
1005 953 1033 976 et
1051 950 1168 976 scientia
1184 957 1248 977 vera
1263 950 1390 984 genimen
1403 953 1446 976 cst
1462 948 1657 976 tentationum.

1153 1006 1208 1041 26
1229 1005 1341 1033 CAPUT
1365 1005 1484 1032 XXXVI.

1067 1062 1105 1089 De
1118 1063 1241 1089 continuo
1256 1061 1359 1088 silentio
1375 1065 1398 1087 et
1414 1060 1575 1096 quictudine.

959 1120 1127 1148 Continuum
1146 1119 1288 1147 silentium
1306 1123 1333 1146 et
1346 1117 1472 1146 custodia
1490 1115 1663 1152 quietudinis
1678 1123 1712 1143 ex

927 1167 1018 1194 tribus
1043 1166 1088 1193 his
1111 1166 1203 1193 causis
1226 1165 1296 1192 ﬁunt
1314 1173 1320 1191 :
1336 1165 1380 1191 vel
1398 1168 1512 1199 propter
1532 1162 1646 1198 gloriam
1661 1161 1713 1189 hov

925 1213 1044 1243 minum,
1068 1212 1111 1239 vel
1141 1215 1254 1246 propter
1282 1211 1398 1246 gloriam
1430 1209 1493 1237 cmli
1523 1209 1646 1240 virtutis,
1669 1208 1712 1235 vel

925 1257 1046 1292 aliquem
1059 1257 1183 1284 divinum
1198 1264 1345 1284 occursum
1362 1263 1444 1290 quem
1463 1255 1547 1282 habet
1559 1254 1660 1289 aliquis
1672 1253 1714 1280 in-

926 1308 968 1330 tra
980 1310 1019 1335 se,
1035 1303 1068 1329 ad
1086 1310 1166 1337 quem
1185 1301 1305 1328 trahitur
1325 1301 1434 1328 animus
1453 1300 1524 1335 ejus.
1550 1299 1714 1333 Quicunque

925 1356 981 1375 non
996 1348 1078 1375 habet
1095 1355 1128 1375 ex
1144 1347 1260 1374 alterius
1274 1351 1384 1378 neutra,
1408 1344 1567 1372 necessario
1588 1347 1712 1379 wgrotat.

926 1395 954 1422 ln
969 1394 1059 1429 primo
1078 1394 1167 1421 virtus
1184 1397 1236 1424 est,
1251 1401 1304 1420 non
1318 1392 1414 1426 utique
1439 1390 1625 1418 manifestatio
1641 1389 1713 1416 mul-

926 1443 1017 1466 tarum
1042 1446 1074 1466 ac
1097 1438 1270 1466 diversarum
1297 1437 1436 1464 actionum
1450 1443 1512 1471 quae
1533 1434 1714 1470 corporaliter

926 1489 1102 1517 exercentur,
1127 1485 1175 1512 sed
1204 1483 1440 1519 sapientissimum
1464 1489 1512 1509 cor
1536 1481 1564 1509 in
1586 1489 1634 1516 spe
1651 1488 1711 1508 sua.

925 1532 1042 1567 Copulat
1063 1532 1135 1559 enim
1160 1531 1250 1566 ipsum
1267 1530 1371 1558 divinis
1390 1529 1523 1564 operibus
1539 1527 1668 1559 intentio,
1686 1531 1714 1554 et

889 1565 910 1594 c
927 1565 1037 1606 animus
1052 1565 1323 1613 quidemimultotics
1339 1580 1432 1611 potest
1447 1576 1507 1603 sine
1522 1573 1714 1610 corporalibus

924 1625 1082 1653 actionibus
1107 1631 1236 1651 exercere
1250 1623 1364 1650 bonum.
1381 1622 1488 1657 Corpus
1505 1622 1563 1649 sine
1580 1620 1714 1656 sapientia

925 1672 1018 1700 cordis
1044 1672 1171 1707 quamvis
1192 1671 1342 1706 'operetur,
1368 1677 1423 1696 non
1441 1673 1532 1704 potest
1556 1668 1687 1704 prodesse
1705 1676 1712 1694 :

924 1722 1115 1746 verumtamen
1131 1725 1186 1744 non
1199 1717 1318 1744 sustinet
1331 1716 1415 1743 homo
1431 1715 1479 1742 Dei
1498 1722 1560 1742 cum
1578 1718 1714 1749 opportu-

923 1766 1039 1793 nitatem
1067 1764 1174 1792 invcnit
1200 1764 1299 1791 bonam
1329 1762 1473 1798 operandi,
1498 1762 1563 1797 quia
1589 1761 1713 1788 ostendit

924 1812 1048 1839 laborem
1064 1811 1168 1838 bonum
1183 1809 1353 1845 operationis
1368 1817 1436 1840 sum,
1452 1807 1615 1835 charitatem
1630 1814 1711 1842 quam

924 1859 1008 1886 habet
1024 1858 1058 1885 ad
1074 1857 1171 1884 Deum.
1196 1856 1305 1883 Primus
1321 1858 1414 1882 autem
1436 1853 1504 1881 ordo
1520 1861 1630 1888 semper
1641 1861 1712 1888 pro-

924 1908 1070 1940 speratur;
1093 1902 1232 1930 secundus
1247 1909 1313 1928 vero
1327 1901 1397 1928 ordo
1415 1900 1580 1935 quandoque
1595 1905 1711 1934 prospe-

924 1956 1012 1982 ratur,
1041 1949 1206 1984 quandoque
1226 1956 1292 1976 non.
1318 1947 1377 1975 Non
1401 1951 1481 1982 putes
1494 1945 1565 1980 quod
1594 1953 1638 1972 res
1661 1944 1711 1971 ista

924 2004 1009 2032 parva
1032 1996 1078 2027 sit,
1100 1999 1131 2022 ut
1154 1993 1221 2021 vitia
1237 1993 1330 2021 carnis
1354 1999 1464 2026 semper
1484 1990 1638 2026 quiescant.
1653 1989 1713 2016 Deo

924 2048 1017 2071 autem
1046 2046 1141 2069 nostro
1173 2040 1209 2067 sit
1239 2039 1327 2075 gloria
1355 2039 1382 2066 in
1412 2038 1510 2066 saecula
1534 2037 1712 2065 saeculorum.

924 2090 1022 2117 Amen.

1183 2154 1295 2182 CAPUT
1320 2152 1453 2182 XXXVII.

1198 2212 1235 2239 De
1256 2215 1326 2238 motu
1341 2211 1440 2238 carnis.

959 2270 1048 2296 Motus
1069 2273 1162 2296 autem
1181 2268 1345 2295 inferiorum
1369 2267 1556 2294 membrorum
1572 2264 1710 2300 corporis,

924 2316 972 2351 qui
991 2315 1020 2342 ﬁt
1043 2315 1146 2350 absque
1173 2313 1346 2340 acutioribus
1363 2311 1578 2347 cogitationibus
1600 2311 1711 2337 irratio-

924 2362 1065 2390 nabilibus
1086 2359 1278 2388 delectationis
1291 2367 1352 2393 qua:
1369 2362 1497 2385 movetur
1511 2365 1573 2384 cum
1590 2356 1712 2382 immun-

925 2409 979 2439 dis.
1007 2412 1034 2435 et
1063 2406 1148 2434 trahit
1163 2405 1281 2433 animam
1303 2405 1334 2432 ad
1360 2404 1499 2432 miseriam
1522 2404 1580 2431 sine
1600 2406 1710 2437 sponte,

924 2454 1116 2482 indubitanter
1144 2456 1187 2480 est
1213 2459 1228 2478 a
1253 2451 1357 2478 ventris
1379 2450 1532 2485 repletione
1556 2458 1562 2475 :
1588 2448 1660 2484 quod
1689 2448 1711 2475 si
1742 2459 1744 2461 >

924 2502 996 2529 forte
1021 2505 1117 2528 venter
1149 2499 1309 2526 moderatus
1337 2500 1381 2524 cst
1407 2497 1434 2523 in
1462 2496 1561 2526 diaeta.
1587 2495 1711 2522 membra

925 2552 1173 2584 quantumcunque
1198 2548 1361 2572 moveantur
1386 2551 1435 2570 sua
1460 2547 1575 2577 sponte,
1601 2541 1713 2568 IIOVC‘l‘lS

926 2595 999 2631 quod
1016 2595 1043 2622 in
1060 2593 1143 2622 corde
1157 2593 1247 2620 oritur
1261 2591 1372 2623 vitium;
1388 2594 1413 2617 et
1431 2593 1595 2616 armaturam
1615 2587 1711 2614 fortem

926 2647 954 2670 et
976 2640 1218 2676 inexpugnabilem
1242 2638 1347 2666 aestima
1360 2645 1431 2669 esse,
1453 2636 1480 2664 in
1502 2635 1554 2662 hoc
1568 2642 1653 2669 agone
1669 2634 1712 2660 di-

926 2694 997 2716 stare
1012 2688 1045 2715 ab
1066 2686 1225 2722 aspectibus
1248 2684 1413 2714 mulierum;
1434 2682 1563 2718 quoniam
1580 2681 1711 2708 adversa~

925 2736 985 2762 rius
999 2733 1094 2768 nequit
1110 2732 1218 2767 operari
1235 2731 1262 2757 in
1275 2730 1355 2758 nobis
1367 2729 1405 2761 id,
1419 2728 1493 2763 quod
1508 2733 1604 2754 natura
1614 2726 1712 2760 nequit

926 2788 1006 2816 agere
1026 2788 1075 2808 sua
1092 2779 1195 2806 virtute
1219 2787 1226 2804 :
1252 2785 1285 2805 nc
1309 2781 1399 2812 putes,
1415 2776 1489 2810 quod
1507 2781 1603 2802 natura
1622 2772 1711 2801 tradat
