1967 3091
273 161 327 194 867

954 157 985 187 S.
1007 157 1131 188 ISAACI
1151 158 1238 188 SYRI

1857 159 1913 191 868

272 216 404 245 oblivioni
428 224 489 252 quae
514 224 528 243 a
548 216 604 244 Deo
624 215 650 243 in
674 216 731 250 ipsa
749 215 915 243 naturaliter
932 221 997 244 sunt
1018 217 1062 243 in-
1079 221 1099 248 Α
1152 217 1256 244 Deinde
1270 217 1369 244 ordine
1386 224 1440 245 suae
1453 217 1551 252 primae
1568 216 1769 252 plasmationis.
1780 217 1850 245 Nam
1866 218 1914 246 ille

272 268 344 291 serta
359 263 393 290 ad
411 263 532 290 liliorutn
549 263 770 298 procreationem
787 267 816 288 et
830 262 1063 289 cxaminationcm

271 309 382 336 illorum
396 309 442 343 qui
459 313 523 336 sunt
539 308 565 335 in
578 308 740 335 certamine.
757 308 810 334 Sed
827 307 957 335 distantia
971 316 1063 335 rerum

271 354 524 389 concupiscentiam
553 354 580 380 in
606 353 738 380 membris
764 353 924 384 mortilicat,
947 358 975 380 et
995 353 1066 380 obli-

271 401 380 428 vionem
410 405 438 427 et
463 400 648 435 perditionem
674 403 806 433 operatur
832 399 859 426 in
893 399 969 434 ipsis.
997 399 1065 426 Alia:

271 451 337 473 sunt
361 446 545 481 cogitationes
571 453 664 472 rerum
693 445 773 479 longe
802 444 976 478 distantium,
1004 453 1065 480 qum

271 493 436 528 simpliciter
464 493 685 528 pertransierunt
710 492 738 519 in
764 491 867 523 animo,
895 496 923 519 et
949 500 1065 526 parvum

272 545 377 567 motum
393 545 421 567 et
437 540 691 567 modicuml‘aciunt
704 547 719 566 a
734 547 763 566 se
777 539 860 573 ipsis;
877 543 903 566 et
919 539 980 566 alite
997 543 1064 566 sunt

271 586 464 622 cogitationes,
482 594 543 620 qua:
564 586 592 612 in
615 590 729 620 aspectu
745 585 869 612 materia:
884 585 1065 620 submergunt

271 634 394 660 animum
419 633 479 660 sine
504 632 656 664 oblivione,
679 637 707 658 et
732 639 766 659 ex
781 632 991 666 propinquitate
1008 640 1067 658 mo-

273 683 337 706 vent
357 679 425 706 vitia
447 683 474 706 et
496 678 637 705 hominem
654 677 794 709 nutriunt,
814 677 887 704 sicut
906 678 998 704 oleum
1022 686 1067 705 ac-

271 724 430 752 ccnsionem
449 724 588 756 lucernte,
605 723 760 757 vitiumque
777 723 852 757 quod
870 728 1010 750 mortuum
1024 729 1067 752 est

272 774 300 798 et
315 770 482 797 exstinctum
501 769 669 802 accendunt,
691 773 718 796 et
738 769 854 796 turbant
868 770 982 805 pelagus
1003 777 1066 797 cor-

272 816 350 851 poris
369 823 419 850 per
442 819 544 847 motus,
571 816 598 842 in
620 815 748 842 navicula
769 816 880 843 mentis.
903 816 953 843 Hic
974 821 1066 844 autem

272 863 410 889 naturalis
433 867 524 889 tnotus
545 861 592 896 qui
613 861 720 888 habitat
736 861 763 888 in
778 861 873 894 nobis,
891 866 1006 896 propter
1020 869 1066 889 so-

271 908 324 935 lam
339 908 509 935 creationem
528 907 633 942 absque
646 907 821 942 appositionc
841 907 885 934 vel
903 908 1065 941 operatione

272 954 442 984 extrinseca,
450 953 563 980 turbare
573 952 716 979 munditia:
724 952 833 979 arbitrii
844 952 998 980 castitatem
1010 961 1065 980 non

272 1004 372 1034 potest.
391 999 464 1026 Deus
484 999 558 1026 enim
579 1006 635 1025 non
654 999 778 1026 condidit
794 1003 901 1026 naturae
914 999 1065 1034 potentiam

273 1045 307 1072 ad
333 1044 519 1079 superandum
546 1044 692 1072 arbitrium
727 1045 842 1077 bonum,
870 1045 945 1080 quod
973 1050 1016 1072 est
1039 1046 1065 1072 in

272 1091 366 1126 aliqtto
394 1098 459 1125 erga
484 1090 595 1125 ipsum;
615 1090 663 1118 sed
690 1090 802 1125 quando
817 1090 918 1125 aliquis
940 1096 1067 1119 movetur

272 1137 316 1164 vel
343 1136 378 1164 ab
399 1136 438 1163 ira
460 1137 503 1163 vel
529 1144 545 1163 a
571 1136 731 1169 desiderio,
757 1144 812 1163 non
837 1137 978 1171 compellit
1002 1144 1065 1164 ctttn

272 1188 371 1210 natura
398 1183 440 1210 vel
467 1182 556 1209 virtus
582 1182 617 1209 de
645 1182 774 1210 terminis
802 1182 879 1209 exire
907 1187 1013 1210 natura:
1039 1188 1067 1210 et

273 1234 351 1256 extra
367 1228 425 1256 ﬁeri
442 1236 502 1264 quze
523 1228 673 1261 debentur,
687 1228 734 1255 sed
747 1228 885 1263 appositio
898 1237 980 1263 quant
998 1229 1065 1256 faci-

273 1284 335 1303 mus
348 1284 431 1310 super
445 1280 572 1302 naturam
598 1282 647 1309 per
668 1275 818 1302 voluntatis
841 1275 974 1302 actiones.
998 1275 1066 1302 Nam

273 1321 347 1348 Deus
362 1321 454 1348 omnia
470 1327 641 1355 qumcunque
663 1319 740 1352 fecit,
765 1320 836 1347 bene
858 1320 924 1347 fecit
948 1325 975 1347 et
989 1329 1068 1348 mcu-

273 1371 381 1399 surate,
406 1370 434 1394 et
455 1371 559 1401 quanto
575 1374 734 1393 mensuram
753 1367 943 1401 proportionis
955 1372 1067 1395 natura-

273 1413 340 1440 lium
367 1413 395 1440 in
421 1413 502 1440 nobis
528 1416 603 1439 recte
633 1419 795 1445 servamus,
827 1417 903 1439 tanto
932 1413 1066 1441 naturalis

274 1465 366 1488 motus
378 1460 544 1495 compellere
560 1467 610 1487 nos
627 1459 715 1495 possit
739 1460 794 1494 (t5)
820 1460 854 1487 ad
869 1460 1066 1488 declinandum

274 1515 289 1535 a
303 1508 345 1534 via
358 1507 418 1539 Dei,
432 1506 480 1534 sed
500 1505 693 1533 tantummodo
710 1510 857 1540 temperat.

309 1551 358 1579 His
377 1551 498 1578 motibus
522 1555 650 1578 movetur
671 1558 790 1585 corpus;
813 1555 843 1577 ut
864 1552 986 1579 sciamus
1005 1556 1067 1578 tan-

275 1603 344 1630 tum,
362 1597 434 1632 quod
450 1597 487 1624 sit
500 1597 528 1623 itt
544 1596 625 1623 nobis
642 1596 735 1631 passio
750 1596 894 1628 naturalis,
909 1605 965 1624 non
978 1597 1012 1624 ad
1031 1597 1066 1624 ti-

275 1644 422 1671 tillandum
438 1648 466 1670 ct
478 1642 665 1670 infestandum
685 1651 741 1677 quo
750 1642 872 1670 eharitas
886 1643 1066 1678 impediatur,

273 1694 323 1717 aut
346 1689 379 1716 ad
403 1688 644 1716 obtenebrandum
672 1694 794 1716 mentem
816 1697 831 1716 a
859 1689 979 1721 fervore,
999 1692 1027 1716 et
1053 1697 1068 1717 a

275 1743 344 1770 pace
356 1734 523 1762 movendum
535 1734 568 1761 ad
583 1735 666 1761 viam.
677 1734 705 1762 Si
718 1742 784 1761 vero
797 1742 849 1762 nos
860 1735 971 1762 attracti
981 1735 1068 1762 fueri-

276 1790 338 1809 mus
348 1790 362 1808 a
374 1781 550 1808 sensualibus
563 1781 647 1808 rebus
659 1788 709 1816 per
721 1788 790 1816 quas
807 1781 961 1816 indignatio
973 1785 1068 1809 contra

275 1832 403 1855 naturam
430 1827 574 1854 consuevit
601 1827 735 1862 impetum
753 1827 844 1854 facere
860 1828 903 1854 vel
921 1827 948 1854 in
961 1835 1009 1855 esu
1027 1827 1069 1855 vel

276 1874 304 1901 in
322 1878 399 1910 potu.
419 1874 460 1901 vel
479 1873 506 1900 in
523 1873 778 1908 superabundantia
789 1873 965 1908 quantitatis,
981 1881 1030 1900 seu
1041 1874 1068 1901 in

276 1921 482 1956 propinquitate
498 1920 658 1951 mulierum,
675 1919 842 1946 ctaccensio
855 1919 978 1954 ipsarum
990 1927 1069 1954 aspc-

275 1972 322 1994 ctu
337 1971 385 1994 aut
405 1966 641 1994 collocutionibus
654 1973 715 2000 qua:
731 1965 801 1992 Iiunt
817 1970 913 1993 contra
930 1965 1013 2000 ipsas,
1035 1973 1070 1993 ex

276 2013 378 2048 quibus
399 2012 507 2039 ﬂamma
531 2011 764 2046 concupiscentiae
784 2011 956 2044 accenditur,
978 2016 1007 2039 et
1023 2020 1070 2040 ex~

279 2060 362 2088 sultat
383 2059 411 2085 in
440 2066 566 2093 corpore,
594 2059 799 2085 committamus
835 2062 864 2085 et
896 2057 1068 2087 ferocitatem

276 2104 377 2132 exinde
402 2104 574 2131 mansionem
602 2104 757 2131 naturalem
784 2103 828 2131 vel
856 2108 970 2139 propter
993 2113 1070 2132 com-

276 2150 416 2186 plexionis
449 2149 647 2177 abundantiam
662 2150 704 2177 vel
743 2155 858 2184 propter
892 2149 1070 2179 incurrentes

278 2205 371 2224 rerutn
396 2201 533 2232 aspectus.
560 2196 609 2224 Est
631 2196 781 2231 aliquando
801 2196 923 2231 ipsorum
948 2201 1068 2225 motusa

276 2242 458 2277 permistione
483 2250 545 2277 qua:
571 2246 684 2276 propter
707 2241 868 2276 opinionem
892 2246 1014 2270 nostram
1039 2243 1069 2270 Iit

272 2294 362 2320 caste,
375 2293 403 2315 et
420 2296 475 2315 non
499 2292 542 2314 est
564 2288 636 2315 sicut
662 2287 708 2314 ille
725 2296 731 2314 :
750 2287 811 2315 illas
828 2287 941 2322 quidem
963 2295 1068 2323 pugnas

276 2335 413 2363 libertatis
437 2341 579 2365 vocemus,
599 2341 661 2368 qua:
682 2337 747 2360 sunt
768 2333 924 2360 communis
941 2339 1066 2362 naturas:

274 2388 368 2416 pugna
395 2387 461 2407 vero
481 2387 541 2414 qua:
558 2379 587 2406 [it
602 2387 637 2406 ex
654 2378 850 2413 promissione,
874 2387 934 2413 quae
954 2379 985 2407 Iit
1010 2380 1064 2415 (Μ)

274 2436 309 2455 ex
343 2434 427 2455 causa
457 2430 590 2453 naturae:
620 2425 770 2460 opinionis,
811 2425 913 2453 scimus
941 2426 1014 2461 quod
1039 2426 1066 2453 in

277 2474 420 2501 laboribus
442 2477 470 2500 et
490 2473 619 2500 cautione
636 2480 685 2507 per
697 2471 782 2499 multa
802 2475 926 2508 tempora
943 2472 1006 2500 lacti
1023 2480 1069 2500 su-

276 2528 350 2551 mus,
380 2524 408 2547 et
429 2520 578 2554 opinamur
604 2518 708 2553 aliquid
736 2518 846 2550 fecisse,
880 2519 1069 2553 permittimur

277 2566 450 2601 impugnari,
485 2570 517 2593 ut
544 2565 685 2593 discamus
714 2564 913 2592 humilitatem.
945 2565 1067 2600 Reliquae

276 2619 344 2638 vero
360 2619 457 2646 pugnae
477 2619 538 2646 quae
553 2615 667 2647 propter
680 2611 752 2637 hanc
771 2618 883 2637 causam
903 2610 972 2638 Ilunt
985 2612 1066 2639 nobis

277 2658 350 2684 ultra
373 2658 456 2689 vires,
477 2665 493 2684 a
517 2662 614 2684 nostro
644 2661 767 2691 tempore
794 2657 864 2683 liunt
885 2656 959 2692 (45),
983 2666 1064 2692 quatn

278 2707 378 2730 natura
411 2710 473 2730 cuin
500 2702 675 2737 oppositione
703 2701 796 2736 aliqua
823 2701 991 2729 materialem
1017 2711 1066 2738 per

276 2749 498 2785 gastrimargiam
516 2747 620 2783 recepit
631 2755 681 2774 nec
695 2747 823 2782 quiescit.

314 2817 370 2851 (εὖ)
383 2817 436 2844 Nos
449 2817 538 2853 possit.
559 2817 651 2847 Forte,
670 2824 727 2853 non?
742 2822 835 2853 potest.

315 2854 371 2885 (tit)
388 2853 428 2880 EI
441 2852 622 2889 promissione,
639 2860 698 2886 quo:
710 2852 750 2886 ﬁt.
786 2853 877 2885 Forte,
899 2862 930 2882 ea:
956 2855 1066 2889 permis-

278 2889 398 2923 rioneﬁt.
415 2889 448 2915 Et
463 2888 543 2923 paulo
555 2891 618 2914 ante
630 2895 740 2922 quoque
761 2889 856 2923 legerit
871 2891 932 2923 quis
955 2888 1066 2925 permis-

1115 263 1162 298 qui
1181 263 1356 291 turbationes
1378 268 1407 291 et
1427 264 1615 291 recreationes
1628 263 1770 298 deposuit,
1785 265 1915 299 compel-

1114 309 1181 336 litur
1207 309 1311 336 invitus
1332 313 1475 344 peccatum
1508 309 1624 344 diligere
1647 317 1654 336 :
1678 309 1738 337 sine
1766 309 1810 337 his
1834 310 1912 338 enim

1116 355 1247 384 recedere
1276 364 1291 383 a
1322 356 1512 384 blandimento
1536 356 1724 384 sensualitatis
1749 356 1912 392 nequimus.

1115 402 1167 434 Qui
1193 400 1298 437 quanto
1330 402 1392 437 plus
1424 403 1649 437 multiplicantur
1677 403 1801 436 dolores,
1832 407 1913 431 tanto

1116 448 1203 483 magis
1223 448 1282 475 haec
1311 448 1486 475 tnittuuntur.
1512 448 1648 481 Quoniam
1676 448 1853 476 turbationes
1884 454 1913 476 et

1117 493 1239 528 pericula
1252 493 1423 520 voluntatem
1437 494 1569 521 vitiorum
1587 494 1717 521 occidunt
1729 503 1736 521 ε
1750 495 1831 530 quies
1843 503 1917 523 vero

1116 538 1205 564 nutrit
1219 543 1254 571 ,ει
1274 543 1356 574 auget
1375 547 1446 567 eam.
1471 540 1557 574 Igitur
1572 544 1670 567 notum
1686 544 1730 568 est
1751 540 1911 573 manifeste,

1114 583 1246 617 quoniam
1263 584 1336 611 Deus
1347 589 1375 611 et
1396 585 1486 620 angeli
1501 586 1562 620 ejus
1577 585 1605 612 in
1618 586 1729 621 quiete;
1743 586 1817 621 quod
1834 587 1858 614 si
1883 587 1911 614 in

1117 628 1345 657 tribulationibus
1370 635 1398 657 et
1419 631 1556 665 angustiis
1575 631 1760 666 perficiuntur
1778 634 1911 660 mandata

1117 674 1176 704 Dei.
1202 682 1252 701 nos
1266 675 1330 709 quia
1353 675 1412 710 ipsa
1429 677 1643 708 contemnimus,
1668 676 1758 712 ipsum
1782 677 1845 704 ideo
1862 677 1910 712 qui

1117 721 1257 748 mandavit
1281 721 1472 749 machinamur
1500 728 1678 750 contemnere
1700 728 1812 758 propter
1841 723 1910 751 vitia

1117 775 1179 802 qua:
1202 776 1217 795 a
1249 769 1343 804 quiete
1369 775 1533 802 nascuntur,
1560 775 1587 798 ct
1609 778 1776 798 evacuamus
1798 770 1911 797 virtutis

1118 822 1238 847 causam,
1253 816 1382 844 videlicet
1402 817 1608 844 tribulationem
1622 821 1650 844 et
1663 816 1830 852 angustiam.
1840 816 1911 843 Nam

1118 860 1146 887 in
1172 866 1305 896 quantum
1325 871 1454 890 mensura
1472 863 1574 898 quietis
1600 863 1626 890 in
1647 863 1728 890 nobis
1754 862 1910 893 inducitur,

1082 900 1100 927 Β
1118 906 1144 933 in
1160 912 1266 935 tantnnt
1288 909 1364 936 vitiis
1381 914 1507 944 aptamus
1528 910 1619 937 locum
1642 909 1668 936 in
1694 908 1786 940 nobis,
1803 908 1870 943 quia
1884 907 1910 934 in

1120 961 1236 988 corpore
1270 955 1427 990 angustiato
1458 956 1641 991 cogitationes
1679 955 1707 982 in
1741 953 1912 981 vanitatibus

1119 993 1217 1034 agitari
1238 1007 1294 1027 non
1318 1006 1443 1035 possunt.
1471 1000 1539 1028 Cum
1562 1005 1653 1028 autem
1678 999 1741 1035 quis
1761 999 1789 1026 in
1810 998 1911 1034 gaudio

1120 1046 1315 1074 tribulationes
1342 1048 1460 1075 sustinet
1486 1052 1513 1075 et
1537 1047 1663 1080 labores,
1699 1049 1790 1081 potest
1814 1046 1911 1080 utique

1120 1093 1303 1127 cogitationes
1325 1093 1464 1120 refrenare
1481 1097 1618 1128 potenter,
1637 1093 1701 1128 quia
1718 1093 1783 1128 ipsae
1803 1093 1910 1128 cogita-

1122 1138 1211 1166 tiones
1232 1139 1260 1166 in
1286 1138 1495 1174 fatigationibus
1517 1143 1635 1166 cessant.
1651 1139 1767 1172 Quando
1784 1146 1852 1166 vero
1869 1146 1912 1166 re-

1120 1184 1251 1213 cordatus
1272 1185 1356 1213 fuerit
1376 1177 1458 1212 homo
1472 1186 1646 1220 propriorutn
1657 1190 1835 1220 peccatorum
1848 1193 1911 1212 suo-

1121 1239 1193 1263 rum,
1211 1235 1239 1258 et
1253 1231 1418 1259 cruciaverit
1433 1239 1462 1259 sc
1473 1233 1578 1267 ipsum,
1603 1236 1669 1259 tunc
1679 1236 1707 1259 et
1723 1232 1795 1259 Deus
1814 1239 1910 1259 curam

1120 1276 1202 1310 gerit,
1219 1281 1250 1303 ut
1265 1277 1354 1311 ipsum
1378 1277 1522 1312 quiescere
1545 1277 1643 1310 faciat;
1668 1281 1696 1304 et
1712 1277 1816 1312 gaudet
1838 1277 1911 1305 Deus

1120 1329 1153 1349 ex
1176 1330 1210 1349 eo
1230 1323 1304 1357 quod
1330 1322 1447 1358 ipsemet
1469 1323 1523 1350 sibi
1551 1323 1602 1358 ipsi
1619 1330 1730 1358 pcenam
1752 1322 1854 1350 inﬂixit
1876 1323 1911 1350 de

1120 1367 1348 1401 praevaricatione
1372 1368 1423 1394 vite
1440 1367 1505 1400 Dei;
1519 1368 1593 1403 quod
1607 1369 1703 1403 utique
1726 1375 1798 1395 verte
1818 1369 1909 1403 pecni-

1121 1413 1217 1439 tentiaa
1233 1413 1341 1448 signum
1359 1413 1468 1440 exsistit
1487 1422 1493 1440 :
1510 1418 1538 1441 et
1552 1418 1655 1448 quanto
1671 1414 1732 1449 plus
1747 1414 1806 1449 ipse
1821 1413 1911 1449 paeni-

1122 1458 1235 1486 tentiam
1260 1460 1349 1494 egerit
1366 1459 1465 1487 animae
1485 1467 1552 1492 suat,
1567 1464 1642 1487 tanto
1656 1461 1743 1495 magis
1755 1460 1815 1495 ejus
1837 1468 1910 1495 pra:-

1121 1505 1208 1531 rnium
1225 1505 1428 1539 multiplicatur
1446 1513 1461 1532 a
1480 1506 1546 1533 Deo.
1564 1505 1650 1533 Omne
1662 1510 1755 1533 autem
1776 1506 1910 1542 gaudium

1121 1549 1195 1584 quod
1217 1558 1232 1577 a
1249 1551 1351 1577 virtute
1370 1558 1425 1578 non
1446 1550 1528 1577 habet
1545 1558 1667 1584 causam,
1691 1551 1786 1579 statim
1806 1551 1911 1579 excitat

1120 1601 1211 1623 motus
1229 1596 1518 1630 concupiscentiarum
1543 1597 1681 1625 inventori
1700 1605 1761 1625 suo.
1783 1598 1909 1633 Intelligo.

1119 1642 1232 1677 quidem
1245 1642 1305 1669 haec
1319 1643 1353 1670 de
1368 1643 1442 1670 omni
1461 1644 1687 1679 concupiscentia
1709 1644 1820 1671 vitiosa.
1846 1645 1910 1672 Non

1118 1689 1194 1716 enim
1206 1689 1259 1716 hoc
1272 1689 1391 1717 dicimus
1410 1689 1443 1717 de
1456 1691 1682 1725 concupiscentia
1701 1691 1834 1718 naturali.

1367 1735 1480 1765 CAPUT
1506 1736 1650 1764 XXXVIII.

1232 1780 1308 1814 Quod
1324 1783 1431 1809 virtutes
1449 1783 1558 1810 invicem
1573 1783 1623 1810 sibi
1637 1783 1791 1810 succedunt.

1154 1827 1276 1855 Virtutes
1293 1827 1412 1855 invicem
1434 1829 1485 1855 sibi
1510 1828 1679 1862 succedunt;
1704 1837 1738 1857 ne
1761 1829 1835 1857 enim
1863 1829 1910 1858 ﬁat

1118 1872 1163 1900 via
1193 1873 1316 1908 ipsarum
1340 1882 1458 1901 onerosa
1486 1875 1634 1910 gravisque
1660 1879 1688 1902 et
1715 1883 1771 1903 non
1807 1875 1909 1904 ordine

1118 1923 1286 1954 peragatur:
1305 1923 1332 1947 et
1346 1928 1378 1947 ex
1396 1928 1428 1948 ea
1444 1920 1602 1953 alleviatur,
1616 1925 1643 1948 et
1660 1927 1690 1948 ut
1703 1921 1794 1949 facilia
1806 1922 1865 1949 sint
1879 1930 1909 1950 ea

1119 1971 1180 1998 quae
1201 1968 1266 1991 sunt
1288 1964 1408 1993 dillicilia
1435 1972 1549 2001 propter
1564 1967 1678 2000 bonttm,
1695 1968 1766 1995 sicut
1781 1973 1810 1996 et
1823 1969 1909 1998 bona.

1118 2009 1206 2037 Nemo
1221 2010 1295 2037 enim
1310 2016 1402 2046 potest
1418 2013 1564 2047 acquirere
1581 2013 1701 2049 inopiam
1718 2015 1834 2047 virtute,
1857 2016 1910 2043 nisi

1120 2057 1241 2091 seipsum
1272 2057 1386 2086 inducat
1399 2063 1426 2086 et
1442 2063 1576 2094 prteparet
1593 2059 1626 2086 ad
1641 2059 1834 2088 sustinendttm
1851 2067 1911 2089 ten-

1120 2104 1250 2135 tationes,
1270 2104 1323 2132 nisi
1342 2105 1389 2140 qui
1412 2105 1532 2132 credidit
1553 2105 1626 2140 quod
1645 2106 1750 2141 aliquid
1773 2114 1910 2142 superans

1119 2150 1291 2183 corporalem
1315 2151 1436 2185 quietem
1458 2159 1507 2186 pro
1530 2152 1757 2179 tribulationibus
1774 2153 1808 2180 ad
1834 2154 1910 2182 exci-

1119 2194 1236 2228 piendas
1251 2203 1280 2222 se
1297 2196 1463 2230 praeparavit
1478 2205 1484 2222 :
1503 2196 1592 2230 primo
1609 2197 1722 2225 dilectio
1749 2197 1910 2226 tribulatio-

1120 2248 1186 2267 num
1211 2241 1264 2276 27
1288 2247 1416 2269 movetur
1440 2243 1467 2270 in
1490 2242 1560 2277 ipso,
1580 2243 1680 2271 deinde
1695 2245 1860 2279 supervenit
1885 2251 1910 2273 et

1121 2286 1251 2320 cogitatio
1278 2287 1358 2322 inops
1377 2288 1435 2315 fieri
1466 2289 1500 2316 de
1522 2289 1566 2316 his
1583 2297 1645 2324 quas
1666 2295 1730 2317 sunt
1749 2290 1860 2323 mundi,
1884 2295 1910 2318 et

1121 2333 1210 2361 omnis
1223 2334 1270 2369 qui
1284 2335 1488 2369 appropinquat
1504 2329 1910 2372 tribulationibusﬂuicunque

1120 2380 1271 2413 privaverit
1289 2388 1318 2408 se
1332 2381 1414 2408 rebus
1435 2381 1636 2416 materialibus,
1650 2391 1701 2410 nec
1715 2384 1870 2418 privaverit
1881 2391 1909 2410 se

1120 2424 1209 2460 ipsum
1234 2425 1317 2452 etiam
1338 2426 1458 2454 eﬂicacia
1471 2434 1614 2460 sensuum,
1632 2428 1709 2455 visus
1731 2428 1865 2456 videlicet
1883 2433 1908 2456 et

1121 2471 1241 2504 auditus,
1265 2472 1471 2501 tribulationem
1497 2474 1635 2509 duplicem
1653 2475 1706 2502 sibi
1727 2475 1907 2505 mendicabit.

1120 2518 1262 2553 etduplex
1277 2519 1361 2546 miser
1376 2519 1463 2548 ﬁetet
1476 2521 1674 2549 tribulabitur:
1697 2522 1823 2557 quinituo
1848 2529 1908 2557 quae

1120 2565 1225 2592 utilitas
1253 2566 1357 2600 privari
1384 2567 1577 2595 matcrialibus
1606 2569 1701 2600 rebus,
1727 2573 1755 2596 et
1783 2569 1812 2596 in
1841 2568 1907 2604 ipsis

1119 2611 1250 2639 delectari
1277 2620 1326 2647 per
1350 2613 1467 2641 sensus?
1482 2613 1549 2641 Nam
1569 2613 1638 2642 illud
1655 2615 1727 2641 idem
1749 2615 1856 2651 patitur
1876 2622 1907 2641 c1

1119 2657 1294 2692 passionibus
1314 2665 1375 2693 quae
1392 2658 1421 2687 in
1440 2659 1481 2686 eis
1497 2663 1569 2692 sunt,
1585 2660 1659 2695 qttod
1675 2660 1820 2688 actualiter
1832 2660 1907 2695 prius

1120 2704 1278 2739 patiebatur
1306 2711 1356 2740 pro
1383 2711 1417 2731 eo
1440 2705 1512 2740 quod
1544 2706 1676 2733 memoria
1698 2705 1908 2735 consuetudinis

1120 2756 1215 2776 earum
1229 2757 1283 2777 non
1297 2749 1404 2777 recedit
1417 2749 1451 2777 ab
1467 2751 1559 2778 animo
1575 2759 1636 2780 suo.
1652 2752 1680 2780 Si
1688 2751 1763 2779 enim
1775 2752 1907 2788 imagines

1119 2821 1192 2848 sione
1202 2828 1252 2856 pro
1267 2822 1445 2856 permixtione.

1156 2857 1212 2892 (45)
1226 2857 1478 2893 Tempore—quam.
1492 2858 1532 2887 An
1546 2859 1769 2895 tepore—quem?
