1967 3091
113 160 166 190 ﬁt?!)

643 161 759 191 LIBER
780 160 828 191 DE
847 160 1076 191 CONTEMPTU
1097 161 1234 192 MUNDI.

1698 160 1755 193 870

117 217 238 252 ipsarum
264 217 349 244 menti
377 216 456 244 facta:
477 200 603 244 dolorem
623 216 784 244 ministrant
802 215 909 244 homini
924 221 946 248 Α
963 220 1020 242 tum
1036 219 1078 243 est
1091 219 1120 243 et
1143 215 1177 243 ad
1202 223 1300 251 magna
1322 215 1491 242 charismata
1512 214 1703 249 insuﬁiciens;
1725 224 1754 246 et

113 264 174 291 sine
186 264 271 291 rebus
288 263 393 291 eisdem
413 284 419 295 ,
433 263 499 298 quid
513 262 647 290 habemus
662 262 755 289 dicere
767 262 800 290 de
812 269 911 297 appro-

113 310 265 345 pinquante
282 310 423 337 essentia?
440 310 531 336 Bonus
544 313 587 337 est
613 316 679 344 ergo
699 315 830 335 excessus
845 317 851 334 :
866 311 910 334 et-

111 357 188 384 enim
213 356 292 383 valde
318 359 461 390 operatur,
496 362 559 382 cum
587 353 771 389 cogitationes
790 352 911 380 viriliter

114 401 295 433 mansuescit,
312 405 340 428 et
355 401 511 436 potentiam
531 400 559 427 in
569 399 768 427 exercitatione
781 398 908 433 imponit,

115 455 224 474 necnon
263 447 424 481 patientiam
451 454 578 482 magnam
601 446 719 481 imponit
749 444 855 473 homini
882 445 910 472 in

115 493 382 528 supervenientibus
405 493 459 520 sibi
484 493 651 520 necessariis
670 491 909 525 tribulationibus,

114 547 130 566 a
144 547 200 574 quo
219 539 363 574 requirere
377 543 422 566 est
437 539 596 566 consilium.

404 614 518 643 CAPUT
538 614 660 642 XXXIX.

311 672 350 700 Ne
364 673 441 699 homo
454 671 575 699 consulat
591 671 720 698 alienum.

151 729 192 758 Ne
211 737 319 764 qureras
343 729 492 757 consilium
515 729 550 755 ab
567 728 661 763 aliquo
677 727 726 762 qui
748 735 804 754 non
822 727 859 754 sit
874 727 908 755 de

117 775 329 803 conversatione
344 779 402 807 tua,
419 775 546 809 quamvis
570 773 606 801 sit
627 773 738 807 sapiens
761 772 861 806 valde;
881 778 909 800 et

117 821 260 848 committe
273 818 368 855 p‘otius
383 820 567 856 cogitationes
582 825 644 846 tuas
666 819 759 846 idiota:
778 818 806 844 in
823 825 908 853 expe-

117 866 221 893 rientia
236 873 329 892 rerum
344 865 419 892 facto
433 885 440 897 ,
467 869 550 900 quam
574 864 717 899 eloquenti
741 863 908 898 philosopho

115 910 409 946 superscrutationem
419 910 543 944 loquenti
555 910 615 937 sine
625 909 796 944 experientia
805 917 908 937 rerum.

114 956 187 990 Quid
203 960 246 983 est
261 956 346 991 igitur
357 956 532 991 experientia
545 955 660 983 rerum?
674 955 853 990 Experientia
868 959 911 982 est

116 1009 173 1029 non
185 1002 259 1037 quod
272 1002 375 1037 aliquis
390 1001 563 1037 ingrediatur
577 1005 606 1028 et
622 1001 784 1036 perspiciat,
805 1001 911 1036 aliqua-

117 1055 178 1075 rum
195 1055 290 1075 rerum
307 1047 432 1074 nondum
450 1055 596 1074 assumens
612 1047 640 1074 in
663 1047 733 1082 ipsis
749 1046 909 1074 earumdem

115 1094 290 1130 agnitionem
314 1093 343 1121 in
360 1101 390 1121 se
414 1093 492 1128 ipso;
508 1093 557 1120 sed
573 1093 648 1128 quod
664 1093 785 1128 excipiat
800 1093 909 1120 illarum

116 1140 289 1176 experientia
305 1140 454 1167 utilitatem
474 1143 500 1167 et
517 1139 650 1167 damnum
663 1139 787 1174 ipsarum
809 1147 909 1173 opera-

117 1186 212 1214 bilitcr
226 1194 275 1221 per
293 1194 399 1214 moram
415 1194 499 1222 quam
525 1186 590 1213 fecit
613 1185 640 1212 in
665 1185 782 1212 eisdem.
808 1185 907 1218 Quem-

116 1233 266 1260 admodum
286 1233 400 1261 videtur
416 1232 559 1260 multoties
583 1239 628 1259 res
647 1231 790 1264 damnum,
805 1236 834 1258 et
849 1232 910 1267 ejus

118 1279 230 1307 habitus
247 1279 388 1307 invenitur
407 1286 515 1306 merces
531 1278 649 1305 utilitate
666 1278 771 1313 repleta
785 1299 792 1310 ,
810 1278 909 1305 eodem

117 1330 227 1358 quoque
238 1323 321 1350 modo
338 1322 482 1350 intellectu
496 1326 525 1349 et
541 1322 569 1349 in
593 1321 754 1358 hujusmodi
769 1321 909 1349 contrario

116 1368 246 1396 videlicet
260 1368 368 1401 videre,
389 1368 534 1396 multoties
548 1376 592 1395 res
611 1369 760 1395 utilitatem
773 1368 909 1396 habentes

116 1417 144 1441 et
159 1414 272 1442 habitus
293 1415 397 1443 damno
414 1416 549 1450 repletur.
572 1415 650 1443 Unde
667 1415 763 1450 plures
780 1415 909 1442 homines

116 1467 151 1487 ex
176 1460 260 1488 rebus
276 1469 340 1495 qua;
356 1461 487 1488 videntur
510 1461 673 1493 lucrabilcs,
697 1460 844 1488 inveniunt
861 1460 909 1487 da-

117 1513 223 1538 mnum,
234 1510 263 1534 et
278 1514 331 1534 nec
343 1514 376 1534 ex
388 1507 455 1542 ipsis
471 1506 660 1534 testimonium
675 1506 799 1534 scientiae
811 1514 908 1534 verum

116 1552 235 1579 exsistit.
251 1552 301 1580 [llo
315 1560 380 1588 ergo
400 1553 560 1580 consiliario
577 1556 666 1585 utere,
682 1552 730 1587 qui
747 1553 824 1580 novit
841 1560 908 1588 pro-

118 1599 184 1626 bare
213 1599 241 1626 in
263 1599 397 1633 patientia
419 1607 466 1626 res
492 1599 670 1626 discretionis
689 1607 696 1625 :
717 1603 833 1634 propter
855 1599 909 1626 hoc

117 1648 209 1672 autem
225 1652 282 1671 non
296 1649 339 1672 est
353 1645 472 1680 quilibet
482 1644 535 1672 ﬁde
550 1645 650 1680 dignus
661 1644 694 1672 ad
705 1644 827 1671 dandum
843 1652 910 1672 con-

116 1690 222 1723 silium,
240 1691 295 1718 nisi
310 1691 358 1725 qui
384 1691 462 1725 prlus
480 1691 552 1719 bene
576 1691 746 1718 voluntatem
767 1691 909 1725 propriam

117 1736 326 1770 gubernaverit,
350 1739 379 1764 et
392 1740 504 1764 actores
517 1740 546 1763 et
562 1735 736 1764 detractores
750 1743 806 1763 non
821 1736 909 1771 perti-

118 1786 232 1808 ιυεεεει.

418 1856 532 1886 CAPUT
549 1857 606 1886 XL.

117 1911 194 1946 Quod
205 1917 307 1948 quanto
322 1915 404 1948 magis
422 1915 500 1941 homo
517 1914 615 1948 vigiliis
631 1914 744 1950 proﬁcit,
759 1920 834 1943 tamo
848 1925 908 1942 ma-

338 1951 412 1984 jores
427 1952 586 1977 tentationes
603 1951 690 1978 habet.

151 2002 269 2037 Quando
283 2003 358 2032 enim
383 2005 525 2033 inveneris
542 2005 570 2033 in
593 2006 638 2033 via
657 2011 703 2033 tua
724 2014 819 2041 pacem
840 2007 909 2034 inal-

116 2049 274 2082 terabilem,
289 2053 347 2076 tum
360 2050 539 2085 pertimesce,
550 2052 614 2085 quia
630 2052 711 2087 longe
729 2052 814 2079 distat
833 2058 908 2080 recto

116 2094 229 2121 tramite
240 2095 288 2129 qui
303 2094 450 2122 laboriosis
462 2095 580 2130 pedibus
598 2101 756 2124 sanctorum
775 2097 906 2124 calcatur.

115 2140 184 2167 Nam
200 2144 305 2174 quanto
327 2141 506 2175 progrederis
527 2141 555 2168 in
569 2141 613 2168 via
637 2142 759 2169 civitatis
780 2143 863 2176 regis,
881 2148 909 2170 et

115 2186 322 2220 appropinquas
337 2186 463 2219 civitati,
492 2187 546 2214 hoc
567 2187 619 2214 tibi
644 2187 698 2214 sibi
725 2188 761 2215 sit
785 2189 906 2224 signum,

962 262 1196 297 quemadmodum
1227 269 1388 297 magnarum
1416 261 1600 289 tentationum
1625 261 1754 289 incursus

962 309 1133 344 prmpeditus
1149 309 1176 336 in
1202 310 1260 344 ipsa
1275 309 1322 341 sit,
1336 313 1365 336 et
1387 317 1485 345 magna
1500 308 1668 336 charismata
1685 315 1755 343 pra:-

962 355 1114 390 pediuntur
1131 356 1159 384 in
1175 364 1207 383 ea
1224 364 1230 382 :
1245 355 1378 390 quoniam
1408 363 1465 382 non
1495 355 1542 382 dat
1557 355 1631 382 Deus
1656 361 1753 388 magna

961 402 1133 429 charismata
1147 402 1206 430 sine
1223 402 1332 437 magnis
1346 401 1545 429 tcntationibua
1575 401 1644 429 Nam
1654 401 1680 428 ei
1693 405 1755 427 ten-

961 449 1082 476 tationes
1100 448 1255 476 secundum
1278 448 1445 476 charismata
1458 449 1634 475 dinumerata
1659 450 1724 474 sunt
1739 453 1754 473 a

961 493 1019 521 Deo
1032 495 1111 529 juxta
1124 495 1290 530 sapientiam
1307 495 1378 529 ejus,
1394 494 1526 529 quoniam
1547 493 1575 520 hi
1602 493 1649 528 qui
1669 492 1705 520 ab
1721 499 1755 519 eo

961 541 1046 568 creati
1059 545 1124 568 sunt
1136 549 1190 568 non
1208 540 1460 575 comprehendunt.
1471 540 1558 575 Igitur
1570 547 1585 566 a
1598 538 1755 566 diﬁicilibus

962 587 1192 614 tribulationibus
1204 587 1432 621 contingentibus
1443 586 1492 613 tibi
1503 593 1535 613 ex
1546 584 1754 620 dispensatione

960 632 1066 664 divina.
1085 633 1304 668 comprehendis
1319 637 1451 668 quantam
1473 631 1692 659 consolationem
1711 639 1756 657 re-

961 680 1035 714 cepit
1049 680 1141 707 anima
1156 684 1201 707 tua
1215 680 1248 707 de
1269 680 1461 716 magnitudine
1478 680 1549 715 ejus.
1574 679 1642 706 Nam
1657 686 1756 706 secun-

960 725 1026 753 dum
1042 725 1195 759 tristitiam,
1216 731 1259 754 est
1276 726 1442 754 consolatio.

995 771 1067 805 Quid
1082 780 1148 807 ergo
1159 772 1238 807 prius
1247 776 1299 805 est,
1314 772 1430 799 tentatio
1443 771 1581 799 eldcinde
1594 770 1733 798 charisma
1747 790 1755 802 ,

960 826 994 845 an
1010 819 1089 853 prius
1101 819 1286 850 charisma,et
1296 818 1325 845 ﬁt
1338 818 1440 846 deinde
1455 818 1590 845 tentatio?
1602 817 1754 852 Responsio.

960 864 1020 891 Non
1036 864 1114 892 venit
1128 865 1258 897 tentatio,
1272 864 1325 891 nisi
1340 865 1418 899 prius
1433 864 1547 899 recipiat
1562 864 1653 891 anima
1667 868 1712 891 tua
1728 863 1755 891 in

925 900 947 928 Β
961 909 1071 936 occulto
1082 910 1166 936 etiam
1182 909 1405 944 magnitudinem
1428 916 1514 945 super
1533 910 1650 944 primam
1677 917 1755 936 suam

922 1571 945 1601 C

960 962 1121 982 mensuram
1147 959 1175 982 et
1189 955 1319 990 spiritum
1337 955 1432 991 gratiae
1444 975 1452 985 .
1471 956 1603 990 quoniam
1616 956 1624 965 '
1639 955 1758 990 recipiat

960 1001 1038 1035 prius
1055 1006 1082 1027 et
1099 1004 1219 1028 testatur
1238 1000 1272 1027 ad
1292 1001 1382 1036 ipsum
1400 1001 1517 1028 tentatio
1538 1001 1586 1028 Dei
1603 1010 1609 1027 :
1625 1001 1756 1028 similiter

960 1052 988 1075 et
1003 1048 1172 1075 tentationes
1183 1047 1384 1082 apostolorum.
1395 1047 1456 1074 Non
1465 1048 1538 1074 enim
1552 1047 1678 1082 permissi
1691 1052 1756 1075 sunt

960 1093 988 1120 in
1007 1093 1176 1121 tentationes
1190 1094 1306 1125 intrare,
1318 1101 1464 1128 quousque
1483 1093 1655 1121 Paracletum
1678 1101 1756 1121 rece-

961 1144 1073 1175 perunt.
1100 1140 1168 1167 Nam
1180 1140 1226 1174 qui
1245 1139 1489 1167 communicabant
1510 1139 1608 1172 bonis,
1627 1141 1756 1167 convenit

960 1193 1009 1213 eos
1031 1185 1172 1213 sustinere
1194 1186 1364 1213 tentationes
1381 1186 1526 1220 ipsorum;
1546 1186 1610 1220 quia
1629 1190 1692 1220 post
1706 1186 1757 1214 bo-

960 1238 1026 1257 num
1039 1234 1082 1257 est
1101 1235 1128 1257 et
1148 1230 1291 1257 tribulatio
1303 1231 1374 1265 ejus.
1385 1231 1424 1258 lta
1436 1230 1510 1257 enim
1522 1230 1627 1265 placuit
1637 1231 1759 1266 sapienti.

958 1276 1017 1303 Deo
1032 1275 1060 1302 in
1074 1276 1205 1303 omnibus
1219 1275 1310 1303 facere
1323 1284 1330 1309 ;
1345 1279 1373 1303 et
1390 1276 1417 1302 in
1431 1276 1484 1303 hoc
1501 1276 1552 1303 scit
1562 1276 1679 1311 gratiam
1695 1284 1757 1304 esse

959 1321 1038 1357 prius
1055 1329 1136 1356 quam
1157 1322 1357 1355 tentationem;
1385 1326 1580 1350 verumtamen
1615 1323 1756 1358 prwcessit

959 1367 1128 1394 sensualitas
1141 1367 1327 1394 tcutationum
1343 1368 1552 1395 scnsualitatem
1571 1369 1666 1403 gratia:
1688 1377 1755 1404 pro-

959 1417 1021 1447 pter
1036 1412 1232 1447 prohationem
1251 1412 1402 1440 libertatis.
1428 1412 1558 1448 Nunquid
1575 1414 1678 1441 etenim
1693 1422 1757 1450 pro-

959 1459 1036 1486 venit
1054 1460 1080 1486 in
1096 1459 1190 1494 aliquo
1210 1459 1310 1494 gratia,
1328 1459 1406 1494 prius
1421 1467 1503 1494 quam
1517 1464 1607 1495 gustet
1624 1461 1757 1488 tentatio-

960 1505 1041 1532 nem?
1050 1505 1182 1540 praecedit
1193 1505 1277 1532 etiam
1288 1505 1377 1539 gratia
1388 1508 1520 1537 mentem,
1534 1505 1561 1532 in
1576 1506 1756 1534 sensualitate

960 1557 1027 1576 vero
1047 1550 1191 1577 retardat:
1211 1550 1285 1577 unde
1304 1550 1385 1578 decet
1402 1558 1453 1577 nos
1471 1550 1574 1578 habere.
1590 1552 1617 1579 in
1637 1552 1681 1579 his
1694 1557 1757 1580 ten-

961 1595 1096 1622 tationum
1113 1596 1286 1630 temporibus
1300 1597 1425 1631 quaedam
1448 1597 1505 1624 duo
1525 1599 1663 1625 contraria
1683 1599 1754 1626 invi-

959 1648 1029 1674 cem,
1043 1646 1071 1669 ct
1083 1642 1111 1668 in
1131 1642 1208 1669 nullo
1223 1642 1335 1669 similia.
1356 1642 1419 1670 Haec
1436 1647 1530 1670 autem
1542 1648 1607 1671 sunt
1622 1644 1755 1679 gaudium

959 1692 988 1714 ct
1019 1687 1112 1715 timor.
1139 1687 1276 1715 Gaudium
1293 1689 1405 1723 quidem
1419 1710 1426 1721 ,
1452 1689 1526 1723 quod
1552 1689 1580 1716 in
1597 1691 1641 1717 via
1655 1698 1757 1718 sumus

960 1741 1042 1768 quam
1057 1734 1237 1761 calcaverunt
1250 1735 1358 1767 sancti;
1388 1735 1456 1770 quin
1472 1735 1529 1762 imo
1546 1735 1703 1764 viviﬁcator
1721 1737 1749 1764 in

959 1787 991 1806 ea
1015 1779 1146 1806 inventus
1162 1784 1204 1807 est
1224 1780 1367 1807 ambulare
1384 1789 1391 1807 τ
1406 1784 1434 1807 et
1451 1780 1505 1808 hoc
1519 1785 1561 1808 est
1575 1782 1753 1810 manifestum

961 1833 994 1852 ex
1007 1825 1149 1860 agnitione
1163 1825 1358 1852 tentationum.
1376 1826 1517 1853 Timorem
1534 1834 1601 1853 vero
1619 1827 1754 1856 debemus

960 1871 1075 1904 habere,
1109 1880 1143 1899 ne
1159 1871 1231 1900 forte
1246 1880 1279 1899 ex
1299 1879 1381 1899 causa
1396 1872 1534 1907 superbiae
1550 1877 1698 1901 tcntcmur.
1725 1874 1753 1902 ln

960 1918 1021 1945 istis
1038 1922 1131 1945 autem
1146 1918 1267 1945 humiles
1293 1908 1503 1951 instruuntufr'a
1519 1919 1616 1954 gratia,
1645 1924 1676 1947 ut
1701 1920 1755 1948 hoc

959 1964 1120 1990 discernere
1135 1964 1254 1999 possint,
1272 1968 1301 1991 et
1317 1965 1390 1991 scire
1406 1965 1473 2000 quid
1489 1965 1525 1992 sit
1551 1966 1670 1993 tentatio
1693 1974 1754 2001 quae

961 2009 990 2036 ﬁt
1004 2017 1037 2036 ex
1051 2009 1143 2036 fructu
1164 2010 1315 2044 superbite,
1347 2011 1431 2038 etiam
1455 2019 1517 2046 quae
1536 2011 1571 2039 sit
1585 2012 1632 2039 illa
1650 2021 1711 2048 qua:
1724 2013 1754 2040 ﬁt

959 2062 992 2082 ex
1006 2054 1094 2090 alapis
1107 2055 1135 2083 in
1152 2055 1207 2083 illis
1222 2056 1268 2090 qui
1278 2056 1461 2084 verberantur
1474 2065 1508 2085 ex
1520 2058 1656 2086 charitate
1670 2067 1677 2086 :
1692 2059 1752 2087 dis-

959 2105 1043 2128 cretaa
1060 2105 1125 2128 sunt
1154 2101 1230 2128 enim
1251 2101 1285 2129 ab
1305 2101 1424 2129 invicem
1439 2104 1608 2131 tentationes
1617 2112 1679 2139 qua:
1688 2110 1754 2136 sunt

959 2154 974 2173 a
990 2147 1137 2174 conamine
1160 2151 1188 2174 et
1215 2152 1363 2183 augmento
1390 2150 1610 2177 conversationis
1627 2150 1655 2178 in
1679 2151 1754 2179 bono

959 2196 988 2219 et
1005 2192 1205 2220 tentationibtts
1220 2194 1425 2228 promissionis,
1443 2203 1505 2230 quae
1523 2200 1588 2223 sunt
1604 2197 1704 2225 melius
1718 2198 1752 2225 ad

114 2232 251 2279 fortitudo
279 2232 464 2260 lentalionum
491 2237 620 2261 occurret
646 2233 718 2266 tibi;
748 2238 777 2261 ει
803 2239 906 2269 τιυειηίο
923 2240 944 2267 1)
958 2238 1168 2273 castigationem
1189 2240 1233 2267 vel
1253 2241 1438 2275 gustationem
1465 2247 1578 2278 propter
1593 2243 1752 2279 superbiam

115 2277 239 2312 proﬁcis,
253 2282 359 2305 tantum
382 2279 550 2306 tentationes
573 2279 796 2314 multiplicantur
811 2285 907 2308 contra

115 2326 143 2350 te
157 2331 163 2349 :
175 2329 239 2350 cum
253 2328 345 2351 autem
358 2324 533 2359 perseuseris
546 2323 573 2350 in
585 2324 678 2351 anima
690 2328 736 2352 tua
750 2325 834 2352 alium
847 2333 909 2360 gra-

113 2369 181 2396 dum
199 2369 358 2401 excelsum,
381 2369 410 2396 in
428 2370 540 2398 occulto
565 2370 677 2405 recipe,
701 2375 730 2398 et
745 2371 839 2398 addita
865 2375 907 2398 est

113 2414 205 2449 gratia
223 2415 250 2441 in
265 2419 338 2442 statu
356 2415 383 2442 in
397 2423 454 2450 quo
470 2416 572 2443 stabat.
588 2415 657 2442 Nam
678 2416 831 2443 secundum
850 2423 906 2443 ma-

113 2459 290 2496 gnitudinem
304 2461 400 2496 gratim
417 2465 523 2489 tantum
536 2461 563 2488 in
584 2462 765 2489 tribulatione
776 2463 908 2490 tentatio-

113 2513 181 2532 num
196 2506 269 2533 Deus
284 2506 398 2534 adducit
410 2507 541 2538 animam,
559 2515 613 2534 non
631 2507 660 2534 in
678 2508 827 2535 szeculares
844 2513 906 2535 ten-

114 2551 236 2579 lationes
249 2560 311 2587 quae
324 2551 395 2580 ﬁunt
406 2553 440 2580 ad
453 2553 649 2580 refrenandum
662 2554 798 2582 malitiam
809 2562 816 2588 ;
826 2559 854 2581 et
862 2561 906 2582 res

115 2597 276 2626 manifestas
292 2606 383 2634 neque
396 2599 558 2634 corporales
572 2599 747 2627 turbationes
767 2600 906 2636 intelligas

114 2651 163 2671 eas
180 2652 253 2677 esse,
267 2645 315 2672 sed
329 2645 496 2673 tentationes
511 2646 709 2673 convenientes
720 2647 863 2675 monachis
877 2648 905 2675 in

115 2688 266 2716 solitudine
288 2697 359 2722 sua,
394 2698 464 2726 quas
489 2690 666 2726 postmodum
690 2691 903 2728 distinguemus.

113 2731 192 2765 Quod
205 2734 228 2761 si
241 2735 332 2762 anima
342 2735 532 2764 inﬁrmitatem
544 2736 638 2769 habet,
648 2744 700 2765 nec
711 2741 753 2765 est
765 2737 905 2767 sufﬁciens

113 2778 147 2806 ad
165 2787 278 2815 magnas
293 2782 472 2814 tentationes,
483 2782 606 2817 postulet
616 2789 671 2810 non
683 2782 788 2811 intrare
803 2783 832 2812 in
845 2791 903 2818 cas,

112 2830 140 2852 et
151 2825 226 2852 Deus
241 2826 371 2854 exaudiet
381 2835 453 2855 eam.
468 2827 545 2856 Scito
558 2835 641 2862 vere,
664 2829 738 2864 quod
760 2829 789 2857 in
814 2837 902 2865 quan-

113 2874 172 2898 tum
183 2870 354 2900 insuﬁiciens
367 2878 408 2900 est
423 2872 457 2899 ad
472 2880 584 2908 magnas
597 2873 778 2908 tentationes,
799 2873 826 2902 in
841 2877 902 2902 tan-

959 2283 1061 2311 cordis.

1256 2351 1370 2381 CAPUT
1385 2353 1453 2382 XLI.

1023 2407 1088 2440 Quia
1102 2412 1164 2435 sunt
1177 2410 1334 2438 tentationes
1354 2412 1445 2446 quibus
1461 2414 1552 2440 animo
1570 2414 1685 2450 proﬁcit.

995 2463 1175 2492 Tentationes
1195 2473 1255 2500 quae
1277 2465 1347 2494 ﬁunt
1363 2475 1378 2495 a
1397 2467 1472 2503 virga
1487 2469 1624 2504 spirituali
1637 2471 1670 2498 ad
1684 2480 1753 2507 pro-

957 2508 1059 2536 fectum
1077 2514 1292 2546 etaugmentum
1304 2512 1412 2546 animae,
1429 2513 1456 2541 in
1469 2514 1572 2549 quibus
1580 2518 1753 2547 exercitatur

957 2556 1059 2587 anima,
1076 2561 1104 2584 et
1119 2558 1253 2591 probatur
1265 2563 1348 2594 atque
1360 2560 1521 2594 mandatur,
1539 2567 1606 2590 sunt
1621 2564 1690 2592 istae.
1706 2566 1753 2593 Pi—

957 2602 1049 2637 gritia,
1064 2603 1186 2638 gravitas
1197 2605 1332 2639 corporis,
1349 2606 1456 2634 luxatio
1466 2608 1668 2643 membrorum,
1684 2619 1751 2639 ace-

957 2646 1013 2677 dia,
1031 2646 1157 2675 confusio
1170 2649 1282 2682 mentis,
1296 2649 1408 2678 dolores
1425 2653 1560 2686 corporis,
1572 2655 1678 2683 excisio
1692 2658 1751 2691 spei

956 2692 990 2720 ad
1005 2692 1112 2726 horam,
1130 2693 1324 2724 obtenebratio
1334 2697 1546 2732 cogitationum,
1557 2699 1683 2728 defectus
1694 2702 1749 2729 hu-

956 2739 1031 2766 mani
1050 2740 1144 2767 auxilii
1163 2740 1198 2768 ad
1216 2741 1324 2776 horam,
1340 2748 1449 2779 egestas
1461 2746 1615 2780 corporalis
1628 2755 1705 2781 usus,
1721 2754 1750 2776 et

956 2785 999 2812 his
1014 2785 1125 2815 similia.

990 2831 1029 2858 Ex
1047 2831 1091 2860 his
1116 2834 1316 2863 tentationibus
1332 2836 1452 2872 acquirit
1468 2838 1552 2866 homo
1567 2846 1686 2866 animam
1702 2847 1749 2867 so-

954 2877 1086 2912 litariam,
1099 2883 1126 2906 et
1135 2879 1177 2906 sui
1189 2875 1401 2915 protectionem,
1410 2888 1438 2910 et
1452 2883 1649 2918 humilitatem,
1658 2889 1686 2912 et
1699 2892 1749 2913 cor
