1971 3091
218 141 267 172 8Ἷ1

214 243 322 270 derium
341 243 491 271 Creatoris.
512 243 575 270 Haec
591 247 683 270 autem
703 242 877 276 dispensator
891 241 1001 268 ordinat

211 288 288 323 juxta
304 287 518 322 possibilitatem
535 293 564 315 et
582 289 660 323 juxta
677 285 869 313 necessitatem
889 285 1000 319 sapien-

215 333 282 360 tium
300 341 342 360 ea.
361 333 408 361 His
422 336 667 368 contemperantur
682 331 846 360 consolatio.
861 334 889 358 et
902 330 1001 358 adver-

213 379 303 406 sitatis
318 379 374 411 lux,
400 384 427 406 et
449 379 577 411 tenebrae,
595 378 690 413 praelia
704 381 732 404 et
748 376 929 404 adversiones
947 385 953 403 :
973 380 1002 403 et

214 424 336 451 breviter
343 424 446 456 dicere,
458 423 666 459 augustant',hoc
682 427 764 457 atque
775 422 883 453 hoc,est
891 421 1001 456 signum

214 470 269 504 28
285 469 425 504 profectus
442 469 563 496 hominis
587 477 638 504 per
653 468 797 495 auxilium.
820 467 1000 494 Tentationes

215 514 308 549 itaque
323 522 384 549 quae
399 515 468 542 ﬁunt
483 522 497 541 a
521 514 704 549 promissione
718 513 765 540 Dei
782 518 880 540 contra
896 511 1001 546 impru-

215 561 324 593 dentes,
342 564 369 587 et
384 561 548 588 extollentes
571 568 600 588 se
625 560 653 587 in
678 559 818 587 mentibus
835 558 894 586 suis
909 566 1002 585 coram

214 605 339 632 bonitate
348 606 396 632 Dei
411 605 439 632 in
457 605 586 640 superbia
601 613 650 632 sua
664 613 670 632 :
683 609 748 632 sunt
763 605 822 632 ista:
835 604 1002 631 tentationes

214 650 370 677 daemonum
394 651 555 684 manifestae,
571 658 632 686 quae
661 655 725 678 sunt
748 658 832 685 supra
850 649 1001 684 potentiam

214 695 322 728 animae,
339 696 464 724 defectus
479 697 613 724 virtutum
630 696 781 731 sapientiae,
799 703 861 730 quae
884 699 948 721 sunt
973 695 1000 721 in

214 741 257 768 eis
273 742 440 769 sensualitas
461 746 541 770 acuta
559 742 721 769 intentionis
742 741 897 769 fornicandi
914 762 922 774 ,
942 750 1003 777 quae

215 787 386 821 permittitur
397 793 493 815 contra
508 795 556 815 eos
572 787 605 814 ad
621 787 804 815 humilitatem
817 787 945 814 elationis
956 794 1004 814 eo-

215 840 276 859 rum
293 841 299 859 :
317 833 454 868 indignari
470 834 534 866 cito,
553 834 623 861 velle
639 837 759 861 statuere
775 837 802 860 et
812 837 1000 866 contemnere,

893 143 923 173 S.
943 143 1066 173 lSAACl
1086 144 1173 174 SYRI

213 197 363 225 contritum
380 207 386 225 :
400 202 427 225 et
442 206 474 226 ex
490 198 534 226 his
549 197 685 233 probatur
703 196 766 232 quis
778 196 871 223 veniat
881 196 915 223 ad
929 196 1001 224 desi-
1015 201 1038 228 Α

1787 144 1844 177 872

1279 202 1286 209 '
1333 196 1445 225 CAPUT
1459 197 1552 225 XLIII.

1314 243 1353 269 De
1365 243 1598 278 pusillanimitate.

1087 287 1202 321 Quando
1230 289 1291 316 vult
1318 289 1391 316 Deus
1413 290 1584 324 peramplius
1610 290 1753 322 tribulari.
1774 300 1843 327 pro-

1052 334 1137 361 mittit
1150 335 1233 362 etiam
1249 335 1344 362 venire
1359 335 1392 363 ad
1408 344 1505 363 manus
1519 337 1764 372 pusillanimitatis.
1778 337 1856 367 Haec

1053 383 1145 405 autem
1165 383 1243 413 parat
1262 380 1289 406 in
1302 387 1335 407 eo
1351 381 1502 415 potentiam
1517 381 1630 414 accdite,
1642 382 1670 409 in
1685 390 1739 417 qua
1751 387 1844 418 gustat

1053 424 1262 452 suﬂ'ocationem
1275 426 1384 458 animae,
1396 434 1456 461 quae
1473 431 1514 454 est
1527 427 1646 461 gustatio
1658 428 1800 463 gehennae.
1813 433 1845 455 et

1053 477 1088 497 ex
1118 471 1171 498 hac
1195 472 1422 506 superinducitur
1450 472 1564 507 spiritus
1592 481 1722 502 excessus
1736 482 1769 501 ex
1786 481 1845 509 quo

1054 521 1207 544 nascuntur
1224 517 1349 552 plurima:
1364 518 1540 551 tentationcs,
1569 519 1675 547 scilicet
1703 520 1843 551 confusio.

1053 561 1142 594 furor,
1161 562 1341 598 blasphemia,
1360 563 1433 591 fatua
1444 565 1574 599 culpatio,
1592 573 1729 600 perVersae
1739 566 1846 601 cogita-

1055 608 1154 640 tiones,
1172 613 1199 636 et
1215 609 1249 636 de
1269 613 1342 637 terra
1358 610 1386 637 in
1404 614 1507 637 terram
1524 611 1739 646 transmigratio,
1757 615 1784 638 et
1798 611 1846 638 his

1054 652 1162 679 similia.
1188 652 1265 686 Quod
1290 654 1311 680 si
1330 654 1443 687 dixeris,
1463 654 1529 688 Quae
1550 660 1592 683 est
1606 663 1689 683 causa
1717 656 1817 683 horum
1831 656 1846 683 ?

1054 699 1116 726 dico
1133 700 1194 732 tibi,
1208 700 1282 735 quod
1296 701 1468 737 Negligentia
1486 706 1532 730 tua
1544 723 1552 735 ,
1572 703 1637 738 quia
1658 711 1715 731 non
1738 704 1844 732 curasti

1053 745 1220 773 medicinam
1239 754 1334 774 eorum
1353 756 1359 774 :
1375 756 1429 775 una
1449 753 1491 776 est
1512 749 1587 776 enim
1606 750 1730 777 omnium
1744 757 1845 777 eorum

1053 792 1189 819 medicina
1205 813 1212 825 ,
1237 801 1288 827 per
1306 802 1389 828 quam
1403 794 1466 829 quis
1482 795 1588 822 invenit
1601 795 1693 822 statim
1707 796 1735 823 in
1751 795 1845 823 anima

1053 837 1257 866 consolationes
1271 848 1277 866 :
1294 838 1352 866 haec
1371 845 1429 871 est.
1446 840 1588 868 humilitas
1605 841 1713 874 cordis;
1730 846 1759 869 et
1774 849 1847 876 prat-

215 886 295 905 error
318 880 419 906 mentis
439 879 532 906 lolalis
545 899 551 911 ς
579 879 751 914 blasphemia
774 882 871 906 contra
901 885 1002 905 nomen
1019 879 1039 906 Β
1054 887 1097 910 ter
1112 883 1184 911 hanc
1196 884 1340 912 destruere
1355 886 1504 913 terminum
1522 887 1637 914 istorum
1648 888 1782 915 malorum
1796 895 1847 914 ne-

218 925 278 957 Dei,
297 925 466 952 intentiones
487 925 568 952 fatuae
586 926 673 960 plena:
700 925 768 957 risit,
797 924 852 951 imo
868 925 1002 959 planctu;

216 971 356 999 contemni
374 971 408 998 ab
423 971 561 1002 omnibus,
577 970 730 998 destructio
745 969 859 997 honoris
871 969 924 1001 sui,
944 968 1003 995 ﬁeri

216 1017 342 1044 confusio
364 1022 391 1045 et
417 1016 597 1051 opprobrium
612 1016 640 1043 in
656 1015 745 1044 modis
762 1015 856 1042 multis
871 1023 885 1042 a
901 1014 1004 1042 daemo-

216 1063 299 1090 nibus
312 1063 430 1094 occulto,
443 1062 641 1096 manifesteque
651 1061 820 1089 desiderium
831 1059 1004 1088 commisceri

216 1113 245 1136 et
263 1108 420 1136 conversari
439 1108 466 1135 in
487 1108 602 1140 mundo,
621 1107 697 1142 loqui
721 1111 750 1134 et
772 1107 868 1142 nugari
896 1113 1006 1140 semper

217 1154 392 1189 insipienter,
409 1154 571 1182 adinvenire
586 1154 639 1181 sibi
656 1153 876 1184 renovationem,
897 1159 1006 1186 semper

217 1199 280 1226 cuni
297 1199 365 1226 falsa
384 1198 530 1234 prophetia
545 1197 708 1233 promittere
723 1197 808 1224 multa
826 1203 911 1230 supra
926 1202 1005 1229 posse

217 1253 297 1273 suum
316 1254 322 1272 :
343 1245 400 1272 haec
414 1245 527 1280 quidem
545 1247 609 1271 sunt
626 1244 734 1271 animm.
762 1243 792 1270 In
816 1242 1005 1276 corporalibus

217 1300 284 1319 vero
317 1291 483 1326 contingunt
505 1290 628 1318 dolorosi
651 1293 769 1317 eventus
787 1297 793 1314 :
812 1291 1006 1323 permanentes

216 1346 327 1373 semper
346 1337 482 1372 perplexi,
505 1336 604 1371 vixque
621 1335 754 1363 solubiles
765 1342 898 1362 occursus
921 1333 1006 1360 malo-

218 1392 278 1411 rum
291 1404 298 1416 ,
315 1391 425 1418 semper
438 1388 466 1410 et
489 1382 635 1417 impiorum
656 1381 800 1408 hominum
812 1401 818 1413 ,
839 1380 960 1407 incidere
978 1380 1005 1406 in

217 1437 315 1456 manus
328 1429 472 1456 hominum
489 1428 680 1455 tribulantium
697 1427 725 1454 in
748 1427 805 1454 otio
826 1425 919 1453 cordis
932 1433 1005 1452 sem-

218 1483 268 1510 per
287 1475 346 1502 sine
366 1482 459 1506 causa,
474 1479 504 1501 et
529 1474 675 1509 repentino
689 1473 787 1500 timore
800 1472 888 1508 parati
905 1471 1006 1499 multo-

218 1521 270 1548 tics
287 1521 376 1548 minas
391 1528 503 1555 magnas
515 1528 550 1547 ex
563 1519 702 1555 lapidibus
714 1523 742 1546 et
760 1519 822 1546 altis
837 1519 905 1546 locis
920 1521 948 1544 et
963 1517 1006 1544 his

218 1565 319 1593 similia
342 1573 403 1600 quze
430 1565 498 1592 ﬁunt
521 1568 550 1592 et
579 1565 703 1599 corporis
729 1563 876 1591 fractione.
905 1562 1006 1590 Ultimo

218 1615 326 1646 egestas
343 1610 485 1645 sapientiae
501 1613 627 1637 nostrum
647 1617 695 1636 cor
706 1616 739 1635 ex
755 1608 848 1635 divina
860 1608 963 1634 virtute
979 1610 1007 1633 et

218 1663 267 1690 spe
286 1655 348 1682 ﬁdei
363 1663 439 1688 suae;
464 1660 501 1687 et,
517 1659 548 1682 ut
567 1655 622 1682 cito
648 1654 786 1684 dicantur.
804 1657 939 1688 quotquot
954 1652 1007 1678 im-

218 1701 361 1737 possibilia
374 1705 402 1728 ct
417 1709 500 1736 supra
517 1700 591 1727 vires
603 1704 678 1732 sunt,
698 1699 869 1726 inducuntur
889 1698 925 1725 ei.
944 1697 1008 1724 llaec

219 1751 311 1774 autem
327 1751 463 1780 quotquot
476 1745 604 1780 superius
621 1745 779 1772 notavimus
793 1748 822 1772 et
842 1743 1009 1771 determina-

220 1792 320 1824 vimus,
335 1791 467 1819 daemonis
477 1795 540 1819 sunt
558 1791 742 1818 tentationum
753 1790 909 1825 superbiae:
926 1796 1009 1824 appa-

221 1843 264 1865 rct
279 1842 370 1864 autem
385 1837 551 1872 principium
568 1837 596 1863 in
612 1836 723 1863 homine
735 1857 742 1869 ,
763 1835 874 1870 quando
888 1834 950 1869 quis
968 1834 1010 1861 in-

221 1884 289 1918 cipit
305 1892 335 1911 se
352 1884 455 1911 habere
476 1883 629 1918 sapientem
648 1882 676 1909 in
701 1882 789 1910 oculis
815 1881 889 1913 suis,
914 1884 944 1908 et
969 1879 1009 1907 sic

222 1934 423 1958 transmutatur
438 1929 465 1956 in
479 1929 608 1956 oihnibus
624 1928 713 1958 malis.
732 1928 881 1955 secundum
898 1934 1010 1954 mensu-

223 1985 280 2004 ram
298 1976 481 2011 susceptionis
510 1976 673 2011 hujusmodi‘
694 1976 893 2011 cogitationum
910 1981 1008 2009 super-

224 2026 275 2053 biae
289 2034 296 2052 :
315 2033 330 2052 a
347 2025 492 2060 speciebus
508 2032 573 2060 ergo
586 2023 784 2059 cogitationum
801 2027 910 2050 tuarum
937 2029 1011 2049 com-

224 2071 363 2107 prehende
375 2070 447 2098 viam
462 2070 626 2097 subtilitatis
638 2068 738 2096 mentis
755 2074 818 2096 tuae.
833 2068 910 2101 Quod
924 2067 947 2095 si
968 2067 1010 2094 vi-

224 2118 301 2145 deris
319 2118 425 2152 aliquas
442 2125 475 2144 ex
490 2117 534 2144 his
549 2116 748 2144 tentationibus
766 2115 925 2142 commistas
948 2121 1010 2140 cum

224 2164 285 2192 aliis
303 2162 504 2190 tentationibus
527 2169 587 2196 quae
610 2160 739 2195 superius
760 2163 823 2187 ante
839 2159 921 2186 dictae
936 2163 1010 2190 sunt,

1055 936 1101 955 mo
1118 929 1239 964 poterit.
1258 931 1401 965 quinimo,
1428 931 1533 959 invenit
1553 940 1615 960 eum
1645 933 1697 960 sub
1720 932 1846 968 potentia

1056 979 1152 1002 contra
1167 983 1241 1003 eum.
1264 976 1303 1003 Ne
1320 976 1472 1012 indigneris
1487 983 1580 1005 contra
1605 986 1648 1006 me
1663 999 1670 1009 ,
1699 979 1763 1013 quia
1781 978 1847 1005 dico

1057 1019 1107 1046 tibi
1128 1021 1292 1054 veritatem;
1310 1030 1364 1049 non
1392 1024 1514 1057 quaesisti
1533 1031 1591 1051 eam
1612 1031 1645 1051 ex
1671 1028 1727 1051 tota
1751 1025 1846 1052 anima

1057 1070 1104 1093 tua
1132 1074 1253 1100 unquam
1271 1076 1277 1094 :
1299 1067 1372 1096 idem
1387 1069 1457 1096 scire
1470 1069 1492 1097 si
1513 1070 1565 1102 vis,
1585 1069 1627 1097 fac
1648 1074 1673 1097 te
1689 1069 1716 1097 in
1733 1070 1847 1105 regione

1056 1119 1104 1138 sua
1119 1131 1126 1142 ,
1150 1116 1179 1138 et
1197 1113 1304 1140 videbis
1319 1114 1458 1148 quomodo
1474 1114 1550 1141 dabit
1563 1115 1673 1142 malitiae
1688 1120 1750 1143 tuae.
1776 1115 1847 1143 Nam

1056 1158 1209 1185 secundum
1221 1166 1379 1186 mensuram
1395 1160 1560 1188 humilitatis
1577 1165 1640 1193 tum,
1657 1161 1739 1189 datur
1752 1161 1803 1189 tibi
1818 1166 1846 1190 et

1057 1203 1189 1238 patientia
1202 1203 1229 1230 in
1248 1204 1462 1233 adversitatibus
1482 1206 1554 1240 tuis;
1571 1211 1601 1234 et
1623 1208 1776 1235 secundum
1799 1215 1846 1242 pa-

1058 1247 1181 1275 tientiam
1200 1254 1273 1277 tuam
1288 1250 1434 1278 alleviatur
1444 1252 1564 1286 gravitas
1580 1253 1768 1280 tribulationis
1781 1257 1847 1285 tuae.

1056 1299 1086 1320 et
1102 1294 1318 1322 consolationem
1335 1296 1484 1323 obtinebis.
1509 1296 1667 1324 Secundum
1688 1305 1755 1325 vero
1777 1305 1848 1326 con-

1058 1339 1223 1367 solationem
1245 1344 1318 1368 tuam
1342 1342 1534 1377 magniﬁcatur
1561 1347 1608 1371 tua
1633 1344 1746 1372 dilectio
1771 1345 1848 1373 circa

1057 1385 1158 1418 Deum,
1169 1390 1197 1413 et
1213 1387 1365 1414 secundum
1377 1388 1553 1416 dilectionem
1569 1395 1642 1417 tuam
1655 1390 1850 1425 magniﬁcatur

1057 1431 1189 1466 gaudium
1208 1433 1235 1460 in
1250 1433 1354 1469 Spiritu
1370 1441 1475 1464 sancto.
1492 1437 1533 1464 Ah
1550 1438 1605 1465 illis
1622 1446 1689 1466 vero
1708 1439 1755 1473 qui
1780 1446 1849 1466 vere

1057 1478 1113 1506 sint
1122 1479 1182 1512 ﬁlii,
1194 1479 1274 1508 Pater
1285 1481 1444 1510 misericors
1453 1483 1563 1518 quando
1578 1484 1667 1519 placet
1678 1485 1704 1512 ei
1717 1485 1848 1513 eﬂ‘ectum

1059 1524 1150 1553 facere
1167 1527 1348 1554 tentationum
1370 1536 1464 1556 earum
1481 1550 1487 1562 ,
1503 1537 1558 1557 non
1574 1530 1664 1558 aufert
1679 1530 1713 1557 ab
1737 1530 1848 1558 actione

1060 1572 1224 1600 tentationes
1239 1573 1373 1608 ipsorum,
1390 1575 1437 1602 sed
1453 1576 1612 1609 patientiam
1627 1581 1737 1611 praestat
1752 1577 1792 1604 eis
1819 1577 1848 1604 in

1058 1616 1144 1651 ipsis,
1162 1623 1191 1645 et
1207 1619 1299 1646 omnia
1321 1620 1392 1649 bona
1418 1621 1476 1648 hac
1492 1626 1520 1648 et
1540 1622 1567 1648 in
1591 1622 1724 1657 patientia
1749 1629 1848 1650 eorum

1059 1663 1157 1698 recipit
1169 1664 1202 1691 ad
1220 1665 1417 1700 perfectionem
1434 1667 1585 1695 animarum
1602 1668 1735 1702 ipsarum.
1745 1668 1851 1704 Dignos

1058 1715 1110 1736 nos
1130 1709 1214 1744 igitur
1228 1710 1311 1738 iaciat
1324 1711 1450 1740 Christus
1476 1713 1502 1740 in
1523 1714 1609 1748 gratia
1626 1721 1675 1741 sua
1692 1714 1849 1742 sustinendi

1058 1755 1129 1826 :ala
1141 1763 1204 1783 cum
1217 1764 1311 1785 amore
1321 1765 1381 1791 suo,
1399 1763 1427 1786 et
1440 1767 1502 1787 cum
1520 1760 1727 1796 regeneratione
1741 1761 1848 1789 cordis.

1083 1807 1156 1826 men.

1083 1807 1144 1827 men
1149 1820 1156 1826 .

1347 1875 1459 1904 CAPUT
1474 1876 1566 1905 XLIV.

1061 1928 1099 1956 De
1114 1929 1213 1957 virtute
1226 1931 1360 1966 corporali
1383 1936 1409 1959 et
1431 1934 1527 1971 virtute
1544 1933 1696 1968 spirituali,
1719 1936 1852 1971 quomodo

1309 1972 1426 2002 purgant
1443 1969 1585 1996 hominem.

1097 2019 1191 2048 Virtus
1209 2022 1363 2056 corporalis
1388 2023 1415 2050 in
1443 2023 1593 2052 solitudine
1615 2025 1730 2053 mundat
1749 2033 1852 2062 corpus

1062 2073 1077 2092 a
1094 2065 1224 2093 sordibus
1247 2075 1308 2101 quae
1323 2072 1387 2094 sunt
1405 2068 1432 2095 in
1454 2068 1533 2103 ipso;
1549 2070 1639 2097 virtus
1660 2079 1726 2099 vero
1749 2073 1854 2100 mentis

1062 2110 1191 2138 bumiliat
1204 2112 1324 2139 animam
1339 2117 1367 2140 et
1380 2118 1479 2148 purgat
1492 2122 1552 2142 eam
1568 2123 1582 2142 a
1600 2116 1705 2150 grossis
1713 2120 1742 2144 et
1757 2118 1854 2152 perni-

1063 2157 1147 2184 ciosis
1164 2158 1360 2192 intellectibus,
1377 2164 1407 2186 ut
1423 2165 1566 2188 moveatur
1580 2162 1673 2196 potius
1684 2162 1711 2189 in
1728 2167 1856 2190 contem-

224 2211 295 2238 scito
308 2209 381 2243 quod
402 2209 428 2235 in
445 2213 580 2243 quantum
597 2207 682 2233 habes
699 2213 731 2233 ex
747 2205 822 2238 istis,
851 2206 878 2233 in
904 2209 1010 2232 tantum
1028 2209 1048 2236 D
1065 2203 1187 2238 platione
1202 2212 1260 2232 sua.
1273 2205 1336 2232 Haec
1351 2210 1443 2233 autem
1459 2207 1655 2242 contemplatio
1667 2208 1854 2243 propinquare

225 2255 355 2292 superbia
373 2255 420 2282 tibi
437 2253 572 2288 contingit
591 2253 636 2279 vel
658 2252 802 2279 incumbit.

519 2321 632 2350 CAPUT
648 2321 729 2348 XLII.

286 2380 363 2414 Quod
380 2380 509 2416 patientia
524 2379 637 2405 hominis
655 2377 759 2413 repellit
778 2377 960 2404 adversitates.

261 2437 338 2464 Mens
353 2435 536 2463 adversitatcs
548 2438 576 2461 et
591 2434 786 2461 tribulationes
800 2442 861 2468 qua:
878 2441 934 2460 non
951 2441 1015 2468 par-

228 2484 321 2518 ticipat
352 2482 492 2517 patientia:
503 2481 602 2515 duplex
613 2480 697 2507 habet
709 2484 889 2506 tormentum.
904 2479 1015 2506 Patien-

228 2530 266 2556 tia
282 2529 356 2555 enim
376 2527 497 2556 hominis
515 2526 622 2561 repellit
643 2526 825 2554 adversitates
842 2525 912 2560 ejus.
928 2524 1017 2553 Pusil-

229 2574 366 2602 lanimitas
377 2574 449 2601 enim
470 2579 557 2601 mater
570 2576 613 2600 est
632 2573 782 2600 cruciatus.
798 2572 932 2599 Patientia
950 2579 1017 2598 vero

230 2625 318 2648 mater
335 2625 376 2647 est
388 2619 597 2647 consolationis.
614 2619 648 2645 Et
668 2619 757 2645 virtus
780 2617 904 2652 quaedam
922 2624 983 2652 quae
1003 2624 1018 2643 a

230 2666 376 2694 latitudine
395 2665 487 2692 cordis
501 2665 584 2692 habet
599 2665 667 2692 oriri
680 2673 687 2696 ;
701 2672 783 2699 quam
800 2663 932 2690 virtutem
947 2661 1019 2689 ditii-

231 2713 283 2740 cile
296 2715 337 2739 est
355 2710 493 2738 hominem
519 2710 643 2738 invenire
663 2710 689 2737 in
707 2708 934 2736 tribulationibus
963 2707 1020 2734 suis

234 2758 335 2792 absque
351 2757 444 2784 divino
465 2757 630 2784 charismate
644 2778 650 2789 ,
681 2764 742 2791 quae
759 2765 792 2783 ex
814 2754 1018 2790 perseverantia

238 2804 364 2832 Jratiouis
380 2804 519 2831 invenitur
536 2809 564 2830 et
580 2804 761 2837 lacrymarum
782 2801 928 2829 effusione.

1067 2250 1134 2278 facit
1150 2259 1210 2278 eam
1226 2251 1260 2278 ad
1274 2252 1429 2279 nuditatem
1444 2253 1554 2285 mentis.
1577 2261 1638 2288 quae
1656 2258 1770 2282 vocatur
1784 2263 1854 2283 con-

1068 2296 1209 2331 templatio
1219 2297 1417 2325 immaterialis.
1429 2299 1463 2325 Et
1471 2298 1529 2326 haec
1536 2303 1579 2326 est
1587 2299 1738 2334 spiritualis
1745 2300 1853 2333 virtus;

1068 2344 1121 2370 hoc
1138 2342 1212 2370 enim
1230 2343 1338 2371 extollit
1351 2343 1469 2373 animam
1483 2352 1497 2371 a
1519 2345 1647 2378 terrenis,
1661 2348 1691 2371 et
1703 2345 1856 2380 appropin-

1069 2396 1155 2423 quare
1166 2388 1231 2415 facit
1246 2396 1306 2415 eam
1321 2388 1418 2423 primae
1431 2390 1654 2424 contemplationi
1669 2390 1784 2425 spiritus
1796 2411 1804 2423 ,
1826 2395 1856 2418 et

1069 2434 1141 2469 apud
1153 2434 1239 2461 Deum
1254 2434 1397 2461 constituit
1407 2435 1529 2462 animum
1544 2435 1576 2462 ad
1593 2436 1855 2470 contemplationem

1070 2479 1164 2514 gioriaa
1181 2474 1339 2510 ineﬂ‘abilis,
1353 2487 1414 2513 qua:
1431 2483 1473 2507 est
1487 2480 1572 2506 motio
1587 2479 1780 2508 intellectuum
1796 2488 1857 2508 ma.

1070 2525 1224 2562 gnitudinis
1246 2525 1332 2560 ipsius
1344 2546 1351 2558 ,
1371 2529 1399 2553 et
1421 2529 1530 2560 separat
1549 2526 1625 2553 illum
1639 2527 1674 2552 ab
1688 2526 1740 2553 hoc
1756 2526 1857 2553 saeculo

1071 2573 1173 2607 etjejus
1186 2571 1383 2604 sensualitate;
1401 2577 1429 2599 et
1440 2580 1474 2599 ex
1491 2572 1553 2603 hoc,
1570 2572 1605 2599 de
1626 2579 1674 2606 spe
1696 2575 1790 2599 nostra
1811 2571 1859 2599 illa

1072 2618 1196 2653 deposita
1213 2617 1409 2649 certiﬁcamur,
1429 2621 1458 2644 et
1473 2617 1507 2644 ad
1526 2617 1722 2645 certitudinem
1742 2617 1803 2652 ejus
1813 2625 1860 2644 or-

1072 2663 1145 2691 dinis
1158 2663 1353 2698 pervenimus;
1371 2667 1399 2690 et
1413 2662 1471 2689 hac
1485 2656 1691 2697 perseverantia
1714 2665 1757 2689 est
1773 2661 1860 2689 certi—

1074 2710 1179 2741 ﬁcatio,
1196 2709 1230 2736 de
1252 2716 1306 2743 qua
1323 2708 1390 2735 dicit
1405 2709 1554 2743 Apostolus
1570 2716 1576 2735 :
1597 2708 1804 2743 perseverantia
1819 2712 1863 2734 est

1074 2755 1249 2793 certilicatio,
1265 2755 1292 2782 in
1303 2762 1357 2789 qua
1371 2754 1478 2781 laetatur
1491 2761 1568 2781 mens
1581 2753 1804 2789 intelligibiliter,
1821 2753 1863 2779 vi-

1074 2802 1175 2829 dclicet
1185 2801 1212 2828 in
1222 2808 1269 2836 spe
1283 2801 1417 2835 promissa
1429 2800 1519 2827 nobis.
1533 2800 1603 2833 Quid
1618 2804 1708 2827 autem
1721 2799 1779 2826 sint
1791 2798 1862 2830 haec,

1075 2853 1101 2875 ct
1116 2847 1254 2882 quomodo
1274 2846 1416 2882 quodlibet
1432 2847 1549 2873 istorum
1565 2850 1625 2878 cst,
1642 2844 1717 2872 audi.
1734 2844 1862 2872 Conver-
