1971 3091
116 163 169 196 873

649 153 760 183 I,lllltllt
783 154 831 183 ltili
848 153 1074 185 COXTEL‘JPTU
1097 154 1231 184 MUNDI.

1695 155 1749 188 87L

117 219 251 247 sationem
267 217 440 253 corporalem
464 224 526 251 quae
550 213 704 243 secundum
731 220 833 248 corpus
854 217 907 245 est,
922 213 945 242 Α
959 211 1080 249 jusmodi
1094 211 1187 244 rebus,
1202 217 1230 240 et
1244 212 1377 247 quantum
1395 212 1491 240 deceat
1508 205 1538 239 in.
1552 213 1619 248 ipsis
1634 217 1748 246 morari,

117 269 197 292 vocat
217 265 373 299 corporalia
388 271 472 298 opera
496 270 558 297 qua:
575 261 644 288 ﬁunt
660 268 694 288 ex
715 259 909 287 emendatione

115 311 210 339 carnis
223 311 251 338 in
266 311 376 338 actione
402 309 515 336 virtutis
535 316 585 343 per
607 315 691 342 opera
714 305 860 333 manifesta
881 304 909 332 in

116 358 276 392 semetipsis
304 357 332 384 in
361 357 462 391 quibus
496 358 648 390 purgantur
673 353 708 381 ab
735 351 910 380 immunditia

117 404 218 431 carnis.
232 392 414 431 Conversatio
431 410 499 429 vero
518 401 603 428 animi
617 405 659 427 est
675 400 800 434 operatio
816 399 909 426 cordis

115 455 177 482 quae
195 447 225 475 ﬁt
252 448 424 474 inecssanter
452 447 480 473 in
510 445 661 473 solitudine
674 444 790 479 judicii,
805 443 910 471 scilicet

115 493 230 528 justitia:
248 495 274 519 et
289 492 457 527 judiciorum
473 492 544 526 ejus,
561 491 651 517 oratio
674 489 838 517 indeﬁciens
850 497 910 516 cor-

116 537 171 568 dis,
187 536 376 572 consideratio
391 536 608 571 dispensationis
620 541 648 563 et
669 543 742 562 curte
756 534 803 562 Dei
816 534 842 561 in
858 534 910 561 hoc

117 582 221 609 mundo
237 582 364 609 similiter
381 582 451 609 facta
469 581 652 616 spiritualiter
670 585 698 608 et
715 580 845 611 totalitcr,
859 587 911 606 nec

117 635 173 654 non
195 631 223 653 et
244 635 342 654 cavere
360 634 375 653 a
392 626 470 653 vitiis
485 626 627 658 collectis;
644 633 678 652 ne
699 629 829 652 occurrat
843 624 910 659 quid

115 679 151 699 ex
164 671 205 699 eis
221 671 248 698 in
265 672 378 706 regione
393 671 502 698 occulta
516 675 543 698 et
557 670 693 705 spirituali
706 680 711 697 :
723 670 775 698 hoc
785 674 828 697 est
841 677 911 704 opus

117 717 220 751 cordis,
234 717 308 752 quod
320 721 400 744 vocat
416 717 656 744 conversationem
673 716 768 743 animi.

407 784 520 812 CAPUT
537 783 617 810 XLV.

277 841 316 868 De
330 841 554 877 contemplatione
572 841 763 879 materialium.

961 265 1010 292 per
1029 260 1112 283 totam
1134 257 1218 284 vitam
1245 257 1367 284 hominis
1391 257 1556 292 promissum
1581 262 1664 290 esset,
1693 267 1748 285 non

961 302 1078 330 haberet
1093 303 1168 330 exire
1182 311 1197 330 a
1213 303 1445 338 contemplatione
1468 310 1563 330 eorum
1580 294 1633 331 :bct
1647 310 1750 339 quanto

960 348 1054 383 potius
1079 348 1328 381 ostendimus,'ubi
1344 350 1402 377 hzec
1419 350 1511 377 omnia
1527 358 1582 377 non
1600 350 1674 378 sunt.
1689 351 1750 378 Vir-

961 400 1007 423 tus
1022 401 1112 424 autem
1131 397 1178 424 illa
1193 397 1336 424 indeﬁnita
1354 401 1406 429 est,
1422 402 1451 424 et
1468 397 1578 429 eisdem
1589 396 1673 424 rebus
1687 396 1751 423 sub-

962 442 1130 469 stantialiter
1150 442 1259 470 erimus
1275 443 1346 469 intra
1367 437 1524 477 imperiales
1540 443 1627 474 aulas,
1640 442 1662 469 si
1677 442 1750 477 digni

961 487 1094 515 fuerimus
1111 495 1162 523 pro
1185 487 1396 515 conversatione
1416 493 1520 516 nostra.
1544 488 1688 521 Quomodo
1705 496 1752 522 po-

962 536 1016 560 test
1038 540 1103 567 crgo
1126 526 1226 567 aliquis
1250 532 1278 559 in
1304 537 1410 560 tantum
1434 534 1509 560 exire
1529 537 1557 559 et
1575 533 1699 568 ciongari
1718 533 1752 559 ah

963 577 1008 604 illa
1034 578 1154 605 mirabili
1172 583 1200 606 ct
1215 578 1308 605 divina
1328 579 1559 613 contemplatione
1581 583 1609 605 et
1629 579 1656 605 in
1670 578 1752 605 aliam

961 631 1019 650 rem
1044 623 1187 650 incidere?
1208 624 1254 651 Vae
1281 624 1378 651 nobis!
1396 625 1459 659 quia
1482 632 1535 651 non
1561 625 1753 660 cognoscimus

962 673 1067 701 nostra,
1099 677 1189 703 neque
1224 669 1258 696 ad
1287 678 1368 704 quam
1395 669 1634 697 conversationem
1662 671 1751 696 vocati

961 721 1058 741 suntus
1083 723 1088 740 :
1108 714 1155 741 sed
1171 714 1242 741 viam
1260 715 1344 750 hujus
1358 715 1537 748 inﬁrtnitatis,
1554 720 1582 742 et
1595 720 1696 743 statum
1713 716 1750 741 vi-

962 765 995 787 tae
1016 766 1043 787 ct
1067 761 1261 788 trihulatioues
1281 761 1377 788 mundi
1400 766 1428 788 et
1453 762 1542 796 ipsum
1568 762 1702 789 muluium
1726 767 1754 789 et

962 805 1096 832 malitiam
1127 807 1204 841 ejus,
1238 811 1266 834 et
1295 807 1405 842 quietes
1427 808 1488 843 ejus
1514 812 1674 842 reputamus
1702 808 1752 835 ali-

963 851 1038 886 quid.

152 899 183 925 In
200 905 284 933 opere
304 898 524 925 conversationis
538 897 611 932 quod
627 901 743 924 vocatur
758 901 837 924 actus
851 896 911 923 ani-
928 892 947 919 Β
998 897 1062 930 Sed,
1075 905 1090 924 ο
1110 897 1229 932 Christe,
1246 899 1291 934 qui
1311 899 1387 926 solus
1400 903 1498 934 potens
1512 907 1551 931 cs,
1567 899 1647 935 cujus
1663 908 1755 927 susce-

119 952 179 976 mas,
199 944 362 971 hutniliatur
380 951 439 975 cor,
463 948 491 970 et
506 947 651 978 separatur
677 950 692 969 a
714 942 910 970 communione

117 990 240 1017 confusae
263 989 336 1021 vitae,
354 997 415 1024 qua:
439 993 481 1016 est
507 993 604 1016 contra
625 993 791 1016 creaturatn.
808 989 847 1015 Ex
867 989 910 1016 his

118 1036 215 1071 incipit
225 1035 373 1070 aliquando
383 1035 487 1062 moveri
498 1035 532 1062 ad
544 1035 754 1070 intelligendum
762 1039 791 1062 et
801 1034 911 1061 intuen-

118 1082 184 1109 dutn
198 1082 226 1108 in
238 1081 472 1116 contemplatione
485 1080 654 1108 naturalium
670 1088 730 1115 qute
745 1084 836 1107 creata
847 1084 911 1107 sunt

117 1128 151 1154 ad
170 1135 252 1154 usum
267 1132 295 1154 et
314 1130 493 1162 augmentum
509 1125 634 1160 corporis
645 1145 651 1156 ,
675 1128 703 1153 et
718 1124 857 1160 quomodo
882 1125 910 1151 in

115 1173 323 1201 ministratione
351 1180 447 1200 eorum
482 1171 563 1198 datur
587 1171 677 1198 virtus
704 1175 824 1206 quatuor
855 1170 911 1205 29

117 1220 290 1252 elementis,
323 1227 385 1255 quae
415 1223 480 1246 sunt
519 1218 547 1245 in
584 1218 693 1245 actione
721 1217 764 1244 vel
790 1217 910 1257 in‘cor-

117 1274 196 1302 pore.

396 1324 509 1352 CAPUT
535 1323 627 1351 XLVI.

307 1381 344 1408 De
358 1382 556 1408 conversatione
576 1380 722 1416 spirituali.

152 1438 333 1467 Conversatio
347 1445 459 1473 quoque
471 1437 624 1472 spiritualis
635 1441 676 1465 est
689 1437 761 1465 actio
773 1438 833 1467 sine
848 1447 912 1467 sen-

117 1485 206 1518 sibus,
237 1489 265 1513 et
289 1485 347 1512 haec
368 1489 420 1517 est,
449 1492 530 1520 quant
558 1484 766 1520 descripserunt
793 1487 908 1519 Patres;

117 1539 200 1567 quam
217 1538 279 1558 cum
295 1535 403 1558 mentes
422 1534 582 1558 sanctorum
599 1531 766 1566 suscipiunt,
783 1532 911 1560 substan-

119 1578 193 1605 tialis
211 1582 342 1612 aspectus
366 1581 394 1604 et
411 1577 549 1612 pinguedo
565 1577 692 1612 corporis
709 1579 854 1611 tolluntur,
877 1586 909 1606 ac

118 1623 220 1650 deinde
237 1627 366 1658 aspectus
387 1623 418 1650 ﬁt
433 1623 628 1658 iuteliigibilis.
647 1624 796 1658 Aspectum
815 1629 907 1652 autem

117 1668 330 1697 substantialem
350 1672 432 1696 vocat
450 1669 605 1696 orationem
626 1669 723 1704 primo:
743 1673 860 1701 naturae,
880 1673 908 1696 et

116 1722 151 1742 ex
175 1715 228 1741 hoc
250 1717 364 1748 aspectu
388 1713 565 1741 substantiali
591 1714 694 1741 dehinc
719 1714 800 1742 facile
820 1720 908 1741 trans-

117 1758 213 1787 cendit
223 1758 256 1785 ad
269 1758 438 1794 agnitionem
460 1758 589 1785 solitaria:
606 1759 834 1791 conversationis,
848 1767 909 1794 qua:

117 1807 161 1831 est
177 1803 206 1830 in
222 1803 396 1837 expositione
407 1803 554 1830 manifesta
568 1803 828 1831 misericordiarum
853 1805 908 1831 Do-

117 1849 197 1876 mini.
219 1848 270 1876 Ilic
286 1852 328 1876 est
352 1857 467 1884 magnus
481 1853 569 1876 status
588 1849 744 1876 futurorum
760 1849 906 1882 bonorum,

117 1895 166 1931 qui
183 1895 266 1922 datur
281 1895 309 1922 in
325 1894 455 1922 libertate
475 1895 503 1922 in
528 1895 688 1922 mortalium
710 1896 777 1928 vita,
794 1896 822 1922 in
839 1903 907 1922 con-

116 1941 274 1968 versatione
294 1948 355 1975 qua:
375 1944 418 1968 est
439 1944 502 1975 post
518 1941 766 1972 resurrectionem,
788 1941 835 1976 qui
852 1948 908 1968 non

117 1992 209 2015 cessat
231 1988 259 2014 in
283 1987 404 2014 humana
422 1992 520 2014 natura
541 1987 636 2014 mirari
653 1987 751 2020 Deum,
766 1995 818 2014 nec
838 1995 907 2014 con-

117 2033 222 2061 siderat
243 2033 358 2060 omnino
377 2032 444 2067 quid
467 2032 501 2059 de
526 2033 684 2059 creaturis:
703 2039 766 2059 nam
787 2033 810 2059 si
835 2037 909 2063 esset

117 2079 223 2114 aliquid
245 2078 427 2106 substantiale
454 2079 521 2111 Deo,
546 2079 690 2107 habuisset
709 2079 805 2114 utique
830 2087 909 2107 mens

117 2125 279 2152 memoriam
293 2125 322 2152 in
338 2125 394 2152 illo.
410 2124 488 2157 Quod
504 2125 528 2152 si
543 2126 634 2153 omnis
649 2126 829 2161 pulchritudo
846 2126 908 2153 illo-

117 2180 181 2199 rum
196 2179 256 2207 quae
275 2171 322 2198 (iet
337 2171 364 2198 in
380 2171 585 2199 resurrectione
605 2172 710 2204 futura,
735 2172 852 2199 inferior
865 2177 908 2200 est

962 943 1020 978 ptio
1039 948 1082 970 est
1096 944 1167 979 apud
1186 948 1223 976 te,
1244 950 1272 972 et
1288 945 1465 972 ascensiones
1487 945 1513 972 in
1531 945 1614 973 corde
1633 950 1680 972 tuo
1696 945 1751 972 dis-

961 989 1064 1023 posuit,
1088 990 1265 1023 tu,Domine,
1289 997 1381 1018 averte
1400 991 1486 1018 facies
1504 995 1613 1019 nostras
1635 999 1650 1018 a
1675 1000 1754 1019 mun—

961 1037 1040 1064 danis
1062 1038 1089 1064 in
1106 1037 1248 1065 desiderio
1273 1043 1332 1070 tuo,
1352 1039 1441 1066 donec
1453 1039 1595 1066 videamus
1619 1047 1682 1066 eum
1698 1039 1752 1066 sic-

961 1087 992 1109 ut
1005 1088 1058 1115 est,
1071 1091 1122 1111 nec
1152 1085 1299 1112 credamus
1311 1085 1422 1112 malitia:
1437 1085 1508 1112 sicut
1524 1085 1645 1119 veritati,
1662 1094 1752 1121 nequc

961 1129 1048 1156 simus
1074 1129 1210 1157 increduli
1234 1131 1342 1158 veritati
1367 1131 1438 1158 sicut
1463 1135 1491 1158 et
1518 1131 1634 1159 umbra.
1651 1132 1751 1159 Iunova

961 1175 990 1202 in
1017 1175 1109 1202 animo
1136 1176 1336 1204 sollicitudines
1353 1182 1416 1204 ante
1440 1182 1569 1210 mortem,
1593 1183 1623 1205 ut
1641 1178 1668 1205 in
1684 1179 1750 1206 hora

961 1221 1052 1248 exitus
1067 1222 1153 1249 nostri
1170 1229 1378 1257 cognoscamus,
1393 1223 1532 1258 quomodo
1543 1224 1597 1250 sint
1612 1223 1750 1259 ingressus

961 1265 1051 1292 nostri
1071 1270 1099 1292 et
1113 1267 1204 1294 exitus
1225 1267 1252 1293 in
1279 1267 1332 1294 hoc
1361 1267 1475 1299 mundo,
1501 1275 1647 1302 quousque
1669 1270 1751 1302 perﬁ-

961 1311 1067 1338 ciatnus
1085 1319 1156 1346 opus
1178 1312 1206 1339 in
1231 1320 1286 1347 quo
1301 1313 1391 1340 vocali
1408 1321 1505 1340 sumus
1529 1313 1680 1340 secundum
1704 1322 1749 1341 vo-

961 1356 1095 1384 luntatem
1118 1362 1191 1384 tuam
1211 1357 1238 1384 in
1261 1358 1312 1385 hac
1326 1359 1382 1385 vita
1405 1359 1483 1393 prius
1502 1367 1508 1385 :
1530 1363 1625 1394 postea
1639 1367 1750 1394 supera-

961 1403 1054 1431 bimus
1068 1404 1094 1430 in
1107 1403 1199 1430 animo
1210 1404 1316 1438 repleto
1328 1403 1495 1431 conﬁdentia
1516 1403 1639 1439 recipere
1654 1411 1749 1439 magna

961 1448 1114 1477 secundum
1130 1448 1342 1483 promissionem
1360 1449 1579 1484 Scripturarum,
1601 1456 1662 1484 qua:
1680 1456 1750 1484 pra:-

961 1494 1070 1530 paravit
1106 1495 1229 1522 Charitas
1258 1499 1304 1522 tua
1330 1495 1358 1522 in
1387 1495 1510 1522 secunda
1545 1495 1725 1522 renovatione
1743 1515 1750 1527 ,

962 1548 1080 1576 quorum
1108 1541 1242 1568 memoria
1274 1545 1455 1569 conservatur
1491 1541 1519 1568 in
1545 1541 1750 1575 ﬁdeisccreto-

961 1595 1033 1614 rum.

1234 1641 1347 1670 CAPUT
1372 1642 1476 1670 XLVII.

1099 1697 1137 1725 De
1157 1698 1288 1725 munditia
1311 1700 1430 1734 corporis
1450 1703 1476 1726 et
1500 1700 1609 1728 anim.

956 1778 961 1781 .
995 1753 1129 1781 Munditia
1155 1754 1281 1789 c0rporis
1315 1758 1359 1781 est
1386 1755 1519 1782 sanctitas
1536 1755 1572 1783 de
1597 1755 1749 1790 pollutione

959 1800 1052 1828 carnis
1073 1809 1080 1827 :
1104 1800 1241 1833 munditia
1255 1808 1321 1828 vero
1340 1800 1449 1834 animae,
1464 1800 1593 1829 liberatio
1605 1802 1640 1829 ab
1658 1803 1747 1830 occul-

960 1847 996 1874 tis
1022 1846 1199 1881 passionibus
1223 1855 1284 1882 quae
1308 1847 1410 1874 sistunt
1433 1848 1461 1874 in
1489 1848 1594 1876 animo.
1618 1849 1748 1877 Munditia

959 1899 1071 1927 quoque
1097 1892 1198 1920 mentis
1223 1896 1266 1919 est
1290 1892 1319 1919 in
1342 1893 1513 1921 revelatione
1547 1898 1717 1922 secretorum
1742 1904 1748 1922 :

959 1943 1094 1974 purgatur
1114 1939 1190 1965 enim
1206 1945 1240 1965 ex
1255 1938 1384 1966 omnibus
1401 1939 1593 1968 accidentibus
1617 1945 1755 1968 sensuum

958 1985 988 2012 in
1012 1985 1117 2012 mundo
1146 1984 1324 2020 pinguedinis
1349 1992 1457 2012 eorum.
1483 1985 1552 2013 Nam
1579 1991 1607 2013 et
1631 1987 1749 2014 infantes

959 2030 1048 2066 parvi,
1075 2030 1172 2057 mundi
1190 2035 1253 2057 sunt
1277 2030 1359 2058 corde
1375 2031 1408 2065 ζει
1421 2031 1583 2060 innocentes
1601 2032 1704 2065 anima,
1721 2038 1748 2061 et

959 2084 1042 2105 nemo
1060 2080 1143 2104 vocat
1165 2084 1214 2104 eos
1239 2077 1359 2104 mundos
1383 2081 1486 2104 mente.
1512 2077 1648 2106 Munditia
1673 2078 1747 2106 enim

960 2121 1061 2149 mentis
1094 2121 1229 2156 perfectio
1252 2126 1295 2148 est
1328 2121 1358 2148 in
1384 2122 1596 2150 conversatione
1623 2123 1747 2155 cmiesti.

960 2168 1067 2195 scilicet
1091 2167 1120 2194 in
1142 2167 1374 2202 contemplatione
1387 2175 1448 2202 quae
1464 2175 1499 2195 ex
1517 2175 1599 2196 sensu
1621 2174 1746 2198 movetur

116 2217 327 2253 pulchritudine
343 2217 420 2252 ejus,
440 2217 580 2252 quomodo
603 2221 695 2252 potest
709 2218 810 2252 aliquis
833 2217 908 2245 exire
924 2226 946 2254 ι)
961 2214 990 2241 in
1012 2214 1115 2241 Virtute
1141 2213 1279 2248 spirituali
1306 2214 1490 2248 superborum
1510 2215 1675 2242 mundorum
1691 2216 1747 2250 (47)

117 2264 146 2290 in
158 2268 270 2298 aspectu
282 2270 332 2290 suo
347 2267 424 2291 extra
437 2263 673 2298 pulchritudinem
684 2263 828 2296 DeiiQuid
843 2271 909 2298 ergo

117 2317 194 2336 mors
219 2309 365 2336 contristat
389 2316 462 2341 eum,
480 2309 523 2336 vel
540 2309 660 2344 gravitas
680 2309 772 2336 carnis
785 2317 833 2336 seu
852 2316 909 2336 me-

117 2354 206 2380 moria
218 2352 487 2387 consanguineorum
496 2353 566 2388 ejus.
576 2353 633 2381 sive
645 2353 795 2380 necessitas
803 2352 909 2380 natura:

116 2406 151 2425 ac
166 2397 315 2425 diversitas
330 2398 373 2425 vel
386 2398 569 2425 contrarietas
580 2406 627 2425 seu
638 2398 787 2426 exsultatio
804 2397 908 2433 ignota,

117 2451 169 2471 seu
190 2450 295 2471 natura!
313 2443 498 2478 imperfectio,
521 2447 569 2470 aut
588 2443 771 2471 circumdatio
784 2443 907 2470 elemen-

117 2494 223 2520 torum,
248 2489 289 2516 vel
317 2496 380 2516 cum
397 2488 491 2523 aliquo
513 2488 626 2520 locutio,
648 2497 697 2516 seu
719 2489 814 2516 aeedia
829 2488 906 2516 labo-

116 2534 282 2564 riosissima.
297 2541 346 2560 seu
371 2533 529 2561 sollicitudo
547 2533 655 2561 carnis?
670 2533 722 2561 Sed
735 2534 793 2561 haec
813 2533 905 2560 omnia

115 2579 245 2613 quamvis
268 2579 296 2605 in
321 2578 374 2605 hoc
400 2578 504 2605 mundo
522 2578 598 2611 ﬁant,
624 2583 653 2605 et
672 2579 699 2605 in
719 2583 843 2613 tempore
859 2578 906 2605 illo

115 2625 229 2659 quando
245 2624 367 2652 ablatum
380 2623 465 2651 fuerit
478 2624 604 2651 velamen
619 2624 748 2651 vitiorum
767 2625 801 2652 ab
820 2623 908 2652 oculis

116 2670 215 2704 animi,
241 2675 270 2697 et
294 2671 487 2705 perspexerint
503 2669 538 2697 ad
562 2670 636 2697 illam
661 2670 785 2706 gloriam,
815 2670 906 2698 statim

116 2716 260 2743 extollitur
271 2715 380 2743 animus
396 2715 425 2742 in
442 2715 679 2750 obstupefactione
694 2724 700 2742 :
714 2721 742 2743 et
756 2715 810 2743 nisi
823 2723 906 2750 quem

119 2762 269 2789 terminum
289 2762 363 2789 Deus
383 2761 475 2796 posuit
496 2762 550 2797 (46)
567 2761 595 2788 iu
617 2761 670 2789 hac
682 2761 737 2788 vita
757 2769 841 2796 super
855 2761 908 2788 hu-

155 2827 212 2864 (Iﬁ)
223 2827 539 2864 Quem-«posuilarForte
552 2850 558 2861 ,
573 2829 853 2864 aliquem—posuerit.
885 2845 897 2856 ι

960 2259 1217 2293 innumerabilium,
1236 2267 1354 2295 quorum
1369 2260 1541 2288 conversatio
1551 2260 1639 2288 divisa
1654 2266 1696 2289 est
1713 2262 1746 2289 ab

958 2305 1076 2333 invicem
1099 2306 1195 2333 subtili
1214 2310 1243 2333 et
1262 2306 1395 2333 invisibili
1415 2306 1547 2341 mysterio
1560 2306 1683 2341 ipsorum
1698 2315 1747 2334 ex-

958 2352 1116 2380 sistentium
1129 2352 1158 2379 in
1171 2352 1326 2380 intentione
1335 2352 1493 2379 divinarum
1506 2353 1706 2380 revelationum
1720 2357 1746 2381 ct

957 2397 1160 2424 contrariarum
1178 2397 1300 2432 ipsarum
1323 2398 1351 2425 in
1371 2398 1447 2425 omni
1475 2398 1553 2426 hora.
1577 2399 1637 2434 Ipse
1652 2404 1745 2427 autem

958 2443 1031 2470 Deus
1056 2448 1151 2470 noster
1176 2450 1227 2471 nos
1255 2443 1339 2470 faciat
1369 2451 1479 2478 semper
1504 2443 1598 2471 videre
1624 2452 1688 2471 eum
1717 2445 1745 2473 in

958 2488 1083 2516 nuditate
1107 2489 1218 2520 mentis.
1242 2493 1271 2516 et
1292 2493 1386 2524 postea
1411 2489 1569 2517 immediate
1595 2489 1622 2517 in
1641 2489 1744 2525 Spiritu

958 2539 1053 2560 sancto
1067 2541 1073 2559 :
1087 2533 1132 2560 cui
1147 2533 1184 2561 sit
1194 2533 1280 2569 gloria
1292 2535 1319 2562 in
1334 2535 1433 2564 saecula
1449 2537 1624 2566 saculorum.
1642 2537 1739 2567 Amen.

1231 2591 1344 2622 CAPUT
1355 2593 1472 2622 XLVIII.

1186 2657 1225 2684 De
1248 2657 1314 2684 ostio
1337 2661 1510 2684 secretorum.

992 2713 1072 2741 Fides
1089 2719 1132 2741 est
1154 2714 1256 2742 ostium
1282 2718 1464 2742 secretorum.
1482 2715 1550 2742 Nam
1567 2714 1743 2750 quemadmo-

957 2760 1022 2787 dum
1050 2760 1207 2794 corporales
1233 2760 1317 2793 oculi,
1335 2761 1564 2790 substantialibus
1584 2761 1685 2795 rebus,
1703 2761 1741 2790 sic

155 2838 212 2862 μυ)
223 2838 438 2862 uuam-«pasam
458 2838 539 2856 l‘Ol'Ie
552 2850 558 2861 ,
573 2838 610 2856 att
630 2838 853 2864 nem—posuerit.
885 2845 897 2856 ι

155 2863 213 2899 (47)
228 2862 396 2890 Mundorum.
411 2863 481 2890 Edit.
508 2864 593 2892 Paris.
610 2839 678 2893 36M
706 2861 903 2892 mandatorum.
921 2865 956 2893 At
972 2863 1099 2900 Lugdun.
1117 2863 1197 2896 1677,
1214 2868 1244 2890 ut
1262 2864 1289 2891 in
1304 2868 1388 2892 textu.

242 2908 381 2948 Pyrgos.
403 2909 463 2940 Gn.
483 2910 638 2942 LXXXVI.

1503 2894 1547 2940 28'
