1971 3091
182 153 252 186 ’ξδἻῆ

888 153 918 182 Β.
941 152 1060 182 l.‘%.\.-\(II
1082 151 1167 182 SYRI

1783 154 1836 186 876

200 218 239 239 est
267 211 345 244 ﬁdes,
373 210 463 238 oculis
484 209 602 237 occultis
627 214 652 237 et
687 209 910 245 intelligihilibus
936 210 995 236 the-
1010 211 1030 238 Λ
1047 209 1130 235 vitam
1154 216 1187 235 ex
1210 208 1266 235 Deo
1290 208 1445 240 fructiﬁeal,
1465 210 1510 244 qui
1535 210 1562 236 in
1586 209 1719 239 charitate
1748 212 1835 245 vivit;

200 265 309 285 saurus.
334 256 519 284 Oculos‘duos
535 257 670 284 habemus
685 257 792 289 animm,
814 256 886 284 sicut
898 256 994 283 dicunt

196 304 307 336 Patres,
327 303 405 331 velut
421 303 492 330 duos
506 303 602 331 oculos
623 303 769 338 corporis;
785 310 837 330 nec
857 306 900 330 est
920 303 993 329 idem

196 358 268 378 usus
285 354 415 386 aspectus
437 350 464 376 in
483 354 611 384 utroque.
635 350 663 377 In
689 357 746 376 uno
765 350 839 377 enim
856 350 937 377 oequ
950 350 993 376 in-

201 403 312 424 tuemur
323 396 431 424 occulta
446 396 538 431 glorire
551 396 610 429 Dei,
626 404 687 431 quae
703 396 811 423 occulta
827 396 854 423 iu
868 396 991 423 naturis:

199 443 307 470 scilicet
323 443 476 477 potentiam
498 443 569 477 ejus,
594 443 758 477 sapientiam
781 443 876 477 ipsius,
892 447 920 469 et
936 442 993 469 dis-

199 490 390 524 pensationem
415 488 539 524 ejusdem
565 493 730 516 eoa-ternum
755 488 827 515 circa
857 496 917 520 nos,
934 496 994 522 quin

200 535 448 571 comprehenditur
477 543 511 562 ex
543 535 733 570 magnitudine
768 535 909 570 regiminis
933 535 993 571 ejus

199 581 271 616 apud
287 589 338 608 nos
355 590 361 608 :
382 584 410 608 et
433 581 461 608 in
478 580 532 607 hoc
556 580 639 608 oculo
654 580 781 608 caelestes
803 580 915 608 ordines
928 588 994 608 con-

198 635 294 656 servos
312 632 422 655 nostros
444 626 571 654 videmus
589 635 595 653 :
610 626 638 653 in
660 626 740 654 oculo
754 626 808 653 alio
825 627 994 661 contempla-

198 682 261 701 mur
281 673 396 709 gloriam
413 677 520 700 natura
544 673 605 707 ejus
621 677 732 704 sanctae,
755 672 808 699 hoc
832 677 884 705 est,
906 672 993 707 ipsius

198 719 259 750 Dei.
273 718 478 754 beneplaeituin
494 718 605 753 quando
615 713 700 745 fuerit
714 718 781 750 Deo,
797 717 928 745 inducere
942 725 992 745 nos

199 767 226 793 in
254 769 361 794 secreta
387 765 553 800 spiritualia,
583 769 611 792 et
635 772 710 791 mare
740 763 803 791 fidei
826 763 936 800 aperire
964 764 992 792 in

199 811 292 838 animo
314 815 419 838 nostro.
438 810 532 838 Gratia
550 815 612 845 post
626 810 740 845 gratiam
760 810 822 837 data
837 815 880 838 est
901 810 992 837 homi-

198 858 300 889 nibus;
328 856 493 892 pmuitentia
514 857 575 891 ejus
599 860 643 884 est
668 856 841 891 regeneratio
870 857 991 884 secunda

198 912 231 930 ex
255 903 322 936 Deo,
347 907 376 930 et
391 903 476 930 arrha
501 910 584 937 quam
614 910 648 929 ex
663 901 716 929 ﬁde
742 902 914 937 recepimus,
943 910 993 937 per

199 949 392 984 pmuitentiam
417 948 575 983 recepimus
599 941 705 976 donum
726 948 798 983 ejus.
826 948 992 985 Pmnitentia

197 1001 240 1024 est
254 1000 333 1032 porta
348 995 559 1027 misericordize,
575 1003 637 1030 qua:
653 999 748 1030 aperta
767 998 809 1022 est
825 1002 993 1030 persequen-

191 1042 274 1070 liibus
291 1049 364 1069 eam.
384 1042 436 1069 Per
455 1041 528 1068 hanc
543 1045 650 1075 portam
671 1040 806 1067 intramus
818 1039 852 1067 ad
872 1040 993 1068 divinam

199 1088 432 1120 misericordiam,
452 1091 480 1114 et
499 1087 604 1122 absque
629 1086 742 1113 introitu
768 1086 816 1114 illo
834 1094 889 1114 non
915 1085 992 1114 inve-

201 1135 292 1161 nimus
304 1133 538 1166 misericordiam;
550 1133 615 1168 quia
625 1141 716 1160 omnes
724 1136 906 1167 peccaverunt,
916 1133 993 1168 juxta

199 1181 321 1208 divinam
343 1180 526 1215 Scripturam,
545 1179 689 1214 justiﬁcati
705 1179 789 1215 gratis
812 1187 859 1214 per
876 1179 994 1214 gratiam

200 1227 257 1261 ejus
274 1226 295 1241 ‘7
311 1234 318 1252 :
333 1229 361 1253 et
372 1225 461 1252 oritur
480 1224 508 1251 in
528 1224 612 1252 corde
629 1231 643 1252 a
657 1223 709 1252 fide
733 1228 761 1251 et
777 1223 885 1251 timore.
901 1223 995 1251 Timor

199 1278 293 1300 autem
312 1279 354 1301 est
369 1272 484 1300 baculus
501 1272 664 1308 spiritualis,
688 1280 740 1300 nos
755 1272 914 1308 gubernans
927 1280 996 1307 quo-

200 1327 288 1354 usque
310 1319 505 1353 perveniamus
527 1318 561 1345 ad
580 1317 737 1353 paradisum
756 1317 928 1352 spiritualcm
943 1318 995 1345 bo-

200 1374 317 1397 norum;
339 1370 367 1392 et
390 1373 453 1393 cum
478 1365 517 1392 ibi
539 1365 721 1400 applieamus,
752 1364 866 1392 dimittit
895 1372 946 1392 nos
965 1370 996 1392 ut

202 1417 385 1440 revertamur.
404 1411 554 1439 Paradisus
572 1414 615 1438 est
630 1411 751 1438 charitas
763 1411 823 1444 Dei,
841 1411 869 1438 in
887 1420 941 1446 qua
954 1416 996 1439 cst

200 1458 350 1486 delectatio
375 1461 540 1486 cunctarum
568 1457 792 1490 beatitudinum,
821 1457 868 1485 ubi
897 1457 996 1486 beatus

201 1504 304 1531 Paulus
332 1503 456 1530 nutritus
477 1507 520 1530 est
540 1503 605 1531 cibo
621 1510 704 1538 supra
727 1507 852 1530 naturam
869 1512 874 1530 :
892 1511 924 1531 ex
941 1511 996 1539 quo

1045 260 1072 283 et
1096 256 1122 283 in
1146 257 1199 283 hoc
1224 257 1328 283 mundo
1343 257 1480 284 exsistcns
1504 258 1580 285 illum
1596 266 1687 286 aerem
1706 267 1836 287 resurre-

1046 302 1146 330 ctionis
1167 303 1318 335 odoratur;
1334 303 1370 330 ita
1383 303 1436 330 isto
1447 310 1566 338 namque
1580 304 1754 332 delectantur
1770 307 1836 341 justi

1046 349 1072 375 in
1094 348 1309 376 resurrectione.
1333 348 1462 375 Charitas
1480 353 1523 375 est
1542 357 1656 384 regnum
1681 351 1753 385 quod
1771 358 1837 386 per-

1046 395 1119 422 misit
1140 395 1195 429 (48)
1222 395 1295 422 Deus
1312 394 1450 429 figuratim
1468 395 1511 422 vel
1540 394 1682 430 ﬁgurative
1704 397 1839 431 apostolis

1045 439 1193 467 comedere
1219 440 1247 466 in
1269 447 1355 474 regno
1371 447 1433 467 suo.
1450 439 1521 472 Quid
1543 441 1616 467 enim
1633 442 1786 469 comedetis
1809 448 1838 469 et

1045 485 1146 513 bibetis
1174 485 1200 512 in
1226 493 1321 512 mensa
1336 486 1413 520 regni
1433 486 1509 514 mei?
1524 485 1650 514 Charitas
1671 488 1746 514 enim
1762 488 1838 515 sudi-

1044 533 1121 561 cicns
1138 537 1180 560 est
1197 532 1305 559 nutrire
1321 532 1462 559 hominem
1485 540 1535 566 pro
1549 532 1612 559 cibo
1628 537 1657 560 et
1678 538 1744 567 potu
1762 543 1768 560 :
1787 534 1840 561 hoc

1044 583 1086 606 est
1110 578 1204 606 vinum
1226 578 1300 613 quod
1317 578 1440 605 laetificat
1466 585 1516 605 cor
1529 578 1657 606 hominis.
1675 579 1777 606 Beatus
1791 580 1839 614 qui

1044 625 1117 652 bibit
1143 633 1176 652 ex
1202 627 1269 652 vino
1293 625 1370 652 isto:
1398 632 1431 652 ex
1457 625 1510 652 hoc
1534 625 1666 652 biberunt
1694 626 1839 661 impudici.

1044 677 1070 699 et
1086 672 1151 699 facti
1172 677 1237 699 sunt
1250 671 1343 707 pudici
1363 679 1369 697 :
1388 676 1416 698 et
1430 671 1513 703 ebrii,
1529 675 1556 698 et
1574 671 1638 698 facti
1658 678 1724 699 sunt
1739 673 1839 708 jejuni.

1044 728 1092 748 seu
1109 720 1279 755 jejunatores
1299 729 1305 747 ε
1322 724 1350 747 et
1363 725 1534 754 peccatores,
1554 726 1582 748 et
1603 721 1680 748 obliti
1702 726 1768 749 sunt
1783 723 1841 749 vias

1044 766 1250 794 offensionum:
1272 770 1300 793 et
1323 766 1434 797 divites,
1455 770 1483 792 et
1502 766 1668 798 alfectarunt
1689 773 1840 802 pauperta-

1045 816 1120 843 tem;
1137 816 1166 839 et
1185 819 1332 847 pauperes,
1356 818 1385 839 et
1400 811 1479 839 ditati
1502 816 1566 839 sunt
1586 820 1649 846 spe;
1672 819 1700 840 et
1716 813 1840 848 fragiles,

1044 861 1072 884 et
1094 856 1158 884 facti
1185 861 1250 884 sunt
1277 857 1405 889 robusti;
1423 862 1451 884 et
1465 857 1566 887 idiotas.
1589 863 1615 884 cl
1634 858 1698 885 facti
1715 864 1782 885 sunt
1797 867 1842 886 sa-

1045 902 1164 938 pientes.
1195 903 1274 931 Sicut
1291 904 1464 938 impossibile
1492 908 1534 931 est
1564 905 1681 932 transire
1710 913 1841 940 magnum

1043 957 1119 977 mare
1133 950 1192 978 sine
1210 951 1285 983 navi,
1307 950 1365 978 sive
1383 951 1510 982 vasculo,
1539 951 1579 978 sic
1600 959 1655 978 non
1679 957 1772 985 potest
1787 952 1842 980 ali-

1043 997 1106 1032 quis
1121 997 1180 1025 sine
1199 998 1299 1024 timore
1323 997 1502 1025 transfretare
1518 997 1552 1024 ad
1575 997 1749 1025 charitatem.
1767 999 1842 1026 Mare

1044 1042 1160 1070 fetidum
1177 1042 1251 1078 quod
1264 1047 1398 1070 statutum
1413 1047 1455 1070 est
1471 1043 1543 1069 inter
1556 1050 1606 1070 nos
1619 1048 1647 1070 et
1663 1043 1842 1075 charitatein,

1044 1089 1191 1124 intelliges.
1205 1089 1437 1117 Paradisumeum
1447 1090 1559 1117 vasculo
1570 1089 1741 1124 poenitentia:
1751 1094 1843 1116 trans-

1044 1133 1146 1162 fretare
1177 1142 1335 1169 possumus,
1370 1135 1506 1162 habentes
1534 1143 1583 1170 pro
1614 1136 1782 1170 remigatore
1805 1136 1842 1162 ti-

1045 1187 1177 1213 morem;
1209 1181 1284 1215 quod
1316 1181 1338 1208 si
1368 1181 1413 1208 isti
1440 1181 1623 1216 remigatores
1647 1181 1757 1209 timoris
1785 1190 1842 1209 non

1045 1227 1200 1262 gubernant
1213 1227 1285 1255 hanc
1299 1235 1396 1255 navem
1413 1228 1583 1262 pmnitmttite
1597 1235 1659 1255 cum
1680 1236 1733 1263 qua
1751 1233 1842 1255 trans-

1046 1272 1119 1300 imus
1141 1281 1216 1300 mare
1237 1274 1320 1309 hujus
1343 1274 1438 1301 mundi
1461 1274 1494 1301 ad
1513 1274 1611 1306 Deum,
1636 1274 1844 1310 submergimnr

1046 1320 1074 1347 in
1095 1319 1182 1347 fetido
1201 1320 1281 1347 mari.
1302 1320 1469 1348 Paenitentia
1492 1324 1535 1348 est
1560 1320 1648 1352 navis,
1671 1322 1753 1348 timor
1775 1329 1844 1348 vero

1046 1366 1216 1402 gubernator
1240 1366 1313 1401 ejus,
1336 1366 1458 1393 charitas
1481 1371 1578 1401 portus
1605 1366 1718 1393 divinus
1737 1375 1743 1393 :
1776 1366 1844 1395 facit

1046 1419 1111 1448 ergo
1143 1411 1226 1439 timor
1253 1418 1304 1438 nos
1328 1411 1425 1439 sedere
1450 1411 1477 1438 in
1508 1411 1570 1438 navi
1597 1412 1788 1446 poenitentia},
1814 1417 1843 1439 ct

1047 1457 1207 1485 transfretat
1228 1465 1280 1485 nos
1295 1465 1370 1484 mare
1386 1457 1480 1484 inundi
1495 1457 1622 1490 fetidum,
1641 1462 1669 1485 et
1681 1457 1715 1484 ad
1732 1463 1842 1492 portum

1047 1503 1174 1531 divinum
1193 1503 1240 1538 qui
1255 1507 1298 1530 est
1318 1503 1451 1535 Charitas,
1476 1504 1605 1538 perducit
1628 1512 1690 1536 nos,
1713 1504 1747 1532 ad
1760 1512 1842 1539 quem

201 1549 322 1585 gustavit
348 1549 378 1576 in
400 1549 504 1584 lignum
522 1549 594 1578 vitae.
618 1549 746 1577 clamavit
767 1549 863 1578 dicens
877 1559 884 1577 :
898 1550 995 1578 Oculus
1010 1557 1030 1587 α
1048 1549 1201 1584 respiciunt
1225 1557 1322 1577 omnes
1347 1550 1394 1584 qui
1418 1550 1547 1577 laborant
1563 1554 1591 1577 et
1617 1551 1785 1578 tribulantur
1815 1551 1842 1577 in

202 1603 254 1622 non
284 1594 360 1629 vidit,
388 1603 434 1622 nec
457 1595 532 1622 auris
555 1595 666 1627 audivit,
695 1603 741 1622 nec
768 1596 796 1622 in
818 1604 863 1623 cor
883 1597 995 1624 hominis

200 1644 319 1672 ascendit
342 1652 401 1679 qum
425 1644 586 1679 prmparavit
610 1643 680 1670 Deus
694 1643 865 1678 diligentibus
881 1652 909 1671 se
925 1644 959 1670 ⁵⁸.

237 1689 275 1716 De
296 1689 349 1717 hoc
378 1689 452 1717 bono
472 1690 524 1718 fuit
548 1690 705 1725 prohibitus
729 1691 826 1722 Adam,
849 1697 905 1718 non
931 1697 996 1717 eon-

201 1735 294 1763 silium
318 1735 432 1764 diaboli.
453 1736 571 1771 Lignum
595 1736 659 1763 vita:
680 1741 724 1764 est
747 1736 869 1764 charitas
886 1743 919 1763 ex
940 1743 994 1771 qua

200 1782 306 1810 excidit
333 1782 432 1816 Adam,
455 1786 484 1810 et
498 1783 618 1811 ulterius
636 1791 691 1810 non
705 1783 829 1810 occurrit
853 1782 906 1809 sibi
930 1790 996 1817 gau-

200 1830 290 1862 dium,
312 1830 360 1858 sed
381 1830 408 1857 in
437 1834 511 1858 terra
527 1831 669 1866 spinarum
684 1834 815 1865 operatur
831 1833 860 1856 et
876 1829 994 1857 laborat.

200 1877 253 1910 Qui
275 1877 309 1904 de
320 1876 456 1904 charitate
478 1876 527 1904 Dei
541 1876 660 1911 separati
677 1880 751 1908 sunt,
772 1883 870 1911 panem
885 1875 996 1902 sudoris

201 1922 353 1950 comedunt
378 1922 407 1950 in
430 1922 562 1957 operibus
591 1922 659 1953 suis.
678 1928 837 1957 quanquam
861 1922 889 1948 in
913 1921 996 1949 recti-

201 1969 297 1996 tudine
323 1969 379 2005 30
393 1969 546 2002 ambulent,
564 1976 646 2004 quem
663 1968 849 2003 protoplastus
863 1967 939 1995 visus
954 1972 996 1996 est

201 2016 346 2044 comedere
370 2020 432 2052 post
444 2023 585 2044 occasum.
603 2015 696 2043 Donec
714 2015 888 2042 inveniamus
904 2014 994 2042 chari-

202 2069 296 2095 tatem,
322 2063 350 2090 in
367 2066 441 2090 terra
463 2062 606 2096 spinarum
631 2065 674 2089 est
701 2060 827 2096 operatio
847 2064 941 2088 nostra
968 2065 996 2087 et

202 2110 276 2136 inter
299 2108 394 2144 spinas
413 2108 583 2135 seminamus
609 2112 638 2135 et
655 2107 797 2139 metimus,
810 2106 937 2142 quamvis
949 2113 994 2134 se-

201 2161 266 2181 men
283 2158 408 2181 nostrum
424 2153 477 2180 fuit
489 2160 583 2181 semen
603 2152 727 2187 iustitiae,
743 2156 771 2179 et
788 2152 816 2179 in
831 2152 906 2180 omni
927 2152 994 2179 hora

202 2201 353 2237 pungimur
380 2200 415 2227 ab
437 2200 496 2233 eis;
530 2203 558 2227 et
587 2203 833 2234 quantumcunque
861 2198 995 2234 jusdtice-

150 2238 155 2267 ἒ
201 2255 274 2279 mur,
294 2246 323 2273 in
347 2245 449 2273 sudore
463 2245 584 2272 vivimus
597 2245 692 2272 vultus
715 2245 824 2277 nostri;
840 2249 867 2272 et
883 2244 994 2279 quando

202 2293 360 2320 invenimus
387 2292 561 2323 charitatem,
589 2298 660 2326 pane
677 2291 785 2319 cmlesti
802 2291 940 2319 vescimur
966 2296 994 2319 et

200 2338 391 2366 eontortamur
410 2338 470 2365 sine
483 2345 566 2372 opere
593 2341 622 2365 et
643 2337 748 2365 labore.
773 2337 901 2366 Caelestis
915 2338 993 2373 panis

199 2391 239 2412 est
255 2385 393 2416 Christus.
410 2384 455 2420 qui
476 2384 509 2411 de
533 2383 596 2411 caelo
615 2383 749 2410 descendit
760 2387 786 2409 et
801 2383 884 2411 vitam
902 2384 994 2411 tribuit

200 2433 300 2459 mundo
320 2432 354 2460 “.
370 2431 421 2460 llic
438 2435 482 2459 est
503 2430 582 2458 cibus
595 2430 767 2465 angelorum.
792 2429 845 2463 Qui
870 2430 995 2458 charita-

201 2484 256 2507 tem
286 2479 403 2511 invenit,
430 2477 572 2506 Christum
600 2476 750 2504 manducat
772 2476 801 2503 in
827 2484 995 2512 unaquaque

201 2527 280 2557 hora,
298 2529 327 2552 et
345 2525 375 2552 tit
391 2524 566 2552 immortalis.
593 2523 639 2550 Ait
655 2523 730 2550 enim
745 2531 752 2549 :
781 2521 833 2556 Qui
854 2524 994 2551 comederit

199 2579 296 2606 panem
319 2578 396 2605 quem
413 2578 460 2605 ego
474 2570 570 2597 dedero
593 2570 628 2600 ei.
650 2573 767 2596 mortem
786 2576 840 2596 non
858 2570 992 2604 gustabit,

199 2618 242 2644 vel
262 2618 329 2644 vivet
345 2617 373 2643 in
390 2621 518 2643 aeternum
532 2615 566 2643 ⁷⁰.
583 2615 683 2642 Beatus
698 2619 791 2642 autem
810 2615 857 2649 qui
871 2615 994 2643 comedit

199 2663 234 2690 de
259 2670 330 2698 pane
353 2662 507 2693 charitatis,
531 2661 580 2696 qui
605 2665 649 2688 est
666 2660 793 2688 Christus
815 2669 822 2687 :
850 2660 993 2688 Christum

199 2708 274 2735 enim
299 2707 420 2736 comedit
444 2708 492 2744 qui
509 2711 551 2734 est
568 2706 692 2734 omnium
719 2707 800 2733 Deus.
821 2706 855 2733 Et
876 2711 994 2734 testatur

199 2753 298 2780 beatus
310 2753 429 2782 Joannes
444 2753 540 2781 dicens
558 2761 565 2778 :
586 2752 656 2778 Deus
676 2752 793 2778 charitas
807 2755 846 2778 est
859 2752 892 2778 ⁷¹.
909 2752 994 2787 Igitur

236 2821 259 2838 ⁰⁷
284 2822 361 2849 Rom.
385 2830 424 2854 in,
449 2821 495 2853 9.3,
519 2821 564 2848 Qui.
606 2820 628 2837 ⁸⁸
651 2820 661 2847 Ῑ
682 2820 746 2848 Cor.
770 2828 799 2852 ιι,
815 2821 842 2848 9.

235 2879 292 2911 {48)
306 2879 438 2908 Permisit.
455 2877 611 2912 Legendum
628 2875 735 2904 videtur
752 2878 882 2911 promisit.

882 2821 904 2837 εν
922 2822 1002 2850 Joan.
1026 2832 1063 2856 γι,
1089 2823 1132 2851 5⁸5.

1048 1595 1222 1630 ρωηίιεηιίίι.
1247 1595 1373 1630 Cumque
1402 1596 1582 1630 pervenimus
1606 1595 1638 1622 ad
1664 1596 1841 1627 charilatem.

1047 1641 1226 1677 pervenimus
1239 1641 1272 1669 ad
1289 1642 1388 1673 Deum,
1404 1647 1432 1669 et
1451 1643 1494 1669 via
1514 1647 1609 1669 nostra
1633 1641 1794 1677 perficitur;
1815 1647 1844 1669 et

1049 1687 1113 1714 inde
1136 1687 1288 1715 transimus
1309 1687 1427 1715 insulam
1454 1696 1515 1722 qua:
1535 1693 1578 1715 est
1605 1689 1676 1716 ultra
1694 1689 1841 1722 mundum,

1048 1733 1096 1762 ubi
1115 1733 1209 1767 Pater,
1230 1737 1258 1761 et
1275 1733 1373 1766 Filius,
1397 1738 1425 1761 ct
1438 1733 1559 1768 Spiritus
1572 1739 1686 1762 sanctus
1705 1735 1771 1762 facit
1790 1743 1843 1762 nos

1047 1780 1145 1815 dignos
1168 1779 1255 1814 gloria
1272 1787 1321 1807 sua
1343 1779 1535 1815 charitathue
1557 1787 1607 1815 per
1623 1781 1750 1808 timorem
1771 1790 1777 1807 :
1796 1781 1843 1809 cui

1047 1826 1135 1860 gleria
1158 1825 1186 1853 in
1207 1825 1308 1853 saecula
1333 1825 1509 1853 sazculorum.
1530 1826 1627 1854 Anien.

1331 1883 1445 1912 CAPUT
1461 1883 1558 1911 XLIX.

1048 1940 1086 1967 De
1109 1939 1208 1975 duplici
1228 1939 1350 1975 scientia,
1374 1938 1472 1965 scilicet
1493 1937 1624 1975 naturali,
1639 1940 1664 1963 et
1686 1945 1744 1972 qua:
1757 1943 1795 1964 est
1811 1946 1844 1965 ea:

1205 1975 1268 2009 ﬁde,
1291 1979 1315 2001 et
1333 1974 1365 2000 de
1385 1981 1510 2000 mensura
1536 1972 1682 2008 utriusque.

1081 2023 1131 2050 Est
1148 2021 1264 2049 scientia
1288 2020 1447 2055 praecedens
1464 2019 1667 2052 credulitatem,
1682 2023 1710 2046 et
1724 2018 1842 2047 scientia

1046 2077 1108 2104 qua:
1124 2068 1249 2096 nascitur
1263 2074 1296 2094 ex
1309 2066 1484 2094 credulitate.
1503 2065 1625 2093 Scientia
1644 2065 1756 2100 quidem
1769 2073 1842 2100 prat-

1047 2115 1121 2143 ccdit
1145 2113 1337 2141 credulitatem
1364 2112 1392 2139 in
1421 2112 1614 2145 naturalibus;
1634 2112 1750 2140 scientia
1774 2120 1843 2139 vero

1046 2169 1108 2196 quae
1120 2161 1243 2188 nascitur
1253 2168 1287 2187 ex
1300 2159 1475 2193 credulitate,
1489 2163 1531 2187 est
1544 2159 1659 2187 scicntia
1677 2160 1840 2195 spiritualis.

1047 2207 1167 2235 Scientia
1184 2206 1377 2238 naturalis'est,
1393 2205 1605 2240 qurediscernit
1613 2206 1718 2233 bonum
1730 2214 1745 2233 a
1757 2206 1842 2238 malo,

1047 2257 1076 2281 et
1096 2257 1210 2280 vocatur
1229 2251 1360 2279 discretio
1378 2251 1521 2283 naturalis,
1538 2251 1565 2278 in
1578 2259 1631 2286 qua
1647 2251 1774 2278 novimus
1789 2251 1843 2279 bo-

1049 2306 1127 2330 num,
1150 2302 1178 2325 ct
1201 2297 1386 2324 discernimus
1409 2297 1513 2324 bonum
1538 2305 1554 2324 a
1579 2297 1662 2324 malo.
1691 2297 1841 2328 Naturalis,

1048 2344 1153 2379 absque
1178 2343 1346 2370 documento
1367 2343 1440 2370 hanc
1468 2342 1559 2378 posuit
1586 2343 1659 2370 Deus
1675 2342 1702 2369 in
1720 2342 1840 2369 naturali

1049 2395 1159 2422 natura,
1181 2393 1209 2416 et
1226 2396 1241 2416 a
1258 2388 1424 2416 documento
1441 2388 1660 2416 additamentum
1676 2388 1798 2422 suscepit
1811 2392 1841 2415 et

1049 2439 1238 2471 augmentum,
1262 2442 1315 2462 nec
1327 2437 1371 2461 est
1390 2434 1489 2468 aliquis
1510 2434 1558 2468 qui
1576 2434 1647 2461 hanc
1660 2441 1715 2461 non
1727 2433 1839 2460 habeat.

1049 2482 1113 2509 "me
1129 2485 1220 2508 autem
1241 2480 1332 2507 virtus
1351 2479 1486 2507 naturalis
1501 2479 1633 2507 discretio
1659 2484 1701 2506 est
1721 2478 1787 2506 boui
1814 2484 1844 2505 et

1051 2526 1114 2554 mali
1135 2533 1197 2561 qua:
1220 2516 1368 2552 moventur
1397 2525 1568 2552 incessanter
1595 2525 1622 2552 in
1651 2524 1725 2559 ipsa;
1741 2529 1771 2552 et
1793 2524 1843 2558 qui

1049 2572 1148 2608 privati
1164 2576 1227 2599 sunt
1237 2579 1279 2603 ea,
1294 2570 1411 2598 inferius
1422 2571 1543 2598 naturali
1558 2575 1656 2598 natura
1667 2569 1842 2602 subsistunt;

1047 2622 1077 2646 et
1090 2618 1137 2653 qui
1149 2617 1253 2645 habent
1261 2624 1321 2644 eam
1331 2616 1360 2644 in
1368 2621 1443 2644 motu
1453 2617 1582 2649 naturali,
1592 2621 1667 2644 recte
1675 2617 1843 2648 consistunt,
1854 2650 1862 2653 Α
1872 2650 1880 2652 Ξ

1049 2672 1101 2691 nec
1125 2664 1228 2691 habent
1248 2663 1369 2698 aliquam
1389 2662 1579 2690 confusionem
1599 2663 1626 2689 in
1643 2662 1687 2689 his
1699 2670 1761 2696 quae
1774 2650 1866 2690 con}

1051 2710 1113 2737 tulit
1124 2710 1196 2736 Deus
1214 2713 1321 2736 natura:
1333 2708 1368 2735 ad
1385 2709 1518 2735 honorem
1534 2708 1700 2736 naturalium
1716 2716 1844 2735 suorum.

1048 2755 1111 2783 Illos
1127 2762 1194 2782 vero
1209 2754 1257 2789 qui
1283 2754 1355 2782 hanc
1381 2754 1548 2789 agnitionem
1572 2755 1755 2789 perdiderunt
1782 2763 1847 2789 qm

1171 2824 1193 2840 7°
1221 2822 1289 2850 ibid.
1308 2823 1352 2851 ΒΞ.
1388 2825 1410 2840 '“
1437 2823 1541 2851 lJoan.
1564 2832 1600 2856 iv,
1624 2824 1648 2852 8.
1854 2799 1865 2824 ι
