1971 3091
151 179 203 214 877

680 180 794 208 LIBER
818 178 864 208 DE
884 177 1108 208 CONTEMI’TU
1128 177 1260 209 MUNDI.

1727 177 1779 209 878

152 236 286 264 tlist't‘l‘tlit
303 235 405 263 bonum
432 244 445 262 a
465 235 546 267 malo,
571 239 597 262 et
613 234 684 261 inter
706 235 767 262 illos
792 235 837 269 qui
854 234 944 268 perdi-
959 235 980 262 A
997 234 1129 267 studium,
1152 235 1234 262 etiam
1250 233 1341 261 omnia
1368 234 1521 262 communis
1542 234 1603 263 vitm
1620 240 1648 264 ct
1660 236 1779 264 solitudo

151 283 252 310 derunt
263 291 334 313 eam.
353 282 508 308 assiiirilavil
521 282 701 316 insipientibus
713 281 842 315 jumcitlis
855 289 905 307 non
918 281 940 309 7'

153 328 320 355 habentibus
339 327 471 354 rationem
488 335 537 354 nec
554 327 761 353 discretionem.
778 327 807 353 111
820 327 870 353 hac
889 326 940 353 lm-

153 375 284 410 possibile
303 378 344 400 001
371 374 494 400 invenire
510 373 581 400 viam
603 373 650 400 Dei
677 378 705 400 et
723 373 844 400 scicntia:
860 377 941 408 natu-

154 421 237 453 ralis;
265 424 292 446 et
315 420 372 446 lucc
394 419 522 454 prmeedit
545 419 746 446 credulitatem.
774 419 836 445 llzec
859 419 942 445 etiam

153 467 261 494 ductrix
282 471 323 493 est
340 466 373 492 ad
393 466 488 497 Deum,
510 466 574 500 quia
591 465 617 491 in
636 473 669 491 eo
688 465 878 499 cognoscimus
894 464 941 490 bo-

154 522 220 541 num
246 522 260 540 a
282 513 364 540 malo.
387 513 461 539 lianc
479 511 602 546 recipere
617 511 809 543 credulitatem
827 514 943 537 testatur

155 561 248 594 utique
261 559 348 585 virtus
358 564 471 589 naturm,
483 558 556 592 quod
568 557 663 584 deceat
677 557 815 583 hominem
829 556 943 583 credere

155 605 193 632 illi
211 605 257 640 qui
276 604 402 638 perducit
420 604 453 630 ad
471 603 638 630 Creatorem.
659 603 719 629 111011
736 602 827 629 omnia
842 606 869 628 et
884 609 944 628 erc-

155 651 220 678 dere
241 650 296 685 (t9)
319 651 410 677 verbis
426 649 616 676 mamlatornm
643 657 739 676 eorum
755 653 782 675 et
806 648 895 675 facere
912 656 943 675 ca

155 706 217 732 quze
232 706 264 724 ex
281 697 444 723 credulitate
459 701 621 723 nascuntur.

192 743 329 770 Naturalis
351 750 415 769 vero
442 742 557 768 seicntia
578 749 637 776 quae
662 745 704 767 est
724 740 854 767 discretio
879 739 943 766 boni

157 793 186 816 et
209 789 283 819 ntali,
302 797 362 823 quae
382 796 414 815 ex
446 788 502 814 Deo
525 792 568 815 est
595 787 722 821 imposita
748 792 865 819 naturze,
893 794 945 814 1100

157 836 279 871 suggerit
296 835 375 861 nobis
390 842 451 869 quae
465 834 564 860 delicat
581 833 694 860 credere
709 833 764 860 Deo
779 833 826 868 qui
841 833 945 867 produ—

158 883 196 910 cit
218 882 320 908 omnia.
339 881 372 908 Et
394 881 543 907 credulitas
569 880 634 906 facit
656 880 683 906 in
702 880 783 906 nobis
802 879 943 913 timorem;

159 932 187 954 et
209 927 291 954 timor
313 925 454 960 compellit
478 933 527 951 nos
553 925 689 960 pmnitere
713 932 745 952 ac
770 925 897 959 operari;
919 929 948 951 et

160 973 233 1000 Deus
250 976 291 999 est
306 972 386 998 dator
405 971 556 1005 spiritualis
581 971 702 998 scientiae
719 971 860 998 hominum
888 979 949 1005 quae

159 1022 202 1046 est
225 1018 365 1053 perceptio
385 1021 567 1049 secretorum,
587 1025 648 1052 quae
676 1017 748 1051 parit
771 1017 852 1044 ﬁdem
876 1024 949 1043 verre

159 1064 410 1099 contemplationis.
434 1063 558 1090 Diximus
586 1067 614 1090 01
641 1070 695 1090 1100
721 1062 894 1097 simpliciter,
916 1070 950 1089 ex

160 1111 322 1140 credulitate
346 1115 450 1137 tantum
467 1110 540 1136 nuda
558 1109 681 1136 nascitur
696 1108 848 1143 spiritualis
858 1109 949 1136 scien-

162 1159 209 1190 tia,
229 1158 300 1185 sicut
310 1158 379 1184 dixit
389 1162 500 1184 sanctus
507 1156 626 1183 Joannes
638 1155 858 1190 Chrysostomus.
871 1154 950 1188 Quod

161 1204 271 1239 quando
295 1204 358 1238 quis
385 1202 545 1237 acquisierit
562 1202 732 1229 voluntatem
758 1201 890 1235 sequendi
914 1201 951 1228 ti-

162 1258 266 1277 morem
292 1250 340 1276 Dei
362 1254 389 1276 et
413 1253 547 1276 secretam
568 1243 755 1283 prudentiam,
776 1249 831 1275 cito
855 1248 952 1283 recipit

162 1296 359 1323 revelationem
377 1299 556 1326 secretonnn,
571 1295 597 1321 id
609 1299 660 1326 est,
677 1295 846 1328 spiritualem
862 1295 951 1322 scien-

164 1342 228 1368 tiam
249 1341 379 1368 hominis.
402 1341 496 1367 Timor
515 1345 608 1367 antem
635 1340 683 1366 Dei
705 1339 778 1374 parit
804 1339 876 1366 hanc
897 1340 952 1374 spi-

163 1390 291 1416 ritualem
317 1387 460 1415 scientiam
476 1395 482 1413 :
504 1386 568 1420 quia
589 1386 618 1413 in
636 1390 736 1412 natura
755 1393 810 1412 non
829 1390 871 1412 est
884 1385 952 1420 adji-

164 1437 250 1466 ciens,
273 1435 347 1462 nasci
368 1442 422 1461 non
441 1437 531 1468 potest
552 1441 558 1459 ε
575 1431 622 1460 sed
635 1431 824 1459 accidentatur
837 1432 951 1459 scientia

164 1483 232 1514 bmc,
259 1482 324 1508 dum
343 1481 372 1507 fit
388 1479 511 1514 operatio
530 1478 557 1505 in
579 1478 676 1505 timore
694 1477 759 1510 Dei;
785 1482 813 1505 et
834 1478 950 1509 invenis.

164 1529 228 1563 quia
240 1527 398 1562 pcenitentia
413 1530 441 1552 et
455 1524 570 1552 scientia
586 1523 738 1558 spiritualis
752 1523 810 1551 haec
826 1529 878 1551 est.
890 1524 953 1551 lbec

165 1574 300 1609 siquidem
316 1580 397 1608 quam
413 1571 542 1603 diximus,
557 1570 631 1605 quod
647 1570 706 1605 ejus
720 1570 831 1596 arrham
849 1570 954 1604 recepi-

165 1629 227 1648 mus
248 1621 275 1647 in
304 1619 477 1654 baptismate,
499 1616 689 1652 poenitentiam
706 1624 771 1643 vero
785 1616 950 1650 recepimus,

165 1667 269 1693 donum
292 1665 365 1699 ejus;
389 1668 417 1691 et
447 1663 549 1690 donum
580 1670 689 1697 quoque
724 1662 798 1696 quod
833 1661 953 1688 diximus

166 1711 276 1747 quando
290 1719 338 1745 per
348 1709 538 1744 pmnitentiam
555 1708 720 1742 recepimus,
734 1712 776 1735 est
790 1708 849 1735 inec
861 1708 953 1735 scien-

167 1759 215 1789 tia.
241 1756 381 1791 spirituale
398 1755 501 1781 donum
515 1754 632 1786 scilicet,
650 1753 723 1788 quod
737 1761 785 1788 per
803 1753 952 1781 cﬂicaciam

165 1803 274 1832 timoris
293 1802 339 1829 Dei
367 1801 459 1828 datur.

478 1855 590 1884 CAPUT
612 1855 644 1884 L.

396 1902 434 1930 De
448 1903 558 1929 scicntia
583 1901 726 1937 spirituali.

204 1960 362 1996 Spiritualis
386 1959 501 1986 scientia
525 1963 567 1986 est
593 1958 764 1985 occultorum
792 1956 953 1992 perceptio:

168 2013 196 2035 et
219 2007 328 2042 quando
353 2006 415 2041 quis
440 2004 598 2040 liujusmodi
627 2003 800 2036 invisibilia,
826 2007 855 2030 et
878 2002 956 2029 valde

169 2056 333 2087 superacuta
347 2050 475 2084 assumit,
491 2058 526 2077 ex
540 2049 583 2077 his
599 2049 750 2084 spiritualis
772 2049 893 2076 scientiae
908 2055 956 2075 no-

170 2106 232 2124 men
254 2097 375 2124 nascitur
397 2096 424 2123 in
449 2095 535 2129 ipsius
559 2094 747 2130 perceptione,
763 2098 791 2121 et
809 2094 958 2121 credulitas

169 2143 222 2170 alia
244 2149 304 2177 quae
325 2149 381 2168 non
399 2145 443 2168 est
461 2140 598 2168 contraria
620 2140 724 2174 primae,
737 2139 783 2166 scd
802 2139 957 2166 certiﬁcans

169 2188 362 2215 credulitatem
385 2187 457 2213 illam
474 2194 535 2220 qua:
548 2190 600 2217 est,
617 2190 645 2212 01
659 2185 753 2212 vocavi
771 2192 830 2212 eam
857 2185 957 2211 credu-

170 2233 274 2261 litatem
296 2230 536 2266 contemplationis
553 2238 560 2256 :
577 2236 664 2264 usque
690 2229 756 2256 illuc
778 2233 819 2256 est
834 2229 954 2261 auditus,
973 2243 994 2271 Β

169 2283 297 2314 aspectus
315 2285 381 2306 vero
406 2277 509 2304 certior
525 2280 567 2304 est
582 2275 687 2302 auditu.
706 2275 769 2302 11100
788 2283 852 2310 ergo
864 2275 956 2302 omnia

169 2334 203 2353 ex
217 2325 263 2352 illa
282 2323 397 2351 scientia
413 2323 587 2350 discernente
604 2321 706 2347 bonum
722 2328 737 2347 a
753 2320 826 2346 "talo
841 2328 902 2354 qua:
916 2323 958 2347 cst

170 2372 198 2398 in
224 2375 333 2399 natura,
356 2371 524 2400 nascuntur;
546 2371 574 2394 et
601 2374 695 2393 semen
719 2366 823 2392 bonum
849 2365 958 2393 virtutis

169 2421 223 2448 est,
247 2415 321 2450 quod
340 2417 396 2449 jam
418 2414 521 2440 dictum
544 2416 596 2440 est.
613 2411 726 2445 Quando
741 2419 807 2438 vero
822 2412 892 2438 hanc
908 2419 959 2437 na-

171 2463 287 2491 turalem
297 2461 438 2488 scientiam
450 2458 663 2486 revelaverimus
675 2458 701 2484 in
714 2458 853 2484 voluntate
864 2462 958 2484 nostra

169 2509 346 2542 voluptuosa,
371 2514 404 2533 ex
428 2505 556 2532 omnibus
578 2504 620 2531 his
645 2504 724 2530 bonis
745 2504 852 2531 excedit
876 2504 956 2538 (ὕων

170 2555 298 2590 sequitur
324 2560 389 2586 ergo
412 2552 482 2578 hanc
507 2550 649 2578 scientiam
675 2550 805 2576 continua
830 2551 955 2582 scientia,

171 2600 303 2628 memoria
330 2598 436 2629 mortis,
464 2596 625 2624 indeliciens
651 2595 806 2622 sollicitudo
832 2595 956 2630 qmedam

171 2649 340 2673 tormentum
365 2643 512 2671 exsistens.
547 2649 634 2676 usque
657 2640 691 2667 ad
714 2641 816 2667 exitum
843 2641 924 2667 istum
947 2648 953 2666 :

170 2695 233 2726 post
246 2691 317 2717 hanc
339 2689 475 2716 tristitiam
489 2693 517 2715 et
533 2687 702 2718 maestitiam,
720 2686 802 2714 timor
819 2686 880 2718 Dei;
897 2695 957 2721 quae

170 2741 214 2766 est
227 2745 242 2764 a
260 2742 358 2764 natura
371 2735 482 2762 tristitia
502 2742 552 2769 pro
566 2733 703 2768 prioribus
714 2732 833 2768 peccatis
857 2733 958 2761 decens

207 2793 231 2808 “
252 2793 323 2820 Psal.
352 2800 441 2824 xtvut,
469 2791 512 2822 15,
528 2791 574 2817 2|.

209 2853 264 2888 (t9)
279 2852 314 2888 Et
327 2851 398 2879 cred.
414 2851 504 2888 Forte,
518 2850 637 2888 estP-ed.

162 2911 165 2914 ί
209 2885 266 2925 (501
281 2887 401 2915 Excedit.
421 2886 475 2918 AL,
488 2885 598 2912 excedas.

995 279 1147 306 divinitatis
1157 281 1226 314 ejus,
1249 280 1344 314 petitio
1360 288 1422 307 cum
1439 280 1540 314 gemitu
1557 288 1571 307 a
1588 281 1644 308 D30
1659 282 1777 310 intrandi

995 326 1028 352 ad
1048 331 1155 360 portam
1171 327 1222 361 31
1244 327 1334 357 istam,
1349 334 1409 361 qua:
1421 331 1463 353 cst
1480 327 1570 354 omnis
1582 331 1687 355 natura:
1703 328 1781 355 istius

995 377 1145 407 conceptus
1173 372 1277 404 mundi,
1302 377 1329 399 ct
1350 373 1466 399 multum
1493 381 1543 407 pro
1570 373 1672 400 virtute
1692 378 1782 401 certa-

997 426 1058 445 111011
1063 439 1069 444 .

1011 462 1015 464 ’
1033 464 1094 491 11100
1111 465 1200 491 omnia
1219 464 1397 491 inveniuntur
1412 465 1438 491 in
1456 465 1569 492 scientia
1590 465 1706 492 naturali
1725 473 1730 491 :
1746 464 1770 492 fa

997 510 1050 537 eiat
1066 518 1131 545 ergo
1142 510 1315 537 collationem
1330 511 1363 538 de
1382 511 1569 545 spiritualibus
1584 512 1714 545 operibus
1727 512 1784 539 suis

997 562 1024 584 et
1039 557 1106 589 ista;
1121 561 1148 583 et
1168 565 1230 583 cum
1247 557 1373 584 inventus
1390 557 1472 584 fuerit
1490 558 1517 584 in
1539 557 1607 590 istis,
1627 559 1654 585 in
1676 558 1718 584 via
1734 566 1783 585 ua-

1000 603 1080 630 turali
1093 603 1229 634 ambulet;
1246 607 1272 629 01
1283 603 1392 637 quando
1404 603 1437 630 de
1450 603 1493 630 bis
1506 603 1589 631 fuerit
1601 604 1698 634 elatus.
1712 609 1739 631 et
1751 605 1784 631 ad

998 650 1160 677 eharitatem
1177 649 1302 684 pervenit
1329 649 1464 676 extollens
1485 658 1569 684 supra
1590 656 1728 684 naturam,
1757 656 1786 678 et

998 696 1103 723 recedit
1118 695 1152 722 ab
1167 704 1200 723 eo
1213 699 1351 723 certamen
1367 700 1395 721 ct
1414 696 1494 723 timor
1509 703 1537 723 ct
1552 697 1629 723 labor
1643 702 1670 723 et
1691 697 1786 731 fatiga-

999 742 1038 769 tio
1059 750 1119 776 quae
1140 743 1266 770 consistit
1290 743 1317 770 in
1335 743 1451 770 cunctis.
1474 744 1535 770 llaec
1557 748 1621 770 sunt
1643 743 1785 777 sequentia

999 787 1140 815 scientiam
1161 789 1324 819 naturalem,
1341 795 1368 816 et
1385 790 1443 816 11ωο
1464 789 1559 816 eadem
1581 789 1736 816 invenimus
1758 790 1786 815 in

999 833 1090 864 nobis,
1107 834 1217 868 quando
1232 835 1385 862 revelamus
1399 843 1459 862 eam
1476 836 1616 862 voluntate
1633 840 1725 862 nostra
1740 843 1787 861 vo—

1000 879 1143 913 luptuosa;
1156 884 1184 906 et
1197 880 1223 906 in
1239 880 1283 907 his
1293 881 1375 908 donis
1386 881 1567 916 pertingimus
1579 881 1612 908 ad
1626 882 1786 909 eharitatem

999 933 1060 959 quae
1075 933 1125 952 nos
1143 925 1243 952 liberat
1263 926 1297 953 ab
1310 927 1439 954 omnibus
1462 927 1515 954 his.
1537 927 1577 954 Ex
1601 935 1684 962 supra
1706 928 1787 955 dictis

999 979 1064 1006 ergo
1077 972 1293 1000 consolationem
1308 972 1388 1000 faciat
1402 974 1474 1008 quis,
1493 978 1522 1001 et
1538 980 1726 1009 pcrscrutetur
1745 983 1788 1001 sc-

1000 1017 1145 1052 metipsum
1169 1018 1197 1045 in
1230 1019 1331 1053 quibus
1347 1019 1479 1053 ambulat,
1495 1024 1587 1047 utrum
1609 1021 1637 1047 in
1654 1021 1707 1048 illis
1727 1029 1788 1055 qua:

1001 1069 1065 1091 sunt
1081 1068 1176 1091 contra
1190 1069 1328 1093 naturam.
1342 1065 1381 1092 Ex
1396 1065 1486 1093 modis
1502 1067 1622 1100 perfecte
1637 1067 1787 1101 praedictis;

1000 1109 1056 1136 cito
1067 1109 1128 1144 quis
1150 1110 1273 1137 invenire
1288 1114 1378 1144 potest
1393 1111 1515 1145 regimen
1537 1112 1621 1139 totius
1642 1112 1692 1139 via:
1714 1120 1787 1145 suae;

1001 1160 1105 1182 etcum
1127 1163 1181 1182 non
1203 1155 1286 1182 fuerit
1301 1156 1429 1183 inventus
1445 1157 1473 1184 in
1492 1157 1536 1184 his
1557 1165 1617 1192 qua
1637 1159 1788 1186 secundum

1001 1206 1126 1228 naturam
1142 1202 1214 1229 dicta
1235 1206 1299 1228 sunt
1322 1209 1336 1228 a
1359 1202 1439 1229 nobis
1451 1211 1512 1237 qua:
1533 1203 1715 1236 distinximus,
1738 1212 1790 1232 nec

1001 1250 1043 1274 est
1060 1247 1089 1274 in
1106 1247 1221 1282 hisqute
1233 1252 1298 1274 sunt
1311 1255 1407 1283 supra;
1420 1249 1594 1278 manifestum
1608 1254 1660 1283 est,
1676 1251 1748 1285 quod
1763 1251 1789 1278 in

1002 1293 1056 1320 illis
1069 1301 1130 1327 qua:
1142 1297 1236 1321 contra
1249 1298 1374 1321 naturam
1389 1299 1463 1326 sunt,
1478 1295 1604 1324 detectis.

1308 1350 1420 1379 CAPUT
1440 1351 1482 1379 Η.

1265 1396 1304 1423 De
1327 1398 1523 1425 tentatimtibus.

1037 1450 1097 1478 Non
1114 1456 1156 1479 est
1173 1452 1245 1479 enim
1260 1453 1375 1480 tentatio
1391 1453 1462 1481 bona
1480 1462 1540 1489 qme
1553 1462 1608 1481 non
1630 1454 1658 1481 fit
1674 1462 1689 1482 a
1705 1455 1790 1490 gratia

1003 1497 1096 1524 divina
1116 1498 1253 1526 incidente
1274 1499 1302 1525 111
1325 1499 1418 1531 corde,
1433 1508 1484 1527 nec
1498 1500 1627 1536 cogitatio
1643 1502 1712 1528 mala
1726 1509 1791 1536 pro-

1005 1544 1106 1578 pinqua
1118 1548 1160 1570 est
1172 1543 1280 1576 animm,
1293 1543 1346 1571 nisi
1364 1544 1397 1571 ad
1420 1545 1597 1572 tentationcm
1612 1551 1639 1573 ct
1651 1545 1792 1580 probatio-

1006 1597 1078 1616 nem.
1094 1589 1181 1616 Homo
1196 1590 1242 1624 qui
1259 1590 1384 1624 pervenit
1406 1590 1439 1616 ad
1465 1590 1632 1625 agnitionem
1657 1599 1792 1618 mensura:

1005 1636 1182 1667 infirmitatis,
1198 1636 1243 1662 hic
1258 1635 1292 1663 ad
1306 1636 1470 1663 humilitatis
1481 1637 1677 1671 perfectionem
1694 1646 1793 1672 perve-

1005 1682 1055 1708 nit.
1086 1681 1137 1713 Qui
1163 1681 1293 1708 conducit
1324 1681 1491 1709 charismata
1520 1682 1568 1709 Dei
1598 1683 1631 1709 ad
1650 1683 1790 1710 hominem

1005 1727 1095 1754 cordis
1111 1732 1138 1754 et
1153 1727 1225 1761 quod
1244 1727 1278 1754 ad
1292 1727 1493 1754 indeticientcm
1507 1729 1678 1762 negationem
1697 1736 1792 1755 move-

1005 1777 1060 1804 tur,
1077 1773 1124 1807 qui
1141 1772 1270 1800 conducit
1293 1772 1469 1800 tentationem
1490 1773 1524 1800 ad
1543 1774 1671 1805 animam,
1687 1774 1793 1809 cogita-

1006 1824 1050 1846 tus
1058 1823 1099 1846 est
1108 1819 1333 1846 murmurationis
1341 1819 1386 1854 qui
1401 1825 1525 1846 movetur
1535 1828 1643 1855 semper
1653 1821 1679 1847 in
1690 1821 1790 1848 corde:

1005 1873 1101 1892 omnes
1114 1864 1285 1892 infirmitates
1297 1865 1416 1892 hominis
1429 1866 1546 1892 sustinet
1558 1866 1638 1898 Deus,
1653 1866 1792 1894 hominem

1006 1915 1224 1938 murmurantem
1252 1919 1308 1937 non
1333 1911 1451 1938 sustinet
1476 1912 1529 1938 nisi
1557 1913 1676 1947 corrigat
1699 1921 1706 1939 :
1730 1920 1794 1939 011111

1006 1956 1096 1983 anima
1112 1956 1185 1982 enim
1206 1955 1280 1983 omni
1298 1960 1372 1983 caret
1397 1956 1595 1985 illuminationc
1617 1957 1749 1988 scientize,
1765 1958 1794 1985 in

1007 2001 1164 2037 hujusmadi
1189 2001 1339 2028 tentatione
1365 2001 1514 2028 invenitur.
1538 2001 1574 2029 Os
1596 2010 1663 2029 vero
1686 2010 1795 2037 semper

1006 2048 1121 2075 laudans
1146 2048 1242 2080 Deum,
1269 2047 1489 2075 benedictionem
1514 2048 1613 2083 accipit
1637 2057 1651 2076 a
1674 2049 1740 2080 Deo,
1768 2054 1795 2075 et

1007 2100 1186 2127 perseverans
1204 2093 1231 2119 in
1248 2093 1403 2120 actionibus
1418 2093 1578 2128 gratiarum,
1595 2094 1622 2121 in
1638 2094 1726 2128 ipsum
1747 2102 1795 2121 su-

1008 2138 1135 2174 pervenit
1151 2147 1157 2165 :
1171 2139 1286 2174 gratiam
1307 2139 1452 2174 prtccurrit
1474 2139 1624 2172 humilitas,
1642 2146 1669 2168 ct
1692 2141 1796 2176 cogita-

1010 2185 1111 2212 tionem
1125 2184 1257 2220 praecedit
1268 2185 1401 2218 operatio.
1414 2184 1464 2217 Qui
1477 2185 1611 2219 superbit,
1628 2186 1654 2212 in
1670 2185 1797 2220 blasphe-

1009 2230 1063 2256 mia
1081 2229 1179 2257 cadere
1199 2229 1379 2264 permittitur,
1396 2234 1424 2256 et
1439 2230 1486 2264 qui
1507 2230 1541 2257 de
1560 2231 1718 2264 operatione
1740 2231 1796 2257 vir»

1009 2279 1098 2302 tutum
1111 2274 1261 2307 extollitur,
1273 2278 1302 2301 et
1312 2274 1358 2309 qui
1370 2275 1455 2301 Deum
1468 2283 1525 2309 111·ίο
1536 2275 1624 2302 oculis
1636 2283 1691 2302 non
1703 2276 1796 2307 habet,

1007 2325 1101 2348 contra
1118 2321 1203 2347 Deum
1218 2320 1261 2347 vcl
1286 2325 1382 2348 contra
1398 2322 1551 2355 proximum
1568 2329 1675 2356 semper
1690 2327 1796 2356 pensat,

1008 2366 1035 2393 in
1050 2365 1258 2392 fornicationem
1272 2365 1443 2399 permittitur
1456 2366 1564 2397 cadere,
1576 2367 1648 2393 etde
1663 2367 1797 2401 sapientia

1008 2412 1131 2438 elevatur
1148 2410 1214 2446 (51),
1231 2411 1392 2437 tenebrosos
1408 2411 1568 2445 ignorantia:
1584 2412 1697 2447 laqueos
1710 2413 1797 2447 patie-

1010 2463 1065 2485 tur.
1083 2457 1135 2489 Qui
1158 2457 1263 2491 ignorat
1288 2464 1396 2483 omnem
1421 2457 1560 2484 hominem
1584 2458 1715 2485 memoria
1733 2459 1796 2490 Dei,

1011 2505 1142 2532 auxilium
1160 2505 1265 2532 invenit
1280 2504 1314 2531 ab
1331 2505 1405 2531 omni
1420 2504 1530 2532 homine
1550 2506 1575 2531 in
1599 2506 1707 2532 occulto
1720 2506 1797 2532 vultu

1011 2551 1070 2578 Dei.
1089 2550 1139 2583 Qui
1155 2558 1183 2577 se
1197 2550 1291 2585 objicit
1312 2558 1362 2584 pro
1377 2551 1474 2586 injuria
1494 2551 1639 2585 patienter,
1654 2552 1739 2579 Deum
1755 2551 1797 2579 in-

1010 2596 1104 2623 veniet
1127 2596 1316 2622 auxiliatorcm
1341 2595 1403 2622 sibi.
1420 2595 1471 2628 Qui
1488 2604 1538 2631 pro
1562 2597 1665 2624 malitia
1686 2597 1797 2624 fratrem

1012 2649 1090 2670 suum
1109 2646 1229 2672 accusat,
1248 2641 1332 2668 Deum
1358 2641 1478 2668 inveniet
1498 2648 1683 2670 accusatorem
1705 2651 1796 2670 suum.

1011 2688 1062 2720 Qui
1074 2687 1180 2718 occulte
1193 2687 1346 2721 proximum
1359 2687 1482 2722 corrigit,
1493 2689 1624 2716 malitiam
1635 2690 1693 2723 ejus
1704 2689 1796 2716 sentit.

1011 2734 1062 2767 Qui
1078 2742 1143 2761 vero
1157 2734 1182 2760 in
1197 2738 1334 2761 conventu
1355 2738 1465 2761 accusat
1480 2734 1589 2769 delicta,
1604 2735 1718 2763 vulnera
1732 2743 1796 2763 exn.

1049 2849 1105 2885 (5|)
1124 2849 1260 2876 Flevatur.
1275 2849 1316 2877 An
1334 2849 1473 2876 elevatus?
