1971 3091
152 177 208 208 8Ἶ9

839 173 868 203 S.
890 172 1013 202 lSAACI
1031 172 1123 202 SYRI"

1738 170 1790 202 880

156 230 261 257 cerbat.
272 228 323 262 Qui
338 227 446 255 occulte
458 227 570 263 corrigit
585 227 696 254 fratrem
714 234 805 257 suum,
819 225 946 253 affectum
964 228 984 255 Α
1000 225 1032 252 ad
1057 225 1211 256 scientiam,
1228 230 1255 252 et
1272 225 1396 260 profectu
1413 226 1590 253 scientiarum
1607 224 1726 259 proflcit.
1740 230 1790 251 (1οη

157 276 300 303 t-liaritatis
315 274 437 301 ostendit
455 283 461 300 :
477 274 582 301 amicus
597 274 624 300 in
643 273 751 300 occulto
767 272 946 306 redarguens,

158 323 267 357 sapiens
289 321 412 349 medicus
427 326 478 348 es'.
494 320 606 355 Signum
625 319 823 354 compassiouis
837 323 879 344 est
900 318 949 344 de-

159 370 208 396 biti
226 368 393 402 indulgentia
411 376 416 393 :
433 370 461 393 et
477 367 586 401 signum
602 366 678 393 mala:
695 364 873 400 operationis,
891 364 949 391 cul-

158 414 234 449 panti
251 412 451 440 contradicere.
468 411 519 444 Qui
539 411 571 437 ad
596 411 739 438 sanitatem
760 409 948 444 reprehendit,

159 461 187 486 in
201 459 335 486 charitate
347 458 463 493 corrigit
478 467 484 484 :
503 457 550 492 qui
569 462 659 484 autem
675 455 775 491 quaerit
787 455 949 487 vindictam,

159 506 187 532 in
209 505 301 532 animo
322 504 381 531 sine
398 503 542 530 charitate.
558 502 631 529 Deus
650 502 675 528 in
689 501 823 528 charitate
839 500 952 534 corrigit

160 558 215 577 non
233 549 379 578 ulciscens,
392 547 439 575 sed
453 547 552 582 quaerit
567 551 595 573 ut
608 549 720 573 sanetur
736 545 823 579 imago
838 545 908 580 ejus,
924 549 952 571 et

160 596 194 623 ad
211 601 319 629 tetnpus
333 602 388 621 non
403 597 495 620 servat
513 593 580 619 iram
596 599 683 626 usque
698 600 705 618 :
720 591 765 618 hic
778 591 876 617 tnodus
888 591 952 617 cha-

160 641 249 668 ritatis
262 649 294 667 ex
315 639 482 666 rectitudine
501 642 552 669 est,
568 643 595 664 ct
613 637 749 664 malitiose
771 636 803 663 ad
827 643 952 662 contmn-

161 687 327 714 nieationcm
344 693 398 712 non
413 685 542 712 declinat.
557 685 653 712 Justus
672 683 781 718 sapiens
799 682 896 710 similis
911 687 953 709 est

161 734 217 760 Deo
231 742 237 760 :
251 740 305 760 nou
328 731 441 766 corrigit
459 731 596 758 ulciscens
612 729 754 761 malitiam,
778 731 826 756 sed
842 732 873 755 ut
889 736 952 755 cor—

161 785 254 807 rectus
276 778 421 813 dirigatur,
436 781 466 804 ttt
483 776 574 803 caeteri
589 780 715 803 caveant.
732 774 873 802 Correctio
889 774 953 802 huic

162 824 326 852 correctioni
343 831 398 850 non
412 827 454 850 est
469 822 621 852 dissimilis.
637 821 688 854 Qui
711 828 776 848 vero
799 821 826 847 in
843 821 953 848 fortitu-

163 872 227 898 dine
241 879 297 898 suaa
318 869 440 897 scientiae
456 868 596 896 admirans
617 868 644 894 in
665 867 896 902 contemplatione
910 867 951 894 di~

161 917 233 946 vina:
255 914 392 948 scientiae;
411 914 613 949 contemplatur
630 913 846 948 magnitudinem
864 913 955 940 carnis

163 962 354 998 inquisitione,
369 970 383 988 a
399 961 500 988 virtute
515 968 569 987 non
586 959 703 992 derivat,
716 964 744 986 et
760 960 788 986 in
806 959 888 986 corde
904 967 954 986 suo

163 1009 296 1036 elevatur.
313 1007 364 1040 Qui
387 1007 482 1042 dirigit
498 1010 617 1033 mentem
635 1013 712 1033 suam
729 1005 762 1032 ad
782 1006 891 1040 dignam
906 1005 953 1032 Dei

164 1055 387 1085 retributionem,
404 1054 461 1088 ipse
476 1053 508 1080 ad
525 1052 692 1087 profundum
714 1052 878 1079 humilitatis
892 1059 954 1079 cor-

163 1109 230 1135 pore
243 1105 271 1128 et
283 1101 373 1127 anima
388 1099 530 1127 descendit
544 1098 571 1125 in
586 1099 795 1126 conversatione
807 1106 856 1125 sua
871 1106 877 1124 :
892 1105 955 1124 cum

163 1153 230 1173 vero
255 1145 378 1172 scientiae
401 1144 543 1178 proximus
559 1147 633 1170 totus
648 1142 802 1170 elevatione
819 1143 953 1175 elevatur,

163 1195 192 1219 ct
213 1195 458 1226 quantumcunque
482 1190 605 1217 elevatus
628 1189 726 1221 fuerit,
753 1189 878 1216 ascensio
900 1196 956 1216 sure

164 1237 286 1266 scientias
303 1245 356 1265 non
370 1235 525 1271 perficitur,
542 1235 631 1262 donec
651 1235 744 1269 gloria:
761 1234 890 1261 sreculum
906 1242 956 1269 per

165 1292 195 1311 se
215 1287 364 1318 quaeratur.
389 1282 527 1314 Quantum
554 1280 617 1315 quis
636 1280 744 1314 prolicit
765 1279 836 1314 apud
859 1280 954 1311 Deum,

165 1332 272 1356 tantum
290 1328 350 1363 ejus
366 1327 489 1361 vestigiis
503 1326 670 1358 adluerebit;
683 1329 710 1352 et
724 1325 750 1352 in
769 1325 890 1352 secundo
904 1333 955 1352 sa:-

165 1375 228 1402 culo
246 1374 342 1401 faciem
359 1371 480 1400 ostendit
502 1371 552 1403 illi,
568 1379 621 1398 non
638 1371 711 1406 quod
730 1375 771 1398 est
787 1372 870 1405 :quia
890 1371 956 1406 justi

161 1421 190 1447 in
206 1420 306 1448 szeculo
319 1419 401 1446 etiam
415 1418 496 1445 (idem
508 1417 556 1444 Dei
574 1417 600 1443 in
614 1417 757 1451 :enigmate
771 1416 955 1451 conspiciunt,

167 1468 194 1493 in
215 1466 309 1493 futuro
329 1472 395 1492 vero
417 1462 666 1491 manifestationcm
688 1461 812 1489 veritatis
832 1466 956 1489 content-

167 1512 288 1548 piantur.

1000 280 1053 298 nec
1079 272 1228 299 descendat
1254 272 1288 299 de
1310 272 1378 299 mari
1396 277 1423 299 et
1450 271 1483 299 ad
1505 271 1677 298 sanctitatem
1699 278 1792 297 veram

1000 319 1143 352 perveniat
1159 319 1201 345 via
1227 326 1286 349 sua,
1305 319 1330 345 in
1347 327 1400 353 qua
1426 318 1583 345 habitantes
1604 325 1658 343 non
1675 317 1794 350 amplius

1001 364 1188 399 negotiantur,
1203 365 1248 392 sed
1261 365 1449 399 unusquisque
1460 364 1487 391 in
1499 365 1556 390 suis
1567 363 1674 390 deliciis
1687 363 1794 397 requie-

1002 411 1063 437 scit.
1082 411 1183 438 Beatus
1197 411 1280 438 homo
1295 411 1374 446 cujus
1387 411 1430 437 via
1444 418 1498 437 non
1512 414 1554 437 est
1568 409 1682 437 confusa
1701 409 1726 436 in
1743 409 1794 435 hoc

1002 458 1105 484 tnundo
1123 465 1230 492 magno,
1246 458 1272 484 id
1287 462 1340 489 est,
1360 459 1386 484 in
1404 457 1471 484 mari
1489 464 1598 492 magno.
1613 456 1680 483 Cum
1694 455 1794 490 gaudio

1002 504 1035 530 ad
1051 508 1160 538 portum
1175 504 1222 538 qui
1240 508 1316 530 natat
1331 503 1430 534 nudus,
1450 503 1585 538 mergitur
1606 503 1633 529 in
1652 502 1731 534 mari,
1746 502 1795 528 do-

1002 557 1054 576 nec
1079 550 1202 576 inveniat
1225 549 1400 584 margaritam
1424 557 1430 576 :
1456 553 1484 576 et
1508 549 1619 583 sapiens
1642 548 1797 575 monachus

1003 595 1094 622 nudus
1111 595 1284 629 perambulat
1299 595 1326 621 in
1341 595 1393 622 hac
1407 595 1473 626 vita,
1490 595 1579 622 donec
1600 595 1721 622 inveniat
1743 595 1795 621 sibi

1003 641 1201 668 monachorum
1218 641 1394 675 margaritam
1411 640 1503 667 Jesum
1519 639 1677 672 Christum;
1693 644 1720 666 et
1733 647 1796 666 eum

1004 687 1142 714 invenerit
1166 687 1267 722 ipsum,
1289 695 1343 713 non
1368 687 1484 721 amplius
1508 687 1629 720 possidet
1647 694 1710 713 eum
1737 687 1798 720 ipso

1004 733 1117 768 aliquod
1134 737 1254 760 antrum.
1270 732 1413 767 Margarita
1431 733 1457 759 in
1475 732 1665 767 penetralibus
1676 732 1796 759 custodi-

1005 784 1051 806 tur
1065 788 1072 805 :
1086 782 1114 805 et
1126 780 1252 813 voluptas
1273 778 1399 805 monachi
1420 778 1494 805 intus
1512 777 1674 812 quietttdinc
1687 785 1797 805 conser-

1005 831 1094 852 vatur.
1105 825 1134 852 in
1143 824 1354 859 congregatione
1362 828 1388 850 et
1398 823 1574 850 multitudine
1585 823 1662 858 virgo
1675 823 1795 850 macula-

1007 876 1066 898 tur:
1077 875 1105 898 et
1118 878 1196 897 mens
1208 870 1335 896 monachi
1356 869 1506 900 multorum
1521 869 1660 896 locutione
1669 869 1798 896 violatur.

971 905 990 931 Β
1039 917 1104 944 Avis
1121 917 1155 943 ab
1170 916 1245 943 omni
1261 915 1322 943 loco
1337 916 1425 943 currit
1440 915 1472 942 ad
1488 914 1583 942 nidum
1599 923 1691 947 suum,
1708 919 1738 942 ut
1752 923 1796 950 pa-

1005 967 1064 989 scat
1086 962 1178 997 pullos
1202 969 1283 993 suos;
1301 966 1328 988 et
1346 961 1497 988 monachus
1513 961 1648 988 discretus
1663 961 1798 988 accelerat

1005 1005 1038 1032 ad
1055 1006 1242 1032 habitaculum
1265 1013 1356 1037 suum,
1374 1010 1401 1032 tit
1417 1006 1443 1032 lll
1462 1014 1490 1032 se
1507 1006 1566 1040 ipso
1580 1006 1663 1032 faciat
1678 1005 1800 1033 fructum

1005 1052 1076 1078 vitae.
1104 1051 1224 1086 Serpens
1251 1059 1313 1078 cum
1341 1056 1442 1079 tactum
1476 1051 1560 1078 fuerit
1588 1056 1675 1078 totum
1700 1059 1800 1086 corpus

1005 1098 1074 1131 ejus,
1100 1098 1221 1124 custodit
1238 1101 1320 1131 caput
1336 1106 1343 1124 τ
1358 1101 1387 1124 et
1404 1097 1555 1124 monachus
1576 1097 1611 1124 ah
1636 1098 1710 1125 omni
1729 1098 1803 1124 malo

1006 1143 1087 1170 tidem
1104 1151 1192 1175 suam,
1209 1151 1271 1178 quae
1286 1143 1454 1178 principium
1478 1147 1520 1170 est
1535 1143 1598 1170 vitm
1622 1151 1688 1170 suae.
1707 1143 1802 1170 Nubes

1006 1189 1096 1228 operit
1112 1189 1197 1216 solem
1213 1198 1219 1216 :
1233 1194 1260 1216 ct
1275 1189 1361 1216 multa
1374 1189 1458 1216 verba
1475 1189 1604 1224 operiunt
1620 1189 1738 1216 animam
1756 1189 1801 1216 in-

1007 1235 1153 1269 cipientem
1181 1234 1331 1261 illuminari
1357 1235 1385 1261 in
1406 1235 1639 1269 contemplatione
1656 1233 1801 1262 orationis.

1008 1281 1144 1308 llcrodius
1160 1281 1312 1308 secundum
1337 1280 1409 1307 dicta
1431 1280 1586 1314 sapientum
1605 1285 1671 1307 tunc
1683 1281 1803 1308 exsultat

1007 1331 1034 1353 et
1047 1327 1165 1356 laetatur.
1182 1326 1292 1361 quando
1305 1330 1346 1353 est
1365 1326 1391 1352 in
1404 1325 1516 1353 deserto
1533 1334 1540 1352 :
1559 1329 1586 1352 et
1601 1326 1691 1352 anima
1709 1330 1802 1353 nostra

1009 1377 1073 1400 tunc
1094 1372 1224 1407 gaudium
1247 1372 1348 1406 accipit
1364 1372 1486 1402 cmleste,
1504 1379 1567 1398 cum
1585 1372 1756 1406 elongaverit
1772 1380 1803 1399 sc

1007 1419 1042 1446 ab
1054 1419 1106 1453 32
1123 1418 1263 1450 omnibus,
1275 1422 1302 1444 et
1316 1418 1418 1445 vadens
1435 1417 1540 1444 habitat
1558 1418 1584 1444 in
1599 1417 1709 1452 regione
1721 1418 1803 1452 quie-

1009 1464 1054 1496 tis,
1073 1469 1102 1490 et
1114 1468 1378 1501 exspectatJempus
1394 1462 1485 1490 exitus
1498 1463 1552 1490 sui.
1574 1463 1680 1490 Dicitur
1694 1463 1728 1490 de
1750 1462 1802 1498 Sy-

1008 1517 1075 1536 rene
1102 1508 1175 1543 quod
1208 1509 1323 1536 audiens
1357 1516 1453 1535 vocem
1481 1508 1568 1543 ipsius
1596 1508 1802 1539 modulationis.

202 1556 274 1592 Ignis
287 1556 314 1583 in
329 1555 410 1583 siccis
421 1554 502 1590 lignis
512 1560 643 1581 accensus
651 1552 788 1580 dillicilius
798 1553 957 1588 exstingue-
971 1571 992 1600 ε
1009 1555 1114 1590 proprii
1136 1554 1310 1582 obliviscitur
1336 1554 1455 1586 itineris,
1481 1558 1510 1581 ct
1536 1558 1633 1581 cantus
1656 1554 1805 1582 dulcedine

163 1607 222 1630 tur.
235 1602 270 1628 Et
282 1601 356 1628 calor
367 1600 414 1627 Dei
430 1600 477 1635 qui
491 1599 521 1626 fit
534 1603 560 1626 et
576 1598 674 1625 incidit
688 1598 720 1625 ad
734 1606 781 1626 cor
795 1598 958 1626 renuntians

166 1647 277 1678 seculo,
291 1647 351 1682 ejus
366 1645 461 1681 ignitio
475 1652 529 1671 non
546 1644 740 1679 exstinguitur,
755 1648 783 1671 et
796 1648 838 1671 est
853 1644 958 1671 acutior

165 1694 240 1728 igne.
256 1692 304 1720 Vel
320 1692 413 1718 vinum
430 1690 553 1718 membra
564 1690 722 1726 subjectans
734 1690 872 1722 omnibus,
888 1689 958 1717 obli—

168 1738 276 1765 vionem
297 1737 404 1764 inducit
425 1735 586 1763 fortitudine
609 1743 673 1767 sua;
693 1738 722 1761 et
742 1742 804 1761 cum
827 1734 959 1762 memoria

168 1783 217 1811 Dei
243 1791 323 1810 usum
352 1787 426 1809 tenet
449 1782 477 1808 in
500 1786 602 1813 mente,
623 1780 773 1807 visibilium
798 1780 959 1807 memoriam

168 1830 241 1858 tollit
253 1838 267 1857 a
284 1830 377 1857 corde.
395 1828 470 1856 Mens
486 1835 547 1862 qua:
565 1827 670 1854 invenit
691 1826 854 1861 sapientiam
877 1826 959 1861 spiri-

163 1879 223 1904 ltus.
233 1874 331 1901 similis
345 1879 386 1900 est
403 1872 441 1900 illi
452 1873 499 1907 qui
514 1872 669 1899 naviculam
685 1876 808 1906 paratam
823 1871 856 1898 ad
872 1876 960 1899 trans-

168 1918 324 1945 fretandum
343 1918 462 1950 invenit;
478 1921 506 1944 ct
521 1925 583 1944 cum
599 1916 676 1944 sedet
705 1917 733 1944 in
747 1924 791 1948 ea,
809 1917 962 1945 transducit

169 1965 203 1991 de
227 1964 295 1990 mari
316 1963 421 1995 mundi,
439 1968 467 1990 et
490 1963 556 1990 facit
580 1962 712 1997 applicari
738 1963 855 1990 insulam
876 1963 961 1990 futuri

170 2010 261 2037 stcculi
276 2019 282 2036 :
297 2010 337 2037 sic
350 2014 392 2036 est
408 2016 506 2036 sensus
527 2008 612 2035 futuri
629 2008 721 2035 szeculi
737 2008 764 2035 in
780 2009 833 2036 hoc
847 2009 961 2042 mundo,

170 2056 242 2083 sicut
262 2055 387 2082 navicula
407 2062 490 2089 parva
508 2054 536 2080 in
558 2054 642 2086 mari;
657 2058 685 2080 et
697 2053 744 2088 qui
759 2055 963 2089 appropinquat

170 2101 221 2133 illi,
240 2108 294 2127 non
311 2100 428 2126 ulterius
441 2099 548 2126 laborat
562 2099 589 2125 in
605 2098 734 2125 ﬂuctibus
748 2099 898 2133 phantasize
912 2099 963 2126 bu-

167 2147 213 2181 jus
230 2145 336 2173 mundi.
352 2145 512 2180 Negotiator
529 2149 602 2171 sorte
619 2152 668 2171 sua
686 2144 761 2171 ﬁnita
779 2150 907 2180 properat
924 2145 963 2173 ire

169 2191 282 2217 domum
299 2197 386 2220 suam,
401 2194 429 2216 et
445 2189 599 2216 monachus
617 2188 727 2216 residuo
742 2189 804 2216 vita:
821 2197 877 2216 sua:
890 2189 963 2217 futu-

1009 1605 1105 1636 captus
1121 1601 1361 1634 cadensmoritur;
1379 1601 1419 1628 sic
1429 1605 1457 1628 et
1472 1608 1516 1628 res
1533 1601 1641 1633 animae,
1660 1608 1721 1627 cum
1738 1608 1803 1635 per-

1008 1647 1118 1674 venerit
1131 1647 1157 1674 in
1172 1646 1258 1681 ipsam
1275 1646 1394 1674 dulcedo
1407 1646 1528 1674 cmlestis
1544 1654 1601 1681 prae
1615 1647 1805 1674 modulatione

1010 1693 1155 1720 suavitatis
1166 1693 1315 1720 verborum
1329 1693 1387 1723 Dei,
1401 1700 1462 1727 quae
1475 1692 1634 1720 subintrant
1645 1701 1707 1720 eum
1720 1700 1804 1720 sensu

1011 1738 1180 1766 intellectum
1194 1747 1201 1771 ;
1217 1738 1257 1765 sic
1271 1742 1326 1765 tota
1339 1738 1407 1765 abiit
1421 1743 1483 1772 post
1498 1738 1594 1773 ipsam,
1613 1742 1643 1766 ut
1656 1739 1806 1766 oblivisca-

1011 1788 1056 1811 tur
1073 1784 1159 1818 ipsius
1174 1784 1236 1811 vitae
1261 1784 1427 1818 temporalis,
1443 1788 1471 1811 et
1492 1784 1615 1812 destruat
1632 1792 1733 1819 corpus
1755 1785 1806 1813 dc-

1011 1830 1206 1857 lectationibus
1229 1829 1296 1861 suis,
1315 1833 1343 1856 et
1365 1829 1502 1856 exaltatur
1527 1830 1560 1856 ad
1585 1830 1671 1857 Deum
1697 1830 1731 1857 de
1749 1831 1806 1858 vita

1012 1883 1071 1902 sua.
1090 1875 1180 1902 Arbor
1194 1875 1247 1902 nisi
1264 1875 1390 1910 projiciat
1405 1875 1469 1902 folia
1485 1876 1588 1910 priora,
1605 1883 1660 1903 non
1677 1876 1807 1911 producit

1013 1927 1138 1949 recentes
1151 1929 1242 1949 ramos
1256 1927 1308 1949 εχει
1320 1922 1471 1949 monachus
1488 1922 1540 1949 nisi
1559 1923 1636 1957 prius
1649 1923 1777 1957 projiciat
1791 1932 1808 1950 a

1012 1967 1096 1994 corde
1110 1975 1160 1994 suo
1175 1967 1333 1994 memoriam
1349 1967 1483 2002 priorum,
1498 1975 1551 1994 non
1567 1967 1695 2002 producit
1710 1976 1807 1995 recen-

1014 2017 1055 2040 tes
1070 2021 1161 2040 ramos
1178 2017 1206 2040 et
1223 2013 1329 2040 fructus
1344 2013 1370 2039 in
1385 2012 1497 2040 Christo
1512 2013 1587 2040 Jesu.
1603 2013 1734 2041 Ventrem
1754 2013 1807 2040 im-

1013 2059 1126 2093 pingunt
1138 2058 1244 2085 fructus
1263 2067 1271 2085 :
1287 2062 1315 2085 et
1331 2058 1489 2086 sollicitudo
1509 2059 1558 2086 Dei
1576 2058 1682 2086 fructus
1697 2059 1806 2086 animae.

1013 2104 1096 2131 Canis
1117 2105 1164 2138 qui
1187 2104 1267 2138 lingit
1284 2105 1386 2135 ulcera,
1404 2104 1482 2138 prius
1498 2104 1657 2139 sanguinem
1681 2104 1760 2136 bibit,
1780 2111 1808 2131 et

1014 2154 1211 2177 noeumentum
1224 2158 1278 2177 non
1295 2150 1379 2177 sentit
1391 2154 1504 2185 propter
1517 2150 1692 2177 dulcedinem
1705 2158 1766 2185 quat
1779 2151 1808 2176 tit

1015 2197 1049 2223 ad
1067 2197 1164 2223 horam
1180 2196 1238 2224 :sic
1250 2201 1278 2223 et
1289 2196 1440 2224 monachus
1460 2203 1557 2223 vanam
1578 2197 1694 2231 gloriam
1709 2196 1810 2223 bibens

171 2245 232 2264 rum
250 2236 379 2264 szcculum
398 2235 554 2268 desiderat;
572 2235 702 2269 quoniam
725 2236 841 2263 redemit
857 2241 957 2272 tempu:

1015 2243 1154 2278 propriam
1173 2242 1257 2269 vitam
1275 2243 1422 2274 consumit,
1442 2247 1469 2269 et
1487 2249 1542 2268 non
1559 2243 1644 2269 sentit
1657 2250 1809 2269 not-umen-

170 2290 262 2313 suum,
275 2281 419 2309 ctarrham
436 2281 535 2315 recipit
549 2289 636 2308 suam.
650 2281 776 2314 Quandiu
789 2288 831 2309 est
843 2282 964 2318 negotia-

172 2328 211 2354 tio
229 2327 257 2354 in
271 2326 352 2359 mari,
368 2327 450 2353 timor
463 2326 586 2360 possidet
601 2331 721 2354 mentem
739 2335 828 2360 suam,
847 2335 881 2355 ne
896 2328 964 2355 forte

171 2374 273 2400 lluctus
288 2375 403 2407 surgant
425 2372 453 2399 in
471 2379 545 2404 eum,
561 2376 589 2399 et
611 2372 803 2408 submergatur
820 2381 882 2408 spes
900 2381 965 2409 ope-

173 2419 287 2446 rationis
301 2427 366 2445 suae.
383 2418 417 2445 Et
434 2418 584 2445 monachus
599 2418 722 2452 qttandiu
738 2423 780 2446 est
805 2419 831 2446 in
851 2420 964 2453 mundo,

174 2466 256 2491 timor
270 2464 374 2492 detinet
391 2464 630 2491 conversationem
645 2471 733 2497 suam,
747 2473 781 2491 ne
793 2465 863 2491 forte
876 2465 966 2492 insur-

173 2515 218 2546 gat
233 2511 260 2538 in
276 2519 338 2538 eum
352 2511 451 2543 hiems,
467 2516 495 2538 et
512 2510 620 2537 amittat
634 2510 706 2544 quod
720 2514 762 2537 est
774 2517 912 2545 operatus.

210 2557 369 2592 Negotialor
393 2561 485 2584 autem
513 2561 540 2583 et
562 2556 714 2583 monachus
735 2556 846 2588 inspicit
870 2557 965 2584 horam

175 2604 287 2636 mortis;
304 2607 386 2630 nauta
402 2603 624 2630 consideratione
639 2602 733 2637 dirigit
753 2610 850 2629 navem
873 2611 965 2637 suam;

175 2654 204 2676 et
224 2649 376 2676 monachus
394 2648 548 2675 orationem
567 2647 689 2683 respicit,
709 2648 774 2682 quia
791 2648 902 2683 corrigit
925 2657 968 2676 se-

176 2700 233 2722 mct
246 2695 335 2730 ipsum
358 2699 385 2722 et
402 2693 496 2728 dirigit
517 2693 588 2720 viam
607 2702 683 2721 suam
699 2694 733 2721 ad
749 2694 967 2729 qualemcunque

176 2745 285 2776 portum
306 2741 396 2768 tendit
419 2741 592 2767 conversatio
609 2748 668 2767 sua.
687 2741 836 2768 Monachus
858 2742 885 2768 in
908 2748 968 2768 ora-

177 2786 251 2813 tione
268 2790 328 2821 quze
345 2785 374 2812 lit
391 2793 441 2820 per
456 2785 564 2817 horam,
582 2785 652 2812 vidit
670 2786 786 2813 insulam
800 2787 827 2813 in
843 2794 895 2821 qua
909 2787 969 2814 alli-

176 2831 251 2866 gabit
268 2831 423 2858 naviculam
439 2838 528 2868 suam,
545 2834 575 2857 ct
591 2829 771 2868 indeitransit
784 2831 816 2858 ad
831 2831 911 2858 aliaat
928 2833 969 2859 iu-

178 2877 276 2904 sulam.
295 2876 358 2905 llaec
371 2881 412 2904 est
424 2877 467 2904 via
482 2867 609 2904 monachi
625 2867 793 2904 transeuntis
806 2877 838 2904 de
853 2879 967 2906 scientia

227 2974 250 2991 Ι

1015 2294 1083 2320 tum,
1100 2293 1214 2324 propter
1228 2288 1401 2316 dulcedinem
1415 2295 1476 2323 quae
1493 2288 1528 2315 ad
1553 2288 1649 2316 horam
1670 2288 1699 2314 lit
1715 2288 1811 2324 glorize

1015 2335 1164 2363 saecularis.

1315 2401 1428 2429 CAPUT
1449 2401 1504 2428 LII.

1230 2457 1266 2485 De
1281 2458 1437 2484 abstinentia
1449 2457 1593 2491 spirituali.

1054 2514 1188 2542 Dixerunt
1210 2513 1306 2541 Patres
1325 2522 1332 2540 :
1352 2513 1382 2540 In
1400 2512 1520 2539 animam
1539 2512 1663 2547 gulosam
1681 2512 1747 2538 vitia
1765 2520 1810 2539 re-

1015 2564 1173 2592 vertuntur,
1188 2566 1249 2593 qua:
1264 2559 1341 2593 prius
1365 2558 1487 2593 subjecta
1505 2551 1615 2584 fuerant
1635 2562 1663 2584 et
1685 2558 1811 2592 expulsa.

1016 2605 1110 2632 Nubes
1134 2612 1218 2639 parva
1241 2604 1364 2638 cooperit
1382 2603 1516 2630 circulum
1540 2603 1617 2635 solis,
1641 2607 1669 2630 et
1690 2603 1729 2630 sol
1748 2611 1811 2630 cum

1018 2648 1090 2675 nube
1113 2648 1186 2675 fovet
1203 2648 1331 2680 multum,
1354 2652 1382 2675 et
1406 2648 1535 2675 mmstitia
1557 2647 1664 2674 modica
1689 2649 1814 2682 cooperit

1017 2693 1137 2720 animam
1154 2693 1196 2719 :si
1215 2697 1305 2720 tamen
1330 2693 1390 2729 ejus
1414 2693 1545 2728 gaudium
1562 2693 1669 2721 exsistit
1684 2702 1813 2729 magnum

1018 2740 1109 2768 verbis
1121 2741 1316 2776 mysteriorum
1329 2740 1428 2767 divinm
1439 2740 1588 2775 Scriptura:
1606 2741 1664 2769 sine
1679 2735 1832 2783 petitionei

1018 2791 1046 2814 et
1057 2787 1181 2814 oratione
1192 2791 1220 2814 et
1233 2787 1371 2822 adjutorio
1382 2787 1440 2820 Dei,
1455 2795 1506 2814 nec
1517 2789 1674 2822 appropies.
1687 2789 1735 2815 sed
1748 2788 1792 2815 dic
1805 2798 1812 2815 :

1018 2832 1144 2864 Domine,
1157 2832 1191 2859 da
1210 2833 1277 2860 mihi
1294 2841 1392 2861 sensus
1401 2834 1522 2867 virtutis,
1535 2839 1563 2861 et
1574 2842 1636 2869 qua:
1648 2835 1675 2861 in
1691 2835 1750 2870 ipsa
1760 2840 1814 2864 est.

1019 2878 1129 2906 C'avem
1142 2879 1312 2908 intellectum
1327 2881 1476 2908 verborum
1491 2888 1621 2908 verorum
1634 2889 1695 2915 quae
1707 2888 1773 2910 sunt
1786 2883 1816 2909 in
