1971 3091
195 151 244 185 881

718 153 834 183 LIBER
854 151 902 181 DE
922 149 1147 180 CONTEMPTU
1169 151 1305 181 MUNDI.

1772 151 1829 183 882

192 212 293 240 divinis
320 204 470 248 Scripturis
495 212 646 240 orationem
672 211 800 239 existima
826 218 896 238 esse.
916 209 985 236 Cum
1000 209 1024 238 Α
1037 207 1214 235 exsistentcm
1226 209 1253 236 in
1267 208 1445 236 tabernaculo
1459 216 1520 241 suo,
1534 208 1646 235 divitem
1658 215 1722 235 vero
1736 207 1764 235 in
1776 209 1828 235 mi-

192 259 314 286 volueris
339 259 561 294 appropinquare
583 259 639 285 Deo
665 258 748 286 corde
775 262 832 289 luo,
858 257 935 292 prius
957 257 986 284 in

193 303 392 338 temporalibus
409 304 524 330 ostende
540 304 664 331 laborem
689 307 777 330 tuum.
794 302 835 329 Ex
848 302 891 330 his
912 301 986 329 enim

194 349 360 384 principium
376 349 565 377 conversionis
580 353 622 376 est
637 358 644 376 :
661 349 777 376 multum
793 348 868 376 enim
886 355 987 382 appro-

194 396 309 431 pinquat
332 403 381 423 cor
406 396 473 427 Deo,
498 396 526 423 in
551 396 739 424 subtractione
763 395 935 423 necessitatis
959 395 988 421 in

195 441 363 469 abstinentia
379 442 462 469 unius
477 442 606 477 specialis
626 442 692 474 cibi,
709 446 737 470 et
754 442 881 477 sequitur
895 441 987 476 operi-

195 487 258 518 bus,
272 492 300 514 et
316 487 448 514 Dominus
465 495 499 515 ex
520 487 573 514 hoc
589 487 654 515 facit
673 488 881 515 fundamentum
897 487 989 514 humi-

196 533 293 560 litatis.
318 533 451 561 Existima
477 534 655 566 otiositatem,
681 533 847 568 principium
871 533 988 561 obtene-

196 579 330 606 brationis
340 579 447 606 animae.
461 579 785 614 Suntobteuebrationes
802 582 894 606 autem
905 586 989 613 super

197 623 400 651 tenebrationes
415 624 608 652 collocutionis
624 631 782 652 sermonum
805 623 988 656 saecularium,

196 669 316 705 primum
339 669 448 698 occasio
473 670 587 697 secundi
611 675 640 698 et
662 669 814 698 secundum
838 669 930 705 primi.
956 670 990 696 Et

197 715 279 742 utiles
302 723 444 743 sermones
468 716 527 743 sine
545 723 674 743 mensura
699 716 806 751 probati
823 715 989 743 obtenebra-

198 761 300 788 tionem
314 762 396 789 etiam
412 761 517 789 faciunt
534 771 541 789 :
557 762 705 789 viliﬁcatur
719 763 793 790 enim
809 763 899 790 anima
917 762 990 789 mul-

199 807 316 834 titudine
332 808 556 840 collocutionum,
571 809 697 843 quamvis
709 809 873 844 praeparatio
885 809 945 844 ejus
954 808 991 836 sit

199 851 225 878 in
239 852 335 879 timore
348 852 406 879 Dei.
421 852 617 879 Obtenebratio
631 852 728 879 animae
739 860 773 879 ex
786 851 990 879 inordinatione

198 899 416 925 conversationis
432 898 461 925 ﬁt
474 905 613 930 mensura,
628 901 656 925 ct
670 902 777 932 tempus
797 898 824 924 in
841 904 989 924 conversa-

200 944 274 970 tione
298 943 435 971 illuminat
457 948 577 971 mentcm
600 948 629 971 ct
651 943 842 971 confusionem
865 943 987 977 expellit.

197 989 329 1016 (Joufusio
346 990 446 1016 mentis
459 997 520 1025 quas
537 994 578 1016 est
593 989 627 1016 ab
648 989 861 1021 iuordinatione,
877 989 990 1016 obtene-

199 1035 352 1062 brationem
371 1034 436 1062 facit
454 1035 480 1062 in
496 1035 597 1067 anima,
612 1040 640 1062 et
653 1034 844 1062 obtenebralio
858 1035 990 1062 turbatio-

200 1088 273 1107 ncm.
289 1080 343 1107 Pax
356 1088 389 1108 ex
403 1081 577 1108 ordinatione
591 1080 629 1113 ﬁt,
642 1085 670 1108 ct
684 1081 731 1107 lux
743 1088 777 1107 ex
791 1088 857 1115 pace
870 1080 991 1107 nascitur

200 1125 227 1152 in
244 1126 345 1157 anima,
368 1130 396 1153 et
413 1134 446 1153 ex
470 1127 532 1154 luce
548 1131 575 1154 et
592 1135 658 1161 pace
676 1126 742 1162 (5‘2).
760 1127 878 1154 Mundus
894 1134 941 1154 acr
963 1127 991 1153 in

200 1176 321 1198 utentem
348 1172 499 1199 secundum
530 1180 687 1200 mensuram
716 1173 993 1208 appropinquatiouis

199 1215 292 1242 cordis
306 1216 340 1243 ad
365 1217 538 1251 sapientiam,
555 1218 595 1245 sic
619 1218 735 1253 suscipit
756 1219 872 1254 gratiam
892 1227 906 1246 a
925 1220 991 1246 Deo.

201 1261 336 1289 Discretio
353 1263 494 1297 sapientiae
516 1264 727 1299 occupationum
753 1265 868 1300 spiritus
886 1270 927 1293 est
944 1273 993 1293 ex-

200 1309 464 1342 tramundanarum;
481 1310 554 1338 sicut
568 1311 654 1338 sentis
671 1311 698 1338 in
711 1311 801 1339 anima
815 1316 871 1344 tua,
886 1312 950 1347 quia
965 1313 994 1339 in

199 1354 334 1388 sapientia
363 1355 478 1390 spiritus
509 1356 651 1383 silentium
676 1360 751 1385 tenet
776 1357 804 1384 in
831 1357 933 1384 aniul‘a.
963 1358 994 1385 ln

201 1399 335 1434 sapientia
348 1406 441 1428 autem
457 1402 551 1428 mundi
567 1401 627 1429 fons
638 1403 827 1438 occupationis
842 1407 920 1431 actus
932 1408 974 1431 est
987 1412 996 1431 :

202 1450 263 1480 post
278 1446 467 1474 inventionem
491 1452 584 1475 autem
601 1449 697 1483 prima:
720 1450 872 1484 sapientiae,
898 1451 995 1486 imple—

202 1491 273 1519 veris
286 1492 440 1520 humilitate
454 1494 540 1521 multa
555 1499 583 1521 et
601 1495 813 1524 mansuetudine
829 1501 857 1524 et
874 1504 941 1532 pace
952 1504 997 1524 rc-

1037 253 1160 280 nisteriis
1175 254 1240 281 Deo.
1256 254 1330 281 Visio
1355 254 1528 281 saecularium
1551 253 1740 281 confusionem
1764 253 1829 281 facit

1038 299 1146 330 animae,
1164 306 1221 326 rem
1244 299 1384 327 mentitam
1408 304 1520 334 propter
1534 307 1604 334 opus
1623 299 1670 326 Dei
1688 299 1826 334 equidem.

1039 343 1228 379 Spiritualium
1246 344 1361 372 fratrum
1382 345 1492 373 assidua
1506 345 1611 373 locutio
1632 350 1724 376 nocet,
1741 352 1828 372 saecu-

1038 390 1138 417 larium
1157 395 1250 418 autem
1275 396 1303 418 et
1328 391 1385 418 sola
1410 391 1531 418 exterior
1554 392 1623 418 visio
1640 391 1829 425 operationem

1039 436 1211 470 corporalem
1228 437 1352 471 impedit.
1368 437 1419 470 Qui
1435 438 1495 464 vult
1510 445 1543 464 ex
1559 442 1637 472 parte
1654 437 1755 464 mentis
1767 437 1829 464 viu—

1039 482 1161 510 demiare
1173 483 1313 518 gaudium,
1326 487 1368 511 est
1380 484 1408 510 in
1420 484 1580 518 operatione
1592 483 1827 514 absconditorum.

1040 533 1068 557 et
1090 529 1166 556 vices
1189 529 1248 556 sine
1270 529 1377 557 visione
1401 529 1516 556 turbant
1539 529 1664 564 requiem
1688 529 1830 556 cordis:e

1040 582 1185 608 converso,
1208 575 1384 603 mortiﬁcatio
1408 583 1491 610 super
1515 575 1675 610 operatione
1698 582 1828 602 sensuum

1039 628 1096 648 nou
1121 621 1256 648 firmatur.
1278 621 1435 656 Corporalis
1457 621 1602 648 conversio
1627 620 1829 655 evigilatioucm

1039 674 1171 695 sensuum
1188 668 1286 702 quaerit
1301 677 1307 694 :
1321 667 1494 695 conversatio
1516 671 1608 694 autem
1635 666 1757 694 scientize
1771 673 1830 691 evi~

1040 714 1199 749 gilationem
1214 714 1315 741 cordis.
1331 713 1409 741 Sicut
1428 713 1455 740 in
1470 717 1565 740 natura
1578 712 1675 739 melior
1687 716 1728 739 est
1739 712 1830 737 anima

1041 757 1169 794 corpore,
1188 763 1216 787 et
1230 759 1301 787 sicut
1315 759 1458 794 plasmatio
1470 759 1602 794 praevenit
1616 758 1811 785 animationcm
1823 779 1829 788 ,

1042 805 1082 832 sic
1095 810 1123 832 et
1137 805 1291 840 corporalia
1308 813 1400 832 coram
1421 813 1455 832 eo
1470 813 1538 840 opus
1553 805 1660 831 animae.
1678 804 1772 839 Magna
1790 809 1833 831 est

1043 852 1141 884 virtus,
1158 860 1240 886 parva
1252 852 1426 880 conversatio
1439 859 1620 887 perseverans
1635 860 1640 877 :
1656 855 1760 886 petram
1779 850 1831 878 du-

1043 905 1099 924 ram
1115 898 1211 925 volvit.

1077 943 1192 977 Quando
1214 944 1311 979 incipit
1335 944 1361 971 in
1387 948 1412 972 te
1435 943 1586 979 spiritualis
1610 943 1692 970 homo
1708 950 1831 977 surgere,

1043 990 1218 1018 mortiﬁcatio
1233 998 1266 1017 ex
1281 990 1440 1017 hominibus
1453 990 1564 1025 evigilct
1581 989 1609 1016 in
1627 993 1662 1020 te,
1678 993 1705 1015 ct
1729 988 1834 1014 ferveat.

1043 1038 1071 1065 in
1086 1038 1186 1073 gaudio
1201 1038 1291 1064 anima
1307 1042 1352 1065 tua
1370 1045 1495 1072 supernae
1514 1035 1693 1064 similitudine
1714 1035 1831 1062 creatio-

1043 1084 1097 1115 nis,
1112 1087 1141 1111 et
1164 1091 1218 1110 non
1243 1083 1423 1118 paciﬁcantur
1442 1082 1621 1118 cogitationes
1644 1090 1694 1116 pro
1712 1081 1833 1108 delecta—

1044 1129 1117 1156 tione
1134 1129 1226 1156 cordis
1240 1129 1289 1156 tui.
1306 1130 1341 1156 Et
1353 1129 1463 1165 quando
1477 1129 1573 1164 incipit
1591 1128 1709 1155 mundus
1721 1135 1835 1161 surgere

1044 1174 1071 1202 in
1090 1178 1128 1208 te,
1144 1176 1289 1210 occupatio
1305 1176 1405 1203 mentis
1423 1180 1476 1203 tute
1500 1175 1710 1210 multiplicatur,
1724 1178 1752 1201 et
1769 1181 1835 1207 pru-

1044 1220 1136 1247 dentia
1165 1221 1303 1249 saecularis
1328 1225 1356 1248 et
1381 1221 1536 1248 inordinata
1558 1229 1565 1247 :
1587 1220 1716 1248 smeulum
1742 1224 1849 1246 autem.

1044 1273 1112 1294 voco
1131 1266 1196 1294 vitia
1213 1275 1273 1302 quae
1291 1268 1366 1302 pavit
1386 1268 1549 1303 occupatio;
1564 1271 1592 1294 et
1612 1265 1722 1301 quando
1735 1273 1833 1293 conce-

1044 1317 1090 1347 pta
1117 1312 1220 1340 fuerint
1246 1317 1274 1340 et
1297 1313 1429 1348 perfecta,
1454 1313 1634 1348 perﬁciuntur
1660 1316 1780 1347 peccata,
1806 1315 1836 1338 et

1045 1358 1215 1387 interﬁciunt
1228 1359 1379 1387 hominem.
1397 1359 1442 1387 Sic
1465 1366 1521 1386 non
1549 1358 1618 1386 ﬁum
1631 1358 1698 1385 vitia
1717 1357 1774 1384 sine
1788 1364 1836 1384 oc-

1045 1405 1191 1440 cupatione
1217 1405 1334 1438 mentis,
1353 1413 1404 1433 nec
1429 1403 1630 1432 consummatio
1647 1403 1751 1438 peccati
1775 1403 1842 1430 sine

1045 1451 1220 1487 multiloquio
1232 1451 1372 1479 vitiorum.
1385 1451 1454 1479 Cum
1467 1450 1679 1485 remultiplicata
1692 1449 1775 1476 fuerit
1789 1456 1836 1484 pa-

1047 1498 1143 1526 tientia
1159 1497 1186 1524 in
1202 1498 1346 1525 animabus
1358 1497 1470 1530 nostris,
1481 1496 1590 1531 signum
1604 1499 1654 1526 est.
1669 1495 1741 1530 quod
1758 1502 1835 1522 rece—

202 1541 302 1570 gnaute
316 1544 399 1572 super
421 1546 517 1566 omnes
533 1540 712 1574 cogitationes
727 1546 802 1574 tuas;
819 1546 848 1569 ct
871 1543 993 1570 membra
1009 1550 1030 1578 ο
1047 1543 1138 1577 pimus
1153 1543 1181 1569 in
1202 1543 1310 1570 occulto
1331 1542 1447 1578 gratiam
1471 1541 1676 1569 consolationis.
1693 1540 1836 1568 Fortitudo

204 1587 249 1609 tua
266 1585 414 1612 cessabunt
435 1590 462 1612 et
482 1586 657 1620 requiescent
679 1595 712 1614 ex
730 1588 887 1616 turbatione
905 1594 932 1616 et
952 1589 994 1616 in-

203 1628 374 1662 quietudine.
392 1629 457 1657 Post
481 1631 667 1659 inventionem
682 1636 774 1660 autem
793 1633 934 1668 sapientire
948 1642 993 1662 se-

205 1674 355 1706 cundaepid
381 1681 433 1708 est,
458 1677 613 1710 mundanm,
640 1679 763 1713 possides
786 1680 943 1714 superbiam
966 1681 994 1708 in

205 1727 286 1746 sensu
306 1724 362 1752 tuo,
381 1725 408 1747 et
428 1722 607 1756 cogitationes
623 1723 778 1752 immundas
797 1725 954 1752 indicibiles
968 1729 996 1752 et

206 1765 390 1793 turbationem
410 1768 575 1802 intellectus,
592 1769 807 1798 dominationem
828 1775 856 1798 ct
876 1771 996 1798 obdura-

206 1811 307 1838 tionem
324 1820 454 1840 sensuum
472 1818 500 1841 et
518 1815 692 1843 levationem.
711 1816 770 1843 Non
785 1817 925 1844 existimes
945 1818 996 1845 ho-

207 1857 308 1884 minem
332 1859 359 1885 in
384 1860 508 1887 oratione
534 1861 698 1889 ﬁducialiter
720 1870 801 1897 agere
821 1870 912 1890 coram
928 1863 994 1895 Deo,

207 1905 404 1939 temporalibus
422 1906 570 1941 obligatus.
614 1941 618 1944 ~

241 1950 338 1978 Anima
358 1951 530 1980 fraudulenta
548 1953 727 1981 defraudatur
745 1954 878 1989 sapientia
892 1963 899 1981 ε
912 1955 997 1982 mise-

209 1997 295 2024 ricors
311 2002 402 2025 autem
424 1998 557 2033 sapientia
581 2005 608 2027 et
630 2000 729 2035 spiritu
749 2001 904 2036 adjuvatur.
921 2001 997 2029 Sicut

207 2043 297 2070 oleum
313 2044 487 2078 splendorem
504 2045 646 2080 lampadis,
664 2047 704 2074 sic
719 2047 893 2082 elecmosyna
909 2048 997 2074 nutrit

206 2089 303 2116 animm
320 2090 516 2124 cognitionem.
541 2091 632 2119 Clavis
656 2092 747 2120 cordis
771 2092 928 2120 divinorum
945 2093 995 2120 do-

207 2142 304 2161 normn
317 2135 344 2162 in
358 2136 491 2163 charitate
506 2137 693 2171 proximorum
706 2138 831 2171 datur,et
844 2138 996 2166 secundum

208 2188 364 2208 mensuram
380 2182 525 2209 solutionis
540 2183 631 2210 cordis
645 2191 678 2210 ex
694 2183 809 2211 vinculis
823 2185 915 2212 cordis
930 2193 996 2220 ape-

1045 1588 1193 1623 patientize,
1210 1587 1309 1615 fortior
1326 1592 1368 1615 est
1382 1588 1543 1623 passionum
1559 1587 1716 1614 cadentium
1732 1585 1759 1612 in
1772 1593 1836 1612 cor—

1046 1641 1111 1668 pore
1126 1642 1132 1660 :
1147 1633 1201 1661 vita
1220 1633 1248 1661 in
1262 1634 1317 1661 Deo
1332 1633 1437 1661 directa
1451 1641 1582 1661 sensuum
1598 1642 1604 1659 :
1621 1631 1731 1668 quando
1743 1636 1845 1658 autem.

1046 1678 1147 1706 vixerit
1171 1687 1230 1711 cor,
1250 1679 1353 1706 cadunt
1370 1687 1476 1706 sensus.
1505 1678 1682 1706 Resurrectio
1705 1684 1836 1704 sensuum

1046 1728 1088 1750 est
1100 1724 1275 1752 mortiﬁcatio
1288 1724 1380 1752 cordis
1393 1733 1408 1751 a
1425 1725 1482 1752 Deo
1495 1732 1527 1752 ex
1541 1724 1691 1752 virtutibus
1706 1733 1712 1750 :
1726 1723 1836 1758 quando

1047 1769 1105 1796 sine
1121 1770 1232 1797 homine
1254 1770 1332 1802 ﬁunt,
1346 1778 1401 1797 non
1424 1770 1702 1805 recipitconscientia
1723 1768 1837 1796 rectitu-

1047 1813 1150 1842 dinem.
1165 1814 1260 1842 Virtus
1275 1823 1335 1849 quzc
1347 1822 1396 1849 per
1413 1815 1481 1842 alios
1498 1819 1638 1850 operatur,
1654 1821 1714 1848 quze
1731 1813 1837 1840 scilicet

1047 1859 1119 1886 valet
1140 1860 1272 1887 mundare
1295 1859 1414 1886 animam
1432 1868 1438 1885 :
1454 1859 1487 1887 ad
1505 1859 1660 1887 mercedem
1678 1858 1751 1885 cuitu
1767 1865 1836 1892 opus

1047 1902 1197 1929 aestimatur
1211 1906 1239 1929 et
1256 1902 1364 1937 perﬁcit
1380 1903 1527 1936 virtutem;
1547 1908 1695 1937 utrumque
1708 1906 1736 1929 et
1755 1910 1837 1929 mun-

1048 1946 1143 1974 ditiam
1166 1947 1232 1974 facit
1246 1957 1252 1974 :
1266 1953 1377 1983 propter
1399 1949 1452 1976 hoc
1472 1956 1569 1983 sapere
1585 1949 1683 1983 primo,
1697 1953 1724 1975 et
1737 1955 1837 1974 secun-

1048 1993 1113 2021 dum
1126 1995 1257 2029 quaeritur
1270 1999 1368 2029 prmter
1383 1995 1596 2022 sollicitudinem
1612 2003 1673 2030 quae
1686 1995 1712 2021 in
1727 1994 1779 2021 hoc
1794 2001 1837 2021 re-

1048 2040 1183 2075 linquitur
1196 2041 1310 2075 aliquid,
1327 2041 1489 2069 manifestus
1503 2042 1611 2068 animus
1624 2049 1638 2068 a
1656 2042 1726 2073 Deo;
1740 2048 1838 2068 secun-

1049 2085 1114 2113 dum
1135 2090 1226 2113 autem
1245 2090 1274 2113 et
1287 2087 1378 2114 locum
1392 2087 1474 2122 primi
1488 2087 1654 2120 adimpletur
1669 2085 1728 2113 sine
1742 2092 1838 2119 opera-

1049 2132 1124 2160 tione
1137 2133 1206 2168 ejus.
1227 2133 1346 2168 Requies
1358 2138 1386 2160 et
1402 2133 1525 2160 otiositas
1539 2137 1579 2160 est
1594 2132 1713 2167 perditio
1727 2132 1836 2161 animm,

1049 2183 1077 2205 et
1099 2186 1196 2214 magna
1218 2186 1301 2213 quam
1324 2179 1462 2206 daemones
1479 2182 1594 2213 possunt
1608 2184 1717 2205 nocere.
1733 2176 1837 2212 Corpus

208 2226 278 2253 ritur
292 2235 382 2254 coram
401 2228 459 2262 ipso
474 2228 575 2256 ostium
591 2229 763 2264 cognitionis.
781 2230 925 2259 Transitus
939 2233 997 2259 aui-
1012 2220 1035 2247 D
1048 2224 1187 2252 inﬁrmum
1210 2225 1234 2252 Si
1261 2232 1343 2260 supra
1364 2225 1495 2252 Virtutem
1518 2231 1594 2250 suam
1619 2223 1725 2258 θῡθηπῖ
1750 2223 1835 2257 ουὲίῆ

209 2280 259 2298 ma:
272 2281 287 2299 a
302 2273 405 2300 mundo
418 2273 445 2300 in
462 2274 605 2307 uirtutium,
621 2276 758 2310 susceptio
774 2275 929 2304 intellectus
943 2282 995 2305 est.

208 2316 293 2350 Quam
310 2319 423 2352 pulchra
442 2325 470 2347 et
486 2320 632 2349 laudabilis
649 2325 691 2349 est
705 2322 816 2350 dilectio
828 2325 956 2358 proximi,
973 2324 996 2352 si

209 2370 263 2388 non
276 2363 434 2391 sollicitudo
450 2365 509 2400 ejus
524 2366 650 2394 extrahat
667 2375 717 2395 nos
738 2375 753 2395 a
768 2368 917 2396 dilectione
935 2369 994 2397 Dei.

208 2407 293 2439 Quam
320 2409 442 2442 speciosa
466 2415 507 2437 est
532 2411 681 2439 collocutio
707 2413 857 2448 spiritualis
880 2414 995 2441 fratrum

209 2457 377 2486 nostrorum,
392 2455 413 2482 si
431 2463 576 2490 possumus
592 2458 742 2491 custodire,
759 2467 820 2486 cum
838 2459 894 2493 dat,
911 2461 996 2487 collo-

208 2500 347 2528 cntionem
373 2502 431 2529 Dei.
454 2503 526 2538 Ergo
549 2503 651 2531 bonum
682 2509 724 2532 est
749 2514 848 2533 nomen
874 2511 963 2534 tacere
988 2516 995 2533 :

208 2547 305 2580 probet
325 2548 404 2576 home
425 2550 594 2584 operationis
617 2552 673 2579 sive
697 2552 762 2579 boni
779 2553 870 2587 operis
887 2557 914 2580 et
930 2561 996 2580 con-

208 2593 343 2621 versionis
360 2595 531 2622 occasionem
556 2596 743 2624 iudeﬁcienter
757 2597 789 2624 ad
806 2598 901 2624 Deum.
924 2598 997 2625 Con-

208 2635 280 2663 fusio
292 2637 366 2664 enim
381 2640 494 2667 secundi
508 2648 542 2667 ex
560 2641 706 2669 stabilitate
719 2643 811 2676 primi.
827 2643 887 2670 Non
899 2642 998 2670 sufﬁcit

210 2686 300 2710 autem
318 2692 394 2712 mens
407 2686 441 2713 ad
463 2687 532 2721 duas
552 2687 748 2716 collocationes
764 2697 770 2715 :
785 2697 869 2716 unum
892 2693 996 2716 tantum

209 2727 293 2756 habet
306 2731 500 2760 collocutorcm
512 2734 690 2760 constitutum
705 2739 732 2761 ct
746 2735 886 2762 timentem
900 2735 996 2769 Deum,

207 2776 237 2799 c'.
259 2779 345 2802 semet
363 2776 452 2811 ipsum
472 2779 687 2811 custodientem;
712 2788 859 2814 pauperem
886 2780 996 2815 quidem

1047 2270 1302 2298 obtenebratiouem
1326 2270 1444 2305 imponis
1467 2270 1574 2301 aninue,
1599 2273 1627 2297 et
1647 2269 1836 2296 confusionem

1047 2317 1134 2351 magis
1150 2316 1353 2351 superinducis.
1367 2316 1474 2351 Corpus
1491 2323 1555 2343 vero
1567 2315 1637 2343 forte
1658 2315 1681 2342 si
1703 2315 1835 2342 otiositati

1047 2367 1075 2390 et
1092 2355 1197 2398 requiei
1209 2362 1336 2395 'dederis,
1351 2363 1442 2390 omnis
1462 2362 1566 2389 malitia
1587 2361 1685 2389 animm
1703 2361 1837 2388 habitabit

1048 2409 1075 2436 in
1091 2417 1133 2436 eo.
1149 2409 1183 2436 Et
1198 2409 1244 2442 qui
1260 2409 1361 2436 bonum
1378 2408 1527 2438 desiderat.
1546 2407 1592 2435 sed
1610 2408 1710 2442 tepide,
1726 2411 1754 2434 et
1769 2407 1836 2434 illud

1048 2455 1150 2481 bonum
1166 2462 1181 2480 a
1196 2454 1287 2488 seipso
1302 2453 1381 2480 tollit.
1398 2453 1466 2480 Cum
1491 2453 1580 2479 anima
1604 2451 1737 2478 inebriata
1755 2451 1838 2477 fixerit

1048 2500 1077 2526 in
1092 2499 1190 2534 gaudio
1206 2499 1264 2533 spei
1278 2506 1404 2533 superna:
1427 2498 1528 2525 laetitia:
1549 2497 1608 2529 Dei,
1632 2496 1791 2524 insensibile
1808 2495 1838 2522 ﬁt

1048 2554 1149 2581 corpus
1169 2546 1229 2581 ejus
1251 2545 1284 2572 ad
1306 2544 1525 2576 tribulationem,
1552 2543 1678 2579 quamvis
1692 2542 1744 2577 33
1762 2542 1838 2568 inﬁr-

1048 2601 1123 2619 mum
1141 2593 1185 2620 sit.
1204 2592 1327 2620 Sustinet
1342 2591 1415 2618 enim
1438 2591 1540 2626 duplex
1563 2597 1652 2617 onus:
1667 2589 1772 2616 scilicet
1794 2587 1836 2614 iu<

1050 2638 1188 2665 ﬁrmitatis
1196 2642 1224 2664 et
1237 2636 1433 2664 tribulationis.
1445 2636 1478 2662 Et
1492 2643 1546 2662 non
1559 2635 1695 2670 intelligit,
1712 2633 1758 2661 sed
1771 2641 1838 2660 cou-

1050 2685 1166 2720 cupiscit
1181 2684 1207 2711 in
1223 2683 1329 2710 deliciis
1340 2683 1448 2710 animae.

1086 2731 1112 2758 Si
1129 2730 1296 2758 custodieris
1311 2730 1432 2765 liugdam
1448 2734 1534 2762 tuam,
1548 2737 1564 2755 ο
1580 2727 1675 2758 frater,
1689 2725 1772 2753 datur
1785 2725 1835 2753 tibi

1051 2779 1137 2814 gratia
1157 2786 1172 2804 a
1195 2778 1251 2804 Deo
1272 2776 1494 2812 compunctiouis
1517 2774 1623 2806 cordis,
1646 2777 1676 2800 ut
1700 2772 1726 2800 in
1750 2772 1835 2806 ipsam

247 2864 301 2898 (59.)
332 2865 364 2892 Et
396 2874 427 2893 ra:
458 2867 513 2895 luce
541 2873 653 2903 ctpacc.
687 2870 778 2904 Forte,
798 2876 821 2897 et
855 2880 885 2898 cr
907 2872 963 2898 lure
989 2879 1052 2904 par.
