1971 3091
154 139 206 167 5N?

833 143 863 171 Ξ.
887 142 1007 173 ΙΞΑΑΕΙ
1028 144 1114 174 SYRI

1736 141 1789 175 834

153 196 273 223 animam
286 201 361 223 tuam
375 196 472 228 intres,
487 195 553 223 etin
567 196 619 224 hoc
635 196 660 223 in
673 197 803 231 gaudium
816 197 941 232 spiritus.
960 201 978 228 Α
995 205 1023 227 et
1042 200 1144 228 Christi
1167 201 1214 235 qui
1236 202 1309 227 hunc
1325 201 1446 228 donavit.
1467 200 1504 227 Ne
1523 200 1654 234 requie-ias
1667 199 1744 231 loca,
1758 201 1786 227 in

154 243 180 267 Si
204 243 296 277 lingua
324 246 368 269 tua
387 247 412 268 te
428 242 545 274 vicerit,
568 243 648 269 crede
674 243 741 269 mihi
760 243 786 270 in
804 243 856 270 hoc
871 243 945 278 quod

153 290 216 315 dico
240 289 300 320 libi,
316 297 467 323 numquam
486 289 588 322 pulcris
600 289 712 316 exsilire
729 297 743 315 a
762 288 895 316 tenebris.
917 289 946 316 Si

153 343 206 360 nou
231 334 316 361 habes
333 343 382 362 cor
397 334 530 360 nutndum
543 355 549 365 ,
574 335 669 361 saltent
687 334 757 361 habe
782 342 830 361 cor
846 343 946 370 purga-

154 386 229 411 tum,
253 382 325 407 sicut
346 380 444 407 beatus
468 381 653 415 Hieronymus
667 380 746 407 dixit.
764 380 832 407 Cum
853 381 947 408 volue-

153 427 190 453 ris
216 426 336 460 aliquem
359 426 508 453 admonere
534 426 567 453 ad
593 426 711 457 bonum.
733 426 811 460 prius
835 427 868 453 da
891 426 945 453 sibi

152 473 276 507 quietem
299 473 491 507 corporalem,
507 477 535 499 et
558 472 663 499 honora
679 480 742 498 eum
767 472 793 498 in
816 480 944 499 sermone

153 518 307 545 rharitatis.
329 519 371 545 Nil
398 518 438 545 sic
455 518 637 545 verecundari
661 518 726 545 facit
753 518 892 544 hominem
917 522 945 545 et

153 562 318 588 commutari
335 570 349 588 a
363 562 468 588 malitia
486 569 536 589 sua
550 562 583 588 ad
602 562 728 593 meliora,
747 562 819 590 sicut
835 567 863 589 et
880 570 944 589 cor-

153 608 261 641 poralia
278 608 348 634 bona
365 611 392 634 et
415 607 504 635 honor
527 616 611 642 quem
635 608 687 635 sibi
711 608 785 635 videt
805 608 943 635 exhiberi.

153 653 291 685 Quantum
308 661 423 688 agonem
440 653 602 688 aggreditur
615 654 676 688 quis
690 661 739 688 pro
753 654 820 686 Deo,
836 658 942 681 tantum

153 699 229 726 cordi
253 700 313 734 ejus
342 700 370 726 in
399 700 526 727 oratione
557 700 713 727 ﬁducialius
738 705 880 734 operatur.
909 701 943 727 Et

152 749 285 779 quantum
300 753 314 772 a
335 745 430 772 multis
444 750 607 780 occupatur,
625 749 730 772 tantum
749 745 878 772 fundator
892 745 941 772 ad-

150 790 256 823 jutorio
278 789 336 817 Dei.
355 790 395 817 Ne
411 789 539 822 tristeris,
555 797 606 817 nec
626 790 803 817 conturberis
818 791 844 817 in
867 790 940 817 cale-

152 835 322 862 t'actionibus
336 835 460 868 corporis
475 843 481 861 :
498 842 573 862 mors
592 835 665 861 enim
681 835 799 869 accipiet
814 843 862 862 eas
878 843 893 861 ει
913 840 940 862 te

151 880 283 914 perfecte.
307 879 346 906 Ne
370 879 468 906 timeas
484 883 618 912 mortem,
640 879 705 914 quia
727 868 800 907 Deus
822 884 848 907 te
873 879 940 906 fecit
958 868 977 894 Β

151 933 236 960 super
253 928 382 952 mortem.

443 992 557 1021 CAPUT
577 992 645 1020 Llll.

326 1051 364 1078 De
375 1051 516 1078 sobrietate
531 1055 555 1078 et
572 1051 743 1078 continentia.

185 1109 236 1136 llic
247 1113 290 1136 est
305 1116 372 1144 ergo
387 1109 498 1136 sobrius
514 1114 542 1136 et
559 1109 615 1136 Deo
630 1107 767 1140 amabilis,
783 1115 839 1134 non
856 1106 941 1142 respi-

153 1163 214 1182 cere
228 1155 317 1182 oculis
341 1155 407 1182 hinc
430 1154 506 1187 inde,
524 1154 571 1182 sed
587 1161 696 1188 semper
723 1157 787 1180 ante
800 1160 829 1180 se
851 1151 941 1179 otiosa

154 1201 234 1229 verba
260 1201 352 1236 loqui,
379 1201 427 1227 sed
450 1204 556 1228 tantum
581 1200 749 1228 necessaria.
767 1198 940 1226 Indumentis

154 1248 250 1274 vilibus
271 1251 430 1275 contectqu
450 1255 511 1275 esse
531 1247 564 1274 ad
583 1247 778 1274 necessitatem
802 1245 940 1279 corporis,

154 1298 178 1320 et
193 1294 234 1321 sic
249 1293 319 1321 cibis
338 1293 371 1320 ad
385 1293 616 1320 sustentationem
631 1292 755 1326 corporis
770 1291 822 1323 uti,
837 1295 868 1318 ut
884 1298 940 1317 non

155 1339 361 1374 :astrimargi:e,
382 1343 412 1366 et
434 1339 603 1374 participare
626 1345 724 1373 parum
748 1337 781 1364 de
799 1336 939 1368 omnibus,

160 1393 177 1413 -ι
193 1394 246 1413 non
265 1386 324 1414 haec
341 1385 491 1420 reprobare
507 1389 535 1412 et
551 1385 610 1412 haec
628 1385 745 1420 eligere,
762 1391 814 1411 nec
828 1383 941 1418 impleat

169 1440 183 1457 ι
210 1432 277 1466 ipsis
299 1435 445 1459 ventrem:
462 1431 549 1465 major
572 1435 615 1458 est
639 1431 714 1458 enim
737 1430 812 1457 omni
838 1430 940 1457 virtute

163 1477 294 1509 'iscretio,
305 1478 401 1504 vinum
417 1481 530 1511 propter
547 1476 602 1511 (55)
618 1475 805 1503 inﬁrmitatem
822 1480 850 1502 et
864 1475 940 1502 debi-

997 246 1098 279 quihus
1121 246 1283 272 abscondita
1295 250 1360 272 sunt
1378 253 1440 271 vasa
1459 245 1539 271 amici
1557 245 1608 270 tui.
1624 244 1692 269 (Isim
1710 248 1787 269 trau—

997 290 1132 325 qnillitatc
1147 291 1221 324 aperi
1235 291 1334 318 ostium
1348 289 1465 324 prmimi
1482 289 1532 320 tui,
1549 294 1577 315 et
1594 288 1692 315 claude
1711 288 1788 315 simi-

996 336 1069 363 liter.
1089 336 1147 362 Nou
1163 336 1256 363 subito
1276 336 1309 362 ad
1327 336 1447 370 aliquem
1464 335 1595 364 introeas,
1612 334 1660 361 sed
1676 334 1788 369 pulsans

998 387 1028 408 ut
1050 387 1192 413 externus,
1206 381 1359 415 permissus
1380 381 1536 415 ingredere.
1559 380 1598 407 Nc
1614 380 1652 406 sis
1666 380 1743 406 velox
1760 380 1789 406 in

995 436 1091 462 gressu
1108 433 1154 454 tuo
1167 433 1266 461 prtetcr
1281 435 1392 454 causam
1416 426 1599 453 necessariam
1619 430 1643 451 te
1662 425 1786 459 compel—

995 474 1108 500 lentcm.
1127 474 1191 500 Esto
1210 474 1340 500 erunibus
1362 472 1495 499 ohedieus
1518 471 1544 497 in
1569 471 1644 497 omni
1663 475 1786 505 tempore

995 525 1095 555 praeter
1117 528 1215 547 avaros
1239 524 1267 546 ct
1293 524 1451 546 amatores:
1469 517 1670 552 possessionem
1694 522 1785 543 autem

993 574 1049 593 non
1072 567 1211 601 sequeris.
1227 570 1258 592 ut
1281 574 1335 592 non
1360 566 1407 591 liat
1422 571 1492 598 Opus
1513 563 1691 590 diabolicum.
1710 563 1786 588 Man—

994 616 1071 639 suete
1088 619 1150 638 cum
1167 610 1298 637 omnibus
1322 613 1423 639 tracta,
1443 612 1471 634 et
1490 615 1552 634 cum
1576 606 1740 637 sobrietate,
1759 609 1786 631 et

993 657 1138 684 honestate
1165 664 1263 683 omnes
1291 655 1400 689 aspice,
1426 657 1455 681 et
1485 660 1518 679 ne
1547 652 1662 687 impleas
1690 651 1786 678 oculos

994 706 1056 729 tuos
1084 706 1197 736 aspectu
1224 701 1342 736 alicujus
1367 700 1407 726 rei
1427 698 1578 726 Ambulans
1609 697 1636 724 in
1663 697 1721 728 via,
1748 703 1785 722 ne

992 747 1144 783 pran'enias
1170 747 1300 782 majorem
1326 750 1361 773 te.
1391 745 1419 773 Si
1445 748 1537 772 autem
1561 743 1710 770 tardaverit
1736 750 1783 769 so-

992 795 1052 821 eius
1070 798 1134 821 tuus
1154 801 1249 828 parum
1270 793 1334 820 dum
1351 791 1537 827 progrederis,
1552 794 1680 824 exspecta
1697 797 1759 817 eum
1775 797 1782 814 ε

993 840 1039 875 qui
1056 840 1129 867 enim
1156 840 1208 867 hoc
1226 847 1281 866 non
1298 839 1378 871 facit,
1394 838 1530 873 insipiens
1542 843 1593 864 est.
1611 836 1727 868 Quando
1743 835 1784 862 lo-

993 887 1088 922 quitur
1108 886 1202 914 socius
1214 886 1349 917 obvianti,
1371 888 1498 919 exspecta
1513 891 1587 911 eum.
1601 883 1691 910 Sanus
1709 881 1783 908 dicat

993 933 1155 961 infirmanti.
1181 933 1252 960 Ante
1283 936 1392 966 tempus
1417 931 1551 958 faciamus
1578 929 1781 956 necessitatem.

991 977 1031 1005 Ne
1050 985 1150 1013 arguas
1167 977 1287 1011 aliquem
1303 976 1332 1002 in
1346 975 1438 1010 aliquo
1453 973 1554 1000 delicto
1569 981 1575 998 :
1597 971 1646 999 sed
1667 971 1783 1006 teipsum

992 1024 1019 1051 in
1036 1024 1166 1052 omnibus
1181 1024 1286 1050 :estima
1310 1021 1476 1056 culpabilem
1499 1024 1527 1046 et
1548 1018 1641 1045 delicti
1659 1024 1783 1044 causam.

991 1068 1078 1096 Omne
1102 1075 1172 1103 opus
1195 1067 1249 1095 vile
1265 1074 1328 1094 cum
1351 1064 1426 1092 onmi
1445 1062 1600 1090 humilitate
1621 1061 1712 1088 facere
1728 1067 1782 1086 non

992 1122 1113 1142 I‘CCUSCS.

1027 1160 1056 1188 Si
1072 1163 1185 1187 coactus
1205 1158 1292 1186 fueris
1312 1157 1421 1190 ridere,
1441 1163 1494 1183 non
1519 1157 1670 1189 appareant
1686 1151 1784 1180 dentes

994 1207 1045 1234 tui.
1062 1206 1228 1241 Compulsus
1249 1204 1324 1238 loqui
1344 1210 1406 1230 cum
1429 1202 1556 1231 muliere.
1573 1203 1667 1226 averte
1684 1198 1782 1225 faciem

992 1258 1066 1280 tuam
1082 1260 1096 1279 a
1113 1251 1218 1278 visione
1233 1251 1305 1285 ejus,
1321 1252 1349 1275 et
1361 1249 1402 1275 sic
1416 1255 1478 1274 cum
1493 1254 1525 1274 ea
1542 1246 1667 1279 loquere.
1683 1244 1703 1270 A
1722 1250 1782 1269 mo-

991 1295 1112 1326 nialibus
1126 1297 1200 1332 fuge,
1215 1296 1288 1323 sicut
1301 1294 1335 1322 ab
1350 1294 1411 1329 igne
1430 1297 1457 1320 et
1471 1293 1570 1326 laqueo
1585 1289 1703 1320 diaboli;
1720 1288 1783 1322 fuge

991 1343 1176 1371 obviationem
1201 1347 1296 1368 earum
1311 1343 1338 1366 et
1359 1337 1571 1366 collocutionem
1592 1338 1620 1361 et
1636 1333 1782 1363 visionem,

990 1397 1026 1416 ne
1042 1389 1167 1416 colerent
1179 1395 1226 1415 cor
1242 1390 1320 1413 tuum
1343 1383 1471 1412 sordibus
1490 1382 1642 1413 vitiorum;
1657 1378 1784 1414 quamvis

991 1435 1047 1462 sint
1076 1441 1186 1461 sorores
1218 1435 1271 1458 tua:
1299 1429 1451 1458 secundum
1479 1434 1613 1458 carnem,
1647 1425 1719 1452 sicut
1748 1423 1783 1449 ab

991 1480 1130 1508 extraneis
1151 1484 1176 1505 te
1194 1476 1313 1505 custodi.
1333 1476 1355 1503 A
1373 1474 1472 1502 fiducia
1488 1474 1620 1508 juvenum
1635 1475 1663 1498 et
1677 1470 1782 1497 allocu-

173 1525 255 1548 mlem
286 1529 341 1548 “0"
372 1529 493 1548 sumem-
529 1521 590 1548 Non
623 1520 789 1556 Ρτπεθίηδίλε
823 1520 938 1547 "orbum
953 1534 973 1561 ο
992 1528 1065 1554 tione
1082 1526 1163 1560 fuge,
1186 1522 1308 1550 sicutab
1332 1521 1451 1549 amicitia
1473 1518 1585 1546 diaboli.
1604 1517 1694 1544 Unum
1712 1515 1784 1541 habe

174 1567 302 1601 ‘qnentis.
318 1567 374 1594 Nec
386 1567 458 1594 sicut
474 1567 602 1594 indoctus
613 1567 794 1602 respondeas,
807 1566 855 1593 sed
867 1566 939 1593 sicut

175 1613 274 1640 rudens
289 1606 475 1641 tacitus'esto.
501 1613 665 1648 Ubicunque
688 1613 817 1640 inventus
840 1612 937 1645 fueris,

183 1659 287 1686 inorem
303 1662 329 1686 te
352 1659 442 1693 ipsum
458 1659 563 1686 aestima
579 1662 607 1685 et
621 1665 732 1685 servum
745 1658 861 1685 fratrum
877 1663 939 1684 tuo-

189 1713 224 1732 m.
246 1705 286 1732 Ne
312 1704 436 1732 denudes
459 1705 563 1740 aliquid
589 1709 700 1732 tuorum
728 1712 820 1732 coram
846 1704 938 1739 aliquo

188 1752 338 1778 unhrorum
357 1754 478 1782 tuorum.
494 1758 547 1778 nec
565 1750 713 1786 appropies
731 1749 840 1784 corpori
857 1749 940 1776 alicu-

186 1805 194 1823 ξ
216 1801 317 1832 praeter
336 1797 510 1824 necessitatis
530 1804 652 1828 causam,
678 1803 729 1823 nec
753 1795 862 1830 corpori
892 1799 939 1821 tuo

180 1843 296 1871 armittas
311 1843 431 1877 aliquem
444 1842 668 1877 appropinquare
679 1863 686 1874 ,
702 1841 767 1873 nisi,
781 1841 886 1872 utdixi,
904 1840 939 1868 de

196 1896 234 1915 isa
249 1889 417 1916 rationabili.
431 1889 543 1916 Declina
558 1897 572 1915 a
589 1889 690 1915 tiducia
708 1887 855 1915 mulierum
868 1888 939 1915 sicut

210 1937 270 1960 orte
285 1941 293 1959 :
308 1940 390 1967 posce
412 1932 536 1960 sobrium
552 1932 677 1960 ordinem
698 1936 728 1959 et
746 1936 886 1964 sanctum,
904 1939 939 1959 ne

216 1983 296 2015 getur
310 1987 324 2006 a
340 1984 366 2006 te
384 1979 474 2006 virtus
489 1987 550 2014 qua:
566 1983 592 2006 te
609 1978 741 2006 custodit.
763 1979 792 2006 In
814 1986 940 2014 quocun-

217 2026 277 2052 Ιοοο
286 2025 445 2056 dormieris,
456 2024 479 2052 si
490 2024 620 2059 possibile
633 2029 686 2056 est,
696 2025 789 2051 nullus
802 2029 827 2051 te
836 2024 937 2052 videat.

204 2071 285 2098 ritum
311 2079 403 2098 coram
426 2071 519 2105 aliquo
531 2079 585 2097 non
607 2071 740 2106 projicias
755 2079 761 2096 :
776 2070 798 2097 si
815 2071 939 2097 evenerit

196 2127 202 2143 ι
218 2116 302 2144 tussis
316 2116 424 2143 sedenti
440 2116 474 2143 ad
492 2123 630 2149 mensam,
652 2121 728 2143 verte
749 2115 847 2143 faciem
865 2121 939 2143 tuam

186 2170 238 2195 tro,
250 2166 278 2190 ct
292 2162 372 2190 tussi.

993 1573 1190 1601 collocutorem
1217 1575 1245 1596 et
1273 1571 1430 1595 consortem
1457 1565 1600 1592 timentem
1626 1563 1724 1593 Deum,
1755 1564 1783 1587 et

993 1622 1080 1646 semet
1107 1618 1198 1652 ipsum
1229 1614 1429 1642 custodientem
1452 1621 1459 1638 :
1487 1617 1636 1646 pauperem
1669 1607 1781 1644 quidem

993 1651 1170 1691 exsistentem
1194 1661 1221 1688 in
1241 1658 1422 1687 tabernaculo
1447 1664 1514 1688 suo,
1532 1654 1646 1682 divitem
1663 1659 1730 1680 vero
1753 1651 1782 1678 in

993 1708 1155 1737 ministeriis
1163 1707 1223 1735 Dei.
1235 1706 1275 1733 Ab
1287 1704 1418 1732 omnibus
1428 1701 1567 1730 absconde
1578 1698 1711 1735 mysteria
1724 1703 1781 1728 tua,

992 1759 1020 1782 et
1032 1759 1093 1781 tuas
1106 1751 1282 1787 operationcs
1301 1756 1390 1776 serva.
1409 1747 1448 1774 Ne
1463 1746 1560 1773 sedeas
1577 1751 1670 1770 coram
1688 1741 1783 1777 aliquo

993 1800 1052 1827 sine
1067 1798 1163 1826 habitu
1179 1802 1237 1829 tuo,
1253 1799 1351 1830 praeter
1366 1793 1569 1821 necessitatem.
1587 1789 1656 1816 Cum
1676 1787 1783 1814 sobrie—

994 1851 1048 1873 tate
1068 1844 1102 1872 ad
1124 1841 1279 1870 necessaria
1296 1845 1341 1868 tua
1355 1838 1487 1874 egredere
1505 1836 1577 1864 sicut
1591 1833 1783 1862 verecundans

993 1891 1168 1919 custodiente
1183 1894 1209 1916 te
1226 1888 1333 1922 angelo,
1347 1891 1374 1912 et
1389 1885 1516 1912 timorem
1536 1882 1584 1909 Dei
1601 1879 1711 1915 perﬁce.
1727 1878 1784 1905 Me-

992 1937 1046 1964 lius
1056 1940 1099 1963 est
1112 1934 1163 1962 tibi
1181 1933 1326 1961 comedere
1340 1937 1477 1958 venenum
1502 1927 1685 1957 mortiferum,
1698 1932 1781 1959 quam

993 1990 1055 2010 cum
1071 1981 1187 2008 muliere
1198 1978 1355 2009 comedere,
1375 1975 1501 2011 quamvis
1520 1973 1554 2001 sit
1572 1976 1660 1999 mater
1676 1975 1723 1997 tua
1738 1969 1783 1996 vel

994 2036 1072 2056 soror
1088 2031 1144 2054 tua.
1162 2025 1260 2053 Melius
1279 2028 1321 2051 est
1343 2022 1469 2049 habitare
1487 2027 1549 2047 cum
1566 2019 1686 2046 dracone
1700 2024 1783 2051 quam

994 2074 1115 2101 dormire
1136 2079 1199 2100 cum
1213 2071 1318 2105 aliquo,
1333 2074 1361 2096 et
1375 2067 1511 2103 cooperiri
1525 2073 1586 2092 cmn
1598 2072 1642 2095 co,
1657 2062 1784 2098 quamvis

994 2121 1030 2148 sit
1052 2120 1100 2147 tibi
1125 2119 1209 2146 frater
1224 2115 1375 2145 secundum
1396 2121 1518 2142 carnem.
1546 2111 1574 2138 Si
1597 2110 1698 2138 dixerit
1720 2108 1781 2139 tibi,

994 2167 1056 2202 quis
1077 2166 1165 2201 major
1191 2170 1228 2195 te,
1255 2163 1304 2190 tibi
1323 2159 1475 2188 ambulanti
1500 2159 1528 2186 in
1553 2158 1651 2184 itinere
1672 2164 1678 2182 :
1699 2155 1781 2186 Veni,

186 2208 255 2236 Cum
271 2208 420 2236 sobrietate
437 2209 551 2236 comede
567 2213 595 2236 ct
610 2208 685 2241 bibe,
697 2208 768 2236 sicut
780 2208 940 2236 deccttilios

993 2213 1141 2249 psallamus
1158 2220 1165 2238 :
1181 2210 1235 2237 noli
1258 2217 1317 2236 esse
1339 2206 1501 2234 inobediens
1515 2204 1551 2231 ei.
1573 2203 1601 2230 Si
1614 2206 1705 2229 autem
1726 2208 1781 2226 non

185 2255 210 2282 -i.
232 2255 273 2282 Ne
287 2255 420 2282 extendas
434 2263 546 2282 manum
565 2259 639 2282 tuam
659 2259 690 2282 ut
705 2255 825 2290 accipias
841 2263 856 2282 a
871 2263 938 2282 con-

184 2305 247 2328 ectu
267 2301 303 2329 ita
320 2308 411 2328 coram
430 2301 532 2335 aliquo,
551 2301 618 2335 quid
639 2301 755 2336 proximi
775 2301 814 2327 tui
829 2301 939 2328 invere-

182 2346 242 2374 inde
255 2346 299 2374 vel
315 2350 545 2381 prmsumptuosc.
570 2346 598 2374 Si
615 2351 706 2374 autem
729 2347 833 2374 sederit
848 2351 938 2374 tecum

178 2397 310 2424 :trancus,
327 2391 445 2419 admone
460 2400 522 2419 cum
545 2392 630 2419 semel
644 2396 672 2419 et
685 2392 728 2419 bis
751 2397 779 2419 ut
794 2393 937 2426 comedat;

175 2458 178 2464 .
191 2438 318 2465 ordinate
333 2446 421 2473 ponas
438 2442 464 2465 te
478 2438 512 2465 ad
527 2445 660 2471 mensam,
683 2446 739 2465 non
762 2439 938 2473 turbulente;

173 2493 174 2496 η
202 2489 300 2515 ornate
317 2485 415 2512 sedeas
439 2489 467 2512 et
489 2485 616 2517 honeste,
638 2493 693 2512 non
713 2485 857 2513 demulans
873 2486 940 2520 quid

151 2539 154 2541 ·
185 2530 338 2558 ἸΥΙῙΠὊΙἸΙΙΠ
361 2535 483 2559 tuorum.
506 2531 574 2559 Cum
592 2531 707 2561 oscilas.
723 2531 800 2566 operi
815 2540 846 2559 os
863 2536 939 2559 tuum

200 2577 339 2609 videaris;
357 2577 459 2604 retines
475 2577 548 2604 enim
564 2577 748 2612 aspirationcs
764 2577 902 2605 transiens
917 2578 939 2605 si

189 2627 237 2649 tes.
264 2623 292 2650 Si
319 2623 468 2650 intraveris
488 2624 664 2659 prmccptoris
691 2625 729 2651 tui
757 2625 868 2656 cellam,
892 2630 940 2652 aut

189 2668 231 2695 iici
249 2672 296 2695 alit
321 2668 460 2702 diseipuli,
477 2677 542 2696 eave
559 2678 592 2696 nc
608 2670 701 2697 videas
716 2670 819 2704 aliquid
843 2670 889 2696 ibi.
910 2670 937 2697 Si

183 2722 206 2740 ιιι
220 2722 285 2741 vero
303 2713 388 2740 fueris
401 2719 524 2746 coaetus,
544 2715 596 2742 hoc
616 2723 670 2742 non
687 2715 781 2742 facias.
796 2715 864 2748 Quia
891 2715 937 2750 qui

172 2770 179 2786 ι
200 2760 243 2786 nis
266 2760 393 2787 assiduus
409 2765 461 2793 est,
480 2761 584 2788 alienus
600 2766 641 2788 est
664 2761 806 2789 mouastici
829 2761 938 2788 habitus

193 2852 249 2886 (55)
281 2852 371 2879 Vinum
392 2858 507 2888 prujvlrr.
541 2852 631 2883 Forte,
664 2853 750 2880 rinion
784 2852 835 2880 nisi
857 2857 971 2887 propter.

993 2247 1103 2289 dixerit,
1119 2258 1211 2291 lingua
1231 2255 1342 2290 quidem
1361 2258 1430 2284 tace,
1444 2251 1527 2278 corde
1539 2257 1606 2277 vero
1622 2249 1707 2275 Deum
1725 2247 1783 2281 glo—

994 2306 1080 2332 riliea.
1104 2303 1162 2330 Non
1183 2302 1296 2329 resistas
1319 2299 1402 2326 alicui
1420 2306 1470 2333 pro
1488 2297 1592 2331 aliquo,
1611 2302 1662 2321 nec
1678 2297 1781 2324 certes,

994 2359 1044 2378 nec
1065 2348 1218 2379 mentiaris,
1240 2354 1291 2374 nec
1306 2345 1382 2380 jure:
1403 2352 1453 2379 per
1467 2350 1568 2370 nomen
1591 2340 1649 2368 Dci.
1664 2338 1782 2372 Despice

992 2397 1120 2431 teipsum.
1137 2399 1166 2421 ct
1189 2394 1257 2420 alios
1279 2400 1333 2419 non
1349 2390 1493 2425 despicias.
1509 2388 1641 2423 lnjuriam
1662 2385 1779 2415 sustine,

991 2448 1019 2470 et
1032 2430 1084 2468 alii
1104 2440 1233 2476 injuriam
1249 2447 1303 2465 non
1325 2444 1432 2471 eroges.
1449 2435 1546 2462 Melius
1566 2437 1606 2460 est
1626 2430 1780 2465 corporalia

992 2487 1130 2521 corrumpi
1155 2494 1216 2513 cum
1244 2491 1377 2519 corpore.
1404 2489 1485 2517 quam
1515 2478 1692 2506 damnificarc
1713 2477 1779 2511 quid

992 2533 1099 2560 animm.
1122 2532 1151 2558 In
1171 2530 1275 2566 judicio
1295 2537 1357 2556 cum
1381 2528 1474 2562 aliquo
1496 2534 1551 2553 non
1571 2526 1710 2555 introeas,
1731 2523 1780 2550 scd

993 2579 1098 2606 sustine
1118 2577 1318 2604 condemnatus
1337 2575 1379 2602 vel
1395 2572 1613 2602 condemnabilis
1633 2570 1778 2597 exsistcns.
1806 2587 1810 2591 .

992 2625 1031 2652 Ne
1050 2624 1148 2658 diligas
1161 2623 1258 2650 aninuc
1279 2626 1331 2648 tum
1352 2620 1417 2655 quid
1432 2620 1572 2650 saecularc,
1587 2618 1634 2646 scd
1652 2615 1782 2644 subditus

992 2674 1051 2697 esto
1076 2669 1193 2695 ducibus
1220 2672 1249 2694 et
1276 2667 1468 2702 print-imbus,
1492 2670 1520 2692 et
1546 2673 1560 2691 a
1585 2662 1781 2698 conjunctione

993 2717 1113 2751 ipsorum
1135 2720 1159 2742 te
1182 2714 1270 2749 ipsum
1290 2713 1418 2740 abstine:
1438 2712 1495 2747 ipsa
1511 2718 1629 2745 namque
1646 2709 1780 2742 illaquea-

994 2762 1031 2788 tiu
1047 2765 1085 2788 est
1102 2760 1252 2795 illaqueans
1275 2759 1486 2794 uegligentiorcs
1502 2758 1526 2784 iu
1541 2756 1734 2792 μιϊιίἰιιυιιῡιι).
1757 2753 1781 2781 0
