1971 3091
146 150 200 182 885

784 160 832 190 DE
852 161 1180 193 COGITATIONIBUS.

1733 163 1787 194 896

147 203 255 251 gulose,
269 205 317 240 qui
331 207 469 241 propriam
491 209 594 243 qumris
605 217 702 238 curare
722 213 824 247 gulam,
843 214 942 242 melius
957 219 978 247 Α
994 216 1062 244 tium
1074 225 1108 244 ne
1121 222 1254 248 transeas,
1268 221 1296 243 ut
1311 224 1364 243 non
1378 216 1524 251 impleatur
1535 224 1582 244 eor
1595 221 1671 243 tuum
1683 217 1789 249 furore,

146 255 190 277 est
205 250 254 278 tibi
277 251 388 279 mittere
413 253 441 279 in
464 258 587 281 ventrem
612 259 688 283 tuum
704 257 838 287 carbones
861 260 942 295 ignis,

146 304 229 330 quam
245 296 398 325 frixaturas
410 298 526 327 divitum
542 305 571 327 et
587 301 753 337 principum.
768 304 944 339 Superfunde

149 342 199 369 tibi
218 349 328 378 semper
339 351 421 371 omne
436 345 527 372 oleum
550 347 759 381 misericordiae,
773 355 800 377 et
819 355 880 379 esto
895 352 944 379 ob-

148 396 262 416 servans
278 393 304 416 te
324 390 359 416 ab
384 390 525 418 omnibus.
548 393 570 419 A
596 393 773 429 multiloquio
798 399 824 422 te
850 396 941 431 ipsum

146 434 257 462 custodi
276 444 283 462 :
302 435 369 462 illud
387 436 460 463 enim
483 438 634 474 exstinguit
650 440 686 473 ,ιιι
703 441 788 469 corde
806 442 943 470 motiones

150 481 350 509 intellectuales
375 490 390 509 a
420 482 476 510 Deo
501 483 680 518 pullulantes.
702 487 776 522 Fuge
804 487 943 515 dominari

149 534 212 554 cum
229 527 350 562 praelatis
366 527 508 560 Ecclesiat,
526 536 559 556 ac
576 537 638 557 cum
655 531 727 565 aliis,
743 532 815 560 sicut
830 540 845 560 ιι
862 533 942 560 leone

151 573 259 600 audaci.
276 573 310 600 Et
325 573 352 605 in
363 573 463 608 plateis
476 574 675 604 iracundorum
689 583 737 605 aut
752 586 943 615 compugnan-

159 672 320 683 -———

324 675 440 683 _—_

994 267 1022 290 et
1042 263 1124 290 detur
1139 263 1238 290 anima:
1252 267 1304 290 tum
1318 263 1422 289 erroris
1435 262 1602 289 obscuritas.
1620 262 1658 288 Ne
1679 261 1789 288 habites

994 315 1056 334 cum
1071 308 1190 342 superbo
1205 327 1212 338 .
1231 312 1260 334 ut
1277 307 1350 334 enim
1368 307 1456 335 sancti
1472 311 1565 334 sancta
1590 307 1715 342 operatio
1737 315 1788 334 au-

994 353 1100 381 feratur
1123 354 1157 381 ab
1184 354 1274 381 anima
1301 357 1363 387 tua,
1389 358 1417 381 et
1439 353 1574 380 eﬂiciatur
1598 353 1787 380 habitaculum

997 397 1120 423 omnium
1139 396 1278 424 vitiorum.
1297 396 1351 426 llas
1371 397 1558 432 depositiones
1576 397 1599 425 si
1623 397 1790 425 servaveris.

996 449 1013 469 ο
1031 442 1124 474 homo,
1139 443 1344 470 cteustodieris
1357 448 1382 470 te
1399 443 1489 478 ipsum
1503 443 1530 470 in
1546 444 1726 470 medilationc
1740 443 1788 470 Dei

996 487 1024 514 in
1038 487 1173 520 veritate,
1186 487 1292 516 videbit
1312 487 1404 515 anima
1417 493 1462 515 tua
1476 488 1503 516 in
1521 493 1608 516 semet
1621 488 1678 523 ipsa
1693 489 1788 516 lumen

995 537 1023 560 et
1039 532 1066 560 in
1084 533 1215 560 satculum
1231 541 1286 560 non
1305 533 1478 561 tenebrescct
1492 543 1497 560 :
1513 533 1565 568 ipsi
1583 534 1671 561 honor
1687 538 1714 561 et
1728 534 1787 569 glo-

997 579 1037 606 ria
1053 579 1079 606 in
1099 579 1208 607 saecula.
1224 579 1322 607 Amen.

713 754 878 798 ΙΣΑΛΚ
905 756 1019 799 ΤΟΥ
1048 755 1228 799 ΣΥΡΟΥ

609 853 807 918 ΠΕΡΙ
862 850 1331 921 ΛΟΓΙΣΜΩΝ.

788 1048 976 1095 ISAACI
1022 1049 1158 1095 SYRI

554 1155 651 1217 DE
703 1155 1406 1224 COGITATIONIBUS.

720 1275 811 1311 (Pera.
828 1276 934 1306 Possm.
951 1277 1079 1307 Thesaur.
1097 1288 1152 1307 asc.
1168 1277 1242 1312 508.)

200 1438 230 1465 Ἡ
243 1438 349 1473 κίνησις
361 1439 417 1467 τῶν
427 1440 566 1475 λογισμῶν
578 1440 630 1467 ὑπὸ
641 1442 783 1477 τεσσάρων
795 1442 891 1470 αἰτιῶν
902 1442 946 1477 γί-

1031 1444 1114 1472 Motio
1130 1444 1331 1480 cogitationum
1350 1448 1366 1470 e
1382 1446 1504 1477 quatuor
1527 1440 1619 1468 causis
1634 1440 1725 1467 oritur
1743 1439 1795 1467 ho-

159 1493 232 1512 vzrat
257 1485 296 1520 τῷ
321 1485 469 1522 ἀνθρώπῳ.
504 1487 616 1522 Πρῶτον
641 1487 690 1522 μὲν
717 1489 749 1516 ὲκ
771 1489 818 1516 τοῦ
835 1489 952 1524 φυσικοῦ

160 1529 313 1565 θελήματος
330 1532 379 1567 τῆς
395 1531 510 1568 σαρκός.
529 1532 671 1568 Δεύτερον,
691 1534 721 1560 ὲκ
737 1535 786 1570 τῆς
801 1535 952 1569 φαντασίας

159 1576 212 1602 τῶν
235 1577 388 1611 αἰσθήσεων
412 1578 467 1604 τῶν
489 1578 536 1605 τοῦ
556 1579 660 1614 κόσμου
683 1581 856 1616 πραγμάτων
879 1582 952 1616 ἆπερ

159 1620 251 1650 ἀκούει
276 1623 323 1648 καὶ
345 1621 450 1657 βλέπει.
479 1623 592 1659 Τρίτον,
612 1625 644 1651 ἐκ
659 1625 713 1652 τῶν
727 1626 889 1661 προλήψεων
906 1626 953 1653 καὶ

159 1668 208 1701 τῆς
230 1667 355 1703 κλήσεως
380 1668 431 1702 τῆς
452 1669 543 1704 ψυχῆς
567 1666 605 1697 ὧν
624 1669 682 1705 ἔχει
703 1671 775 1698 κατὰ
793 1672 874 1699 νοῦν·
906 1672 952 1698 τέ-

159 1721 258 1747 ταρτον
270 1733 277 1745 ,
301 1714 333 1740 ἐκ
348 1714 404 1741 τῶν
420 1715 580 1750 προσϐολῶν
592 1715 647 1743 τῶν
658 1716 792 1752 δαιμόνων
804 1717 953 1754 πολεμούν-

160 1767 214 1786 των
228 1759 303 1793 ἡμᾶς
321 1760 360 1792 εἰς
376 1760 467 1787 πάντα
482 1761 518 1787 τὰ
532 1762 607 1795 πάθη
623 1762 668 1789 διὰ
684 1763 739 1789 τῶν
754 1764 896 1796 τεσσάρων
911 1764 953 1790 αἰ-

162 1804 226 1832 τιῶν
248 1801 286 1831 ὧν
304 1805 474 1841 προείπομεν
484 1813 491 1821 ·
520 1807 568 1833 ἐπὶ
581 1808 663 1835 τοῦτο
674 1829 681 1841 ,
707 1809 760 1841 ἕως
773 1809 821 1836 τοῦ
836 1809 952 1836 θανάτου

164 1849 194 1878 ob
215 1849 329 1877 δύναται
351 1850 496 1886 ἄνθρωπος
524 1853 562 1888 μὴ
579 1852 652 1888 ἔχειν
669 1853 818 1889 λογισμοὺς
840 1856 887 1882 καὶ
903 1855 953 1881 πό-

161 1896 242 1930 λεμον
255 1905 262 1910 ·
292 1897 354 1923 ὅσον
380 1897 456 1924 ἐστὶν
479 1899 509 1925 ὲν
527 1901 562 1935 τῇ
581 1900 638 1935 ζωῇ
658 1900 709 1935 τῆς
724 1901 825 1936 σαρκὸς
839 1902 952 1936 ταύτης.

163 1941 193 1967 Et
215 1941 268 1976 γὰρ
297 1941 351 1977 πρὸ
375 1943 541 1978 ἀπαλλαγῆς
567 1944 616 1971 τοῦ
639 1944 744 1980 κόσμου
769 1944 817 1972 καὶ
837 1944 953 1972 θανάτου

161 1987 297 2021 ἐνδέχεται
306 1987 498 2024 ἀπαλλαγῆναι
507 1989 571 2024 μίαν
581 1989 636 2016 τῶν
644 1989 786 2024 τεσσάρων
792 1989 886 2017 αἰτιῶν
892 1989 954 2016 τού-

165 2041 229 2064 των,
245 2033 339 2067 κρίνον
355 2033 399 2061 σύ.
425 2034 457 2060 Εἰ
470 2034 500 2061 δὲ
514 2035 615 2062 ἄτοπόν
631 2036 704 2062 ἐστιν
721 2034 846 2070 ἐννοῆσαι
859 2043 885 2062 τι
901 2035 953 2062 τῶν

163 2078 304 2105 τιμιούτωνσ
320 2079 415 2115 ἐπειδὴ
427 2080 538 2116 mssa;
549 2081 608 2108 ἐστι
619 2081 722 2108 τούτων
734 2082 751 2116 ἡ
764 2081 846 2116 φύσις
856 2081 937 2117 ἡμῶν
945 2089 951 2096 ·

165 2123 255 2150 λοιπὸν
279 2125 314 2151 τὰ
335 2125 409 2160 πάθη
427 2125 566 2152 κινοῦνται
589 2127 618 2152 ὲν
634 2126 716 2153 παντὶΙ
731 2126 950 2162 σωμαφοροῦντι,

164 2170 286 2201 θελοντι,
314 2172 361 2197 καὶ
384 2172 529 2206 ἡγουμένῳ
543 2179 550 2186 ·
580 2171 627 2198 καὶ
647 2171 692 2198 διὰ
710 2171 789 2198 τοῦτο
806 2173 956 2206 ἀναγκαῖον

165 2216 428 2250 παραφυλάττεσθαι
444 2217 533 2243 πάντα
547 2217 690 2252 ἄνθρωπον
714 2218 762 2252 οὑχ
775 2218 805 2244 ἓν
818 2218 889 2251 λέγω
902 2218 955 2244 πά-

166 2262 226 2294 θος,
252 2262 312 2289 οὐδὲ
330 2262 400 2289 δύο·
429 2263 496 2290 ἀλλὰ
522 2263 647 2296 πλείονα,
669 2263 707 2294 ὡς
727 2263 953 2298 σωμαφοροῦντα.

166 2308 196 2334 0t
212 2308 266 2343 γὰρ
283 2309 445 2344 νικήσαντες
460 2309 495 2336 τὰ
507 2309 582 2344 πάθη
597 2309 640 2336 διὰ
656 2309 712 2337 τῶν
725 2309 832 2345 ἀρετῶν
842 2331 849 2342 ,
867 2311 892 2336 εἰ
908 2311 956 2337 καὶ

165 2353 337 2388 ἐνοχλοῦνται
355 2355 408 2381 ὑπὸ
422 2355 477 2382 τῶν
492 2355 646 2390 λογισμῶν,
664 2355 711 2382 καὶ
727 2356 887 2391 προσϐολῶν
901 2357 956 2383 τῶν

165 2399 306 2435 τεσσάρων
327 2400 439 2431 αἰτιῶν,
465 2401 524 2428 ἀλλ’
540 2401 588 2436 οὐχ
612 2401 762 2436 ἡττῶνταιο
789 2401 848 2429 ἀλλ’
864 2402 955 2437 ἔχουσι

164 2445 306 2480 δυνάμεις,
334 2447 379 2473 καὶ
394 2447 549 2481 ἀρπάζεται
565 2448 580 2474 ὁ
594 2446 658 2479 νοῦς
671 2448 761 2475 αὐτῶν
776 2449 816 2480 εις
826 2448 955 2484 δυνάμεις

166 2491 272 2523 ἀγαθὰς
297 2492 345 2518 καὶ
369 2491 446 2524 θείας
469 2493 515 2519 τοῦ
538 2493 773 2528 ἐπισκεπτομένου
798 2494 846 2529 τὴν
867 2494 955 2530 ψυχὴν

166 2537 249 2562 αὒτοῦ
265 2536 294 2563 ὲν
309 2538 384 2573 πάσῃ
397 2537 468 2573 ὥρᾳ,
486 2538 663 2573 εὐφραίνεται
679 2539 696 2574 ὴ
710 2538 783 2574 ψυχὴ
798 2540 847 2566 καὶ
859 2541 958 2575 καρδία

168 2584 199 2609 ἐν
215 2582 276 2612 ταῖς
295 2582 501 2617 ἀποκαλύψεσι,
528 2583 576 2609 καὶ
599 2584 613 2609 ὁ
634 2584 759 2617 συνάγων
776 2584 826 2619 τὴν
841 2584 957 2620 θεωρίαν

167 2627 249 2653 alito-3
264 2627 366 2654 ἔσωθεν
383 2629 412 2654 ὲν
426 2629 517 2664 ἐαυτῷ
533 2629 632 2664 θεωρεῖ
646 2629 696 2664 τὴν
711 2630 799 2664 αὐγὴν
812 2630 859 2656 τοῦ
873 2630 957 2657 Πνεύ-

171 2681 254 2707 ματος
280 2674 342 2708 ἥτις
366 2675 528 2708 ὲῦδελύξατο
554 2676 760 2710 μετεωρισμῦν.
791 2676 889 2711 θεωρεῖ
912 2678 957 2702 τὸν

172 2719 307 2754 Δεσπότην
327 2720 410 2747 αὑτοῦ
435 2721 536 2748 ἔσωθεν
556 2722 606 2756 τῆς
626 2721 708 2748 αὑτοῦ
728 2723 852 2757 καρδίας.
871 2724 900 2749 '0
915 2723 958 2749 θέ-

170 2766 224 2792 λων
248 2766 310 2792 ἰδεῖν
335 2767 380 2793 τὸν
402 2767 504 2803 Κύριον
530 2768 684 2803 μηχανᾶται
705 2768 852 2803 καθαρίσαι
874 2769 957 2795 αὐτοῦ

171 2810 219 2846 τὴν
232 2812 347 2846 καρδίαν
362 2813 390 2838 ὲν
405 2814 571 2848 ἀδιαλείπτῳ
588 2813 682 2848 μνήμῃ
695 2813 762 2840 Θεοῦ
775 2822 780 2828 ·
810 2815 855 2840 καὶ
871 2814 956 2846 οὕτως

172 2857 201 2883 ἐν
221 2858 254 2892 τῇ
275 2857 450 2894 λαμπρότητι
471 2860 518 2895 τῆς
534 2860 652 2892 διανοίας
665 2860 747 2886 αὑτοῦ
765 2862 792 2887 ὲν
811 2860 882 2895 πάτῃ
898 2860 957 2896 ὥρᾳ

1003 1491 1081 1518 mini.
1094 1491 1216 1519 Primum
1229 1489 1343 1526 quidem
1357 1497 1372 1517 e
1388 1488 1508 1516 naturali
1521 1487 1663 1515 voluntate
1680 1486 1792 1515 carnis:

1002 1537 1103 1565 deinde
1118 1546 1151 1565 ex
1172 1536 1367 1572 imaginatione
1385 1542 1436 1570 per
1458 1534 1675 1567 sensusingesta
1697 1538 1792 1559 rerum

1002 1583 1097 1610 mtmdi
1109 1591 1178 1618 quas
1201 1582 1279 1610 audit
1300 1585 1328 1609 ei.
1343 1584 1450 1616 spectat
1464 1588 1471 1612 ;
1491 1579 1574 1607 tertio
1586 1586 1619 1606 ex
1636 1577 1794 1612 anticipatis

1002 1629 1192 1664 opinionibus.
1216 1633 1246 1656 et
1261 1636 1295 1656 ex
1314 1626 1458 1654 vocatione
1484 1625 1592 1657 animte,
1619 1631 1689 1658 quas
1711 1622 1794 1649 habet

1003 1682 1058 1709 pne
1071 1680 1163 1702 mente
1174 1683 1182 1707 ;
1194 1678 1294 1709 quarto
1311 1681 1345 1701 ex
1361 1672 1514 1700 insultibus
1526 1671 1683 1698 dminonum
1701 1669 1793 1703 impu-

1003 1721 1146 1756 gnantium
1172 1728 1237 1752 nos,
1268 1725 1297 1747 et
1318 1719 1409 1746 valide
1433 1717 1634 1753 impellentium
1662 1716 1690 1743 iu
1706 1715 1792 1745 vitia.

1003 1765 1197 1799 utentiumque
1215 1765 1249 1791 ad
1270 1765 1323 1791 hoc
1336 1763 1446 1791 cunctis
1468 1762 1670 1797 cogitationum
1687 1759 1795 1794 specie-

1003 1808 1056 1837 bus
1071 1817 1086 1836 e
1097 1809 1288 1844 quadruplici,
1307 1808 1382 1842 quod
1400 1807 1580 1842 exposuimus
1590 1826 1597 1838 ,
1615 1812 1717 1840 genere
1732 1811 1795 1839 pro-

1003 1855 1104 1891 gnatis.
1119 1855 1236 1889 Propter
1247 1854 1300 1881 hoc
1312 1854 1372 1881 ﬁeri
1383 1861 1437 1880 non
1450 1856 1551 1888 potest,
1564 1855 1595 1878 ut
1606 1851 1690 1878 homo
1702 1854 1793 1881 natus,

1003 1899 1094 1935 quoad
1121 1899 1266 1931 moriatur,
1291 1906 1387 1933 pacem
1412 1897 1513 1924 habeat
1539 1904 1554 1923 a
1573 1896 1647 1923 bello
1663 1894 1717 1930 ipsi
1746 1902 1795 1929 per

1004 1946 1186 1981 cogitationes
1201 1945 1277 1971 illato
1289 1963 1297 1976 ,
1316 1947 1509 1978 perpetuoque
1537 1940 1686 1968 inferendo
1702 1940 1795 1968 donec

1005 1989 1031 2016 in
1048 1989 1100 2016 hac
1116 1996 1199 2015 carne
1214 1988 1299 2015 vivet.
1322 1987 1361 2014 An
1380 1987 1454 2014 enim
1478 1990 1542 2013 ante
1564 1986 1632 2013 hinc
1655 1985 1794 2020 migratio-

1005 2042 1066 2062 nem
1082 2039 1110 2061 et
1129 2039 1244 2061 mortem
1265 2033 1322 2061 ﬁeri
1338 2033 1426 2068 possit
1442 2037 1471 2059 ut
1495 2032 1642 2067 quisquam
1674 2031 1795 2066 perfecte

1004 2081 1290 2115 li-bercturaquatuor
1304 2078 1477 2107 enumeratis
1491 2078 1688 2114 cogitationum
1702 2081 1795 2104 scatu-

1006 2127 1141 2163 riginibus
1154 2147 1160 2159 ,
1189 2132 1217 2154 tu
1237 2126 1343 2162 judiea.
1358 2125 1386 2153 Si
1406 2130 1499 2153 autem
1518 2131 1599 2152 nemo
1611 2124 1735 2160 prudens
1751 2123 1795 2150 in-

1006 2174 1108 2201 ducere
1122 2173 1149 2200 in
1165 2173 1289 2200 animum
1307 2172 1334 2199 id
1357 2176 1457 2207 queat,
1478 2171 1576 2206 utique
1602 2178 1664 2198 cum
1685 2170 1794 2201 videat,

1005 2227 1086 2254 egere
1101 2219 1216 2246 omnino
1230 2224 1356 2245 naturam
1370 2222 1494 2244 nostram
1508 2222 1538 2244 ut
1552 2217 1646 2248 duret,
1661 2216 1706 2243 his
1715 2214 1793 2250 quasi
1816 2235 1821 2241 .

1007 2269 1125 2300 quatuor
1145 2264 1312 2296 elementis,
1339 2271 1457 2298 esseque
1484 2270 1600 2297 prorsus
1624 2269 1739 2289 necesse
1765 2265 1795 2288 ul.

1007 2311 1231 2346 perturbationes
1248 2318 1281 2337 ex
1298 2309 1331 2337 iis
1343 2309 1480 2337 oriundus
1498 2309 1620 2344 patiatur
1634 2308 1795 2343 quicunque

1008 2365 1109 2391 corpus
1123 2356 1272 2383 humanum
1285 2355 1504 2391 gestat,arbitrii
1517 2363 1633 2390 compos
1654 2358 1681 2381 et
1694 2354 1794 2389 puber;

1007 2406 1122 2437 propter
1138 2402 1190 2429 hoc
1207 2406 1250 2428 est
1264 2401 1452 2429 necessarium
1470 2401 1617 2436 invigilare
1632 2400 1735 2429 acriter
1752 2399 1794 2426 sui

1008 2447 1140 2474 eustodi:e
1156 2455 1383 2482 unumquemque
1400 2447 1554 2478 hominem,
1577 2451 1606 2473 ut
1629 2454 1659 2473 se
1681 2454 1796 2481 praeser—

1008 2498 1065 2525 vet,
1076 2502 1132 2520 non
1147 2493 1209 2520 dico
1227 2493 1262 2520 ab
1273 2501 1328 2520 uno
1345 2496 1393 2519 aut
1412 2500 1426 2519 a
1442 2492 1562 2525 duobus,
1579 2491 1628 2520 sed
1642 2499 1656 2518 a
1669 2491 1796 2526 pluribus
1828 2490 1829 2497 ¹

1007 2538 1083 2566 vitiis
1097 2538 1200 2573 quibus
1222 2546 1257 2565 eo
1285 2538 1345 2572 ipso
1366 2542 1412 2565 est
1425 2537 1562 2565 obnoxius
1575 2558 1583 2569 ,
1601 2537 1675 2572 quod
1692 2545 1796 2572 corpus

1009 2585 1121 2612 habeat.
1138 2584 1190 2617 Qui
1203 2584 1355 2611 enimvitia
1369 2592 1418 2618 per
1440 2585 1558 2611 virtutes
1574 2584 1641 2619 ipsis
1655 2584 1797 2619 oppositas
1840 2580 1843 2592 ³

1009 2632 1147 2663 vicerunt,
1161 2631 1212 2658 etsi
1232 2631 1387 2657 molestiam
1413 2631 1570 2666 patiuntur,
1590 2639 1605 2657 ιι
1621 2630 1797 2666 cogitationi-

1011 2678 1062 2704 bus
1077 2685 1145 2712 quas
1161 2682 1279 2712 quatuor
1299 2676 1411 2704 indicati
1427 2677 1517 2704 fontes
1533 2677 1703 2711 producunt,
1716 2681 1744 2704 et
1762 2676 1796 2703 ab

1009 2730 1055 2750 eas
1066 2722 1168 2749 secutis
1180 2722 1346 2756 impulsibus
1359 2722 1384 2749 in
1397 2722 1497 2749 malum
1510 2732 1516 2749 :
1530 2731 1584 2750 non
1606 2727 1697 2750 tamen
1715 2730 1798 2757 supc-

1011 2774 1118 2801 rantur,
1143 2767 1189 2794 sed
1211 2767 1305 2794 invicti
1322 2768 1482 2802 praevalent,
1497 2767 1608 2795 subnixi
1625 2768 1713 2802 copiis
1727 2767 1798 2794 invi-

986 2813 993 2821 ‘
1012 2814 1063 2841 ('tis
1079 2814 1174 2845 gratia:
1201 2813 1317 2845 (Νινίων,
1335 2822 1451 2849 quarunt
1477 2822 1528 2849 ope
1544 2813 1682 2848 abripitur
1699 2821 1796 2840 eorqu

1014 2867 1092 2887 mens
1109 2859 1135 2887 in
1154 2860 1281 2887 salubres
1304 2868 1403 2887 seu-us
1419 2861 1464 2887 [lci
1481 2860 1579 2887 anima:
1598 2860 1721 2892 ipsorum
1735 2857 1799 2885 iuu-
