1971 3091
227 125 311 175 ζείιδ

863 131 998 163 SANCTI
1016 130 1280 161 BARSANUPHII

1843 127 1901 161 896

260 193 324 218 dum
340 188 498 224 diabolum;
517 189 576 218 haec
592 197 607 217 a
623 188 683 217 luto
697 196 754 216 non
769 187 939 222 extrahunt,
959 188 1008 216 sed
1021 187 1051 215 in

1110 187 1236 224 Βορϐόρου
1255 187 1307 215 οὐκ
1330 186 1492 214 ἀνασπῶσιν
1504 208 1512 220 ,
1532 187 1591 214 ἀλλ’
1606 187 1646 219 εις
1661 186 1792 223 βόρϐορον
1809 192 1902 213 κατα-

263 239 347 262 ιιιιυηι
361 236 544 271 demergunt;
563 236 622 264 htec
632 239 697 264 sunt
710 235 815 263 zizania
829 243 891 270 quae
903 234 1051 262 seminavit

262 281 389 308 inimicus
407 281 434 308 in
448 289 514 315 agro
532 281 736 316 patrisfamilias
749 290 756 315 ;
773 281 816 309 b8
831 281 917 316 spinae.
929 280 1052 308 subortte

262 325 288 352 in
306 330 378 353 terra
396 334 410 353 a
430 327 547 354 Domino
565 327 622 355 Deo
637 327 786 355 maledicta
802 335 810 353 :
826 326 955 354 universa
971 334 1051 354 men-

262 371 382 404 dacium,
391 373 519 400 universa
530 373 662 407 tenebrae,
673 373 805 401 universa
819 380 910 405 error,
923 372 1052 400 universa

262 425 277 444 a
290 418 346 444 Deo
357 418 458 446 aliena.
472 420 544 456 Fuge
555 419 612 452 illa,
629 419 726 453 frater,
744 427 779 447 ne
795 419 912 447 verbum
929 419 1052 454 ipsorum

263 462 389 489 ﬁrmetur
402 463 430 490 in
449 464 533 491 corde
547 468 605 491 tuo.
621 464 684 492 Haec
700 465 836 500 laerymas
859 464 1051 498 exstinguunt,

263 508 321 536 haee
332 517 380 536 cor
388 515 538 542 excaecant,
549 511 578 538 in
591 518 697 538 summa
708 511 830 546 perdunt
844 510 971 538 homines
985 509 1053 545 ipsis

263 555 447 583 attendentes.
475 556 515 583 Ne
533 562 590 584 stes
615 557 643 584 in
671 557 743 590 illis,
760 565 795 584 ne
823 557 966 584 mediteris
995 563 1051 583 ea:

263 602 447 629 amaritudine
463 603 565 638 quippe
576 608 642 631 sunt
660 603 751 638 plena,
776 603 939 637 fructusque
959 602 1054 629 ferunt

263 647 297 673 ad
305 652 432 674 mortem.
448 648 527 675 Circa
543 649 701 675 futurorum
716 653 807 676 autem
819 648 1004 692 cognitionem
1018 656 1053 675 ne

263 694 410 721 erraveris.
434 694 462 721 Si
487 695 533 722 hic
548 695 748 728 seminaveris,
777 694 834 721 illic
862 700 960 722 metes.
988 695 1054 721 Post

265 738 417 772 profectum
432 739 498 767 hinc
510 748 593 767 nemo
610 739 744 775 prolicere
755 745 857 774 potest.
871 740 932 767 Non
946 739 1054 767 laborat

265 783 336 810 Deus
351 783 377 809 in
395 783 514 811 creando
535 784 655 811 animam
672 792 726 811 una
747 792 809 811 cum
829 791 957 819 corpore.
973 784 1054 812 Circa

264 829 390 856 etelestes
405 835 497 857 autem
515 830 638 862 ordines,
652 830 741 857 cuivis
754 829 860 857 homini
872 830 965 857 divina
981 830 1055 858 Scri-

265 879 345 909 ptura
365 883 396 902 os
415 876 529 903 obturat
549 876 592 904 his
615 876 708 904 verbis
725 885 731 903 :
747 877 821 904 Dixit
838 881 863 904 et
883 878 955 912 facta
979 881 1052 909 sunt,
1069 860 1092 890 Β

266 921 402 949 mandavit
418 927 443 949 et
457 927 547 949 creata
558 927 629 950 sunt.
646 922 744 950 Statuit
757 931 789 950 ea
804 924 831 950 in
847 928 974 950 (uernum
989 928 1013 950 et
1026 924 1055 951 in

265 967 392 995 circulum
409 969 500 996 δαναιίὶ
515 969 535 996 ⁸.
551 969 585 996 Et
602 977 663 1004 quae
674 970 747 997 Deus
759 969 913 1001 constituit,
927 978 984 997 non
995 977 1056 996 mu-

267 1016 370 1040 tantur.
381 1013 443 1040 Non
454 1019 497 1042 est
506 1014 580 1041 enim
590 1016 617 1042 in
629 1023 663 1042 eo
676 1016 804 1048 mutatio,
814 1015 968 1043 secundum
980 1015 1056 1043 Seri-

266 1063 386 1093 pturam.
403 1060 522 1088 Ubinam
544 1061 618 1088 enim
643 1062 771 1096 reperisti
788 1062 878 1097 angeli
900 1062 1056 1097 cujuspiam

266 1107 389 1134 studium
405 1107 632 1143 diligentiamque
656 1109 743 1144 ipsam
767 1108 801 1136 ad
828 1108 984 1144 profectum
1008 1108 1057 1136 de-

267 1152 397 1180 duxisse?
411 1153 518 1185 Frater,
539 1154 587 1181 ubi
610 1159 652 1182 est
667 1155 803 1189 operatio,
817 1155 874 1182 illic
886 1159 914 1182 et
929 1162 1054 1187 merces;

267 1198 315 1225 ubi
332 1204 485 1232 certamen,
499 1199 536 1227 ibi
551 1207 671 1228 coronae.
686 1200 794 1233 Frater,
809 1200 832 1228 si
847 1205 874 1228 te
888 1200 995 1228 salvum
1009 1208 1057 1227 ve-

267 1245 304 1272 lis
318 1265 325 1276 ,
352 1253 386 1272 ne
403 1250 429 1273 te
452 1245 479 1273 in
495 1254 539 1274 res
558 1246 719 1281 hujusmodi
741 1246 885 1281 coniicias.
909 1245 1056 1273 Testilicor

267 1290 317 1317 tibi
336 1289 362 1316 in
379 1295 528 1326 conspectu
545 1291 638 1319 Patris
651 1296 680 1318 et
694 1291 758 1318 Filii
771 1295 799 1319 et
813 1291 934 1326 Spiritus
955 1291 1055 1324 sancti,

268 1341 294 1363 te
310 1335 337 1362 in
354 1336 461 1364 foveam
489 1336 591 1364 diaboli
616 1337 749 1365 incidisse
770 1341 799 1364 et
822 1337 851 1364 in
868 1337 996 1364 ultimum
1011 1337 1057 1365 in-

267 1382 392 1410 teritum.
407 1383 532 1410 Abscede
547 1383 657 1410 tandem
673 1384 707 1411 ab
720 1383 764 1416 iis,
778 1387 806 1411 et
817 1384 930 1411 Patrum
940 1383 1055 1419 vestigia

267 1434 385 1456 sectare.
400 1429 536 1465 Compara
551 1431 600 1458 tibi
618 1431 802 1458 humilitatem
815 1435 844 1459 et
857 1431 1055 1464 obedientiam,

267 1474 414 1509 laerymas.
433 1476 670 1508 exercitationem,
688 1481 889 1511 paupertatem,
911 1477 1057 1504 sententia:

268 1521 387 1554 proprie
401 1521 609 1556 abnegalionem
623 1543 629 1556 ,
645 1526 674 1550 et
687 1522 709 1550 si
729 1530 782 1557 qua
796 1527 861 1550 sunt
884 1523 1054 1558 bujusmodi,
1070 1540 1092 1570 ο

268 1570 300 1593 ιιι
328 1571 355 1593 et
377 1567 403 1593 in
423 1567 505 1594 dictis
522 1573 549 1594 et
570 1568 597 1595 in
619 1569 675 1596 vita
690 1576 788 1596 eorum
821 1569 936 1603 reperis.
963 1569 1056 1596 Facito

268 1616 360 1638 antrm
377 1613 482 1640 l‘ructus
498 1613 597 1648 dignos
615 1614 804 1649 poenitentiae;
821 1622 911 1649 neque
931 1615 1058 1642 attendas

270 1654 336 1681 mihi
353 1655 455 1683 dicenti
469 1657 592 1691 quidem,
608 1658 656 1685 sed
670 1666 726 1685 non
742 1658 863 1686 facienti.
879 1659 932 1686 Sed
945 1666 1058 1693 precare

271 1705 301 1727 nt
313 1709 362 1736 ego
377 1711 492 1738 quoque
502 1704 535 1731 ad
551 1705 678 1733 veritatis
693 1706 877 1741 cognitionem
889 1706 1057 1740 perveniam,

269 1748 303 1774 ad
324 1748 438 1783 gloriam
461 1755 582 1784 sanctae,
612 1751 856 1779 consubstantialis
880 1759 913 1779 ac
942 1752 1059 1780 viviﬁcae

271 1791 415 1822 Trinitatis
430 1795 456 1822 in
470 1797 569 1824 smcula
582 1798 757 1825 saeculorum.
771 1797 870 1825 Amen.
1050 1788 1056 1793 ’

577 1899 766 1935 Interrogatio.

307 1954 381 1981 Idem
400 1955 485 1982 frater
505 1956 580 1983 circa
595 1956 693 1984 eadetn
709 1963 803 1984 senem
823 1957 908 1984 alium
932 1957 1059 1985 abbatem

271 2000 404 2028 Joannem
422 2000 612 2036 interrogavit.

600 2058 752 2093 Responsio.

308 2114 370 2141 Πίος
387 2115 522 2150 sapientia
536 2123 590 2142 non
607 2123 640 2142 ex
656 2116 726 2142 ccelo
743 2119 795 2148 est,
821 2116 868 2143 sed
884 2124 917 2143 ex
937 2116 1061 2144 dtemone

274 2160 300 2193 in
315 2161 434 2187 animam
450 2161 589 2195 profecta;
606 2161 664 2188 haec
675 2161 799 2188 doctrina
812 2161 914 2188 diaboli
927 2165 985 2194 est;
1004 2161 1062 2189 haec

273 2214 322 2234 eos
334 2207 380 2241 qui
397 2206 447 2241 ipsi
462 2207 584 2233 animum
602 2207 745 2238 adhibent,
759 2207 787 2234 in
805 2207 971 2242 supplicium
981 2211 1063 2234 mter-

273 2260 339 2279 num
353 2252 477 2279 deducit.
494 2253 546 2285 Qui
568 2252 594 2279 in
617 2252 662 2279 illa
685 2257 812 2280 versatur
833 2257 862 2280 et
885 2253 1059 2285 immoratur,

274 2298 421 2325 hzereticns
431 2297 566 2328 edicitur;
582 2297 629 2332 qui
643 2298 701 2324 btec
712 2298 812 2330 credit,
822 2306 837 2324 a
852 2299 968 2325 veritate
981 2306 1062 2325 ever-

274 2352 321 2370 sus
333 2349 394 2376 est;
410 2344 457 2378 qui
476 2343 513 2370 illi
535 2344 705 2374 assentitur,
723 2345 832 2371 alienus
852 2348 895 2370 est
913 2352 927 2370 a
943 2344 986 2370 via
1001 2343 1060 2370 Dei.

273 2389 395 2423 (hierarii
409 2388 511 2415 Christi
528 2396 582 2414 non
599 2388 635 2415 ita
644 2397 672 2415 se
686 2389 787 2416 habent
802 2388 1061 2423 :discipuliChrisli

274 2437 332 2463 inec
343 2444 397 2463 non
409 2436 566 2463 docuerunt
576 2443 583 2468 ;
593 2435 640 2470 qui
650 2435 766 2463 verbum
775 2435 900 2462 veritatis
913 2435 1062 2470 recipiunt,

275 2482 332 2508 lucc
350 2490 404 2508 non
428 2481 575 2516 recipiunt.
590 2480 651 2507 Cito
665 2481 700 2507 ab
716 2481 759 2507 bis
772 2480 899 2512 abscede,
915 2480 1011 2511 frater,
1029 2488 1063 2507 ne

259 2528 394 2574 )animam
412 2532 485 2554 tuam
503 2527 636 2555 incendas
652 2528 714 2562 igne
729 2527 877 2558 diabolica,
896 2535 929 2553 ne
947 2534 997 2561 pro
1012 2526 1064 2553 tri-

256 2575 260 2581 '
278 2575 332 2601 tico
344 2575 372 2600 in
387 2578 459 2600 terra
475 2578 522 2600 tua
533 2574 626 2608 spinas
637 2574 751 2605 inseras,
766 2581 800 2600 ne
813 2581 863 2608 pro
877 2573 931 2600 vita
946 2577 1062 2599 mortem

277 2619 415 2654 accipias;
445 2619 511 2654 quid
546 2620 632 2646 multa
663 2619 786 2654 loquor?
814 2626 848 2646 ne
877 2626 927 2653 pro
953 2618 1065 2645 Christo

278 2666 428 2694 diabolum.
450 2666 489 2692 Ne
519 2666 544 2692 iu
576 2665 618 2692 bis
635 2666 680 2692 diu
699 2666 832 2697 moreris,
854 2669 881 2692 ct
906 2672 920 2691 ιι
939 2663 1067 2691 Sodomis

278 2721 341 2740 (‘ilnl
378 2712 427 2740 [tot

279 2760 376 2787 Amen.

463 2712 555 2739 salvus
590 2713 690 2739 evades
731 2712 860 2746 precibus
895 2715 1064 2738 sanctorum.

315 2838 324 2852 ί
339 2837 409 2865 i‘snl.
428 2844 534 2868 ('tHlll,
549 2837 573 2864 .‘i.
592 2836 616 2861 ϐ.

1101 233 1274 266 ποντίζουσιν
1290 242 1297 249 ·
1315 233 1402 260 ταῦτά
1431 234 1485 260 είσι
1508 233 1542 260 τὰ
1570 233 1682 266 ζιζάνια
1698 233 1716 260 ἃ.
1736 232 1869 267 ἔσπειρεν
1885 232 1902 258 ὸ

1101 278 1197 314 ἐχθρὸς
1210 279 1240 305 ἐν
1253 278 1293 311 τῷ
1312 278 1389 314 ἀγρῷ
1404 279 1450 305 τοῦ
1463 279 1653 306 οἰκοδεσπότου
1667 288 1674 295 ·
1691 275 1772 305 αὗταί
1785 278 1858 304 εἰσιν
1869 277 1900 304 αἱ

1102 325 1220 352 ἀκάνθαι
1243 326 1271 352 αι
1287 326 1451 360 ἀναφυεϊσαι
1476 326 1505 351 ἐν
1521 327 1554 361 τῇ
1583 326 1619 360 γῇ
1639 324 1822 360 κατηραμένῃ
1842 323 1901 350 ὑπὸ

1101 371 1239 398 Δεσπότου
1254 370 1322 397 Θεοῦ
1333 378 1340 386 ·
1355 371 1405 398 ὅλα
1421 370 1526 403 σκότος,
1540 371 1590 397 ὂλα
1599 370 1755 406 πλάνη,ὂλα
1765 369 1900 405 ἀλλότρια

1101 417 1181 445 Θεοῦ.
1195 417 1284 452 Φεῦγε
1312 417 1393 450 αὐτὰ,
1414 417 1525 452 ἀδελφὲ,
1545 416 1582 452 μὴ
1611 416 1749 452 βεϐαιωθῇ
1777 416 1791 443 ὁ
1814 415 1901 450 λόγος

1102 465 1191 492 αὐτῶν
1217 466 1246 492 ἐν
1269 467 1301 502 τῇ
1325 466 1426 502 καρδία
1448 474 1507 492 σου.
1521 465 1688 501 Ξηραίνουσι
1711 464 1830 500 δάκρυα,
1845 472 1899 490 τυ-

1103 511 1198 546 φλοῦσι
1221 513 1270 547 τὴν
1290 512 1415 548 καρδίαν,
1431 511 1602 545 ἁπαξαπλῶς
1634 510 1804 537 ἀπολλύουσι
1829 510 1899 541 τοὺς

1103 558 1286 593 προσέχοντας
1308 559 1399 590 αὐτοῖς
1423 558 1593 593 ἀνθρώπους.
1606 557 1652 593 Μὴ
1668 558 1733 592 στῇς
1744 557 1773 583 ὲν
1789 556 1899 589 αὐτοῖς,

1105 603 1143 638 μὴ
1174 604 1326 640 μελετήσῃς
1346 604 1424 630 αὐτὰ.
1443 603 1561 639 Πικρίας
1585 602 1711 638 γέμουσι,
1725 602 1773 628 καὶ
1800 601 1899 627 τελεσ-

1105 650 1217 685 φοροῦσι
1237 650 1360 685 καρποὺς
1373 651 1412 681 είς
1429 649 1554 676 θάνατον.
1568 649 1637 684 Περὶ
1656 648 1685 675 δὲ
1702 648 1750 683 τῆς
1766 649 1899 682 γνώσεως

1104 696 1159 722 τῶν
1174 696 1326 731 μελλόντων
1345 696 1383 732 μὴ
1396 696 1546 732 πλανηθῇς.
1557 696 1618 721 Ἐὰν
1635 695 1748 730 σπείρης
1763 694 1898 726 ἐνταῦθα,

1105 743 1164 769 ἐκεῖ
1179 742 1310 776 θερίζεις,
1323 742 1372 769 οὐκ
1388 742 1428 768 ἔνι
1443 742 1512 777 μετὰ
1522 741 1571 777 τὴν
1585 741 1678 776 ἄφιξιν
1694 741 1748 767 τῶν
1763 737 1813 767 ὧδε
1829 749 1899 774 προ-

1105 788 1188 823 κόψαι
1211 788 1282 814 τινά.
1298 788 1335 814 Οὐ
1359 789 1444 823 κοπιᾷ
1469 789 1483 814 ὁ
1502 787 1568 819 Θεὸς
1594 786 1738 821 συγκτίσαι
1754 785 1899 821 ἀνθρώπῳ

1107 835 1177 861 κατά
1192 834 1222 869 (1.
1237 834 1296 869 καὶ)
1310 833 1359 869 τὴν
1377 834 1461 860 αὑτοῦ
1484 834 1585 869 ψυχήν.
1598 834 1666 868 Περὶ
1686 833 1714 860 δὲ
1733 833 1788 859 τῶν
1812 832 1900 866 οὐρα-

1108 881 1172 907 νίων
1200 880 1350 914 ταγμάτων
1375 880 1576 916 ἐπιστομίζειὴ
1598 879 1658 906 θεία
1677 879 1774 914 Γραφὴ
1803 878 1899 904 πάντα

1107 925 1252 962 ἄνθρωπον
1264 926 1352 958 οὕτως
1363 926 1483 960 λέγουσα
1499 934 1507 940 ·
1521 923 1595 952 Elite
1613 926 1663 952 καὶ
1676 923 1899 959 ἐγεννήθησαν,

1106 971 1288 1005 ἐνετείλατο,
1309 972 1359 1000 καί
1377 972 1563 1004 ἐκτίσθησαν
1575 981 1582 986 -
1600 972 1734 1006 ἔστησεν
1750 970 1827 998 αὐτὰ
1853 971 1900 1001 εις

1107 1018 1161 1045 τὸν
1173 1019 1268 1046 αιῶνα
1288 1019 1337 1046 καὶ
1359 1020 1403 1052 είς
1418 1018 1472 1045 τὸν
1493 1018 1587 1045 αίῶνα
1607 1017 1658 1045 τοῦ
1678 1016 1797 1049 αἰῶνος,
1817 1016 1866 1042 καὶ
1880 1015 1899 1042 ἃ

1106 1064 1221 1100 ἔστησεν
1238 1065 1251 1091 ὸ
1280 1065 1347 1096 Θεὸς
1364 1065 1414 1091 οὑκ
1433 1064 1614 1091 ἀλλοιοῦνται.
1630 1064 1666 1090 Οὐ
1695 1063 1749 1098 γάρ
1777 1063 1853 1088 ἐστιν
1867 1062 1899 1088 ὲν

1107 1111 1182 1146 αὑτῷ
1198 1111 1344 1142 ἀλλοίωσις
1367 1110 1439 1137 κατὰ
1459 1111 1510 1145 τὴν
1528 1110 1652 1146 Γραφήν.
1669 1109 1725 1136 Ποῦ
1745 1109 1799 1144 γὰρ
1816 1105 1900 1143 εὗρες

1106 1157 1176 1192 ὅτιὴ
1199 1156 1303 1192 σπουδὴ
1320 1156 1398 1183 τοῦδε
1427 1155 1475 1182 τοῦ
1497 1155 1616 1189 ἀγγέλου
1635 1155 1739 1190 ήγαγεν
1760 1153 1842 1180 αὑτὸν
1857 1154 1900 1185 είς

1107 1203 1268 1238 προκοπήν;
1286 1201 1411 1236 ’Δδελφὲ,
1423 1199 1474 1228 ὦδε
1491 1201 1556 1236 (sic)
1566 1201 1690 1236 ἕργασις,
1704 1200 1764 1226 ἐκεῖ
1776 1199 1874 1234 μισθός
1889 1206 1897 1213 ·

1106 1245 1158 1275 ὦδε
1172 1247 1295 1283 ἀθλησις,
1311 1247 1416 1274 ἐκεῖθεν
1429 1247 1566 1281 στέφανοι.
1587 1243 1711 1278 ’Λδελφὲ,
1727 1244 1753 1270 εί
1775 1243 1900 1279 σωθῆναι

1107 1294 1197 1331 θέλῃς,
1218 1293 1255 1329 μὴ
1272 1293 1373 1329 eam;
1389 1292 1483 1320 ἑαυτὸν
1497 1292 1538 1324 εις
1549 1290 1644 1318 ταῦτα.
1655 1289 1898 1325 Ἐπιμαρτύρομαί

1107 1350 1148 1368 σοι
1160 1340 1275 1367 ἐνώπιον
1287 1339 1334 1366 τοῦ
1348 1340 1464 1374 lla-robe,
1477 1339 1524 1365 καὶ
1538 1337 1585 1364 τοῦ
1605 1336 1681 1368 Υίοῦ,
1696 1336 1742 1363 καί
1756 1335 1804 1362 τοῦ
1817 1335 1899 1368 ἀγίου

1107 1384 1276 1420 Πνεὺματος,
1289 1385 1330 1411 ὅτι
1350 1384 1389 1415 εἰς
1413 1383 1525 1418 βόθυνον
1547 1382 1680 1413 ὲνέπεσας
1695 1380 1742 1406 τοῦ
1760 1379 1901 1411 διαϐόλου,

1107 1430 1154 1456 καὶ
1170 1431 1209 1461 είς
1228 1430 1273 1456 τὸν
1288 1429 1401 1464 ἔσχατον
1418 1429 1543 1455 θάνατον.
1557 1427 1657 1454 Λοιπὸν
1672 1426 1780 1452 ἀπόστα
1793 1425 1899 1451 τούτων

1108 1475 1154 1502 καὶ
1171 1475 1349 1510 ίχνηλάτησον
1375 1474 1438 1506 τοὺς
1460 1473 1592 1508 πατέρας.
1607 1472 1714 1506 κτῆσαι
1738 1470 1829 1505 ἑαυτῷ
1850 1469 1899 1505 τὴν

1109 1521 1273 1548 ταπείνωσιν
1303 1522 1350 1547 καὶ
1377 1521 1428 1556 τὴν
1456 1519 1590 1554 ὑπακοὴν,
1608 1519 1654 1545 τὸν
1677 1516 1830 1550 κλαυθμὸν,
1848 1517 1900 1551 τὴν

1108 1569 1234 1604 ἄσκησιν,
1243 1567 1290 1603 τὴν
1304 1568 1373 1601 ἁκτη
1379 1566 1506 1602 μοσύνην,
1515 1565 1545 1591 τὸ
1555 1565 1717 1600 ἀψήφιστον,
1729 1563 1776 1589 καὶ
1784 1564 1834 1589 ὅσα
1844 1571 1900 1590 τοι·
1925 1571 1927 1573 ‘

1108 1615 1178 1641 αὖτά
1193 1615 1245 1640 εἰσι
1259 1614 1306 1640 καὶ
1318 1613 1454 1648 εὑρίσκεις
1466 1613 1505 1643 είς
1518 1611 1550 1638 τὰ
1568 1612 1679 1646 ῥήματα
1699 1610 1790 1637 αὐτῶν
1799 1607 1848 1635 καὶ
1859 1608 1899 1640 είς

1107 1663 1171 1694 τοὺς
1182 1663 1266 1698 βίους.
1277 1662 1394 1696 Ποίησον
1401 1661 1429 1688 δὲ
1439 1660 1563 1696 καρποὺς
1575 1659 1668 1692 ἀξίους
1678 1658 1727 1692 τῆς
1741 1655 1899 1692 μετανοίας,

1109 1710 1156 1736 καὶ
1188 1710 1226 1743 μὴ
1247 1708 1365 1743 πρόσχες
1390 1707 1452 1741 ἐμοὶ
1465 1705 1504 1740 τῷ
1525 1705 1632 1738 λέγοντι
1649 1703 1697 1730 καὶ
1712 1703 1750 1738 μὴ
1765 1701 1898 1728 ποιοῦντι.

1115 1755 1186 1781 Ἀλλ’
1204 1753 1279 1787 εὖξαι
1299 1753 1343 1780 ἵνα
1358 1753 1435 1787 κάγὼ
1447 1752 1517 1778 ἔλθω
1534 1751 1599 1777 ποτὲ
1621 1751 1661 1781 εἰς
1682 1749 1832 1782 ἐπίγνωσιν
1851 1747 1899 1782 τῆς

1110 1797 1258 1833 ἀληθείας,
1276 1798 1315 1828 είς
1334 1797 1412 1829 δόξαν
1432 1797 1480 1831 τῆς
1501 1795 1582 1830 ἁγίας
1605 1794 1750 1829 ὁμοουσίου
1766 1793 1815 1820 καὶ
1833 1792 1900 1823 ζωο-

1111 1842 1188 1870 ποιοῦ
1203 1843 1317 1878 Τριάδος
1326 1843 1364 1874 είς
1377 1843 1441 1873 τοὺς
1454 1841 1556 1872 αἰῶνας
1568 1840 1622 1867 τῶν
1637 1839 1754 1866 αἰώνων.
1766 1838 1862 1873 Ἀμήν.

1422 1897 1591 1932 Ἐρώτησις.

1154 1955 1183 1982 '0
1198 1954 1277 1987 αὖτὺς
1288 1954 1401 1989 ἀδελφὸς
1416 1955 1544 1989 ἠρώτησε
1556 1952 1643 1979 ταῦτα
1657 1951 1702 1978 τὸν
1713 1951 1793 1978 ἄλλον
1806 1950 1901 1986 γέρον-

1111 2009 1146 2027 τα
1163 2001 1209 2028 τὸν
1230 2000 1329 2027 ’Λῦϐᾶν
1351 2000 1489 2034 Ἰωάννην.

1416 2057 1600 2089 Ἀπόκρισις.

1149 2115 1255 2150 Αὖτηή
1282 2114 1363 2148 σοφία
1389 2112 1492 2140 ἄνωθεν
1517 2112 1568 2138 οὐκ
1601 2109 1767 2141 ἓστιν,ἁλλὰ
1796 2108 1899 2144 ψυχικὴ

1112 2160 1292 2195 δαιμονιώδης
1305 2167 1312 2174 ”
1331 2159 1400 2193 αὕτη
1415 2160 1431 2194 ἡ
1459 2158 1553 2192 διδαχὴ
1574 2156 1698 2183 διαῦόλου
1721 2155 1796 2182 ἐστίν
1807 2163 1815 2170 ·
1831 2154 1900 2190 αὕτη

1114 2206 1215 2239 ἀπάγει
1230 2205 1292 2236 τοὺς
1306 2204 1490 2240 προσέχοντας
1507 2203 1576 2237 αὐτῇ
1589 2203 1629 2233 εἰς
1649 2201 1760 2227 κόλασιν
1780 2199 1898 2231 αἰώνιον,

1113 2253 1127 2278 ὁ
1144 2250 1290 2285 ὲνδελεχῶν
1315 2250 1395 2284 αὐτῇ.
1411 2247 1548 2283 αἱρετικὸς
1576 2248 1692 2282 γίνεται.
1714 2248 1743 2274 ’0
1766 2247 1901 2274 πιστεύων

1114 2298 1194 2332 αὐτῇ,
1209 2294 1284 2327 οὗτος
1299 2295 1437 2331 ἐξετράπη
1449 2295 1498 2329 τῆς
1514 2294 1643 2329 ἀληθείας
1658 2302 1664 2309 ·
1683 2295 1697 2320 ὁ
1712 2293 1901 2328 συντιθέμενος

1115 2345 1194 2378 αὐτῇ,
1210 2342 1349 2378 ἀλλότριος
1368 2343 1426 2368 ἐστι
1441 2342 1490 2375 τῆς
1504 2340 1564 2367 ὁδοῦ
1581 2340 1629 2366 τοῦ
1646 2340 1726 2366 Θεοῦ.
1742 2341 1774 2366 Οἱ
1788 2340 1901 2374 ἐργάται

1114 2391 1161 2418 τοῦ
1177 2390 1295 2426 Χριστοῦ
1316 2390 1365 2416 οὐκ
1385 2390 1491 2424 ἔχουσιν
1507 2387 1604 2418 οὕτως.
1621 2389 1653 2414 Οἱ
1674 2387 1703 2413 δὲ
1720 2386 1841 2421 μαθηταὶ
1854 2385 1900 2412 τοῦ

1115 2435 1234 2472 Χριστοῦ
1250 2435 1338 2461 ’ταῦτα
1352 2435 1402 2460 οὐκ
1414 2433 1537 2465 ἐδίδαξαν
1550 2440 1557 2447 °
1575 2433 1600 2458 οι
1611 2432 1752 2466 δεχόμενοι
1765 2431 1810 2458 τὸν
1825 2430 1901 2463 λόγον

1115 2483 1166 2516 τῆς
1177 2481 1305 2516 ἀληθείας
1318 2480 1404 2506 ταῦτα
1420 2479 1449 2505 οὐ
1463 2479 1597 2513 δέχονται.
1614 2478 1662 2504 Διά
1678 2477 1779 2512 τάχους
1796 2476 1901 2502 ἀπόστα

1116 2528 1163 2555 ἀπ’
1177 2527 1276 2559 αὐτῶν,
1297 2525 1406 2560 ἀδελφὲ,
1423 2524 1460 2560 μὴ
1475 2524 1581 2560 καύσῃς
1597 2523 1646 2558 τὴν
1666 2522 1782 2558 καρδίαν
1800 2530 1847 2548 σου
1865 2520 1901 2555 τῷ

1117 2574 1184 2608 πυρὶ
1203 2572 1253 2599 τοῦ
1269 2571 1394 2598 διαϐόλου
1407 2591 1414 2602 ,
1434 2570 1471 2606 μὴ
1486 2570 1546 2597 ἀντὶ
1561 2569 1635 2596 σίτου
1649 2576 1700 2595 σπε
1707 2568 1768 2604 (pg;
1780 2568 1808 2594 ὲν
1825 2568 1857 2601 τῇ
1868 2567 1901 2601 γῇ

1115 2627 1162 2645 σου
1179 2618 1300 2649 ἀκάνθας
1312 2638 1319 2648 ,
1334 2616 1370 2652 μὴ
1393 2616 1455 2642 ἀντὶ
1469 2615 1543 2650 ζωῆς
1564 2614 1650 2650 λάϐῃς
1666 2614 1782 2641 θάνατον
1795 2621 1802 2628 ·
1817 2613 1863 2640 καὶ
1878 2611 1902 2638 τί

1117 2664 1200 2691 πολλὰ
1225 2663 1315 2697 λέγω;
1341 2662 1379 2697 μὴ
1401 2662 1462 2688 ἀντὶ
1487 2660 1606 2696 Χριστοῦ
1631 2660 1677 2686 τὸν
1703 2659 1837 2686 διαῆολον.
1859 2657 1903 2690 Μὴ

1119 2709 1248 2745 χρονίσῃς
1259 2709 1287 2734 ἐν
1303 2709 1405 2739 αὐτοῖς,
1422 2706 1469 2733 καὶ
1489 2705 1562 2742 σώζῃ
1576 2705 1613 2737 ὡς
1636 2705 1697 2732 Λώθ
1714 2704 1768 2731 ἀπὸ
1783 2704 1903 2739 Σοδόμων

1122 2755 1214 2789 εὐχαῖς
1231 2753 1325 2787 ἁγίων.
1346 2752 1442 2786 ’Λμήν.
