1971 3091
226 145 281 175 ΩιῚὶ

845 136 1054 168 EUSTATHII
1072 135 1243 168 MONACIU

1808 134 1864 167 θοι

227 199 373 227 divinitate
398 205 491 225 sanam
516 195 672 224 doctrinam
691 194 877 226 retinuerunt,
900 196 1016 227 excepto

1074 190 1130 218 »ὺδὲ
1147 193 1212 227 περὶ
1228 192 1313 229 αὐτὴν
1332 193 1383 230 μὲν
1397 193 1447 228 τὴν
1465 192 1583 227 θεότητσ.
1599 190 1862 226 ὑγιαίνοντεςγπλὴν

228 249 339 275 nomine
355 247 452 274 Christi
469 254 477 273 :
494 245 544 273 sed
568 244 748 272 vehementer
768 242 897 270 doctores
922 241 1016 268 incre-

227 302 338 328 ldu‘t'l‘t‘,
370 292 511 318 Christum
544 291 571 317 in
599 297 682 316 carne
710 288 819 315 venisse
847 290 1015 320 asserentes,

225 341 294 366 «luas
318 338 427 366 scilicet
446 341 559 363 naturas
575 334 727 362 confessos.
746 334 814 361 Rem
830 333 880 360 tibi
898 336 1016 360 testetur

227 387 318 412 Manes
344 385 376 412 ad
406 384 511 411 Addant
534 382 681 410 scribens:
706 391 714 407 ι
732 381 802 408 Dum
818 380 923 407 Galiltei
947 379 1017 407 duas

225 430 367 455 Clu-istum
387 433 500 454 naturas
522 427 626 454 habere
655 425 873 458 contendebant,
902 425 1016 452 cachin-

227 484 292 502 num
304 474 482 504 sustulimus;
503 473 564 500 illos
575 473 648 499 enim
662 471 795 507 fugiebat,
806 471 879 505 quod
888 471 1017 498 substan-

228 520 263 546 tia
285 519 409 550 luminis,
432 525 494 545 cum
513 517 566 544 alia
589 515 705 543 materia
730 522 784 542 non
807 516 1015 547 commiscctur,

226 566 273 592 sed
298 565 446 600 purissima
466 569 519 595 est,
546 563 651 589 nullius
668 569 730 589 cum
755 561 846 588 aliena
861 561 1017 588 substantia

227 612 337 639 uniouis
364 618 460 645 capax,
489 609 598 636 etiamsi
622 608 688 635 huic
716 607 857 635 cohaerere
876 607 1016 635 videatur.

225 658 324 685 Christi
351 664 452 683 nomen
471 663 520 690 per
535 655 654 682 abusum
678 658 844 689 usurpatur;
872 653 945 680 istud
965 661 1018 680 nec

225 705 346 739 speciem
371 703 455 730 ullam
475 702 611 736 designat,
637 708 688 728 nec
704 701 897 727 substantiam.
913 699 1017 734 Super—

227 759 291 777 uum
322 758 387 777 vero
413 750 506 776 lumen
527 749 648 782 seipsum
675 755 736 774 cum
764 747 822 773 suis
842 746 1016 779 consocians,

227 796 344 831 praebuit
359 803 389 822 se
402 801 501 829 corpus
519 793 590 820 inter
614 792 693 819 rudia
709 799 837 826 corpora.
855 799 910 818 una
927 790 1018 825 ipsutn

227 851 274 877 per
291 842 383 869 omnia
396 845 504 868 natura.
521 850 529 865 ι
546 839 586 866 Ad
601 838 781 874 Scythianum
793 845 902 873 quoque
918 837 1017 864 similia

227 889 310 916 habet
328 897 335 915 :
359 898 367 913 ι
386 888 476 923 Ipsius
493 887 606 914 luminis
630 885 717 913 Filius
732 871 871 920 propriam
887 884 1017 919 substan-
1033 871 1054 898 Β

227 935 291 963 tiam
313 935 341 962 in
362 938 457 960 monte
485 932 638 964 revelavit;
658 939 713 959 non
728 931 797 958 duas
815 931 922 958 habens
938 934 1020 957 natu-

227 990 281 1014 ras,
306 981 354 1008 sed
374 988 468 1012 unam,
498 979 624 1007 eamdem
648 978 675 1006 in
694 977 800 1005 visibili
835 982 864 1005 et
889 978 918 1004 in
945 977 1019 1004 invi-

223 1027 310 1055 sibili.
329 1037 339 1053 ι
423 1059 425 1061 ι

260 1073 337 1100 Talia
373 1072 544 1106 scripserant
571 1075 600 1098 et
624 1069 747 1097 Marcion
777 1073 805 1096 et
828 1068 1018 1097 Valentinus:

225 1126 344 1154 quorum
357 1117 481 1152 vestigiis
495 1116 638 1147 insistens,
650 1115 824 1146 Timotheus,
836 1118 1019 1148 cognomento

227 1165 348 1195 (Elurus.
372 1163 400 1190 in
416 1168 514 1190 octavo
541 1161 632 1196 capite
652 1161 719 1188 dicit
736 1169 742 1188 :
769 1169 778 1185 ‹
795 1159 898 1186 Natura
915 1157 1018 1186 Christi

226 1219 280 1239 una
291 1210 350 1238 sola
371 1209 512 1241 divinitas,
530 1207 600 1235 citra
618 1207 700 1234 ullam
715 1205 962 1233 commutationem
978 1205 1020 1232 in-

226 1264 348 1287 carnata.
365 1267 374 1283 ι
392 1257 468 1284 Idem
486 1256 514 1283 in
537 1255 650 1290 scriptis
675 1253 808 1281 adversus
824 1252 944 1280 Leonem
966 1253 1020 1279 Ro-

227 1313 338 1333 manum
362 1303 551 1339 patriarcham
576 1301 638 1329 ait:
661 1300 744 1328 «Non
761 1299 835 1327 enim
865 1298 1019 1326 substantia

226 1351 329 1380 Christi
357 1354 406 1377 aut
419 1353 531 1378 natura.
545 1355 611 1375 caro
630 1347 701 1382 ejus,
728 1345 777 1374 sed
802 1345 1020 1380 dispensationis

226 1395 471 1434 (incarnationis)
500 1395 581 1426 ritus,
608 1397 721 1428 propter
747 1395 871 1419 nostram
901 1391 1020 1418 salutent

226 1443 330 1478 optime
347 1441 502 1469 institutus.
519 1449 528 1466 ›
547 1439 581 1467 Et
594 1439 694 1466 iterum
710 1447 716 1464 :
739 1447 748 1464 ‹
768 1437 846 1471 Quod
858 1437 880 1464 si
898 1437 1018 1464 Verbunt

226 1489 334 1526 perlicit
352 1496 414 1523 quae
430 1488 516 1523 ipsius
536 1489 612 1517 sunt,
629 1490 658 1512 ut
677 1493 750 1512 novo
775 1483 902 1512 Nestorio
918 1483 1018 1518 placet,

217 1537 347 1573 ralicnum
363 1534 415 1562 erit
438 1534 540 1561 divina:
567 1537 594 1560 et
610 1531 814 1567 simplicissime
837 1534 943 1557 natura-
968 1530 1019 1557 sub

225 1586 406 1618 conspectum
427 1584 455 1608 et
471 1584 575 1607 tactum
592 1578 702 1610 cadere,
721 1577 769 1605 sed
788 1577 914 1604 ltumanre
928 1576 1020 1611 potius

226 1633 333 1658 natura!
356 1627 511 1664 proprium.
529 1636 538 1652 ι
564 1626 598 1653 Ει
615 1632 712 1652 rursus
726 1633 732 1650 :
748 1633 757 1650 ι
773 1623 928 1652 Ostendent
939 1621 1021 1649 nobis

227 1665 379 1711 Diphysitai
406 1674 527 1701 duarum
555 1676 718 1699 naturarum
745 1669 966 1700 distinctionem,
990 1672 1022 1695 ut

226 1722 280 1758 ipsi
291 1721 398 1749 dicunt.
418 1730 427 1746 ι
441 1719 538 1754 Neque
549 1718 626 1751 huic,
641 1724 732 1752 neque
745 1715 883 1744 htereticis
896 1715 922 1743 ei
933 1721 1022 1750 usque

226 1769 261 1796 ad
290 1767 425 1795 hodierna
454 1770 578 1800 tempora
608 1763 784 1795 faventibus,
814 1761 1022 1789 communicant

227 1812 382 1844 Severiani,
405 1811 553 1846 acephalos
567 1817 616 1837 eos
632 1812 772 1837 vocantes.

262 1860 324 1895 Ipse
351 1863 442 1886 tamen
469 1857 590 1885 Severus
615 1855 793 1882 Timotheum
817 1853 933 1889 suscipit
955 1853 1021 1881 talia

227 1907 395 1943 professum.
420 1904 526 1932 Scribit
545 1903 620 1930 enim
638 1902 672 1929 ad
687 1902 823 1929 Niciotem
841 1901 869 1928 in
882 1899 1022 1936 synodicis

227 1954 285 1981 suis
298 1961 304 1979 ι
320 1962 329 1978 ι
344 1950 468 1979 Dioscori
481 1949 632 1981 Timothei,
646 1947 772 1975 veritatis
785 1951 1021 1982 propugnatorum

228 2001 345 2028 immoto
362 1997 431 2033 pede
446 2001 532 2033 petra:
548 1996 719 2026 innixorum,
737 1994 859 2022 horridis
871 1993 1022 2021 adversan-

228 2048 298 2076 tium
317 2046 448 2073 lluctibus
460 2044 563 2071 frustra
576 2044 743 2078 jactatorum
759 2048 865 2076 pugnas
880 2047 1019 2071 revereor,

228 2100 257 2122 et
278 2093 370 2129 magni
392 2091 474 2119 facio.
491 2101 499 2116 ι
528 2090 603 2122 Quos
627 2088 672 2115 hic
698 2087 870 2114 orthodoxus
892 2085 1022 2113 defendat

229 2139 354 2168 attende.
383 2137 453 2164 Odia
479 2136 507 2162 in
539 2139 663 2162 sanctam
688 2131 887 2168 synodum-(1)
917 2135 1020 2163 motus,

230 2183 461 2214 Phantasianistis
478 2181 561 2212 favet.
577 2185 604 2207 et
617 2180 726 2206 illorum
738 2178 856 2205 vocibus
869 2176 1022 2204 sententias

230 2238 339 2260 nostras
353 2229 494 2265 exprimit,
506 2227 649 2255 hominum
663 2226 696 2253 ad
708 2225 858 2259 exemplar.
872 2224 919 2258 qui
932 2223 1020 2250 simu—

227 2279 313 2308 lacris
328 2275 489 2312 splendidas
499 2279 591 2301 vestcs
606 2272 773 2307 largiuntur,
782 2275 810 2297 et
820 2274 915 2304 turpes
926 2268 1020 2295 vultus

227 2321 371 2350 coloribus
394 2322 540 2348 exornant.
560 2317 680 2344 Videsne
700 2323 714 2343 a
741 2315 844 2351 quibus
865 2318 893 2341 et
917 2321 972 2348 qua
987 2312 1022 2340 de

225 2375 313 2396 causa
336 2374 389 2394 una
413 2368 513 2392 natura
538 2362 691 2397 excogitata
713 2360 768 2388 sit?

264 2505 343 2539 Quod
361 2509 453 2532 autem
478 2501 634 2531 orthodoxi
648 2501 744 2529 Patres
753 2499 823 2527 duas
838 2498 950 2527 Christo
963 2506 1024 2526 esse

182 2583 186 2588 _
229 2557 344 2579 naturas
370 2550 557 2582 contendant,
582 2549 641 2583 ipse
666 2550 784 2574 testatur
810 2545 949 2578 Severus;
966 2545 1025 2572 haec

186 2602 187 2606 ‘
229 2598 305 2626 enim
329 2597 412 2624 habet
439 2597 465 2623 in
492 2600 620 2627 tractatu,
635 2593 683 2629 qui
699 2592 860 2620 inscribitur
883 2591 1021 2627 Expositio

231 2643 293 2678 ﬁdei
308 2651 318 2670 :
336 2652 345 2668 ι
360 2643 457 2670 Dicere
472 2642 541 2669 duas
557 2647 671 2668 naturas
686 2639 714 2666 in
728 2638 848 2670 Christo,
863 2637 953 2664 omnis
965 2638 1022 2664 cri-

231 2689 314 2717 minis
331 2689 455 2725 plenum,
478 2688 544 2715 licet
560 2695 574 2714 a
598 2686 739 2721 plerisque
766 2684 870 2711 sanctis
895 2684 1023 2712 Patribus

231 2737 336 2763 dictum
347 2736 393 2763 sit.
414 2745 422 2761 ι
438 2735 472 2762 Ει
483 2735 565 2769 paulo
575 2737 653 2768 post:
668 2742 676 2757 ι
693 2732 731 2758 Nc
744 2730 812 2757 mihi
830 2730 930 2758 iterum
944 2730 1023 2758 dixe-

233 2783 272 2810 ris
293 2781 428 2817 quosdam
445 2789 478 2808 ex
496 2779 626 2807 Patrihus
649 2776 785 2804 vocabulo
799 2775 916 2804 duarum
942 2782 1024 2804 natu-

267 2873 304 2907 (l)
322 2872 475 2900 Concilium
492 2869 727 2898 Chaicedoncnse.

1036 2211 1059 2239 D

1067 238 1198 272 Χριστὸν
1214 239 1351 274 λέγοντες.
1361 239 1604 274 Διελοιδορήσαντο
1612 237 1640 263 δὲ
1653 237 1716 268 τοὺς
1728 237 1795 264 θεὸν
1807 239 1862 265 Λό-

1068 292 1116 319 γον
1130 285 1160 311 ὲν
1184 286 1268 321 σαρκὶ
1285 285 1445 320 ἐληλυθέναι
1467 285 1608 319 λέγοντας,
1624 283 1662 315 ὡς
1686 283 1734 310 δύο
1764 284 1864 318 φύσεις

1068 327 1279 366 ὁμολογοῦντας.
1306 333 1362 359 Καὶ
1379 332 1498 359 πειθέτω
1526 340 1555 358 σε
1580 331 1731 366 Μανιχαῖος
1748 332 1864 367 γράφων

1069 378 1138 413 πρὸς
1157 378 1271 406 Ἀδδᾶν·
1291 389 1301 405 ς
1328 380 1389 406 Τῶν
1414 379 1566 405 Γαλιλαίων
1596 378 1644 404 δύο
1671 377 1864 412 ὀνομαζόντων

1068 424 1167 458 φύσεις
1191 424 1264 459 ἔχειν
1285 425 1330 452 τὸν
1345 425 1475 461 Χριστὺν,
1502 425 1607 451 πλατὺν
1629 425 1799 460 κατεχέαμεν
1814 424 1865 458 γέ-

1067 468 1153 502 λῶτα,
1172 469 1210 502 ὡς
1227 471 1279 497 οὐκ
1295 471 1405 498 εἰδότων
1422 471 1463 497 ὅτι
1483 472 1500 506 ἡ
1514 469 1594 496 οὐσία
1610 469 1656 496 τοῦ
1678 470 1766 504 gone;
1780 470 1864 505 ἑτέρα

1068 515 1100 542 οὺ
1121 515 1250 551 μίγνυται
1277 516 1349 552 ΰλῃ,
1374 517 1431 544 ἀλλ’
1465 517 1539 542 ἔστιν
1563 516 1738 551 ἀκραιςνὴς,
1758 517 1865 550 emo},-

1069 570 1113 588 ναι
1139 562 1222 598 ἑτέρᾳ
1247 562 1327 598 οὐσίᾳ
1356 563 1392 598 μὴ
1417 563 1577 598 δυναμένη,
1605 562 1656 589 κᾶν
1682 563 1747 598 δοκῇ
1779 563 1866 597 ταύτῃ

1071 607 1218 643 συνῆφθαι,
1238 609 1279 640 ,Ἦ
1300 609 1329 636 δὲ
1354 609 1401 636 τοῦ
1422 610 1554 643 Χριστοῦ
1582 609 1754 644 προσηγορία
1778 609 1867 642 ὄνομα

1070 655 1128 681 ἐστι
1144 656 1377 691 καταχρηστικὸν,
1395 655 1457 682 οὔτε
1483 655 1571 686 εἴδους
1590 655 1652 681 οὕτε
1667 655 1762 686 οὐσίας
1780 655 1867 689 ὑπαρ-

1070 710 1118 736 χον
1135 703 1315 737 σημαντικόν.
1331 703 1368 728 Τὸ
1387 702 1416 728 δὲ
1437 702 1575 729 ἀνώτατον
1601 702 1660 735 φῶς
1683 703 1738 733 τοῖς
1765 702 1866 728 hera-3

1072 748 1290 784 συνουσιωμένον
1303 768 1311 781 ,
1330 748 1438 781 ἔδειξεν
1453 749 1549 775 ἑαυτὸν
1570 750 1598 774 ἐν
1616 750 1671 780 τοῖς
1692 748 1794 780 ὕλικοῖς
1811 747 1867 773 σώ-

1072 803 1156 830 μασιν
1177 795 1268 830 σῶμα,
1286 795 1336 830 μία
1350 795 1380 821 ὂν
1393 795 1459 821 αὐτὸ
1473 794 1556 829 φύσις
1568 795 1597 820 τὸ
1617 795 1682 821 πᾶν,
1702 804 1710 820 ι
1728 794 1782 821 Καὶ
1796 796 1866 828 πρὸς

1051 841 1268 876 ῗΣκυθιανὺνιδὲ
1285 842 1320 868 τὰ
1338 842 1421 876 ὃμοια.
1441 841 1562 876 γράφει·
1586 850 1594 866 ι
1622 840 1652 866 '0
1678 840 1706 867 δὲ
1727 840 1774 876 τοῦ
1797 841 1866 866 ἰξίου

1070 887 1160 921 φωτὸς
1179 888 1245 920 Υίὸς
1261 888 1311 924 τὴν
1325 873 1396 915 ἰδίαν
1405 873 1543 914 οὐσίαν-ὲν
1558 887 1596 922 τῷ
1610 887 1667 922 ὄρει
1680 873 1864 921 ἐφανέρωσεν·

1070 932 1100 959 οὐ
1127 932 1174 960 δύο
1200 933 1270 968 ἔχων
1293 933 1402 969 φύσεις,
1422 934 1491 961 ἀλλὰ
1511 933 1586 969 μίαν,
1603 934 1632 960 ἐν
1647 933 1685 969 τῷ
1701 933 1793 969 ὁρατῷ
1816 933 1866 960 καὶ

1069 978 1189 1015 ἀοράτῳ.
1211 989 1220 1004 ι

1106 1073 1226 1101 Τοιαῦτα
1245 1074 1292 1101 καὶ
1314 1073 1448 1110 Μαρκίων
1464 1075 1512 1101 καὶ
1526 1074 1706 1102 Οὑαλεντῖνοε
1719 1073 1845 1108 ἔγραψαν
1857 1082 1864 1089 ·

1069 1118 1114 1147 οἷα
1127 1121 1369 1156 κατακολουθήσας
1393 1121 1539 1156 Τιμόθεος,
1554 1121 1569 1147 ὁ
1588 1120 1704 1155 ἐπίκλην
1722 1120 1865 1154 Αῐλουρος.

1070 1167 1100 1193 ὲν
1119 1167 1158 1202 τῷ
1176 1167 1262 1202 ὀγδόῳ
1281 1167 1422 1202 κεφαλαίῳ
1439 1167 1530 1202 λέγει’
1559 1176 1568 1192 ι
1589 1167 1673 1198 Φύσις
1693 1166 1722 1192 δὲ
1742 1165 1866 1201 Χριστοῦ

1073 1214 1122 1248 μία
1146 1214 1214 1249 μόνη
1232 1214 1327 1249 θεότης
1339 1235 1346 1247 ,
1364 1215 1389 1240 εἰ
1412 1214 1460 1241 καὶ
1481 1214 1655 1249 σεσάρκωται
1679 1213 1834 1248 ἀτρέπτως.
1852 1221 1863 1238 ι

1077 1261 1122 1286 Ἐν
1141 1261 1169 1287 δὲ
1191 1262 1249 1292 τοῖς
1266 1261 1337 1288 κατά
1357 1261 1473 1292 Λέοντος
1489 1260 1536 1287 τοῦ
1560 1259 1670 1295 Ῥώμης
1693 1259 1865 1295 πατριάρχου

1071 1308 1155 1343 φησίν
1168 1316 1174 1323 ’
1195 1317 1203 1333 ι
1223 1308 1260 1334 Uti
1278 1307 1334 1343 γὰρ
1352 1307 1432 1334 οὐσία
1445 1306 1492 1334 τοῦ
1515 1307 1646 1343 Χριστοῦ,
1667 1306 1728 1333 οὐδὲ
1749 1306 1830 1340 φύσις
1847 1306 1865 1340 ἡ

1072 1353 1140 1389 σὰρξ
1155 1353 1249 1386 αὐτοῦ,
1272 1352 1342 1380 ἀλλὰ
1358 1353 1440 1388 νόμος
1467 1352 1624 1387 οἰκονομίας
1643 1351 1732 1387 ὀρθῶς
1757 1360 1867 1386 πεπρα-

1070 1399 1171 1434 γμένος
1187 1399 1230 1426 διὰ
1242 1400 1293 1434 τὴν
1313 1399 1392 1434 ἡμῶν
1406 1399 1571 1434 σωτηρίαν.)
1587 1398 1641 1425 Καὶ
1656 1398 1747 1424 πάλιν·
1764 1408 1773 1423 ι
1790 1398 1821 1424 El
1837 1398 1866 1424 δὲ

1070 1445 1085 1471 ὁ
1104 1446 1190 1479 Λόγος
1203 1446 1405 1481 κατεργάζεται
1420 1446 1489 1481 ὅπερ
1502 1445 1576 1471 ἐστὶν
1597 1444 1694 1476 αὑτοῦ,
1709 1444 1747 1476 ὠς
1761 1443 1800 1479 τῷ
1813 1444 1867 1479 νέῳ

1071 1491 1212 1526 Νεστορίῳ
1235 1492 1318 1522 δοκεῖ,
1345 1491 1487 1527 ἀλλότριον
1503 1491 1552 1525 τῆς
1575 1490 1652 1523 θείας
1669 1491 1716 1517 καὶ
1741 1490 1865 1525 ἀκράτου

1033 1542 1057 1573 c
1072 1537 1180 1572 φύσεως
1195 1538 1226 1565 τὸ
1240 1538 1374 1574 ὁραθῆναι
1389 1538 1437 1565 καὶ
1448 1537 1656 1573 ψηλαφηθῆναι,
1673 1537 1739 1563 ἴδιον
1752 1537 1781 1564 δὲ
1794 1537 1866 1572 μᾶλ-

1071 1583 1117 1610 λον
1142 1585 1193 1618 τῆς
1221 1585 1398 1620 ἀνθρωπίνης
1426 1585 1485 1611 ἐστὶ
1514 1583 1632 1619 φύσεως.
1658 1593 1668 1609 ι
1690 1583 1746 1610 Καὶ
1762 1583 1865 1610 πάλινο

1074 1638 1084 1655 (
1102 1629 1242 1661 Δείξουσιν
1263 1630 1330 1664 ἡμῖν
1343 1629 1368 1655 οί
1387 1629 1530 1663 Διφυσῖται
1551 1627 1606 1654 τῶν
1623 1627 1669 1654 δύο
1694 1627 1802 1661 φύσεων
1817 1626 1867 1660 τὴν

1071 1675 1214 1710 διαφορὰν,
1228 1675 1266 1707 ὡς
1284 1675 1362 1702 αὐτοὶ
1382 1675 1519 1709 λέγουσιν.
1538 1683 1548 1699 ›
1566 1674 1661 1709 Τούτῳ
1678 1674 1726 1700 καὶ
1742 1674 1803 1707 τοῖς
1816 1671 1866 1699 ἀπ’

1058 1721 1158 1758 αὑτοῦ
1180 1721 1262 1757 μέχρι
1282 1722 1333 1757 τῆς
1358 1721 1481 1757 σήμερον
1495 1721 1527 1747 οὐ
1546 1719 1723 1747 κοινωνοῦσιν
1737 1720 1762 1746 οι
1777 1719 1865 1754 Σευή·
1890 1743 1897 1748 ,

1074 1775 1134 1803 ρου,
1153 1767 1310 1802 ἀκεφάλους
1328 1767 1429 1799 αὐτοὺς
1443 1766 1708 1802 προσαγορεύοντες.

1108 1856 1195 1888 Λῦτὺς
1227 1856 1320 1892 μέντοι
1347 1855 1468 1893 Σευῆρος
1492 1856 1656 1891 ἀποδέχεται
1681 1855 1728 1882 τὸν
1753 1855 1867 1882 τοιαῦτα

1074 1903 1207 1939 εἰρηκότα
1225 1903 1369 1938 Τιμόθεον.
1392 1903 1497 1938 Γράφει
1511 1903 1567 1937 γὰρ
1583 1902 1651 1938 πρὸς
1667 1903 1713 1929 τὸν
1727 1902 1866 1937 Νικιώτην

1073 1951 1102 1976 ὲν
1117 1950 1173 1981 τοῖς
1188 1949 1338 1980 συνοδικοῖς
1355 1949 1450 1975 αὐτοῦ·
1470 1957 1478 1974 ι
1495 1948 1642 1984 Διοσκόρου
1665 1948 1693 1974 δὲ
1713 1948 1759 1974 καὶ
1781 1947 1867 1982 Τιμο-

1074 1995 1146 2028 θέου,
1164 1994 1219 2022 τῶν
1236 1995 1288 2029 τῆς
1304 1995 1433 2030 ἀληθείας
1447 1995 1623 2029 ἀγωνιστῶν,
1641 1994 1695 2021 τῶν
1715 1994 1867 2030 ἀπεριτρέ-

1074 2050 1149 2073 πτως
1163 2041 1209 2068 τὸν
1228 2042 1298 2068 πόδα
1312 2041 1479 2076 ὲρεισάντων
1495 2042 1542 2068 ἐπὶ
1561 2042 1609 2076 τῆς
1628 2041 1744 2075 πέτρας,
1764 2041 1812 2067 καὶ
1827 2040 1867 2076 τῷ

1074 2087 1148 2123 σάλῳ
1172 2087 1226 2114 τῶν
1260 2087 1517 2122 ἀντιδιατιθεμένων
1549 2087 1788 2123 περικλυσοέντων
1815 2086 1867 2121 μὲν

1074 2133 1237 2168 βιαιότερον,
1253 2134 1284 2160 οὐ
1302 2133 1517 2168 παραρρυέντων
1533 2133 1572 2166 δὲ,
1592 2133 1655 2165 τοὺς
1670 2132 1779 2167 ἀγῶνας
1792 2132 1867 2168 τιμῶ

1074 2180 1122 2207 καὶ
1152 2180 1324 2215 ἀσπάζομαι.
1354 2189 1363 2205 )
1388 2180 1417 2207 '0
1445 2180 1590 2215 λεγόμενος
1621 2179 1762 2215 ὁροόδοξος
1789 2179 1867 2210 τίνας

1074 2226 1236 2262 ἀποδέχεται
1265 2217 1405 2262 πρόσεχε-ο
1430 2227 1444 2252 ὁ
1469 2226 1513 2252 διὰ
1539 2226 1588 2260 τὴν
1614 2225 1794 2253 ἀντιπάθειαν
1815 2225 1868 2260 τῆς

1074 2273 1157 2307 ἁγίας
1173 2272 1281 2300 συνόδου
1299 2273 1380 2299 παντί¹
1394 2273 1610 2307 Φαντασιανιο-εῇ
1624 2271 1867 2308 προσκλινόμενος.

1075 2320 1089 2346 ὁ
1104 2320 1165 2351 ταῖς
1182 2319 1294 2346 ἐκείνων
1316 2320 1420 2353 φωναῖς
1436 2318 1486 2350 τὰς
1501 2318 1643 2354 ἡμετέρας
1666 2318 1771 2350 ἐννοίας
1787 2326 1868 2353 περι-

1076 2364 1172 2396 τιθεὶς,
1187 2364 1224 2396 ὡς
1236 2366 1291 2396 τοῖς
1308 2364 1428 2396 εἰδώλοις
1443 2365 1467 2391 οί
1484 2364 1532 2396 τὰς
1547 2365 1676 2400 λαμπρὰς
1689 2364 1808 2398 ἐσθῆτας
1821 2364 1869 2390 καὶ

1076 2411 1111 2437 τὰ
1127 2410 1233 2445 ἀκαλλῆ
1251 2410 1386 2446 πρόσωπα
1403 2409 1447 2436 διὰ
1463 2411 1619 2445 χρωμάτων
1636 2409 1866 2440 καλλωπίζοντες⁸

1076 2456 1164 2490 ἔγνως
1177 2456 1232 2483 ἀπὸ
1247 2456 1328 2483 τίνων
1343 2456 1390 2482 καὶ
1407 2456 1452 2482 διὰ
1471 2455 1498 2482 τί
1512 2456 1528 2491 ἡ
1546 2455 1596 2490 μία
1611 2454 1692 2489 φύσις
1709 2453 1847 2489 ἐπενοήθη
1860 2461 1867 2485 ;

1112 2501 1174 2528 ’Ὁτι
1189 2501 1219 2527 δὲ
1231 2501 1256 2527 οἱ
1271 2500 1406 2536 ὁροόδοξοι
1419 2500 1540 2536 Πατέρες
1551 2500 1695 2535 εἰρήκασιν
1707 2498 1753 2525 δύο
1772 2497 1869 2533 φύσεις

1078 2545 1148 2575 εἶναι
1177 2548 1223 2574 τὸν
1240 2547 1370 2582 Χριστὸν,
1399 2547 1480 2577 αὐτὸς
1499 2547 1618 2582 Σευῆρος
1636 2547 1779 2581 μαρτυρεῖ·
1795 2545 1868 2579 λέγει

1077 2594 1133 2630 γὰρ
1156 2595 1185 2622 ὲν
1200 2594 1240 2630 τῷ
1264 2594 1436 2629 συντάγματι
1455 2593 1538 2621 αὑτοῦ
1557 2593 1595 2629 τῷ
1612 2591 1866 2628 ἐπιγεγραμμένῳ·

1082 2641 1226 2672 Ἔκθεσις
1239 2640 1381 2672 πίστεως,
1401 2639 1504 2670 οὕτως·
1524 2649 1533 2665 ι
1551 2639 1587 2666 Τὸ
1602 2639 1693 2673 λέγειν
1708 2638 1754 2664 δύο
1774 2636 1870 2672 φύσεις

1079 2686 1125 2712 ἐπὶ
1139 2686 1272 2721 Χριστοῦ,
1297 2686 1389 2721 πάσης
1405 2685 1575 2720 κατηγορίας
1593 2685 1753 2720 ὲπίμεστον,
1768 2684 1794 2709 εἰ
1824 2683 1870 2709 καὶ

1080 2732 1133 2759 ὑπὸ
1146 2733 1279 2759 πλειόνων
1302 2732 1387 2765 ἁγίων
1404 2732 1536 2767 Πατέρων
1561 2732 1680 2767 εἴρηται.
1705 2739 1715 2755 ι
1737 2729 1793 2755 Καὶ
1812 2728 1869 2763 μετ’

1078 2779 1172 2812 ὀλίγα·
1193 2788 1202 2805 ‹
1225 2779 1281 2806 Καὶ
1301 2778 1339 2814 μὴ
1362 2776 1443 2804 πάλιν
1470 2777 1550 2813 εἴπῃς
1574 2777 1611 2809 ὡς
1625 2777 1657 2812 τῇ
1673 2774 1746 2808 λέξει
1766 2775 1803 2811 τῇ
1816 2773 1871 2801 τῦν
