1971 3091
108 146 163 180 905

622 146 803 178 EPISTOLA
818 146 866 176 DE
887 146 1038 178 DUABUS
1050 147 1237 178 'NATURIS.

1680 143 1732 175 906

107 203 155 230 δύο
165 200 273 236 φύσεών
288 209 361 233 τινες
374 200 428 228 τῶν
441 201 572 238 Πατέρων
587 202 740 238 ἐχρήσαντο
751 202 894 237 ’ἐχρήσαν-

953 209 1037 228 'arum
1061 209 1125 229 usos
1150 209 1229 235 esse;
1248 209 1281 229 eo
1301 201 1374 229 enim
1399 201 1440 228 usi
1456 205 1533 234 sunt,
1559 201 1663 236 absque
1676 202 1733 228 ullo

107 258 138 277 το
147 250 201 284 γὰρ
210 248 389 284 ἀδιαὸλήτως,
405 247 498 282 ὥσπερ
514 247 636 283 εῐπομεψ
648 247 717 274 κατὰ
729 247 757 274 δὲ
770 247 816 274 τδν
833 247 893 282 χρόε

107 305 152 324 νον
165 294 213 322 τοῦ
225 294 360 330 μακαρίου
375 293 508 329 Κυρίλλου
523 293 573 327 τῆς
586 293 663 319 νόσου
679 293 734 319 τῶν
748 292 895 327 Νεστορίου

108 339 296 376 καινοφωνιῶν
304 339 354 371 τὰς
367 339 529 374 Ἐκκλησίας
537 338 748 374 ἐπινεμομένης,
758 338 804 365 ἐπὶ
815 338 896 364 πλέον

107 387 126 422 ἡ
134 386 206 418 λέξις
220 384 452 420 ἀπεδοκιμάσθη.»
464 384 518 411 Καὶ
531 383 612 410 πάλιν
620 392 642 409 Ἰ
652 384 698 420 Μὴ
707 383 836 410 δύνασθαι
847 383 896 415 τὰς

107 432 164 459 τῶν
180 431 312 467 Πατέρων
330 431 421 465 φωνὰς
434 430 488 456 τῶν
504 430 673 465 ἀδιαόλήτως
690 431 724 466 τῇ
739 430 811 463 λέξει
826 437 895 465 χρη-

109 478 235 513 σαμένων
248 476 446 512 προφέρεσθαι,
469 476 520 503 κᾶν
535 476 618 502 αὑτοῦ
640 475 776 511 Κυρίλλου
791 474 846 502 εϊεν
868 475 895 502 αί

109 523 206 558 φωναί.
225 532 234 548 ›
255 523 334 549 Πᾶσα
354 521 448 557 σχεδὸν
465 521 541 557 φωνὴ
557 521 710 557 δογματικὴ
729 522 896 557 κακουργεῖ-

110 569 173 596 σθαι
189 567 301 595 δύναται
314 567 391 603 παρὰ
403 567 457 594 τῶν
473 567 629 603 αἱρετικῶν,
644 567 702 594 ἀλλ’
716 567 746 594 οὐ
759 567 803 594 διὰ
817 566 896 593 τοῦτο

109 613 218 645 πάντως
234 613 250 648 ἢ
264 613 381 639 πάντοτε
401 611 503 644 ταύτας
516 611 723 647 παραιτούμεθα
732 620 740 628 ·
755 613 795 644 είς
808 612 837 638 δὲ
850 612 896 639 τὸν

110 659 211 686 σκοπὸν
232 658 280 686 τοῦ
307 658 452 690 λαλοῦντος
476 658 687 691 ἀποϐλέποντες,
704 659 775 685 κατὰ
794 658 825 684 τὸ
846 667 896 693 ση-

111 703 274 740 μαινόμενον
294 705 311 740 i)
337 704 580 740 παραδεχόμεθαῆ
599 704 782 740 ἀπωθούμείὴι
799 704 895 735 αὐτάς.

151 750 247 785 Ἡμεῖς
261 747 307 777 οὖν
320 751 376 781 τοῖς
391 750 561 786 ἀδιαϐλήτως
576 751 608 785 τῇ
622 750 692 783 λέξει
713 749 897 786 χρησαμένοις

109 795 336 828 ἀκολουθοῦντες,
355 796 402 823 δύο
429 796 525 831 φύσεις
550 797 668 831 Χριστοῦ
691 796 818 831 λέγομεν,
844 795 896 823 κᾶν

109 842 222 878 Σευήρῳ
238 842 330 878 πάσης
349 843 517 878 κατηγορίας
539 843 688 878 ὲπίμεστον
712 840 782 869 εἶναι
808 842 872 878 δοκῇ
885 850 894 858 σ

109 889 156 914 καὶ
174 887 212 922 μὴ
231 887 364 915 δύνασθαι
378 889 428 920 τὰς
443 888 500 915 τῶν
520 888 651 924 Πατέρων
675 888 768 923 φωνὰς
792 887 895 924 προφέ-

112 933 207 968 ρεσθαι
223 934 366 969 νομοθετεῖ
387 935 402 961 ὁ
422 935 571 970 συνήγορος
587 935 636 961 καὶ
651 934 799 966 ἀντίδικος¹
815 935 897 970 ἀρκεῖ

109 979 132 1005 δ’
144 979 209 1014 ἡμῖν
217 979 336 1015 Σευῆρον
352 980 511 1015 μαρτυρεῖν,
523 980 564 1013 ὅτι
579 979 664 1014 ἁγίων
678 980 810 1015 Πατέρων
822 979 897 1006 ἐστὶν

110 1025 126 1060 ὴ
145 1024 199 1051 τῶν
211 1024 257 1051 δύο
274 1025 382 1059 φύσεων
397 1025 481 1058 λέξις,
498 1025 545 1052 καὶ
561 1025 692 1052 πλειόνων
703 1025 848 1061 Πατέρων·
865 1025 895 1052 οὐ

110 1070 165 1105 γὰρ
180 1070 238 1102 ἑνὸς
261 1070 339 1105 ἢδύο
361 1070 451 1106 μόνον.
468 1071 526 1098 Οὐκ
550 1071 678 1107 ἀληθεύει
703 1069 751 1098 οὖν
777 1072 791 1098 ό
817 1079 897 1098 συκο·

111 1117 230 1150 φαντῶν,
251 1118 405 1153 αίρετικοὺς
430 1118 637 1153 ἐπινενοηκέναι
660 1119 709 1154 τὴν
725 1117 812 1151 λέξιν·
829 1117 898 1152 ἀληο

111 1162 185 1189 θεύει
206 1163 235 1190 δὲ
261 1164 361 1199 μᾶλλον
389 1165 403 1190 ὁ
430 1163 532 1198 λέγων,
547 1164 642 1198 ἁγίους
659 1164 729 1190 κατὰ
751 1163 898 1199 αἱρετικῶν

111 1209 268 1243 χρήσασθαι
291 1209 388 1245 ταύτῃ.
412 1209 510 1244 ’Δγίων
530 1210 566 1236 ’δὲ
593 1209 640 1236 καὶ
669 1208 776 1236 πολλῶν
804 1209 897 1243 φωνὰς

112 1253 266 1286 ἐκϐάλλειν,
283 1254 443 1286 ἀλαζονικὸν
462 1254 520 1289 ἅμα
543 1254 590 1281 καὶ
609 1254 733 1291 μανικόν.
754 1253 814 1281 Κᾶν
829 1261 898 1289 προσ

112 1300 260 1335 φασίζηται
275 1301 393 1335 Σευῆρος
410 1300 454 1327 διὰ
473 1300 621 1335 Νεστόριον
644 1299 898 1335 ἀποδοκιμασθῆναι

111 1346 162 1381 τὴν
177 1346 250 1378 λέξιν
266 1345 369 1381 ταύτην
379 1354 386 1362 ’
401 1346 608 1382 ἀπεδοκιμάσθη
624 1346 652 1373 δὲ
674 1346 740 1381 παρ’
753 1346 836 1373 αὐτοῦ
849 1346 899 1373 καὶ

112 1391 167 1418 τῶν
193 1392 254 1418 κατ’
277 1391 369 1419 αὐτόν.
394 1391 423 1418 '0
442 1392 497 1427 γὰρ
526 1391 659 1426 μακάριος
677 1391 812 1426 Κύριλλος
829 1390 899 1426 μετὰ

112 1437 260 1475 Νεστόριον
287 1437 336 1473 τὴν
364 1438 434 1473 πρὸς
460 1437 588 1471 Εὺλόγιον
610 1436 717 1472 γράψας
740 1436 898 1472 ἐπιστολὴν,

113 1482 303 1518 ἀπελογήσατο
323 1483 351 1509 ὲν
367 1482 436 1518 αὐτῇ
453 1481 517 1517 περὶ
539 1481 592 1508 τῶν
613 1480 793 1508 Ἀνατολικῶν
804 1481 899 1515 λεγόν-

112 1537 168 1555 των
181 1528 226 1555 δύο
240 1528 347 1563 φύσεις.

148 1575 233 1608 Φησὶν
259 1574 287 1602 δὲ
312 1574 430 1610 Σευῆρος
449 1573 497 1601 καὶ
514 1572 647 1608 ἀλλαχοῦ’
665 1581 674 1598 ι
694 1571 795 1599 Πολλαὶ
811 1571 900 1607 φωναὶ

114 1621 192 1656 παρὰ
205 1621 260 1652 τοῖς
273 1621 413 1656 Πατράσιν
426 1619 597 1654 άδιαὸλήτως
611 1618 769 1654 λεγόμεναι,
785 1617 900 1653 ὕστερον

113 1666 165 1693 οὐκ
174 1666 305 1701 ἀσφαλεῖς
318 1665 450 1700 ὤφθησαν
463 1664 533 1701 μετὰ
555 1664 710 1700 Νεστόριον.
735 1674 746 1690 ι
773 1663 835 1691 Ἐὰν
854 1661 900 1690 οὖν

114 1713 162 1740 καὶ
175 1713 257 1748 ἡμεῖς
280 1713 425 1748 φήσωμεν,
452 1711 548 1739 πολλαὶ
568 1711 655 1746 φωναὶ
671 1710 746 1746 παρά
766 1711 822 1742 τοῖς
843 1711 901 1737 Πα-

113 1759 211 1795 τράσιν
226 1758 395 1794 ἀδιασλήτως
412 1758 570 1793 λεγόμεναι,
587 1757 700 1793 ὕστερον
711 1757 761 1783 οὐκ
771 1756 901 1791 ἀσφαλεῖς

114 1804 246 1840 ὤφθησαν
273 1804 344 1840 μετὰ
372 1804 504 1839 Εὐτυχέα,
521 1804 547 1831 τί
575 1803 606 1830 τὸ
633 1803 834 1837 συναγόμενον;
851 1802 902 1830 Διὰ

115 1851 262 1887 Νεστόριον
281 1851 332 1886 μὲν
355 1851 373 1886 ἡ
398 1850 453 1877 τῶν
472 1849 527 1877 δύο
553 1850 676 1885 φύσεων
702 1848 902 1884 ὲκὸληθὴσεται

116 1897 204 1932 φωνὴ.
227 1897 260 1924 δι’
276 1897 399 1933 Εὑτυχέα
423 1895 452 1923 δὲ
469 1896 486 1932 ἠ
507 1896 558 1931 τῆς
583 1895 654 1930 μιᾶς
673 1895 803 1930 φύσεως.
821 1894 852 1921 Et
873 1893 902 1920 δὲ

117 1944 202 1978 ἁγίων
225 1944 353 1978 Πατέρων
374 1943 540 1978 ἀναιροῠμεν
564 1941 666 1977 φωνὰς,
687 1940 732 1968 διὰ
757 1940 788 1967 τὸ
808 1940 903 1971 κακῶς

115 1991 230 2023 ταύταις
249 1990 403 2026 χρήσασθαι
419 1990 585 2025 αἱρετικοὺς,
609 1987 712 2019 πολλὰς
733 1987 780 2014 καὶ
803 1987 836 2013 ὲκ
850 1986 903 2013 τῶν

117 2038 204 2073 ἁγίων
220 2037 337 2073 Γραφῶν
361 2036 547 2071 ἀθετήσομεν,
576 2034 622 2061 διὰ
642 2034 672 2061 τὸ
690 2033 790 2069 ὁμοίως
812 2032 904 2064 κακῶς

116 2083 271 2120 χρήσασθαι
297 2083 412 2114 ταύταις
437 2081 605 2117 αίρετικούς,
631 2080 686 2107 Καὶ
711 2081 744 2116 τῇ
761 2078 810 2114 μὲν
827 2079 904 2113 φωνῇ

115 2129 171 2155 τῶν
185 2128 240 2156 δύο
259 2129 381 2163 φύσεων
395 2127 546 2163 ἐχρήσαντο
563 2126 635 2159 ἅγιοι
659 2124 714 2160 πρὸ
731 2124 788 2151 τῶν
802 2124 905 2159 αίρετι-

117 2174 186 2208 κῶν,
201 2176 233 2210 τῇ
247 2174 275 2201 δὲ
287 2173 358 2209 μιᾶς
368 2173 487 2209 φύσεως
507 2172 561 2208 πρὸ
573 2171 627 2199 τῶν
643 2170 826 2207 χρησαμένων
835 2169 905 2204 αὐτῇ

912 1543 935 1574 α

946 246 1074 279 criminc,
1087 247 1127 274 uti
1140 247 1273 274 diximus:
1285 250 1407 282 tempore
1425 251 1517 274 autem
1537 247 1609 274 beati
1625 246 1731 283 Cyrilli,

946 298 1008 319 cum
1031 292 1194 319 Nestoriaua
1207 293 1293 327 pestis
1307 297 1334 319 ct
1349 293 1456 320 novitas
1471 293 1608 320 Ecclesias
1633 294 1734 329 depas-

947 343 1068 370 ceretur,
1092 338 1257 366 vocabulum
1280 339 1342 372 hoc,
1371 344 1402 367 ut
1426 339 1575 374 plurimum
1600 340 1733 375 reiectum

946 387 989 410 est
1004 383 1054 419 (2).
1074 393 1083 409 ›
1104 383 1138 411 Et
1151 392 1247 411 rursus
1263 393 1270 411 :
1288 393 1297 409 ι
1314 384 1373 411 Non
1392 389 1508 419 possunt
1527 385 1637 412 Patrum
1651 394 1734 414 voces

946 428 1075 462 proferri,
1094 428 1142 464 qui
1163 429 1217 456 hoc
1236 429 1371 456 vocabulo
1401 429 1504 464 absque
1537 430 1592 457 ullo
1617 430 1734 458 crimine

947 474 991 501 usi
1012 478 1096 507 sunt,
1121 474 1229 502 etiamsi
1249 482 1332 502 voces
1347 475 1399 502 illae
1419 475 1476 502 sint
1500 475 1587 510 ipsius
1603 476 1707 512 Cyrilli.
1720 486 1730 502 ι

946 520 1105 556 Dogmatico
1141 519 1198 548 fere
1225 521 1325 556 quovis
1351 521 1487 549 vocabulo
1511 521 1633 550 haeretici
1656 523 1732 550 abuti

945 570 1072 601 possunt,
1102 565 1149 593 sed
1175 573 1231 593 non
1256 566 1320 594 ideo
1345 566 1458 594 omnino
1479 571 1507 594 et
1535 567 1637 603 ubique
1664 568 1733 596 illud

946 611 1134 646 repudiamus,
1158 612 1206 639 sed
1226 616 1345 639 mentem
1358 612 1498 647 loquentis
1514 613 1732 646 considerantes.

946 664 997 692 pro
1020 657 1098 684 verbi
1119 657 1319 692 signiﬁcatione
1336 658 1404 685 illud
1424 663 1474 685 aut
1499 658 1662 693 retinemus,
1680 658 1736 687 ἐιη

944 702 1128 737 explodimus.

982 748 1094 775 Patrum
1112 748 1196 784 igitur
1211 749 1333 784 vestigiis
1352 749 1480 785 ingressi,
1496 750 1543 785 qui
1560 750 1663 785 absque
1679 752 1734 778 ullo

946 793 1064 822 crimine
1087 794 1139 822 hoc
1162 795 1296 822 vocabulo
1311 796 1354 823 usi
1379 800 1454 829 sunt,
1482 796 1551 823 duas
1571 796 1599 823 in
1624 796 1734 825 Christo

947 845 1060 868 naturas
1087 841 1248 874 asserimus,
1266 842 1331 870 licet
1349 842 1401 869 hoc
1416 841 1519 870 Severo
1533 842 1645 877 plenum
1659 843 1735 878 peri-

947 887 1002 915 culi
1015 895 1077 915 esse
1099 887 1238 921 videatur,
1256 892 1284 915 et
1298 888 1411 916 Patrum
1428 896 1510 916 voces
1522 888 1647 923 proferre
1660 893 1736 916 vetet

946 933 1123 961 adversarius
1134 934 1216 962 simul
1228 938 1256 962 et
1267 934 1426 962 advocatus.
1441 933 1545 962 Sufﬁcit
1555 935 1634 962 nobis
1645 936 1734 970 ipsum

947 979 1079 1007 Severum
1097 980 1211 1012 testari,
1230 980 1303 1015 quod
1322 985 1480 1008 sanctorum
1495 980 1608 1007 Patrum
1630 980 1666 1008 sit
1684 980 1737 1008 hoc

947 1024 1063 1052 duarum
1076 1030 1236 1053 naturarum
1249 1025 1426 1057 vocabulum,
1436 1030 1464 1053 et
1475 1026 1670 1061 plerarumque
1683 1027 1735 1054 Pa-

948 1075 1032 1103 trum,
1049 1078 1105 1098 non
1127 1070 1211 1098 unius
1227 1074 1334 1098 tantum
1351 1071 1395 1098 vel
1418 1071 1545 1098 alterius.
1575 1071 1736 1099 Averitate

948 1123 1014 1151 ergo
1034 1116 1176 1149 abhorret,
1203 1116 1269 1144 dum
1301 1117 1434 1144 mentitur
1449 1117 1483 1144 ab
1503 1117 1642 1145 hazreticis
1665 1117 1736 1145 illud

947 1161 1033 1188 fuisse
1063 1162 1216 1194 inventum,
1237 1162 1348 1189 veritati
1373 1166 1464 1190 autem
1483 1163 1569 1198 magis
1598 1164 1738 1192 consentit

948 1206 1054 1239 dicens,
1069 1211 1180 1234 sanctos
1197 1207 1245 1235 illo
1264 1207 1398 1236 adversus
1414 1208 1560 1236 haereticos
1578 1217 1639 1237 esse
1659 1217 1735 1237 usos.

949 1253 984 1280 At
1004 1260 1087 1280 voces
1098 1257 1256 1281 sanctorum
1267 1253 1476 1289 multorumque
1490 1255 1616 1290 rejicere,
1627 1255 1738 1290 jactan-

950 1298 986 1326 tis
1003 1298 1084 1326 simul
1100 1303 1127 1326 et
1149 1299 1250 1326 insani.
1271 1299 1310 1326 Ne
1331 1303 1463 1334 praetexat
1483 1300 1602 1328 Severus
1624 1306 1738 1337 propter

948 1344 1106 1373 Nestorium
1118 1344 1170 1372 hoc
1180 1345 1345 1372 vocabulum
1358 1345 1542 1380 improbatum
1556 1347 1658 1381 fuisse;
1673 1355 1736 1375 nam

950 1394 979 1418 et
1004 1390 1192 1426 improbatum
1214 1395 1257 1418 est
1278 1391 1312 1418 ab
1341 1399 1375 1419 eo
1397 1395 1425 1419 et
1453 1400 1468 1420 s
1487 1392 1644 1421 fautoribus
1664 1394 1735 1429 ejus.

950 1435 1051 1463 Beatus
1066 1436 1139 1464 enim
1151 1436 1270 1472 Cyrillus
1289 1441 1351 1472 post
1365 1437 1523 1465 Nestorium
1540 1439 1574 1466 ad
1591 1439 1737 1475 Eulogium

949 1483 1075 1510 scribens
1091 1482 1247 1518 epistolam,
1265 1483 1292 1510 in
1304 1491 1336 1511 ea
1349 1483 1505 1512 Orientales
1522 1484 1646 1513 defendit
1669 1485 1738 1513 duas

950 1532 1063 1556 naturas
1078 1533 1243 1556 asserentes.

987 1574 1059 1602 Dicit
1083 1575 1165 1602 etiam
1192 1575 1260 1602 alias
1282 1575 1401 1604 Severus
1425 1585 1432 1603 :
1461 1585 1470 1602 ι
1494 1576 1584 1605 Multae
1606 1577 1738 1613 loquendi

952 1620 1077 1648 formulae
1103 1625 1229 1649 veterum
1256 1621 1367 1649 Patrum
1392 1622 1496 1658 absque
1516 1623 1571 1650 ulla
1596 1624 1679 1652 ullius
1695 1632 1740 1652 re-

951 1666 1139 1701 prehensione
1174 1672 1323 1703 usurpatae,
1344 1673 1405 1703 post
1421 1668 1578 1696 Nestorium
1600 1677 1656 1698 non
1673 1670 1739 1698 visae

952 1717 1016 1740 sunt
1026 1713 1144 1748 amplius
1159 1717 1261 1742 tuta)»
1279 1714 1314 1741 At
1336 1714 1357 1742 si
1372 1722 1422 1742 nos
1440 1723 1551 1750 quoque
1565 1715 1739 1744 diceremus:

952 1758 1043 1787 Multae
1067 1767 1149 1787 voces
1167 1759 1272 1795 absque
1296 1760 1414 1788 crimine
1429 1768 1444 1787 a
1457 1760 1583 1789 Patribus
1601 1766 1740 1798 usurpatae

952 1809 1014 1840 post
1024 1805 1166 1842 Eutychen
1192 1814 1248 1833 non
1269 1806 1388 1841 amplius
1412 1810 1478 1834 tum
1499 1807 1565 1835 visae
1583 1812 1657 1840 sunt,
1673 1808 1739 1844 quid

953 1851 1037 1879 inde?
1058 1852 1173 1887 Propter
1204 1852 1361 1880 Nestorium
1390 1853 1554 1888 explodctur
1576 1854 1739 1881 vocabulum

953 1897 1068 1924 duarum
1092 1901 1262 1930 naturarum,
1281 1902 1394 1933 propter
1410 1898 1552 1933 Eutychen
1576 1899 1740 1927 vocabulum

953 1943 1031 1970 unius
1047 1947 1161 1970 numne.
1181 1943 1259 1976 Quod
1282 1943 1305 1970 si
1335 1947 1494 1971 sanctorum
1519 1944 1631 1972 Patrum
1659 1952 1743 1973 voces

955 1988 1087 2021 tollimus,
1098 1989 1172 2023 quod
1183 1989 1238 2016 illis
1248 1989 1371 2017 haeretici
1381 1997 1464 2024 prave
1476 1989 1640 2023 abutuntur,
1655 1991 1741 2019 multa

955 2040 1065 2070 quoque
1079 2035 1113 2071 de
1129 2035 1216 2062 sacris
1229 2034 1381 2070 Scripturis
1396 2034 1558 2067 auferenda,
1572 2035 1636 2071 quia
1654 2040 1682 2064 et
1698 2036 1743 2064 his

955 2081 1083 2108 similiter
1105 2081 1227 2109 haeretici
1245 2088 1328 2116 prave
1346 2084 1471 2108 utuntur.
1490 2074 1657 2109 Vocabulum
1673 2082 1742 2110 dua-

956 2135 1016 2155 rum
1031 2131 1189 2154 naturarum
1201 2130 1406 2162 usurpaverunt
1415 2128 1502 2154 sancti
1513 2131 1577 2154 ante
1588 2126 1742 2159 haereticos,

956 2174 1122 2202 vocabulum
1135 2181 1201 2201 vero
1211 2174 1290 2200 unius
1305 2178 1409 2200 natura:
1426 2173 1592 2200 invenerunt
1611 2173 1743 2205 haretici.

118 2221 247 2256 Πατέρων
259 2241 267 2253 ,
282 2219 393 2255 εὑρεταὶ
407 2219 550 2253 γεγόνασιν
567 2217 712 2254 αίρετικοὶ,
729 2217 768 2248 ὡς
780 2216 899 2250 ἀνωτέριι

959 2223 1107 2254 antequam
1128 2226 1161 2246 eo
1177 2219 1272 2245 Patres
1295 2217 1338 2245 usi
1356 2217 1422 2250 sint,
1443 2217 1482 2244 uti
1506 2224 1589 2252 supra
1611 2217 1744 2253 scriptum

116 2269 284 2302 γέγραπται.
306 2267 516 2294 Κατεπλάτυνεν
536 2265 565 2292 δὲ
582 2265 668 2300 αὐτὴν
689 2264 808 2300 μάλιστα
827 2263 907 2290 Ἀπο-

117 2313 238 2348 λινάριος
248 2313 262 2339 ὁ
276 2313 442 2348 διμοιρίτης.
458 2311 489 2339 Et
503 2312 532 2338 δι
546 2311 590 2338 διὰ
606 2311 670 2343 τοὺς
681 2310 837 2346 αῑρετικοὺς
853 2309 907 2345 χρὴ

117 2354 212 2394 φωνὰς
237 2358 387 2395 όρθοδόξων
412 2359 545 2394 ἀναιρεῖν,
565 2358 613 2385 καὶ
647 2357 685 2393 μὴ
711 2357 811 2393 μᾶλλον
836 2355 907 2383 κατὰ

65 2435 71 2439 ,
117 2404 265 2441 αῖρετικῶν
283 2404 396 2436 ταύταις
421 2405 482 2431 κατ’
499 2404 623 2439 ἀλλήλων
645 2403 773 2440 χρᾶσθαι,
797 2403 908 2437 ἀναιρε-

119 2451 232 2486 θήσεται
245 2451 289 2478 διὰ
304 2450 449 2477 Σαδέλλιον
465 2450 496 2477 τὸ
518 2451 691 2486 όμοούσιον,
706 2449 751 2476 διὰ
768 2447 908 2475 Ἀπολινά-

121 2506 180 2533 ριον
189 2497 218 2524 δὲ
233 2497 280 2524 καὶ
294 2497 429 2533 Εὐνόμιον
440 2498 489 2524 καὶ
503 2497 612 2532 Ἀρειον
629 2497 646 2532 ἠ
663 2497 805 2529 Θεοτόκος
820 2495 907 2530 φωνή.

119 2543 175 2570 Καὶ
186 2542 276 2574 οὕτως
290 2543 385 2570 λοιπὸν
407 2543 440 2570 δι’
458 2542 659 2574 ἀνακολούθους
679 2541 851 2573 ἀκολουθίας,
867 2541 908 2572 είς

117 2589 278 2625 ἑφευρὲσεις
291 2589 483 2624 καινοφωνιῶν
497 2588 771 2624 ἀπασχοληθήσονται
794 2587 819 2614 οι
839 2587 908 2621 Χρι-

118 2635 235 2661 στιανοί.
262 2635 353 2662 Καλὸν
369 2633 415 2662 οὖν
436 2636 493 2667 τοῖς
521 2635 609 2669 ἁγίοις
630 2633 771 2668 Πατράσιν
794 2632 908 2659 ἀκολου-

119 2680 236 2712 θοῦντας
247 2682 333 2716 ἡμᾶς,
349 2683 405 2714 τοῖς
420 2679 658 2716 ἀντινομοθετοῦσι
673 2679 711 2715 μὴ
721 2679 872 2706 πείθεσθαι.

156 2727 255 2754 Καίτοι
268 2735 300 2761 γε
312 2727 358 2754 καὶ
370 2727 448 2754 αὐτοὶ
461 2727 534 2754 ἔστιν
546 2726 590 2753 ὅτε
607 2725 646 2761 τῷ
661 2725 766 2760 δυνατῷ
780 2725 829 2760 τῆς
845 2724 910 2759 ἀλη-

119 2773 197 2805 θείας
222 2774 376 2810 ἡττώμενοι
401 2775 493 2801 ὲκεῖνα
515 2772 708 2809 ὁμολογοῦσιν,
730 2772 801 2808 ἅπερ
820 2772 910 2807 ἀρνεῖ-

956 2269 1010 2297 est,
1036 2269 1063 2293 et
1080 2265 1147 2292 illud
1163 2263 1331 2299 Apollinaris
1343 2260 1427 2298 opera
1441 2263 1558 2290 maxime
1573 2263 1742 2298 percrebuit.

957 2311 1036 2346 Quod
1053 2311 1075 2339 si
1090 2314 1201 2346 propter
1213 2310 1358 2337 haereticos
1373 2309 1589 2337 orthodoxorum
1604 2316 1687 2337 voces
1702 2317 1745 2338 re-

955 2357 1094 2394 jiciendaa,
1120 2360 1148 2384 et
1168 2364 1224 2384 non
1245 2355 1340 2391 potius
1368 2356 1502 2383 adversus
1526 2355 1673 2383 haereticos
1701 2356 1744 2383 vi-

958 2404 1051 2432 cissim
1071 2403 1236 2438 usurpandae
1255 2405 1358 2434 essent,
1387 2401 1551 2437 rejiceretur
1568 2404 1684 2437 propter
1697 2400 1746 2429 Sa-

959 2450 1072 2478 bellium
1093 2448 1257 2477 vocabulum
1274 2447 1522 2480 consubstantialis;
1537 2451 1649 2482 propter
1661 2446 1745 2482 Apol-

958 2497 1085 2529 linarem,
1100 2495 1264 2523 Eunomium
1279 2499 1307 2522 et
1328 2494 1435 2526 Arium,
1449 2501 1501 2521 vox
1518 2493 1644 2529 Deipara.
1657 2492 1746 2529 Atque

959 2542 997 2570 ita
1019 2549 1128 2576 semper
1141 2541 1233 2576 inepta
1250 2538 1459 2574 consequentia,
1477 2538 1549 2566 circa
1566 2538 1746 2573 excogitanda

959 2596 1031 2616 nova
1060 2587 1194 2615 vocabula
1227 2585 1438 2620 occupabuntur
1470 2583 1631 2611 Christiani.
1663 2583 1747 2612 Decet

960 2634 1044 2670 igitur
1055 2641 1106 2660 nos
1120 2636 1279 2661 sanctorum
1300 2631 1410 2658 Patrum
1422 2629 1578 2665 auctoritati
1591 2627 1746 2657 inservien-

961 2684 1013 2711 tes,
1042 2678 1248 2706 adversantium
1271 2676 1404 2704 libidines
1427 2683 1569 2711 respuere.

997 2722 1201 2759 Nonnunquam
1220 2728 1311 2750 tamen
1327 2721 1357 2749 fit
1374 2726 1404 2749 ut
1416 2721 1468 2756 ipsi
1484 2720 1608 2752 veritatis
1625 2719 1652 2747 vi
1668 2718 1745 2750 victi,

961 2771 1058 2799 eadem
1078 2769 1273 2803 confiteantur,
1294 2773 1355 2804 quae.
1369 2775 1470 2804 negare
1487 2766 1651 2795 studuerant
1664 2768 1692 2793 et
1706 2771 1748 2791 so-

157 2862 197 2899 (2)
213 2861 315 2890 Eadem
331 2861 491 2890 referuntur
515 2861 549 2888 ab
558 2861 702 2889 Anastasio
724 2860 838 2894 Sinaita,
856 2860 909 2889 Via:
927 2859 992 2893 dux,
1010 2866 1071 2894 cap.
1086 2859 1111 2886 Ἰ.

284 2908 419 2939 Panos.
441 2908 501 2939 Gn.
517 2908 695 2954 LXXXVI.

1547 2898 1586 2929 29
