1971 3091
208 127 238 160 91
245 126 256 159 1

823 122 1013 154 EUSTATBI
1033 122 1209 154 MONACHI

1784 119 1837 154 012

209 186 278 214 dicit
294 183 444 213 in‘Clrrislo
459 186 487 210 et
502 181 572 210 duas
586 188 727 217 personas,
743 180 790 215 qui
807 188 864 208 non
879 185 907 209 et
923 181 993 208 duos

1048 179 1132 214 λέγων
1154 180 1183 207 ὲν
1206 178 1245 215 τῷ
1260 178 1381 216 Χριστῷ,
1399 179 1447 206 καὶ
1471 179 1518 206 δύο
1539 179 1684 215 πρόσωπα,
1699 180 1758 212 πῶς
1777 181 1836 216 οὐχὶ

208 231 335 259 Christos
346 228 489 265 loquitur?
508 227 745 261 Quemadmodum
757 234 824 262 ergo
842 234 875 254 ex
888 226 996 254 duabus

210 277 326 309 naturis,
344 276 381 303 ita
391 281 424 303 cx
438 274 546 302 duabus
564 273 691 308 personis
703 279 833 308 expresse
856 272 925 300 dicit
935 279 997 300 esse

209 324 350 352 Christum
362 322 390 350 in
405 322 476 349 libro
488 319 838 356 adversusegrammaticum
851 318 996 351 Joannem,

210 376 237 398 et
262 375 292 398 ut
321 372 401 405 putat
427 366 633 403 inexpugnabili
656 366 776 393 ratione.
809 365 880 392 Hinc
904 369 997 392 autem

209 421 295 452 patet,
311 416 345 443 ab
366 415 426 450 ipso
437 421 547 449 quoque
563 412 662 447 saepius
678 411 744 445 dici,
763 418 820 438 non
840 418 902 439 esse
915 414 997 438 natu-

211 470 269 490 ram
286 469 347 497 qum
359 467 476 496 persona
488 462 589 486 careat.

235 508 302 536 ‘Nos
325 514 392 534 vero
405 526 412 539 ,
435 504 575 541 praeterita
599 503 661 539 ejus
675 502 727 531 hac
742 501 945 535 enuntiatione,
963 509 998 529 ex

210 555 318 582 duabus
339 552 448 580 naturis
477 551 596 579 dicimus
619 557 680 578 esse
691 549 843 582 Christum,
863 549 935 576 sicut
964 556 999 576 ex

210 600 304 628 multis
331 598 463 626 membris
483 601 510 624 et
531 596 657 631 partibus
680 603 766 622 unum
790 602 913 630 corpus:
941 602 998 622 non

209 650 301 673 autem
321 653 354 672 ex
367 644 475 672 duabus
489 643 625 678 personis.
642 642 734 677 Longe
748 641 821 669 absit
833 650 840 669 :
853 649 914 676 quae
923 641 998 668 enim

209 693 320 728 propria
356 690 511 719 substantia
540 696 682 724 nunquam
718 687 915 719 substiterunt,
934 694 999 723 pro-

208 739 296 774 priam
322 744 468 773 personam
488 743 549 762 non
574 737 727 766 assument,
746 733 787 760 uti
802 733 860 768 ipse
880 731 999 760 Severus

209 786 310 813 fatetur
331 804 337 810 .
369 792 378 808 ι
403 781 517 815 Quando
547 788 581 808 ex
607 779 714 807 duabus
739 778 848 806 naturis
880 777 999 805 dicimus

208 830 360 862 Christum,
378 837 410 856 ac
426 829 494 855 duas
508 831 631 858 naturas,
647 833 710 853 eum
726 832 835 860 quoque
854 824 881 852 in
891 823 999 851 duabus

209 876 315 904 naturis
329 883 389 902 esse
407 873 534 905 dicimus,
556 872 676 900 Verbum
691 871 726 898 ab
743 870 818 898 omni
834 869 997 897 confusione

208 927 237 950 et
249 921 440 950 imminutione
456 920 577 947 immune
595 921 747 945 servantes.
765 916 834 943 Nam
851 915 876 942 si
891 918 997 942 naturae

210 975 292 995 unam
307 963 623 1001 personam-perﬁciunt,
635 961 708 989 unde
719 969 751 988 ea:
766 960 867 987 duabus
884 959 996 993 dicitur,

208 1014 256 1049 qui
277 1021 331 1040 non
357 1012 445 1047 ipsum
464 1009 536 1045 quod
555 1008 683 1037 efﬁcient.
700 1017 710 1033 ι
726 1007 790 1035 Haec
811 1010 876 1035 sunt
896 1006 998 1041 quibus

209 1063 316 1087 constat
335 1057 408 1094 quod
424 1056 561 1088 edicitur;
587 1054 611 1082 si
625 1061 692 1082 vero
705 1061 761 1081 non
780 1053 818 1080 ita
832 1060 860 1080 se
870 1052 996 1084 haberet,

210 1103 277 1130 illud
292 1105 366 1130 esset
377 1104 406 1129 ut
418 1101 538 1128 alienum
556 1098 585 1126 in
598 1099 699 1126 alieno.
714 1097 813 1133 Aspice
828 1097 997 1132 quotinepta

209 1148 376 1176 ct‘absurda
392 1146 456 1174 inde
467 1145 607 1172 oriuntur.
629 1144 699 1171 Dum
711 1151 762 1171 eos
786 1142 998 1170 anathematizat

209 1195 260 1230 qui
268 1194 408 1222 Christum
422 1192 450 1219 in
461 1191 569 1219 duabus
582 1190 689 1218 naturis
702 1189 800 1217 dicunt
816 1196 888 1222 esse,
905 1196 998 1216 nonne

209 1241 332 1276 seipsum
357 1237 603 1267 anathematizat‘i
636 1236 703 1264 Nam
728 1236 798 1263 duas
822 1240 937 1263 naturas
959 1235 997 1262 in

208 1287 320 1315 Christo
336 1285 384 1313 ubi
404 1284 508 1320 cogitat
530 1288 558 1311 et
581 1282 648 1310 dicit
668 1286 696 1309 et
712 1281 820 1314 scribit,
845 1281 874 1308 in
890 1280 998 1308 duabus

207 1333 316 1362 naturis
331 1340 394 1361 cum
405 1330 542 1360 conﬁteri
554 1330 683 1365 cogitur;
712 1328 768 1356 imo
789 1335 845 1356 non
862 1327 953 1355 solum
970 1327 996 1354 in

208 1381 316 1408 duabus
327 1378 444 1410 naturis,
461 1377 509 1404 sed
524 1376 608 1404 etiam
623 1376 651 1403 in
664 1375 772 1402 duabus
786 1373 910 1409 personis
919 1373 998 1408 juxta

205 1426 359 1454 novitatem
374 1431 472 1457 suam;
487 1422 638 1450 declaravit
653 1421 738 1453 enim,
758 1419 928 1455 impossibile
938 1426 998 1447 esse

208 1474 264 1500 duo
279 1479 334 1499 non
347 1471 376 1498 in
390 1470 498 1498 duabus
509 1467 637 1503 personis
651 1474 795 1502 apparere.

1048 226 1095 253 καὶ
1116 225 1165 254 δύο
1189 225 1325 262 Χριστοὺς
1348 225 1422 260 λέγει
1434 234 1442 259 ;
1458 226 1564 262 Ὥσπερ
1574 225 1603 253 δὲ
1615 227 1647 253 ὲκ
1661 226 1709 254 δύο
1718 226 1835 261 φύσεων,

1047 270 1134 303 οὕτως
1156 271 1203 298 καὶ
1218 272 1251 298 ὲκ
1267 271 1314 298 δύο
1339 270 1492 307 προσώπων
1509 271 1600 307 ῥητῶς
1617 271 1692 306 λέγει
1707 272 1752 299 τὸν
1768 273 1836 308 Χρι-

1048 319 1110 345 στὸν
1120 319 1150 345 ὲν
1161 318 1199 354 τῷ
1215 318 1287 346 κατὰ
1303 318 1350 346 τοῦ
1363 319 1560 355 γραμματικοῦ
1581 320 1706 347 Ἰωάννου
1730 320 1839 357 βιϐλίῳ·

1046 364 1085 397 ὡς
1102 365 1130 392 δὲ
1145 364 1252 400 νομίζει
1265 365 1318 392 ικαὶ
1329 365 1539 398 ἀποδεικτικῶς.
1555 365 1640 394 Τοῦτο
1654 367 1682 393 δὲ
1693 367 1778 403 δηλοῖ,
1791 367 1837 395 καὶ

1048 410 1078 437 τὸ
1087 410 1177 444 λέγειν
1195 410 1322 438 αὺτὸν-ὲν
1333 410 1453 445 πολλοῖς,
1475 411 1513 448 μὴ
1535 409 1606 440 εἶναι
1627 412 1709 447 φύσιν
1732 408 1836 450 ἀπρόσ·

1047 465 1133 484 ωπον.

1090 501 1187 538 Ἡμεῖς
1204 501 1232 528 δὲ
1254 502 1357 538 ταύτην
1373 502 1458 530 αὐτοῦ
1483 504 1533 540 τὴν
1549 504 1688 540 ἀπόφασιν
1708 506 1839 542 παρωσά-

1050 556 1139 584 μενοι,
1171 549 1204 575 ὲκ
1225 548 1273 576 δύο
1299 549 1349 585 μὲν
1372 549 1481 584 φύσεων
1500 549 1617 586 λέγομεν
1638 551 1686 578 τὸν
1707 552 1836 587 Χριστὸν,

1049 593 1144 629 ὥσπερ
1157 594 1204 621 καὶ
1217 595 1250 621 ἐκ
1258 594 1363 623 πολλῶν
1376 595 1466 631 μελῶν
1481 597 1529 623 καὶ
1544 597 1636 632 μερῶν
1649 597 1679 624 τὸ
1689 596 1719 624 ἓν
1732 598 1812 633 σῶμα
1825 618 1834 631 ,

1048 640 1109 676 οὐχὶ
1123 640 1151 667 δὲ
1170 641 1217 668 καὶ
1240 641 1272 668 ἐκ
1285 641 1332 668 δύο
1344 641 1508 677 προσώπων.
1521 643 1567 678 Μὴ
1580 643 1701 678 γένοιτοῐ
1717 645 1778 670 ἐπεὶ
1799 644 1836 680 μὴ

1050 687 1261 719 ῑδιοῡποστάτως
1276 687 1400 722 ὑπάρξαν
1421 689 1496 721 ποτὲ,
1512 690 1563 716 οὐκ
1577 690 1611 716 ἂν
1635 690 1701 717 [διον
1722 691 1837 727 ἐπιγρά-

1048 733 1130 768 ψεται
1147 733 1304 768 πρόσωπον,
1327 733 1366 766 ὡς
1386 734 1462 770 αὐτῷ
1484 735 1596 772 Σευήρῳ
1608 737 1697 764 δοκεῖ·
1717 747 1726 764 ι
1740 738 1836 764 Ἔστιν

1048 779 1092 805 ὅτε
1114 780 1146 806 ὲκ
1168 778 1214 806 δύο
1241 778 1288 806 οὗν
1307 779 1417 814 φύσεων
1436 780 1568 815 λέγοντες
1579 782 1625 808 τὸν
1644 783 1771 818 Χριστὸν,
1791 783 1839 811 καὶ

1048 823 1096 851 δύο
1109 824 1215 859 φύσεις,
1231 825 1279 852 καὶ
1296 825 1324 851 ὲν
1339 825 1400 852 δυσὶ
1412 825 1511 860 φύσεσι
1524 826 1640 862 λέγομεν
1654 826 1726 855 εἷναι
1741 828 1835 862 αὑτὸν,

1047 871 1093 898 τὸν
1105 870 1154 897 τοῦ
1169 871 1325 906 ἀσυγχύτου
1336 872 1384 899 καὶ
1397 872 1534 908 ἀμειώτου
1548 874 1728 909 φυλάττοντες
1740 875 1820 910 λόγον
1828 885 1836 892 ·

1047 918 1135 954 είγὰρ
1147 918 1354 947 ἀποτελεστικαί
1365 920 1418 947 εισι
1437 920 1484 947 τοῦ
1506 921 1566 953 ἐνὸς
1584 922 1731 958 προσώπου
1746 924 1774 950 αι
1788 923 1839 958 φύ-

1048 971 1114 996 σεις,
1124 963 1185 990 καθ’
1193 963 1207 990 ὃ
1217 964 1264 991 καὶ
1279 965 1312 991 ἑκ
1323 965 1369 991 δύο
1382 965 1500 1000 λέγεται,
1512 966 1571 998 πῶς
1580 967 1641 1002 οὐχὶ
1651 967 1698 994 καὶ
1707 967 1774 995 αὐτὸ
1789 967 1838 995 καὶ

1046 1009 1078 1035 τὸ
1089 1009 1286 1045 ἁποτέλεσμα;
1301 1019 1311 1036 ›
1325 1010 1418 1038 Ταῦτά
1435 1012 1493 1038 ἐστι
1507 1011 1540 1039 τὰ
1548 1011 1581 1045 ἐξ
1592 1010 1755 1049 ὗνρυνέστη
1769 1013 1837 1040 αὐτὸ

1047 1053 1078 1081 τὸ
1087 1055 1260 1091 ἀποτέλεσμα
1270 1063 1277 1071 ·
1293 1057 1318 1083 εί
1333 1056 1361 1083 δὲ
1376 1056 1414 1093 μὴ
1429 1057 1488 1085 ἐστι
1496 1058 1593 1091 ταῦτα,
1609 1059 1663 1095 ἄρα
1673 1059 1755 1094 γελὼς
1767 1060 1836 1088 ἄλλα

1047 1100 1076 1126 ὲν
1092 1100 1165 1136 ἄλλῳ
1182 1102 1246 1134 εἰσὶ,
1261 1101 1411 1130 καὶτοῦτο.
1428 1104 1528 1130 Σκόπει
1544 1105 1577 1131 σὺ
1596 1105 1629 1132 τὰ
1644 1105 1837 1133 ἀνακύπτοντα

1048 1146 1136 1173 ἄτοπα
1151 1147 1198 1173 καὶ
1218 1148 1309 1183 μωρά.
1331 1148 1360 1175 '0
1372 1149 1401 1175 δὲ
1414 1149 1622 1185 ἀναθεματίζων
1639 1150 1703 1183 τοὺς
1725 1152 1755 1178 ὲν
1777 1151 1839 1178 δυσὶ

1048 1190 1148 1226 φύσεσι
1164 1192 1294 1227 λέγοντας
1308 1190 1378 1220 εῖναι
1395 1194 1442 1221 τὺν
1458 1195 1586 1230 Χριστὸν,
1599 1193 1645 1231 ἆρ’
1661 1196 1722 1232 οὐχὶ
1733 1196 1838 1224 ἑαυτὸν

1047 1236 1260 1272 ἁναθεματίζει.;
1280 1239 1328 1265 δύο
1350 1239 1406 1277 γὰρ
1433 1239 1530 1274 φύσεις
1545 1241 1574 1267 ὲν
1589 1240 1628 1276 τῷ
1652 1241 1763 1277 Χριστῷ
1789 1242 1838 1268 καὶ

1049 1283 1159 1310 σκοπῶν
1183 1284 1230 1311 καὶ
1249 1284 1337 1319 λέγων
1364 1285 1412 1312 καὶ
1438 1286 1565 1321 γράφων,
1591 1287 1620 1314 ὲν
1645 1287 1706 1314 δυσὶ
1722 1286 1838 1322 φύσεσιν

1048 1328 1232 1363 ἀναγκάζεται
1248 1331 1392 1366 ὁμολογεῖν
1409 1333 1493 1359 αὐτόν
1503 1341 1510 1349 ·
1524 1334 1571 1360 καὶ
1585 1334 1615 1360 οὐ
1638 1334 1720 1370 μόνον
1731 1335 1761 1362 ὲν
1777 1335 1838 1362 δυσὶ

1048 1375 1175 1410 φύσεσιν,
1190 1376 1258 1404 ἀλλὰ
1271 1377 1319 1404 καὶ
1336 1378 1364 1404 ὲν
1377 1378 1438 1405 δυσὶ
1453 1379 1610 1415 προσώποις
1629 1382 1699 1408 κατὰ
1710 1382 1759 1416 τὴν
1775 1390 1840 1408 ttat--

1048 1422 1186 1456 νοφωνίαν
1200 1422 1301 1449 αὑτοῦ·
1323 1423 1485 1460 ἀπεφήνατο
1499 1425 1553 1461 γὰρ
1567 1425 1606 1453 τὰ
1626 1426 1673 1453 δύο
1689 1427 1728 1463 μὴ
1744 1427 1774 1454 ιν
1788 1426 1839 1454 δύο

1049 1467 1231 1504 [προσώποις]
1251 1469 1408 1503 φαίνεσθαι,
1425 1470 1558 1499 ἀδύνατον
1571 1472 1650 1500 εῐναι.

242 1515 322 1550 Quod
335 1515 359 1543 si
371 1514 400 1542 in
422 1520 551 1541 sermone
566 1514 594 1540 in
606 1511 784 1540 Nativitatem
804 1509 914 1538 veritati
928 1516 994 1537 con-

1083 1514 1116 1540 El
1130 1513 1159 1540 δὲ
1176 1513 1303 1549 ἀληθεύει
1318 1515 1406 1549 λέγων
1420 1517 1450 1543 ὲν
1468 1516 1507 1553 τῷ
1518 1517 1589 1553 λόγῳ
1604 1518 1688 1545 αὑτοῦ
1699 1518 1737 1554 τῷ
1749 1520 1788 1551 εἰς
1803 1519 1838 1546 τὰ

208 1563 293 1592 sentit
306 1561 481 1590 adversarius
493 1559 604 1596 quando
615 1559 708 1587 dixit:
724 1567 734 1584 ι
750 1557 828 1591 Quod
843 1565 877 1585 ex
889 1556 998 1584 duabus

208 1609 375 1645 quibusdam
404 1607 488 1635 rebus
505 1609 726 1641 coagmentatur,
743 1611 799 1631 non
822 1610 855 1631 ea
873 1602 998 1630 continet

207 1655 310 1691 quibus
326 1657 444 1685 constat,
460 1662 470 1679 ι
495 1656 523 1680 et
537 1650 647 1686 negavit
665 1650 806 1685 integrum
825 1655 937 1676 manere
953 1647 997 1674 bi-

208 1701 317 1730 narium
333 1701 512 1733 elementum,
528 1706 582 1734 qua
597 1698 706 1725 ratione
722 1704 821 1725 rursus
840 1696 868 1723 in
886 1694 997 1723 Christo

208 1749 277 1776 duas
288 1753 402 1776 naturas
416 1747 519 1783 cogitat
541 1746 570 1773 in
583 1744 783 1780 compositione
796 1742 978 1771 subsistentes
987 1761 995 1774 ,

208 1801 291 1831 atque
313 1795 351 1822 ita
368 1794 448 1825 duas.
470 1797 502 1821 ut
521 1800 568 1821 eas
582 1792 734 1826 distinguat
747 1793 838 1817 mente
853 1792 882 1816 et
893 1789 996 1823 cogita-

203 1840 282 1868 tione
296 1843 324 1867 et
338 1839 479 1866 intellectu
493 1841 521 1865 et
536 1836 684 1865 sermone?
705 1836 781 1863 Dicat
799 1835 880 1862 nobis
902 1838 995 1861 utrum

204 1892 289 1914 unam
306 1891 434 1912 naturam
445 1884 590 1915 discernit,
614 1890 648 1910 an
668 1881 760 1910 duas?
779 1889 811 1909 ea
835 1888 897 1916 quae
918 1883 993 1912 sunt,

206 1940 240 1959 an
252 1939 283 1959 ea
299 1939 359 1967 qua:
373 1938 431 1958 non
453 1934 518 1958 sunt
529 1930 542 1957 Υ
567 1928 758 1957 substantialia
769 1947 776 1961 ,
803 1935 840 1955 an
852 1935 913 1962 quae
938 1934 994 1955 non

205 1983 270 2006 sunt
283 1977 495 2006 substantialia?
509 1977 545 2004 At
565 1976 731 2004 alterutrum
752 1982 849 2002 verum
863 1979 922 2002 est:
946 1979 995 2002 aut

200 2025 343 2059 integrum
360 2022 641 2050 remanet-binarium
658 2021 836 2053 elementum,
855 2019 929 2054 quod
945 2027 993 2047 co-

202 2069 293 2104 gitet;
312 2071 360 2096 aut
379 2068 402 2095 si
420 2067 571 2099 evanescit,
586 2067 656 2094 nihil
678 2066 791 2101 cogitat,
806 2069 835 2093 et
860 2065 993 2093 mentitur

199 2113 346 2141 afﬁrmans
374 2121 403 2141 se
428 2113 550 2148 cogitare
576 2119 638 2146 quae
664 2114 831 2138 nonuunt:
859 2107 994 2137 mentitur

202 2160 318 2195 quidem
343 2159 421 2194 ipse,
451 2162 543 2186 manet
565 2161 656 2185 autem
680 2156 811 2192 quodque
836 2156 911 2192 quod
942 2164 991 2184 na-

206 2211 267 2232 tura
284 2209 336 2232 est.

239 2252 288 2279 Ast
300 2251 358 2286 ipse
372 2250 471 2278 asserit
480 2250 508 2277 in
521 2249 740 2277 librondversus
752 2249 968 2277 Grammaticum
982 2257 990 2275 :

202 2307 216 2322 1
243 2297 282 2324 Ea
307 2297 341 2324 de
371 2296 473 2331 quibus
498 2299 606 2323 constat
624 2295 766 2328 Christus,
786 2299 898 2323 manent
923 2295 992 2322 citra

205 2343 288 2370 ullam
302 2341 532 2370 imminutionem
550 2345 578 2368 et
594 2341 789 2373 mutationem,
806 2341 833 2367 in
852 2340 991 2376 composi-

204 2389 280 2417 tione
300 2387 496 2416 subsistcntiaz.
520 2397 529 2413 ι
551 2386 627 2420 Quod
648 2387 671 2414 si
692 2392 784 2414 autem
807 2387 868 2414 dua:
887 2391 992 2414 natum

204 2442 286 2462 unam
302 2433 468 2466 ell‘ecerunt,
481 2432 528 2468 qui
545 2436 607 2467 post
621 2432 751 2459 unionem
767 2431 836 2459 duas
850 2431 950 2467 cogitat
964 2435 992 2459 et

204 2488 259 2513 non
283 2479 382 2506 unam?
402 2479 437 2506 Et
458 2483 488 2505 ut
510 2477 545 2505 de
572 2485 625 2505 una
641 2477 788 2512 loquitur,
810 2484 860 2504 cur
881 2484 936 2503 non
958 2483 990 2504 ea

203 2524 305 2552 omittit
317 2532 377 2559 qum
389 2524 422 2552 ad
435 2531 573 2559 quamque
585 2524 734 2558 pertinent,
747 2527 860 2550 naturas
873 2521 988 2553 scilicet,

201 2575 329 2598 naturam
345 2571 444 2603 carnis,
457 2575 484 2597 et
506 2574 633 2597 naturam
655 2568 819 2600 divinitatis,
833 2573 861 2595 et
891 2567 988 2596 huma-

202 2615 317 2642 nitatem
337 2635 344 2646 ,
359 2620 388 2642 et
417 2614 590 2641 divinitatem
610 2613 736 2648 “lquibus
759 2612 900 2640 abundant
928 2613 988 2647 ejus

201 2661 314 2695 scripta.
329 2659 357 2687 Si
375 2660 436 2687 dua:
453 2665 572 2691 naturae.
588 2659 719 2687 divinitas
736 2667 833 2694 nempe
848 2662 876 2685 et
891 2658 988 2685 huma-

201 2707 284 2738 nitas,
300 2713 380 2733 unam
408 2710 532 2733 naturam
558 2706 728 2741 eﬂ'ecerunt‘,
751 2705 824 2732 dicat
848 2712 903 2739 quo
923 2712 987 2731 eam

201 2752 313 2779 nomine
327 2752 422 2780 vocet?
437 2752 526 2780 Unum
542 2753 614 2779 cnim
630 2752 665 2779 sit
679 2755 801 2787 oportet,
816 2751 889 2785 quod
905 2759 987 2778 unam

201 2802 326 2824 naturam
343 2798 476 2833 designat.
493 2797 594 2832 Ncquit
611 2796 683 2823 cnim
702 2804 783 2823 unam
799 2796 892 2823 dicere
909 2800 988 2823 natu-

198 2850 270 2874 ram,
283 2849 309 2870 et
324 2843 397 2870 illam
415 2844 557 2878 utriusque
574 2842 731 2870 nominibus
744 2849 857 2876 vocare,
871 2850 906 2870 ne
921 2849 987 2869 rur-

1050 1559 1180 1587 Γενέθλια
1195 1561 1209 1587 6
1221 1561 1479 1598 ὲναντιωματάρης·
1498 1573 1507 1590 ι
1519 1563 1555 1590 Τὸ
1570 1564 1624 1599 γὰρ
1639 1566 1672 1592 ὲκ
1686 1565 1735 1592 δύο
1755 1565 1839 1593 τινῶν

1052 1606 1294 1642 συνενηνεγμένον,
1312 1606 1373 1634 οὔτε
1389 1608 1424 1635 τὰ
1439 1608 1467 1642 ἐξ
1481 1607 1518 1636 ὧν
1535 1610 1666 1647 συνετέθη
1677 1611 1812 1646 συνέχεεν,
1825 1619 1836 1637 ι

1050 1649 1100 1676 καὶ
1114 1650 1260 1685 ἑμπαγίως
1274 1651 1365 1686 μένειν
1377 1652 1426 1688 τὴν
1444 1653 1530 1680 δυάδα
1544 1655 1695 1691 ἠρνήσατο,
1712 1655 1770 1687 πῶς
1783 1656 1839 1683 πά-

1051 1695 1092 1723 λιν
1109 1697 1207 1723 σκοπεῖ
1231 1697 1260 1724 ἐν
1285 1698 1324 1733 τῷ
1350 1698 1461 1735 Χριστῷ
1478 1699 1525 1726 δύο
1552 1700 1660 1735 φύσεις,
1674 1702 1721 1728 καὶ
1735 1702 1839 1734 ταύτας

1050 1743 1241 1779 ὑφισταμένας
1267 1745 1296 1771 ὲν
1318 1746 1352 1780 τῇ
1370 1745 1516 1780 συνθέσεις
1533 1747 1588 1773 Καὶ
1613 1747 1700 1780 οὕτως
1724 1747 1782 1781 δύο,
1799 1749 1838 1780 ὡς

1049 1790 1096 1816 καὶ
1106 1789 1222 1825 διαιρεῖν
1233 1791 1319 1823 αὐτὰς
1332 1791 1370 1827 vi.)
1386 1792 1434 1819 καὶ
1449 1793 1586 1829 φαντασίᾳ
1599 1793 1647 1821 καὶ
1662 1794 1771 1830 ἐπινοίᾳ
1790 1794 1839 1821 καὶ

1048 1835 1260 1876 λόγῳ;Εἰπάτω
1275 1838 1356 1872 ἡμῖν·
1373 1838 1424 1874 τὴν
1445 1838 1511 1874 μίαν
1535 1839 1616 1874 φύσιν
1630 1840 1740 1876 διαιρεῖ,
1755 1840 1772 1876 ἢ
1788 1841 1839 1872 τὰς

1047 1881 1112 1916 δύο;
1134 1881 1169 1909 τὰ
1188 1882 1265 1916 ὄντα,
1281 1883 1298 1919 ἢ
1321 1883 1356 1910 τὰ
1370 1885 1408 1920 μὴ
1428 1884 1507 1919 ὄντας
1524 1886 1557 1912 τὰ
1573 1886 1752 1919 ὲνυπόστατα,
1772 1885 1789 1922 ἢ
1804 1887 1839 1913 τὰ

1048 1928 1237 1963 ἁνυπόστατας
1258 1929 1306 1956 ’Ἑν
1341 1928 1388 1957 οὖν
1406 1928 1473 1958 ’τῶν
1505 1932 1645 1966 ὁποτέρων
1671 1932 1784 1966 ἀληθές·
1819 1932 1836 1968 ἢ

1047 1973 1193 2008 ἑμπαγίως
1207 1974 1284 2008 μένει
1295 1975 1311 2010 ἠ
1323 1974 1389 2007 δυὰς
1404 1976 1452 2003 καὶ
1464 1976 1534 2011 μετὰ
1546 1977 1595 2012 τὴν
1605 1977 1712 2010 ἕνωσιν,
1729 1977 1772 2004 ῐνα
1789 1979 1838 2005 καὶ

1047 2020 1138 2055 σκοπῇ
1163 2019 1282 2055 ταύτην·
1304 2020 1321 2056 ἢ
1342 2021 1367 2047 ει
1388 2021 1426 2056 μὴ
1454 2021 1540 2056 μένει,
1560 2023 1636 2049 οὐδὲν
1665 2025 1771 2056 σκοπεῖ,
1789 2025 1838 2051 καὶ

1046 2064 1176 2100 ψεύδεται
1200 2065 1289 2100 λέγων
1315 2067 1428 2094 σκοπεῖν
1448 2067 1484 2094 τὰ
1507 2067 1544 2104 μὴ
1563 2067 1643 2095 liv-rw
1658 2068 1787 2104 ψεύδεται
1807 2070 1837 2097 δὲ

1039 2112 1094 2139 καὶ
1109 2112 1124 2138 6
1139 2111 1238 2146 λέγων,
1260 2113 1376 2148 μένειδὲ
1394 2113 1525 2150 ἑκάτερον
1537 2114 1606 2150 ὅπερ
1621 2115 1680 2142 ἐστὶ
1691 2116 1724 2151 τῇ
1742 2115 1835 2150 φύσει.

1093 2247 1168 2274 Δλλὰ
1185 2247 1330 2280 καὶναύτδς
1346 2247 1459 2282 φάσκων
1479 2249 1509 2275 ὲν
1525 2249 1564 2285 τῷ
1584 2249 1655 2277 κατὰ
1679 2249 1726 2277 τοῦ
1740 2250 1837 2286 Γραμρ

1045 2293 1162 2329 ματικοῦ
1172 2302 1180 2310 ο
1203 2303 1213 2320 ι
1225 2294 1286 2320 Τῶν
1307 2294 1358 2329 μὲν
1385 2293 1416 2326 ἐξ
1434 2291 1471 2321 ὧν
1484 2295 1558 2321 ἐστιν
1573 2296 1588 2321 6
1606 2295 1724 2332 Χριστὸς
1737 2296 1836 2331 μενόν-

1043 2348 1096 2366 των
1106 2339 1254 2375 ἁμειώτων
1270 2340 1316 2367 καὶ
1328 2340 1529 2374 ἀναλλοιώτων,
1542 2342 1571 2368 ὲν
1584 2341 1707 2369 συνθέσει
1737 2342 1765 2368 δὲ
1781 2342 1836 2376 ὑφ-

1043 2386 1180 2414 εστώτων.
1191 2395 1201 2412 ι
1223 2387 1254 2413 El
1272 2387 1301 2414 δὲ
1312 2387 1340 2414 at
1361 2386 1409 2414 δύο
1429 2386 1527 2422 φύσεις
1553 2388 1603 2423 μία
1617 2389 1757 2423 γεγόνασι,
1773 2389 1835 2420 πῶς

1044 2431 1114 2467 μετὰ
1125 2432 1175 2468 τὴν
1193 2433 1290 2460 ἕνωσιν
1306 2433 1352 2460 δύο
1370 2435 1469 2460 σκοπεῖ
1481 2434 1528 2460 καὶ
1546 2434 1608 2469 οὐχὶ
1627 2435 1710 2470 μίανς
1725 2435 1781 2462 Καὶ
1795 2434 1835 2466 ὡς

1042 2477 1109 2512 περὶ
1138 2477 1204 2512 μιᾶς
1228 2477 1382 2512 διαλέγεται
1404 2478 1499 2505 λοιπὸν
1523 2479 1644 2514 ἀναιρῶν
1669 2479 1700 2506 τὺ
1714 2479 1834 2515 ἑκάστης

1042 2521 1151 2556 φύσεως
1161 2531 1168 2538 ·
1187 2523 1236 2549 καὶ
1251 2524 1280 2550 αι
1295 2523 1400 2558 φύσεις,
1413 2525 1460 2552 καὶ
1473 2525 1489 2559 ὴ
1504 2525 1554 2560 τῆς
1568 2525 1668 2560 σαρκὸς
1680 2524 1770 2560 φύσις,
1786 2526 1832 2553 καὶ

1041 2568 1058 2603 ὴ
1079 2569 1130 2604 τῆς
1156 2568 1283 2604 θεότητος
1310 2569 1401 2604 φύσις,
1427 2571 1475 2597 καὶ
1499 2571 1516 2606 ἡ
1535 2571 1726 2607 ἀνθρωπότης,
1744 2571 1792 2599 καὶ
1814 2572 1831 2607 ἡ

1042 2612 1154 2649 θεότης·
1165 2614 1267 2641 τούτων
1288 2615 1342 2650 γὰρ
1356 2616 1448 2651 πλήρη
1461 2616 1496 2642 τὰ
1511 2617 1720 2652 συγγράμματα
1734 2616 1831 2644 αὐτοῦ.

1041 2659 1073 2686 Et
1089 2660 1117 2685 αἱ
1131 2659 1177 2686 δύο
1194 2659 1301 2694 φύσεις,
1318 2661 1458 2688 τουτέστιν
1477 2663 1493 2697 ἡ
1512 2661 1608 2697 θεότης
1627 2662 1674 2689 καὶ
1690 2663 1706 2697 ὴ
1723 2662 1831 2699 ἀνθρω-

1040 2704 1136 2739 πότης,
1156 2705 1205 2740 μία
1228 2705 1310 2739 φύσις
1336 2706 1490 2740 γεγόνασιν,
1517 2707 1623 2734 εἰπάτω
1649 2707 1677 2733 τί
1691 2707 1722 2734 τὸ
1743 2707 1831 2742 δνομα

1039 2750 1160 2785 ταύτης;
1184 2751 1232 2778 Ἓν
1254 2752 1309 2786 γὰρ
1339 2752 1442 2786 ὀφείλει
1468 2751 1548 2785 εἶναι,
1567 2753 1605 2785 ὡς
1630 2753 1694 2788 μιᾶς
1720 2752 1831 2787 φύσεως

1040 2796 1220 2831 σημαντικόν.
1238 2798 1292 2824 Καὶ
1316 2798 1354 2833 μὴ
1383 2798 1447 2832 μίαν
1475 2798 1524 2833 μὲν
1542 2798 1622 2832 φύσιν
1645 2797 1759 2831 λεγέτω,
1771 2797 1828 2824 τῶν

1039 2842 1068 2870 δὲ
1087 2842 1259 2878 δύο¹φύσεων
1276 2843 1310 2871 τὰ
1326 2844 1446 2880 ὀνόματα
1462 2843 1605 2872 ἐπιτιθέτω
1630 2844 1712 2879 αὐτῇ,
1729 2843 1773 2871 ίνα
1790 2843 1832 2881 μὴ
