1971 3091
123 203 182 235 ’913

657 204 833 235 EPISTOLA
858 205 906 234 DE
926 203 1077 234 DUABUS
1096 203 1277 234 NATURIS.

1709 199 1759 232 9H

129 261 212 289 πάλιν
227 260 331 296 ἀναλῦῃ
346 260 394 296 τὴν
411 260 476 296 μίαν
491 260 531 292 εις
546 261 579 288 τὰ
602 260 631 293 ἐξ
655 258 702 294 ὧν,
727 262 915 297 ὅπερνᾶπαγοη

969 269 1016 290 sus
1033 269 1115 288 unam
1131 265 1258 289 naturam
1271 260 1299 288 in
1316 259 1376 287 illas
1393 259 1480 287 solvat
1494 266 1509 287 e
1524 258 1625 294 quibus
1643 264 1760 294 constat,

128 308 214 344 ρεύει.
230 307 266 334 Ἦ
289 307 324 334 τὰ
351 306 400 342 μὲν
425 307 544 342 ὀνόματα
558 306 625 343 μόνα
641 307 695 334 τῶν
710 306 918 334 ἁποτελεσασῶν

128 354 237 389 φύσεων
253 354 340 389 μένει,
354 353 421 380 αὐτὸ
438 353 466 380 δὲ
483 353 513 380 τὸ
530 353 704 388 ἀποτέλεσμα
724 353 867 388 ἀνώνυμον
878 362 885 369 ·
902 354 918 389 ἢ

126 398 183 428 οἷον
197 400 219 427 δ’
231 400 265 428 ἂν
275 401 361 435 ὄνομα
375 400 517 436 ἐπινοήσῃ,
533 399 619 436 τούτῳ
631 400 678 427 καὶ
688 401 704 437 ἡ
714 399 831 428 τεκοῦσα
845 401 916 437 Παρ-

127 447 203 478 θένος
217 446 428 482 σεμνυθήσεται.

163 490 229 520 Οῐδα
241 492 269 519 δὲ
280 493 343 524 τοὺς
357 491 440 519 αὐτοῦ
455 491 501 519 διὰ
513 491 616 524 ταύτην
627 492 676 528 τὴν
690 492 779 519 αἰτίαν
790 492 918 527 λέγοντας

125 539 172 565 τὸν
183 537 311 574 Χριστὸν,
352 538 467 573 Χριστός
478 539 562 570 ἐστιν,
582 538 676 574 μηδενὶ
685 536 753 565 εἶναι
764 538 917 573 ὀμοοὺσιον,

125 585 173 611 καὶ
195 584 264 620 μήτε
279 583 346 610 Θεὸν
363 581 434 610 εἶναι
458 585 527 620 μήτε
551 584 706 620 ἄνθρωπον.
731 585 762 611 E1
785 584 814 610 δὲ
839 583 919 611 τοῦτο

126 629 238 665 ἀληθὲς,
253 628 316 656 οὔτε
334 629 400 661 Θεός
415 630 488 656 ἐστιν
504 630 518 656 ὁ
531 629 660 665 Χριστὸς,
682 628 743 656 οὗτε
755 629 885 660 Θεοτόκος
901 628 917 664 ή

127 675 275 711 Παρθένος,
290 674 347 701 ἀλλ’
361 674 399 707 ὼς
409 675 523 710 λέγουσι
533 675 717 711 Χριστοτόκος
733 674 803 702 κατὰ
818 675 919 702 Νεστό-

127 729 196 756 ριον,
213 717 243 747 οὗ
265 720 300 746 τὰ
320 720 431 756 χείρονα
449 719 577 755 φρονοῦσι
592 720 671 748 πολύ.
695 720 766 746 Ἀλλ’
779 719 840 747 οὐδὲ
853 720 917 747 πάν-

126 774 180 798 τως
197 765 227 792 τδ
247 767 279 792 ὲκ
305 765 352 792 δύο
374 765 455 792 τινῶν
472 766 671 801 συνενηγμένον
695 765 835 801 ἀσύγχυτα
853 765 917 800 ὲφύ-

125 811 206 843 λαξεν
223 812 257 838 τὰ
271 811 302 843 ἐξ
317 808 353 838 ὧν
369 819 375 826 ·
395 811 442 838 καὶ
460 811 515 846 γὰρ
534 809 606 843 οἶνος
621 811 669 838 καὶ
695 811 767 847 ὕδωρ
790 820 917 847 συνενεχ-

127 856 207 883 ῦέντα
228 856 390 891 συγχέονται
406 863 413 871 ·
431 857 534 892 ὁμοίως
554 857 602 883 καὶ
615 857 717 892 χρυσὸς
730 857 778 883 καὶ
794 858 917 893 ἄργυρος

126 904 155 929 ὲν
171 904 205 938 τῇ
216 903 317 938 χωνείᾳ
330 911 337 919 ·
353 903 413 930 ἀλλ’
427 902 489 930 οὐδὲ
503 903 532 930 τὸ
544 904 575 930 ὲκ
591 903 638 930 δύο
654 903 841 939 γνωσθήσεται
851 912 916 930 ποτε

125 950 166 976 ὅτι
181 949 254 976 ἐστιν
265 949 297 975 ὲκ
308 949 365 981 δύο,
382 950 406 976 εί
425 949 464 985 μὴ
480 949 552 976 κατὰ
562 949 612 984 τὴν
628 950 726 977 ’ἑνωσιν
739 950 786 976 καὶ
800 950 830 976 τὸ
848 950 916 976 ἀπο-

125 995 255 1029 τέλεσμα.
269 995 337 1030 Περὶ
351 994 379 1022 δὲ
394 995 540 1030 ἐνεργειῶν
554 996 601 1022 καὶ
613 996 751 1032 ιδιοτήτων
770 996 844 1028 ὅπως
858 996 916 1023 δια-

126 1042 222 1075 φωνεῖ,
239 1041 305 1068 ποτὲ
321 1041 369 1077 μὲν
383 1040 593 1077 ἀναθεματίζων
611 1042 675 1074 τοὺς
689 1042 829 1076 λέγοντας,
851 1042 916 1069 ποτὲ

125 1087 155 1113 δὲ
171 1086 309 1121 ὁμολογῶν
318 1087 404 1117 αὐτὰς
414 1088 428 1114 ὁ
443 1087 523 1119 αὐτὸς
536 1087 713 1123 πολύμορφος
729 1088 858 1124 Σευῆρος,
872 1097 916 1123 γι-

125 1132 277 1160 νώσκουσιν
301 1133 326 1159 οἱ
347 1132 506 1169 φιλαληθῶς
525 1133 759 1168 ἀναγινώσκοντες
772 1134 806 1161 τὰ
821 1135 914 1163 αὐτοῦ.

126 1175 187 1205 Εἶδε
203 1179 277 1213 γνῶς
292 1181 301 1190 '
317 1179 376 1211 πῶς
391 1179 466 1214 λέγει
483 1179 546 1211 τοὺς
563 1179 690 1215 Πατέρας
702 1179 858 1216 χρήσασθαι
881 1181 915 1216 τῇ

125 1226 202 1261 φωνῇ
228 1224 284 1252 τῶν
307 1225 362 1252 δύο
388 1226 512 1260 φύσεων
539 1226 710 1260 ἀδιαόλήτως
720 1235 750 1253 τε
766 1227 811 1253 καὶ
824 1226 916 1262 ἀμέμ-

126 1279 213 1303 πτως,
227 1271 277 1298 οὐκ
295 1269 353 1298 οἴδα
371 1272 443 1303 τίνος
467 1271 652 1306 καταγελάσῃ
672 1272 763 1304 πλέον,
790 1272 872 1299 αὐτοῦ
898 1271 915 1308 ἢ

125 1316 180 1343 τῶν
196 1316 384 1351 ἁπατωμένων
412 1316 458 1343 ὑπ’
484 1316 567 1343 αὑτοῦ
581 1325 588 1331 ·
614 1316 840 1352 διεστραμμένως
863 1316 917 1352 γὰρ

126 1361 251 1389 ἐκλαϐὼν
271 1363 354 1394 αὐτὸς
369 1362 419 1398 τὴν
436 1363 538 1398 φωνὴν,
555 1362 760 1398 ἐσυκοφάντησε
779 1363 844 1394 τοὺς
858 1363 917 1392 Πα-

125 1408 209 1444 τέρας
217 1408 303 1439 οὕτως
313 1409 409 1443 νοῆσαι
420 1408 520 1441 αὐτοὺς
529 1408 642 1444 ταύτην,
657 1408 756 1445 ὥσπερ.
766 1409 813 1436 καὶ
824 1409 915 1441 αὐτός.

167 1454 290 1481 Ἰωάννου
323 1454 369 1481 τοῦ
400 1454 596 1490 γραμματικοῦ
630 1455 820 1491 παραθεμένου
851 1457 918 1491 χρῆ-

127 1508 171 1526 σιν
185 1499 231 1526 τοῦ
250 1500 387 1536 μακαρίου
407 1501 732 1537 Ἀμφιλοχίουκειμένην
748 1502 776 1529 ὲν
789 1501 828 1537 τῷ
846 1501 918 1536 λόγῳ

126 1545 209 1573 αὐτοῦ
225 1545 273 1581 τῷ,
293 1546 319 1572 Ὀ
346 1546 448 1581 Πατὴρ
471 1548 488 1574 ό
509 1547 631 1582 πέμψας
657 1555 706 1582 με,
733 1547 839 1582 μείζων
857 1548 917 1582 μού

125 1592 223 1624 ἐστιν,
245 1592 359 1627 ἔχουσαν
379 1592 466 1625 οὕτως
478 1601 485 1608 ·
501 1602 510 1618 ι
529 1593 673 1629 Διάκρινον
688 1593 781 1621 λοιπὸν
796 1594 845 1626 τὰς
862 1594 915 1628 φύ-
930 1608 952 1638 c

126 1647 183 1670 σεις
200 1639 250 1674 τήν
262 1647 292 1665 τε
306 1639 354 1666 τοῦ
371 1638 439 1666 Θεοῦ
462 1640 512 1674 τήν
542 1648 572 1666 τε
588 1639 634 1667 τοῦ
658 1639 804 1676 ἀνθρώπου
821 1649 828 1656 ·
853 1640 916 1668 οὔτε

125 1683 181 1718 γὰρ
203 1684 263 1709 κατ’
277 1683 415 1711 ἔκπτωσιν
429 1684 462 1710 ὲκ
476 1683 545 1710 Θεοῦ
561 1684 672 1718 γέγονεν
687 1683 839 1719 ἀνορωπος,
855 1683 916 1711 οὔτε

124 1728 199 1756 κατὰ
210 1729 351 1764 προκοπὴν
366 1729 396 1762 ἐξ
408 1729 553 1766 ἀνθρώπου
570 1730 636 1763 Θεός
650 1739 657 1745 ⁸
677 1730 742 1757 Θεδν
755 1730 783 1757 δὲ
798 1731 844 1758 καὶ
869 1730 916 1757 ἆν-

125 1775 235 1810 θρωπον
251 1774 349 1809 λέγων,
367 1775 432 1802 ὅταν
449 1775 481 1802 τὰ
497 1775 649 1811 παθήματα
665 1777 698 1811 τῇ
711 1776 802 1812 σαρκὶ,
820 1776 867 1803 καὶ
883 1776 916 1803 τὰ

125 1819 253 1855 θαύματα
264 1820 302 1855 τῷ
317 1819 377 1856 Θεῷ
391 1820 453 1855 δῷς,
469 1821 576 1857 ἀνάγκη
595 1822 643 1848 καὶ⁴
668 1822 708 1858 μὴ
729 1822 813 1849 θέλων
837 1822 916 1853 δίδως

123 1867 189 1898 τοὺς
206 1866 255 1901 μὲν
267 1868 415 1899 ταπεινοὺς
429 1866 527 1901 λόγους
540 1867 579 1903 τῷ
595 1868 627 1895 ὲκ
647 1868 756 1904 Μαρίας
768 1868 914 1905 ἀνθρώπῳ,

121 1912 188 1943 τοὺς
202 1912 230 1938 δὲ
243 1913 414 1948 ἀνηγμένους
430 1914 477 1941 καὶ
488 1913 651 1950 θεοπρεπεϊς
664 1914 703 1950 τῷ
713 1915 748 1942 ἐν
759 1915 839 1949 ἀρχῇ
851 1915 916 1942 ὄντι

123 1958 219 1994 Λόγῳ.
238 1968 247 1984 ι
269 1959 356 1990 Αὐτὸς
375 1959 450 1986 δοκεῖ
465 1960 569 1996 ταύτην
586 1960 748 1996 ἑρμηνεύειν
760 1960 916 1995 καταγινώ-

124 2013 198 2033 σκων
214 2004 262 2031 τοῦ
276 2005 476 2041 Γραμματικοῦ
504 2006 542 2038 ὡς
559 2006 654 2038 κακῶς
683 2007 843 2041 νενοηκότος
866 2007 916 2042 τὴν

123 2049 232 2085 χρῆσιν,
252 2050 300 2077 καί
317 2059 400 2086 φησιν
414 2060 420 2068 ι
444 2061 453 2078 ι
471 2052 565 2079 Ταῦτα
582 2053 629 2079 καὶ
640 2053 668 2079 ἒν
683 2055 738 2084 τοῖς
749 2053 800 2089 ήδη
817 2061 916 2087 προγε-

122 2096 325 2131 γυμνασμένοις
344 2097 538 2133 ἀπεδείξαμεν,
561 2097 599 2129 ὡς
622 2097 742 2129 ἅπαντες
760 2098 784 2124 οι
804 2098 854 2133 τῆς
868 2097 914 2124 εὑ-

123 2142 232 2174 σεὸείας
244 2143 398 2170 διδάσκαλοι
411 2144 480 2180 πρὸς
490 2145 552 2176 τοὺς
567 2144 664 2175 ἀθέους
684 2144 842 2179 Ἀρειανοὺς
852 2144 915 2176 τοὺς

121 2187 218 2221 λόγους
241 2188 409 2224 ποιούμενοι,
427 2190 606 2226 βιαζομένους
625 2191 703 2228 παρὰ
714 2192 765 2228 τὴν
782 2191 914 2228 ἀλήθειαν

120 2233 184 2265 τοὺς
202 2235 234 2269 τῇ
252 2235 458 2270 ὲνανθρωπήσει
474 2237 520 2263 καὶ
535 2237 567 2272 τῇ
578 2236 694 2272 ἑκουσίῳ
709 2237 830 2272 πτωχείᾳ
845 2237 914 2272 πρέ-

121 2286 221 2310 ποντας
229 2281 375 2311 ταπεινοὺς
389 2280 485 2315 λόγους
499 2282 545 2309 καὶ
561 2281 636 2316 πάθη
651 2281 719 2317 πρὸς
728 2281 777 2316 τὴν
792 2281 913 2317 προαιώ-

119 2332 176 2350 νιον
201 2324 322 2360 ὓπαρξιν
350 2327 427 2361 ἄγειν
457 2326 504 2354 τοῦ
526 2326 707 2361 Μονογενοῦς,
741 2328 789 2355 καὶ
807 2327 914 2363 γυμνήν

120 2370 168 2396 καὶ
183 2370 304 2406 ἄσαρκον
322 2371 370 2407 τὴν
386 2371 512 2408 θεότητα.
532 2372 674 2408 διήλεγχον
685 2372 776 2399 αὐτῶν
789 2372 838 2408 τὴν
850 2373 914 2400 ἀσέ-

119 2416 198 2442 ϐειαν
216 2417 383 2454 διαιροῦντες
397 2419 460 2451 τοὺς
474 2419 587 2454 χρόνους
599 2419 729 2452 εὐσεϐῶς,
745 2419 807 2451 τούς
819 2428 848 2446 τε
859 2419 913 2455 πρὸ

118 2461 169 2496 τῆς
183 2462 420 2499 ἐνανθρωπήσεως
429 2465 547 2496 καὶτοὺς
556 2465 626 2500 μετὰ
634 2465 683 2502 την
692 2464 912 2500 ενανθρώπησιν,

118 2507 277 2541 δεικνύντες
306 2510 440 2546 μηδαμῶς
468 2511 616 2547 ἁρμόττειν
639 2511 678 2547 τῷ
703 2511 763 2546 Θεῷ
780 2511 860 2546 Λόγῳ
878 2511 914 2538 τά

118 2562 147 2579 τε
164 2553 239 2590 πάθη
255 2555 304 2581 καὶ
320 2555 353 2582 τὰ
374 2556 491 2584 ταπεινὰ
511 2557 620 2592 ῥήματα
635 2557 698 2592 δίχα
720 2557 821 2592 σαρκὸς
847 2565 913 2584 σχον

118 2599 269 2635 τεθυμένῳ·
292 2601 328 2628 τὰ
353 2602 445 2637 μέντοι
471 2611 503 2637 γε
530 2603 658 2638 θαύματα
690 2604 841 2639 προσήκειν
865 2604 914 2631 αὐ-

116 2645 156 2680 τῷ
175 2646 248 2673 κατά
280 2647 362 2682 φύσιν
387 2648 444 2676 δντι
455 2648 514 2684 Θεῷ
544 2650 590 2677 καὶ
607 2650 811 2686 σεσαρκωμένῳ
827 2658 836 2666 ο
855 2650 913 2677 δια-

117 2690 222 2726 κρίνειν
244 2692 299 2728 γὰρ
330 2694 469 2721 ἐδίδασκον
504 2694 554 2727 τὰς
581 2695 676 2730 φύσεις
711 2697 745 2731 τῇ
775 2695 822 2723 τοῦ
849 2697 913 2732 χρό-

969 307 1045 343 quod
1067 307 1208 335 abhorret.
1225 308 1280 334 Aut
1301 306 1412 334 nomina
1435 305 1493 333 sola
1514 309 1627 333 manent
1646 309 1762 333 natura-

969 361 1033 381 rum
1053 353 1281 382 constituentium
1292 374 1300 386 ,
1313 353 1428 381 effectus
1454 359 1521 380 vero
1533 358 1701 386 anonymus;
1715 355 1762 378 aut

971 400 1024 428 tale
1038 401 1164 428 invenies
1178 408 1295 433 nomen,
1308 407 1364 435 quo
1377 404 1405 427 et
1418 399 1534 434 Deipara
1548 398 1632 433 Virgo
1646 397 1760 434 gloriari

969 447 1067 482 possit.

1004 493 1065 520 Non
1089 493 1186 528 ignoro
1207 493 1334 521 fautores
1349 493 1409 528 ejus
1431 492 1483 520 hac
1508 491 1542 520 de
1563 499 1645 519 causa
1667 490 1760 518 dicere

968 538 1125 572 Christum,
1139 547 1193 574 qua
1213 538 1340 566 Christus
1360 543 1416 570 est,
1432 537 1538 566 nemini
1558 544 1619 565 esse
1638 535 1774 574 consnby

969 585 1142 618 stantialem,
1155 592 1188 613 ac
1203 592 1292 620 neque
1309 585 1396 612 Deum
1410 591 1486 617 esse,
1501 591 1591 618 neque
1606 582 1757 611 hominem.

969 630 997 658 Si
1011 635 1102 658 autem
1114 630 1168 658 hoc
1179 638 1276 658 verum
1286 650 1292 661 .
1308 638 1363 657 non
1377 630 1449 657 Deus
1461 633 1504 657 est
1513 629 1654 661 Christus,
1669 634 1759 661 neque

968 675 1084 711 Deipara
1094 676 1187 711 Virgo,
1200 675 1248 703 sed
1260 675 1440 710 Christipara,
1448 679 1478 702 ut
1490 674 1568 701 aiunt
1575 674 1650 709 juxta
1662 672 1759 701 Nesto-

968 722 1056 754 rium,
1073 729 1128 757 quo
1148 723 1235 749 multo
1253 722 1333 756 pejus
1353 721 1486 749 sentiunt.
1504 720 1553 748 Ast
1574 727 1628 747 non
1642 725 1767 753 semper-

968 772 1059 796 scrvat
1071 776 1115 795 res
1129 768 1198 795 citra
1215 767 1405 795 confusionem
1421 774 1453 794 ea
1467 774 1482 793 e
1498 765 1599 800 quibus
1616 762 1760 798 componi—

968 819 1029 847 tur;
1051 821 1115 842 nam
1133 814 1226 841 vinum
1244 818 1272 841 et
1289 821 1359 848 aqua
1376 811 1572 848 conjunctione
1590 810 1758 841 miscentur;

968 861 1005 889 ita
1017 864 1045 888 et
1055 865 1198 895 argentum
1212 867 1243 887 ac
1257 867 1354 890 aurum
1371 858 1398 888 in
1412 858 1532 888 fornace.
1541 857 1601 887 Nec
1612 862 1765 891 cognosce-

968 911 1013 935 tur
1023 914 1038 934 e
1051 906 1161 934 duobus
1172 913 1234 934 esse
1245 905 1317 941 quod
1328 913 1344 933 e
1356 902 1592 935 duobus.est,_nisi
1607 901 1760 937 postunio-

967 961 1031 981 nem
1043 957 1070 980 et
1080 952 1196 981 eﬁ'ectus
1209 960 1240 980 ea
1255 951 1385 979 retineat.
1394 951 1432 980 De
1444 948 1653 985 operationibus
1666 951 1758 974 autem

966 1004 994 1027 et
1009 999 1227 1035 proprietatibus
1242 1005 1324 1033 quam
1340 997 1451 1024 diversa
1466 995 1567 1023 sentiat
1581 992 1763 1021 multiformis

966 1044 1095 1077 Severus,
1115 1051 1195 1071 nunc.
1208 1050 1256 1071 eos
1274 1041 1407 1072 damnans
1424 1040 1470 1075 qui
1482 1040 1542 1067 illas
1559 1038 1671 1070 dicunt,
1684 1044 1761 1067 nunc,

967 1091 1028 1120 illas
1053 1090 1113 1125 ipse
1136 1089 1288 1121 conﬁtens,
1303 1091 1481 1123 cognoscunt
1502 1086 1549 1121 qui
1574 1084 1676 1119 scripta
1699 1083 1766 1118 ejus.

966 1136 1090 1166 veritatis
1102 1135 1194 1164 studio
1206 1134 1381 1170 leguntJam
1393 1132 1495 1162 novisti
1508 1129 1648 1167 quomodo
1661 1130 1765 1158 Patres.

967 1182 1151 1217 dicatabsque
1159 1181 1373 1216 reprehensione
1385 1184 1413 1207 et
1434 1178 1550 1207 crimine
1563 1185 1631 1205 voce
1643 1176 1757 1206 duarum

969 1234 1131 1258 naturarum
1165 1235 1226 1256 esse
1263 1234 1342 1260 usos;
1361 1226 1455 1254 nescio
1474 1232 1557 1260 quem
1577 1223 1663 1258 magis
1682 1221 1757 1250 deri-

967 1275 1157 1310 deam,ipsum
1170 1277 1218 1302 aut
1237 1273 1356 1301 asseclas
1375 1272 1450 1308 ejus;
1472 1278 1535 1298 nam
1557 1270 1649 1304 inepte
1661 1275 1756 1296 vocem

967 1322 1105 1354 attollens,
1125 1321 1221 1349 Patres
1238 1320 1371 1355 increpat,
1380 1317 1452 1355 quod
1461 1318 1557 1346 eadem
1566 1321 1631 1345 sunt
1639 1315 1769 1346 confessi,

968 1376 1028 1404 quae
1041 1368 1104 1403 ipsi.
1115 1394 1120 1396 _

1002 1459 1123 1487 Joannes
1151 1457 1346 1493 grammaticus
1375 1457 1466 1484 locum
1503 1455 1587 1482 hunc:
1605 1453 1761 1489 protulerat

969 1504 1042 1532 beati
1056 1503 1240 1539 Amphilochii
1254 1511 1288 1532 ex
1303 1510 1430 1531 sermone
1446 1503 1506 1538 ejus
1522 1502 1550 1529 in
1567 1499 1635 1529 illud
1653 1509 1660 1527 :
1675 1499 1758 1527 Pater

969 1550 1013 1585 qui
1028 1550 1099 1576 misit
1114 1557 1165 1582 me,
1177 1549 1265 1584 major
1277 1557 1318 1576 me
1333 1552 1381 1581 est,
1394 1548 1581 1582 desumptum.
1600 1555 1609 1572 ι
1626 1546 1758 1574 Discerne

969 1595 1003 1623 de
1026 1599 1125 1624 uetera
1148 1600 1270 1628 naturas,
1285 1594 1408 1622 divinam
1431 1598 1459 1622 et
1481 1593 1649 1620 humanam:
1667 1599 1757 1626 neque

968 1642 1043 1669 enim
1069 1640 1211 1676 dignitatis
1239 1640 1433 1669 imminutione
1462 1647 1495 1667 ex
1521 1639 1578 1666 Deo
1602 1637 1690 1665 factus
1715 1640 1758 1663 est

967 1687 1070 1720 homo,
1099 1694 1189 1722 neque
1222 1686 1364 1722 dignitatis
1394 1685 1552 1713 accessione
1581 1691 1616 1712 ex
1645 1683 1756 1713 homine

967 1731 1041 1758 Deus
1060 1730 1109 1766 (4).
1126 1732 1212 1759 Deum
1229 1735 1257 1759 et
1273 1730 1415 1758 hominem
1436 1729 1550 1763 dicens,
1564 1728 1675 1764 quando
1695 1735 1760 1762 pasr.

967 1778 1061 1805 siones
1080 1778 1156 1805 carni
1175 1782 1203 1804 et
1225 1777 1364 1806 miracula
1377 1777 1433 1804 Deo
1455 1776 1696 1808 tribuis,,necesse
1715 1778 1758 1800 est

968 1828 998 1851 ut
1015 1824 1059 1850 vel
1077 1823 1181 1850 invitus
1198 1823 1317 1851 humiles
1334 1830 1477 1850 sermones
1494 1821 1601 1849 homini
1620 1828 1654 1847 ex
1672 1819 1765 1848 Maria.

967 1874 1031 1897 nato
1045 1869 1167 1897 ascribas
1184 1889 1190 1900 .
1204 1869 1337 1896 sublimes
1349 1876 1415 1896 vero
1429 1873 1456 1896 et
1469 1868 1578 1895 divinos
1594 1866 1674 1893 Verbo
1689 1865 1764 1901 quod

967 1916 994 1942 in
1014 1916 1143 1950 principio
1162 1919 1230 1942 erat.
1248 1925 1257 1941 ι
1280 1914 1366 1948 Quem
1390 1915 1481 1942 locum
1503 1914 1561 1949 ipse
1581 1912 1758 1947 interpretari

966 1965 1060 1996 putat,
1079 1961 1203 1988 incusato
1225 1961 1346 1994 Joanne,
1362 1961 1439 1995 quasi
1467 1967 1551 1995 prave
1573 1959 1651 1986 illum
1674 1957 1757 1985 intel-

966 2006 1087 2035 lexisset.
1103 2015 1112 2032 ι
1128 2006 1186 2034 Jam
1203 2006 1230 2033 in
1244 2006 1390 2041 procemio,
1401 2006 1450 2039 ait,
1462 2005 1651 2041 probavimus,
1662 2011 1757 2032 omnes

966 2053 1077 2088 pietatis
1088 2052 1217 2080 doctores
1229 2053 1261 2080 ad
1276 2052 1375 2087 impios
1387 2052 1504 2080 Arianos
1516 2051 1600 2079 verba
1613 2050 1761 2081 facientes.

966 2097 1014 2133 qui
1033 2103 1128 2133 spreta
1143 2098 1258 2125 veritate
1275 2105 1418 2125 sermones
1433 2097 1554 2127 humiles
1572 2095 1764 2126 incarnationi

965 2147 994 2171 et
1010 2144 1172 2172 voluntariae
1188 2144 1344 2179 paupertati
1362 2143 1558 2172 convenientes
1575 2141 1609 2169 ad
1625 2146 1756 2169 aeternam

965 2189 1105 2226 Unigeniti
1125 2191 1287 2223 essentiam,
1303 2190 1342 2219 ad
1355 2189 1463 2219 nudam
1473 2194 1503 2217 et
1517 2196 1599 2219 carne
1616 2191 1755 2215 carentem

966 2235 1139 2264 divinitatem
1159 2236 1262 2264 referre
1282 2236 1465 2269 conabantur,
1481 2236 1553 2266 hanc
1572 2234 1639 2270 ipsis
1658 2233 1756 2268 impie—

930 2277 951 2305 D
968 2285 1057 2323 tatem?
1072 2282 1181 2310 crimini
1197 2283 1324 2311 vertisse.
1339 2283 1474 2317 Tempora
1492 2281 1537 2317 pie
1554 2282 1764 2311 distinxerunt..

966 2327 996 2354 in
1011 2335 1043 2355 ea
1059 2335 1121 2363 qum
1136 2332 1200 2357 ante
1217 2328 1552 2363 incarnationem,inque
1570 2335 1601 2355 ea
1618 2334 1679 2362 qua
1695 2331 1757 2361 post

965 2373 1186 2403 incarnationem
1195 2395 1209 2408 ,_
1223 2375 1410 2403 ostendentes.
1420 2375 1561 2409 nunquam
1587 2374 1642 2401 Deo
1664 2372 1756 2400 Verbo

963 2420 1106 2455 passiones
1121 2426 1149 2449 et
1162 2421 1277 2451 humilia
1290 2422 1374 2450 verba
1388 2422 1548 2452 convenire,
1562 2421 1632 2448 citra
1645 2427 1755 2447 carnem

964 2467 1155 2501 considerato;
1174 2468 1312 2498 miracula,
1324 2476 1390 2496 vero
1409 2468 1461 2503 ipsi
1481 2471 1639 2502 competere
1656 2466 1756 2494 divinae

965 2517 1072 2543 natura:
1082 2518 1110 2541 et
1123 2515 1264 2542 incarnato
1278 2515 1346 2542 Deo.
1356 2514 1473 2543 Naturas
1487 2514 1644 2542 docuerunt
1657 2513 1756 2541 distin-

965 2560 1087 2596 guendas
1100 2568 1160 2588 esse
1176 2565 1331 2596 temporum
1348 2560 1523 2593 differentia,
1535 2565 1618 2595 atque
1634 2560 1671 2587 ita
1687 2559 1755 2587 dcti-

965 2606 1080 2636 niertunt
1097 2615 1158 2642 qua
1176 2607 1261 2635 fuerit
1281 2612 1380 2636 natura
1402 2615 1485 2635 carne
1503 2606 1628 2634 destituti
1650 2606 1714 2638 Dei,
1728 2612 1767 2635 et.

966 2660 1027 2687 qua:
1051 2657 1149 2681 natura
1171 2653 1219 2680 Dei
1242 2662 1291 2688 per
1315 2653 1551 2689 dispensationem
1574 2653 1678 2688 absque
1702 2652 1767 2680 ulla.

966 2699 1120 2726 mutatione
1138 2698 1321 2726 inhumanati.
1338 2709 1346 2725 ι

118 2746 166 2764 νου
198 2740 337 2777 διαστολῇ,
369 2741 412 2774 τίς
436 2751 466 2769 τε
486 2743 568 2777 φύσις
595 2742 720 2778 ἁσάρκου,
747 2743 827 2776 Θεοῦ,
852 2744 894 2777 τίς
913 2753 942 2772 τε
969 2745 1050 2780 φύσις
1076 2746 1136 2773 κατ’
1165 2746 1321 2782 οἰκονομίαν
1348 2746 1492 2784 ἀτρέπτως
1513 2745 1658 2782 ανθρώπου
1679 2752 1755 2779 γενο-

119 2784 213 2820 μένου.
228 2794 238 2811 ι

153 2843 161 2853 ¹
179 2842 226 2870 Sic
238 2844 380 2872 mendose.
394 2845 436 2873 An
454 2845 601 2882 legendum
617 2847 648 2874 Ei
662 2847 689 2875 δὲ
705 2847 761 2883 γνῷ
775 2857 835 2882 τις;
848 2857 912 2877 mox

970 2849 1006 2876 im
1022 2849 1051 2876 in
1064 2849 1177 2884 apodosi
1194 2850 1295 2886 legitur
1311 2850 1502 2885 καταγελάσει.
1520 2850 1593 2877 Enl'r.

154 2888 193 2924 (4-)
209 2889 289 2930 Apud
299 2891 475 2930 Anas_tasiu_m_
489 2892 530 2930 ita
541 2901 571 2921 se
578 2893 664 2930 habet
676 2894 823 2923 hio'lmus:
836 2905 844 2921 ι
856 2895 910 2922 Ne-

118 2932 174 2958 que
188 2926 263 2953 enim
272 2926 424 2956 secundum
439 2927 668 2958 inhabitationem
689 2938 723 2958 ex
746 2932 804 2960 Deo
820 2930 909 2959 lactus

965 2899 1008 2932 est
1022 2895 1115 2932 homo,
1139 2904 1228 2931 neque
1248 2897 1400 2924 secundum
1420 2896 1571 2932 profectum
1594 2903 1626 2923 ex
1643 2895 1754 2925 homine

962 2931 1043 2959 Deus.
1060 2930 1193 2967 (Βίὺιῖοιίι.
1207 2933 1335 2967 maxima,
1350 2932 1396 2967 ιλ,
1411 2930 1437 2967 p.
1450 2931 1523 2966 85L)
