1971 3091
214 173 266 206 915

834 174 1043 205 ΕΗΞΤΑΤΗΙΙ
1061 174 1233 205 MONACHI

1796 174 1847 208 916

250 230 320 259 Proh
335 225 444 258 insania
458 235 486 257 et
497 229 611 265 perﬁdia
627 229 774 264 sapientisi
791 229 844 256 Aut
857 230 932 256 enim
948 229 1000 265 ipst

1095 230 1166 264 Εὖγε
1195 230 1245 265 τῆς
1275 230 1421 262 ἀσυνεσίας
1451 230 1497 256 καὶ
1529 230 1578 265 τῆς
1608 230 1716 265 ἀπάτης
1735 231 1782 257 τοῦ
1806 239 1852 258 σο-

212 285 267 305 non
289 277 426 304 intellexit
445 284 506 311 quas
528 275 652 308 dicebat,
670 279 717 302 aut
740 275 885 302 audientes
907 275 1002 304 fallere

212 324 312 352 voluit.
329 322 408 351 Haud
431 323 511 350 aliter
533 331 561 350 se
585 322 668 358 gessit
690 330 722 349 ac
742 322 868 356 lepores,
885 321 932 356 qui
955 322 1002 349 ubi

212 368 350 404 fugientes
366 376 395 396 se
413 375 474 395 mox
492 376 507 395 a
525 366 757 402 persequentibus
775 366 922 401 capiendos
939 374 1004 393 sen-
1021 367 1024 369 '

213 416 300 448 tiunt,
317 413 376 443 solo
396 414 558 450 perturbato
575 418 604 441 et
621 413 734 449 pulvere
761 421 812 448 per
837 413 1003 440 subeuntem

212 469 277 489 aera
294 461 423 493 excitato,
436 460 552 496 vestigia
567 467 616 488 sua
631 459 764 494 relegant,
778 459 829 486 ista
845 463 903 486 arte
919 467 947 486 se
960 459 1004 486 in-

213 507 408 543 vestigantium
424 506 519 534 oculos
532 506 662 533 illusuros
681 508 834 540 sperantes,
844 509 872 532 et
886 505 1001 532 salutem

212 555 421 581 consecuturos.
436 552 472 580 At
493 552 575 587 periti
598 555 743 578 venatores
764 555 823 578 arte
847 558 902 577 non
924 549 1000 578 deci-

211 599 337 633 pientur,
355 603 383 626 et
396 597 519 634 vestigiis
541 597 716 629 insistentes,
738 604 801 624 mox
821 601 1004 632 assequentur

212 644 352 680 fugitivos.
370 643 493 678 Simplex
513 648 557 672 est
576 643 703 671 veritatis
723 650 824 671 sermo.
842 642 934 676 Quare
954 650 1003 678 per

211 693 252 717 tot
263 689 350 718 ﬂexus
365 693 392 717 te
407 689 442 718 ad
454 691 597 725 aenigmata
611 693 640 717 et
653 689 770 725 ineptias
783 690 894 725 recipis,
908 689 1001 723 homo,

209 735 342 763 omnibus
355 735 527 771 perturbatis
542 740 570 763 et
582 735 720 768 confusis,
734 739 765 762 ut
778 735 921 763 auditores
937 735 1005 763 cali-

210 781 273 816 gine
286 781 441 809 obcatcatos
454 781 538 809 variis
551 782 606 809 tuis
620 782 898 817 interpretationibus
909 781 1002 815 fallas,

209 834 260 861 per
269 827 431 855 verisimilia
444 828 528 855 verba
545 827 632 863 ipsam
647 827 792 855 veritatem
808 827 949 862 devitans;

1057 276 1107 311 φοῦ
1120 277 1127 304 !
1141 277 1176 303 ‘H
1191 277 1244 312 γὰρ
1258 276 1340 308 αὐτὸς
1356 276 1386 304 οὺ
1405 276 1522 312 συνῆκεν
1536 275 1607 312 ἅπερ
1625 274 1714 309 εἶπεν,
1735 276 1752 313 ἢ
1777 277 1848 304 ἀπα-

1055 322 1285 360 τῆσαιὲὸουλήθη
1294 323 1356 355 τοὺς
1370 323 1518 359 ἀκροατὰς,
1533 324 1580 350 καὶ
1594 323 1744 359 πεποίηκεν
1757 324 1848 359 ὅμοιόν

1057 378 1083 396 τι
1120 370 1176 401 τοῖς
1207 369 1345 404 λαγωοῖς”
1372 369 1397 396 οἳ
1433 369 1496 396 ὅταν
1523 369 1671 404 φεύγοντες
1701 369 1847 396 αἴσθωνται

1057 416 1099 443 ὅτι
1114 415 1372 451 καταλαμϐάνονται
1392 415 1445 442 ὑπὸ
1467 415 1522 443 τῶν
1536 416 1700 448 διωκόντων,
1721 417 1848 451 συγκινή-

1057 470 1155 494 σαντες
1167 461 1213 488 τὸν
1229 462 1410 497 ὑποκείμενον
1432 461 1497 496 χοῦν
1514 461 1562 489 καὶ
1579 461 1718 497 κονιορτοῦ
1731 461 1848 498 πληρώ-

1056 515 1153 538 σαντες
1184 506 1230 534 τδν
1255 507 1471 544 περικεχυμένον
1490 507 1570 542 ἀέρα,
1590 507 1629 539 εἰς
1644 506 1766 534 τούπίσω
1785 508 1850 534 ἀνα-

1055 553 1220 589 στρέφουσι,
1231 555 1264 589 τῇ
1290 555 1400 589 μηχανῇ
1410 553 1497 590 ταύτῃ
1505 554 1567 586 τοὺς
1577 553 1627 589 μὲν
1640 553 1848 589 ἰχνηλατοῦντας

1052 599 1225 627 ἑπισκοτίσαι
1243 599 1412 635 βουλόμενοι,
1431 600 1509 627 αὐτοὶ
1531 600 1559 626 δὲ
1575 599 1718 635 διαδρᾶσαι
1734 601 1847 635 ἐπινοή-

1052 654 1158 677 σαντες.
1180 645 1251 673 Ἀλλ’
1270 646 1294 672 oi
1314 645 1441 681 ἔμπειροι
1468 645 1522 672 τῶν
1546 645 1698 672 διωκόντων
1719 645 1781 672 οὔτε
1804 646 1849 672 τὸν

1055 690 1130 717 δόλον
1149 690 1341 725 ἀγνοήσουσιν,
1365 690 1463 721 καὶ,τά
1477 690 1540 726 ἴχνη
1553 691 1786 727 ἀναζητήσαντες,
1802 691 1848 717 τὸν

1057 736 1193 772 φεύγοντα
1208 736 1400 771 συλλήψονται.
1425 736 1541 769 Ἀπλοῦς
1562 737 1576 762 ὁ
1598 737 1677 771 λόγος
1706 737 1757 769 τῆς
1782 737 1848 771 ἀλη-

1057 782 1142 814 θείας.
1157 782 1191 809 Τί
1206 783 1318 818 μακρὰν
1334 783 1403 818 πρὸς
1419 783 1536 818 γρίφους
1554 783 1602 810 καὶ
1624 782 1720 814 ὕθλους
1733 782 1850 818 ἀποτρέ-

1056 837 1125 864 χεις,
1143 828 1286 864 ἄνθρωπε,
1310 829 1399 856 πάντα
1423 829 1547 864 συγχέων
1579 829 1626 856 καὶ
1643 829 1848 863 συνταράσσων,

210 871 254 900 ἵνα
268 873 331 904 τοὺς
353 873 492 908 ἀκροατὰς
509 874 548 905 εἰς
574 873 741 901 σκοτοδινίαν
779 873 923 909 ἐμϐαλὼν,
949 875 1009 906 ταῖς
1026 874 1183 907 ἀλλοκότοις
1197 878 1244 902 σου
1279 875 1440 911 ἑρμηνείαις
1459 875 1600 912 διαλάθῃς,
1614 875 1658 902 διὰ
1673 876 1728 903 τῶν
1758 875 1849 911 ῥημά-

209 927 264 946 των
275 921 325 955 τῆς
338 919 467 955 ἀληθείας
483 921 533 956 τὴν
548 919 677 955 ἀλήθειαν
690 919 854 954 ἀποφεύγων
870 929 878 955 ;

244 965 363 993 Sanctus
378 973 440 993 cum
453 966 597 1001 passiones
610 965 685 993 carni
700 965 811 998 tribuit,
825 969 852 993 et
866 966 1000 994 miracula
1016 971 1039 1001 ιι

209 1011 284 1045 Deo,
299 1012 409 1047 absque
433 1012 490 1040 ulla
510 1013 777 1044 circumlocutione,
797 1017 912 1040 naturas
934 1013 1003 1041 duas

209 1058 302 1086 carnis
326 1063 354 1086 et
367 1058 520 1086 divinitatis
533 1058 634 1092 innuit,
645 1064 673 1087 et
684 1067 732 1087 eas
743 1059 810 1087 dicit
822 1059 1001 1095 distinguere,

210 1104 378 1140 cogitatione
401 1105 526 1138 scilicet;
549 1113 601 1132 nec
624 1109 749 1140 tempora
772 1105 933 1141 distinguit,
951 1112 1003 1133 nec

210 1154 366 1186 temporum
384 1151 543 1179 differentia
557 1159 641 1179 unam
658 1155 732 1178 tuam
747 1156 873 1179 naturam
891 1151 918 1178 in
933 1151 1003 1179 duas

210 1201 339 1230 naturas,
356 1197 431 1225 omni
457 1205 556 1233 nempe
579 1198 734 1226 substantia
758 1203 894 1236 carentes.
914 1198 1002 1226 Unam

209 1242 284 1270 enim
304 1247 379 1271 tuam
401 1248 529 1272 naturam
551 1244 760 1273 substantialem
779 1245 849 1273 dicis
866 1249 894 1273 et
911 1245 1002 1273 subsi-

210 1292 346 1322 stentem;
363 1290 410 1318 ubi
423 1298 489 1318 vero
503 1299 563 1319 eam
578 1291 714 1318 binariam
727 1299 872 1324 numeras,
886 1299 941 1318 non
955 1291 1003 1318 ad-

207 1334 272 1371 jicis
285 1334 439 1364 divinitatis
452 1341 558 1364 natura:
570 1341 696 1364 naturam
709 1337 801 1364 carnis
813 1345 894 1372 quam
908 1344 1003 1365 susce-

209 1380 251 1416 pit
263 1381 336 1409 Deus
349 1381 482 1414 Verbum,
495 1387 523 1410 et
534 1387 649 1418 propter
660 1391 742 1418 quam
757 1391 790 1410 ex
803 1383 911 1410 duabus
923 1387 1003 1411 natu-

210 1426 250 1453 ris
265 1431 396 1455 constans
411 1427 515 1455 dicitur
531 1428 592 1456 dua:
607 1434 730 1462 naturae;
749 1429 797 1456 sed
815 1429 901 1464 ipsam
921 1437 1002 1457 unam

210 1470 333 1500 divinam
354 1473 537 1501 substantiam
547 1495 554 1507 ,
567 1475 610 1501 vel
628 1480 754 1502 naturam
764 1495 771 1506 ,
787 1474 815 1501 in
830 1475 898 1502 duas
911 1479 1002 1510 partes

210 1518 319 1546 ratione
339 1523 495 1554 temporum
517 1520 675 1557 distinguis.
689 1519 768 1554 Quod
785 1521 807 1548 si
826 1520 878 1548 hac
897 1521 1002 1549 ratione

213 1571 267 1592 una
282 1568 384 1592 natura
403 1569 446 1593 est
461 1565 589 1594 Christus
606 1566 678 1601 apud
698 1571 724 1594 te
743 1566 793 1600 (ne
811 1566 884 1594 dicat
900 1567 1002 1594 veritas

206 1609 282 1646 apud
296 1610 424 1645 Patres),
438 1619 504 1639 sane
519 1612 567 1647 qui
583 1620 615 1640 ex
631 1612 739 1640 duabus
753 1612 860 1640 naturis
875 1617 999 1646 constat,

1091 967 1122 994 '0
1129 967 1206 1006 ἅγιος
1219 967 1307 999 διδοὺς
1319 966 1354 994 τὰ
1368 967 1519 1003 παθήματα
1532 969 1566 1003 τῇ
1583 967 1730 1003 «mxima!
1739 967 1772 994 τὰ
1782 968 1848 994 θαύ-

1056 1021 1129 1049 ματα
1142 1013 1180 1048 τῷ
1194 1013 1264 1049 Θεῷ,
1279 1013 1364 1049 χωρὶς
1378 1014 1468 1048 πάσης
1483 1013 1719 1050 περιεργολογίας,
1732 1012 1781 1046 τὰς
1799 1014 1849 1048 φύ-

1055 1067 1112 1091 σεις
1123 1059 1172 1093 τὴν
1189 1058 1279 1094 σάρκα
1294 1059 1342 1086 καὶ
1357 1059 1408 1095 τὴν
1425 1059 1541 1095 θεότητα
1553 1059 1674 1095 ἐνόησεν,
1690 1059 1737 1087 καὶ
1748 1060 1848 1092 ταύτας

1054 1101 1132 1132 εἷπεν
1148 1104 1298 1140 διακρίνειν
1311 1104 1434 1140 δηλονότι
1451 1106 1484 1141 τῇ
1503 1106 1610 1141 ἐπινοίᾳ
1627 1114 1634 1122 ·
1651 1106 1681 1132 οὑ
1706 1105 1761 1142 γὰρ
1782 1106 1848 1142 χρό-

1053 1158 1116 1182 νους
1126 1150 1174 1177 καὶ
1192 1151 1224 1186 τῇ
1241 1150 1289 1177 τοῦ
1305 1151 1403 1187 χρόνον
1418 1150 1543 1187 διαστολῇ
1567 1151 1785 1178 ωνδιαστέλλειν
1799 1152 1848 1186 τὴν

1055 1196 1122 1231 μίαν
1147 1204 1193 1223 σου
1213 1195 1298 1231 φύσιν
1310 1197 1351 1228 εἰς
1366 1196 1414 1223 δύο
1429 1196 1534 1231 φύσεις,
1555 1196 1604 1223 καὶ
1626 1196 1722 1231 φύσεις
1737 1197 1788 1224 οὐκ
1801 1197 1848 1223 οὺ-

1054 1242 1171 1274 σιώδεις.
1196 1242 1252 1278 Τὴν
1279 1242 1328 1278 μὲν
1349 1242 1404 1278 γὰρ
1419 1243 1485 1278 μίαν
1500 1241 1582 1278 φύσιν
1594 1242 1710 1278 οὑσιώδη
1726 1242 1773 1270 καὶ
1803 1243 1847 1269 ἑν-

1053 1289 1204 1316 υπόστατον
1223 1288 1323 1323 λέγεις.
1333 1289 1418 1316 Ὅταν
1433 1288 1462 1315 δὲ
1486 1288 1589 1324 ταύτην
1619 1288 1668 1324 τὴν
1699 1288 1763 1324 μίαν
1801 1289 1848 1316 δύο

1053 1335 1185 1371 ἀριθμῇς,
1206 1335 1237 1362 οὐ
1252 1336 1285 1372 τῇ
1307 1336 1356 1372 μιᾷ
1370 1337 1402 1371 τῇ
1420 1335 1469 1371 τῆς
1485 1335 1612 1371 θεότητος
1627 1334 1785 1371 προστιθεῖς
1796 1336 1846 1371 τὴν

1053 1381 1135 1417 φύσιν
1149 1382 1200 1417 τῆς
1222 1382 1324 1417 σαρκὸς
1345 1382 1378 1418 ἢν
1393 1381 1524 1409 ἀνέλαϐεν
1538 1382 1552 1408 ὁ
1567 1381 1633 1413 Θεὸς
1649 1381 1746 1416 Λόγος,
1759 1381 1794 1408 δι’
1811 1382 1846 1418 ἢν

1053 1428 1101 1455 καὶ
1115 1428 1145 1454 τὺ
1155 1428 1187 1455 ὲκ
1200 1427 1246 1455 δύο
1257 1427 1366 1463 φύσεων
1374 1427 1485 1463 λέγεται
1500 1428 1546 1455 δύο
1560 1427 1668 1463 φύσεις,
1685 1427 1743 1454 ἀλλ’
1758 1428 1845 1463 αὐτὴν

1052 1473 1101 1509 τὴν
1123 1474 1186 1509 μίαν
1202 1473 1296 1510 θεῖκὴν
1311 1473 1418 1505 οὐσίαν,
1433 1473 1492 1510 ἦτοι
1509 1474 1600 1509 φύσιν,
1613 1474 1653 1505 είς
1666 1473 1712 1500 δύο
1724 1472 1846 1508 διαιρου-

1054 1518 1139 1555 μένην
1154 1519 1297 1555 χρονικῶς.
1316 1519 1349 1546 El
1368 1519 1395 1545 δὲ
1411 1519 1480 1547 κατὰ
1493 1519 1572 1546 τοῦτο
1593 1519 1642 1554 μία
1662 1518 1743 1553 φύσις
1770 1519 1845 1544 ἐστὶν

1051 1564 1066 1590 ό
1080 1564 1199 1599 Χριστὸς
1218 1563 1294 1599 παρὰ
1308 1563 1351 1590 σοὶ
1372 1563 1422 1598 (μὴ
1437 1563 1491 1598 γὰρ
1511 1564 1583 1590 εἴποι
1601 1564 1618 1599 ἡ
1634 1562 1748 1598 ἀλήθεια
1768 1563 1845 1597 παρᾶ

1051 1610 1107 1641 τοῖς
1128 1609 1280 1645 Πατράσιν)
1296 1608 1450 1640 ἀκολούθως
1475 1608 1523 1635 καὶ
1549 1609 1580 1636 τδ
1602 1609 1634 1636 ἐκ
1657 1608 1704 1635 δύο
1724 1607 1844 1643 φύσεων,

211 1665 265 1685 non
288 1665 322 1685 ex
344 1657 490 1686 divinitate
511 1664 540 1686 et
562 1658 734 1687 humanitate
754 1663 810 1693 est,
828 1659 882 1687 hoc
904 1663 947 1687 est
968 1667 1000 1687 ex

1054 1655 1103 1682 οὐκ
1118 1654 1151 1682 ἐκ
1168 1655 1296 1691 θεότητος
1320 1655 1367 1682 καὶ
1379 1654 1588 1690 ἀνθρωπότητος
1601 1654 1688 1686 ἔσται,
1705 1654 1846 1681 τουτέστιν

210 1705 308 1728 natura
324 1709 408 1730 carne
422 1703 526 1730 carenti
541 1708 569 1730 et
581 1711 678 1731 rursus
690 1711 724 1731 ex
736 1703 832 1731 eadem
847 1705 999 1736 incarnata,

209 1745 279 1774 nihil
293 1747 454 1782 perliciente
467 1756 550 1777 carne
563 1749 637 1785 quod
653 1753 752 1777 natura
767 1749 820 1777 dici
835 1751 935 1785 possit;
952 1750 999 1777 sed

210 1795 324 1828 propter
337 1793 469 1828 temporis
484 1793 669 1822 diﬂercntiam
683 1802 738 1821 una
750 1797 848 1821 natura
865 1793 957 1821 divina
973 1797 1001 1821 et

210 1838 270 1866 ﬂeri
285 1844 314 1867 et
327 1839 380 1867 diei
395 1845 487 1875 potest
499 1841 561 1869 duae
575 1845 691 1868 naturae.

243 1929 397 1964 Praeterea,
420 1938 437 1958 ο
462 1930 683 1965 sapientissime,
704 1931 727 1958 si
752 1937 834 1958 carne
859 1934 1000 1957 carentem

207 1974 381 2003 divinitatem
406 1984 490 2003 unam
515 1980 640 2004 naturam
665 1984 763 2008 vocas,
784 1981 882 2003 natura
908 1975 1001 2003 carnis

208 2021 373 2050 instructam
397 2029 447 2049 cur
468 2030 565 2050 rursus
587 2031 670 2050 unam
690 2023 780 2051 dicis?
812 2022 887 2058 quod
912 2023 934 2050 si
955 2023 1000 2050 illa

208 2071 362 2101 permanet,
378 2071 408 2095 ut
420 2067 478 2103 ipse
490 2068 579 2104 ﬁngis,
593 2069 639 2096 ubi
652 2069 743 2096 carnis
750 2073 888 2100 naturam,
902 2068 1000 2095 huma-

207 2113 304 2142 nitatis
315 2118 443 2142 naturam
457 2120 625 2150 assumptam
640 2122 701 2143 esse
717 2115 828 2147 asseris,
841 2115 869 2142 in
884 2115 1000 2150 conjun-

207 2160 300 2189 ctione
318 2160 380 2188 dua:
398 2161 583 2190 subsistentes
601 2165 705 2189 naturae
724 2161 902 2189 admittenda;
919 2165 998 2193 sunt.

206 2214 262 2234 non
273 2214 329 2234 una
341 2211 448 2234 tantum
460 2211 568 2234 natura.
578 2207 605 2234 Si
619 2212 759 2242 assumpta
769 2207 889 2234 humana
901 2212 998 2234 natura

206 2255 304 2280 caetera
324 2251 417 2279 omnia
438 2251 567 2284 retinuit,
591 2255 622 2279 ut
643 2252 801 2279 nominetur
822 2251 997 2284 humanitas,

205 2297 314 2330 anima,
328 2305 444 2332 corpus,
460 2305 539 2331 caro,
556 2304 642 2325 unum
658 2305 724 2325 vero
743 2298 795 2326 hoc
813 2297 906 2325 amisit
922 2297 996 2332 quod

205 2343 315 2371 dicatur
328 2348 442 2376 natura,
457 2343 541 2379 proh,
556 2343 674 2371 absurda
691 2343 830 2376 conditio,
847 2351 862 2371 a
879 2344 995 2372 Doceta-

205 2397 267 2417 rum
282 2389 437 2417 fautoribus
452 2389 578 2417 inventa!
594 2389 650 2417 Nos
664 2395 756 2418 autem
773 2391 841 2418 illud
853 2390 996 2418 contendi-

205 2444 267 2464 mus
282 2445 290 2464 :
307 2441 339 2464 ut
359 2440 457 2464 caetera
476 2436 569 2464 omnia
589 2437 746 2464 retinentur
766 2441 794 2464 et
814 2437 946 2464 dicuntur
967 2436 995 2463 in

205 2483 407 2517 assumptione,
421 2486 450 2510 et
469 2486 584 2518 propter
601 2483 732 2510 unionem
753 2482 864 2518 propria
884 2483 996 2510 nomina

205 2536 261 2555 non
276 2528 429 2563 deponunt,
441 2529 479 2557 ita
493 2529 552 2564 ipsa
564 2534 665 2557 natura
679 2529 781 2557 dicitur
794 2534 907 2565 propter
918 2529 997 2557 unio-

205 2581 269 2601 nem
284 2581 374 2609 neque
389 2579 530 2604 contracta
543 2583 634 2611 neque
649 2576 749 2604 deleta.
763 2576 909 2603 Permanet
923 2577 996 2604 enim

206 2625 322 2654 utraque
338 2624 435 2648 natura
451 2629 506 2649 non
523 2622 612 2650 solum
628 2621 702 2658 quod
717 2626 760 2649 est
773 2622 798 2649 vi
814 2625 934 2655 naturae,
948 2622 996 2649 sed

205 2664 273 2692 illud
290 2666 412 2694 retinens
424 2667 497 2702 quod
511 2675 612 2695 nomen
625 2668 709 2695 habet
722 2673 837 2701 naturae,
852 2668 891 2696 uti
907 2673 934 2696 ct
947 2668 997 2696 tibi

204 2712 308 2740 Severo
322 2712 440 2746 videtur,
454 2721 516 2741 cum
533 2713 566 2741 de
582 2719 698 2749 utraque
714 2722 840 2742 seorsum
857 2714 995 2750 loqueris;

204 2764 268 2784 nam
289 2757 457 2793 conjunctlm
481 2760 551 2787 duas
571 2764 684 2788 naturas
717 2760 811 2788 dicere
833 2761 997 2796 plerumque

204 2810 331 2837 recusas,
347 2811 381 2831 ne
399 2806 515 2832 Doeetas
529 2813 579 2840 per
593 2806 687 2833 omnia
704 2807 890 2834 contristeris.

239 2890 299 2921 Una
316 2892 398 2928 igitur
412 2894 460 2923 Dei
475 2895 557 2923 Verbi
575 2899 691 2930 natura,
705 2901 734 2925 et
749 2900 891 2933 assumpta
907 2898 998 2926 carnis

1013 2328 1036 2355 Ι)

1053 1701 1083 1734 ἐξ
1098 1701 1220 1738 ἁσάρκου
1239 1701 1359 1736 φύσεως,
1381 1701 1428 1729 καὶ
1445 1701 1526 1727 πάλιν
1548 1699 1579 1733 ἐξ
1599 1700 1684 1736 αὐτῆς
1701 1708 1847 1736 σεσαρκω-

1054 1747 1149 1784 μένης,
1182 1748 1231 1783 τῆς
1258 1747 1358 1784 σαρκὸς
1384 1747 1467 1782 μηδὲν
1499 1746 1678 1782 συντελούσης
1699 1747 1738 1778 εἰς
1760 1747 1846 1782 δνομα

1053 1794 1171 1828 φύσεως,
1188 1793 1258 1821 ἀλλὰ
1271 1793 1322 1829 τῆς
1335 1793 1477 1828 διαστολῆς
1492 1792 1538 1819 τοῦ
1559 1793 1656 1828 χρόνου
1674 1792 1752 1820 τοῦτο
1768 1800 1847 1828 χαρι-

1053 1839 1170 1875 ζομένης
1188 1840 1220 1875 τῇ
1234 1839 1284 1875 μιᾷ
1297 1838 1376 1874 φύσει
1393 1840 1426 1874 τῇ
1442 1838 1531 1874 θεῖκῇ,
1548 1838 1579 1865 τὸ
1594 1838 1641 1865 καὶ
1652 1838 1781 1874 γενέσθαι
1797 1838 1845 1866 καὶ

1051 1885 1179 1919 λέγεσθαι
1196 1885 1243 1912 δύο
1259 1884 1365 1920 φύσεις.

1088 1929 1165 1963 Εἶτα,
1184 1928 1206 1958 ὦ
1225 1931 1314 1958 πάντα
1326 1931 1402 1966 σοφὲ,
1419 1931 1443 1957 εί
1458 1930 1565 1966 γυμνὴν
1581 1930 1681 1966 σαρκὸς
1698 1929 1781 1957 οὖσαν
1796 1929 1846 1964 τὴν

1052 1977 1167 2013 θεότητα
1193 1977 1258 2013 μίαν
1283 1977 1364 2012 φύσιν
1391 1976 1547 2013 ὀνομάζεις,
1572 1975 1779 2012 προσλαϐοῦσαν
1796 1975 1846 2012 τὴν

1052 2023 1134 2059 φύσιν
1157 2023 1207 2059 τῆς
1233 2023 1344 2058 σαρκὸς,
1368 2023 1427 2055 πῶς
1444 2023 1525 2050 πάλιν
1546 2023 1611 2058 μίαν
1623 2022 1772 2054 ἀποκαλεῖς
1788 2031 1795 2055 ;
1814 2021 1847 2049 Et

1053 2068 1180 2102 σώζεται,
1195 2067 1290 2104 ὥσπερ
1303 2067 1352 2094 καὶ
1364 2068 1396 2095 σὺ
1412 2068 1509 2100 ποιεῖς,
1528 2067 1602 2094 ἐστιν
1617 2068 1662 2094 ὅτε
1681 2067 1781 2102 σαρκὸς
1795 2067 1847 2102 φύ-

1052 2123 1105 2147 σιν,
1126 2114 1173 2141 καὶ
1196 2113 1407 2150 ἀνθρωπότητος
1426 2112 1508 2149 φύσιν
1528 2113 1615 2148 λέγων
1634 2113 1845 2149 προσειλῆφθαι,

1051 2161 1099 2187 καὶ
1124 2161 1153 2187 ὲν
1178 2162 1210 2196 τῇ
1231 2160 1356 2187 συνθέσει
1380 2159 1569 2196 ὑφισταμένας
1581 2160 1677 2194 φύσεις
1693 2161 1769 2196 όρᾷν,
1784 2160 1847 2195 οὐχὶ

1052 2207 1118 2243 μίαν
1138 2207 1219 2242 μόνον
1234 2206 1315 2241 φύσιν
1327 2214 1335 2221 ⁸
1351 2206 1376 2233 εἰ
1393 2205 1422 2232 δὲ
1439 2206 1644 2242 προσληφθεῖσα
1656 2206 1672 2241 ἡ
1684 2205 1846 2241 ἀνθρωπίνη

1051 2252 1132 2287 φύσις
1148 2253 1239 2280 πάντα
1255 2252 1307 2287 μὲν
1320 2252 1355 2279 τὰ
1370 2251 1437 2279 ἄλλα
1451 2252 1553 2278 έσωσεν
1569 2251 1700 2286 ὀνόματα,
1721 2252 1751 2278 τὺ
1767 2251 1847 2285 λέγε-

1052 2298 1114 2325 σθαι
1130 2298 1322 2334 ἀνθρωπότης,
1335 2298 1419 2333 ψυχὴ.
1434 2298 1525 2332 σῶμα,
1547 2297 1626 2333 σὰρξ,
1641 2297 1719 2324 τοῦτο
1746 2297 1775 2324 δὲ
1793 2298 1846 2333 μὸ-
1861 2328 1865 2333 .

1049 2353 1096 2372 vov
1123 2344 1266 2371 ἀπώλεσεν
1288 2344 1320 2371 τὸ
1344 2344 1471 2378 λέγεσθαι
1497 2344 1589 2379 φύσις,
1611 2344 1662 2378 φεῦ
1677 2345 1726 2379 τῆς
1740 2345 1844 2371 ἀτόπου

1049 2391 1279 2427 ἀποκληρώσεως,
1288 2391 1338 2426 τῆς
1346 2392 1471 2427 ὲπινενοη
1476 2391 1559 2427 μένης
1567 2392 1623 2421 τοῖς
1639 2391 1842 2426 φιλοδοκήταιςῐ

1056 2437 1152 2472 Ἡμεῖς
1165 2437 1193 2464 δὲ
1207 2437 1287 2465 τοῦτό
1298 2446 1400 2473 φαμεν,
1414 2437 1509 2473 ὥσπερ
1528 2438 1561 2464 τὰ
1579 2437 1647 2465 ἄλλα
1670 2437 1759 2464 πάντα
1790 2436 1845 2463 σώ-

1050 2483 1126 2515 ζεται
1145 2483 1193 2510 καὶ
1211 2483 1321 2519 λέγεται
1340 2483 1392 2519 τῆς
1415 2483 1605 2520 προσλήψεως,
1628 2482 1666 2519 μὴ
1687 2482 1845 2516 ἀποϐεϐλη-

1049 2529 1116 2556 κότα
1130 2529 1164 2556 τὰ
1186 2529 1258 2556 ίδικὰ
1280 2529 1400 2565 ὀνόματα
1412 2528 1457 2556 διὰ
1473 2529 1523 2564 τὴν
1537 2529 1644 2560 ἕνωσιν,
1661 2527 1746 2559 οὕτως
1763 2527 1811 2553 καὶ
1826 2528 1843 2562 ή

1049 2575 1129 2609 φύσις
1157 2575 1266 2609 λέγεται
1291 2576 1329 2611 μὴ
1355 2574 1571 2610 συναλειφομένη
1592 2574 1638 2601 καὶ
1651 2573 1842 2608 ἀφανιζομένη

1048 2621 1093 2648 διὰ
1109 2621 1157 2656 τὴν
1170 2620 1305 2649 σύνθεσιν.
1327 2621 1411 2648 Μένει
1429 2621 1484 2656 γὰρ
1499 2621 1618 2656 ἑκατέρα
1636 2619 1727 2654 φύσις,
1745 2619 1776 2645 οὐ
1793 2619 1844 2654 μό-

1049 2674 1093 2692 νον
1107 2665 1174 2701 ὃπερ
1189 2666 1248 2692 ἐστὶ
1264 2666 1296 2701 τῇ
1318 2667 1408 2701 φύσει,
1427 2666 1496 2692 ἀλλὰ
1512 2665 1560 2692 καὶ
1579 2665 1679 2700 ἔχουσα
1700 2665 1769 2699 ὅπερ
1784 2663 1844 2699 ἔχει

1049 2712 1136 2748 ὄνομα
1150 2713 1184 2748 τῇ
1213 2712 1304 2747 φύσει,
1320 2711 1415 2747 ὥσπερ
1429 2712 1478 2738 καὶ
1496 2712 1537 2738 σοὶ
1555 2711 1666 2746 Σευήρῳ
1679 2710 1762 2742 δοκεῖ,
1777 2710 1845 2736 ὅταν

1050 2759 1114 2794 περὶ
1127 2759 1247 2794 ἑκάστης
1262 2759 1334 2791 ίδίως
1343 2758 1464 2794 διαλέγῃ·
1478 2759 1536 2793 ἅμα
1553 2758 1607 2794 γὰρ
1619 2757 1670 2788 τὰς
1684 2756 1730 2783 δύο
1745 2755 1845 2791 φύσεις

1049 2806 1193 2841 ὀνομάσαι,
1209 2805 1245 2832 τὰ
1260 2804 1346 2832 πολλὰ
1363 2806 1494 2841 παραιτῇ,
1511 2805 1556 2831 ἴνα
1577 2803 1615 2840 μὴ
1635 2803 1761 2839 λυπήσῃς
1778 2802 1847 2833 τοὺς

1051 2852 1174 2888 Δοκήτας
1192 2853 1221 2878 ἐν
1241 2852 1333 2879 πᾶσιν.

1087 2896 1161 2934 Ἀρα
1175 2895 1221 2926 οὖν
1231 2899 1248 2934 η
1261 2897 1311 2934 μία
1325 2897 1372 2925 τοῦ
1387 2897 1453 2926 Θεοῦ
1464 2897 1550 2932 Λόγου
1563 2897 1651 2932 φύσις,
1666 2895 1739 2931 καὶὴ
1755 2902 1847 2930 προσ-
