1971 3091
202 150 254 183 919

835 142 1039 178 EUSTATHII
1054 138 1225 172 MONACHI

1790 137 1845 172 920

200 199 235 226 de
252 198 323 227 ctelo
340 197 525 229 descenderit,
539 201 565 224 et
583 196 617 224 ad
630 204 681 224 nos
693 195 802 223 venerit
818 202 869 223 una
881 198 989 226 natura,

1048 194 1088 219 ui.
1103 193 1173 228 πρὸς
1184 193 1260 228 ἡμᾶς
1278 192 1426 228 ἐπιδημίαν
1436 192 1486 226 τῆς
1503 192 1567 228 μιᾶς
1579 191 1687 225 φύσεως
1702 210 1710 222 .
1725 190 1780 225 ἄρα
1803 199 1838 225 γε

200 254 264 274 cum
288 246 387 274 eadem
414 245 528 280 spiritus
557 245 584 271 in
608 244 714 271 inferos
738 242 848 274 adierit.
873 248 930 270 tres
949 241 992 268 di-

201 294 289 323 cenda
311 294 366 322 erit
389 301 442 321 una
470 297 588 322 natura;
607 293 662 319 imo
683 298 767 325 super
793 298 891 318 omnes
905 289 993 317 cmlos

202 348 300 368 rursus
313 341 420 368 elevata
432 347 525 367 coram
541 340 597 366 Deo
613 338 740 373 splendet
750 346 757 364 :
767 340 887 373 quatuor
907 336 992 371 igitur

201 390 309 414 natura:
320 389 414 413 erunt.
429 385 488 418 Qua
498 385 532 412 de
547 392 629 412 causa
645 391 699 411 non
712 383 800 410 solum
814 382 992 417 exquiremus

201 441 263 468 quae,
278 437 377 461 natura
399 432 447 459 Dei
461 440 545 460 carne
567 431 705 464 carentis,
723 435 751 458 et
763 438 825 466 quae
843 428 991 460 incarnati,

202 479 250 506 sed
272 479 356 507 etiam
382 486 443 514 quae
467 478 581 505 animati
606 481 713 505 tantum
737 477 786 504 Dei
800 477 874 512 (nam
887 475 992 510 absque

201 533 286 552 carne
301 522 418 554 infernis
429 525 522 560 adiit),
535 529 563 551 et
579 532 640 560 qua
649 527 748 551 natura
758 524 818 556 Dei,
835 530 918 551 carne
930 522 993 556 qui-

202 571 265 598 dem
290 571 437 604 instructa,
465 571 513 599 sed
541 570 747 606 incorruptibili
764 575 792 598 et
821 568 992 597 immortali?

202 626 265 645 nam
287 617 321 645 ad
343 618 409 644 istas
425 617 544 652 ineptias
559 617 674 645 deducit
697 624 749 645 nos
769 621 924 644 monstrosa
941 614 992 643 do-

203 665 289 691 ctrina
308 663 413 692 Severi.

236 752 333 787 Neque
358 752 411 779 hoc
436 752 632 785 omittendum,
658 752 732 787 quod
748 752 776 779 in
791 752 864 780 libro
880 753 994 780 Amator

202 798 257 824 ueri
284 797 418 832 inscripto
443 797 513 824 dixit
540 805 547 823 :
576 807 586 823 ι
613 797 719 824 Vanum
739 801 783 825 est
807 805 932 832 quaerere
958 797 993 824 de

203 843 315 871 Christo
333 844 424 878 qualis
439 848 552 877 natura;
581 844 634 872 hoc
648 844 723 872 enim
738 844 778 872 nil
792 843 867 871 aliud
882 849 925 872 est
939 844 993 872 nisi

203 898 333 926 expresse
359 891 467 919 solvere
490 891 631 919 unionem.
652 901 661 917 ι
680 891 730 918 Hic
751 894 845 918 monct
857 898 909 918 nos
921 890 992 926 ipse,

204 941 234 964 ut
248 945 318 972 papa
331 937 387 964 Leo
404 937 454 973 (5),
478 937 575 965 dicens
587 945 649 972 quae
665 945 697 964 ac
713 945 783 972 quae,
795 941 825 964 ut
839 944 994 972 quaeramus

203 983 294 1018 qualis
308 987 408 1010 natura
427 983 454 1010 in
474 983 565 1010 crucis
583 983 659 1019 ligno
675 982 852 1018 pependerit.
872 983 995 1010 Interro-

203 1030 310 1065 gabunt
332 1030 433 1064 quibus
459 1029 583 1062 libuerit,
605 1029 668 1064 quis
692 1034 820 1057 mortuus
847 1029 893 1062 sit,
921 1029 995 1056 Deus

204 1083 286 1105 carne
309 1076 474 1110 destitutus,
491 1084 525 1103 an
542 1076 616 1104 Deus
631 1076 817 1104 incarnatus?
839 1075 907 1109 Quis
933 1075 995 1102 ani-

204 1130 263 1150 mas
284 1123 313 1150 in
335 1123 453 1150 infernis
465 1123 601 1156 docuerit,
614 1123 686 1150 Deus
703 1123 863 1150 incarnatus
883 1129 918 1149 an
934 1121 994 1149 ani-

205 1169 321 1197 matus?
338 1168 407 1202 Quis
426 1169 531 1204 angelis
545 1168 724 1204 apparuerit?
741 1168 790 1196 llis
804 1167 935 1196 omnibus
951 1167 995 1194 in-

203 1214 315 1242 venitur
332 1214 452 1242 Severus
465 1222 521 1242 non
534 1214 625 1242 solum
640 1214 771 1242 Patribus
792 1221 928 1249 pugnans,
946 1213 995 1242 sed

204 1260 381 1296 sibimetipsi.
408 1260 525 1294 Quando
557 1261 630 1288 extim
667 1260 735 1293 vult,
759 1268 842 1287 unam
865 1264 994 1287 naturam

204 1306 315 1339 dividit,
344 1306 469 1341 duasque
496 1310 611 1334 naturas
639 1311 668 1334 et
691 1307 756 1334 facit
780 1311 809 1334 et
835 1306 921 1340 dicit;
947 1306 995 1334 ubi

205 1359 272 1380 vero
288 1352 314 1380 ei
330 1352 456 1384 libuerit.
481 1356 594 1387 propter
609 1352 738 1380 unionem
755 1352 824 1380 duas
842 1359 923 1379 unam
937 1351 995 1379 eili-

204 1399 243 1426 cit
261 1403 289 1427 et
307 1403 405 1426 vocat:
424 1403 507 1434 atque
523 1399 581 1426 haec
593 1399 795 1427 sexcentesimo
816 1406 902 1434 prope
921 1406 995 1426 anno

204 1449 266 1479 post
305 1446 436 1472 unionem
452 1465 459 1477 ,
479 1445 548 1472 duas
571 1445 810 1480 subsistentcsque
831 1450 946 1473 naturas
966 1445 995 1472 in

204 1489 316 1518 Christo
335 1491 457 1526 cogitare
481 1490 627 1518 conlitens.
641 1492 681 1518 Ac
703 1499 800 1519 rursus
814 1499 863 1519 eos
881 1491 995 1518 anathe-

1042 239 1252 275 ἐπιδημησάσης
1263 239 1349 274 αὐτῆς
1362 240 1418 271 τοῖς
1432 240 1460 266 ὲν
1475 238 1584 274 φυλακῇ
1598 236 1748 272 πνεύμασι,
1759 238 1838 272 τρεῖς

1043 286 1140 321 φύσεις
1158 285 1322 321 λεχθήσεται
1336 287 1353 321 ή
1379 285 1428 321 μία
1446 286 1538 320 φύσις.
1556 285 1612 312 Kal.
1632 283 1714 311 πάλιν
1731 283 1839 315 ἀναϐὰς
1879 295 1883 298 -

1043 332 1172 367 ὑπεράνω
1200 332 1309 359 πάντων
1335 331 1387 359 τῶν
1411 331 1544 368 οὐρανῶν,
1573 330 1775 366 ἐμφανισθῆναι
1796 330 1838 365 τῷ

1043 379 1182 415 προσώπῳ
1195 379 1243 406 τοῦ
1260 379 1340 411 Θεοῦ,
1358 379 1491 414 τέσσαρες
1505 377 1601 413 φύσεις
1614 377 1702 404 ἐσται.
1719 377 1774 404 Καὶ
1791 377 1838 403 διὰ

1042 426 1122 453 τοῦτο
1134 426 1165 452 οὐ
1188 425 1268 461 μόνον
1278 426 1452 461 ἑρωτήσομεν
1467 424 1508 455 τίς
1530 422 1610 458 φύσις
1621 423 1744 458 ἀσάρκου
1755 422 1836 455 Θεοῦ,

1043 474 1090 501 καὶ
1115 474 1156 505 τίς
1171 472 1384 508 σεσαρκωμένου
1395 491 1403 504 ,
1418 471 1487 498 ἀλλὰ
1499 470 1548 497 καὶ
1558 469 1599 502 τίς
1619 469 1700 504 φύσις
1712 467 1836 504 ἐμψύχου

1045 520 1125 555 μόνον
1139 519 1207 546 Θεοῦ
1219 528 1227 535 ο
1240 519 1362 555 ἄσαρκος
1376 518 1429 553 γὰρ
1445 517 1619 552 ἐπεδήμησεν
1634 517 1691 547 τοῖς
1703 516 1732 542 ἐν
1749 515 1814 550 ᾅδου
1828 523 1836 530 ·

1044 556 1091 594 καὶ
1115 566 1158 598 τίς
1183 567 1264 601 φύσις
1288 565 1367 598 Θεοῦ,
1394 563 1607 600 σεσαρκωμένου
1626 562 1685 597 μὲν,
1708 561 1791 597 σαρκὶ
1808 559 1838 586 δὲ

1044 612 1176 649 ἀφθάρτῳ
1202 613 1249 639 καὶ
1265 612 1410 647 ἀθανάτῳ·
1434 611 1474 642 είς
1488 609 1593 645 ταύτην
1616 608 1671 644 γάρ
1686 607 1735 644 τὴν
1755 607 1840 642 φλυα-

1045 658 1107 695 ρίαν
1119 658 1233 694 ποδηγεῖ
1249 658 1323 694 ἡμᾶς
1344 657 1379 684 τὰ
1394 656 1588 693 τερατόμορφα
1611 655 1736 690 δόγματα
1749 653 1839 689 Σευῆ-

1046 713 1105 740 ρου.
1854 706 1856 719 |

1080 752 1136 779 Καὶ
1154 751 1233 778 τοῦτο
1248 751 1277 778 δὲ
1303 751 1390 779 ιστέον
1400 769 1408 782 ,
1423 750 1465 776 ὅτι
1480 750 1509 776 ἐν
1519 748 1558 784 τῷ
1581 747 1744 780 Φιλαλήθει
1761 747 1840 781 εἰρη-

1045 797 1101 829 κώς
1116 806 1123 813 ·
1154 807 1164 824 ι
1188 797 1315 824 Μάταιον
1336 796 1366 823 τὸ
1387 796 1531 832 ἐπερωτᾷν
1556 794 1604 822 ἐπὶ
1625 792 1751 829 Χριστοῦ
1770 791 1838 819 ποία

1045 844 1142 879 φύσις·
1159 843 1238 871 τοῦτο
1251 843 1306 879 γὰρ
1323 843 1401 870 οὐδὲν
1412 842 1507 876 ἕτερον
1521 843 1612 874 ἐστιν,
1630 841 1647 876 ἢ
1664 840 1767 875 κυρίως
1787 838 1837 865 λῦ-

1045 900 1090 918 σαι
1103 890 1152 926 τὴν
1174 891 1287 918 ἐνωσιν·
1303 899 1312 916 ι
1331 888 1450 917 ἐνταῦθα
1464 887 1583 920 ἐδίδαξεν
1598 887 1672 923 ἡμᾶς
1681 886 1728 912 καὶ
1743 885 1837 916 αὐτὸς,

1044 938 1082 970 ὡς
1099 938 1113 964 6
1130 938 1225 969 πάπας
1241 936 1333 968 Λέων,
1347 935 1391 962 διὰ
1421 934 1470 962 τοῦ
1487 935 1574 961 εεπεῖν
1596 933 1639 964 τίς
1655 932 1702 959 καὶ
1717 931 1770 965 τίς,
1787 931 1840 957 ἐπ-

1045 985 1150 1019 ερωτᾷν
1163 983 1227 1010 ποία
1237 981 1318 1016 φύσις
1333 982 1361 1007 ἐν
1375 980 1423 1007 τοῦ
1437 979 1553 1016 σταυροῦ
1567 978 1638 1014 ξύλῳ
1652 977 1839 1012 κεκρέμαστο.

1045 1029 1245 1064 Ἐρωτήσουσιν
1260 1028 1288 1055 δὲ
1312 1028 1337 1055 οἱ
1355 1027 1513 1062 βουλόμενοι
1526 1026 1573 1053 καὶ
1593 1025 1637 1057 τίς
1653 1026 1667 1051 6
1682 1022 1838 1055 ἀποθανὼν,

1044 1078 1059 1103 6
1071 1076 1192 1111 ἄσαρκος
1203 1075 1278 1107 Θεὸς,
1294 1075 1311 1110 ἢ
1325 1075 1339 1102 ὁ
1353 1072 1563 1108 σεσαρκωμένος
1575 1080 1583 1105 ;
1595 1071 1643 1099 καὶ
1655 1071 1696 1102 τίς
1709 1072 1722 1097 6
1737 1078 1840 1105 τιορευ-

1046 1123 1104 1155 θεὶς
1118 1121 1235 1158 κηρύξαι
1254 1121 1310 1153 τοῖς
1336 1121 1365 1147 ἐν
1381 1120 1457 1156 ᾅδου,
1469 1120 1483 1146 6
1501 1118 1710 1154 σεσαρκωμένος
1725 1116 1803 1148 Θεὸς,
1821 1115 1838 1150 ἢ

1045 1170 1058 1196 ὁ
1074 1169 1211 1204 ἔμψυχος
1231 1167 1278 1194 καὶ
1291 1167 1333 1198 τίς
1349 1167 1362 1193 6
1375 1165 1468 1200 ὀφθεὶς
1483 1166 1538 1196 τοῖς
1552 1164 1693 1199 ἀγγέλοις
1711 1162 1755 1189 διά
1768 1162 1839 1189 πάν-

1045 1223 1099 1242 των
1108 1214 1164 1241 τῶν
1175 1213 1328 1249 εἰρημένων
1340 1212 1498 1245 εὑρίσκεται
1509 1211 1628 1245 Σευῆρος
1640 1209 1670 1235 ού
1685 1208 1765 1244 μόνον
1780 1208 1839 1239 τοῖς

1046 1261 1189 1297 Πατράσιν
1203 1259 1412 1295 ἐναντιούμενος
1422 1279 1429 1292 ,
1448 1257 1517 1285 ἀλλά
1535 1256 1583 1284 καὶ
1599 1255 1688 1291 ἐαυτῷ
1701 1255 1838 1290 ἀσύμφω-

1045 1317 1100 1340 νος.
1124 1308 1190 1334 Ὅτε
1212 1307 1262 1343 μὲν
1278 1306 1332 1342 γὰρ
1353 1305 1488 1341 βούλεται,
1513 1305 1563 1339 τὴν
1588 1303 1652 1338 μίαν
1673 1301 1839 1329 διαστέλλων

1047 1353 1139 1389 φύσιν,
1155 1353 1201 1380 δύο
1215 1352 1311 1388 φύσεις
1324 1351 1371 1378 καὶ
1391 1352 1465 1378 ποιεῖ
1477 1350 1526 1377 καὶ
1540 1349 1615 1383 λέγει
1626 1357 1633 1364 ·
1646 1348 1711 1375 ὅταν
1727 1347 1755 1374 δέ
1770 1347 1838 1382 δοκῇ

1046 1399 1130 1435 αὐτῷ,
1144 1399 1189 1426 διὰ
1201 1398 1250 1434 τὴν
1263 1398 1370 1430 ἐνωσιν¹
1384 1397 1434 1429 τὰς
1446 1396 1492 1423 δύο
1506 1395 1572 1431 μίαν
1584 1394 1712 1422 ἀποτελεῖ
1724 1394 1771 1420 καὶ
1780 1394 1840 1419 ὀνο-

1048 1444 1147 1480 μάζει·
1170 1444 1218 1471 καὶ
1238 1442 1325 1470 ταῦτα
1340 1443 1354 1469 6
1367 1441 1437 1477 μετά
1453 1440 1584 1474 ἑξακόσια
1607 1439 1702 1475 σχεδὸν
1724 1439 1770 1473 ἐτη
1791 1436 1840 1470 τῆς

1046 1489 1180 1523 ἐνώσεως,
1192 1489 1239 1516 δύο
1248 1488 1343 1524 φύσεις
1353 1487 1494 1522 ὁμολογῶν
1506 1486 1618 1514 σκοπεῖν
1627 1485 1656 1512 ἐν
1665 1483 1705 1519 τῷ
1714 1481 1838 1520 Χριστῷ,

206 1535 322 1563 matizas
344 1536 391 1571 qui
419 1541 482 1571 post
506 1536 638 1564 unionem
663 1536 732 1564 duas
748 1537 856 1564 dicunt.
875 1537 954 1570 Quod
971 1537 992 1564 si

1048 1537 1093 1564 καὶ
1115 1536 1217 1568 ταύτας
1239 1534 1435 1570 ὑφισταμένας.
1451 1533 1506 1561 Καὶ
1529 1532 1610 1560 πάλιν
1630 1529 1840 1565 ἀναθεματίζων

205 1586 268 1617 post
280 1583 410 1610 unionem
430 1582 491 1610 duae
513 1587 621 1611 naturae
641 1591 723 1611 unam
747 1583 910 1616 eil'ecerunt,
927 1591 996 1618 quo-

204 1627 287 1656 modo
313 1628 371 1663 ipsc
390 1632 430 1656 tot
444 1629 525 1656 annis
539 1633 600 1664 post
620 1629 761 1662 unionem,
784 1629 855 1658 duas
870 1630 898 1657 in
912 1629 995 1658 Chri-

205 1679 249 1703 sto
264 1679 377 1703 naturas
400 1675 521 1710 cogitat?
537 1675 602 1708 Quae
617 1680 710 1703 autem
729 1677 831 1712 cogitat
843 1681 872 1704 et
884 1676 952 1704 dicit
968 1679 996 1703 et

205 1719 313 1752 scribit,
337 1721 476 1755 quomodo
492 1729 590 1749 rursus
608 1722 711 1757 negat?
734 1722 995 1758 Utprzestigiatores

205 1764 253 1802 qui
265 1765 386 1793 calculos
401 1774 467 1794 suos
481 1766 561 1794 simul
585 1767 735 1794 ostendunt
748 1772 776 1795 et
790 1767 941 1801 occultant,
957 1768 995 1796 ita

205 1818 291 1845 prope
307 1811 365 1846 ipse
385 1811 465 1839 simul
487 1812 635 1840 conﬁtetur
653 1812 733 1845 duas,
750 1813 890 1849 simulque
902 1818 994 1850 negat,

205 1856 275 1884 duas
309 1857 336 1884 in
369 1865 452 1885 unam
477 1858 656 1886 contrahens.
679 1859 768 1887 Abeat
797 1860 909 1888 mobilis
942 1861 995 1889 ista

207 1905 299 1933 mens!
314 1903 376 1931 Noli
396 1904 522 1932 conﬁteri
541 1913 602 1940 qua:
625 1913 719 1941 negas,
738 1911 786 1934 aut
807 1912 908 1943 negare
934 1915 996 1943 qua:

206 1950 356 1980 conﬁteris.

241 2042 317 2070 Alios
330 2049 440 2077 quoque
463 2050 495 2070 ex
518 2043 636 2070 diversis
652 2044 713 2078 ejus
732 2044 894 2072 tractatibus
919 2045 995 2072 locos

206 2088 369 2123 producam,
392 2088 495 2123 quibus
517 2089 674 2116 accuratius
694 2094 824 2125 appareat
840 2091 996 2126 ineptia,ct

206 2133 369 2171 depravatio
396 2134 528 2167 hominis,
545 2139 643 2169 sponte
659 2141 686 2163 et
703 2144 737 2164 ex
759 2136 899 2164 destinato
920 2137 995 2165 veri-

207 2180 255 2208 tati
272 2180 464 2216 repugnantis.
487 2181 592 2208 Scribit
611 2182 638 2208 in
654 2181 726 2209 libro
746 2182 880 2211 adversus
896 2183 994 2211 Gram-

205 2226 335 2255 maticum
353 2235 359 2254 :
382 2236 391 2253 ι
410 2227 577 2255 Diﬂ'erentite
590 2229 768 2264 conjungitur
792 2229 916 2257 omnium
939 2230 997 2258 dis-
1013 2228 1036 2256 D

207 2273 314 2300 tinctio.
335 2282 344 2299 ι
377 2273 483 2300 Deinde
497 2273 610 2301 sibimet
625 2282 749 2310 pugnans
763 2275 791 2302 in
806 2275 859 2303 alio
872 2276 996 2312 ejusdem

205 2319 271 2348 libri
295 2319 357 2346 loco
384 2319 443 2347 haec
467 2318 575 2347 habet:
596 2329 605 2345 ι
624 2319 693 2347 Cum
718 2321 793 2349 enim
820 2330 921 2357 corpus
939 2331 996 2350 non

204 2370 266 2392 erat
282 2365 415 2398 Verbum,
444 2373 496 2393 ne:
513 2365 603 2400 ipsum
622 2374 656 2394 ex
671 2366 756 2394 Maria
773 2375 877 2403 corpus
893 2368 996 2396 factum

205 2411 587 2447 estVerbum;quapropter
611 2420 626 2440 e
653 2413 815 2441 substantiae
838 2414 996 2443 differentia

204 2456 348 2484 derivatur
361 2456 487 2485 absoluta
503 2456 655 2485 distinctio.
673 2467 682 2484 ι
701 2458 735 2486 Ει
747 2466 846 2487 rursus
855 2459 883 2487 in
897 2460 995 2489 eodem

208 2503 279 2530 libro
296 2511 302 2528 :
325 2511 334 2527 ι
352 2502 515 2531 Emmanuel
526 2510 540 2531 e
552 2503 661 2531 duabus
674 2504 781 2531 naturis
793 2505 928 2538 dicentes,
940 2514 995 2534 non

205 2547 375 2575 substantias
399 2547 587 2581 intendimus,
618 2553 748 2583 naturas,
778 2558 839 2585 qua:
871 2555 994 2579 mutuam

206 2593 430 2621 communionem
458 2595 617 2629 praebeant,
644 2600 672 2624 et
705 2597 807 2625 multas
837 2597 999 2633 hypostases

207 2639 454 2674 comprehendant,
475 2641 523 2669 sed
554 2650 636 2670 unam
667 2642 828 2678 hypostasin
857 2644 952 2678 Verbi,
969 2649 1000 2672 et

209 2691 290 2712 unam
327 2693 438 2713 carnem
471 2687 637 2724 intelligenti
666 2689 758 2718 anima
791 2690 951 2723 animatam,
983 2698 998 2718 c

208 2731 312 2766 quibus
336 2732 440 2767 absque
464 2734 517 2761 ulla
545 2735 699 2763 mutatione
714 2735 856 2765 confertur
870 2737 898 2764 in
912 2745 996 2765 unum

206 2781 235 2804 ct
247 2778 432 2813 componitur.
446 2779 495 2807 Est
509 2779 593 2807 etiam
611 2788 663 2808 una
682 2785 780 2809 natura
802 2787 830 2810 et
842 2783 998 2818 hypostasis

1047 1583 1111 1616 τοὺς
1125 1583 1172 1610 δύο
1188 1582 1317 1617 λέγοντας
1332 1581 1401 1617 μετά
1413 1581 1463 1616 τὴν
1479 1581 1587 1607 ἐνωσιν.
1602 1579 1633 1606 El.
1648 1577 1694 1606 διὰ
1710 1577 1760 1613 τὴν
1771 1578 1840 1604 ’ἐνω-

1048 1638 1091 1657 σιν
1106 1630 1132 1656 al
1149 1628 1197 1656 δύο
1217 1628 1266 1664 μία
1281 1628 1440 1663 γεγόνασιν,
1455 1627 1514 1659 πῶς
1533 1626 1615 1657 αὐτὸς
1631 1625 1700 1661 μετὰ
1717 1623 1840 1651 τοσαῦτα

1047 1676 1095 1712 ἐτη
1111 1676 1159 1711 τῆς
1174 1674 1308 1709 ἐνώσεως,
1322 1675 1368 1701 δύο
1388 1674 1483 1709 φύσεις
1501 1673 1597 1700 σκοπεῖ
1612 1673 1640 1699 ἐν
1659 1672 1698 1706 τῷ
1709 1670 1839 1706 Χριστῷς

1053 1723 1086 1750 'A
1105 1722 1132 1749 δὲ
1152 1723 1248 1748 σκοπεῖ
1262 1721 1309 1747 καὶ
1333 1721 1408 1755 λέγει
1423 1720 1470 1747 καὶ
1490 1720 1602 1755 γράφει,
1620 1718 1679 1750 πῶς
1696 1718 1839 1754 ἀρνεῖται;

1049 1768 1106 1796 Καὶ
1127 1767 1254 1803 καθάπερ
1271 1767 1296 1794 οἱ
1321 1766 1511 1802 ψηφοπαῖκται
1533 1765 1591 1800 ἃμα
1616 1765 1664 1800 μὲν
1686 1762 1841 1790 δεικνύουσι

1049 1816 1099 1847 τὰς
1110 1815 1228 1851 ψήφους,
1253 1813 1312 1848 ἅμα
1331 1813 1360 1839 δὲ
1375 1812 1538 1848 ἀφανίζουσι
1556 1811 1658 1843 ταύτας
1673 1817 1680 1825 ’
1696 1809 1841 1844 παραπληε

1051 1861 1117 1893 σίως
1141 1859 1189 1888 καὶ
1203 1858 1284 1891 αύτδς
1299 1858 1356 1894 ἀμα
1374 1858 1423 1893 μὲν
1436 1857 1563 1893 ὁμολογεῖ
1572 1856 1620 1884 δύο
1638 1856 1760 1887 σκοπεῖν,
1781 1854 1841 1888 ἅμα.

1051 1909 1079 1936 δὲ
1101 1908 1234 1944 ἀρνεῖταις
1250 1905 1300 1937 τὰς
1314 1905 1361 1933 δύο
1388 1906 1427 1936 είς
1451 1904 1516 1939 μίαν
1533 1903 1716 1937 συναλείφων,
1731 1901 1841 1934 ’Δπαγε

1051 1956 1099 1991 τῆς
1117 1955 1234 1982 ἀστάτου
1263 1952 1393 1988 γνώμηςί
1412 1951 1477 1978 Δέον
1500 1950 1516 1986 ἢ
1540 1951 1578 1986 μὴ
1604 1949 1746 1984 ὁμολογεῖν
1769 1948 1842 1982 ἅπερ

1051 2003 1182 2038 ἀρνεῖται,
1198 2000 1214 2036 ἢ
1238 1999 1276 2035 μὴ
1291 1998 1432 2034 ἀρνεῖσθαι
1445 1998 1516 2033 άπερ
1527 1996 1662 2032 ὁμολογεῖ.

1087 2046 1287 2082 Παραθήσομαι
1311 2045 1339 2071 δὲ
1355 2045 1402 2071 καὶ
1416 2044 1513 2078 ἐτέρας
1526 2043 1639 2078 χρήσεις
1654 2042 1685 2068 ἐκ
1704 2041 1843 2075 διαφόρων

1050 2093 1132 2121 αὑτοῦ
1148 2091 1357 2126 συνταγμάτων,
1372 2090 1407 2118 δι’
1421 2086 1458 2117 ὧν
1473 2089 1669 2124 ἀκριϐέστερον
1681 2087 1712 2113 τὸ
1725 2086 1836 2113 suam.

1049 2149 1095 2168 τον
1109 2139 1157 2167 καὶ
1171 2137 1402 2173 ἐθελοκακοῦργον
1416 2135 1654 2171 ἐπιγνωσθήσεται
1670 2134 1717 2161 τοῦ
1733 2133 1841 2169 ἀνδρὸς,

1052 2187 1081 2214 ἐν
1094 2187 1194 2220 γνώσει
1212 2186 1368 2220 μαχομένου
1379 2184 1412 2219 τῇ
1427 2182 1553 2218 ἀληθείᾳ.
1564 2181 1667 2217 Γράφει
1678 2181 1706 2207 ἐν
1716 2180 1755 2214 τῷ
1771 2179 1842 2206 κατὰ

1050 2233 1097 2260 τοῦ
1111 2230 1309 2268 Γραμματικοῢ
1324 2229 1418 2265 βιϐλίῳ
1429 2238 1436 2244 ·
1455 2238 1464 2255 ι
1482 2229 1521 2264 Τῇ
1535 2228 1652 2264 διαφορᾷ
1663 2226 1842 2258 συνέζευκται

1051 2280 1098 2307 καὶ
1111 2280 1128 2314 ὴ
1152 2278 1224 2306 κατὰ
1252 2277 1342 2304 πάντα
1355 2276 1496 2311 διαίρεσις.
1513 2285 1523 2301 ι
1542 2273 1609 2302 Εἶτα
1635 2273 1842 2308 ἐναντιούμενος

1050 2324 1139 2360 ἑαυτῷ
1155 2325 1183 2352 ἐν
1201 2323 1287 2359 ἑτέρῳ
1300 2323 1375 2357 τόπῳ
1389 2322 1435 2349 τοῦ
1449 2321 1532 2348 αὐτοῦ
1549 2321 1651 2356 βιὸλίου
1666 2321 1756 2355 λέγει·
1777 2329 1786 2345 ι
1803 2319 1840 2346 οὐ

1050 2371 1105 2407 γὰρ
1126 2369 1220 2406 ἐπειδὴ
1250 2370 1329 2404 σῶμα
1344 2369 1395 2396 οὐκ
1408 2366 1443 2403 ἦν
1458 2369 1472 2395 6
1489 2368 1586 2402 Λόγος,
1612 2366 1674 2394 οὔτε
1691 2367 1745 2401 μὴν
1766 2365 1797 2392 τὸ
1810 2366 1842 2391 ἐκ

1050 2416 1160 2453 Μαρίας
1181 2416 1261 2451 σῶμα
1291 2416 1487 2450 μετεφοίτησεν
1512 2413 1559 2441 τοῦ
1582 2411 1652 2440 εἶναι
1673 2412 1774 2446 Λόγος·
1797 2411 1842 2438 διὰ

1049 2463 1130 2491 τοῦτο
1143 2463 1175 2496 δὴ
1186 2464 1218 2498 τῇ
1233 2463 1350 2498 διαφορᾷ
1359 2462 1409 2497 τῆς
1423 2461 1526 2494 οὐσίας,
1539 2460 1717 2495 ἀκολουθήσει
1731 2458 1842 2489 πάντως

1051 2510 1099 2537 καὶ
1125 2510 1141 2545 ἡ
1165 2509 1308 2544 διαίρεσις.
1332 2517 1341 2534 ι
1370 2508 1424 2535 Καὶ
1438 2507 1520 2534 πάλιν
1536 2506 1617 2541 ἐντῷ
1640 2504 1715 2540 αὐτῷ
1744 2504 1840 2539 βιϐλίῳ

1050 2554 1132 2590 φησίν
1149 2562 1156 2570 ·
1174 2563 1182 2580 ι
1208 2553 1303 2588 Ἡμεῖς
1314 2553 1345 2579 ἐκ
1358 2552 1405 2579 δύο
1415 2551 1523 2587 φύσεων
1536 2551 1661 2586 λέγοντες
1674 2549 1720 2577 τὸν
1734 2550 1840 2585 Ἐμμα-

1052 2600 1142 2635 νουὴλ,
1161 2599 1212 2626 οὐκ
1224 2598 1318 2630 οὐσίας
1335 2597 1450 2633 νοοῦμεν
1466 2598 1515 2628 τὰς
1536 2596 1643 2631 φύσεις,
1655 2595 1704 2627 τὰς
1718 2595 1768 2630 τῆς
1785 2603 1842 2621 κοι-

1055 2646 1161 2681 άότητος
1185 2645 1336 2681 δηλωτικάς
1348 2665 1355 2678 ,
1374 2645 1420 2671 καὶ
1440 2643 1546 2670 πολλῶν
1570 2642 1745 2669 ὑποστάσεων
1765 2649 1842 2676 περιρ

1050 2691 1174 2724 εκτικὰς,
1190 2691 1259 2718 ἀλλὰ
1272 2691 1321 2726 τὴν
1345 2690 1410 2725 μίαν
1429 2689 1578 2716 ὑπόστασιν
1596 2688 1642 2714 τοῦ
1668 2687 1754 2721 Λόγου
1768 2706 1775 2717 ,
1795 2686 1842 2713 καὶ

1052 2738 1102 2773 τὴν
1131 2737 1196 2772 μίαν
1221 2738 1310 2774 σάρκα
1337 2736 1385 2771 τὴν
1410 2735 1590 2770 ἐψυχωμένην
1612 2732 1724 2768 νοερῶς,
1751 2731 1781 2766 ἐξ
1804 2728 1841 2758 ὧν

1052 2783 1195 2818 ἀτρέπτως
1209 2782 1449 2818 συνειιὴνεκταιείς
1469 2781 1497 2807 ἐν
1522 2780 1568 2807 καὶ
1585 2779 1764 2806 συντέθειται.
1787 2779 1840 2806 Καὶ

244 2865 281 2899 (5)
299 2865 347 2902 ΕΡ·
362 2866 396 2894 ἳδ
407 2866 439 2895 λά
451 2866 611 2896 FlaViatlum
631 2869 806 2906 episcopum:
823 2870 907 2904 «Quae
922 2876 1018 2901 natura
1035 2872 1166 2907 transfixa
1176 2873 1259 2901 clavis
1273 2870 1435 2908 prpendcrit
1451 2870 1478 2898 in
1489 2869 1578 2898 crucis
1593 2869 1693 2907 ligno.)
