1971 3091
162 173 212 204 921

668 171 848 203 EPISTOLA
869 171 917 201 DE
937 170 1089 200 DUABUS
1109 169 1288 200 NATURIS.

1731 164 1785 196 922

158 231 215 258 Im
230 229 280 266 μία
291 229 371 264 φύσις
384 236 412 255 τε
425 228 471 256 καὶ
486 227 634 259 ὑπόστασις
650 229 666 263 ἡ
680 227 727 254 τοῦ
743 227 829 261 Λόγου
846 235 944 261 σεσαρ-

1000 225 1081 253 Verbi
1104 225 1256 257 incarnati;
1283 228 1310 250 at
1335 231 1390 251 non
1405 221 1478 258 cogit
1499 222 1567 252 illud
1584 229 1635 249 nos
1652 221 1784 249 unionem

158 277 268 312 κωμένη
281 284 288 293 ·
305 275 353 303 καὶ
372 275 422 302 οὐκ
437 274 578 307 ἐκτούτου
594 273 815 310 περικλειόμεθα,
833 273 901 309 πρὸς
915 273 946 299 τὸ

158 325 205 352 καὶ
220 324 252 350 ὲκ
267 322 315 350 δύο
328 322 482 358 προσώπων
502 321 592 355 λέγειν
607 321 656 356 τὴν
673 320 780 347 ἕνωσιν.
799 330 808 345 ι
835 320 946 355 Πρῶτον

158 371 245 397 ὲκεῖνο
266 368 384 405 ἐροῦμεν
395 389 402 401 ,
420 368 477 395 Μία
492 368 539 395 καὶ
552 368 618 403 μία,
638 367 704 402 μίαν
726 367 756 393 οὐ
773 367 862 397 ποιεῖ,
879 366 947 393 ἀλλὰ

158 416 204 443 δύο
215 424 222 431 -
237 415 290 446 ἕως
310 414 365 449 γὰρ
380 414 445 449 μίαν
456 414 503 441 καὶ
520 414 585 449 μίαν
605 413 711 449 θεωρῇς
726 413 773 439 καὶ
786 413 869 449 λέγῃς
879 431 886 444 ,
901 411 947 438 δύο

159 462 207 489 καὶ
221 461 332 497 θεωρεῖς
344 461 390 488 καὶ
409 461 508 495 λέγεις.
526 461 557 488 Ει
570 460 599 487 δὲ
616 460 687 487 κατὰ
702 460 747 487 τὸν
761 459 807 486 σὸν
821 461 882 494 ὅρον
897 459 947 486 οὐκ

159 508 217 535 ἔστι
244 507 325 542 φύσις
350 508 524 543 ἀπρόσωπος,
553 507 613 539 πῶς
646 507 679 534 ἐκ
703 506 749 534 δύο
776 506 886 541 φύσεων
909 504 947 532 ὣν

158 555 173 581 ὁ
190 554 308 590 Χριστὸς
321 574 328 586 ,
351 554 410 589 οὐχὶ
429 554 475 581 καὶ
498 554 529 580 ἐκ
548 553 596 580 δύο
618 553 773 589 προσώπων
788 553 848 580 ἐστὶ
871 551 947 587 παρά

160 598 201 625 σοι
210 607 217 631 ;
879 616 889 625 .

194 645 249 672 Καὶ
275 645 303 671 ὲν
331 645 406 680 αὐτῷ
429 645 458 672 δὲ
488 645 569 672 πάλιν
592 645 632 680 τῷ
660 645 832 680 συντάγματι
861 644 946 679 ἔφης·

162 700 172 717 ‹
195 690 264 717 Ἀλλ’
275 690 348 722 εῐτις
363 691 397 718 τὰ
411 691 440 723 ἐξ
453 688 490 718 ὧν
505 691 563 718 ἐστι
575 692 710 726 σκοπῆσαι
722 691 865 726 ζητήσειεν
876 711 883 722 ,
901 689 948 716 νοῦ

161 736 231 772 μόνῃ
239 737 373 772 φαντασίᾳ
383 737 430 763 καὶ
439 737 525 772 λεπτῇ
538 737 638 774 θεωρίᾳ
648 737 694 763 καὶ
706 736 812 771 ἐπινοίᾳ
825 735 947 771 διαιρῶν,

159 783 260 818 Θεωρεῖ
281 783 327 809 δύο
350 783 468 817 φύσεων,
491 784 576 819 ήγουν
602 782 793 814 ὑποστάσεων,
821 782 946 808 σύνοδονσ

159 829 207 855 καὶ
220 829 250 855 τὸ
263 828 381 863 ἑκάστης
390 830 491 863 τρόπον
503 829 563 856 τινὰ
576 828 743 863 φαντάζεται
758 828 904 863 πρόσωπον
919 828 948 854 ὲν

160 874 268 924 έπινοίᾳ
280 874 384 902 λαϐεῖν.
401 874 579 902 Συνεισιοῢσα
591 875 618 901 δὲ
633 876 666 910 τῇ
680 874 783 909 διανοίᾳ
809 874 884 909 καὶὴ
900 874 948 909 τῆς
964 896 985 924 Β

159 919 282 952 ὲνώσεως
298 920 422 955 δύναμις,
449 921 498 948 καὶ
521 920 569 956 τὴν
592 921 621 953 ἐξ
635 921 735 956 ἀμφοῖν
750 919 861 952 δείξασα
884 919 948 954 μίαν

160 965 320 997 ὑπόστασιν,
335 965 368 992 τὰ
381 966 488 1001 ἐπινοίᾳ
502 965 674 1001 σκοπηθέντα
685 965 732 992 δύο
743 966 776 1000 τῇ
791 965 948 997 ὑποστάσει,

159 1011 206 1038 δύο
223 1011 314 1046 μένειν
327 1012 356 1038 οὺ
374 1013 529 1046 συγχωρεῖ·
546 1012 615 1045 μετὰ
629 1011 683 1047 γὰρ
697 1011 747 1046 τὴν
764 1011 812 1046 τῆς
826 1010 949 1042 ἐνώσεως

159 1057 274 1090 ἔννοιαν,
292 1058 509 1093 ἁναφαινομένης
525 1059 588 1093 μιᾶς
604 1058 712 1092 φύσεως
724 1058 774 1092 τῆς
788 1057 835 1084 τοῦ
850 1057 948 1090 Λόγου,

159 1104 395 1139 σεσαρκωμένης,
421 1103 438 1138 ἡ
463 1104 568 1130 ἐπίνοια
589 1104 644 1131 τῶν
671 1102 876 1138 φαντασθεισῶν
902 1103 949 1129 δύο

159 1149 315 1184 προσώπων
339 1149 356 1184 ἢ
375 1149 482 1183 φύσεων
504 1149 520 1185 ἢ
536 1150 711 1177 ὑποστάσεων
727 1150 914 1182 ὑπεξίσταται.
937 1157 946 1175 ι

159 1194 271 1227 Τούτοις
287 1195 412 1230 ἐπιφέρει
430 1196 585 1232 μαρτυρίαν
599 1197 670 1228 τινὺς
691 1196 852 1230 πολύστιχον
872 1196 948 1230 ἔχου-

160 1249 209 1267 σαν
226 1241 255 1267 ὲν
277 1240 316 1276 τῷ
331 1241 402 1267 τέλει
425 1240 514 1272 οὕτως
527 1249 534 1256 ·
554 1250 564 1266 ι
579 1241 834 1275 Συγκατωρθῶσθαί
858 1249 948 1275 φαμεν

160 1287 316 1321 ἀναγκαίως
330 1287 363 1322 τῇ
373 1286 428 1313 τῶν
442 1287 616 1313 ὑποστάσεων
632 1287 698 1322 πρὸς
712 1287 826 1322 ἑνότητα
839 1286 949 1321 συνδρο-

163 1333 218 1367 μῇ,
240 1332 287 1358 καὶ
307 1331 397 1359 αὐτῶν
419 1332 474 1358 τῶν
495 1331 650 1367 προσώπων
659 1332 708 1367 τὴν
723 1333 831 1359 ἕνωσιν.
850 1332 948 1367 Ἐχρῆν

163 1377 213 1412 μὲν
232 1377 269 1413 μὴ
285 1377 372 1411 λέγειν
385 1386 413 1404 σε
434 1377 588 1412 προσώπων
603 1378 716 1404 ἕνωσιν·
733 1387 742 1403 ι
759 1377 846 1411 λέγων
872 1377 910 1409 δὲ,
923 1377 948 1404 τί

161 1423 249 1458 ἀρνῇι
265 1423 297 1449 Ει
310 1421 463 1458 προσώπων
475 1422 572 1454 ἓνωσις
587 1423 707 1457 γέγονεν,
721 1422 829 1457 πρῶτον
842 1423 947 1458 ὑπέστη

161 1469 176 1495 ό
202 1468 356 1503 ἄνθρωπος,
383 1470 429 1495 καὶ
454 1469 515 1495 τότε
535 1467 628 1504 ἡνώθη
654 1468 693 1504 τῷ
716 1468 948 1505 προῦφισταμένῳ

161 1512 222 1548 Θεῷ
232 1513 320 1548 Λόγῳ.
341 1513 497 1549 Προσώπων
515 1515 542 1541 δὲ
555 1515 662 1546 ἕνωσιν,
676 1515 736 1542 οὐδὲ
749 1515 896 1551 Νεστόριος
911 1515 949 1541 εί-

161 1560 223 1586 πεῐν
238 1559 396 1596 ἐτόλμησεν,
411 1560 558 1598 πρόσωπον
572 1560 600 1587 δὲ
621 1561 711 1596 μόνον.

197 1693 335 1728 Θαυμάζω
347 1693 375 1719 δέ
391 1701 432 1725 σε,
447 1694 497 1729 τῆς
513 1693 635 1725 ἐνώσεως
649 1694 799 1729 γενομένης
814 1694 861 1720 καὶ
879 1694 946 1720 ἀνα-

160 1739 292 1774 φανείσης
301 1740 351 1774 τῆς
364 1739 428 1774 μιᾶς
441 1738 547 1774 φύσεως
563 1738 620 1771 πῶς
633 1739 713 1771 αὐτὸς
720 1739 823 1774 ταύτην
834 1739 947 1775 διαιρεῖν

160 1785 274 1811 δύνασαι
289 1784 384 1817 πάλιν,
400 1785 446 1811 καὶ
464 1785 590 1812 ἀναλύειν
603 1787 644 1817 είς
657 1785 691 1812 τὰ
711 1785 741 1817 ἐξ
759 1782 796 1812 ὧν
808 1805 815 1817 ,
835 1786 882 1812 καὶ
896 1785 947 1820 τὴν

163 1831 227 1867 μίαν
249 1831 296 1858 δύο
308 1831 420 1867 θεωρεῖν
433 1832 464 1857 οὐ
482 1831 561 1866 μόνον
576 1831 683 1866 φύσεις,
709 1831 777 1858 ἀλλὰ
801 1833 848 1859 καὶ
862 1831 947 1866 πρόσ-

161 1885 234 1904 ωπα.
253 1878 287 1903 Ἦ
306 1877 376 1912 τάχα
389 1878 417 1903 ὲν
442 1876 484 1903 σοί
505 1877 564 1903 ἐστι
580 1876 626 1903 καὶ
638 1876 713 1903 λύειν
731 1877 780 1912 τὴν
789 1877 885 1903 ἕνωσιν
901 1876 947 1902 καὶ

162 1923 288 1958 συνάγειν
312 1923 414 1957 αὐτὴν,
434 1923 480 1949 καὶ
498 1923 562 1949 ὅταν
581 1922 631 1958 μὲν
654 1922 735 1958 βούλῃ
748 1943 755 1955 ,
774 1922 886 1957 θεωρεῖς
898 1922 947 1954 τὰς

161 1969 269 2004 φύσεις,
296 1969 340 1995 ὅτε
355 1968 384 1996 δὲ
416 1968 504 2000 θέλεις
516 1988 524 2001 ,
545 1968 749 2001 ὑπεξίστανται.
772 1969 803 1995 Et
822 1968 849 1994 δὲ
865 1968 947 2000 ὑπεξ-

161 2015 289 2050 έστησαν,
299 2015 411 2050 ἀφανεῖς
430 2014 586 2049 γενόμεναι,
603 2014 665 2040 οὔτε
676 2014 722 2041 δύο
737 2013 798 2040 οὔτε
813 2014 862 2049 μία
880 2013 895 2047 ἦ
908 2015 946 2041 εί-

161 2061 238 2097 σινῆ
262 2060 444 2096 θεωροῦνται,
469 2062 526 2092 τοῖς
551 2061 771 2092 ἀποτελιεστικοῖς
799 2068 947 2095 συναφανι-

161 2108 272 2140 σθέντος
294 2108 341 2134 τοῦ
361 2107 596 2142 ἀποτελέσματοςο
614 2108 638 2133 εἰ
656 2107 684 2133 δὲ
697 2107 746 2142 τῆς
763 2107 824 2142 μιᾶς
842 2108 947 2141 ἀναφα-

160 2155 262 2190 νείσης,
277 2156 295 2190 ἠ
311 2154 417 2181 ἐπίνοια
437 2155 504 2190 μόνη
526 2155 711 2187 ὑπεξίσταται,
726 2154 775 2181 οὐκ
799 2153 885 2186 ἔξεστί
906 2162 947 2180 σοι

161 2202 277 2229 ἐπινοεῖν
290 2201 340 2229 ἔτι.
358 2201 478 2228 Γίνωσκε
503 2201 531 2227 δὲ
552 2201 593 2227 ὃτι
608 2201 638 2227 τὺ
653 2201 715 2227 κατ’
734 2200 857 2227 ἐπίνοιαν
873 2200 947 2226 ἐστιν

997 273 1040 300 vel
1056 280 1090 299 ex
1100 271 1208 299 duabus
1221 270 1346 306 personis
1359 270 1458 298 factata
1479 269 1612 306 proﬁteri.
1634 278 1643 294 ι
1661 267 1785 295 Primum
1834 275 1836 278 '

997 319 1087 346 dicam
1103 327 1109 345 :
1123 318 1182 346 Una
1199 323 1227 345 et
1238 325 1302 349 una,
1317 325 1371 344 non
1387 317 1453 344 facit
1470 323 1564 347 unam,
1578 314 1625 342 sed
1639 314 1724 347 duas;
1738 314 1786 341 do-

998 373 1049 392 nec
1073 365 1159 400 igitur
1181 372 1263 392 unam
1283 372 1316 391 ac
1330 371 1413 390 unatn
1429 362 1589 390 consideres
1606 365 1634 389 et
1649 361 1783 395 loquaris,

997 410 1067 437 duas
1091 409 1250 437 consideras
1265 413 1292 436 et
1311 409 1444 443 loqueris.
1462 409 1540 439 Dein,
1558 407 1580 435 si
1594 408 1670 442 juttta
1685 406 1785 433 deﬁni-

999 455 1102 483 tionem
1131 459 1205 482 tuam
1220 463 1274 482 non
1296 461 1338 482 est
1354 461 1451 482 natura
1467 461 1527 489 quae
1545 461 1662 488 persona
1681 455 1783 484 careat,

998 509 1053 536 quo
1074 506 1153 537 pacto
1178 509 1211 529 ex
1236 501 1346 528 duabus
1358 501 1465 528 naturis
1494 508 1556 527 cum
1582 500 1618 526 sit
1645 498 1783 530 Christus,

998 555 1053 574 non
1066 554 1100 574 ex
1116 546 1224 574 duabus
1235 546 1361 581 personis
1379 553 1442 573 eum
1456 545 1583 572 diceres?

1034 638 1064 665 In
1084 638 1144 673 ipso
1160 638 1244 666 etiam
1268 641 1389 664 tractatu
1411 635 1525 663 dixisti:
1543 645 1551 661 ι
1573 634 1651 667 Quod
1673 634 1695 661 si
1722 633 1786 667 quis

998 691 1030 711 ea
1044 693 1058 711 e
1073 684 1177 718 quibus
1199 687 1240 710 est
1265 682 1445 710 considerare
1470 681 1601 712 voluerit,
1624 687 1711 714 caque
1727 678 1785 705 sola

998 730 1100 757 mentis
1109 729 1286 764 cogitatione,
1307 732 1333 755 et
1347 727 1442 755 subtili
1459 727 1639 754 meditatione
1652 730 1680 752 et
1693 729 1786 752 mente

999 775 1136 808 diviserit,
1153 775 1268 803 duarum
1281 779 1443 802 naturarum
1459 778 1507 801 aut
1519 773 1704 809 hypostaseon
1720 778 1787 798 con-

999 831 1111 851 cursum
1120 822 1271 858 perspiciet
1283 830 1290 854 ;
1304 829 1336 848 ac
1348 822 1482 856 cujusque
1495 827 1640 855 personam
1650 818 1785 853 quodam-

1000 869 1083 897 modo
1118 869 1288 904 cogitatione
1308 867 1456 902 complecti
1483 866 1634 893 videbitur.
1652 864 1702 892 Ubi
1735 871 1785 890 au-

1001 920 1054 943 tem
1070 919 1190 942 mentem
1206 913 1388 942 commoverit
1405 913 1447 940 vis
1460 911 1584 944 unionis,
1601 917 1683 938 unatn
1701 909 1788 944 hypo-

999 962 1085 989 stasin
1109 968 1142 988 ex
1169 961 1278 988 duabus
1302 959 1498 994 comprobans,
1522 965 1577 984 non
1600 955 1735 983 concedet
1756 959 1786 982 ut

999 1009 1160 1034 remaneant
1174 1005 1240 1037 duo,
1255 1012 1315 1040 quae
1325 1004 1380 1031 duo
1394 1002 1534 1039 bypostasi
1553 1000 1684 1036 cogitatio
1696 999 1786 1026 fuerat

999 1053 1143 1080 meditata.
1171 1051 1288 1080 Unionis
1302 1051 1376 1078 enim
1402 1050 1429 1077 vi
1457 1049 1607 1079 intellecta,
1630 1054 1684 1074 una
1699 1045 1784 1074 Verbi

999 1099 1137 1128 incarnati
1167 1104 1264 1126 natura
1289 1101 1445 1132 perspecta,
1472 1094 1615 1123 evanescit
1631 1093 1676 1120 illa
1690 1091 1785 1126 opinio

999 1147 1117 1174 duarum
1143 1151 1326 1180 personarum
1353 1147 1402 1170 aut
1426 1145 1600 1171 naturarum,
1622 1143 1670 1166 aut
1697 1138 1786 1172 hypo-

999 1197 1109 1220 staseon
1133 1189 1299 1226 cogitatione
1324 1193 1530 1222 conceptarum.
1548 1197 1557 1212 ν
1585 1185 1652 1217 Quae
1686 1182 1784 1210 fusiori

999 1237 1142 1273 cujusdam
1158 1236 1211 1263 viri
1235 1235 1396 1263 testitnonio
1409 1233 1567 1264 conﬁrmat,
1585 1231 1664 1265 cujus
1679 1235 1785 1256 summa

999 1284 1039 1312 sic
1055 1291 1084 1311 se
1100 1283 1182 1310 habet
1200 1292 1207 1309 :
1228 1292 1237 1307 ι
1254 1282 1344 1316 Ipsam
1371 1286 1551 1315 personarum
1580 1277 1711 1304 unionem
1734 1282 1785 1302 ne-

999 1330 1119 1358 cessario
1136 1328 1231 1364 perﬁci
1247 1328 1368 1355 diximus
1382 1333 1518 1354 concursu
1544 1324 1728 1359 hypostaseon
1750 1320 1785 1347 ad

999 1372 1145 1404 unitatem.
1162 1384 1170 1400 »
1188 1373 1248 1401 Νοη
1265 1373 1316 1400 tibi
1330 1371 1519 1400 conﬁrmanda
1531 1374 1591 1397 erat
1608 1368 1674 1395 unio
1687 1373 1783 1402 perso-

998 1428 1112 1453 narum;
1138 1424 1165 1447 at
1186 1423 1258 1452 eam,
1276 1417 1324 1445 ubi
1346 1415 1563 1446 conﬁrmaveris,
1584 1420 1670 1448 quare
1682 1410 1785 1446 negas?

999 1466 1078 1500 Quod
1092 1465 1116 1493 si
1138 1471 1321 1500 personarum
1343 1463 1408 1490 unio
1420 1462 1492 1489 facta
1509 1465 1562 1492 est,
1581 1459 1700 1494 primum
1717 1456 1786 1484 sub-

999 1513 1116 1541 sistebat
1137 1512 1231 1543 liomo,
1259 1515 1287 1537 et
1311 1514 1377 1537 tunc
1396 1516 1458 1536 cum
1491 1506 1715 1542 praesubsistente
1728 1503 1785 1531 Deo

961 1569 982 1597 ο
999 1560 1089 1588 Verbo
1109 1559 1204 1586 unitus
1227 1561 1280 1584 est.
1303 1557 1489 1584 Personarum
1512 1554 1643 1581 unionem
1665 1559 1699 1578 ne
1727 1552 1785 1585 ipse

1000 1605 1112 1641 quidem
1134 1603 1280 1632 Nestorius
1306 1601 1429 1638 proﬁteri
1453 1608 1537 1629 ausus
1561 1603 1614 1632 est,
1638 1597 1687 1626 sed
1703 1604 1784 1624 unam

1000 1655 1104 1679 tantum
1121 1658 1266 1686 perSOnam
1285 1649 1389 1677 docuit.

1034 1698 1118 1726 Miror
1132 1701 1224 1724 autem
1246 1695 1396 1731 quomodo,
1419 1694 1522 1721 unione
1542 1693 1612 1719 facta
1624 1695 1652 1718 et
1665 1697 1720 1717 una
1734 1696 1785 1715 na-

998 1750 1061 1773 tura
1085 1748 1240 1778 perspecta,
1265 1741 1337 1768 hanc
1363 1746 1458 1766 rursus
1483 1737 1608 1764 dividere
1636 1734 1725 1770 possis
1752 1740 1785 1760 ac

998 1791 1150 1819 dissolvere
1175 1789 1203 1816 in
1218 1796 1250 1815 ea
1268 1795 1284 1814 e
1298 1786 1409 1822 quibus,
1424 1789 1451 1812 et
1471 1791 1552 1811 unam
1570 1787 1696 1809 naturam
1715 1780 1786 1807 duas

997 1837 1117 1872 cogitare
1131 1844 1187 1863 non
1199 1834 1281 1862 modo
1296 1838 1418 1864 naturas,
1431 1831 1480 1858 sed
1490 1834 1518 1858 et
1529 1836 1670 1865 personas.
1684 1827 1784 1854 Tibine

998 1871 1043 1911 est
1060 1882 1175 1910 facultas
1213 1880 1345 1907 ttnionem
1380 1876 1506 1905 solvendi
1537 1882 1570 1902 ac
1603 1871 1786 1908 perﬁciendi?

998 1927 1114 1963 Quando
1142 1926 1191 1954 tibi
1215 1925 1316 1960 placet,
1331 1928 1446 1950 naturas
1458 1921 1548 1953 vides,
1566 1923 1604 1950 et,
1621 1917 1783 1953 tejubente,

998 1975 1091 2003 statim
1133 1974 1311 2000 evanescunt.
1352 1969 1380 1996 Si
1408 1972 1500 1995 autetn
1525 1968 1708 1995 evanuerunt,
1733 1970 1785 1990 nec

995 2020 1051 2056 jam
1067 2018 1188 2053 conspici
1211 2019 1336 2052 possunt,
1359 2021 1450 2048 neque
1462 2012 1523 2039 duae
1543 2018 1633 2045 nequc
1653 2017 1705 2036 una
1719 2012 1784 2036 sunt

998 2069 1046 2093 aut
1057 2064 1196 2094 videntur,
1212 2062 1315 2090 eﬁ‘ectu
1327 2060 1410 2088 simul
1423 2067 1486 2086 cum
1503 2056 1686 2085 efﬁcientibus
1702 2062 1785 2090 appa-

998 2115 1096 2144 rente;
1116 2110 1138 2138 si
1160 2117 1215 2137 una
1237 2110 1386 2143 apparente
1400 2106 1457 2134 sola
1482 2103 1613 2139 cogitatio
1627 2104 1783 2133 evanescet,

999 2166 1055 2185 non
1079 2160 1121 2184 est
1137 2155 1204 2190 quid
1227 2154 1318 2181 adhuc
1331 2152 1444 2188 cogites.
1468 2150 1543 2178 Scito
1567 2153 1659 2176 autern
1680 2147 1783 2181 aliquid

999 2203 1055 2231 dici
1070 2202 1129 2230 ﬁeri
1153 2200 1320 2236 cogitatione
1344 2207 1394 2234 per
1413 2197 1614 2233 oppositionem
1629 2194 1663 2222 ad
1677 2201 1709 2221 ea
1724 2200 1785 2227 qua:

160 2248 205 2275 ὅτε
221 2247 289 2283 πρὸς
307 2246 510 2283 ἁντιδιαστολὴν
523 2246 569 2273 τοῦ
584 2248 644 2273 κατ’
665 2246 804 2281 ἐνέργειαν
828 2246 947 2281 εἴρηται.

1001 2254 1062 2277 actu
1090 2249 1172 2280 ﬁunt;
1193 2253 1255 2274 nam
1279 2250 1354 2278 actu,
1371 2248 1409 2277 et,
1433 2242 1600 2274 utfdixeris,
1621 2239 1783 2269 efﬁcienter,

161 2294 200 2328 Τῇ
217 2293 266 2328 μὲν
282 2291 327 2320 οὖν
343 2293 478 2328 ἐνεργείᾳ,
498 2292 546 2319 καὶ
565 2292 602 2324 ὡς
626 2293 658 2319 ἄν
673 2300 715 2323 τις
729 2293 802 2318 εἴποι
819 2300 948 2326 πραγμας

160 2338 256 2371 τικῶς,
268 2338 322 2365 οὐδ’
336 2339 416 2373 ἡμεῖς
433 2338 592 2373 διαιροῦμεν
608 2338 658 2369 τὰς
675 2337 769 2371 φύσεις
782 2344 788 2351 ·
805 2338 838 2372 τῇ
853 2337 875 2363 δ’
888 2338 950 2363 ἐπι-

161 2385 222 2420 νοίᾳ
246 2384 406 2411 διίστανται.
422 2384 452 2410 El
466 2383 493 2410 δὲ
508 2383 615 2410 ἐπίνοια
633 2383 680 2410 καὶ
703 2382 828 2417 ἐνέργεια
851 2381 949 2409 ταυτόν

162 2432 254 2464 ἔστιν,
274 2431 327 2466 ἄρα
341 2430 388 2456 καὶ
402 2429 449 2465 τὴν
467 2429 531 2464 μίαν
548 2429 629 2464 φύσιν
641 2428 746 2464 ἐπινοίᾳ
757 2427 848 2461 λέγεις
866 2435 949 2461 γεγε-

161 2477 272 2512 νῆσθαι,
291 2477 308 2512 ἢ
322 2477 370 2504 καὶ
380 2477 428 2508 τὰς
442 2475 490 2502 δύο
504 2475 599 2510 φύσεις
613 2474 740 2510 ἐνεργείᾳ
753 2474 801 2501 καὶ
813 2474 950 2505 οὺσιωδῶς

162 2521 230 2550 εἷναι
258 2523 354 2558 φήσεις
387 2521 437 2556 μὲν
461 2520 510 2557 τὴν
533 2521 640 2548 ἕνωσιν.
657 2519 688 2546 El.
702 2520 730 2546 δὲ
752 2519 860 2555 ἐπινοίᾳ.
882 2518 949 2554 μόνῃ

162 2568 306 2604 γνωρίζεις
338 2568 388 2600 τὰς
417 2568 523 2601 φύσεις,
547 2566 578 2593 τδ
602 2565 775 2600 ἀνύπαρκτον
789 2564 880 2591 αὐτῶν
902 2564 950 2591 καὶ

162 2614 287 2641 ἐπιούσιον
296 2633 303 2647 ,
320 2614 336 2648 ἢ
349 2613 379 2640 τὸ
396 2614 599 2648 συγκεχυμένον
614 2612 661 2639 καὶ
673 2611 856 2647 ἠφανισμένον
867 2619 950 2637 κατα-

163 2660 306 2692 σκευάζεις
318 2669 326 2678 ·
341 2660 410 2695 ὅπερ
422 2659 469 2686 καὶ
482 2658 580 2694 μᾶλλον
597 2658 702 2688 ώδὶνεις
720 2657 780 2692 μὲν,
793 2656 843 2683 οὐκ
857 2655 952 2690 ἐκφαί-

161 2713 217 2736 νεις
241 2704 279 2731 δέ.
305 2704 426 2740 Ἐπινοίᾳ
440 2704 494 2739 γὰρ
511 2704 539 2730 οὺ
559 2703 638 2738 μόνον
654 2702 721 2736 ἔφης
737 2701 868 2736 διαιρεῖν,
883 2700 950 2728 ἀλλὰ

153 2750 212 2792 ⁸καὶ.
231 2751 342 2778 σκοπεῖν
359 2751 408 2782 τὰς
428 2750 534 2786 φύσεις,
547 2749 579 2781 ἂς
597 2749 659 2775 οὐδὲ
679 2748 769 2783 μένειν
782 2747 843 2774 καί)1
861 2747 951 2782 ὓπαρ-

164 2796 206 2828 ξιν
221 2798 373 2832 συγχωρεῖς
387 2797 445 2829 νῦν,
460 2797 473 2823 ὁ
489 2797 517 2822 ἐν
533 2795 638 2826 πολλοῖς
652 2794 738 2829 λέγων
760 2794 852 2829 μένειν
868 2793 951 2824 αὐτὰς

165 2842 194 2868 ὲν
211 2842 245 2877 τῇ
260 2841 393 2874 συνθέσει,
405 2842 448 2868 διὰ
465 2841 512 2876 τὴν
527 2839 682 2876 προσοῦσάν
695 2848 736 2865 σοι
754 2839 896 2866 donatam

202 2887 263 2914 Ὅτι
278 2887 306 2914 δὲ
320 2889 350 2915 ὲκ
370 2887 540 2924 διῃρημένων
554 2887 607 2914 τῶν
627 2887 733 2922 φύσεων
749 2885 891 2921 ἀναγκάζῃ
907 2886 950 2912 λέ-

998 2303 1033 2324 ne
1061 2302 1112 2322 nos
1135 2293 1247 2328 quidem
1276 2296 1391 2319 naturas
1421 2289 1582 2321 dividimus,
1616 2284 1783 2321 cogitatione

999 2344 1108 2368 tantum
1128 2338 1346 2373 distinguuntur.
1375 2334 1453 2368 Quod
1471 2334 1495 2362 si
1518 2332 1649 2368 cogitatio
1663 2335 1691 2358 et
1707 2334 1784 2357 actas

998 2387 1071 2414 idem
1085 2390 1160 2418 sunt,
1176 2392 1259 2412 unam
1281 2387 1407 2410 naturam
1428 2380 1595 2416 cogitatione
1609 2378 1707 2405 factam
1722 2383 1784 2403 esse

999 2433 1085 2464 dices,
1102 2435 1149 2458 aut
1160 2431 1243 2458 etiam
1260 2430 1328 2457 duas
1342 2433 1455 2456 naturas
1471 2431 1532 2454 actu
1549 2430 1578 2453 et
1592 2422 1783 2452 substantiali-

999 2482 1041 2505 ter
1054 2484 1115 2505 esse
1129 2476 1280 2504 contendes
1291 2481 1354 2510 post
1372 2474 1513 2502 unionem.
1533 2471 1567 2500 At
1581 2472 1606 2499 si
1618 2470 1784 2506 cogitatione

999 2523 1057 2551 sola
1080 2526 1196 2550 naturas
1225 2519 1414 2555 consequeris,
1426 2518 1546 2546 essentia
1577 2520 1606 2544 et
1631 2515 1785 2543 substantia

999 2573 1125 2596 carentes
1149 2567 1235 2602 ﬁnges
1260 2574 1318 2598 eas,
1338 2569 1386 2592 aut
1404 2564 1532 2592 confusas
1551 2567 1580 2590 et
1609 2561 1784 2589 invisibiles:

1000 2612 1072 2648 quod
1093 2612 1204 2647 quidem
1219 2611 1312 2638 innuis
1327 2610 1418 2644 potius
1435 2617 1518 2643 quam
1537 2607 1685 2643 proﬁteris.
1702 2606 1785 2641 Cogi-

1001 2659 1106 2686 tatione
1129 2658 1203 2685 enim
1221 2665 1276 2684 non
1290 2657 1378 2684 solum
1401 2655 1471 2683 dicis
1490 2660 1516 2682 te
1531 2654 1719 2689 distinguere;
1736 2652 1784 2680 sed

1000 2707 1028 2732 et
1043 2703 1222 2731 considerare
1237 2706 1361 2734 naturas,
1377 2709 1446 2736 quas
1460 2708 1534 2728 nunc
1556 2700 1650 2727 fateris
1671 2707 1705 2726 ne
1719 2706 1786 2734 per-

1001 2757 1114 2777 manere
1136 2749 1249 2784 quidem
1272 2756 1320 2775 sua
1336 2748 1507 2779 cxsistentia,
1525 2747 1589 2774 dum
1605 2746 1663 2781 ipse
1677 2753 1723 2772 cas
1733 2752 1785 2771 sae-

1001 2795 1064 2831 pius
1077 2795 1119 2822 vel
1132 2796 1160 2822 in
1175 2795 1372 2829 conjunctione
1388 2800 1561 2828 permanere,
1574 2795 1688 2827 propter
1705 2790 1785 2816 inna—

1003 2845 1056 2868 tam
1071 2845 1144 2867 tuam
1158 2840 1339 2868 mobilitatem
1352 2839 1491 2867 docueris.

1037 2885 1180 2914 Distinctis
1223 2890 1315 2913 autem
1352 2885 1480 2919 naturis,
1511 2883 1694 2912 conﬁtendam
1725 2888 1784 2911 esse
