1971 3091
189 133 244 166 923

810 134 1016 164 EUSTATHU
1039 132 1210 163 MONACHI
1231 110 1234 111 ν

1769 129 1821 162 θίὶῑ

189 191 318 219 unionem
341 199 374 218 ex
398 191 453 218 tuis
478 191 569 219 verbis
584 191 767 226 probabimus
784 191 845 223 tibi,
859 191 977 218 duarum

1032 198 1088 224 γειν
1101 189 1151 224 τὴν
1167 189 1280 221 ἕνωσιν,
1305 189 1336 215 ὲκ
1354 189 1406 215 τῶν
1433 189 1485 215 σῶν
1505 188 1591 222 λόγων
1610 187 1763 231 ἐλέγξωμηέν
1788 197 1820 215 σε

189 243 369 271 personarum
389 236 508 264 doctori.
522 237 597 265 Dicis
609 237 683 265 enim
697 246 704 264 :
728 247 736 263 ι
757 237 808 264 Ubi
823 237 976 270 distinctio,

189 280 227 307 ibi
240 284 268 307 et
280 280 406 308 binarius
423 289 567 312 numerus.
585 286 613 309 et
627 281 674 309 ubi
693 281 819 309 binarius
833 289 976 313 numerus,

189 326 227 353 ibi
249 329 278 353 et
304 326 446 354 distinctio
472 326 508 354 sit
532 335 645 355 necesse
670 331 722 354 est.
754 337 763 353 ι
796 327 824 354 Si
845 335 912 354 voce
927 327 978 354 duo

189 379 276 406 usque
289 377 317 398 et
328 372 470 399 distinctio
486 373 623 405 innititur,
637 377 666 400 et
687 380 721 403 ex
741 380 808 400 voce
824 373 875 399 duo
891 381 978 408 usque

189 418 370 452 consequitur
391 418 522 446 unionem
548 419 632 447 rebus
661 418 800 446 distinctis
826 420 978 454 praisubsi-

189 464 383 498 stentibusque
409 464 468 492 ﬁeri
483 486 489 498 ,
512 473 544 492 ex
571 466 679 493 duabus
691 465 819 500 personis
834 465 927 493 dicere
943 473 979 493 ne

191 517 311 537 recuses.
335 510 446 538 Clarius
466 512 548 538 etiam
567 516 596 539 et
611 511 788 539 manifestius
801 511 877 539 dicta
901 516 979 547 pate-

188 556 266 583 bunt.
294 556 322 583 In
352 556 411 591 ipso
428 557 560 584 adversus
586 557 800 585 Grammaticum
823 558 895 586 libro
917 559 978 586 ait:

193 610 202 625 ι
219 601 316 628 Merito
338 601 421 637 igitur
448 607 570 636 putares,
584 603 722 638 perfectas
736 604 909 640 hypostases,
924 603 980 631 dis-

190 647 274 674 tincte
297 647 491 680 subsistentes,
517 648 586 676 duas
599 649 727 676 etiamin
745 657 879 684 personas
905 650 980 677 divi—

189 699 234 718 sas
248 699 321 723 esse,
337 692 373 719 ita
392 696 421 718 ut
433 700 549 727 quaeque
563 694 701 728 propriam
714 701 860 729 personam
876 695 979 722 consti.

191 741 261 768 tuat.
275 742 304 764 et
317 738 429 772 propria
444 738 624 766 subsistentia
636 739 781 767 subsistat.
791 749 799 765 ι
817 740 850 767 Ει
866 748 979 768 rursus:

195 792 203 808 ι
223 783 283 810 Non
295 783 351 810 duo
369 783 488 814 Domini,
500 792 557 811 non
571 784 626 812 duo
638 785 710 817 Filii,
723 793 778 812 non
794 785 850 812 duo
866 785 979 818 Christi,

189 829 256 863 quia
271 829 432 857 substantiae
450 830 492 857 vel
506 831 668 866 hypostases
681 836 729 859 aut
749 835 856 859 natura:
869 832 980 867 propria

1029 236 1074 262 τὸν
1089 235 1249 263 διδάσκαλον
1261 236 1315 262 τῶν
1328 234 1548 271 διπροσωπιτῶν.
1572 235 1661 270 Ἕφης
1673 245 1679 250 -
1699 244 1709 260 ε
1729 232 1819 262 ’ὐπου

1028 283 1172 318 διαίρεσις,
1201 283 1259 310 ἐκεῖ
1286 283 1332 309 καὶ
1358 282 1437 312 δυάς·
1461 282 1508 308 καὶ
1527 281 1593 308 ὅπου
1611 280 1685 313 δυὰς,
1700 282 1759 308 ἐκεῖ
1771 281 1820 308 καὶ

1029 329 1160 365 διαίρεσις
1177 329 1329 356 ἀκολουθεῖ.
1350 338 1359 354 ι
1378 328 1409 355 Ei
1428 329 1461 363 τῇ
1478 327 1533 354 δύο
1551 328 1627 362 φωνῇ
1648 327 1756 359 πάντως
1772 328 1820 354 καὶ

1028 376 1160 411 διαίρεσις
1179 375 1330 407 ἀκολουθεῖ,
1351 375 1397 402 καὶ
1419 375 1452 410 τῇ
1472 375 1505 400 ἐκ
1522 374 1576 401 δύο
1598 374 1708 405 πάντως
1724 373 1819 407 ἕψεται

1029 421 1059 448 τὺ
1085 421 1117 448 ἐκ
1144 421 1316 457 διῃρημένων
1345 421 1390 448 καὶ
1404 420 1623 455 προῦφεστώτων
1648 419 1698 455 τὴν
1721 419 1819 446 ἕνωσιν

1029 467 1192 503 γεγενῆσθαι
1204 476 1210 483 ·
1225 467 1264 494 διὸ
1278 468 1326 495 καὶ
1341 467 1370 494 τὺ
1385 468 1418 495 ἐκ
1429 467 1483 494 δύο
1496 466 1664 502 προσώπων
1675 466 1705 493 οὐ
1719 474 1820 500 παραι-

1029 514 1062 549 τῇ
1080 513 1178 547 λέγειν.
1193 512 1267 548 Πλὴν
1282 512 1453 548 τρανώτερον
1470 512 1516 538 καὶ
1530 512 1695 546 σαφέστερον
1712 511 1820 538 ἀποδει-

1030 559 1160 594 χθήσεται
1173 559 1204 586 τδ
1219 558 1376 594 λεγόμενον.
1387 559 1430 585 Ἐν
1445 558 1519 593 αὑτῷ
1530 557 1569 592 τῷ
1582 557 1652 584 κατὰ
1663 557 1710 584 τοῦ
1726 557 1821 592 Γραμ⁶

1032 604 1147 639 ματικοῦ
1167 604 1262 639 βιϐλίῳ
1273 604 1366 638 φησίψ
1385 613 1394 630 ‹
1414 604 1501 630 Νοοῖτ⁹
1517 603 1550 630 ἃν
1567 600 1613 629 οὖν
1633 603 1745 634 εἰκότως
1758 624 1765 633 ,
1781 602 1820 634 ὡς

1030 649 1133 676 τέλειαι
1156 650 1183 676 at
1198 651 1369 682 ὑποστάσεις,
1388 649 1558 685 διῃρημένως
1583 649 1631 684 μὲν
1652 648 1820 683 ὑφεστῶσαι,

1030 695 1171 732 διῄρηνται
1186 695 1233 723 καὶ
1249 697 1288 728 είς
1304 697 1436 731 πρόσωπα
1450 696 1506 727 δύο,
1523 695 1587 722 [διον
1603 695 1720 729 ἑκάστης
1736 695 1822 729 πρόσ-

1031 750 1105 768 ωπον
1133 742 1360 778 ἐπιγραφομένης
1379 762 1385 773 ,
1408 741 1446 773 ὡς
1476 741 1670 772 ίδιοσυστάτως
1696 739 1818 774 ὑφεστώ-

1033 797 1092 824 σης.
1107 799 1116 814 ι
1135 789 1190 816 Καὶ
1202 789 1299 815 πάλιν·
1320 798 1328 814 ι
1342 788 1379 814 Οὐ
1396 787 1442 814 δύο
1460 787 1569 823 Κύριοι,
1590 787 1621 814 οὺ
1636 786 1683 813 δύο
1700 787 1770 817 Υἱοὶ,
1788 786 1818 812 οὐ

1032 834 1079 862 δύο
1095 835 1222 870 Χριστοὶ,
1239 835 1283 861 διὰ
1295 835 1325 861 τὸ
1342 834 1409 869 μηδὲ
1425 834 1475 866 τὰς
1490 833 1582 864 οὐσίας
1597 833 1682 868 ἡγουν
1699 832 1820 859 ὑποστά-

190 875 360 908 substantia,
381 884 413 903 ac
436 876 584 911 separatim
608 881 636 905 et
658 886 692 904 ex
717 882 795 913 parte
822 886 876 906 non
889 878 980 906 subsi-

1039 888 1095 912 σεις
1141 879 1236 914 φύσεις
1254 867 1444 911 ἰδιοσυστάτως
1469 867 1652 914 ὑφεστηκέναι
1672 879 1717 905 καὶ
1733 886 1821 913 κεχω-

190 925 277 948 stunt.
302 932 310 947 ι
333 922 366 948 Ει
382 930 478 950 rursus
499 931 504 949 :
528 932 537 948 ι
556 922 729 958 Cogitatione
745 923 792 951 ubi
806 923 982 960 distinguun-

191 971 236 993 tur
252 971 359 994 natura‘.
376 969 418 995 vel
442 969 614 1003 hypostases,
629 969 711 996 simul
725 973 752 996 et
765 977 892 1004 personae
908 971 982 1006 cogi-

191 1017 303 1046 tantur;
327 1022 390 1041 nam
414 1023 477 1042 cum
502 1015 568 1050 quid
595 1015 629 1042 ab
652 1015 706 1043 alia
730 1024 760 1043 re
788 1015 981 1051 distinguitur,

191 1059 284 1086 statim
310 1060 451 1094 propriam
474 1069 620 1095 personam
645 1061 739 1089 eﬂieit.
760 1071 769 1087 ι
787 1062 821 1089 At
836 1062 858 1089 si
871 1070 903 1089 ea
921 1071 982 1097 qua:

191 1105 343 1133 subsistant
364 1107 475 1141 propria
501 1108 692 1141 subsistentia,
719 1109 859 1143 propriam
884 1117 982 1143 perso—

192 1159 254 1178 nam
269 1151 436 1185 eﬂieiunt,et
448 1161 479 1180 ea
494 1161 604 1189 quoque
617 1162 680 1189 qum
696 1155 825 1182 distincte
836 1159 983 1190 etsepara-

193 1198 241 1224 tim
257 1203 286 1226 et
303 1206 335 1225 ex
347 1203 425 1233 parte
441 1200 608 1233 subsistunt,
620 1201 647 1228 in
660 1208 793 1235 personas
802 1201 982 1237 distinguun-

193 1249 248 1276 tur,
271 1244 398 1273 Christus
423 1253 478 1273 non
505 1247 592 1274 solum
607 1254 641 1274 ex
655 1247 764 1274 duabus
781 1247 890 1274 naturis
903 1247 981 1282 juxta

192 1290 336 1323 Severum,
351 1292 399 1319 sed
416 1297 445 1319 et
458 1301 491 1320 ex
509 1293 617 1321 duabus
633 1294 761 1328 personis
780 1298 831 1321 est.
856 1294 982 1321 Primum

162 1357 165 1366 ,
192 1336 333 1370 distincte,
358 1342 386 1365 et
407 1340 557 1373 separatim
582 1344 611 1368 et
637 1348 670 1368 ex
693 1344 784 1375 parte,
814 1343 842 1367 et
870 1340 980 1375 propria

162 1376 165 1411 έ
191 1382 371 1411 subsistentia
408 1385 592 1413 substiterant
631 1390 749 1418 naturas,
778 1390 807 1414 et
839 1386 980 1421 propriam

163 1446 166 1449 μ
192 1432 309 1464 utraque
325 1434 453 1458 naturam
476 1432 678 1465 constituerat;
702 1437 797 1467 postea
815 1440 882 1459 vero
898 1432 981 1460 unita

192 1479 267 1505 sunt,
292 1479 319 1501 et
339 1475 378 1502 ita
407 1480 485 1503 ortus
508 1481 551 1504 est
572 1476 667 1504 Severi
686 1477 815 1506 Christus
827 1485 861 1505 ex
873 1477 981 1505 duabus

192 1521 300 1547 naturis
322 1525 350 1548 et
376 1529 392 1549 e
413 1522 520 1550 duabus
536 1524 681 1558 personis;
698 1524 772 1559 quod
783 1524 831 1558 qui
846 1531 978 1557 expresse
994 1535 1014 1563 ο

191 1565 357 1594 conﬁrmare
377 1567 502 1599 auderet,
519 1576 573 1596 non
592 1570 680 1597 solum
698 1569 827 1597 Nestorio
840 1569 980 1598 Nestoria-

192 1611 255 1639 nior
270 1616 355 1645 esset,
370 1614 418 1640 sed
435 1614 494 1648 ipso
510 1614 613 1643 Severo
628 1615 762 1644 insanior.

226 1701 256 1728 In
279 1709 408 1730 sermone
434 1703 495 1738 ejus
519 1703 547 1730 in
570 1703 760 1735 Nativitatem,
792 1705 873 1740 cujus
902 1713 982 1732 exor-

190 1746 278 1780 dium,
309 1747 351 1780 Ut,
377 1748 464 1776 lumen
498 1749 600 1782 Oriens.
617 1748 708 1778 dicit:
730 1761 738 1775 ι
764 1750 848 1786 Cujus
877 1755 982 1778 natura:

191 1794 329 1828 propriam
362 1795 549 1829 operationem
583 1796 707 1823 dicemus
741 1796 869 1825 incedere
900 1805 982 1832 super

189 1845 288 1873 aquam
300 1839 312 1865 '3
326 1840 511 1874 respondeant
531 1841 577 1875 qui
592 1844 653 1875 post
670 1841 798 1868 unionem
820 1841 889 1869 duas
903 1848 982 1870 natu-

191 1893 235 1912 ras
247 1885 363 1920 lingunt.
390 1886 488 1914 Utrum
517 1886 635 1914 (Ιίνίηωῖ
663 1887 698 1914 At
717 1896 771 1922 quo
783 1892 863 1923 pacto
879 1888 982 1916 divini-

192 1931 257 1958 tatis
284 1931 426 1966 proprium
463 1933 606 1967 corporeis
635 1933 753 1968 pedibus
782 1935 911 1970 ingredi?
937 1936 979 1963 An

191 1977 340 2004 humanae?
363 1977 443 2009 Vide,
460 1978 578 2005 duarum
608 1982 771 2006 naturarum
795 1984 912 2013 amator,
935 1981 980 2008 cui

191 2026 294 2049 tantam
310 2023 499 2057 operationem
516 2024 638 2057 tribuas;
656 2032 719 2052 nam
733 2034 764 2053 ea
782 2030 895 2054 naturas
908 2031 980 2060 tuas,

191 2072 222 2095 ut
246 2069 350 2102 cernis,
375 2068 455 2104 fugit.
483 2070 518 2097 At
546 2074 652 2097 certum
673 2075 725 2103 est,
757 2076 785 2099 et
806 2073 876 2099 nulli
894 2073 981 2101 dubio

191 2115 352 2146 obnoxium.
369 2116 423 2143 nisi
451 2120 547 2151 sponte
569 2116 703 2150 iuramus,
734 2118 790 2146 Deo
812 2119 902 2147 Verbo
917 2127 981 2154 pro-

190 2166 253 2196 pter
266 2170 316 2189 nos
331 2162 486 2196 incarnato,
509 2163 557 2190 uni
579 2168 606 2191 et
634 2164 789 2197 individuo,
806 2165 980 2194 individuam

1036 927 1170 961 ρισμένως
1199 927 1247 952 καὶ
1273 926 1325 952 ἀνὰ
1348 925 1464 961 μέρος.»
1488 925 1543 952 Καὶ
1572 925 1668 951 πάλιψ
1689 933 1698 950 ι
1716 924 1760 950 Ἐν
1786 925 1820 959 τῇ

1033 972 1139 1008 ἐπινοίᾳ
1159 972 1363 1007 διαιρουμένοιις
1381 973 1443 1003 ταῖς
1459 972 1584 1006 φύσεσιν,
1599 971 1683 1007 ήγουν
1703 971 1822 998 ὑποστά-

1035 1027 1105 1050 σεσι,
1124 1020 1324 1046 συνεπινοεῖται
1351 1019 1398 1045 καὶ
1415 1018 1449 1045 τὰ
1474 1018 1624 1053 πρόσωπα·
1638 1017 1752 1052 θάτερον
1765 1016 1821 1052 γὰρ

1033 1064 1150 1099 θατέρου
1163 1064 1362 1100 διαιρούμενον,
1372 1065 1452 1096 εὐθὺς
1461 1064 1526 1091 ἴδιον
1539 1064 1722 1099 ἐπιγράφεται
1737 1063 1822 1098 πρόσο

1032 1119 1117 1137 ωπον,
1132 1120 1141 1136 ›
1159 1111 1191 1138 Εἰ
1208 1110 1242 1137 τὰ
1274 1111 1484 1142 εδιοῡποστάτως
1510 1110 1665 1145 ὑφεστῶτα,
1689 1110 1742 1136 [δια
1758 1111 1821 1136 ὲπι-

1033 1156 1169 1191 γράφεται
1191 1157 1335 1192 πρόσωπα,
1352 1157 1398 1183 καὶ
1413 1156 1448 1183 τὰ
1462 1157 1636 1192 διῃρημένοις
1657 1156 1705 1183 καὶ
1731 1164 1820 1191 κεχω-

1033 1201 1169 1238 ρισμένως
1180 1202 1226 1228 καὶ
1234 1202 1285 1229 ἀνὰ
1299 1201 1382 1236 μέρος
1393 1200 1534 1235 ὑφεστῶτα
1548 1199 1674 1236 διῄρηται
1686 1200 1725 1231 είς
1736 1200 1819 1234 πρόσ-

1032 1255 1111 1275 ωπα·
1127 1249 1141 1275 ὁ
1157 1247 1185 1274 δὲ
1205 1248 1325 1283 Χριστὸς
1342 1247 1372 1273 οὺ
1405 1246 1486 1282 μόνον
1500 1247 1531 1274 ὲκ
1548 1246 1594 1273 δύο
1611 1245 1717 1280 φύσεὼν
1732 1247 1819 1277 ἐστιν,

1032 1294 1099 1320 ἀλλὰ
1115 1294 1161 1320 καὶ
1178 1294 1209 1320 ὲκ
1225 1293 1272 1321 δύο
1291 1292 1446 1329 προσώπων
1469 1292 1539 1320 κατὰ
1552 1292 1688 1328 Σευῆρον)
1720 1292 1774 1327 ἄρα
1788 1300 1820 1325 γε

1032 1340 1140 1376 πρῶτον
1174 1339 1348 1376 διῃρημένως
1376 1339 1424 1366 καὶ
1449 1339 1662 1374 κεχωρισμένως
1690 1337 1737 1364 καὶ
1768 1336 1820 1363 ἀνὰ

1033 1386 1117 1422 μέρος
1140 1386 1187 1413 καὶ
1213 1385 1408 1417 ἱδιοσυστάτως
1434 1385 1590 1420 ὑπέστησαν
1607 1384 1635 1411 αἱ
1650 1383 1757 1418 φύσεις.
1775 1383 1821 1409 ῐνα

1033 1433 1081 1459 καὶ
1096 1430 1163 1458 ἴδιον
1177 1431 1282 1466 ἑκάστη
1299 1430 1487 1466 ἐπιγράφηται
1506 1429 1652 1464 πρόσωπον
1664 1436 1671 1442 ·
1688 1428 1736 1455 καὶ
1757 1427 1820 1454 τότε

1033 1476 1177 1513 ήνώθησαν
1193 1477 1240 1503 καὶ
1253 1475 1339 1507 οὕτως
1351 1474 1520 1510 ἀπετελέσθη
1537 1476 1550 1501 ὁ
1567 1474 1688 1509 Σευήρου
1703 1472 1822 1508 Χριστὸς

1032 1524 1065 1549 ὲκ
1085 1523 1131 1550 δύο
1146 1522 1255 1557 φύσεων
1269 1523 1316 1551 καὶ
1327 1523 1358 1549 ἐκ
1371 1522 1417 1548 δύο
1430 1520 1586 1557 προσώπων
1595 1529 1601 1535 ·
1618 1520 1686 1555 ὅπερ
1697 1519 1721 1546 εί
1735 1519 1821 1550 οὓτως

1033 1567 1100 1602 ἔχει,
1118 1567 1149 1594 οὒ
1162 1567 1241 1602 μόνον
1259 1566 1317 1593 ἐστὶ
1333 1565 1481 1600 Νεστορίου
1497 1562 1758 1598 Νεστοριανώτερον,
1773 1562 1822 1589 άλ-

1032 1613 1067 1640 λὰ
1079 1613 1125 1639 καὶ
1137 1611 1219 1639 αὐτοῦ
1236 1613 1356 1648 Σευὴρπυ
1372 1611 1557 1646 ἀνοητότερον.
1572 1609 1704 1644 Φύγωμεν
1720 1605 1765 1635 οὖν
1775 1608 1821 1635 τὸν

1032 1659 1209 1693 διπρόσωπον
1216 1658 1292 1692 ¹ἒέιιριν.

1073 1705 1117 1731 Ἐν
1147 1705 1186 1739 τῷ
1211 1704 1283 1738 λόγῳ
1308 1703 1392 1730 αὐτοῦ
1422 1702 1460 1738 τῷ
1475 1703 1514 1734 είς
1542 1702 1576 1729 τὰ
1600 1700 1739 1731 Γενέθλια,
1755 1696 1786 1727 οὗ
1803 1700 1820 1734 ἠ

1031 1750 1115 1786 ἀρχὴ.
1133 1751 1247 1784 ’Ὠσπερ
1276 1749 1309 1776 τὸ
1337 1749 1394 1783 τῆς
1415 1748 1526 1782 ἡμέρας
1556 1746 1619 1781 φῶς
1640 1745 1819 1776 ἀνατέλλον.

1032 1797 1122 1831 λέγει·
1147 1807 1155 1822 ι
1168 1796 1251 1828 Ποίας
1265 1793 1312 1822 οὖν
1325 1794 1433 1829 φύσεως
1452 1794 1522 1820 ἰδίαν
1535 1793 1681 1828 ἐνέργειαν
1696 1792 1819 1825 εῐπωμεν

1031 1844 1062 1870 τὸ
1077 1843 1194 1878 βαδίζειν
1210 1842 1256 1869 ἐπὶ
1264 1841 1310 1868 τοῦ
1326 1841 1433 1872 ὕδατος,
1452 1838 1700 1875 ἀποκρινάσθωσαν
1711 1836 1733 1863 οἱ
1751 1836 1819 1871 μετᾶ

1030 1889 1080 1924 τὴν
1094 1889 1191 1915 ἕνωσιν
1208 1889 1274 1923 ἡμῖν
1305 1887 1353 1919 τὰς
1381 1886 1427 1913 δύο
1451 1885 1547 1920 φύσεις
1573 1885 1737 1917 εἰσάγοντες.
1764 1883 1820 1917 Τῆς

1032 1935 1122 1967 θείας;
1134 1934 1190 1960 Καὶ
1203 1934 1262 1965 πῶς
1277 1933 1402 1967 θεότητος
1422 1932 1499 1964 ἴδιον,
1516 1931 1545 1958 τὺ
1562 1932 1728 1966 σωματικοῖς
1752 1930 1820 1956 ἱέναι

1032 1979 1128 2013 Mdv;
1155 1979 1235 2005 Ἀλλὰ
1251 1978 1300 2012 τῆς
1318 1977 1509 2012 ἁνθρωπίνης;
1525 1977 1582 2003 Καὶ
1600 1976 1658 2007 πῶς
1677 1976 1728 2002 οὐκ
1742 1975 1822 2002 ἁλλό-

1032 2033 1107 2060 τριον
1121 2024 1304 2060 ἀνθρώπουτὸ
1313 2025 1359 2050 ἐπὶ
1371 2023 1420 2058 τῆς
1436 2024 1522 2058 ὑγρᾶς
1535 2022 1628 2053 οὐσίας
1644 2023 1818 2056 περιπατεῖνς

1039 2071 1121 2106 Ὁρᾷς
1132 2070 1146 2095 ό
1160 2069 1210 2101 τὰς
1228 2068 1274 2095 δύο
1291 2068 1388 2103 φύσεις
1414 2068 1562 2103 ἐπιζητῶν,
1573 2069 1597 2094 εἰ
1615 2066 1742 2101 τοιαύτην
1758 2067 1820 2092 ἑπι-

1033 2116 1150 2152 γράψεις
1170 2116 1326 2151 ἐνέργειαν⁸
1351 2115 1399 2146 τὰς
1424 2114 1478 2149 γὰρ
1508 2114 1555 2145 σὰ..
1572 2113 1677 2147 φύσεις,
1693 2113 1729 2143 ὡς
1742 2113 1819 2146 ὁρᾷς,

1033 2163 1227 2196 διαπέφευγεν.
1250 2161 1331 2189 ’Ᾱλλὰ
1346 2160 1481 2196 πρόδηλον
1503 2160 1550 2186 καὶ
1565 2159 1689 2194 οὐδαμῶς
1701 2158 1820 2193 ἀμφίϐο-

191 2215 302 2242 quoque
323 2207 415 2236 inesse
432 2209 623 2243 operationem
636 2218 644 2241 ς
659 2210 803 2244 proprium
819 2211 906 2245 ipsius
920 2216 979 2239 erat

1033 2209 1089 2241 λον,
1111 2209 1135 2235 εί
1160 2209 1197 2244 μὴ
1220 2208 1329 2239 ἑκόντες
1349 2207 1545 2242 μεθὺομεν,ὼς
1569 2206 1616 2232 τοῦ
1639 2205 1707 2232 Θεοῦ
1730 2205 1819 2238 Λόγου

189 2260 274 2287 super
299 2261 399 2288 aquam
428 2253 573 2287 incedere,
601 2262 665 2282 cum
693 2255 718 2282 id
745 2256 828 2283 simul
854 2256 980 2284 divinum

188 2299 228 2326 sit
253 2303 280 2327 et
306 2300 470 2328 humanum.
501 2311 510 2327 ›
541 2301 606 2334 Quae
631 2301 818 2330 disserentem
846 2303 979 2331 Severum

187 2345 431 2380 phantasmatibus
450 2347 664 2375 credoilludere
675 2348 829 2376 auditores.
855 2349 923 2376 Nam
956 2350 979 2377 si

187 2398 241 2418 nec
269 2391 370 2420 divina;
405 2400 457 2420 nec
488 2393 615 2420 humanm
642 2398 748 2422 naturze
775 2394 866 2422 fuerat
896 2403 980 2430 super

188 2444 288 2471 aquam
309 2437 500 2470 deambulare,
519 2439 562 2466 vel
581 2442 642 2466 erat
663 2439 716 2466 hoc
739 2447 814 2466 mera
837 2440 918 2473 visio,
935 2441 978 2468 vel

188 2488 269 2510 actus
296 2492 351 2511 non
381 2485 492 2521 integra
518 2485 675 2514 divinitatis
696 2487 913 2514 humauitatisve
930 2495 979 2514 na-

188 2532 251 2555 tura
275 2529 428 2563 perl‘ectus,
452 2531 501 2558 sed
522 2536 622 2559 natura
642 2539 676 2559 ex
699 2532 760 2559 istis
785 2532 932 2567 permista,
952 2536 980 2559 et

188 2580 240 2607 per
257 2573 446 2601 confusionem
473 2576 611 2604 absoluta.
635 2576 713 2605 Unde
725 2581 823 2604 neutra
842 2585 907 2611 pura
924 2585 981 2604 ser-

189 2618 318 2651 vabitur;
340 2620 388 2647 sed
407 2621 452 2648 uni
470 2626 576 2649 naturre
596 2623 745 2655 tribuetur,
771 2622 981 2657 qualiscunque

189 2663 237 2695 sit,
261 2665 412 2692 ambulatio
432 2674 515 2702 super
530 2676 641 2702 aquam,
670 2673 699 2695 ut
725 2668 852 2703 operatio
869 2673 979 2696 maneat

187 2717 245 2737 una
273 2715 301 2738 et
327 2711 481 2739 individua.
507 2713 576 2748 Age.
603 2722 686 2748 super
711 2719 815 2741 terram
837 2714 980 2743 ambulare

189 2757 290 2785 divinae
302 2763 408 2786 natura:
420 2763 490 2792 erat,
502 2768 536 2787 an
548 2760 675 2788 humana:
685 2761 778 2788 ?i\'ihil
794 2761 852 2788 Deo
866 2760 979 2796 dignum

188 2804 316 2831 .Tcrnilur
331 2812 393 2830 cum
414 2805 542 2833 humanae
563 2809 670 2833 natura:
691 2806 800 2840 legibus
815 2806 900 2841 pedes
922 2810 980 2833 ter-

189 2858 247 2876 ram
275 2851 398 2883 calcant;
426 2859 491 2879 sane
515 2852 552 2879 ita
580 2852 666 2879 divisa
689 2856 730 2879 est
749 2861 802 2879 una
821 2857 932 2886 natura,
953 2857 981 2879 et

1033 2255 1079 2282 τοῦ
1095 2255 1129 2282 δι’
1145 2255 1218 2290 ἡμᾶς
1235 2254 1432 2289 σαρκωθέντος,
1444 2253 1503 2284 ἑνὸς
1523 2253 1570 2279 καὶ
1587 2252 1738 2287 ἀμερίστου
1750 2259 1818 2283 τυγ-

1031 2301 1171 2335 χάνοντος,
1193 2299 1341 2334 ἀμέριστος
1368 2299 1485 2333 ὑπάρχει
1508 2298 1555 2324 καὶ
1573 2298 1589 2332 ἡ
1614 2297 1754 2331 ἐνέργεια·
1772 2297 1819 2322 καὶ

1032 2345 1097 2371 ἴδιον
1111 2343 1144 2380 ἦν
1157 2344 1241 2372 αὐτοῦ
1253 2345 1283 2371 τὺ
1299 2343 1424 2377 πεζεύειν
1438 2345 1482 2370 ἐπὶ
1506 2344 1552 2370 τοῦ
1569 2343 1674 2375 ὕδατος,
1688 2343 1717 2368 ὲν
1728 2342 1820 2383 σεαυτῷ

1030 2391 1060 2417 τὸ
1076 2391 1226 2424 θεοπρεπὲς
1242 2390 1311 2425 ἔχων
1324 2390 1369 2416 καὶ
1383 2390 1412 2416 τὸ
1433 2388 1614 2424 ἀνθρώπινον.
1629 2397 1637 2412 ι
1655 2388 1719 2414 Ὅτε
1733 2387 1819 2414 ταῦτα

1030 2437 1164 2471 διελέγετο
1183 2437 1315 2471 Σευῆρος,
1339 2433 1417 2470 οἶμαι
1444 2435 1524 2461 αὑτὸν
1550 2433 1820 2469 φαντασιοκοποῦντα

1031 2483 1140 2515 παίζειν
1156 2483 1220 2514 τοὺς
1234 2482 1382 2517 ἀκροατάς.
1400 2481 1431 2508 Ei
1446 2481 1516 2516 μήτε
1528 2480 1576 2515 τῆς
1593 2480 1668 2511 θείας
1687 2479 1756 2514 μήτε
1769 2479 1820 2512 τῇς

1029 2529 1203 2564 ἀνθρωπίνης
1215 2529 1322 2563 φύσεως
1333 2526 1367 2563 ἦν
1378 2528 1408 2554 τὸ
1423 2528 1585 2564 περιπατεῖν
1599 2526 1644 2553 ἐπὶ
1657 2525 1702 2553 τοῦ
1713 2525 1818 2556 ὕδατος.

1031 2575 1047 2610 ἢ
1064 2575 1200 2610 φαντασία
1216 2572 1260 2610 ἦν,
1276 2574 1292 2605 ἢ
1311 2574 1429 2608 φύσεως,
1449 2559 1510 2600 οὗτε
1520 2571 1697 2607 οεῐκῆς,οΰτε
1718 2571 1818 2607 ἀνθρω-

1031 2621 1112 2656 πίνης
1135 2621 1275 2656 καθαρῶς,
1298 2620 1354 2647 ἀλλ’
1378 2621 1410 2646 ἐκ
1426 2619 1528 2646 τούτων
1549 2618 1638 2653 μίγμα
1663 2617 1755 2652 οὔσης,
1773 2617 1819 2643 καὶ

1031 2667 1075 2694 διὰ
1093 2665 1252 2701 συγχύσεως
1278 2664 1519 2699 ἀποτελεσθείσης.
1546 2663 1590 2695 Ὠς
1608 2662 1668 2698 μηό¹
1686 2662 1820 2696 ὁποτέραν

1031 2712 1188 2747 ἀκραιφνῶς
1211 2711 1359 2743 σώζεσθαι,
1377 2710 1501 2737 δεδόσθαι
1512 2710 1540 2736 δὲ
1557 2709 1605 2743 τῆς
1619 2709 1683 2742 μιᾶς
1701 2708 1819 2742 φύσεως,

1032 2759 1080 2794 τῆς
1092 2756 1287 2794 οἱασδηποτοῦν
1301 2755 1370 2784 εῖναι
1388 2757 1434 2783 τὸν
1454 2756 1499 2782 ἐπὶ
1517 2755 1562 2782 τοῦ
1581 2754 1678 2785 ὓδατος
1703 2754 1820 2788 περίπα-

1032 2813 1088 2837 τον,
1104 2805 1146 2832 ἵνα
1159 2804 1204 2831 καὶ
1215 2805 1231 2838 ἡ
1246 2803 1372 2839 ἐνέργεια
1389 2803 1438 2838 μία
1456 2802 1502 2828 καὶ
1515 2801 1663 2836 ἀμέριστος
1720 2800 1756 2826 Τὸ
1773 2799 1819 2825 ἐπὶ

1034 2853 1081 2887 τῆς
1100 2849 1184 2887 ξηρᾶς
1204 2851 1376 2886 περιπατεῖν,
1396 2849 1472 2881 θείας
1496 2848 1602 2882 φύσεως
1621 2845 1665 2881 ἧν,
1683 2847 1698 2882 ἢ
1714 2844 1819 2883 ἀνθρωή
