1971 3091
151 153 202 187 925

661 158 842 188 EPISTOLA
861 160 909 189 DE
929 158 1081 189 DUABUS
1099 156 1278 188 NATURIS.

1724 149 1776 180 9’26

150 210 249 245 πίνης;
262 210 347 238 ὓὺδᾶν
361 211 415 246 γὰρ
431 211 581 247 θεοπρεπδς
595 213 705 248 ὁρᾶται,
722 213 813 248 νόμοις
829 212 934 249 ἀνθρω-

997 211 1125 246 πορτίειη
1150 210 1341 245 operationem
1362 216 1488 236 seorsum
1504 205 1632 235 exhibuit
1648 203 1775 231 lumnmi-

150 255 232 292 πίνης
249 256 355 291 φύσεως
371 258 459 284 ποδῶν
477 258 700 293 περιπατούντων
716 259 763 285 ἐπὶ
776 259 826 293 τῆς
837 259 900 293 γῆς·
917 258 934 293 ἢ

988 262 1029 285 tas
1043 265 1059 284 ιι
1074 256 1218 284 divinitate
1232 255 1366 290 sejuncta.

150 302 210 328 τότε
225 302 358 338 ἐμερίσθη
379 304 396 338 ὴ
415 303 465 338 μία
496 304 589 338 φύσις,
611 305 660 331 καὶ
680 305 729 341 τὴν
750 304 854 332 οίκείαν
889 305 1032 341 ἐνέργειαν
1052 303 1114 331 καθ’
1132 303 1233 337 ἑαυτὴν
1253 301 1426 328 ἐπεδείκνυτο
1461 301 1477 335 ἡ
1507 296 1686 334 ἀνθρωπότης
1709 297 1779 323 ἀπο-

152 348 313 383 μερισθεῖσα
323 349 373 384 τῆς
390 348 493 384 θεῖκῆς.

192 393 272 420 Ἀλλὰ
296 394 447 429 πρόδηλον,
460 396 507 422 καὶ
520 396 645 431 οὐδαμῶς
670 396 833 432 ἀμφίϐολον,
857 397 882 423 εί
900 396 938 431 μὴ

151 439 261 471 ἑκόντες
278 439 424 475 μεθύομεν,
448 440 495 467 καὶ
514 441 647 476 παίζομεν
670 441 704 468 τὰ
727 441 862 473 ἀπαικτα,
877 441 938 468 ὅσαι

150 486 279 513 ταπειναὶ
302 485 388 518 λέξεις
403 487 451 513 καὶ
468 486 535 523 ἔργα
558 488 599 519 είς
614 487 644 514 τὺ
666 487 746 523 σῶμα
759 487 807 514 τοῦ
832 486 937 522 Κυρίου

152 531 333 566 γεγραμμένα
348 533 416 558 νοεῖν
425 531 491 568 χρή·
501 532 545 559 καὶ
555 532 605 559 ὃσα
621 532 713 566 ἔνδοξα
732 533 884 569 πράγματα
898 534 938 564 εἰς

153 575 201 610 τὴν
210 575 256 601 τοῦ
267 575 353 610 Λόγου
363 575 488 612 θεότητα.
501 577 585 604 Ὅταν
594 577 680 610 πεινᾷ
686 577 761 612 μετὰ
768 577 801 604 τὸ
810 577 938 611 νηστεῦ-

152 629 214 652 σαι.
231 621 278 648 τοῦ
304 621 430 657 σώματος
447 622 591 658 ἐλάττωμα.
604 620 655 659 ἦν’
673 623 754 658 ἡνίκα
771 623 798 649 δὲ
813 623 846 649 ὲκ
857 623 938 649 πέντε

153 667 243 703 ἄρτων
259 668 523 703 πεντακισχιλίους
543 668 653 702 ἄνδρας
676 669 765 704 χωρὶς
791 668 940 704 γυναικῶν

152 714 251 750 τρέφῃ,
268 714 314 741 καὶ
341 713 455 741 δώδεκα
478 714 623 749 κοφίνους
648 714 829 748 κλασμάτων
843 723 940 749 περισ-

153 758 230 794 σεύῃ,
251 759 301 793 τῆς
317 758 446 794 θεότητος
458 758 506 785 τοῦ
529 759 619 793 Λόγου
635 759 726 795 ἔργον.
744 759 829 785 Ὅταν
842 759 891 786 ἐπὶ
905 759 938 785 τὸ

152 804 398 838 προσκεφάλαιον
424 805 460 832 ἑν
482 804 523 837 τῷ
547 805 643 837 πλοίῳ
657 804 799 838 καθεύδῃ,
813 804 939 831 ἀναπαύ-

1027 394 1061 421 At
1080 392 1258 420 manifestum
1271 394 1313 419 est
1324 395 1352 417 et
1364 389 1468 424 absque
1483 387 1539 415 ullo
1554 386 1641 414 dubio
1655 389 1776 417 certum,

990 440 1044 481 pisi
1061 440 1181 467 libenter
1196 437 1366 465 insaniamus
1381 439 1409 463 et
1426 434 1500 462 seria
1524 431 1710 463 derideamus,
1724 430 1778 457 hu-

990 476 1070 515 miles
1083 493 1207 521 quosque
1222 491 1364 512 sermones
1374 486 1403 510 et
1420 485 1498 508 actus
1509 480 1536 507 in
1550 486 1651 514 corpus
1668 476 1777 504 Domini

990 541 1052 561 esse
1076 531 1256 564 referendos;
1287 530 1409 557 illustres
1431 534 1498 554 vero
1517 526 1550 553 ad
1579 525 1665 560 ipsam
1692 521 1777 549 Verbi

991 580 1174 608 divinitatem.
1203 576 1281 610 Quod
1308 575 1331 603 si
1354 573 1444 601 esuriit
1467 576 1605 608 postquam
1628 570 1777 605 jejunasset

992 626 1097 662 (Matth.
1107 633 1143 658 iv,
1157 624 1310 659 ‘2),corpus
1324 628 1390 649 sane
1401 619 1519 651 defecit;
1535 617 1646 652 quando
1660 623 1725 643 vero
1744 622 1778 642 ex

992 659 1115 706 quinque
1136 668 1264 704 panibus,
1280 667 1394 702 quinque
1412 663 1497 691 millia
1514 663 1648 693 virorum,
1666 659 1778 694 exceptis

994 717 1156 748 mulieribus,
1168 712 1313 744 saturavit,
1331 715 1359 738 et
1377 710 1512 737 duodecim
1524 707 1629 742 cap/ciui
1643 706 1779 741 fragmen-

993 768 1081 790 torum
1101 761 1173 797 pleni
1197 758 1397 794 superfuerunt
1419 755 1523 791 (Matth.
1543 762 1597 785 xxv,
1623 752 1657 780 20
1679 757 1706 778 et
1719 751 1778 785 21).

993 808 1148 837 divinitatis
1160 807 1214 834 hoc
1232 804 1318 833 Verbi
1336 810 1417 838 opus.
1431 802 1499 829 Cum
1522 808 1600 834 super
1620 797 1730 825 cervical
1751 798 1779 824 in

152 858 220 881 σεως
231 850 392 885 σωματικῆς
406 850 503 886 ἕργονο
519 851 583 878 ὅταν
598 851 625 877 δὲ
638 850 807 885 περιπατῶν
823 850 873 877 ἐπὶ
884 850 939 884 τῆς

997 856 1052 882 ιαυί
1071 854 1168 881 dormit
1181 853 1275 888 (Mare.
1292 858 1328 882 tv,
1341 849 1375 877 56
1388 849 1458 882 seq.)
1472 867 1478 880 ,
1492 845 1663 882 quiescentis
1680 850 1780 877 corpo-

151 895 310 929 θαλάσσης
335 896 435 932 ἀπειλῇ
458 898 514 929 τοῖς
539 897 643 932 κύμασι
661 898 709 924 καὶ
736 898 792 929 τοῖς
812 897 935 933 ἀνέμοις,

151 940 232 972 εὐθὺς
257 941 354 968 ἀκούει
373 942 450 978 παρὰ
473 943 527 969 τῶν
550 943 579 969 ἐν
606 942 644 977 τῷ
670 943 754 978 πλοίῳ
781 943 840 978 μεθ’
855 943 937 979 ὅρκου

150 984 368 1019 ὁμολογούντων,
383 987 514 1022 Ἀληθῶς
532 988 606 1015 Θεοῦ
624 989 689 1021 Υἱός
700 988 795 1015 ἐστιν.
815 989 938 1015 Ἀκόλου-

151 1030 196 1057 Θον
216 1030 270 1066 γὰρ
286 1029 330 1067 ἦν,
347 1032 515 1060 ἀναλαϐόντα
539 1033 620 1060 αὑτὸν
645 1033 734 1070 σῶμα,
754 1034 889 1062 δεικνύναι
904 1035 938 1062 τὰ

151 1078 205 1105 ἴδια
221 1079 268 1105 τοῦ
288 1079 426 1115 σώματος,
454 1079 499 1107 ἵνα
528 1081 567 1116 μὴ
592 1081 609 1116 ἡ
638 1082 773 1115 φαντασία
786 1081 833 1108 τοῦ
855 1081 937 1108 ἀθέου

150 1125 304 1160 Μανιχαίου
320 1127 457 1163 κρατήσῃ.
481 1126 640 1154 Ἀκόλουθον
657 1128 685 1154 δὲ
696 1128 776 1154 πάλιν
786 1126 829 1164 ἦν,
845 1136 938 1163 σωμα-

151 1171 235 1202 τικῶς
254 1172 335 1199 αὐτὸν
352 1173 474 1205 ἐλθόντα,
488 1173 525 1209 μὴ
544 1173 646 1209 κρύψαι
666 1174 700 1201 τὰ
725 1174 775 1209 τῆς
793 1174 936 1209 θεότητος⁰

151 1217 209 1244 ἀλλ’
219 1218 270 1253 οὐχ
283 1218 341 1253 ἆμα
360 1219 449 1246 πάντα
466 1220 652 1253 ἐπεδείκνυτο,
670 1221 778 1255 ἑκάστῳ
798 1220 826 1247 δὲ
851 1220 939 1255 καιρῷ

152 1264 199 1289 καὶ
214 1263 357 1299 πράγματι
374 1265 549 1301 ἁρμοζόντως
570 1267 616 1293 καὶ
635 1266 822 1302 καταλλήλως.
845 1266 873 1292 ’0
890 1267 939 1301 μὲν

151 1309 198 1336 οὖν
217 1311 379 1346 περίπατος,
404 1312 459 1338 τῶν
474 1312 521 1338 τοῦ
539 1312 665 1347 σώματος
688 1309 721 1348 ἦν
744 1313 848 1339 ποδῶν·
865 1312 895 1338 τὺ
911 1312 940 1338 δὲ

152 1356 198 1383 ἐπὶ
213 1357 266 1384 τῶν
279 1357 450 1394 ύδάτων,ξτῆς
462 1358 555 1394 θεῖκῆς
567 1358 706 1394 δυνάμεως
720 1358 810 1395 ἔργον.
833 1359 876 1390 Ὠς
887 1359 940 1394 γὰρ

152 1402 244 1430 οὐκέτι
261 1404 296 1430 τὰ
316 1405 365 1439 τῆς
390 1404 491 1439 σαρκὸς
510 1404 655 1440 ίδιώματα,
675 1404 713 1440 τῷ
735 1405 764 1431 ὲν
786 1405 855 1440 ἀρχῇ
883 1403 940 1430 όντι

154 1448 374 1485 ἑπιθεωρηθῆναι
390 1450 479 1485 Λόγῳ,
495 1449 582 1481 οὕτως
599 1450 679 1477 πάλιν
691 1450 752 1477 οὐδὲ
765 1450 799 1477 τὰ
818 1450 867 1485 τῆς
881 1449 940 1475 θεό-

154 1502 236 1530 τητος
256 1495 320 1528 ῐδια,
344 1497 374 1522 ὲν
396 1496 430 1530 τῇ
456 1495 507 1530 τῆς
529 1495 629 1531 σαρκός
660 1495 740 1531 φύσει
764 1495 939 1530 κατανοῆσαι.

992 900 1031 927 ris
1046 898 1205 934 proprium;
1229 894 1341 931 quando
1363 901 1428 920 vero
1451 900 1530 927 super
1549 897 1623 917 mare
1639 887 1778 916 ambulans

991 945 1123 973 ﬂuctibus
1134 942 1319 971 comminatus
1330 944 1372 968 est
1383 943 1409 966 et
1418 937 1519 969 ventis,
1535 936 1627 963 statim
1641 935 1718 961 audit
1731 941 1780 960 eos

992 991 1039 1027 qui
1061 991 1088 1018 in
1103 989 1231 1018 navicula
1245 992 1341 1020 erant,
1360 993 1422 1013 cum
1446 985 1604 1020 juramenlo
1626 979 1751 1008 conﬁteri
1771 988 1778 1005 :

994 1025 1057 1065 Vere
1082 1036 1163 1063 Filius
1182 1036 1228 1062 Dei
1255 1043 1281 1061 es
1300 1033 1413 1069 (Matth.
1444 1038 1499 1062 ειν,
1525 1027 1635 1061 ﬁli-35).
1659 1025 1780 1053 Docebat

992 1085 1067 1112 enim
1081 1082 1221 1114 Verbum,
1250 1087 1367 1115 corpore
1393 1081 1532 1112 suscepto.
1552 1083 1584 1102 ea
1600 1074 1682 1101 etiam
1700 1071 1763 1099 exlii

994 1132 1060 1160 bere
1074 1139 1134 1166 quae
1147 1129 1273 1164 corporis
1288 1132 1364 1159 sunt,
1376 1135 1410 1154 ne
1427 1125 1504 1161 impii
1529 1121 1671 1151 Maniciuei
1690 1119 1780 1154 phan-

994 1182 1080 1204 tasma
1093 1176 1228 1203 vinceret.
1245 1173 1366 1201 Decebat
1385 1172 1485 1199 iterum
1501 1169 1580 1199 illud.
1598 1172 1714 1202 corpore
1730 1173 1780 1200 ap-

993 1226 1117 1258 parente,
1134 1229 1189 1249 non
1207 1219 1318 1248 omnino
1330 1219 1417 1246 latere
1430 1224 1490 1252 quae
1505 1213 1661 1243 divinitatis
1680 1214 1778 1244 erant;

993 1273 1023 1296 at
1046 1276 1100 1295 non
1118 1272 1236 1302 utraque
1263 1265 1345 1293 simul
1367 1262 1631 1299 conspiciebantur,
1657 1259 1704 1287 sed
1731 1265 1780 1293 pro

992 1319 1148 1349 temporum
1167 1317 1195 1340 et
1210 1319 1303 1339 rerum
1323 1311 1429 1337 ratione
1441 1308 1640 1337 convenienter
1654 1310 1681 1333 et
1695 1304 1779 1332 vicis-

993 1361 1058 1389 sim.
1074 1360 1234 1387 Ambulatio
1252 1358 1363 1394 quidem
1380 1357 1481 1392 pedum
1502 1360 1562 1383 erat
1576 1353 1717 1388 corporis;
1732 1359 1779 1379 su-

993 1416 1044 1444 per
1054 1414 1140 1442 aquas
1152 1413 1220 1433 vero
1233 1404 1396 1435 ambulatio,
1409 1402 1510 1429 divina:
1532 1399 1677 1436 potestatis
1698 1405 1779 1433 opus.

993 1443 1060 1481 Nam
1078 1452 1162 1480 veluti
1183 1451 1275 1479 carnis
1301 1449 1486 1485 proprietates
1505 1447 1538 1474 de
1553 1445 1643 1473 Verbo
1661 1445 1688 1471 in
1704 1443 1782 1478 prin-

994 1499 1067 1534 cipio
1091 1497 1252 1526 subsistenti
1275 1495 1390 1531 cogitari
1419 1502 1476 1521 non
1503 1496 1639 1528 possunt,
1668 1490 1704 1516 ila
1729 1496 1781 1516 nec

161 1539 231 1565 Ἀλλ’
250 1540 364 1566 ἑκάστου
380 1540 410 1566 τὸ
431 1540 496 1566 ἴδιον
518 1539 709 1574 γινώσκοντες,
731 1541 777 1568 καὶ
799 1541 942 1576 ἀμφότερα

997 1533 1153 1572 dormitatio
1177 1542 1289 1578 propria
1309 1540 1402 1568 carnis
1425 1543 1531 1566 naturae
1552 1535 1708 1563 tribuenda.
1727 1533 1781 1560 Sed

155 1584 185 1618 ἐξ
197 1585 256 1617 ὲνδς
272 1585 454 1621 ’πραττόμεναΔ
464 1586 619 1621 βλέποντες,
634 1586 724 1622 ὀρθῶς
741 1586 918 1622 πιστεύομεν.

191 1674 274 1702 Πάλιν
287 1676 315 1702 ἐν
328 1675 368 1710 τῷ
380 1675 453 1711 λόγῳ
469 1675 560 1705 αὑτοΰῖ
572 1675 610 1711 τῷ
622 1676 855 1712 ἐπιγεγραμμένῳ
871 1677 943 1703 Φιλ-

155 1722 271 1756 αλήθει,
289 1722 390 1757 γράφει
403 1730 410 1737 ·
425 1731 434 1748 ι
446 1723 478 1748 El
494 1723 507 1748 ό
521 1722 607 1757 Λόγος
624 1723 823 1759 κατεργάζεται
851 1723 884 1749 τὰ
896 1723 943 1749 τοῦ

156 1769 255 1803 Λόγου,
275 1769 304 1795 τὺ
321 1768 349 1796 δὲ
364 1767 444 1804 σῶμα
460 1768 565 1796 εκτελεί
580 1769 614 1795 τὰ
632 1769 678 1795 τοῦ
696 1769 834 1804 σώματος,
852 1768 898 1795 καὶ
913 1770 944 1796 τὸ

158 1816 207 1851 μὲν
230 1815 376 1851 διαλάμπει
401 1816 457 1847 τοῖς
482 1815 613 1850 θαύμασι,
637 1815 668 1841 τὸ
696 1815 725 1842 δὲ
747 1816 804 1847 τοῖς
829 1815 944 1842 πάθεσιν

156 1861 364 1893 ύποπέπτωκεν,
389 1861 405 1896 ἡ
423 1861 552 1888 κοινωνία
570 1861 624 1887 τῶν
645 1861 756 1896 μορφῶν
772 1861 884 1896 σχετική
903 1861 945 1893 τίς

156 1908 226 1939 ἐστι,
244 1907 291 1934 καὶ
314 1906 511 1941 ὑπογνωμικῆς
527 1906 686 1938 διαθέσεως,
704 1905 796 1937 καθὼς
817 1907 830 1933 ὁ
855 1915 946 1942 παρα-

157 1953 229 1988 «ita
248 1953 300 1989 ἔφη
317 1952 473 1988 Νεστόριος.
498 1952 530 1979 Εἰ
554 1952 593 1985 δὲ,
615 1953 684 1987 ὅπερ
713 1952 786 1978 ἐστὶν
805 1952 914 1987 ἀληθὲς,
932 1953 946 1978 ό

158 1999 243 2033 Λόγος
268 1999 316 2033 τὴν
345 1999 433 2033 σάρκα
461 1997 701 2033 μετεστοιχείωσεν
716 1998 756 2028 είς
778 1996 827 2032 τὴν
847 1997 946 2024 ἑαυτοῦ

157 2045 236 2078 δόξαν
249 2054 278 2072 τε
303 2046 349 2072 καὶ
367 2045 519 2081 ἐνέργειαν,
537 2044 596 2075 πῶς
614 2044 694 2071 πάλιν
718 2043 788 2071 κατὰ
802 2043 848 2070 τὸν
865 2044 946 2078 τόμον

158 2092 271 2123 Λέοντος
291 2091 427 2126 εἴπωμεν·
455 2090 600 2118 Φυλάττει
623 2090 678 2124 γὰρ
709 2090 834 2124 ἑκατέρα
855 2090 947 2124 φύσις

159 2136 346 2170 ἁνελλειπῶς
371 2136 429 2170 τὴν
458 2135 570 2170 ἑαυτῆς
589 2135 873 2170 Ζδιότητα;Φαίνεται
893 2136 947 2172 γὰρ

159 2185 188 2210 ὲν
203 2183 309 2215 πολλοῖς
322 2183 335 2209 ὁ
347 2182 433 2216 Λόγος
452 2181 489 2217 μὴ
506 2181 655 2217 συγχωρῶν
668 2183 700 2217 τῇ
718 2182 773 2217 ἰδίᾳ
792 2182 885 2217 σαρκὶ,
902 2181 946 2208 διὰ

159 2230 214 2256 τῶν
242 2229 293 2265 τῆς
322 2229 423 2264 σαρκὸς
454 2228 581 2264 ἔρχεσθαι
607 2228 707 2263 νόμων.
722 2228 776 2255 Ποῦ
799 2229 855 2264 γὰρ
882 2227 946 2255 ἴδιον

161 2276 299 2311 σώματος,
319 2274 438 2310 βαδίζειν
452 2275 496 2309 ἐφ’
513 2274 619 2306 ὓδατος,
641 2275 657 2310 ἢ
682 2274 751 2308 μετὰ
767 2274 815 2310 τὴν
831 2275 948 2301 ἐκπνευ-

161 2331 205 2349 σιν
219 2323 252 2357 τῇ
262 2321 363 2358 τρώσει
376 2320 424 2348 τοῦ
439 2321 564 2356 δόρατος,
579 2320 694 2357 αἵματος
709 2320 756 2347 καὶ
771 2320 866 2352 ὕδατος
881 2321 947 2347 ἀνα-

162 2367 270 2400 ϐλύζειν
286 2368 393 2404 πηγήν;
408 2376 418 2393 t

198 2411 285 2440 Βαὸαὶ
308 2413 359 2447 τῆς
387 2412 535 2444 κακονοίας
554 2411 600 2438 τοῦ
620 2412 791 2446 συκοφάντου
807 2411 854 2439 καὶ
875 2411 950 2446 φιλο-

162 2458 308 2486 σκώπτουι
327 2458 419 2493 Μηδὲν
435 2458 599 2493 βουλομένου
614 2458 669 2484 τῶν
681 2457 729 2484 τοῦ
748 2459 827 2484 πάπα
837 2457 952 2489 Λέοντος

162 2505 234 2533 κατὰ
251 2504 297 2531 τὸν
311 2504 413 2536 σκοπὸν
429 2503 510 2531 αὐτοῦ
522 2504 570 2531 καὶ
581 2504 619 2536 ὡς
630 2504 688 2539 ἔχει
702 2504 835 2538 ἀληθείας
848 2503 951 2538 ἐξηγή-

161 2551 273 2582 σασθαι,
289 2550 378 2577 πάντα
397 2549 425 2576 δὲ
440 2550 474 2576 τὰ
496 2550 580 2577 αὐτοῦ
595 2550 663 2586 πρὸς
676 2550 801 2585 διαϐολὴν
811 2549 894 2577 αὐτοῦ
908 2550 953 2576 καὶ

162 2597 290 2627 νοοῦντος
315 2596 363 2622 καὶ
379 2595 515 2629 λέγοντος.
544 2595 598 2621 Τοῦ
629 2595 767 2630 μακαρίου
791 2595 953 2622 Ἀθανασίου

163 2644 191 2670 ὲν
205 2643 237 2678 τῇ
245 2642 320 2677 πρὸς
341 2642 502 2676 Ἐπίκτητον
514 2641 650 2676 λέγοντος’
670 2650 679 2667 ι
691 2641 798 2668 Μᾶλλον
810 2642 864 2676 γὰρ
879 2640 952 2675 αύτῷ

163 2689 204 2724 τῷ
216 2688 380 2724 ἀνθρωπίνῳ
391 2687 533 2724 προσθήκη
549 2687 655 2723 μεγάλη
670 2687 781 2721 γέγονεν
796 2687 827 2714 ἐκ
840 2688 890 2723 τῆς
905 2686 951 2713 τοῦ

165 2734 256 2768 Λόγου
276 2732 344 2768 πρὸς
361 2733 426 2760 αὐτὸ
443 2732 589 2764 κοινωνίας
607 2740 637 2758 τε
658 2732 706 2758 καὶ
722 2730 856 2763 ένώσεως.
868 2741 877 2756 ι
894 2731 952 2757 Μα-

166 2779 231 2808 ταία
245 2780 262 2815 ἠ
283 2779 412 2814 ὲπίληψις
426 2778 474 2806 τοῦ
496 2778 695 2814 μεμψιμοίρου,
713 2777 730 2813 ἡ
749 2777 815 2812 περὶ
832 2779 882 2812 τῆς
896 2785 952 2804 κοι-
967 2801 971 2805 .

963 2210 984 2238 D

994 1591 1017 1619 si
1029 1590 1173 1624 utriusque
1189 1589 1300 1625 propria
1312 1586 1487 1623 agnoscimus
1501 1588 1529 1612 et
1543 1588 1659 1618 utraque
1676 1590 1710 1610 ex
1726 1588 1781 1608 uno

994 1637 1066 1664 facta
1086 1636 1238 1667 credimus,
1253 1638 1329 1662 recta
1345 1633 1399 1661 erit
1414 1632 1484 1659 ﬁdes
1497 1634 1604 1658 nostra.

1030 1682 1133 1710 Scribit
1146 1681 1266 1708 etiamin
1278 1687 1361 1715 opere
1372 1678 1445 1714 quod
1457 1677 1568 1705 Amator
1579 1675 1634 1702 ueri
1652 1678 1780 1701 vocatur:

999 1739 1007 1754 ι
1026 1728 1053 1756 Si
1069 1728 1190 1755 Verbum
1204 1731 1334 1762 operatur
1353 1725 1428 1760 quod
1444 1723 1529 1752 Verbi
1548 1729 1599 1756 est,
1615 1727 1642 1749 et
1653 1730 1716 1749 caro
1733 1718 1782 1747 οὶ-

995 1774 1122 1808 sequitur
1131 1772 1205 1808 quod
1217 1771 1309 1799 carnis
1318 1775 1371 1803 est,
1385 1769 1407 1797 si
1421 1776 1505 1796 unum
1518 1767 1630 1802 quidem
1642 1765 1783 1793 miraculis

995 1823 1133 1850 coruscat,
1144 1818 1262 1845 alterum
1274 1824 1341 1844 vero
1349 1813 1507 1842 succumbit
1521 1812 1631 1848 injuriis
1643 1812 1692 1846 (6),
1706 1818 1783 1837 com-

995 1865 1091 1892 munio
1106 1863 1256 1891 formarum
1271 1865 1314 1889 est
1330 1868 1405 1888 mere
1420 1859 1555 1894 speciosa,
1573 1863 1600 1885 et
1616 1857 1783 1891 cogitatione

997 1910 1135 1942 instituta,
1148 1909 1189 1936 uti
1210 1909 1324 1935 insanus
1339 1906 1458 1934 asseruit
1469 1904 1628 1932 Nestoriust
1639 1903 1666 1930 Si
1679 1906 1784 1934 autem,

997 1957 1071 1992 quod
1089 1963 1186 1983 verum
1201 1959 1253 1987 est,
1267 1953 1390 1981 Verbum
1403 1959 1513 1979 carnem
1534 1950 1631 1986 εισι-ξπ
1643 1948 1783 1983 operatio-

996 2002 1096 2037 nisque
1122 2009 1178 2029 sua:
1205 1999 1368 2035 participem
1387 1997 1501 2029 elTeeit,
1521 1995 1659 2031 quomodo
1686 2000 1786 2020 rursus

996 2050 1073 2085 juxta
1087 2048 1188 2075 Leonis
1202 2046 1352 2081 Epistolam
1368 2044 1444 2072 dices
1459 2052 1465 2069 :
1480 2042 1557 2070 Tenet
1577 2042 1646 2068 enim
1662 2041 1719 2066 sine
1741 2039 1785 2064 de-

998 2084 1066 2131 fectu
1099 2094 1287 2130 proprietatem
1302 2099 1379 2118 suam
1403 2094 1515 2124 utraque
1540 2092 1637 2115 natura
1653 2086 1664 2113 .7
1679 2084 1785 2120 Saepius

998 2143 1072 2170 enim
1084 2141 1195 2169 videtur
1208 2139 1329 2167 Verbum
1346 2145 1401 2164 non
1415 2134 1586 2163 concessisse
1601 2132 1676 2160 carni
1689 2140 1744 2159 suae
1756 2134 1785 2157 ut

1000 2188 1089 2216 carnis
1103 2186 1211 2222 legibus
1226 2184 1377 2216 inserviat;
1391 2190 1454 2210 nam
1472 2189 1527 2216 quo
1542 2184 1624 2215 pacto
1642 2178 1784 2213 proprium
1822 2198 1825 2201 .

998 2237 1072 2261 esset
1083 2232 1207 2267 corporis
1224 2239 1307 2265 super
1319 2236 1417 2264 aquam
1435 2226 1573 2259 incedere,
1591 2229 1638 2252 aut
1653 2223 1784 2258 exspirati

998 2288 1014 2308 e
1030 2286 1145 2315 corpore
1170 2287 1219 2314 per
1246 2277 1368 2313 gladium
1401 2275 1561 2305 vulnerato,
1591 2269 1734 2306 sanguinis
1759 2273 1787 2296 et

1000 2334 1077 2361 aquae
1090 2325 1193 2353 fontem
1204 2323 1334 2351 manare?
1350 2333 1359 2348 ι

1036 2413 1109 2442 Proh
1122 2412 1248 2447 nequitia
1267 2409 1477 2438 calumniatoris
1490 2413 1518 2436 et
1537 2404 1722 2435 eavillatoris!
1738 2403 1787 2430 Pa-

1000 2466 1042 2493 pae
1058 2457 1158 2485 Leonis
1182 2457 1270 2484 Verba
1294 2455 1328 2482 ad
1353 2454 1500 2482 scribentis
1526 2457 1646 2479 mentem
1669 2455 1697 2477 ct
1711 2449 1788 2484 juxta

1000 2503 1145 2531 veritatem
1161 2501 1340 2536 interpretari
1355 2499 1464 2535 nequit,
1475 2498 1566 2525 omnia
1578 2505 1644 2524 vero
1661 2496 1693 2523 ad
1711 2495 1789 2521 incu-

1002 2550 1118 2578 sandum
1135 2556 1198 2580 eum
1216 2547 1345 2582 intelligit
1360 2550 1387 2573 et
1402 2545 1531 2580 explicat.
1548 2543 1649 2570 Beatus
1668 2538 1789 2568 Atliana-

1003 2594 1061 2622 sius
1076 2595 1103 2621 in
1118 2593 1234 2629 epistola
1249 2592 1282 2619 ad
1305 2591 1460 2626 Epictetum
1473 2590 1533 2616 bmc
1549 2588 1632 2615 habet
1646 2596 1652 2613 :
1669 2596 1677 2612 ι
1695 2585 1790 2614 Potius

1006 2641 1127 2668 humano
1148 2638 1258 2674 corpori
1280 2638 1376 2672 ingens
1404 2636 1556 2663 auctorium
1576 2642 1610 2662 ex
1633 2632 1714 2660 Verbi
1728 2639 1789 2658 cum

1006 2685 1066 2720 ipso
1082 2685 1276 2712 communione
1292 2688 1319 2710 et
1334 2680 1533 2710 coadunatione
1545 2678 1669 2706 accessit.
1687 2687 1695 2702 ι
1715 2677 1790 2703 Vana

1005 2735 1047 2758 est
1061 2731 1143 2766 igitur
1154 2729 1327 2757 inscctatoris
1338 2727 1488 2762 increpatio
1502 2725 1534 2753 de
1550 2725 1701 2752 formarum
1714 2730 1789 2750 com-

1005 2777 1149 2804 munione.
1177 2776 1277 2803 Beatus
1292 2774 1410 2810 Cyrillus
1433 2773 1460 2800 in
1478 2771 1593 2807 epistola
1616 2770 1648 2797 ad
1669 2768 1789 2796 Succen-

204 2866 241 2902 (οἱ)
256 2867 320 2894 llam
341 2866 374 2895 ad
386 2867 500 2894 verbum
516 2875 548 2895 ex
566 2866 680 2902 epistola
693 2865 779 2894 sancti
802 2865 900 2893 Leonis
913 2865 945 2892 ad
966 2864 1125 2893 Flavianum
1142 2864 1332 2892 desumuutur.
