1971 3091
194 160 245 190 927

812 169 1020 200 EUSTATHII
1042 171 1214 202 MONACHI

1780 174 1834 206 928

198 224 258 244 sum
274 216 312 252 (7)
328 217 443 246 scribit:
462 228 471 244 ι
489 218 557 247 Cum
578 225 726 257 utrumque
752 223 780 250 in
796 231 845 251 sua
858 226 975 260 proprie

1038 225 1136 258 νωνίας
1150 227 1204 253 τῶν
1215 226 1338 262 μορφῶν.
1358 226 1401 258 Ὠς
1414 226 1441 253 δὲ
1459 227 1473 253 ὸ
1493 227 1629 263 μακάριος
1652 227 1787 263 Κύριλλος
1803 231 1834 256 ιν

198 266 254 289 tate
267 264 384 290 naturali
409 270 569 299 permaneat
580 271 609 295 et
624 268 829 297 consideretur.
849 281 857 297 ι
883 271 987 300 Eodem

198 316 282 336 sensu
309 309 378 337 dixit
397 319 466 347 papa
501 312 557 340 Leo
575 323 581 341 :
601 324 610 340 ι
628 315 715 342 Tenet
740 317 813 344 enim
833 319 892 346 sine
909 320 987 348 defe-

197 358 243 380 ctu
266 355 462 390 proprietatem
490 365 567 386 suam
598 365 715 395 utraque
748 367 858 391 natura.
882 375 891 390 ι
919 365 986 394 Pro-

197 400 343 434 prietatem
367 403 474 432 scilicet
490 407 614 441 corporis
624 407 748 441 humani,
763 415 793 437 ut
812 411 872 445 ipso
883 412 987 441 Severo

197 445 308 474 videtur
319 448 347 475 in
361 449 472 484 scriptis
482 451 516 478 ad
532 452 667 488 Sergium,
681 463 734 490 qua
750 457 850 485 crassis
860 458 986 493 partibus

198 497 357 520 concretum
372 500 423 527 est,
447 497 540 525 tactile
552 518 560 531 ,
585 499 696 528 visibile
708 522 715 534 ,
732 502 984 539 circumscriptum.

199 536 256 564 Hoc
269 538 342 565 enim
369 547 420 574 per
441 544 525 569 totam
553 543 697 578 epistolam
717 546 874 581 confirmat,
897 536 986 586 Euty-

197 581 269 610 chen
292 584 472 620 redarguens,
489 587 694 622 phantasmatis
709 591 846 621 fautorem
860 615 867 626 ,
885 599 913 622 et
934 595 985 624 hac

196 628 230 655 de
246 636 328 671 causa
343 636 488 666 negantem
505 641 601 662 verum
617 644 721 671 corpus
732 646 748 665 a
767 639 885 668 Domino
899 641 984 670 fuisse

195 664 572 715 assulmptumiQuapropter
586 683 670 710 etiam
689 685 857 714 vocabulum
874 696 906 714 ex
917 688 984 716 dua-

194 719 241 746 bus
260 723 365 749 naturis
382 724 537 759 rejiciebat,
552 731 581 754 et
595 735 651 755 non
663 730 717 757 nisi
730 731 836 761 invitus
852 733 920 762 illud
935 735 985 763 ad-

194 765 280 798 misit,
302 771 333 794 ut
347 769 446 802 prohat
466 771 591 806 synodus
608 773 623 800 it
636 774 767 804 Flaviano
783 777 982 808 Constantino-

193 811 248 845 poli
262 812 366 840 habita.

228 857 297 885 Cum
322 860 405 888 vellet
421 861 504 897 igitur
526 872 597 900 papa
624 866 680 894 Leo
703 868 899 899 demonstrare
923 881 980 901 non

193 903 309 932 formam
326 910 432 935 tantum
447 912 583 945 corporis,
599 913 648 941 sed
665 922 761 943 verum
778 925 879 953 corpus
892 928 907 948 a
924 921 980 949 Deo

193 949 283 978 Verbo
300 951 385 980 fuisse
398 961 570 990 assumptum
583 964 612 986 et
625 959 696 988 adeo
708 970 816 996 verum,
829 969 859 992 ut
871 970 899 993 et
914 974 980 1001 pro-

191 995 336 1029 prietatem
352 1002 506 1028 servaverit
526 1010 579 1037 qua
595 1005 650 1038 pati
671 1011 765 1040 posset
783 1017 789 1035 ι
829 1009 858 1037 ln
873 995 979 1048 integra

191 1042 276 1077 igitur
295 1045 351 1072 veri
367 1045 487 1075 hominis
500 1050 679 1087 perfectaque
694 1057 810 1088 natura,
827 1056 876 1090 ait,
896 1066 980 1087 verus

190 1091 271 1115 natus
287 1093 329 1117 est
348 1090 421 1119 Deus
434 1113 440 1125 ,
461 1097 535 1122 totus
558 1096 584 1123 in
605 1098 673 1131 suis,
692 1104 768 1128 totus
785 1101 813 1129 in
829 1104 944 1132 nostris.
965 1115 975 1131 ι

190 1132 294 1161 Deinde
306 1136 395 1172 pergit
415 1147 421 1165 :
439 1139 546 1168 «Tenet
559 1143 633 1171 enim
646 1145 706 1173 sine
722 1146 831 1176 defectu
852 1152 979 1186 proprie-

191 1182 273 1207 tatem
285 1189 363 1209 suam
385 1187 503 1220 utraque
520 1193 630 1217 natura.
646 1201 655 1216 ι
679 1191 714 1220 Ut
730 1199 822 1221 autem
844 1182 980 1233 intelliga-

189 1232 260 1258 mus,
277 1227 343 1261 quid
354 1229 407 1257 sibi
415 1232 483 1259 velit
494 1235 660 1264 vocabulum
671 1239 728 1265 sine
737 1239 848 1275 deft-ctu,
863 1227 957 1278 adjicit
969 1254 976 1271 :

189 1270 266 1300 Sicut
281 1273 397 1303 formam
414 1279 487 1306 servi
505 1280 593 1309 forma
607 1283 655 1310 Dei
671 1292 725 1312 non
739 1286 847 1321 adimit,
863 1289 901 1317 ita
919 1289 976 1317 for-

188 1325 259 1345 tnam
273 1319 320 1347 Dei
337 1320 423 1349 forma
435 1325 507 1352 servi
525 1334 581 1354 non
593 1329 695 1357 minuit
707 1331 756 1366 (8).
777 1342 786 1359 ι
804 1319 856 1361 Per
868 1335 920 1363 ista
939 1341 978 1364 ιο-

188 1367 230 1390 tus
245 1365 273 1391 in
285 1369 381 1395 nostris
396 1373 424 1396 et
437 1371 495 1398 sine
508 1372 619 1407 defectu,
636 1365 796 1405 excluditur
811 1380 901 1407 omnis
923 1382 975 1409 im-

187 1410 306 1438 minutio
323 1418 369 1440 aut
383 1414 572 1452 imperfectio;
591 1428 646 1448 non
660 1423 734 1450 enim
756 1424 975 1455 substantiarum

187 1457 287 1490 solum,
304 1456 352 1492 a'it,
366 1461 409 1488 vel
426 1468 588 1493 naturarum
603 1466 675 1495 facta
687 1474 730 1497 est
741 1471 818 1503 unio.
833 1481 975 1503 remanse-

187 1507 325 1532 runtvero
338 1506 406 1535 citra
419 1509 500 1537 ullam
510 1512 700 1542 confusionem
712 1520 741 1543 et
752 1517 974 1548 imminutionem

997 906 1019 934 B

1040 274 1072 308 τῇ
1097 273 1165 308 πρὸς
1186 272 1336 300 Σούκενσον
1355 273 1474 308 γράφει⁹
1493 283 1501 300 ι
1521 273 1565 300 Ἐν
1579 275 1694 310 ἰδιότητι
1711 275 1744 311 τῇ
1760 275 1833 302 κατὰ

1039 321 1119 354 φύσιν
1141 319 1273 355 ἐκατέρου
1299 320 1427 354 μένοντος
1458 320 1504 346 καὶ
1533 321 1692 356 νοουμένου.
1709 331 1718 347 ι
1738 322 1833 354 Οὕτως

1039 366 1086 392 καὶ
1102 366 1116 392 ὁ
1132 366 1228 398 πάπας
1248 366 1324 394 Λέων
1348 366 1399 402 ἔφη
1413 373 1420 381 ο
1449 375 1458 392 ι
1470 366 1603 394 Φυλάττει
1626 367 1681 404 γὰρ
1712 369 1832 405 ἑκατέρα

1038 411 1120 446 φύσις
1143 411 1295 443 ἀνελλιπῶς
1326 412 1377 447 τὴν
1393 412 1496 448 ἑαυτῆς
1522 413 1676 448 ἰδιότητα.)
1701 413 1832 451 Ἰδιὸτητα

1037 457 1066 483 δὲ
1087 457 1214 492 σώματος
1232 457 1404 494 ἀνθρωπίνου
1427 456 1516 491 εἶπεν,
1532 458 1570 491 ὡς
1585 459 1632 486 καὶ
1657 460 1769 496 Σευήρῳ
1786 461 1830 487 60-

1038 505 1082 530 κεί
1095 504 1125 530 ὲν
1145 505 1201 536 τοῖς
1217 504 1285 540 προς
1301 505 1425 538 Σέργιον,
1442 505 1473 531 τὸ
1493 505 1665 541 παχυμερὲς,
1685 506 1715 533 τὸ
1730 507 1829 540 ἁπτὸν,

1036 549 1068 576 τὸ
1080 549 1187 585 ὁρατὸν,
1211 550 1241 577 τδ
1259 550 1460 585 περιγραπτόν.
1476 550 1561 577 Τοῦτο
1580 551 1635 587 γὰρ
1651 551 1701 579 καὶ
1715 552 1749 579 δι’
1766 553 1829 580 ὅλου

1035 594 1083 622 τοῦ
1099 595 1183 631 τόμου
1204 596 1379 632 παρίστησιν,
1396 597 1433 629 ὡς
1455 596 1524 632 πρδς
1548 597 1673 632 Εὑτυχέα
1688 598 1830 626 ἀποτεινό-

1037 649 1128 676 μενος,
1147 641 1277 668 νοσοῦντα
1300 642 1350 677 τὴν
1377 642 1543 677 φαντασίαν,
1561 643 1609 670 καὶ
1623 642 1667 670 διὰ
1683 643 1762 670 τοῦτο
1777 645 1830 680 ἁρ-

1035 688 1178 723 νούμενον,
1194 688 1274 724 σῶμα
1300 688 1426 723 ἀληθινὸν
1449 689 1626 724 ἀνειληφέναι
1643 689 1690 716 τὸν
1713 691 1828 725 Κύριον.

1034 734 1080 761 Διδ
1097 735 1144 761 καὶ
1158 735 1189 761 τὺ
1204 735 1238 762 ἐκ
1252 734 1308 762 δύο
1326 736 1449 770 φύσεων
1462 737 1623 772 παρῃτεῖτο,
1639 736 1828 772 βεϐιασμένως

1033 780 1062 807 δὲ
1077 779 1188 812 ἐδέξατο
1200 780 1248 815 τὴν
1266 780 1368 816 φωνην,
1386 781 1453 817 ὼςὴ
1471 781 1516 808 ὲπ¹ι
1541 782 1693 809 Φλαδιανοῦ
1712 782 1741 810 ὲν
1753 784 1830 810 Κων-

1035 827 1238 853 σταντινοπὸλει
1254 826 1362 859 σύνοδος
1372 827 1460 863 δηλοῖ.

1074 872 1104 900 '0
1120 872 1167 900 οὖν
1184 873 1278 905 πάπας
1294 872 1371 900 Λέων
1396 872 1481 900 θέλων
1504 873 1588 907 δεῖξαι
1606 875 1647 901 ὅτι
1669 875 1701 902 οὐ
1719 876 1828 911 μορφὴν

1035 918 1161 954 σώματος
1176 918 1267 954 μόνον,
1283 918 1352 946 ἀλλὰ
1361 919 1441 955 σῶμα
1455 918 1555 954 ἀληθὲς
1571 919 1718 955 ἀνείληφεν
1733 922 1747 948 δ
1759 921 1827 953 Θεὸς

1031 966 1127 1001 Λόγος,
1137 965 1185 993 καὶ
1195 965 1282 997 οὕτως
1296 965 1405 1001 ἀληθὲς,
1417 965 1455 997 ὼς
1468 966 1515 992 καὶ
1529 965 1626 998 σώζειν
1639 966 1688 1002 τὴν
1705 967 1826 1003 ἰδιότητα

1031 1012 1074 1039 ἵνα
1094 1012 1142 1039 καὶ
1166 1011 1282 1047 πάσχειν
1315 1011 1438 1046 δύνηται,
1472 1009 1567 1038 εἶπεν·
1603 1022 1612 1037 ι
1633 1012 1676 1039 Ἐν
1706 1013 1826 1049 ὰκεραίᾳ

1029 1060 1062 1094 τῇ
1097 1058 1242 1094 τοιγαροῦν
1270 1057 1317 1085 καὶ
1348 1057 1456 1093 ἀληθῶς
1486 1057 1630 1093 ἀνθρώπου
1658 1059 1704 1085 καὶ
1733 1059 1826 1096 τελείᾳ

1030 1104 1124 1138 φύσει,
1140 1103 1207 1135 Θεδς
1221 1103 1325 1139 ἀληθὴς
1340 1103 1451 1139 ἐτέχθη,
1471 1103 1532 1135 ὅλος
1550 1104 1579 1130 ὲν
1595 1105 1652 1134 τοῖς
1666 1104 1760 1138 αὑτοῦ,
1777 1106 1825 1133 καὶ

1029 1149 1090 1181 ὅλος
1112 1149 1141 1175 ὲν
1159 1149 1216 1180 τοῖς
1235 1147 1325 1184 ἡμῶν.
1338 1158 1346 1174 ι
1371 1146 1438 1175 Εἶτα
1458 1148 1576 1182 ἐπάγει·
1595 1159 1604 1175 ι
1617 1149 1749 1176 Φυλάττει
1769 1151 1824 1186 γὰρ

1029 1196 1150 1230 ἑκατέρα
1171 1195 1252 1230 φύσις
1274 1195 1428 1228 ἀνελλιπῶς
1449 1195 1500 1231 τὴν
1526 1196 1628 1231 ἑαυτῆς
1661 1196 1795 1232 ἰδιότητα.
1812 1207 1821 1223 ι

1028 1241 1085 1267 Καὶ
1100 1240 1144 1267 ἵνα
1166 1241 1309 1276 νοήσωμεν
1325 1241 1351 1268 τί
1365 1241 1424 1267 ἐστι
1441 1240 1471 1268 τὸ
1485 1261 1491 1273 ,
1508 1241 1679 1274 ἀνελλιπῶς
1690 1262 1698 1273 ,
1711 1242 1824 1269 ἐπισυν-

1029 1286 1110 1312 άπτει
1122 1295 1143 1312 ι(
1158 1287 1214 1313 Καὶ
1238 1285 1335 1322 ὥσπερ
1345 1286 1394 1313 οὐκ
1403 1287 1512 1322 ἀναιρεῖ
1524 1286 1574 1322 τὴν
1584 1286 1630 1313 τοῦ
1646 1287 1740 1314 δούλου
1755 1296 1823 1324 μορ-

1029 1333 1109 1368 φὴνή
1131 1332 1223 1368 μορφὴ
1238 1332 1284 1359 τοῦ
1303 1332 1383 1366 Θεοῦ,
1397 1332 1484 1364 οὓτως
1499 1333 1548 1368 τὴν
1561 1333 1607 1360 τοῦ
1629 1333 1697 1360 Θεοῦ
1713 1333 1822 1369 μορφὴν

1027 1380 1043 1414 ὴ
1058 1378 1106 1405 τοῦ
1123 1379 1217 1406 δούλου
1233 1378 1325 1414 μορφὴ
1350 1379 1400 1406 οὐκ
1426 1379 1571 1414 ἐμείωσεν.
1588 1388 1597 1404 ι
1616 1379 1652 1406 Τὸ
1665 1378 1723 1412 οὖν,
1741 1379 1822 1412 ὅλος

1026 1427 1060 1453 ἐν
1076 1427 1137 1459 τοῖς
1152 1425 1248 1461 ἡμῶν,
1261 1427 1308 1453 καὶ
1327 1425 1366 1458 τὸ,
1381 1426 1563 1459 ἁνελλιπώς,
1583 1426 1652 1461 μετὰ
1668 1427 1720 1462 τῆς
1737 1426 1822 1462 μειώ-

1027 1481 1095 1504 σεως
1108 1474 1197 1499 κεῖται
1215 1472 1264 1499 καὶ
1279 1471 1326 1499 τοῦ
1342 1472 1466 1504 ἀτελοῦς.
1491 1472 1528 1499 Οὗ
1545 1472 1625 1508 μόνον
1644 1473 1713 1507 γὰρ,
1726 1473 1820 1508 φησὶν,

1025 1518 1126 1545 οὐσιῶν
1138 1519 1198 1554 ἦτοι
1213 1518 1323 1554 φύσεων
1337 1519 1451 1554 γέγονεν
1467 1519 1575 1552 ἕνωσις,
1592 1519 1659 1546 ἀλλὰ
1675 1519 1723 1545 καὶ
1735 1518 1821 1554 ἀσύγ-

187 1548 253 1583 ipsaa
280 1559 375 1580 earum
394 1556 595 1592 proprietates;
625 1561 728 1589 retinet
750 1563 836 1599 igitur
857 1570 974 1602 utraque

1028 1573 1102 1600 χυτοι
1116 1548 1229 1600 ἔμειναν
1245 1565 1293 1592 καὶ
1310 1548 1455 1601 ἀμείωτοι,
1469 1548 1596 1592 αὗταί-τε
1613 1565 1660 1592 καὶ
1672 1566 1700 1591 αἱ
1719 1564 1821 1600 ἰδιότη-

185 1600 284 1625 natura
310 1599 370 1627 sine
396 1601 506 1630 defectu
530 1607 728 1641 proprietatem
754 1618 831 1638 suam
853 1613 895 1640 vel
915 1599 977 1648 post

186 1642 326 1671 unionem.
337 1645 531 1676 Etsecundum
545 1656 671 1680 sanctum
679 1654 855 1685 Ambrosium
873 1667 879 1686 :
897 1668 906 1685 ι
918 1659 977 1688 Sic-

185 1692 215 1714 ut
235 1689 303 1716 nihil
319 1690 407 1720 defuit
424 1694 490 1728 Deo,
503 1696 544 1723 sic
558 1697 626 1725 nihil
643 1699 730 1728 defuit
741 1701 904 1736 perfectioni
923 1706 975 1733 hu‘

185 1736 335 1769 manitatis,
350 1743 381 1766 ut
392 1740 532 1774 perfectus
542 1743 569 1770 in
579 1741 802 1782 utraqueinatura
815 1756 888 1779 esset
899 1752 948 1788 (9).
962 1763 971 1780 ι

184 1780 249 1814 Qua:
261 1788 354 1811 autem
371 1790 471 1814 natura
488 1790 580 1818 carnis
599 1794 712 1827 propria
728 1799 793 1823 sunt
813 1797 869 1825 Deo
883 1799 974 1827 Verbo

184 1828 205 1854 si
225 1829 396 1864 tribuuntur,
415 1833 441 1860 id
457 1843 512 1862 non
526 1841 625 1866 natura
640 1839 679 1873 ﬁt,
693 1841 741 1869 sed
757 1843 974 1880 dispensationis

185 1874 408 1914 (incarnationis)
422 1881 540 1909 ratione.

218 1961 297 1996 Quod
327 1966 350 1993 si
380 1973 472 1997 autem
503 1978 617 2008 propter
645 1976 862 2007 ambulationem
888 1988 972 2017 super

182 2017 268 2044 aquas
289 2015 446 2042 naturalem
471 2020 596 2053 corporis
621 2024 824 2058 proprietatem
852 2027 971 2057 deﬁcere

182 2057 324 2085 contendit
341 2059 470 2096 Severus,
488 2064 589 2093 iterum
599 2067 774 2099 instabimus.
790 2072 819 2099 ln
835 2073 971 2102 deambu-

180 2100 282 2130 latione
299 2111 383 2140 super
397 2111 497 2137 terram
520 2111 650 2141 deficitne
662 2118 798 2146 naturalis
811 2121 970 2155 proprietas

181 2148 229 2176 Dei
245 2149 352 2179 Verbi?
372 2153 453 2182 Nulla
483 2158 557 2186 enim
578 2160 686 2190 ratione
710 2163 767 2191 Deo
782 2148 871 2201 di-gni.
884 2148 970 2202 pedes

182 2198 285 2222 terram
318 2198 469 2228 calcantes.
504 2203 544 2231 Ita
571 2209 599 2232 et
627 2207 740 2241 quando
760 2198 860 2237 esui-iit
890 2212 968 2239 velut

179 2238 273 2273 honm,
303 2248 448 2279 postquam
471 2247 633 2283 jejunasset,
656 2259 712 2279 non
730 2255 919 2283 transmutatis
940 2255 968 2283 in

179 2291 265 2318 panes
282 2286 438 2323 lapidibus;
459 2292 496 2319 ita
516 2295 626 2328 quando
639 2296 766 2332 fatigatus
779 2304 816 2326 est
830 2307 862 2326 ea;
874 2301 968 2329 itinere

180 2329 268 2365 (Joan.
284 2341 321 2366 ιν,
335 2334 373 2369 6),
388 2337 457 2364 toris
469 2342 497 2366 et
513 2341 606 2368 nervis
631 2329 765 2376 intentis;
792 2345 831 2372 ita
855 2347 967 2381 quando

178 2383 285 2406 maestus
311 2380 361 2415 fuit
385 2382 492 2415 (Matth.
523 2393 605 2420 xxvt,
626 2387 672 2424 27)
692 2393 716 2415 et
738 2380 912 2419 contristatur;
938 2396 967 2419 et

176 2424 286 2458 anxius,
301 2427 374 2460 quod
396 2427 423 2455 in
442 2429 485 2457 his
497 2430 535 2457 nil
551 2437 665 2467 apparet
677 2434 750 2469 quod
768 2443 897 2472 superam
909 2436 965 2464 vim

174 2469 354 2507 divinamque
381 2474 500 2509 indicet;
530 2477 567 2505 ita
584 2478 667 2506 etiam
689 2469 810 2515 quando,
826 2489 841 2510 a
862 2469 966 2512 ludatis

173 2519 274 2549 captus
290 2521 343 2550 est,
355 2519 457 2547 nedum
468 2529 564 2549 eorum
581 2523 615 2552 de
630 2525 723 2553 medio
739 2526 888 2556 invisibilis
902 2537 966 2557 evo-

172 2560 230 2588 lare
249 2563 388 2597 voluerit,
412 2574 505 2596 nonne
530 2570 591 2597 sine
607 2570 718 2599 defectu
744 2573 838 2601 divina
862 2581 963 2603 natura

172 2607 374 2641 proprietatem
391 2618 468 2639 suam
483 2614 620 2643 retinuit?
633 2617 722 2645 Abeat
732 2619 853 2648 humana
867 2621 965 2650 Severi

176 2653 312 2686 sapientia
325 2656 331 2682 l
345 2655 416 2684 Sane
431 2666 544 2688 carnem
562 2670 640 2691 suam
656 2672 740 2699 super
754 2674 854 2700 aquam
871 2669 963 2695 carnis

176 2696 282 2733 legibus
297 2699 426 2729 incedere
447 2711 502 2732 non
518 2707 662 2741 prohibuit
681 2696 755 2737 Deus
767 2696 898 2745 V'erbum,
933 2719 964 2741 ut

175 2744 272 2778 prohat
283 2745 383 2780 pedum
397 2750 562 2786 ambulatio;
576 2757 604 2780 at
615 2761 699 2790 super
713 2764 811 2792 aquam
822 2758 960 2793 incedere,

209 2811 247 2847 (7|
260 2813 379 2851 Epistola
396 2819 515 2847 secun'da
537 2821 570 2848 ad
586 2820 766 2851 Succensum.

264 2848 721 2893 Restituunturhgecoinniaeitvlip.
739 2861 771 2886 ad
789 2860 960 2890 Flavianum.

239 2921 242 2924 .
261 2882 346 2919 Epist.
371 2896 460 2923 XLVIII,
475 2890 501 2924 5,
523 2891 555 2918 ad

986 2244 1008 2271 D

1027 1619 1073 1642 τες
1087 1611 1176 1638 αὐτῶν
1191 1612 1219 1638 αἱ
1234 1610 1475 1647 ὲπιθεωρούμενιιι
1487 1609 1678 1646 αὐταῖς.Εἶχεν
1691 1608 1738 1637 οὖν
1755 1610 1816 1637 ἑκά-

1028 1664 1077 1692 στη
1093 1656 1175 1691 φύσις
1192 1656 1347 1689 ἀνελλιπῶς
1373 1656 1421 1692 τὴν
1436 1656 1536 1691 ἑαυτῆς
1552 1657 1672 1693 ίδιότητα
1688 1656 1734 1683 καὶ
1750 1657 1821 1691 μετὰ

1026 1702 1075 1737 τὴν
1095 1702 1203 1730 ἕνωσιν.
1231 1703 1287 1730 Καὶ
1312 1703 1383 1730 κατὰ
1408 1703 1455 1730 τὸν
1483 1703 1620 1739 μακάριον
1644 1703 1819 1739 ’Ᾱμὸρόσιον,

1029 1757 1038 1774 ι
1056 1748 1101 1780 Ὠς
1123 1748 1201 1775 οὐδὲν
1222 1747 1317 1775 ἔλιπεν
1331 1748 1370 1783 τῷ
1391 1747 1461 1783 Θεῷ,
1478 1747 1566 1780 οὕτως
1585 1748 1646 1775 οὐδὲ
1661 1748 1700 1783 τῷ
1714 1756 1819 1783 καταρ-

1024 1794 1115 1829 τισμῷ
1129 1793 1168 1829 τῷ
1185 1795 1256 1821 κατὰ
1271 1794 1318 1821 τὸν
1335 1793 1491 1829 ἄνθρωπον,
1514 1794 1558 1821 ἴνα
1582 1794 1684 1826 τέλειος
1706 1795 1735 1821 ὲν
1752 1794 1818 1820 ὲκαο

1024 1838 1093 1874 τέρᾳ
1106 1839 1187 1873 φύσει
1204 1840 1355 1876 τυγχάνῃ.»
1372 1840 1404 1866 Εί
1419 1839 1448 1866 δὲ
1468 1839 1516 1866 καὶ
1533 1840 1567 1866 τὰ
1578 1841 1630 1875 τῆς
1648 1839 1750 1876 σαρκὸς
1763 1839 1818 1866 ἴδια

1025 1885 1097 1911 κατὰ
1111 1884 1204 1919 φύσιν,
1225 1885 1273 1912 τοῦ
1294 1885 1362 1912 Θεοῦ
1381 1886 1470 1920 Λόγου
1489 1885 1602 1921 γέγονεν
1625 1886 1690 1918 ῐδια,
1708 1885 1766 1912 ἀλλ’
1786 1886 1817 1913 ού

1024 1931 1094 1958 κατὰ
1109 1931 1200 1966 φύσιν,
1217 1932 1287 1959 κατὰ
1307 1932 1335 1959 δὲ
1348 1932 1393 1960 τὸν
1402 1932 1450 1968 τῆς
1466 1932 1624 1968 οἰκονομίας
1635 1932 1727 1967 λόγον.

1059 1978 1090 2005 El
1112 1978 1140 2005 δὲ
1167 1978 1212 2005 διὰ
1241 1978 1273 2005 τὺ
1301 1979 1466 2014 περιπατεῖν
1485 1978 1580 2006 ἐπάνω
1595 1978 1641 2005 τοῦ
1656 1978 1752 2009 ὓδατος
1771 1977 1818 2004 τὸν

1016 2024 1137 2060 Κύριον,
1160 2024 1279 2060 ἔλλειψιν
1301 2024 1374 2058 λέγει
1395 2024 1517 2060 Σευῆρος
1541 2025 1660 2060 φυσικῆς
1684 2024 1818 2058 ίδιότητος

1023 2069 1069 2097 τοῦ
1094 2069 1233 2106 σώματος,
1266 2070 1497 2105 παλιλλογοῦντες
1523 2070 1664 2122 ὲροῦημενί
1680 2072 1744 2097 Ὅτε
1771 2071 1817 2122 ἐπὶ

1021 2115 1072 2151 τῆς
1093 2114 1177 2152 ξηρᾶς
1187 2116 1363 2152 περιεπάτει,
1382 2115 1437 2153 ἆρα
1450 2116 1570 2151 ἔλλειψις
1583 2115 1618 2153 ἦν
1633 2117 1683 2152 τῆς
1698 2116 1816 2151 φυσικῆς

1023 2161 1155 2197 ἰδιότητος
1181 2161 1229 2189 τοῦ
1252 2162 1320 2189 Θεοῦ
1340 2162 1445 2197 Λόγου;
1470 2162 1555 2189 Οὐδὲν
1574 2163 1627 2198 γὰρ
1652 2162 1814 2198 θεοπρεπὲς,

1022 2209 1105 2241 πόδας
1120 2209 1238 2245 βαδίζειν
1259 2211 1306 2238 ἐπὶ
1321 2211 1388 2246 γῆς·
1401 2211 1503 2246 ὁμοίως
1524 2210 1572 2238 καὶ
1597 2210 1642 2237 ὅτε
1670 2209 1815 2237 ἐπείνασεν

1024 2257 1092 2292 μετὰ
1108 2257 1138 2284 τὸ
1151 2258 1308 2293 νηστεῦσαι,
1329 2259 1404 2294 νόμῳ
1418 2259 1528 2293 φύσεως
1542 2258 1679 2293 σώματος,
1695 2259 1756 2285 ἐπεὶ
1776 2258 1814 2294 μὴ

1021 2303 1151 2339 ἐποίησεν
1165 2305 1229 2335 τοὺς
1252 2305 1343 2337 λίθους
1367 2305 1486 2341 ἄρτους·
1503 2306 1549 2332 καὶ
1575 2307 1756 2333 κεκοπίακεν
1785 2306 1814 2332 δὲ

1020 2349 1055 2376 ἐκ
1083 2349 1140 2384 τῆς
1165 2350 1338 2385 ὀδοιπορΙας
1367 2351 1421 2378 τῶν
1449 2351 1525 2386 μυῶν
1554 2352 1601 2379 καὶ¹
1631 2352 1686 2378 τῶν
1709 2351 1812 2387 νεύρων

1021 2396 1245 2430 ὑπερταθέντων·
1271 2397 1429 2432 ἀδημονῶν
1441 2398 1479 2431 δὲ,
1489 2398 1537 2425 καὶ
1562 2398 1810 2433 ὲκθαμϐούμενθς,

1020 2442 1069 2470 καὶ
1082 2443 1218 2476 ἀγωνιῶν,
1237 2444 1298 2470 ἐπεὶ
1325 2444 1363 2479 μὴ
1389 2444 1460 2471 κατὰ
1483 2444 1582 2471 ταυτὸν
1597 2444 1632 2470 τὰ
1646 2444 1716 2480 ὑπὲρ
1730 2445 1814 2479 φύσιν.

1019 2487 1069 2522 τῆς
1088 2488 1216 2522 θεότητος
1237 2490 1430 2517 ἐπεδείκνυτο*
1446 2490 1493 2516 καὶ
1510 2489 1697 2537 κρατούμενος
1715 2490 1743 2517 δὲ
1758 2490 1812 2517 ὑπὸ

1018 2533 1073 2559 τῶν
1096 2534 1240 2567 Ἰουδαίων,
1262 2536 1323 2562 ἐπεὶ
1352 2537 1388 2571 μὴ
1413 2536 1533 2571 ἄφαντος
1554 2537 1587 2563 ὲκ
1609 2533 1692 2572 μέσου
1721 2537 1813 2565 αὐτῶν

1019 2579 1139 2612 ἐγένετο.
1171 2578 1226 2615 ἆρα
1252 2581 1303 2608 οὐκ
1332 2581 1481 2616 ἐφύλαττεν
1503 2582 1654 2614 ἀνελλιπῶς
1679 2583 1695 2619 ἡ
1727 2583 1808 2618 Θεϊκὴ

1019 2625 1101 2659 φύσις
1125 2625 1174 2661 τὴν
1200 2627 1302 2663 ἑαυτῆς
1333 2628 1474 2663 ἰδιότητας
1501 2630 1654 2666 Ἐρρέτωὴ
1680 2630 1810 2666 ἀνθρωπ-

1017 2671 1134 2706 άρεσκος
1151 2672 1233 2707 σοφία
1244 2674 1376 2710 Σευήρου.
1393 2676 1466 2712 Πλὴν
1488 2677 1550 2704 οὐδὲ
1578 2677 1691 2704 ἐπὶτῶν
1706 2677 1811 2704 ὑδάτων

1017 2716 1153 2743 ἐκώλυσεν
1168 2717 1218 2752 τὴν
1238 2718 1306 2745 ἰδίαν
1322 2719 1412 2754 σάρκα
1425 2721 1439 2747 ὁ
1450 2720 1516 2753 Θεὸς
1528 2722 1614 2756 Λόγος
1628 2722 1672 2748 διὰ
1689 2721 1743 2750 τῶν
1759 2721 1811 2756 τῆς

1017 2761 1117 2797 σαρκὸς
1139 2762 1208 2789 ῑέναι
1235 2763 1335 2799 νόμων,
1362 2765 1400 2797 ὡς
1425 2766 1439 2792 ὁ
1469 2767 1622 2802 περίπατος
1647 2767 1701 2794 τῶν
1719 2767 1810 2794 ποδῶν

995 2824 1000 2827 ’
1017 2828 1156 2862 fileamur,
1172 2830 1244 2858 sicut
1256 2831 1283 2858 in
1311 2833 1359 2860 Dei
1372 2832 1458 2861 forma
1476 2834 1545 2862 nihil
1565 2835 1589 2862 ei
1606 2834 1693 2863 defuit
1707 2835 1810 2863 divinae

1018 2868 1132 2905 naturae,
1148 2865 1194 2906 sic_
1206 2866 1234 2893 in
1250 2867 1295 2906 illa
1311 2867 1398 2906 forma
1411 2869 1542 2906 hominis.
1555 2870 1624 2898 nihil
1637 2870 1662 2899 ei
1675 2869 1807 2906 defuisse,

1018 2907 1073 2936 quo
1092 2900 1270 2936 imperfectus
1283 2903 1365 2933 homo
1377 2905 1556 2940 judicaretur.
1570 2915 1580 2933 ι
