1971 3091
153 119 206 152 929

665 125 845 156 EPISTOLA
866 127 914 157 DE
932 128 1082 161 DUABUS
1100 130 1279 162 NATURIS.

1727 137 1780 169 930

152 177 242 214 δηλοῖθ
262 177 292 203 τὺ
308 177 334 203 δὲ
354 179 399 203 ἐπὶ
413 177 467 204 τῶν
484 178 588 206 ὑδάτων
605 181 778 215 περιπατεῖν,
794 181 844 208 οὒκ
857 182 929 217 ἀφαίη

988 193 1043 213 non
1073 186 1145 213 tollit
1174 186 1299 222 corporis
1313 187 1522 223 proprietatem,
1549 189 1596 217 sed
1623 198 1656 217 ex
1685 190 1779 219 divina

151 230 228 260 ρεσις
248 222 379 258 ἰδιότητος
399 223 447 250 τοῦ
476 223 604 259 σώματος
630 222 674 260 ἦν,
698 225 767 252 ἀλλὰ
795 227 939 263 προσθήκη

150 267 292 303 δυνάμεως
307 267 337 300 ἐξ
351 267 492 304 ἐνεργείας
504 269 608 305 θεῖκῆς.
620 270 656 297 Τὺ
669 270 716 297 οὖν
728 271 808 306 σῶμα
822 272 940 306 ἐξετέλει

149 313 183 340 τὰ
197 313 245 340 τοῦ
267 313 403 348 σώματος,
424 315 438 340 ό
454 313 482 340 δὲ
507 315 594 349 Λόγος
619 317 817 351 κατειργάζετο
832 317 867 344 τὰ
892 318 939 346 τοῦ

147 359 247 393 Λόγου,
265 359 303 391 ὡς
316 359 347 386 τὸ
365 359 456 395 Θαῦμα
474 359 534 395 βοᾷ.

185 405 220 431 Ἢ
235 405 296 440 οὐχὶ
308 406 356 432 καὶ
371 405 451 437 αὐτὸς
464 407 497 432 τὰ
506 405 578 434 αὐτὰ
590 406 665 441 λέγει
675 407 703 434 ὲν
715 408 755 443 τῷ
769 408 841 444 λόγῳ
855 409 938 437 αὐτοῦ

146 451 184 486 τῷ
200 451 240 483 είς
251 451 285 478 τὰ
299 451 427 478 Γενέθλια
438 452 452 478 ὁ
468 452 661 488 μυριόμορφος
676 461 682 468 ·
699 455 868 490 «Θαρσεῖτε,
883 455 939 490 ἐγώ

144 497 214 530 εἰμι,
237 495 281 531 μὴ
310 497 454 531 φοϐεῖσθε
466 506 476 530 ;
496 498 526 524 τὸ
540 498 578 532 δὲ,
593 498 650 534 ἐγώ
662 501 730 535 ειμι,
747 501 796 536 τῆς
812 501 939 537 ἀληθείας

145 543 204 569 ἐστὶ
223 543 439 579 παραστατικὸν,
455 544 503 571 καὶ
516 545 607 572 πᾶσαν
616 546 771 580 φαντασίαν
783 547 939 575 ἀποσκευά-

146 587 234 620 ζεται.
276 588 347 624 Ἐγὼ
371 589 425 626 γάρ
451 591 510 626 είμι
533 591 548 617 ὁ
584 591 621 627 μὴ
639 592 741 627 τρέψας
758 593 773 627 ῆ
790 593 938 626 ἀλλοιώσας

145 635 251 668 ἑαυτὸν,
275 635 343 662 ἀλλὰ
361 636 458 671 μείνας
478 636 556 669 Θεὸς,
571 636 608 669 ὡς
626 637 656 664 τὸ
671 637 765 673 θαῦμα
776 638 824 674 βοᾷ
839 647 846 655 ·
861 640 909 666 καὶ
924 641 938 666 ὁ

145 682 227 714 αὐτὸς
239 682 311 711 κατὰ
334 682 465 719 ἀλήθειαν
484 684 532 710 καὶ
549 684 696 719 γενόμενος
710 685 758 712 καὶ
777 686 938 721 φαινόμενος

145 729 297 765 ἄνθρωπος,
312 729 349 760 ὡς
365 729 380 756 ὁ
402 729 554 765 περίπατος
569 730 624 756 τῶν
643 731 731 758 ποδῶν
749 731 833 766 δηλοῖ.
852 741 860 758 ι
884 733 938 759 Καὶ

145 775 173 800 ὲν
187 777 220 810 τῇ
236 774 305 810 πρὸς
321 774 462 802 Ἰουλιανὺν
480 775 508 802 δὲ
524 775 663 811 ἐπιστολῇ,
676 773 737 812 ἦςή
753 777 836 812 ἀρχὴ,
857 778 937 805 Ἐδε-

144 819 244 855 εάμην
259 820 317 855 τὴν
335 821 375 854 ὡς
402 821 482 855 παρᾶ
498 821 562 854 ,σοῦ
571 830 622 856 μοι
647 823 852 857 γεγραμμένην
875 824 938 851 ἑπι-

143 866 270 900 στολὴν,
283 867 356 901 λέγει
370 875 377 881 ·
399 876 409 893 ι
425 867 531 902 Ὥσπερ
545 868 559 894 ὁ
576 867 690 900 θάνατος
710 868 791 895 αὐτοῦ
807 869 936 904 βουλομέ-

143 922 189 940 νου
208 912 347 939 συνέὃαινε
362 912 497 948 φυσικῶς,
515 913 692 947 ἐπηκολούθει
714 913 742 940 δὲ
763 914 831 950 ὑπὲρ
855 915 936 949 φύσιν

142 959 173 985 τὸ
192 958 343 994 θεοπρεπὲς
356 958 449 993 θαῦμα
466 958 514 993 τῆς
526 958 711 990 ἀναστάσεως,
723 957 794 985 οὕτω
806 959 854 985 καὶ
867 959 935 994 μετὰ

142 1005 191 1039 τὴν
205 1004 360 1037 ἔκπνευσιν,
384 1004 421 1036 ὡς
443 1004 457 1030 ὁ
484 1004 682 1039 εὐαγγελιστὴς
707 1005 833 1040 Ἰωάννης
855 1006 933 1041 φησι,

143 1049 266 1084 φυσικῶς
295 1049 445 1085 τρωθείσης
471 1051 503 1085 τῇ
533 1049 618 1086 λόγχῃ
633 1050 683 1085 τῆς
705 1049 825 1086 πλευρᾶς
839 1059 845 1066 ·
867 1051 932 1078 ἴδιον

142 1096 196 1131 γὰρ
225 1095 362 1130 σώματος,
378 1096 403 1121 εἰ
420 1096 467 1122 καὶ
481 1094 598 1130 ἀψύχου,
622 1095 782 1131 τέμνεσθαι,
794 1095 883 1123 θεῖκὸν
905 1096 933 1124 δὲ

142 1141 283 1177 ἐνέργημα
294 1141 342 1167 καὶ
353 1141 408 1167 τῶν
421 1141 589 1176 θεοσημείων
603 1141 633 1168 τὸ
646 1141 772 1176 μέγιστον
784 1142 933 1177 συνήπτετο

143 1187 220 1222 ῥύσις
239 1187 387 1223 παράδοξος
408 1187 455 1214 τοῦ
478 1187 550 1214 θείου
570 1187 696 1221 αἵματος,
717 1187 793 1214 ὕδατι
808 1186 933 1223 ζωοποιῷ

100 1257 107 1261 ,
143 1234 293 1269 συμμιγής.
312 1243 321 1260 ι
337 1234 393 1261 Καὶ
409 1234 491 1261 πάλιν
506 1241 513 1249 ·
538 1242 547 1259 ι
572 1233 636 1260 Ἰδοὺ
649 1233 786 1269 πανταχοῦ
799 1234 863 1269 ’περὶ⁹
881 1235 931 1269 τὴν

142 1279 233 1315 σάρκα
246 1280 294 1316 τὴν
309 1280 507 1316 αἰσθανομένην
525 1281 572 1307 καὶ
586 1279 733 1314 ἀλγοῦσαν,
755 1281 792 1312 ὡς
807 1280 930 1315 πέφυκεν

142 1326 223 1362 σῶμα
237 1326 358 1362 ἔμψυχον
373 1326 560 1359 αἰσθάνεσθαι,
579 1327 627 1353 καὶ
644 1326 736 1361 ἀλγεῖν
750 1327 804 1354 τῶν
821 1326 926 1359 παθῶν,

141 1374 157 1407 ὴ
178 1373 303 1408 ἐνέργεια
316 1373 388 1400 κατὰ
399 1372 537 1409 ἀλήθειαν.
557 1383 567 1399 ι
583 1373 638 1400 Καὶ
649 1374 709 1408 μετ’
721 1373 799 1407 ὀλίγα
812 1381 819 1387 ·
835 1382 844 1399 ι
860 1371 932 1400 Καθ’

140 1418 154 1445 ὃ
171 1418 238 1450 Θεὸς
255 1416 288 1454 ἦν
301 1418 422 1455 ἀπαθὴς,
438 1419 552 1454 μηδενὸς
566 1419 596 1446 τὺ
611 1419 742 1455 παράπαν
754 1418 929 1445 συναισθανό-

141 1473 223 1499 μενος
231 1466 265 1500 τῇ
280 1465 372 1500 σαρκὶ,
385 1465 455 1492 ὥστε
467 1466 491 1492 εί
506 1465 554 1492 καὶ
567 1466 617 1501 τῆς
631 1465 730 1501 σαρκὸς
744 1463 778 1501 ἦν
794 1465 828 1491 τὰ
844 1464 928 1500 πάθη,

987 233 1151 267 operatione
1168 233 1297 261 humanae
1318 234 1413 262 addita
1435 234 1590 270 perﬁcitur.
1605 236 1713 271 Corpus
1731 238 1785 273 ἱεί-

989 283 1034 305 tur
1044 279 1219 313 perﬁciebat,
1234 288 1295 315 quae
1308 281 1434 315 corporis
1448 286 1539 313 erant,
1552 287 1579 309 ct
1588 283 1708 310 Verbum
1720 291 1781 318 qum

987 323 1083 358 Verbi,
1103 326 1142 353 uti
1155 326 1319 354 miraculum
1329 327 1504 355 manifestius
1516 328 1648 356 declarat.

1025 418 1127 446 Eadem
1149 421 1298 450 conﬁtetur
1310 424 1489 452 multiformis
1512 425 1560 453 hic
1585 427 1724 461 sophistes
1749 428 1776 456 in

989 470 1115 491 sermone
1143 472 1193 493 suo
1219 466 1247 494 in
1269 467 1446 496 Nativitatem
1468 478 1475 496 :
1501 470 1602 498 Habete
1632 472 1775 506 ﬁduciam.

988 516 1034 543 ego
1047 517 1116 543 sum,
1129 510 1210 538 nolite
1226 513 1319 540 timere
1337 514 1442 549 (Matth.
1459 523 1513 549 xw,
1530 516 1651 550 27).lloc
1660 527 1706 554 ego
1718 527 1775 546 sum

988 554 1133 582 veritatem
1144 556 1328 591 demonstrat,
1337 564 1365 586 et
1377 567 1458 588 omne
1468 562 1629 596 phantasma
1642 565 1774 592 excludit.

987 598 1045 635 Ego
1059 601 1133 628 enim
1151 609 1222 635 sum,
1239 605 1286 638 qui
1303 612 1394 640 neque
1408 612 1500 634 mutor
1509 616 1600 643 neque
1615 616 1774 642 convertor.

988 645 1036 672 sed
1054 653 1141 681 usque
1165 648 1238 675 Deus
1253 657 1350 677 maneo
1364 671 1371 683 ,
1397 652 1435 678 uti
1452 653 1615 681 miraculum
1637 655 1774 690 declarat;

988 689 1047 724 ipse
1061 698 1125 718 vere
1141 692 1223 720 homo
1238 693 1328 722 factus
1342 701 1370 722 et
1381 697 1468 729 visus,
1478 698 1517 725 uti
1538 699 1639 733 pedum
1652 689 1776 729 ambula?

988 735 1026 762 tio
1037 736 1145 771 prohat.
1161 747 1169 762 ι
1189 738 1261 766 Dicit
1276 740 1358 767 etiam
1381 741 1410 768 in
1434 742 1550 776 cpistola
1575 744 1608 771 ad
1635 744 1774 773 lulianum

988 781 1066 816 cujus
1091 783 1233 810 exordium
1259 785 1409 820 Epistulam
1429 788 1494 815 mihi
1517 797 1534 815 a
1559 794 1584 816 te
1598 792 1774 827 conscriptam

989 827 1075 860 accepi
1093 835 1102 854 :
1121 837 1130 853 ι
1149 827 1237 856 Sicuti
1262 835 1379 858 mortem
1400 832 1490 860 libens
1514 835 1678 863 naturaliter
1694 836 1773 870 adiit,

957 865 978 893 Β
990 871 1114 899 divinum
1129 881 1195 900 vero
1209 876 1421 904 resurrectionis
1439 878 1602 906 miraculum
1613 885 1719 908 naturae
1733 882 1774 908 vi-

988 924 1032 943 res
1054 918 1256 952 exsuperabat,
1282 920 1319 947 ita
1337 929 1366 948 se
1385 922 1484 949 habuit
1508 931 1574 951 res:
1593 926 1705 960 quando
1724 927 1774 954 de-

985 961 1072 990 functi
1083 965 1303 999 corporislatus,
1331 972 1362 994 ut
1391 973 1488 996 narrat
1503 970 1677 1006 Evangelista
1692 972 1775 1000 Joan-

985 1015 1035 1035 nes
1048 1008 1113 1044 (nx,
1134 1009 1191 1045 55),
1210 1012 1375 1039 naturaliter
1402 1013 1498 1042 lancea
1519 1016 1693 1044 vulneratum
1708 1022 1772 1045 est:

984 1053 1106 1089 transﬁgi
1127 1055 1199 1081 enim
1223 1055 1328 1090 lancea,
1341 1059 1465 1092 corporis
1480 1064 1550 1093 erat,
1560 1060 1602 1087 vel
1615 1061 1770 1095 inanimati,

986 1098 1035 1125 sed
1056 1098 1178 1128 divinum
1193 1109 1263 1136 opus
1278 1107 1348 1135 erat,
1364 1107 1392 1131 et
1405 1105 1594 1140 prodigiorum
1609 1108 1772 1141 maximum,

987 1144 1126 1173 mirabilis
1143 1146 1230 1174 divini
1244 1149 1386 1183 sanguinis
1397 1151 1529 1184 manatio,
1539 1159 1602 1180 cum
1622 1154 1772 1183 vivilicanti

984 1197 1054 1224 aqua
1070 1191 1205 1226 permisti.
1228 1202 1236 1218 ι
1265 1193 1299 1220 Et
1312 1202 1409 1222 rursus
1425 1204 1432 1222 :
1451 1206 1460 1222 ι
1475 1197 1545 1225 Vera
1557 1199 1659 1234 ubique
1673 1208 1772 1236 opera-

985 1236 1024 1263 tio
1040 1236 1068 1264 in
1088 1246 1171 1266 carne
1198 1247 1297 1268 sensus
1313 1247 1340 1269 et
1362 1243 1468 1271 doloris
1489 1246 1582 1280 capaci
1607 1247 1647 1274 uti
1671 1255 1773 1284 corpus

983 1282 1134 1311 animatum
1156 1285 1237 1313 decet
1253 1290 1280 1313 et
1311 1289 1415 1316 sentire
1438 1294 1466 1317 et
1484 1290 1587 1319 dolere.
1612 1302 1621 1317 ι
1644 1293 1675 1320 Et
1690 1282 1772 1328 paulo

981 1332 1042 1363 post
1060 1338 1066 1355 :
1083 1339 1092 1354 ε
1106 1330 1136 1356 1η
1151 1335 1284 1365 quantum
1299 1332 1381 1365 Deus,
1406 1339 1465 1362 erat
1490 1335 1651 1370 impatibilis
1664 1358 1671 1370 ,
1694 1339 1772 1366 nullo

983 1374 1066 1401 modo
1078 1375 1169 1403 carnis
1186 1376 1330 1406 doloribus
1350 1384 1459 1413 motus;
1475 1382 1567 1408 carnis
1581 1388 1645 1410 sunt
1658 1388 1772 1412 natura-

981 1419 1044 1446 liter
1053 1420 1195 1455 passiones
1205 1426 1233 1449 et
1247 1423 1354 1456 aninm,
1363 1430 1391 1451 at
1401 1425 1482 1452 Verbi
1495 1426 1629 1455 incarnati
1641 1429 1772 1464 spiritua-

982 1463 1046 1490 liter
1067 1465 1215 1493 animatam
1242 1475 1354 1496 carnem
1369 1469 1428 1497 haec
1449 1478 1559 1507 quoque
1577 1463 1689 1508 propria
1712 1475 1770 1509 pati

140 1509 188 1537 καὶ
205 1510 254 1545 τῆς
266 1508 354 1546 ψυχῆς
365 1510 436 1538 κατὰ
450 1510 541 1545 φύσιν,
557 1511 614 1537 ἀλλ’
630 1511 683 1538 ἴδια
701 1510 747 1537 τοῦ
767 1510 853 1545 Λόγου
881 1509 928 1536 τοῦ
942 1505 963 1534 C
980 1508 1093 1536 dicitur.
1109 1518 1118 1534 ›

140 1554 327 1590 σαρκωθέντος
347 1554 394 1590 τὴν
412 1554 592 1590 ἐψυχωμένην
606 1554 707 1590 νοερῶς
722 1555 813 1590 σάρκα
824 1554 873 1590 τὴν
888 1554 935 1580 καὶ
950 1553 1102 1586 πεφυκυῖαν
1112 1553 1197 1580 ταῦτα
1216 1555 1309 1583 παθεῖν
1321 1557 1438 1592 λέγεται.
1455 1569 1464 1586 ι

175 1601 207 1628 Et
221 1602 270 1636 μία
289 1601 370 1636 φύσις
385 1601 432 1628 τοῦ
451 1602 539 1635 Λόγου
555 1601 600 1628 καὶ
619 1602 668 1637 τῆς
684 1601 794 1637 σαρκὸς,
821 1601 858 1637 μὴ
873 1601 930 1628 διά-

140 1647 232 1673 στελλε
248 1655 255 1663 ·
270 1647 327 1674 ἀλλ’
342 1647 378 1679 ὡς
393 1639 481 1681 λέγεις
491 1647 561 1674 κατὰ
585 1646 665 1682 φύσιν
677 1645 746 1674 εἶναι
759 1648 809 1683 τῆς
824 1647 926 1683 σαρκὸς

139 1692 246 1727 καὶτῆς
262 1691 351 1728 ψυχῆς
366 1692 399 1719 τὰ
413 1691 498 1728 πάθη,
519 1692 640 1728 δηλονότι
657 1693 711 1719 ῐδια
735 1693 795 1720 είπὲ
814 1693 863 1719 καὶ
880 1692 926 1719 τοῦ

137 1736 242 1770 Λόγου·
260 1737 284 1762 εί
298 1735 326 1762 δὲ
341 1736 370 1762 οὐ
387 1736 488 1772 τολμᾷς
502 1737 515 1763 ό
528 1738 616 1764 πάντα
635 1737 753 1773 τολμῶν,
774 1738 829 1773 ἄρα
842 1737 927 1773 ἑτέρῳ

137 1781 232 1817 τρόπῳ
252 1781 305 1808 ίδια
318 1781 365 1808 τοῦ
381 1782 470 1816 Λόγου
485 1783 520 1809 τὰ
537 1782 622 1818 πάθη,
640 1783 687 1810 καὶ
705 1783 735 1810 οὑ
757 1783 828 1810 κατὰ
847 1783 928 1818 φύσιν

138 1828 217 1855 είσίν.
230 1828 290 1860 Πῶς
305 1827 351 1854 οὖν
364 1828 394 1854 οὐ
411 1827 458 1855 δύο
472 1827 567 1863 φύσεις
577 1829 592 1855 ὁ
607 1828 726 1862 Χριστός
739 1837 747 1862 ;
760 1829 799 1864 Τῇ
810 1829 864 1864 γὰρ
878 1830 928 1864 μιᾷ

138 1872 219 1906 φύσει
241 1873 268 1899 εί
293 1881 319 1899 τι
347 1872 491 1907 συμϐαίνει
508 1873 641 1907 φυσικῶς,
660 1873 740 1899 ⁸τοῦτο
760 1873 825 1900 ἴδιον
844 1873 928 1908 αὐτῆς

138 1919 208 1945 κατὰ
223 1918 303 1953 φύσιν
318 1918 426 1953 λέγεται
442 1927 450 1935 ·
466 1919 525 1945 εῐτι
536 1918 564 1944 δὲ
579 1918 649 1954 ὑπὲρ
678 1917 770 1953 φύσιν,
797 1917 827 1951 ἐξ
853 1919 928 1953 ἐνερ-

137 1964 214 1998 γείας
227 1964 299 1991 ἐστὶν
312 1964 410 1999 ἐτέρας
425 1963 543 1998 φύσεως.
569 1964 597 1990 '0
620 1963 648 1990 δὲ
673 1963 822 1999 ἀμέριστον
842 1963 928 1990 εἰπὼν

136 2009 186 2045 τὴν
199 2009 350 2045 ὲνέργειαν,
369 2010 412 2036 ἵνα
434 2010 497 2044 μίαν
517 2008 598 2043 φύσιν
617 2009 792 2044 παραστήσῃ,
810 2007 859 2044 τὴν
875 2008 925 2042 μὲν

136 2054 237 2090 τρῶσιν
255 2056 289 2090 τῇ
305 2054 409 2090 πλευρᾷ
433 2054 581 2090 ἀφώρισεν,
597 2054 720 2088 φυσικῶς
736 2053 820 2089 αὐτὴν
838 2053 925 2088 λέγων

135 2101 285 2137 τρωθῆναι,
296 2102 342 2128 καὶ
350 2101 413 2128 [διον
424 2099 580 2128 εἶναιτοῦτο
594 2100 730 2136 σώματος,
741 2099 771 2126 οὑ
787 2099 924 2135 θεότητος·

137 2147 227 2173 (laibe
241 2147 269 2173 δὲ
287 2146 439 2182 ἐνέργημα,
459 2146 489 2173 οὐ
501 2145 667 2181 σωματικὸν,
682 2145 732 2180 τὴν
746 2145 793 2171 τοῦ
807 2145 923 2180 αἵματος

1018 1598 1096 1631 Quod
1112 1600 1134 1627 si
1156 1609 1209 1628 una
1225 1607 1324 1630 natura
1344 1604 1426 1632 Verbi
1447 1610 1474 1634 et
1488 1607 1589 1641 carnis,
1604 1609 1661 1637 noli
1675 1610 1770 1638 distin-

981 1652 1064 1679 guere
1075 1653 1082 1677 ς
1092 1650 1134 1673 ast
1148 1652 1178 1674 ut
1190 1649 1281 1675 carnis
1293 1653 1320 1676 et
1335 1650 1432 1678 animae
1446 1651 1515 1680 dicis
1529 1655 1695 1683 naturaliter
1707 1664 1770 1684 esse

980 1692 1132 1726 passiones,
1161 1694 1222 1722 illas
1238 1703 1349 1730 quoque
1370 1697 1462 1725 Verbo
1475 1699 1582 1727 tribuas
1599 1709 1605 1727 :
1623 1701 1646 1728 si
1674 1707 1766 1730 autem

980 1737 1033 1764 hoc
1045 1745 1098 1765 non
1114 1738 1214 1772 audes,
1230 1741 1411 1770 audacissime
1424 1763 1431 1776 ,
1451 1751 1517 1771 sane
1538 1745 1592 1772 alio
1607 1746 1688 1774 modo
1703 1755 1767 1782 pas-

980 1783 1072 1811 siones
1084 1784 1173 1812 Verbo
1189 1787 1307 1821 propriae
1317 1793 1382 1815 sunt
1398 1793 1425 1816 et
1439 1797 1493 1817 non
1514 1793 1688 1819 naturaliter.
1714 1794 1765 1827 Qui

979 1828 1064 1864 igitur
1076 1838 1131 1858 non
1148 1832 1208 1859 duae
1226 1838 1332 1860 natura:
1344 1834 1471 1863 Christus
1481 1836 1492 1862 τ
1502 1837 1569 1864 Nam
1585 1838 1608 1865 si
1622 1839 1669 1866 uni
1684 1844 1766 1867 natu-

977 1881 1014 1901 rce
1028 1875 1094 1909 quid
1108 1877 1238 1903 convenit
1260 1879 1434 1913 naturaliter,
1453 1881 1506 1909 hoc
1528 1883 1580 1917 ipsi
1593 1883 1669 1918 juxta
1686 1889 1766 1912 natu-

977 1926 1034 1946 ram
1045 1921 1188 1955 proprium
1199 1923 1318 1957 dicitur;
1330 1925 1354 1951 si
1366 1933 1431 1952 vero
1443 1927 1515 1961 quod
1530 1935 1612 1963 supra
1627 1934 1764 1963 naturam.

977 1965 1029 1993 hac
1042 1968 1207 2001 operatione
1221 1969 1251 1995 lit
1265 1970 1380 1997 alterius
1392 1975 1508 1999 naturae.
1523 1972 1574 2006 Qui
1589 1974 1764 2004 individuam

977 2011 1254 2047 dicitoperationem,
1269 2019 1299 2042 ut
1315 2023 1398 2043 unam
1413 2020 1539 2045 naturam
1549 2019 1704 2054 conﬁrmet,
1722 2021 1764 2048 la-

978 2057 1046 2085 teris
1061 2058 1161 2086 vulnus
1181 2058 1310 2096 denegat,
1324 2062 1489 2090 naturaliter
1500 2057 1573 2092 illud.
1590 2066 1764 2094 vulneratum

976 2101 1063 2130 fuisse
1075 2105 1255 2138 contendens,
1278 2110 1306 2133 et
1326 2107 1379 2134 hoc
1389 2109 1533 2144 proprium
1548 2118 1610 2139 esse
1627 2113 1763 2148 corporis.

977 2156 1033 2176 non
1049 2149 1220 2178 divinitatis:
1237 2152 1329 2180 divina
1345 2158 1437 2181 autem
1449 2156 1584 2190 operatio,
1600 2165 1655 2185 non
1666 2158 1763 2186 huma-

136 2193 184 2219 καὶ
199 2191 295 2224 ὓδατος
306 2192 395 2228 ῥύσιν.
406 2192 442 2219 To
456 2190 502 2219 οὖν
515 2191 619 2228 τρωθὲν
636 2192 727 2240 σῶμα,
737 2192 784 2218 καὶ
796 2192 924 2240 ⁸πεφυκὸς

982 2205 1021 2230 na,
1038 2198 1181 2233 sanguinis
1194 2203 1222 2226 et
1239 2207 1316 2234 aquae
1332 2201 1462 2228 manatio.
1482 2202 1661 2231 Vulneratum
1680 2204 1765 2240 igitur

135 2239 240 2273 ἀλγεῖν,
261 2239 307 2266 καὶ
327 2239 419 2265 παθῶν
433 2239 565 2271 δεκτικὸν,
592 2237 681 2269 καλῶς
702 2235 778 2264 εἶπεν
792 2237 806 2263 ὁ
831 2238 925 2270 πάπας

134 2284 211 2310 Λέων
225 2283 473 2311 ὑποπεπτωκέναι
485 2285 541 2315 τοῖς
553 2283 652 2310 πάθεσι
669 2283 716 2310 καὶ¹
731 2283 796 2316 ταῖς
809 2282 923 2317 ὕϐρεσι,

134 2329 314 2363 διαλάμπειν
323 2330 357 2356 δὲ
375 2330 437 2363 τοῖς
455 2330 584 2365 θαύμασι
596 2330 644 2366 τὴν
656 2330 781 2365 θεότητα,
792 2330 841 2366 τὴν
859 2331 926 2358 ἀνα-

135 2375 273 2409 στήσασαν
299 2374 369 2410 ὑπὲρ
387 2374 468 2409 φύσιν
486 2374 516 2401 τὺ
528 2375 594 2402 ἴδιον
612 2375 703 2410 σῶμα.
718 2375 748 2401 El
767 2375 796 2402 δὲ
816 2376 832 2411 ἠ
856 2374 924 2411 σὰρξ

134 2419 192 2454 ἔχει
209 2419 289 2454 φύσιν
302 2419 428 2454 δεκτικὴν
450 2419 556 2452 παθῶν,
573 2421 589 2456 ἡ
605 2419 634 2447 δὲ
648 2420 742 2456 θεότης
758 2419 923 2456 ἐνεργοῦσαν

132 2465 167 2491 τὰ
185 2465 256 2500 ὑπὲρ
273 2465 321 2500 τὴν
342 2465 423 2499 φύσιν
452 2465 498 2492 τοῦ
529 2465 664 2502 σώματος,
689 2467 773 2498 ὅντως
795 2466 924 2501 φυλάττει

134 2512 253 2548 ἑκατέρα
273 2512 354 2546 φύσις
371 2513 419 2548 τὴν
431 2513 531 2548 ἑαυτῆς
546 2513 675 2550 ἰδιότητα,
690 2515 737 2540 καὶ
757 2513 846 2545 καλῶς
859 2514 926 2549 ὁμο-ι

133 2557 277 2590 λογοῦνται
292 2558 338 2585 δύο
355 2558 451 2592 φύσεις
471 2557 541 2586 εἶναι
555 2559 601 2586 τοῦ
618 2559 747 2594 Χριστοῦ,
763 2560 923 2587 καὶτούτων

134 2603 270 2635 σώζεσθαι
287 2604 430 2640 ἰδιότητας,
442 2604 475 2637 ἃς
485 2606 532 2632 καὶ
548 2605 646 2632 ειδέναι
662 2605 788 2640 ὁμολογεῖ
804 2607 922 2642 Σευῆρος

132 2651 161 2676 ἐν
172 2651 228 2681 τοῖς
238 2650 308 2676 κατὰ
318 2650 366 2677 τοῦ
377 2651 575 2686 Γραμματικοῦ
587 2651 674 2685 λέγων
687 2651 771 2683 οὕτως
784 2659 791 2667 ·
804 2662 813 2678 ι
828 2653 922 2687 Ἶσμεν

132 2696 188 2731 γὰρ
211 2696 258 2723 καὶ
284 2697 448 2732 όμολοῦμεν,
471 2697 509 2730 ὼς
531 2698 581 2734 ἤδη
607 2698 779 2733 προείρηται,
800 2698 854 2725 τῶν
873 2699 922 2734 φύ-

133 2749 214 2773 σεων,
229 2740 259 2774 ἐξ
272 2738 309 2768 ὧν
327 2742 489 2778 ἀπορῤήτως
503 2740 545 2775 εἷς
575 2743 691 2777 Χριστὸς
718 2745 919 2778 συνενήνεκται,

133 2786 182 2814 καὶ
201 2787 318 2823 ἰδιότητα
335 2790 380 2815 καὶ
391 2789 522 2825 διαφορὰν
535 2790 581 2816 καὶ
592 2790 738 2825 ἑτερότητα
755 2790 791 2822 ὠς
805 2791 834 2817 ἐν
846 2792 921 2818 ποιό-

133 2840 195 2868 τητι
222 2835 335 2870 φυσικῇ,
364 2835 410 2861 καὶ
432 2835 576 2862 διιστῶσαν
592 2836 638 2863 ἀπ’
665 2836 788 2871 ἀλλήλων
805 2836 852 2868 τὰς
867 2837 918 2871 φύ-

977 2251 1077 2278 corpus
1089 2248 1117 2272 et
1131 2244 1162 2272 ad
1176 2244 1300 2273 dolorem
1319 2251 1413 2274 natum
1433 2248 1593 2282 passionum
1607 2258 1701 2285 capax,
1714 2259 1764 2286 op‘

977 2288 1043 2316 time
1055 2288 1126 2316 dixit
1138 2297 1209 2324 papa
1223 2290 1290 2323 Leo,
1303 2291 1480 2326 passionibus
1488 2298 1517 2321 et
1527 2294 1633 2329 injuriis
1643 2304 1764 2324 succum-

976 2333 1196 2367 berc;coruscare
1205 2343 1265 2363 vero
1277 2337 1412 2364 miraculis
1422 2337 1605 2373 divinitatem,
1620 2341 1763 2376 proprium

976 2387 1077 2415 corpus
1086 2388 1170 2416 supra
1181 2385 1306 2408 naturam
1322 2384 1510 2411 extollentem.
1527 2385 1556 2412 Si
1571 2393 1635 2413 caro
1650 2386 1762 2421 quidem

975 2431 1102 2453 naturam
1114 2426 1198 2454 habet
1209 2427 1386 2462 passiouibus
1397 2437 1534 2464 capacem,
1549 2430 1681 2459 divinitas
1696 2441 1764 2460 vero

975 2475 1102 2498 naturam
1118 2479 1149 2499 ea
1176 2480 1237 2507 quae
1259 2472 1333 2500 vires
1350 2475 1473 2508 corporis
1489 2482 1657 2511 exsuperant
1677 2478 1762 2512 perﬁ-

975 2517 1190 2550 cieutem,recte
1205 2518 1337 2545 dicuntur
1349 2519 1507 2548 duminesse
1522 2521 1631 2550 Christe
1645 2528 1761 2557 natura-,

974 2568 1004 2591 et
1025 2563 1139 2591 istarum
1163 2565 1277 2592 retineri
1307 2568 1504 2601 proprietates,
1520 2576 1588 2603 quas
1612 2577 1762 2604 agnoscere

975 2616 1029 2636 non
1044 2608 1152 2636 dubitat
1166 2609 1284 2637 Severus
1303 2611 1360 2646 ipse
1379 2612 1406 2638 in
1421 2612 1501 2640 libris
1514 2613 1647 2641 adversus
1665 2614 1762 2642 Grant-

975 2654 1105 2681 maticum
1121 2663 1128 2681 :
1143 2663 1152 2679 ι
1170 2654 1304 2682 Nnvimus
1317 2657 1401 2689 enim,
1416 2657 1464 2689 ait,
1480 2662 1508 2685 et
1524 2659 1698 2692 conﬁtemur,
1721 2661 1762 2687 uti

971 2701 1027 2736 jam
1043 2701 1146 2728 dictum
1175 2705 1237 2734 est,
1268 2707 1430 2730 naturarum
1459 2711 1474 2731 e
1497 2705 1599 2739 quibus
1626 2706 1761 2734 inctfabili

973 2747 1054 2774 modo
1067 2747 1232 2783 conjunctus
1246 2748 1434 2782 estChristus,
1449 2751 1644 2785 proprietatem
1665 2757 1691 2780 et
1706 2753 1759 2778 dif-

972 2792 1128 2825 ferentiam,
1144 2797 1172 2820 et
1191 2798 1222 2820 ut
1244 2787 1270 2820 in
1296 2795 1427 2828 qualitate
1443 2797 1570 2830 phystca,
1592 2801 1760 2831 naturasque

973 2830 1045 2864 inter
1061 2845 1089 2866 se
1106 2838 1320 2874 distinguentem
1344 2840 1550 2874 diversitatem;
1579 2849 1629 2868 nec
1652 2841 1759 2869 tollitur
