1971 3091
220 118 267 149 931

221 177 279 204 haec
307 176 417 210 physica
439 176 583 204 diversitas
602 184 634 203 ac
657 175 825 211 diﬂ'erentia,
842 179 907 213 quia
933 178 1003 206 citra
1023 185 1044 212 Α

219 224 302 250 ullam
326 222 515 250 confusionem
534 223 694 249 liniuntur»
714 223 833 250 Attende
847 224 881 251 ab
904 231 938 251 eo
953 233 1006 251 na-

220 274 295 296 turas
318 268 382 301 dici,
399 276 453 295 non
472 272 598 296 naturam
632 276 734 304 easque
749 269 898 297 distinctas.

251 410 303 444 Qui
317 414 409 451 autem
422 411 467 438 hic
481 411 678 447 proprietatem
693 420 725 440 ac
749 413 939 441 diversitatem
961 421 1009 441 na-

217 460 342 484 turarum
357 458 492 492 agnoscit,
508 459 605 486 multis
623 459 650 486 in
660 459 771 494 scriptis
783 467 832 487 eos
845 460 1008 487 anathema-

216 503 282 529 tizat
296 503 342 537 qui
365 504 423 531 haec
447 503 621 539 profitentur.
654 504 706 538 Qui
727 505 774 532 hic
787 506 856 533 dicit
875 506 967 534 carnis
980 511 1009 534 et

215 550 313 577 anima:
327 550 404 586 juxta
424 556 550 578 naturam
561 559 621 579 esse
633 552 784 586 passiones,
799 557 828 580 et
846 553 929 581 morti
945 561 1007 581 cor-

215 603 266 630 pus
282 596 449 624 naturaliter
462 597 582 632 subjici;
601 597 786 632 impatibilem
806 606 874 626 vero
884 606 946 626 esse
962 599 1006 626 di-

214 642 357 669 vinitatem
373 647 401 669 et
412 642 550 670 divinitati
562 643 739 671 tribuendam
760 644 1004 679 resurrectionem,

215 686 288 714 idem
302 687 328 715 in
343 695 471 716 sermone
483 689 570 716 suoin
582 689 739 725 Trisagium
752 690 831 726 cujus
843 690 1003 717 exordium:

216 733 264 760 Vos
281 734 373 769 forsan
393 742 433 761 me
457 735 574 769 gaudere
596 736 707 770 putatis,
731 735 790 763 haec
808 736 933 771 proferre
950 745 1005 764 non

214 780 373 808 dubitavit:
394 790 402 807 ι
425 781 452 808 Si
477 786 568 809 autem
595 785 657 817 post
678 782 808 810 unionem
841 783 870 810 in
896 783 1005 811 duabus

214 827 323 854 naturis
336 832 512 861 agnoscetur,
530 828 654 855 solvetur
667 828 732 855 unio
743 849 750 861 ,
763 829 872 856 binario
887 823 1004 857 numero

214 875 322 906 divisa;
349 875 488 903 dividetur
514 875 688 911 mysterium,
711 879 739 902 et
762 876 864 903 divime
896 881 1004 903 natura:
1020 874 1040 901 B

215 920 461 953 immortalitatem,
472 921 601 948 humana:
613 929 677 948 vero
686 926 805 948 mortem
821 921 985 949 tribuemus.
993 932 1002 947 ι

213 966 265 994 Per
278 967 371 993 omnia
388 967 498 1000 ludens,
522 971 549 994 et
563 967 675 995 sibimet
699 975 842 1002 nunquam
864 971 1004 1000 constans,

212 1013 305 1040 omnia
319 1013 482 1048 permiscuit
495 1021 556 1048 quae
568 1012 880 1041 divinitatinaturaliter
892 1013 1004 1049 propria

212 1064 287 1090 sunt.
303 1063 330 1086 et
341 1067 401 1094 quae
419 1059 596 1092 humanitati,
609 1059 783 1086 confundens
802 1067 834 1087 ea
851 1067 912 1095 qua:
928 1059 1005 1095 juxta

211 1113 339 1132 naturam
361 1106 472 1140 propria
501 1110 566 1133 sunt
594 1114 657 1133 cum
679 1106 713 1133 iis
730 1114 791 1141 quae
814 1106 892 1142 juxta
915 1107 1005 1136 incar-

211 1152 350 1179 nationem
372 1151 496 1186 propria;
520 1151 557 1179 ita
576 1157 607 1178 ut
628 1156 743 1187 utraque
768 1157 868 1180 natura
880 1153 936 1189 jam
947 1163 1003 1183 non

211 1205 275 1225 suas
290 1197 471 1232 proprietates
501 1201 603 1224 servet.
628 1198 683 1225 Nos
708 1203 799 1226 autem
825 1199 876 1227 hoc
889 1199 1001 1228 effatum

210 1234 334 1277 Gregorii
345 1243 461 1278 Nysseni
482 1243 697 1270 memorabimus
714 1244 741 1271 in
754 1249 853 1279 quarto
871 1253 1000 1275 sermone

209 1289 341 1316 adversus
369 1289 536 1316 Eunomium
556 1290 715 1324 prolatum:
735 1300 743 1316 ι
759 1291 827 1318 Nam
843 1291 866 1319 si
886 1299 934 1320 eos
953 1293 1000 1329 qui

208 1339 314 1362 natura:
329 1334 455 1361 humanae
473 1335 630 1369 passionem
643 1335 799 1364 attribuunt
812 1342 941 1371 accusat,
957 1338 999 1375 ip-

208 1389 266 1408 sam
286 1380 399 1407 omnino
414 1379 585 1407 divinitatem
610 1381 732 1415 passioni
752 1382 811 1409 vult
824 1383 970 1419 subjicere.
986 1394 995 1410 ι

242 1425 283 1452 Ad
299 1425 410 1453 saniora
431 1426 554 1453 revocati
568 1427 653 1453 verba
675 1426 769 1455 forsan
790 1429 884 1463 potius
907 1429 999 1465 prore--

208 1475 270 1498 rent
290 1479 352 1506 quae
365 1471 499 1498 adversus
522 1471 664 1499 lulianum
689 1472 778 1500 edidit
796 1482 802 1500 :
825 1483 835 1499 ι
855 1475 914 1502 Νοη
928 1475 998 1502 dici-

207 1525 269 1544 mus
281 1525 344 1544 eum
362 1518 506 1552 passiones
528 1518 677 1553 impetibili
697 1519 853 1548 divinitatis
867 1521 997 1549 substan-

207 1562 252 1589 tize
277 1562 442 1590 attribuerc.
461 1573 469 1589 ι
488 1563 528 1590 lta
547 1564 640 1592 omnia
658 1565 806 1594 confundit
823 1567 868 1595 hic
893 1567 998 1596 doctri-

206 1616 304 1635 narum
315 1609 451 1642 turbator;
463 1610 574 1644 quando
583 1611 692 1639 Docetis
702 1611 874 1645 adversatur,
884 1615 996 1649 propria

204 1657 368 1680 naturarum
401 1654 443 1681 eis
469 1654 565 1690 objicit
594 1656 642 1691 qui
677 1657 790 1692 propria
831 1663 996 1686 naturarum

204 1703 355 1734 verentur;
370 1703 397 1728 et
419 1708 480 1736 quae
493 1701 527 1729 de
548 1709 602 1728 una
621 1707 650 1730 et
666 1703 700 1730 ab
716 1711 770 1730 una
784 1711 903 1739 persona
921 1704 996 1733 dicta

204 1751 269 1773 sunt
293 1747 446 1783 impugnat,
474 1748 553 1782 quasi
576 1747 610 1775 de
639 1757 694 1776 una
716 1753 743 1776 ct
767 1750 800 1777 ab
824 1758 878 1777 una
896 1755 995 1779 natura

204 1791 438 1827 intelligerentur.
463 1793 531 1821 Nam
562 1794 664 1829 saepius
687 1799 794 1823 natura!
816 1800 844 1823 ct
870 1805 995 1831 personae

204 1837 390 1866 ditl'erentiam
405 1847 460 1866 non
469 1841 605 1875 agnoscit,
616 1846 646 1868 ut
658 1841 766 1876 copiam
778 1842 878 1870 habeat
892 1843 994 1878 ubique

200 1892 302 1912 omnes
315 1885 472 1918 incusandi,
483 1887 628 1914 turbarum
640 1888 685 1916 hic
696 1893 724 1916 et
735 1889 903 1924 ineptiarum
919 1898 994 1918 ama-

201 1935 258 1957 tor.
271 1930 350 1963 Quod
362 1931 384 1958 si
401 1933 559 1968 autemjam
569 1934 644 1961 nulla
658 1934 731 1961 inter
741 1942 890 1969 personam
905 1940 934 1963 et
945 1944 994 1963 na-

199 1982 293 2004 turam
309 1977 707 2015 ditl‘erentia,quotiescunque
717 1984 832 2009 naturas
844 1982 992 2017 pluraliter

202 2023 281 2056 dicit,
297 2028 345 2050 aut
355 2028 482 2052 naturam
499 2030 527 2052 et
538 2031 677 2058 naturam.
689 2031 738 2054 aut
752 2035 885 2062 personas
902 2028 992 2056 inten-

199 2069 251 2096 dit.
264 2069 294 2096 ln
306 2077 433 2098 sermone
442 2071 503 2106 ejus
516 2071 543 2098 in
552 2072 819 2109 Electionem,cujus
828 2074 988 2102 exordium:

201 2116 303 2144 Navem
333 2116 401 2151 forte
429 2117 541 2145 solventi
565 2119 600 2146 ad
632 2120 749 2146 medium
779 2122 891 2156 ﬂumen,
926 2122 988 2149 ait:

195 2170 210 2188 ‹
235 2162 351 2196 Quando
376 2163 520 2192 hominum
544 2165 634 2193 oculis
657 2167 820 2201 apparuerit
843 2172 871 2195 et
886 2173 988 2195 semet-

199 2208 289 2242 ipsum
313 2214 409 2244 sponte
434 2217 484 2245 pro
506 2210 587 2238 nobis
610 2212 807 2245 exinaniverit,
833 2213 892 2248 ipse
907 2214 988 2242 nobis
1004 2230 1025 2257 D

194 2254 273 2282 scala
299 2254 389 2283 factus
413 2261 466 2288 est,
490 2256 569 2283 humi
592 2261 705 2292 propter
722 2264 836 2293 peccata
850 2264 878 2286 et
890 2259 987 2287 Adami

195 2301 305 2336 lapsum
319 2302 444 2338 jacentes
460 2303 489 2329 in
503 2303 604 2330 coelum
618 2304 770 2337 deducens,
791 2309 820 2333 et
832 2309 912 2340 porta
925 2306 987 2334 caeli

193 2346 329 2380 illustris,
343 2347 454 2374 Patrem
468 2347 552 2375 nobis
564 2349 691 2376 revolans
701 2354 728 2377 et
743 2350 866 2385 seipsum
878 2355 906 2378 et
924 2351 987 2386 Spi-

191 2393 279 2420 ritum
301 2397 440 2426 sanctum,
456 2398 484 2420 et
506 2394 534 2421 in
548 2399 643 2422 sancta
659 2395 795 2423 Trinitate
820 2396 982 2424 Deitatcm.)

229 2471 296 2505 Quae
312 2472 384 2499 dixit
410 2479 511 2501 sanctae
534 2473 640 2509 synodo
662 2474 810 2502 adhaerens
824 2482 885 2509 quin
909 2475 983 2502 idem

193 2520 347 2549 statuerat;
369 2525 433 2544 nam
454 2518 543 2546 Patris
563 2523 591 2546 et
614 2519 676 2546 Filii
693 2524 721 2547 et
745 2520 867 2556 Spiritus
894 2522 982 2549 sancti

192 2560 405 2595 perfectionem.
425 2563 517 2596 docet,
530 2569 558 2591 et
585 2565 843 2594 inhmnanalionem
879 2567 983 2602 profert

194 2606 313 2633 ﬁdeliter
339 2608 565 2642 suscipientibus.
584 2611 663 2644 Quod
684 2612 706 2639 si
724 2613 846 2648 synodus
871 2617 982 2648 quater-

192 2652 302 2678 narium
325 2660 470 2681 numerum
498 2656 620 2690 professa
634 2662 685 2691 est,
704 2658 824 2686 Severus
842 2659 982 2686 senarium

191 2696 304 2725 admisit
321 2699 347 2725 in
361 2706 411 2726 suo
430 2707 556 2730 sermone
572 2703 599 2730 in
612 2704 681 2731 iHud
696 2714 702 2732 :
717 2705 828 2733 Domine
841 2707 888 2745 mi,
905 2707 983 2742 cujus

192 2743 358 2771 exordium:
385 2745 498 2778 Quidum
521 2749 694 2778 dividendum
721 2752 789 2786 forte
812 2761 821 2780 :
842 2763 850 2778 ι
874 2743 983 2780 Verum-

192 2790 279 2832 l_nmen
303 2798 353 2817 non
371 2792 438 2818 sicut
455 2801 500 2828 ego
516 2794 585 2826 volo,
601 2797 647 2822 sed
661 2797 728 2823 sicut
747 2803 774 2824 tu
790 2799 894 2832 (Mutila.
908 2808 979 2831 xxvi,

190 2828 247 2866 5‘3).
261 2834 324 2867 Quae
345 2845 399 2863 non
415 2837 522 2871 timore,
538 2840 584 2866 sed
602 2849 652 2868 nos
669 2842 786 2870 docendi
803 2845 889 2879 gratia
906 2845 978 2874 dicta

827 122 1029 153 EUSTATHII
1049 122 1222 154 MONACHI

1803 128 1857 161 εἴη

1062 187 1118 212 σεις
1136 188 1144 195 ·
1166 180 1213 206 καὶ
1239 180 1319 208 πάλιν
1340 182 1390 218 τῆς
1409 184 1527 220 φυσικῆς
1549 184 1711 222 ἑτερότητος
1731 188 1778 214 καὶ
1798 188 1857 216 δια-

1062 224 1148 258 φορᾶς
1179 224 1219 261 μὴ
1249 226 1409 263 σϐεσθείσης
1426 247 1434 260 ,
1465 229 1511 256 διὰ
1551 230 1582 257 τὸ
1615 230 1771 266 ἀσύγγυτον
1805 233 1856 269 τῆς

1060 269 1192 302 ὲνώσεως.
1202 280 1211 298 ι
1221 269 1358 308 Πρόσσχες
1367 274 1408 301 ὅτι
1418 274 1590 304 διίστασθαι
1600 276 1687 311 λέγει,
1695 278 1741 306 καὶ
1751 278 1782 306 οὐ
1799 280 1857 314 τὴν

1059 316 1165 349 φύσιν,
1182 316 1249 344 ἀλλὰ
1264 317 1318 352 τὰς
1329 319 1447 353 φύσεις.

1101 403 1131 430 '0
1144 404 1173 431 δὲ
1189 404 1329 440 ὁμολογῶν
1342 406 1459 434 ἐνταῦθα
1472 409 1520 436 καὶ
1547 410 1667 446 εδιότητα
1691 414 1738 448 καὶ
1760 414 1856 451 ἑτερό-

1058 458 1127 485 τητα
1136 449 1190 477 τῶν
1199 450 1317 485 φύσεων,
1326 453 1355 479 ὲν
1368 454 1476 486 πολλοῖς
1486 456 1569 482 αὐτοϋ
1586 456 1676 491 λόγοις
1689 449 1856 496 ἀναθεματί-

1059 493 1101 526 ζει
1115 495 1180 543 τοὺς
1196 496 1398 531 ὁμολογοῦντας
1410 499 1508 528 ταῦτα.
1523 501 1579 528 Καὶ
1591 503 1606 529 ὁ
1617 502 1705 538 λέγων
1720 493 1854 543 τῆςνσαρ-

1058 540 1106 572 κὸς
1124 538 1194 568 εἶναι
1207 542 1255 569 καὶ
1267 543 1318 579 τῆς
1334 543 1424 580 ψυχῆς
1450 545 1521 574 κατὰ
1545 547 1626 581 φύσιν
1650 548 1684 576 τὰ
1709 538 1794 587 πάθη,
1807 538 1854 579 καὶ

1058 586 1183 619 φυσικῶς
1194 588 1334 624 συμϐῆναι
1346 590 1386 625 τῷ
1401 589 1508 626 σώματι
1523 592 1569 620 τὸν
1581 593 1708 628 θάνατον,
1722 596 1815 633 ἀπαθῆ
1825 599 1853 626 δὲ

1057 631 1106 681 την
1120 633 1245 681 θεότητα,
1262 635 1310 681 καὶ
1335 636 1474 674 θεοπρεπῆ
1497 639 1548 675 τὴν
1567 641 1728 675 ἀνάστασιν,
1759 645 1789 671 ἐν

1056 677 1136 712 Λόγῳ
1149 678 1231 706 αὐτοῦ
1246 679 1285 715 τῷ
1297 681 1336 712 εἰς
1346 681 1376 708 τὸ
1392 683 1551 718 Τρισάγιον,
1566 682 1597 712 οὗ
1612 686 1628 722 ἡ
1643 687 1727 724 ἀρχὴ,
1751 677 1853 725 Ὑμεῖς·

1056 723 1129 756 ἴσως
1141 725 1243 753 οῐεσθέ
1255 735 1295 760 με
1320 729 1487 763 γεγηθέναι,
1518 732 1610 767 φησιν.
1649 723 1707 761 (Et
1731 735 1760 762 δὲ
1782 723 1854 772 μετά

1054 769 1105 804 τὴν
1114 770 1211 797 ἕνωσιν
1221 771 1250 798 ἐν
1261 771 1321 799 δυσὶ
1336 773 1434 808 φύσεσι
1450 777 1679 814 γνωρισθήσεται,
1693 769 1788 808 λύεται
1802 783 1853 817 μὲν

1055 815 1071 851 ἠ
1088 815 1194 849 ἕνωσις,
1215 819 1248 854 τῇ
1263 818 1340 846 δυάδι
1359 819 1527 856 διαιρεθεῖσα
1539 831 1546 838 ·
1563 824 1763 860 μερισθήσεται
1774 815 1808 854 si
1820 830 1853 855 τὸ

1057 863 1208 898 μυστήριον
1226 872 1234 879 ·
1254 866 1302 891 καὶ
1321 867 1354 902 τῇ
1376 867 1426 902 μὲν
1443 867 1503 904 θείᾳ
1519 869 1600 904 φύσει
1622 871 1672 908 τὴν
1689 872 1851 906 ἀθανασίαν,

1057 909 1090 943 τῇ
1104 908 1133 935 δὲ
1146 909 1306 947 ἀνθρωπίνῃ
1330 912 1377 939 τὸν
1399 913 1514 942 θάνατον
1528 916 1774 954 ἀποκληρώσομεν.
1790 930 1800 946 ι
1820 922 1852 948 '0

1057 953 1146 981 πάντα
1170 954 1277 987 παίζων
1298 958 1346 983 καὶ
1363 958 1410 985 ἐπὶ
1437 960 1554 996 μηδενὸς
1577 953 1731 998 ἱστάμενος,
1748 965 1852 1001 ἔφυμεν

1057 1000 1146 1026 πάντα
1159 1000 1194 1027 τά
1208 1009 1237 1027 τε
1251 1002 1302 1037 τῆς
1318 1003 1448 1039 θεότητος
1473 1006 1528 1034 ἴδια
1554 1009 1623 1036 κατὰ
1639 1010 1731 1045 φύσιν,
1755 1000 1852 1040 καὶτὰ

1055 1044 1105 1091 τῆς
1125 1046 1334 1083 ὰνθρωπότητος
1363 1050 1416 1077 ἴδια
1431 1052 1503 1079 κατὰ
1521 1053 1614 1088 φύσιν,
1629 1044 1852 1091 παρασκευάζων

1054 1090 1088 1116 τὰ
1108 1091 1179 1118 κατὰ
1191 1092 1273 1127 φύσιν
1289 1094 1354 1127 ἴδια,
1369 1095 1407 1127 ὡς
1419 1096 1453 1123 τὰ
1466 1098 1528 1125 κατ’
1542 1090 1699 1137 οἰκονομίαν
1713 1103 1767 1130 ἴδια
1781 1090 1852 1132 θέω-

1055 1137 1114 1172 ρεῖν
1126 1145 1134 1152 ·
1154 1138 1192 1169 ὡς
1204 1140 1307 1174 μηκέτι
1319 1140 1454 1173 σώζεσθαι
1469 1143 1571 1181 ἑκάστῃ
1579 1145 1660 1180 φύσει
1675 1147 1730 1175 τῶν
1737 1149 1851 1177 οἰκείων

1053 1183 1139 1229 uitri];
1167 1184 1338 1220 ἰδιωμάτων·
1370 1188 1451 1223 ἡμεῖς
1474 1189 1503 1216 δὲ
1533 1191 1735 1229 ὑπομνήσωμεν
1765 1195 1850 1223 αὐτὸν

1053 1227 1084 1254 τὸ
1108 1228 1301 1265 γεγραμμένον
1322 1231 1360 1266 τῷ
1375 1233 1500 1261 Νυσσαεῖ
1522 1235 1552 1262 ἐν
1568 1237 1608 1272 τῷ
1625 1227 1691 1264 κατ’.
1712 1239 1849 1276 Εὐνομίου

1051 1276 1176 1313 τετάρτῳ
1190 1278 1294 1314 (potius
1309 1281 1437 1317 πέμπτῳ)
1453 1282 1541 1318 λόγῳ·
1560 1292 1570 1309 ‹
1590 1284 1622 1310 Εἰ
1645 1284 1700 1321 γὰρ
1724 1287 1849 1314 αἰτιᾶται

1051 1322 1115 1354 τοὺς
1129 1323 1160 1350 τὸ
1176 1325 1261 1357 πάθος
1275 1328 1309 1361 τῇ
1320 1326 1481 1364 ἀνθρωπίνῃ
1492 1328 1573 1363 φύσει
1584 1330 1772 1365 ἀνατιθέντας,
1786 1333 1850 1368 βού-

1051 1367 1126 1395 λεται
1135 1370 1243 1402 πάντως
1249 1371 1334 1407 αὐτὴν
1342 1372 1381 1408 τῷ
1389 1373 1472 1400 πάθει
1480 1374 1633 1410 ὑπαγαγεῖν
1641 1377 1690 1412 τὴν
1700 1367 1826 1413 θεότητα.
1835 1388 1845 1405 ι

1088 1417 1169 1449 Ἴσως
1186 1418 1369 1454 ἐντραπέντες
1384 1421 1409 1447 οἰ
1427 1423 1510 1449 αὑτοῦ
1539 1423 1719 1458 βεδαιώσουσι
1744 1426 1849 1461 μᾶλλον

1049 1462 1079 1489 τὸ
1103 1463 1199 1499 λεχθὲν
1226 1466 1300 1501 αὐτῷ
1320 1467 1393 1494 κατὰ
1426 1469 1573 1497 Ἰουλιανοῦ
1590 1479 1597 1486 ·
1627 1480 1637 1497 ‹
1653 1472 1710 1498 Οὐκ
1727 1473 1848 1508 ὲροῦμεν

1049 1508 1131 1535 αὐτὸν
1149 1510 1223 1546 πάθη
1239 1512 1404 1548 περιάπτειν
1418 1516 1450 1550 τῇ
1465 1515 1544 1552 οὐσίᾳ
1553 1518 1585 1552 τῇ
1604 1517 1707 1545 ἀπαθεῖ
1720 1518 1769 1553 τῆς
1785 1519 1848 1546 θεό-

1011 1545 1032 1574 C
1048 1562 1138 1590 τητος,
1155 1565 1163 1582 ι
1182 1545 1283 1590 Οὕτως.
1294 1559 1308 1585 ὸ
1322 1545 1536 1596 φύρτηςΙπάντα.
1550 1545 1672 1599 συιγχέει,
1686 1545 1848 1602 τοῖςιλοκη-

1048 1609 1108 1633 ταις
1126 1602 1207 1637 δῆθεν
1230 1604 1391 1640 ἀντιλέγων,
1411 1607 1445 1634 τὰ
1469 1608 1522 1635 ἴδια
1538 1609 1592 1636 τῶν
1602 1610 1710 1644 φύσεων
1721 1612 1846 1647 προσάλ-

1047 1647 1121 1674 λεται
1143 1650 1199 1681 τοῖς
1223 1650 1258 1677 τὰ
1274 1651 1328 1679 ῐδια
1343 1653 1397 1680 τῶν
1409 1653 1517 1688 φύσεων
1530 1655 1741 1691 πρεσῦεὑουσιν,
1757 1659 1847 1694 μαχό-

1048 1701 1128 1727 μενος
1155 1694 1189 1721 τὰ
1218 1696 1256 1728 ὡς
1281 1697 1324 1732 ἐφ’
1351 1699 1411 1731 ἑνὸς
1441 1701 1488 1727 καὶ
1520 1701 1575 1728 ἀπὸ
1604 1702 1664 1735 ἐνὸς
1691 1705 1845 1739 προσώπου

1045 1738 1237 1775 λεγόμενα,ὠς
1246 1743 1293 1769 ἐπὶ
1306 1745 1370 1778 μιᾶς
1383 1745 1429 1772 κοιλ⁸
1444 1746 1499 1773 ἀπὸ
1511 1748 1576 1782 μιᾶς
1587 1748 1694 1783 φύσεώς
1708 1738 1844 1778 ἀντικαθ-

1046 1787 1117 1830 ιστᾷ.
1139 1787 1234 1815 Ἔστιν
1256 1789 1311 1824 γὰρ
1337 1791 1381 1817 ὅτε
1415 1792 1523 1826 φύσεως
1543 1796 1591 1821 καὶ
1614 1795 1762 1830 προσώπου
1790 1798 1844 1825 οὐκ

1044 1829 1114 1879 οξδεν
1124 1833 1268 1870 διαφορὰν,
1284 1836 1328 1864 ἵνα
1342 1837 1391 1874 ἔχῃ
1406 1838 1499 1866 ἄδειαν
1524 1829 1643 1868 πάντοτε
1660 1843 1728 1869 πᾶσι
1757 1844 1844 1879 μάχε-

1044 1877 1117 1911 σθαι,
1130 1879 1167 1912 ὡς
1182 1881 1367 1919 φιλοτάραχος
1383 1885 1430 1911 καὶ
1449 1886 1498 1912 καὶ¹
1514 1887 1706 1924 φιλοσκώπτης
1722 1898 1730 1905 ·
1757 1877 1784 1917 εί

1042 1924 1134 1952 οὐκέτι
1147 1926 1254 1960 φύσεως
1268 1929 1316 1956 καὶ
1340 1931 1487 1966 προσώπου
1512 1933 1640 1969 διαφορὰ,
1667 1936 1762 1968 ὁσάκις
1789 1937 1840 1964 ἐὰν

1042 1970 1220 2020 λέγῃλφύσεις
1231 1974 1433 2011 πληθυντικῶς,
1451 1978 1467 2014 ἢ
1483 1979 1565 2013 φύσιν
1578 1982 1626 2007 καὶ
1641 1982 1734 2016 φύσιν,
1751 1983 1839 2020 [forte

1041 2015 1069 2052 ἢ]
1082 2017 1128 2044 καὶ
1141 2019 1278 2066 πρόσωπα
1288 2021 1371 2055 λέγει.
1393 2023 1438 2050 Ἐν
1454 2024 1493 2059 τῷ
1507 2025 1578 2062 λόγῳ
1586 2027 1624 2062 τῷ
1634 2015 1673 2060 εἰς
1680 2029 1729 2064 τὴν
1738 2015 1839 2066 ὶξειροη-

1039 2063 1130 2111 ’το-νίαν
1141 2064 1234 2111 αὐτοῦ,
1250 2063 1280 2093 οὗ
1298 2068 1313 2102 ἡ
1328 2068 1410 2104 ἀρχὴ,
1428 2070 1600 2105 Ἀπαίροντί
1612 2081 1683 2101 ποτε
1693 2075 1769 2109 πρὸς
1777 2063 1838 2111 ττὴν

1035 2108 1137 2142 μέσην
1146 2109 1206 2136 τῶν
1214 2111 1364 2146 ποταμῶν,
1373 2113 1458 2148 λέγει·
1471 2126 1480 2141 ι
1499 2116 1596 2144 Ἦνίκα
1612 2117 1633 2144 δ’
1649 2119 1682 2145 ἃν
1690 2108 1836 2158 ὲπιλάμιέῃ

1037 2155 1093 2186 τοῖς
1109 2155 1155 2182 ἐπὶ
1170 2156 1221 2191 γῆς
1232 2158 1278 2184 καὶ
1288 2159 1336 2191 τὴν
1352 2159 1474 2188 ἑκούσιον
1487 2162 1602 2190 κένωσιν
1618 2164 1651 2190 δι’
1661 2165 1735 2200 ἡμᾶς
1749 2175 1836 2194 κατα-

1038 2199 1160 2236 δέξηται,
1176 2202 1256 2235 αὑτὺς
1279 2205 1345 2240 ἡμῖν
1366 2206 1467 2242 κλίμαξ
1497 2210 1652 2244 γενήσεται,
1666 2199 1730 2244 τοὺς
1744 2215 1834 2249 χαμαὶ

1041 2247 1241 2294 κειμένουςύπὺ
1249 2250 1297 2285 τῆς
1313 2251 1448 2287 ἁμαρτίας
1460 2254 1506 2280 καὶ
1517 2256 1566 2290 τῆς
1579 2256 1624 2282 τοῦ
1644 2257 1730 2293 Ἀδὰμ
1743 2247 1834 2294 παρα-

1041 2291 1146 2325 ϐάσεως
1172 2295 1280 2329 ἀνάγων
1308 2297 1348 2328 εἰς
1369 2299 1493 2334 οὐρανὸν,
1512 2302 1559 2328 καὶ
1581 2302 1652 2338 πύλη
1677 2291 1833 2342 περιφανὴς

1040 2339 1175 2374 οὐράνιος,
1189 2341 1390 2371 ἀποκαλύπτων
1407 2345 1473 2380 ἡμῖν
1481 2346 1526 2373 τὸν
1536 2347 1646 2384 Πατέρα
1661 2351 1706 2376 καὶ
1721 2339 1829 2384 ἑαυτὸν,

1041 2385 1130 2412 καὶτὸ
1146 2386 1224 2421 ἅγιον
1237 2389 1359 2425 Πνεῦμα,
1375 2392 1422 2418 καὶ
1447 2392 1496 2428 τὴν
1522 2394 1552 2420 ὲν
1576 2395 1609 2431 τῇ
1637 2396 1704 2432 ἁγίᾳ
1732 2397 1829 2432 Τριάδι

1039 2432 1206 2468 Κυριότητα.
1221 2443 1230 2459 ι

1073 2479 1167 2507 Ταῦτα
1178 2481 1229 2517 ἔφη
1242 2483 1256 2508 ὁ
1275 2483 1324 2518 τῆς
1343 2484 1425 2518 ἁγίας
1444 2487 1553 2514 συνόδου
1573 2488 1770 2526 ἐπιλαϐόμενος
1789 2493 1827 2518 εἰ-

1037 2525 1141 2571 πούσης
1156 2534 1161 2541 ·
1177 2527 1241 2563 περί
1255 2537 1284 2554 τε
1307 2529 1361 2564 γὰρ
1388 2530 1493 2567 Πατρὸς
1522 2533 1569 2559 καὶ
1590 2534 1653 2560 Υἱοῦ
1674 2536 1721 2562 καὶ
1748 2537 1826 2571 ἁγίου

1037 2570 1197 2606 Πνεύματος
1211 2573 1363 2601 ἐκδιδάσκει
1378 2576 1409 2602 τὸ
1420 2577 1532 2611 τέλειον,
1545 2580 1592 2605 καὶ
1605 2580 1652 2607 τοῦ
1663 2581 1766 2617 Κυρίου
1773 2570 1826 2618 τὴν

1035 2617 1243 2653 ὲνανθρώπησιν
1263 2622 1320 2652 τοῖς
1344 2622 1446 2654 πιστῶς
1469 2623 1624 2659 δεχομένοις
1649 2617 1824 2663 παρίστησιν.

1035 2663 1067 2689 Et
1080 2661 1126 2690 οὖν
1141 2665 1157 2699 ἡ
1172 2665 1281 2698 σύνοδος
1295 2667 1413 2703 τετράδα
1425 2667 1513 2702 εἶπεν,
1530 2671 1648 2706 Σευῆρος
1658 2661 1739 2704 ἑξάδα
1751 2661 1824 2708 λέγει

1034 2709 1063 2734 ἐν
1077 2709 1116 2745 τῷ
1136 2709 1207 2746 λόγῳ
1229 2712 1311 2738 αὐτοῦ
1328 2713 1367 2748 τῷ
1382 2715 1422 2747 εἰς
1436 2715 1478 2747 τὸ,
1497 2715 1550 2742 Θεέ
1565 2725 1635 2751 μου,
1649 2716 1678 2745 οὗ
1702 2720 1718 2753 ἡ
1739 2720 1822 2755 ἀρχὴ,

1035 2754 1125 2787 Ἴσως
1148 2755 1229 2789 τινὲς
1246 2756 1305 2783 τῶν
1319 2757 1547 2794 διατεμνόντων,
1563 2762 1630 2797 ἔφη·
1651 2773 1658 2787 ι
1670 2761 1757 2796 Πλὴν
1767 2754 1822 2800 οὐχ

1031 2801 1071 2833 ὠς
1085 2801 1143 2836 ἐγὼ
1157 2803 1243 2836 θέλω,
1260 2805 1328 2832 ἀλλ’
1342 2807 1382 2839 ὡς
1393 2807 1433 2834 σύ
1448 2815 1454 2822 ·
1472 2808 1514 2834 ὅτι
1531 2811 1585 2846 γὰρ
1599 2810 1774 2844 διδασκαλίας
1790 2811 1822 2848 ἢν

1030 2849 1128 2882 ταῦτα,
1138 2851 1185 2877 καὶ
1193 2851 1223 2877 οὐ
1231 2851 1343 2885 δειλίας,
1358 2855 1530 2889 μαρτυρήσει
1541 2855 1657 2892 σαφῶςή
1668 2856 1722 2884 τῶν
1735 2858 1824 2892 Euax:
