1971 3091
152 125 206 157 933

667 131 850 161 EPISTULA
870 131 919 161 DE
938 131 1088 161 DUABUS
1108 131 1287 164 NATURIS.

1730 138 1783 171 934

154 185 251 220 ’τελιων
262 184 359 220 Γραφῇ
377 191 384 198 ·
404 183 463 214 πῶς
477 184 533 219 γὰρ
548 182 659 218 ἔμελλεν
669 184 785 211 δεδιέναι
798 184 844 211 τδν
859 185 938 212 θάνα-

995 185 1083 213 fuisse
1107 190 1226 214 testatur
1253 187 1398 216 manifeste
1413 188 1472 224 ipsa
1488 190 1702 227 Evangeliorum
1722 203 1788 223 nar-

150 241 196 259 τον
211 233 226 258 ὁ
242 231 312 267 μετὰ
329 229 480 265 ἐπιθυμίας
493 231 582 266 ἄκρας
604 230 650 257 ἐπὶ
674 231 768 258 τοῦτον
794 231 941 267 ἐρχόμενος

153 279 199 306 καὶ
233 278 342 312 λέγων,
387 277 545 310 Ἐπιθυμίᾳ
575 277 752 311 ἐπεθύμησα
779 277 886 312 φαγεῖν
908 277 942 304 τὸ

153 325 260 360 ηήσχα
290 323 399 355 τοῦτο;
415 332 424 349 ι
453 320 519 350 Εἶτα
544 323 667 357 συνήθως
694 323 942 358 ἀντιφθεγγόμενος

150 369 238 405 ἐαυτῷ
250 370 278 397 ὲν
288 369 327 404 τῷ
336 369 403 404 πρὸς
412 369 525 404 Σέργιον
533 368 652 404 δευτέρῳ
666 368 748 404 λόγῳ,
763 370 874 404 γράφει·
891 378 900 394 ι
913 369 941 396 ’0

155 417 204 451 [ἀρ
231 414 407 450 Ἐμμανουήλ
429 414 492 442 καθ’
508 414 522 440 ὂ
542 414 590 450 μὲν
610 414 687 446 Θεὸς,
709 414 821 450 δοκήσει
839 414 941 441 πέπον-

150 461 196 488 Θεν
211 469 218 477 ³
232 461 294 488 καθ’
313 460 329 488 ὃ
349 460 378 486 δὲ
408 460 568 495 ἄνθρωπος,
586 459 710 495 ἀληθείᾳ.
730 469 740 486 ι
760 460 815 486 Καὶ
844 460 873 487 ἐν
902 460 941 495 τῷ

149 508 268 544 δευτέρῳ
290 508 319 534 δὲ
339 506 380 542 τῷ
407 507 479 534 κατὰ
509 507 633 534 Ἰωάννου
661 507 708 534 τοῦ
733 507 940 542 γραμματικοῦ,

149 554 223 588 λέγει
238 562 245 569 ·
265 563 274 579 ι
290 553 341 580 Τὸν
356 553 437 581 αὑτὸν
456 553 505 588 μὲν
522 552 583 580 καθ’
601 553 615 579 ὃ
628 553 694 584 Θεὸς
710 551 755 588 ἦν,
774 553 812 589 μὴ
825 554 941 581 δεδιέναι

149 600 195 627 τὸν
209 600 326 627 θάνατον
339 607 346 615 ο
359 598 420 625 κιθ¹
435 598 449 624 δ
460 598 488 624 δὲ
507 598 650 634 ἄνθρωπος
667 596 711 634 ἦν,
729 599 941 633 οἰκειωσάμενον

150 644 237 672 καὶτὸ
254 645 291 680 μὴ
307 643 394 670 θέλειν
406 643 561 675 ἀποθανεῖν,
577 643 623 669 καὶ
639 643 769 675 ἑκουσίως
789 644 889 678 ὲφέντα
907 646 940 680 τῇ

151 691 235 727 σαρκὶ
249 691 279 717 τὸ
294 689 408 725 φυσικὸν
422 688 619 722 καταδέξασθαι
635 688 731 721 πάθος.
749 698 758 715 ι
780 689 874 724 Ὀλὶγα
887 690 941 717 ἀπὸ

151 736 257 764 πολλῶν
275 735 447 772 παρεθέμην,
469 735 647 770 παραστῆσαι
668 734 829 770 βουλόμενος
847 736 878 762 τὸ
895 737 941 763 καὶ

150 783 220 818 πρὸς
237 782 333 809 ἑαυτὸν
351 781 516 817 ἀσύμφωνον
532 781 578 808 τοῦ
597 781 694 816 ἀνδρός
708 789 715 795 ·
728 782 775 808 καὶ
788 782 829 809 ὅτι
845 783 880 809 τὰ
893 791 940 817 φυ-

150 829 215 856 σικὰ
231 830 280 864 τῆς
298 828 410 863 σαρκὸς,
427 827 495 854 ἄλλα
510 827 597 862 λέγων
611 828 687 863 παρὰ
707 828 742 855 τὰ
767 829 870 863 φυσικὰ
890 829 940 865 τῆς

996 231 1085 264 ratio;
1099 240 1154 267 quo
1167 233 1241 260 enim
1254 239 1334 268 pacto
1350 240 1464 262 mortem
1482 236 1728 275 rel'ormidavisset,
1741 245 1787 277 qui

996 284 1105 304 summo
1124 285 1186 305 cum
1209 279 1302 307 studio
1325 288 1385 308 eam
1401 281 1505 314 adibat,
1528 289 1556 310 et
1574 292 1636 312 cum
1657 286 1702 314 his
1724 296 1783 316 ver-

995 323 1039 350 bis
1059 333 1065 350 :
1082 324 1218 352 Desiderio
1246 326 1396 354 desideravi
1425 329 1473 354 hoc
1499 329 1602 358 Pascha
1626 334 1789 362 manducare

997 369 1072 405 (Luc.
1097 378 1169 404 χχιι,
1194 371 1249 407 15).
1278 382 1287 398 ι
1315 373 1419 401 Deinde
1436 382 1486 409 pro
1512 383 1588 404 more
1609 385 1659 405 suo
1676 379 1788 407 sibimet

996 424 1123 451 pugnans
1135 418 1233 445 scribit
1250 419 1278 446 in
1301 420 1423 447 secundo
1438 429 1566 450 sermone
1586 424 1621 451 ad
1638 424 1763 461 Sergium
1780 436 1785 454 :

999 471 1008 488 ι
1029 462 1203 496 Emmanuel,
1220 464 1248 491 in
1259 471 1392 499 quantum
1410 467 1483 495 Deus
1497 474 1567 502 erat,
1584 471 1676 505 specie
1688 480 1787 506 passus

995 512 1056 541 est;
1069 508 1118 536 sed
1139 509 1167 536 in
1184 515 1319 545 quantum
1341 511 1434 546 homo,
1449 522 1525 541 vere.
1543 525 1552 540 ι
1573 515 1649 543 Ειέίιι
1665 519 1787 546 secundo

994 553 1067 581 libro
1084 555 1218 584 adversus
1238 556 1372 584 Joannem
1387 558 1600 594 grammaticum
1616 571 1622 588 :
1638 572 1647 588 ι
1665 563 1737 598 lpse,
1758 565 1785 592 in

995 605 1128 634 quantum
1156 601 1230 628 Deus
1246 607 1316 635 erat,
1347 609 1465 632 mortem
1487 613 1543 633 non
1569 607 1784 642 reformidabat;

995 645 1021 672 in
1043 650 1176 680 quantum
1200 655 1267 675 vero
1283 649 1366 676 homo
1386 654 1457 684 erat,
1476 651 1564 686 ipsius
1587 659 1648 680 erat
1666 660 1785 683 mortem

994 692 1159 726 abhorrere,
1183 698 1212 721 et
1236 695 1357 723 libenter
1374 697 1546 725 incarnatum
1571 699 1688 728 decebat
1703 707 1786 729 natu-

994 739 1045 765 rali
1061 739 1157 767 dolore
1176 741 1356 770 commoveri.
1377 752 1385 768 ι
1403 743 1492 771 Pauca
1513 744 1547 772 de
1572 746 1667 774 multis
1688 752 1786 782 protu-

993 784 1097 817 limus,
1128 790 1158 812 ut
1180 791 1313 821 appareat
1335 793 1470 822 quantum
1497 790 1661 826 sibimetipsi
1684 799 1787 829 pugnet

993 829 1087 858 homo.
1110 831 1242 859 Naturam
1267 833 1358 860 carnis
1382 842 1396 861 a
1424 839 1524 862 natura
1547 836 1701 866 divinitatis
1721 839 1786 867 licet

150 875 277 910 θεότητος
302 874 497 909 ἀναθεματίζει
524 873 573 905 τὰς
602 873 650 901 δύο
678 873 773 908 φύσεις
800 874 938 909 λέγοντας,

993 876 1156 912 distinguat,
1176 878 1392 907 anathematizat
1419 889 1467 908 eos
1493 882 1540 916 qui
1569 882 1638 911 duas
1669 889 1784 913 naturas

151 919 254 954 μᾶλλον
274 919 303 945 δὲ
323 919 431 946 ἑαυτόν.
451 920 507 946 Kal.
525 918 606 950 αὐτὸς
626 919 681 954 γὰρ
698 919 745 945 δύο
762 919 858 954 φύσεις
870 918 941 947 οἶδεν

151 967 180 992 ὲν
188 965 226 1000 τῷ
238 965 361 1001 Χριστῷ,
376 965 424 992 καὶ
432 965 532 996 ταύτας
542 965 731 1001 ὑφισταμένας
739 966 785 992 καὶ
795 966 939 1000 μενούσαςο

149 1010 199 1037 καὶ
214 1010 295 1037 πάλιν
309 1010 358 1037 οὐκ
369 1007 426 1036 οἶδα
442 1010 517 1042 ὅπως
532 1010 572 1041 εἰς
589 1010 654 1045 μίαν
671 1010 828 1045 συναλείφει
844 1011 939 1045 αὑτὰς,

149 1058 198 1085 καὶ
214 1057 415 1092 καταγινώσκει
434 1057 516 1084 πάλιν
534 1057 588 1084 τῶν
614 1058 655 1089 εἰς
683 1058 749 1092 μίαν
769 1058 940 1092 συναγόντων

149 1103 198 1130 καὶ
226 1103 439 1138 συναλειφόντων
466 1102 563 1136 αὑτὰς,
585 1102 623 1134 ὡς
637 1102 890 1138 προαποδέδεικται.
909 1105 940 1131 Εἰ

148 1149 178 1175 δὲ
195 1149 243 1184 μια
261 1148 341 1183 φύσις
358 1149 372 1175 ὁ
391 1148 518 1183 Χριστὸς,
538 1148 666 1184 περιττὸν
683 1149 713 1175 τὸ
731 1149 831 1183 λέγειν,
844 1150 908 1177 καθ’
924 1151 940 1177 ὃ

149 1195 196 1222 καὶ
211 1194 276 1222 καθ’
291 1194 317 1228 ὃ,
336 1195 384 1221 καὶ
396 1195 511 1229 σαρκὸς
521 1195 616 1229 φύσιν
628 1194 674 1221 καὶ
684 1195 826 1229 θεότητος
834 1197 938 1230 φύσιν,

149 1241 198 1268 καὶ
217 1240 256 1276 τῷ
281 1241 415 1276 πεφυκότι
444 1241 571 1277 πάσχειν,
599 1241 646 1268 καὶ
673 1241 713 1275 τῷ
742 1241 779 1277 μὴ
806 1244 939 1277 πεφυκότι

149 1287 266 1322 πάσχειν
278 1295 285 1302 ·
304 1286 390 1314 ταῦτα
402 1288 457 1322 γὰρ
469 1287 515 1312 ἐπὶ
531 1286 578 1313 δύο
593 1286 700 1321 φύσεων
711 1286 833 1321 λέγεται.

192 1333 268 1360 Ἐπεὶ
286 1333 391 1368 λεγέτω
408 1334 422 1359 ό
442 1332 620 1367 σοφιζόμενος
636 1332 763 1368 περιττὰ,
778 1333 802 1359 ει
814 1333 939 1367 φυσικὸν,

149 1380 166 1415 ἢ
183 1378 305 1413 πεφυκός
318 1379 344 1404 τι
358 1379 432 1405 ἐστιν
452 1379 518 1405 ἄνευ
532 1377 651 1413 φύσεως,
668 1378 682 1404 ό
699 1378 787 1412 λέγων
813 1378 876 1413 μίαν
891 1379 941 1414 φύ-

151 1426 193 1453 σιν
205 1427 252 1453 τοῦ
267 1425 335 1452 Θεοῦ
348 1425 437 1459 Λόγου
454 1425 669 1460 σεσαρκωμένην
691 1425 740 1451 καὶ
757 1424 940 1460 ὲψυχωμένην

148 1472 221 1508 ψυχῇ
233 1472 328 1508 λογικῇ
342 1473 389 1498 καὶ
398 1472 490 1507 νοερᾷ,
506 1471 553 1497 καὶ
567 1471 605 1506 μὴ
622 1470 760 1506 ὁμολογῶν
774 1471 820 1497 δύο
832 1471 939 1506 φύσεις,

149 1517 241 1553 ὅμοιός
254 1517 311 1543 ἐστι
325 1515 364 1551 τῷ
375 1515 480 1550 λέγοντι
495 1515 523 1541 ἓν
537 1515 632 1550 ἥμισυ.
645 1514 736 1549 τρίτον
745 1513 824 1541 ἕκτον
833 1522 840 1529 ·
854 1514 941 1541 ταῦτα

148 1545 177 1590 δὲ
194 1545 319 1598 ὲν-όμάδι
332 1545 369 1599 μῖὴ
383 1545 486 1599 θέλοντι
500 1545 587 1588 εἰπεῖν
597 1560 653 1588 δύο.
663 1545 755 1587 ’Ὅταν
771 1560 838 1596 λέγῃ
853 1561 939 1596 Σευῆ-
953 1545 974 1574 c

150 1617 198 1646 ρος
229 1610 257 1636 ὲν
267 1610 324 1640 τοῖς
339 1609 411 1635 κατὰ
435 1607 595 1635 Ὶουλιανοῦ·
616 1616 625 1633 ι
642 1607 682 1634 Τὰ
695 1607 768 1642 πάθη
783 1607 818 1634 τὰ
828 1607 939 1634 ἑκούσια

149 1656 198 1683 καὶ
216 1654 376 1690 ἁδιάδλητα,
403 1653 472 1681 κατὰ
490 1654 554 1685 τοὺς
571 1653 620 1688 τῆς
636 1653 744 1688 φύσεως
757 1652 856 1688 νόμους
870 1652 940 1679 ὲνδι-

148 1703 240 1733 δόντος
255 1701 300 1728 τοῦ
316 1700 385 1728 Θεοῦ
400 1701 500 1734 Λόγου,
519 1699 550 1726 τὺ
570 1699 650 1734 σῶμα
667 1699 786 1734 ἔπασχεν
798 1705 804 1712 ·
823 1698 856 1725 τὰ
874 1697 940 1725 θαύ-

151 1757 225 1784 ματα
239 1747 266 1774 δὲ
277 1747 359 1774 πάλιν
370 1746 404 1773 δι’
417 1745 500 1773 αὐτοῦ
515 1745 562 1772 τοῦ
582 1745 708 1780 σώματος
724 1744 794 1779 ὑπὲρ
810 1745 873 1776 τοὺς
888 1745 939 1779 τῆς

148 1795 258 1830 φύσεως
275 1794 373 1829 νόμους
384 1792 511 1819 ἀπετέλει
526 1792 587 1818 τότε
608 1791 656 1818 καὶ
684 1791 845 1826 ἐπράττετο.
866 1800 876 1816 ι
898 1791 939 1818 Τὰ

149 1842 204 1877 γὰρ
217 1842 318 1876 σημεῖα
334 1840 381 1866 καὶ
397 1838 536 1875 παράδοξα
551 1838 585 1864 τὰ
609 1838 680 1873 ὑπὲρ
704 1837 753 1872 τὴν
776 1837 839 1872 μίαν
857 1837 938 1871 φύσιν

148 1888 251 1922 ταύτην
265 1887 314 1922 τὴν
332 1887 386 1913 τῶν
400 1885 493 1912 παθῶν
515 1884 654 1919 δεκτικὴν,
674 1884 709 1910 τὰ
725 1883 796 1917 πέρα
819 1884 868 1918 τῆς
888 1882 939 1918 φύ-

149 1941 218 1964 σεως
231 1933 344 1967 ταύτης,
360 1932 419 1964 πῶς
436 1931 452 1966 ἢ
473 1930 556 1957 πόθεν
583 1929 709 1964 ὲγίνετο;
738 1930 792 1955 Kal.
816 1930 937 1963 ἀναγκα-

148 1979 288 2015 σθήσεται,
302 1977 340 2009 ὡς
354 1975 443 2011 οἶμαι,
468 1976 485 2010 ἢ
505 1975 578 2002 κατὰ
596 1975 745 2009 φαντασίαν
767 1975 862 2008 εἰπεῖν,
877 1975 893 2010 ἦ
908 1975 938 2007 ἐξ

147 2025 245 2060 ἑτέρας
255 2024 374 2059 φύσεως.
388 2024 516 2058 Σευῆρος,
529 2021 567 2053 ὡς
583 2021 616 2048 τὰ
633 2021 837 2056 συγγράμματα
853 2021 935 2047 αὐτοῦ

145 2071 232 2106 δηλοῖ,
250 2069 296 2096 δύο
313 2068 407 2103 φύσεις
423 2067 497 2101 λέγει
511 2066 558 2093 καὶ
577 2066 651 2101 μίαν,
668 2067 728 2096 ταῖς
743 2066 791 2101 μὲν
805 2065 854 2101 τὴν
869 2065 935 2101 ἀλή-

147 2118 225 2144 θειαν
237 2116 380 2147 δυσωπῶν,
399 2115 432 2149 τῇ
448 2114 477 2140 δὲ
497 2114 560 2145 τοὺς
583 2113 759 2144 διδασκάλους
779 2112 862 2139 αὑτοῦ
882 2113 934 2147 ἁφ-

148 2163 307 2198 οσιοὺμενος
321 2161 385 2192 τοὺς
391 2159 632 2195 φαντασιανιστὰς,
640 2159 775 2194 Τιμόθεον
783 2159 827 2186 τὸν
839 2158 936 2185 Αῖλου-

991 920 1171 956 proﬁtentur,
1199 930 1232 949 ac
1257 924 1374 951 maxime
1390 925 1523 960 seipsum.
1551 927 1618 955 Nam
1642 929 1702 964 ipse
1717 930 1786 957 duas

992 966 1020 993 in
1046 966 1158 994 Christo
1182 973 1296 996 naturas
1323 971 1458 1004 agnoscit,
1476 979 1578 1007 easque
1600 974 1786 1003 subsistentes

991 1019 1024 1039 ac
1044 1018 1252 1047 permanentes.
1268 1014 1348 1042 Nunc
1361 1015 1473 1050 quidem
1488 1017 1546 1052 ipse
1561 1026 1607 1045 eas
1624 1020 1720 1047 nescio
1731 1029 1786 1055 quo

991 1063 1073 1092 pacto
1090 1059 1117 1086 in
1132 1068 1214 1087 unam
1232 1061 1334 1097 redigit
1349 1083 1356 1094 ,
1371 1066 1398 1089 et
1413 1071 1488 1091 nunc
1498 1072 1546 1092 eos
1558 1066 1648 1100 carpit
1663 1067 1710 1101 qui
1725 1068 1785 1095 illas

991 1103 1020 1130 in
1042 1112 1125 1131 unam
1149 1110 1254 1141 cogunt
1273 1111 1301 1134 et
1321 1107 1460 1143 redigunt.
1487 1110 1528 1137 uti
1557 1112 1703 1144 probatum
1729 1117 1782 1140 est.

991 1148 1069 1181 Quod
1089 1151 1111 1177 si
1131 1159 1186 1178 uua
1212 1153 1317 1180 Christi
1341 1159 1452 1187 natura,
1472 1162 1674 1190 supervacuum
1690 1158 1784 1187 dicere

991 1195 1018 1222 in
1044 1201 1174 1231 quantum
1198 1202 1226 1225 et
1250 1199 1278 1226 in
1296 1205 1436 1234 quantum,
1463 1206 1510 1229 aut
1534 1206 1632 1230 natura
1650 1205 1740 1232 carnis
1756 1211 1785 1233 et

990 1244 1090 1268 natura
1111 1241 1267 1276 divinitatis,
1287 1248 1335 1271 aut
1352 1245 1387 1272 ad
1414 1247 1548 1281 passiones
1565 1253 1657 1276 natum
1669 1250 1712 1277 vel
1730 1258 1782 1278 non

991 1291 1086 1314 natum
1104 1296 1113 1315 :
1134 1288 1192 1316 haec
1207 1290 1280 1317 enim
1293 1291 1326 1317 ad
1342 1291 1412 1318 duas
1424 1297 1538 1320 naturas
1553 1298 1690 1328 spectant.

1025 1335 1060 1360 At
1086 1334 1160 1362 dicat
1181 1343 1418 1370 supervacuorum
1446 1346 1609 1367 sermonum
1625 1347 1743 1376 amator,
1759 1344 1786 1371 si-

991 1379 1058 1414 quid
1074 1381 1202 1408 naturale
1216 1386 1259 1409 est
1274 1388 1322 1410 aut
1341 1388 1435 1410 natum
1451 1385 1556 1420 absque
1569 1391 1680 1415 natura.
1694 1388 1782 1417 Unam

990 1433 1118 1454 asserens
1141 1431 1266 1455 naturam
1282 1429 1329 1456 Dei
1346 1430 1428 1457 Verbi
1445 1431 1614 1460 inearnatam
1640 1439 1668 1462 et
1691 1436 1782 1463 anima

991 1471 1119 1499 rationali
1135 1473 1330 1509 spiritualique
1352 1476 1513 1510 animatam,
1540 1477 1609 1506 duas
1623 1487 1689 1508 vero
1703 1487 1784 1509 natu-

992 1525 1037 1544 ras
1061 1525 1175 1553 negans,
1193 1519 1290 1547 similis
1312 1525 1354 1548 est
1380 1521 1485 1549 homini
1514 1524 1560 1558 qui
1588 1527 1782 1561 scsquilibram

990 1567 1019 1590 et
1043 1568 1099 1591 tres
1122 1569 1263 1593 sextantes
1278 1566 1395 1601 diceret,
1418 1568 1477 1596 haec
1500 1574 1592 1597 autem
1620 1571 1648 1598 in
1672 1581 1781 1602 summa

990 1610 1059 1638 duas
1074 1619 1174 1639 vocare
1190 1618 1343 1641 recusaret.
1357 1614 1386 1641 ln
1402 1614 1481 1643 libris
1495 1616 1628 1645 adversus
1643 1617 1781 1648 Julianum

990 1656 1049 1684 haec
1073 1657 1158 1684 habet
1184 1657 1305 1686 Severus
1327 1668 1333 1686 :
1353 1669 1362 1684 ι
1377 1659 1485 1695 Corpus
1503 1662 1647 1696 passiones
1661 1663 1780 1697 ferebat,

990 1710 1059 1737 quas
1074 1703 1196 1730 libenter
1212 1708 1240 1730 et
1255 1704 1360 1739 absque
1385 1706 1440 1733 ulla
1465 1707 1685 1741 reprehensione
1710 1710 1785 1738 Deus

989 1748 1111 1776 Verbum
1126 1749 1204 1783 juxta
1218 1754 1324 1779 naturze
1352 1751 1427 1786 leges
1457 1753 1592 1787 pertulit;
1611 1754 1701 1789 ipsqu
1715 1764 1781 1784 vero

989 1795 1124 1822 miracula
1147 1795 1319 1830 perficiebat,
1343 1801 1372 1824 et
1385 1798 1554 1832 operabatur
1571 1807 1631 1834 qua:
1644 1809 1693 1835 per
1708 1802 1779 1829 idem

989 1848 1091 1876 corpus
1119 1849 1202 1877 supra
1227 1847 1332 1870 natura
1357 1844 1431 1879 leges
1460 1844 1557 1873 edidit.
1590 1855 1598 1872 ι
1624 1846 1705 1882 Signa
1734 1848 1779 1876 illa

989 1888 1133 1921 splendida
1146 1896 1207 1922 quae
1220 1896 1303 1915 unam
1321 1889 1392 1916 hanc
1405 1890 1564 1924 passionum
1581 1899 1708 1926 capacem
1729 1901 1778 1920 na-

988 1936 1080 1959 turam
1094 1935 1271 1967 exsuperant,
1293 1940 1355 1967 quae
1370 1933 1445 1960 vires
1469 1934 1552 1969 hujus
1575 1940 1681 1963 natura:
1696 1945 1779 1964 exce-

988 1977 1068 2011 dunt,
1086 1979 1225 2013 quomodo
1240 1983 1268 2006 et
1284 1986 1299 2005 a
1315 1987 1370 2013 quo
1385 1978 1472 2007 fiunt?
1487 1979 1643 2009 Contendat
1658 1987 1778 2017 oportet.

988 2024 1083 2057 credo,
1109 2032 1141 2052 ea
1161 2025 1204 2052 vel
1218 2032 1267 2059 per
1284 2025 1446 2060 phantasma
1464 2029 1570 2053 tantum
1584 2027 1657 2059 ﬂeri,
1670 2027 1713 2054 vel
1730 2035 1780 2063 per

986 2070 1068 2097 aliam
1094 2075 1233 2098 naturam.
1258 2071 1377 2099 Severus
1389 2071 1482 2107 igitur,
1503 2072 1544 2099 uti
1570 2077 1703 2101 tractatus
1718 2074 1780 2109 ejus

987 2116 1116 2151 probant,
1144 2117 1213 2144 duas
1238 2121 1352 2144 naturas
1373 2116 1523 2144 confitetur
1544 2123 1573 2145 et
1598 2126 1701 2152 unam;
1717 2119 1780 2146 illas

987 2163 1099 2197 quidem
1123 2165 1241 2190 veritate
1264 2163 1366 2195 victus,
1386 2171 1468 2190 unam
1489 2171 1555 2191 vero
1568 2164 1706 2199 magistris
1719 2165 1779 2192 suis

149 2217 196 2245 ρον
211 2210 258 2235 καὶ
273 2209 417 2243 Διόσκορον
433 2215 439 2223 ·
461 2207 507 2233 καὶ
523 2206 656 2241 Τιμοθέου
683 2207 732 2241 μὲν
749 2207 765 2241 ἡ
789 2205 852 2238 δόξα
869 2214 935 2241 προ-

990 2209 1216 2237 Phantasianistis
1240 2213 1430 2241 consecratus,
1454 2209 1611 2242 Timotheo,
1633 2210 1731 2238 (Eluro
1749 2216 1778 2238 et

146 2256 306 2292 δεδήλωται,
321 2256 370 2291 τὴν
384 2256 411 2282 δὲ
422 2255 569 2290 Διοσκόρου
580 2253 729 2287 γνώσονται
740 2253 765 2279 οἱ
774 2252 935 2287 ἀγνοοῦντες

146 2304 180 2329 ὲκ
192 2303 241 2337 τῆς
255 2301 400 2336 ιπιστολῆς
411 2300 493 2327 αὑτοῦ
505 2300 555 2334 τῆς
566 2299 719 2335 γραφείσης
729 2299 782 2326 ἀπδ
792 2299 934 2335 Γαγγρῶνν

147 2350 178 2376 ἑν
236 2348 337 2384 γράφει
352 2347 438 2374 ταῦτα
450 2355 458 2363 ·
482 2355 492 2372 ι
514 2346 544 2373 '0
566 2346 712 2381 μονογενὴς
726 2346 775 2372 τοῦ
790 2345 857 2372 Θεοῦ
873 2346 936 2378 Υῑδς

147 2397 246 2430 Λόγος,
270 2395 284 2421 ὁ
312 2394 413 2430 Κύριος
428 2393 507 2429 ἡμῶν
529 2393 633 2427 Ἰησοῦς
650 2392 776 2427 Χριστὸς,
791 2392 936 2427 γενόμενος

146 2441 293 2477 ἄνθρωπος
308 2439 393 2475 χωρὶς
412 2437 552 2473 ἁμαρτίας
568 2438 616 2464 καὶ
632 2437 753 2472 τροπῆς,
766 2438 822 2468 τοῖς
834 2437 936 2473 ἀνθρω-

145 2489 237 2519 πῑνοις
253 2485 436 2521 κεκοινώνηκε
454 2484 580 2517 πάθεσιν,
600 2484 630 2510 οὐ
651 2484 722 2510 κατὰ
748 2483 839 2518 φύσιν,
868 2483 936 2511 ἀλλὰ

145 2534 217 2561 κατὰ
230 2533 322 2569 χάριν.
343 2542 352 2558 ι
367 2532 423 2558 Kal.
436 2531 532 2557 πάλιν·
552 2539 562 2555 ι
575 2530 607 2556 Et
624 2529 661 2565 μὴ
679 2529 709 2556 τὺ
721 2527 789 2563 αἷμα
804 2528 851 2556 τοῦ
868 2530 935 2565 Χρι-

146 2580 210 2607 στοῦ
226 2579 297 2607 κατὰ
309 2578 390 2614 φύσιν
409 2577 476 2604 Θεοῦ
493 2578 576 2609 ἐστιν,
600 2576 648 2602 καὶ
667 2576 717 2602 οὐκ
727 2575 882 2611 ἀνθρώπου,
907 2575 935 2602 τί

144 2626 269 2661 διαφέρει
284 2625 331 2652 τοῦ
344 2624 460 2659 αἵματος
475 2623 530 2649 τῶν
556 2622 665 2656 τράγων
684 2622 732 2648 καὶ
759 2623 865 2657 μόσχων
887 2621 935 2648 καὶ

144 2673 195 2708 τῆς
209 2672 306 2699 σποδοῦ
326 2671 375 2707 τῆς
397 2670 562 2705 δαμάλεως;
582 2669 637 2695 Καὶ
659 2668 740 2694 τοῦτο
758 2668 813 2702 γὰρ
843 2668 934 2702 γήϊνον

144 2721 192 2747 καὶ
218 2719 349 2757 φθαρτὸν,
367 2718 415 2744 καὶ
440 2718 471 2744 τὸ
484 2715 554 2750 αἷμα
568 2715 623 2742 τῶν
638 2715 710 2741 κατὰ
726 2714 806 2749 φύσιν
828 2713 934 2749 ἀνθρώ-

145 2776 204 2794 πων
234 2767 327 2802 γήϊνον
351 2765 398 2792 καὶ
424 2763 552 2800 φθαρτόν.
573 2762 654 2789 Ἀλλὰ
681 2761 718 2797 μὴ
744 2761 850 2796 γένοιτο
875 2760 934 2794 ὲνδς

144 2812 200 2839 τῶν
216 2812 287 2839 κατᾶ
314 2811 395 2847 φύσιν
423 2811 512 2846 λέγειν
543 2809 618 2844 ἡμᾶς
644 2807 786 2844 όμοούσιον
813 2807 843 2834 τὸ
865 2804 933 2842 αἷμα

146 2858 276 2895 Χριστοῦῑ
293 2869 303 2886 υ

987 2255 1129 2283 Dioscoro.
1158 2255 1297 2283 Timothei
1321 2256 1446 2283 doctrina
1471 2257 1601 2284 omnibus
1624 2262 1688 2284 nota
1713 2263 1777 2290 est;

986 2302 1110 2329 Dioscori
1125 2306 1217 2329 autem
1230 2303 1377 2338 opiniones
1391 2307 1560 2338 cognoscent
1573 2303 1620 2337 qui
1638 2311 1685 2330 eas
1699 2303 1777 2339 igno—

986 2352 1059 2380 rant,
1073 2356 1107 2375 ex
1117 2348 1233 2383 epistola
1249 2356 1330 2383 quam
1346 2356 1361 2375 a
1380 2348 1496 2384 Gangris
1508 2349 1628 2383 scripsit.
1642 2349 1691 2376 llic
1702 2350 1777 2377 enim

986 2394 1025 2421 ita
1051 2394 1200 2429 loquitur:
1227 2403 1237 2420 ι
1264 2394 1430 2430 Unigenitus
1454 2395 1504 2422 Dei
1532 2395 1619 2422 Filius
1643 2395 1777 2427 Verbum,

986 2439 1119 2466 Dominus
1153 2443 1250 2466 noster
1280 2439 1360 2467 Jesus
1392 2439 1530 2473 Christus,
1561 2440 1646 2467 homo
1672 2441 1778 2476 absque

985 2489 1099 2519 peccato
1117 2489 1145 2512 et
1169 2485 1324 2513 mutatione
1339 2485 1439 2518 factus,
1456 2486 1586 2514 humanis
1599 2486 1779 2522 passionibus

985 2530 1127 2566 subjectus
1150 2535 1201 2564 est,
1214 2539 1270 2558 non
1284 2535 1393 2564 natura,
1412 2531 1460 2559 sed
1476 2532 1588 2567 gratia.»
1605 2533 1639 2559 Et
1657 2541 1776 2560 rursus:

988 2586 997 2602 ι
1008 2576 1065 2603 Nisi
1080 2577 1192 2612 sanguis
1206 2577 1309 2604 Christi
1326 2582 1423 2604 natura
1437 2578 1485 2605 Dei
1501 2579 1627 2610 erit,non
1643 2579 1776 2610 hominis,

985 2622 1052 2657 quid
1066 2623 1177 2650 dill‘erct
1191 2631 1206 2650 a
1222 2624 1356 2658 sanguine
1375 2624 1518 2652 hircorum
1536 2630 1566 2652 et
1580 2625 1730 2652 vitulorum
1747 2630 1776 2652 et

985 2677 1000 2696 a
1015 2669 1108 2697 cinere
1122 2669 1224 2697 bovis?
1238 2669 1288 2697 llic
1300 2670 1374 2698 enim
1393 2675 1520 2698 terrenus
1528 2679 1560 2698 ac
1573 2671 1774 2706 corruptibilis,

984 2721 1013 2743 at
1030 2721 1159 2744 terrenus
1181 2723 1294 2752 quoque
1310 2724 1342 2744 ac
1353 2717 1544 2752 corruptibilis
1555 2718 1666 2753 sanguis
1677 2725 1774 2744 eorum

984 2762 1032 2797 qui
1056 2766 1155 2789 natura
1173 2762 1300 2791 homines
1314 2767 1389 2791 sunt.
1416 2764 1511 2791 Nolint
1530 2772 1596 2799 ergo
1612 2764 1705 2791 dicere
1726 2765 1775 2798 qui

983 2811 1084 2834 natura
1103 2806 1232 2834 homines
1243 2812 1318 2840 sunt,
1337 2808 1418 2836 nobis
1433 2807 1696 2836 consubstantialem
1711 2816 1778 2845 esse

985 2855 1144 2891 sanguinem
1160 2854 1278 2882 Christi.
1293 2865 1302 2881 ι

1185 2936 1200 2950 ο
