1971 3091
200 133 253 164 935

798 119 1007 152 EUSTATHII
1025 116 1196 148 MONACHI

1775 106 1828 139 936

235 187 382 213 [insumus
404 183 452 210 hic
475 187 503 210 et
526 180 686 209 Timotheus
706 179 830 214 magistri
856 181 922 205 sunt
936 175 987 204 Se-

1074 165 1159 204 Οῦτος
1180 170 1324 205 Διόσκορος
1348 168 1396 195 καὶ
1413 166 1554 202 Τιμόθεος,
1571 165 1597 192 ιιι
1611 164 1729 192 τοιοῦτοι
1749 164 1822 192 διδά-

200 232 268 259 veri.
288 231 326 258 Ab
339 231 406 257 ~illis
427 236 510 256 unam
526 233 652 255 naturam
667 226 784 260 accepit,
800 224 909 259 rejectis
922 223 986 258 qui-

202 277 316 305 busdam
339 283 436 303 eorum
459 273 605 309 ﬁgmentis,
626 279 741 306 eamque
758 270 861 297 nostris
880 269 985 296 doctri-‘

201 322 244 350 nis
257 321 415 352 illustravit,
431 319 618 347 meretricium
633 325 733 352 corpus
755 315 889 344 modestis
904 315 987 342 vesti-

199 369 252 396 bus
262 375 408 395 exornans.
425 365 594 393 Vocabulum
605 364 718 399 quidem
734 363 813 389 unius
826 366 856 389 ut
869 361 986 396 patriam

200 414 390 442 lmereditatem
412 412 537 444 retinuit,
560 410 706 438 sententiis
732 416 798 436 vero
813 408 883 435 illud
899 407 987 434 invol-

199 461 249 492 vit,
278 467 339 494 quas
372 466 426 485 non
455 457 507 484 nisi
534 456 641 484 duabus
664 454 772 482 naturis
803 453 985 482 conveniunt.

200 506 300 540 Reipsa
316 505 384 532 duas
400 508 514 530 naturas
536 501 692 532 conﬁrmat,
714 500 878 528 vocabulum
894 503 987 526 autem

201 553 315 578 duarum
333 551 497 585 plerumque
528 548 645 583 respuit.
668 547 746 575 Unde
770 553 908 581 nusquam
933 545 987 572 sibi

201 601 309 625 constat
336 596 363 623 in
399 593 676 629 interpretationibus
696 592 764 620 suis.
782 591 894 626 Regiam
915 590 987 617 viam

200 651 263 670 cum
284 643 412 670 insistere
426 640 556 672 noluerit,
571 640 627 667 huc
649 644 732 673 atque
752 638 819 665 illuc
833 638 988 664 circumva-

200 693 279 724 gatur
305 692 333 715 et
347 687 582 722 circumjactatur,
599 685 720 712 asseclas
739 691 805 711 suos
825 691 919 710 secum
931 683 986 709 cir-

201 735 381 762 cumducens.
412 733 529 761 Sibimet
550 739 659 766 semper
683 738 819 765 pugnans,
845 729 988 764 Eutychen

201 782 424 813 anathematizat,
448 780 610 807 Dioscorum
635 785 702 804 vero
722 776 848 812 suscipit,
873 776 988 811 eiusque

201 834 307 862 pugnas
320 829 463 853 reveretur
480 829 508 851 et
521 823 611 858 magni
628 822 702 854 facit,
717 829 786 856 quas
799 828 850 856 pro
864 820 988 856 Eutyche

1037 219 1132 247 σκαλοί
1149 219 1220 245 εἰσιν
1237 217 1370 251 Σευήρου,
1383 215 1413 248 ἐξ
1432 211 1469 241 ὧν
1487 214 1538 248 τὴν
1559 212 1624 248 μίαν
1638 215 1720 246 φύσιν
1735 220 1825 247 παρα-

1036 266 1137 296 λαϐὼν,
1152 265 1208 290 τισὶ
1219 263 1247 290 δὲ
1262 263 1316 289 τῶν
1326 261 1469 296 νοημάτων
1482 258 1571 286 αὐτῶν
1587 257 1825 293 ὰπαρεσκόμενος,

1036 312 1070 338 τὰ
1091 310 1214 346 ἡμέτερα
1232 309 1358 344 νοήματα
1376 305 1560 342 περιέπλασεν
1577 305 1646 340 αὑτῇ
1659 324 1666 336 ,
1684 303 1714 330 τὸ
1731 311 1826 338 πορνι-

1037 358 1084 384 κὸν
1099 357 1180 391 σῶμα
1191 355 1229 390 τῷ
1246 352 1409 389 σωφρονικῷ
1421 352 1549 387 ένδύματι
1564 349 1755 381 καλλωπίζων.
1771 349 1827 375 Καὶ

1036 404 1086 437 τὴν
1100 402 1173 434 λέξιν
1191 402 1239 437 μὲν
1249 400 1310 436 [τὴν
1319 397 1404 434 μίαν]
1419 398 1457 429 ὡς
1473 397 1598 432 πατρῷον
1609 395 1710 430 κλῆρον
1723 394 1825 430 φυλάτ-

1036 457 1101 479 των,
1115 449 1164 479 τὰς
1178 446 1329 479 δηλωτικὰς
1343 445 1371 470 δὲ
1387 443 1493 474 ἑννοίας
1515 442 1571 469 τῶν
1585 441 1633 468 δύο
1650 441 1757 475 φύσεων
1778 449 1827 466 πε-

1040 493 1153 529 ριτιθεὶς
1165 492 1244 527 αὐτῇ·
1258 491 1306 518 καὶ
1318 490 1365 517 ἐπὶ
1381 489 1431 525 μὲν
1443 489 1498 515 τῶν
1516 488 1686 523 πραγμάτων
1706 486 1753 513 δύο
1774 485 1826 520 φύ-

1039 547 1096 570 σεις
1111 537 1262 573 παριστῶν,
1286 535 1372 571 αὐτὴν
1388 535 1418 561 δὲ
1437 534 1486 569 τὴν
1503 534 1577 567 λέξιν
1593 533 1642 568 τὴν
1657 532 1712 559 δύο
1728 540 1828 566 παραι-

1037 583 1168 619 τούμενος
1199 583 1234 610 τὰ
1257 581 1354 609 πολλά.
1380 580 1462 607 Ὅθεν
1487 579 1580 606 καὶτὸ
1609 579 1724 605 ἄστατον
1751 576 1827 612 αὐτῷ

1039 631 1187 666 πρόσεστιν
1209 630 1238 655 ὲν
1254 630 1313 660 ταῖς
1333 627 1492 662 ὲξηγήσεσι·
1513 627 1546 661 τῇ
1561 625 1618 661 γὰρ
1634 625 1761 660 βασιλικῇ
1774 623 1827 658 ὁδῷ

1041 677 1078 713 μὴ
1098 675 1241 711 βουληθεὶς
1255 673 1432 710 πορευθῆναι,
1455 673 1511 699 ἄνω
1530 672 1578 699 καὶ
1602 673 1676 699 κάτω
1690 670 1827 706 περιπλα-

1038 723 1119 749 νᾶται
1134 721 1182 749 καὶ
1194 720 1400 757 περικρούεται,
1417 719 1614 754 συμπεριάγων
1631 717 1693 749 τοὺς
1713 716 1827 744 ἀκολου-

1039 769 1153 800 θοῦντας
1168 768 1241 802 αὐτῷ
1253 775 1260 783 ⁸
1277 767 1314 799 ὡς
1328 767 1410 802 μηδὲν
1425 765 1569 793 ἀκόλουθον
1585 765 1723 800 πράττων,
1739 763 1828 790 Εὐτυ-

1040 816 1089 852 χέα
1106 815 1154 850 μὲν
1169 813 1373 849 ἀναθεματίζει,
1391 812 1536 847 Διόσκορον
1551 810 1579 837 δὲ
1595 810 1764 845 ἀποδέχεται,
1779 809 1828 836 καὶ

201 873 235 900 ad
270 873 374 900 exitum
400 876 429 898 et
458 870 665 897 damnationem
692 872 720 895 et
748 870 865 894 mortem
899 873 986 902 usque

1043 862 1135 889 τούτου
1157 862 1220 892 τοὺς
1237 859 1346 893 ἀγῶνας
1367 859 1435 894 τιμᾷ
1449 858 1496 884 καὶ
1511 857 1674 888 ἀσπάζεται,
1686 854 1732 887 οὓς
1750 855 1827 890 ἠγω-

201 919 325 953 pertulit.

235 1009 314 1042 Quod
332 1008 355 1035 si
377 1006 439 1042 quis
453 1005 555 1033 dixerit
571 1003 733 1032 emendatos
745 1003 831 1030 libros
842 1001 988 1037 Eutychen

201 1055 332 1082 Dioscoro
354 1051 500 1079 tradidisse
523 1055 551 1078 et
574 1050 625 1076 hac
651 1049 685 1076 de
708 1056 790 1076 causa
803 1047 836 1074 ab
852 1055 886 1074 eo
902 1046 988 1073 fuisse

201 1099 357 1129 defensum,
374 1096 518 1123 mentitur.
543 1095 572 1121 ln
598 1094 670 1121 libro
685 1093 759 1120 enim
778 1100 860 1128 quem
875 1091 989 1119 Diosco-

201 1152 250 1171 rus
261 1143 368 1177 accepit
387 1149 442 1169 non
466 1140 677 1168 emendationes
700 1139 820 1172 inerant,
839 1138 887 1165 sed
899 1138 989 1164 incre-

201 1189 327 1224 pationes
340 1189 368 1215 in
380 1188 491 1215 beatum
504 1186 664 1214 Flavianum
681 1184 755 1220 quod
767 1183 989 1211 anathematibus

202 1235 260 1263 suis
286 1234 471 1261 orthodoxam
499 1233 582 1259 istum
609 1232 698 1259 virum
725 1239 759 1258 ex
785 1230 889 1257 teneris
909 1229 989 1256 annis

202 1281 390 1308 damnaverat.
416 1279 470 1306 Sed
494 1277 679 1305 concedamus
690 1277 772 1304 etiam
790 1276 892 1303 librum
905 1276 990 1311 Euty-

202 1326 262 1354 chis
277 1325 455 1352 emendatum
476 1324 569 1351 fuisse.
592 1323 621 1350 Si
638 1330 701 1350 eum
722 1322 815 1357 lapsus
826 1321 988 1357 poenitebat,

202 1371 249 1407 qui
279 1371 440 1398 Flavianum
465 1369 627 1400 trucidavit,
643 1369 715 1395 hanc
730 1375 812 1395 unam
827 1367 862 1394 ob
877 1375 989 1394 causam

201 1417 276 1452 quod
290 1417 366 1451 lapso
387 1415 504 1451 Eutychi
521 1423 577 1442 non
592 1414 775 1450 pepercerat?
786 1413 843 1440 Cur
860 1420 925 1440 eum
939 1413 989 1440 Se-

202 1471 284 1490 verus
296 1462 418 1493 damnat,
434 1468 515 1496 quem
539 1460 686 1487 Dioscorus
705 1459 885 1495 ptenitentem
898 1467 991 1487 susce-

203 1508 261 1544 pit?
285 1508 344 1543 Ipse
364 1507 447 1535 etiam
472 1507 621 1534 Dioscorus
642 1506 708 1534 dum
732 1509 814 1542 negat
828 1506 988 1542 sanguinem

202 1554 305 1581 Christi
328 1554 454 1581 humanae
475 1558 581 1581 natura:
604 1553 878 1586 consubstantialem,
897 1561 989 1580 nonne

204 1600 326 1627 declarat
344 1607 372 1626 se
387 1607 442 1626 non
456 1606 557 1633 corpus
574 1607 655 1626 unam
666 1599 770 1627 Christi
787 1604 914 1626 naturam
927 1606 992 1634 pro-

203 1646 365 1672 fessurum?
386 1645 420 1672 At
446 1645 608 1672 Timotheus
632 1653 742 1680 quoque
771 1645 858 1672 solam
887 1645 991 1673 Christi

203 1691 326 1719 divinam
353 1695 480 1718 naturam
503 1691 638 1725 agnoscit,
664 1698 776 1718 carnem
809 1699 876 1719 vero
900 1699 992 1726 neque

204 1741 331 1764 naturam
347 1743 438 1771 neque
453 1735 637 1763 substantiam
659 1740 756 1768 vocat;
780 1735 819 1762 ita
839 1735 877 1762 nil
894 1740 993 1770 praeter

203 1788 305 1807 nomen
326 1782 417 1808 carnis
439 1784 560 1814 uterque
582 1780 741 1808 conﬁtetur.
764 1780 886 1815 Uterque
908 1781 993 1816 igitur

204 1826 315 1861 ingenio
341 1832 391 1852 suo
411 1824 568 1860 indulgens,
591 1833 674 1852 unam
699 1829 826 1852 naturam
842 1825 948 1858 docuit,
965 1831 994 1853 et

204 1878 253 1898 cos
278 1870 323 1906 qui
348 1867 490 1905 Eutychen
515 1869 818 1897 anathematizaverant
842 1870 993 1898 insectatus

203 1922 256 1945 est.

240 1964 358 1991 Severus
380 1971 448 1991 vero
466 1963 531 1992 dum
558 1971 574 1991 a
600 1963 739 1998 magistris
761 1963 820 1991 suis
839 1963 994 1991 abhorrens

204 2019 306 2046 corpus
336 2010 439 2038 Christi
467 2010 549 2038 nobis
576 2010 812 2038 consubstantiale
835 2010 992 2045 proﬁtetur,

204 2061 234 2084 et
255 2057 323 2084 duas
351 2057 379 2084 in
402 2056 515 2084 Christo
537 2060 649 2083 naturas
669 2056 802 2091 agnoscit,
825 2061 854 2083 et
873 2056 923 2083 llas
950 2056 993 2083 vel

205 2107 268 2138 post
280 2103 410 2130 unionem
427 2102 589 2130 diﬁ‘crentes
601 2107 629 2129 et
640 2102 764 2129 diversas
777 2106 805 2129 et
823 2102 992 2134 inconfusas,

206 2149 382 2183 animamque
407 2148 435 2175 in
462 2147 559 2174 mortis
591 2151 734 2174 momento
751 2148 915 2180 secessisse,
941 2147 994 2175 hoc

1039 908 1128 940 νίζετο
1147 907 1218 942 ὑπὲρ
1239 904 1376 941 Εὑτυχοῦς
1393 905 1475 940 μέχρι
1494 903 1683 939 καθαιρέσεως
1696 902 1745 929 καὶ
1760 903 1828 929 ἀνα-

1040 953 1208 990 θεματισμοῦ
1231 953 1278 979 καὶ
1289 951 1407 987 ὲξορίας.

1074 1001 1106 1026 El
1132 999 1161 1026 δέ
1185 1007 1227 1030 τις
1250 998 1321 1024 εἴποι
1347 998 1389 1024 ὅτι
1420 996 1656 1032 μεταμελητικοὺς
1687 995 1828 1026 λιδέλλους

1039 1045 1150 1077 ἐδέξατο
1166 1044 1311 1080 Διόσκορος
1334 1043 1409 1080 παρὰ
1434 1042 1583 1078 Εὐτυχοῦς,
1610 1043 1658 1068 καὶ
1683 1042 1728 1068 διὰ
1749 1041 1829 1068 τοῦτο

1040 1091 1231 1126 ὑπερήσπισεν
1253 1089 1353 1120 αὑτοῦ,
1373 1088 1512 1124 ψεύδεται.
1542 1089 1571 1114 '0
1590 1087 1646 1122 γὰρ
1671 1086 1793 1118 λίὸελλος
1814 1087 1829 1112 ό

1039 1135 1176 1167 ὲπιδοθεὶς
1203 1134 1278 1170 αὐτῷ
1299 1134 1361 1170 παρ’
1376 1134 1491 1165 ἐκείνου,
1506 1134 1536 1160 οὺ
1554 1132 1736 1168 μεταμέλειαν
1758 1132 1828 1168 ἔχει,
1866 1161 1871 1165 _

1040 1182 1108 1208 ἀλλὰ
1136 1181 1240 1216 μέμψιν
1268 1179 1342 1207 κατὰ
1366 1179 1412 1206 τοῦ
1442 1179 1579 1214 μακαρίου
1610 1177 1761 1205 Φλασιανοῦ
1786 1178 1829 1204 ὅτι

1040 1227 1166 1255 καθεῖλεν
1190 1226 1394 1261 ἀναθεματίσας
1425 1225 1507 1252 αὐτὸν
1529 1225 1558 1258 ἐξ
1594 1224 1705 1252 ἁπαλῶν
1725 1223 1830 1258 ὀνύχων

1040 1273 1181 1310 ὀροόδοξον
1216 1273 1279 1299 ὄντα
1307 1272 1401 1300 αὐτόν.
1430 1269 1553 1298 Δεδόσθω
1583 1271 1611 1297 δὲ
1644 1269 1830 1306 μεταμέλειαν

1040 1319 1114 1355 ἔχειν
1125 1320 1171 1346 τὸν
1185 1319 1304 1345 λίὸελλον
1317 1317 1461 1352 Εὑτυχοῦς.
1478 1317 1508 1343 Εἰ
1524 1316 1676 1352 μετάμελος
1690 1316 1736 1342 ἐπὶ
1745 1315 1829 1342 πταί-

1042 1375 1127 1402 σματι
1145 1365 1269 1400 γέγονεν,
1286 1365 1358 1395 τίνος
1375 1361 1422 1390 οὖν
1446 1364 1525 1398 χάριν
1549 1361 1697 1389 Φλαὸιανδν
1716 1361 1829 1394 ἐφόνευ-

1043 1420 1088 1438 σεν
1101 1412 1146 1438 τὸν
1163 1403 1402 1445 ἀναθεματίσαντα
1413 1407 1540 1442 Εὑτυχέοι
1556 1407 1596 1435 ἔτι
1609 1407 1740 1433 πταίοντα
1752 1414 1759 1439 ;
1777 1405 1829 1431 ’ον

1041 1459 1070 1485 δὲ
1091 1459 1237 1492 Διόσκορος
1259 1455 1370 1488 ἐδέξατο
1387 1453 1624 1490 μεταμεληθέντα,
1643 1453 1762 1488 Σευῆρος
1784 1451 1830 1478 διὰ

1042 1505 1068 1532 τί
1083 1503 1300 1540 ἁναθεματίζεις
1318 1502 1373 1530 Καὶ
1389 1502 1536 1537 Διόσκορος
1557 1501 1607 1536 μὲν
1623 1501 1661 1532 ὡς
1678 1500 1715 1535 μὴ
1730 1499 1830 1534 ὁμολο-

1041 1551 1100 1587 γῶν
1118 1550 1261 1587 ὸμοούσιον
1282 1549 1336 1576 τῶν
1352 1548 1423 1575 κατὰ
1446 1547 1526 1583 φύσιν
1546 1546 1697 1582 ἀνθρώπων
1714 1545 1745 1572 τὸ
1759 1541 1831 1579 αἷμα

1042 1599 1064 1625 Χ
1069 1596 1172 1634 ριστοῦ,
1183 1596 1263 1628 δῆλον
1279 1595 1321 1621 δτι
1337 1594 1438 1620 οὐδὲτὸ
1449 1592 1529 1628 σῶμα
1544 1592 1658 1622 εἰκότως
1670 1590 1734 1626 μίαν
1747 1589 1830 1624 φύσιν

1042 1644 1118 1676 λέγει
1144 1641 1276 1676 Χριστοῦ.
1299 1640 1415 1675 Ὁμοίως
1441 1639 1488 1666 καὶ
1519 1637 1651 1673 Τιμόθεος
1664 1637 1714 1671 τὴν
1730 1635 1827 1671 θτῖκὴν

1044 1689 1125 1724 μόνον
1137 1687 1207 1715 οἶδεν
1221 1686 1302 1721 φύσιν
1320 1684 1449 1720 Χριστοῦ,
1465 1684 1513 1718 τὴν
1529 1683 1557 1710 δὲ
1575 1682 1665 1718 σάρκα
1675 1680 1738 1708 οὔτε
1749 1681 1831 1716 φύσιν

1043 1734 1106 1761 οὕτε
1120 1733 1225 1760 οὐσίανθ
1240 1732 1278 1764 ὡς
1291 1729 1359 1758 εῖναι
1377 1730 1442 1764 παρ’
1458 1730 1550 1760 αὺτοῖς
1564 1728 1650 1763 ὃνομα
1668 1728 1748 1762 μόνον
1763 1735 1831 1762 σαρ-

1043 1782 1108 1812 κός·
1129 1778 1280 1815 ἀμφότεροι
1306 1775 1352 1804 οὖν
1383 1775 1593 1805 ἀκολουθοῦντες
1618 1774 1744 1806 ἑαυτοῖς,
1766 1772 1832 1808 μίαν

1044 1828 1126 1862 φύσιν
1143 1826 1337 1861 ὲδογμάτισαν,
1354 1823 1401 1850 καὶ
1415 1821 1585 1857 ἠγωνίσαντο
1602 1821 1675 1848 κατὰ
1692 1820 1745 1847 τῶν
1766 1819 1831 1846 ἀνα-

1045 1872 1246 1908 θεματιζόντων
1263 1869 1398 1905 Εὑτυχέα.

1081 1963 1202 2000 Σευῆρος
1224 1962 1251 1989 δὲ
1272 1961 1416 1997 ὀμοούσιον
1441 1961 1509 1995 ἡμῖν
1535 1958 1673 1994 ὁμολογῶν
1695 1957 1727 1985 τὸ
1751 1957 1831 1992 σῶμα

1044 2010 1162 2047 Χριστοῦ
1179 2008 1334 2041 ἐξεναντίας
1348 2007 1401 2034 τῶν
1416 2006 1586 2033 διδασκάλων
1602 2004 1697 2036 αὐτοῦ,
1715 2005 1762 2032 καὶ
1782 2003 1832 2038 φύ-

1045 2063 1102 2086 σεις
1125 2052 1267 2087 ὀνομάζων
1286 2051 1333 2079 ἐπὶ
1353 2050 1473 2086 Χριστοῦ
1485 2070 1493 2081 ,
1511 2050 1558 2076 καὶ
1590 2049 1699 2076 σκοπῶν
1728 2048 1832 2081 ταύτας

1047 2099 1116 2135 μετὰ
1134 2098 1185 2133 τὴν
1203 2098 1311 2130 ἕνωσιν,
1331 2097 1379 2123 καὶ
1392 2095 1534 2132 διαφορὰν,
1551 2096 1598 2122 καὶ
1610 2095 1769 2131 ἑτερότητα,
1784 2095 1832 2122 καὶ

1045 2145 1075 2172 τὸ
1091 2144 1256 2179 ἀσύγχυτον,
1269 2143 1316 2170 καὶ
1329 2142 1470 2178 χωρισμὸν
1483 2141 1533 2177 τῆς
1544 2141 1633 2177 ψυχῆς
1649 2142 1678 2168 ὲν
1692 2141 1732 2176 τῷ
1743 2140 1832 2176 καιρῷ

206 2200 259 2228 est,
283 2199 370 2223 totum
397 2194 482 2222 fuisse
512 2194 631 2221 divisum
658 2198 736 2228 putat
761 2195 852 2228 (nam
879 2194 990 2221 recessit

1045 2191 1093 2218 τοῦ
1110 2190 1238 2222 θανάτου,
1252 2189 1266 2216 ὃ
1283 2190 1342 2216 ἐστι
1368 2188 1415 2215 τοῦ
1442 2188 1503 2215 ὅλου
1529 2187 1662 2223 μερισμὸς
1683 2186 1830 2223 (ἐχωρίσθη

207 2241 299 2268 anima
321 2248 336 2268 e
357 2247 473 2275 corpore
486 2259 493 2272 ,
511 2239 643 2266 divinitas
664 2243 771 2266 tantum
794 2240 907 2274 utrique
932 2244 993 2267 erat

207 2287 427 2315 substantialiler
442 2286 543 2321 unita),
571 2286 637 2313 dum
652 2285 717 2312 talia
730 2285 832 2317 docet,
852 2285 994 2313 discernat

206 2342 302 2369 aequus
320 2334 407 2369 judex
429 2341 464 2360 an
489 2332 588 2359 merito
613 2340 696 2359 unam
718 2331 764 2359 hic
789 2331 921 2360 defendat
944 2340 993 2359 na-

209 2385 308 2412 turam,
332 2380 461 2413 virosque
479 2378 591 2405 damnet
615 2377 684 2404 duas
700 2382 813 2404 naturas
839 2377 992 2404 confessos.

206 2427 333 2454 Attamen
350 2425 379 2452 in
395 2424 474 2451 libris
489 2423 622 2450 adversus
638 2421 866 2455 Grammaticum,
882 2422 917 2449 ad
934 2430 994 2449 ma-

205 2473 251 2508 jus
270 2473 312 2499 sui
331 2472 419 2507 ipsius
433 2470 555 2498 dedecus
569 2474 597 2497 et
617 2469 763 2504 judicium,
781 2469 819 2495 ait
836 2477 842 2494 :
864 2478 873 2494 ι
888 2468 947 2495 Duo
961 2476 994 2495 ex

208 2519 310 2554 quibus
334 2523 377 2546 est
402 2519 480 2548 unio,
505 2516 576 2544 facta
608 2515 721 2547 unione,
749 2523 804 2542 non
829 2514 881 2542 nisi
902 2519 994 2542 mente

208 2569 233 2592 el
243 2573 275 2592 ex
288 2569 366 2599 pacto
375 2564 409 2591 ab
420 2564 537 2590 invicem
549 2563 771 2597 distinguuntur;
782 2569 843 2588 nam
853 2568 994 2595 nunquam

209 2610 352 2638 desierunt
381 2610 449 2636 duas
475 2609 582 2637 eilieere
608 2609 802 2644 hypostases.»
823 2607 924 2634 Audiat
950 2614 995 2634 sa-

210 2663 263 2683 nus
281 2655 482 2682 insanientem:
494 2663 554 2690 qua:
570 2659 662 2682 mente
675 2653 822 2685 sentiebat,
841 2661 889 2681 ore
905 2653 996 2681 deela-

211 2701 281 2728 ravit
306 2710 313 2728 :
339 2702 405 2729 Duae
429 2701 589 2737 hypostascs
616 2709 671 2728 non
701 2701 845 2728 desierunt
864 2701 907 2728 vel
934 2704 995 2735 post

210 2747 357 2780 unionem;
371 2747 418 2774 sed
434 2752 498 2774 sunt
511 2747 582 2774 duae.
596 2746 699 2773 Deinde
715 2746 773 2773 haec
791 2747 828 2773 ita
843 2753 872 2773 se
891 2745 995 2773 habere

209 2792 376 2821 conﬁrmans
395 2793 492 2820 eodem
512 2793 585 2820 libro
600 2792 668 2819 dicit
684 2800 690 2818 :
711 2801 719 2817 ι
741 2792 826 2820 Unam
848 2791 895 2819 Dei
912 2791 994 2818 Verbi

211 2838 368 2874 llyposlasin
377 2839 542 2875 cogitatione
561 2828 667 2865 tantiim
681 2837 849 2870 distinctam,
872 2841 899 2864 et
913 2843 994 2863 unam

1044 2239 1097 2274 γὰρ
1124 2239 1140 2274 ἡ
1163 2238 1237 2274 ψυχὴ
1259 2238 1291 2264 ὲκ
1305 2237 1353 2264 τοῦ
1372 2236 1497 2272 σώματος
1522 2236 1600 2271 μόνον
1612 2244 1618 2250 ·
1636 2236 1652 2271 ἡ
1668 2236 1721 2272 γὰρ
1737 2235 1832 2269 θεότης

1045 2285 1169 2320 ἑκατέρῳ
1186 2284 1247 2311 κατ’
1265 2283 1359 2310 οὐσίαν
1375 2283 1486 2319 ῆνωτο),
1501 2283 1526 2309 εἱ
1541 2282 1661 2316 εὐλόγως
1673 2282 1737 2317 μίαν
1751 2281 1832 2316 φύσιν

1044 2330 1203 2366 πρεσϐεύει,
1220 2329 1416 2365 άναθεματίζει
1432 2329 1460 2355 δὲ
1486 2328 1548 2359 τοὺς
1567 2328 1696 2363 λέγοντας
1713 2327 1760 2354 δύο
1779 2327 1833 2362 φύ.

1046 2386 1112 2411 σεις,
1130 2377 1251 2412 κρινάτω
1269 2377 1284 2402 ὁ
1300 2375 1487 2412 ἁπροσπαθῶς
1501 2374 1628 2407 δικάζων.
1644 2374 1741 2402 Καίτοι
1756 2382 1789 2408 γε
1803 2374 1831 2401 ὲν

1045 2424 1102 2454 τοῖς
1127 2422 1200 2449 κατὰ
1222 2422 1268 2448 τοῦ
1295 2420 1494 2457 Γραμματικοῦ
1521 2421 1590 2456 πρὸς
1613 2420 1725 2448 πλείονα
1749 2419 1832 2446 αὑτοῦ

1045 2468 1157 2502 ἔλεγχον
1178 2467 1226 2494 καὶ
1248 2467 1411 2502 κατάκρισιν
1426 2465 1477 2501 ἐφη
1489 2474 1495 2481 ·
1515 2475 1524 2492 ‹
1543 2466 1626 2492 Ὥστε
1647 2465 1683 2492 τὰ
1696 2465 1742 2491 δύο
1755 2464 1790 2491 τὰ
1804 2463 1834 2497 ἐξ

1045 2511 1082 2541 ὧν
1098 2515 1114 2549 ἡ
1130 2513 1237 2545 ἓνωσις,
1255 2513 1283 2538 έν
1303 2512 1342 2548 τῷ
1364 2512 1551 2538 συντεθεῖσθαι
1571 2511 1611 2546 τῷ
1632 2511 1669 2546 νῷ
1690 2511 1771 2547 μόνον
1785 2511 1832 2537 ἀπ’

1046 2559 1169 2595 ἀλλήλων
1192 2557 1327 2590 συνθέτως
1343 2558 1547 2593 διακρινόμενα·
1565 2556 1765 2592 μεταϐέϐληται
1780 2557 1833 2592 γὰρ

1045 2603 1171 2639 οὐδαμῶς
1185 2603 1222 2639 μὴ
1234 2601 1304 2629 εἶναι
1316 2602 1362 2628 δύο
1375 2602 1422 2628 καὶ
1433 2603 1491 2633 ταῖς
1506 2601 1713 2628 ὐποστάσεσιν.»
1723 2600 1834 2628 ’Δκουὲ-

1045 2659 1084 2677 τω
1105 2651 1118 2677 ὁ
1134 2652 1227 2684 νήφων
1251 2649 1298 2675 τοῦ
1318 2647 1475 2683 μεθύοντος,
1493 2647 1563 2683 ἅπερ
1581 2648 1595 2673 ὁ
1612 2648 1674 2680 νοῦς
1689 2647 1833 2683 διέκρινεν,

1045 2697 1089 2724 διὰ
1101 2696 1147 2723 τοῦ
1161 2696 1296 2730 στόματος
1309 2695 1496 2730 ἐφανέρωσεν,
1509 2695 1551 2721 ὅτι
1564 2695 1591 2721 αἱ
1606 2695 1656 2721 δύο
1668 2694 1834 2725 ὑποστάσεις

1046 2744 1077 2771 οὐ
1098 2742 1304 2778 μετεϐλήθησαν
1324 2742 1372 2768 καὶ
1398 2741 1469 2768 κατὰ
1495 2741 1544 2775 τὴν
1572 2741 1679 2772 ἕνωσιν,
1706 2738 1765 2766 ἀλλ’
1780 2739 1835 2765 alet

1046 2788 1103 2816 δύο.
1127 2786 1193 2815 Εἶτα
1210 2787 1464 2822 ἑπασφαλιζὸμενος
1489 2786 1575 2813 ταῦτα
1596 2786 1684 2818 οὕτως
1705 2785 1789 2821 ἔχειν,
1804 2785 1834 2811 ὲν

1048 2835 1115 2870 αὐτῇ
1136 2835 1169 2870 τῇ
1192 2833 1274 2870 βῖὅλῳ
1293 2833 1384 2869 λέγει’
1412 2843 1420 2860 ι
1438 2832 1492 2868 Τὴν
1507 2834 1540 2869 τῇ
1554 2833 1655 2870 θεωρίᾳ
1672 2832 1754 2869 μόνον
1768 2831 1833 2860 δια-
