1971 3091
164 149 216 180 9ὖ9

699 154 817 184 LIBER
836 153 1035 185 ADVERSUS
1052 152 1263 184 ORIGENEM.

1710 155 1763 187 970

167 216 210 240 μεν
221 202 273 234 τήν
281 204 482 242 διεστραμμὶνην.
493 204 566 232 Ἐστι
579 204 604 232 δὲ
616 206 630 234 ἡ
642 209 744 234 τοιαὺτη
756 206 883 238 κακοδοξία
894 209 937 235 τῆς

991 206 1030 239 gia
1043 205 1227 237 deﬁectentes.
1244 214 1354 242 pravum
1370 206 1419 233 iter
1439 206 1583 240 sequimur.
1608 205 1762 240 liujusntodi

166 250 307 287 *Ωριτίνους
321 249 518 285 φρενοϐλαϐείας·
535 249 561 276 ὃν
580 252 620 276 καί
639 251 662 277 οἱ
685 251 790 289 πατέρςς
815 252 882 286 ἐμᾶν
905 252 939 280 ὡς

166 294 343 331 διαστρέφοντα
358 297 402 323 τὴν
417 294 530 323 ἀλήθειαν
543 295 715 331 ἀπεκήρυξαν,
734 296 777 321 καί
796 295 939 329 ἀνεθεμάτι-

166 352 220 368 σαν.
241 341 276 367 οὺ
287 341 334 378 γάρ
350 340 478 377 ἐφρόνησεν
493 341 526 370 ὥς
540 340 702 376 Χριστιννὸς,
717 340 777 366 ἀλλὰ
793 344 845 370 ταῖς
857 340 941 369 ἰλλή-

166 396 213 413 εων
225 386 393 415 ἀκολουθήσας
407 385 537 420 φλυαρίαις
551 385 717 414 πεπλάνηται.
729 390 754 412 Ἦ
769 384 795 412 δὲ
810 386 881 421 ἀρχή
896 387 939 412 τοῦ

165 433 304 466 νοσήματος
313 431 422 457 imae.»
429 431 496 464 αὐτῷ
503 430 645 465 ωμῗέϐηγι
668 431 730 458 Φησὶ
739 430 784 466 γὰρ.
799 429 837 456 ὅτι
845 434 940 466 προΊπ-

164 478 291 513 ἁρχουσιν
308 475 334 501 αἶ
348 476 435 510 ψυχαί
457 478 506 502 τῶν
530 475 668 509 σωμάτων,
687 476 727 500 καί
745 475 795 502 ἀπὸ
814 474 939 509 ἁγιασμοῦ

164 520 361 557 παρηνέχθησαν
384 521 419 549 εῖς
438 519 570 554 ἐπιθυμίας
592 519 714 557 πονηρὰς,
735 519 774 545 καί
794 519 941 546 ἀπέστησαν

165 568 226 591 Θεοῦ
236 572 244 579 ”
258 565 298 590 καί
320 564 416 593 ταύτης
437 564 508 590 ἕνεκα
527 568 570 593 τῆς
585 565 666 592 «ire:
679 562 839 590 κατεδίκασεν
851 563 939 593 αὐτὰς.

163 612 205 637 καί
216 610 388 645 ἔσωμάτωσεν,
404 612 444 636 καί
457 611 517 637 εἰσιν
534 611 566 639 ὡς
580 610 604 636 ἐν
617 609 779 646 δεσμωτηρίῳ
797 610 820 636 ἐν
837 611 938 644 σαρκί.)

199 703 254 726 τοῦ.
265 700 342 726 αὐτοῦ
359 700 383 725 ἔκ
403 703 448 728 τῆς
465 699 598 728 ἐπιστολῆς
616 703 661 728 τῆς
675 699 738 734 πρὸς
755 701 814 729 τοὺς
832 700 856 726 ἂν
875 703 941 735 reue}
968 692 972 697 ί

165 742 295 777 μοναχο-ἷς
324 751 332 767 ι
347 742 373 769 'tt
393 742 419 769 δὲ
438 743 553 771 ἐκκλησία
575 747 632 773 ταῖς
649 743 822 773 θεοπνεύστοις
839 744 942 779 ἑπομένη

163 791 285 825 Γραφαῖς,
309 788 353 814 οὐκ
373 786 424 815 οἶδε
438 791 486 814 τῶν
507 789 630 822 σωμάτων
651 788 875 826 προϋπάρχουσαν
898 792 942 818 τήν

165 835 265 868 ψυχὴν,
281 833 332 860 ἀλλ’
346 833 401 861 οὐδὲ
414 836 648 871 προαμαρτήσασαν
657 834 707 870 πρὸ
722 835 803 861 αὐτῶν
826 837 880 864 πῶς
893 835 942 871 γὰρ

990 255 1077 277 autem
1095 250 1214 284 improba
1234 250 1324 284 opinio
1349 251 1382 278 ab
1404 249 1524 284 Origenis
1545 250 1677 278 dementia
1698 253 1762 278 est:

989 303 1068 329 quem
1080 299 1107 323 et
1121 300 1209 330 patres
1229 296 1322 328 nostri,
1348 300 1377 323 ut
1389 296 1445 323 veri
1459 296 1672 330 depravatorem,
1686 295 1764 323 abdi-

989 345 1115 367 caverunt
1130 343 1156 367 ct
1170 341 1470 368 anathematizavcrunt.
1485 340 1543 368 Non
1558 341 1628 368 enim
1640 341 1723 368 sensit
1737 344 1767 368 ut

989 384 1164 417 Christianus,
1185 385 1230 412 sed
1245 392 1406 420 paganorum
1420 389 1526 413 secutus
1546 385 1660 420 ineptias
1673 390 1700 412 et
1715 393 1765 412 nu-

989 435 1047 462 gas,
1059 429 1083 456 in
1094 436 1211 463 errorem
1224 429 1325 456 incidit.
1340 430 1405 457 llinc
1418 434 1505 458 autem
1518 431 1543 457 ei
1557 431 1666 464 contigit
1679 431 1766 458 morbi

990 474 1159 508 principium.
1175 473 1316 501 Asseverat
1330 475 1431 502 animas
1450 480 1511 502 ante
1524 483 1636 509 corpora
1650 483 1723 509 esse,
1738 480 1765 502 et

991 526 1006 545 a
1019 519 1192 546 sanctimonia
1208 519 1333 546 abductas
1352 519 1429 547 fuisse
1445 521 1471 547 in
1486 521 1643 554 cupiditates
1665 528 1696 548 ac
1718 529 1766 548 ne-

991 562 1111 596 quitiam,
1124 562 1317 598 descivissequc
1331 571 1345 590 a
1361 564 1424 596 Deo,
1437 572 1452 590 a
1465 571 1517 598 quo
1532 564 1599 591 hanc
1612 565 1646 591 ob
1660 572 1767 591 causam

991 606 1120 633 damnata:
1131 611 1201 639 sunt,
1213 611 1241 633 et
1252 608 1357 642 corpori
1368 608 1511 640 obstrictzn,
1523 612 1637 643 suntque
1651 609 1676 635 in
1687 616 1767 635 carne

992 654 1117 684 tanquam
1131 651 1156 677 in
1169 658 1286 678 carcere.
1300 661 1308 676 ε

1027 693 1149 728 Ejusdem
1165 703 1196 721 ex
1212 695 1322 730 epistola
1336 696 1433 730 scripta
1458 696 1491 723 ad
1516 704 1562 724 eos
1583 697 1628 731 qui
1649 697 1675 724 in
1695 697 1766 724 Phua

992 743 1083 770 erant,
1098 740 1243 766 monachos
1265 748 1271 765 :
1289 749 1298 764 ε
1312 739 1430 768 Ecclesia
1443 749 1522 772 vero,
1534 741 1678 776 Scripturis
1691 742 1767 770 obse~

992 791 1076 818 quens
1088 791 1103 810 a
1118 783 1172 810 Deo
1194 784 1343 818 inspiratis,
1358 793 1408 812 nec
1419 786 1533 812 animam
1548 787 1621 814 novit
1634 790 1695 814 ante
1707 794 1766 814 cor-

992 835 1058 862 pora
1072 827 1159 860 fuisse,
1186 836 1235 855 nec
1257 833 1320 856 ante
1339 836 1371 856 ea
1391 837 1527 863 peccasse.
1545 829 1682 863 Quomodo
1696 831 1767 858 enim

165 880 180 908 ἠ
199 882 234 915 μή
249 882 382 915 ὑφεστῶσα
402 881 442 907 καί
460 879 582 917 ἁμαρτεῖν
601 879 723 912 ἠδύνατος
747 882 825 916 φαμὲν
843 881 883 914 δέ,
905 881 939 909 ὅτι

993 880 1052 908 quae
1065 880 1118 899 non
1130 873 1289 900 subsistebat
1303 881 1414 908 peccare
1429 875 1531 909 potuit?
1544 874 1578 901 At
1592 882 1640 901 nos
1653 874 1766 902 aﬁlrma-

164 923 259 951 ἔπλασε
279 925 324 959 μὲν
347 923 360 950 ὁ
374 927 423 951 τῶν
441 922 502 950 ὅλων
524 923 675 960 δημιουργὸς
695 925 725 952 τὸ
741 929 816 960 σῶμα
835 926 861 952 ἔκ
884 930 940 962 γῆς,

165 967 341 1012 ἐψύχωσεηδί
357 969 416 995 αὺτὸ
429 968 504 1004 ψυχῇ
524 971 606 1005 νοερᾷ.
622 970 666 996 Καὶ
689 970 754 999 α’τη
775 971 843 998 ἐστίν
861 971 876 998 ἠ
897 974 941 997 τοῦ

165 1007 476 1049 ἀνθρώπ²3τ”ῗ“2ατασιιευή.ι
490 1015 534 1039 καί
547 1014 598 1048 μεθ’
609 1013 772 1051 ἕτερα-«Ὅτι
782 1015 826 1041 οὐκ
839 1015 865 1041 ἔκ
879 1025 942 1051 προ-

164 1062 325 1093 γενεστέρων.
340 1058 374 1087 ὥς
392 1068 480 1093 φασιν,
495 1057 683 1093 ἁμαρτημάτων
701 1057 911 1087 καταδεδίκασται
927 1060 942 1088 ἠ

165 1105 208 1129 τοῦ
222 1102 352 1138 ἀνθρώπου
363 1101 450 1136 ψυχή,
466 1103 506 1128 καί
517 1103 552 1131 είς
569 1105 655 1129 τοῦτον
669 1103 826 1137 κατεπέμφθη
836 1104 878 1130 τὸν
889 1103 943 1131 κόσ-

166 1157 222 1183 μον,
236 1148 391 1174 πιστώσεται
403 1147 504 1185 γράφων
518 1148 558 1174 καί
573 1146 585 1174 ὁ
598 1147 724 1183 πάνσοφος
735 1148 874 1178 Παῦλος,-
880 1149 942 1179 τοὺς

166 1193 215 1229 γὰρ
229 1193 323 1222 πάντας
338 1194 404 1228 ἡμᾶς
415 1192 454 1220 δεῖ
467 1193 632 1230 φανερωθῆναι
650 1192 787 1230 ἔμπροσθεν
806 1196 849 1220 τοῦ
864 1193 943 1230 βήμα-

165 1246 210 1266 τος
232 1240 277 1263 τοῦ
295 1240 421 1274 Χριστοῦ,
442 1237 483 1263 ἵνα
501 1238 634 1270 κομίσηται
658 1236 764 1267 ἕκαστος
786 1238 818 1263 τὰ
839 1235 879 1264 διὰ
897 1241 942 1264 τοῦ

166 1281 285 1314 σώματος
296 1281 361 1317 πρὸς
375 1280 391 1307 ἃ
400 1279 514 1318 ἔπραξεν,
526 1280 574 1307 ε’ῗτε
585 1281 685 1316 ἀγαθὸν,
694 1281 742 1308 εἴτε
755 1281 890 1317 φαῦλον.--
901 1281 944 1308 Διὰ

165 1325 191 1350 τί
203 1325 250 1361 γὰρ
262 1324 325 1360 μόνα
336 1326 368 1352 τὰ
383 1324 424 1352 διὰ
441 1328 484 1351 τοῦ
498 1327 614 1360 σώματος
634 1326 845 1364 φανερωθήσεσθλί
867 1337 940 1362 φησι,

166 1372 207 1397 καί
222 1371 282 1406 οὐχί
292 1370 321 1399 δή
336 1371 427 1405 μᾶλλον
442 1373 482 1397 καὶ
496 1373 527 1398 τά
539 1373 587 1408 πρὸ
601 1375 647 1399 τοῦ
666 1373 794 1407 σώματος,
807 1371 877 1410 εἴπερ
890 1370 943 1400 ἤδει

166 1418 296 1451 προοῦσαν
310 1435 317 1446 ,
332 1417 372 1442 καί
392 1419 629 1453 προαμαρτὴσασαν
641 1419 686 1445 τὴν
705 1417 806 1452 ψυχήνς
821 1418 849 1443 Εἰ
862 1415 888 1443 δί
902 1417 943 1444 ίπί

165 1460 251 1494 μόνοις
266 1461 394 1498 κρινόμεθα
405 1466 459 1491 τοῖς
469 1460 509 1488 διὰ
530 1465 575 1488 τοῦ
588 1463 701 1497 urinam;
711 1483 717 1494 ,
729 1463 770 1488 οὐκ
785 1461 882 1497 ἔχομεν
900 1461 944 1490 δη-

167 1506 250 1532 Αονὸτι
274 1507 467 1543 προγενεστέραν
488 1510 532 1533 τοῦ
550 1508 666 1542 σώματος
680 1507 815 1544 ἁμαρτίαν.
836 1509 871 1533 ου
894 1508 942 1543 γὰρ

995 925 1066 949 mus,
1090 916 1269 945 universitatis
1281 917 1402 952 opilicem
1422 926 1517 953 corpus
1535 926 1550 945 e
1565 923 1635 946 terra
1651 918 1765 951 ﬁnxisse.

992 963 1073 997 idque
1082 963 1214 990 animasse
1225 963 1390 998 intelligente
1403 964 1500 994 anima,
1520 969 1548 990 et
1561 964 1617 991 ham
1628 968 1668 991 est
1681 964 1766 991 homi-

992 1009 1033 1037 nis
1044 1013 1185 1037 structura.
1193 1019 1202 1036 ›
1214 1009 1246 1036 Et
1254 1013 1313 1044 post
1321 1009 1371 1036 alia
1382 1018 1388 1035 :
1400 1019 1408 1034 ι
1418 1009 1537 1037 Animam
1550 1010 1663 1037 hominis
1674 1018 1724 1037 nec
1734 1011 1767 1037 ob

993 1054 1134 1089 praeterita,
1145 1059 1173 1080 ut
1181 1054 1264 1085 aiunt,
1279 1053 1376 1088 ﬂagitia
1387 1058 1466 1087 atque
1478 1055 1577 1081 scelera
1589 1062 1646 1081 esse
1658 1054 1763 1081 damna.

993 1104 1057 1130 tam,
1078 1107 1127 1127 nec
1138 1099 1163 1126 in
1178 1100 1247 1126 hunc
1259 1098 1398 1126 demissam
1410 1099 1546 1131 mundum,
1561 1099 1766 1134 sapientissimus

994 1143 1088 1170 Paulus
1100 1143 1177 1170 ﬁdem
1189 1143 1258 1176 facit,
1272 1143 1307 1170 ita
1321 1143 1439 1171 scribens
1451 1153 1456 1170 :
1474 1143 1568 1171 Omnes
1575 1145 1642 1170 enim
1652 1152 1698 1170 nos
1712 1153 1766 1171 mo-

992 1187 1110 1223 m'fealart'
1120 1192 1218 1223 oportet
1229 1193 1288 1214 ante
1299 1188 1409 1215 tribunal
1424 1187 1528 1220 Christi,
1542 1193 1569 1214 ut
1586 1189 1679 1223 referat
1689 1197 1765 1215 unus-

992 1231 1094 1267 quisque
1108 1240 1138 1258 ea
1156 1240 1212 1267 quo:
1229 1240 1273 1266 per
1286 1239 1376 1267 corpus
1386 1251 1393 1263 ,
1413 1237 1487 1267 prout
1501 1233 1588 1268 gessit,
1601 1233 1652 1259 sive
1664 1232 1767 1266 bonum,

991 1277 1043 1303 sive
1057 1276 1150 1303 malum
1162 1276 1200 1311 (11
1215 1277 1277 1304 Cor.
1295 1275 1332 1311 v).
1349 1276 1402 1303 Cur
1422 1283 1484 1310 ergo
1501 1281 1608 1311 propter
1625 1277 1681 1304 sola
1702 1285 1766 1311 pro-

992 1323 1048 1357 pria
1060 1322 1179 1357 corporis
1189 1320 1352 1349 manifestari
1365 1329 1414 1349 nos
1426 1326 1551 1356 oportere
1561 1316 1607 1353 ait,
1620 1330 1669 1349 nec
1679 1322 1767 1356 potius

993 1372 1102 1402 propter
1115 1375 1145 1394 ea
1158 1368 1238 1394 etiam
1253 1375 1311 1402 qua:
1331 1371 1392 1394 ante
1406 1375 1512 1402 corpus,
1536 1367 1556 1394 si
1571 1367 1685 1394 animam
1705 1371 1767 1393 ante

992 1412 1071 1440 fuisse
1090 1416 1181 1444 norat,
1207 1415 1233 1438 et
1247 1417 1309 1439 ante
1326 1413 1473 1447 peccasse?
1497 1412 1524 1439 Si
1540 1420 1601 1439 vero
1616 1412 1649 1439 ob
1663 1419 1694 1439 ea
1709 1411 1766 1439 sola

991 1465 1049 1493 qum
1070 1457 1096 1484 in
1121 1464 1231 1492 corpore
1249 1457 1388 1490 gessimus,
1413 1456 1567 1483 adducimur
1587 1457 1612 1484 in
1628 1457 1764 1491 judicium,

992 1510 1046 1530 non
1059 1502 1150 1537 utique
1169 1502 1296 1530 habemus
1313 1502 1448 1537 antiquius
1468 1510 1580 1537 corpore
1603 1507 1740 1538 peccatum
1757 1511 1763 1527 :

165 1551 301 1586 ὑφέστηκεν
317 1551 376 1581 ὅλως
387 1553 402 1580 ἠ
415 1555 460 1578 τοῦ
474 1552 604 1589 ἀνθρώπου
622 1552 695 1587 ψυχή
709 1552 757 1588 πρό
769 1553 844 1579 αὖτοῦ
854 1572 861 1584 ,
883 1552 939 1582 πλη-

993 1554 1052 1573 nam
1069 1547 1177 1574 omnino
1191 1551 1253 1574 ante
1272 1547 1297 1574 id
1317 1555 1369 1574 non
1388 1548 1507 1574 constitit
1530 1547 1644 1575 hominis
1667 1547 1764 1574 anima.

165 1600 266 1634 ροφορεῑ
277 1595 302 1623 δῦ
315 1597 376 1634 πρὸς
391 1599 465 1624 τοῦτο
475 1598 540 1631 ἡμᾶς
551 1599 592 1624 καί
604 1599 619 1626 ἠ
632 1601 676 1624 τοῦ
686 1601 784 1632 νομικοῦ
795 1598 940 1635 γράμματος

164 1641 280 1676 δύναμις.
296 1642 323 1668 Εἰ
343 1643 406 1677 γὰρ.
427 1643 460 1672 ὧς
479 1653 551 1678 φησιν
565 1642 578 1669 ὁ
595 1643 782 1676 πεπλανημένος
800 1643 940 1679 Ὧριγίνης,

165 1686 192 1712 ix
203 1689 252 1712 τῶν
261 1687 460 1723 προγενεστέρων
470 1687 738 1723 ἁμαρτημάτων,λόγῳ
752 1687 876 1716 κολάσεως
887 1687 941 1715 ἤτοι

163 1731 283 1766 τιμωρίας
303 1729 401 1761 ἐδέξατο
422 1730 450 1757 τὸ
469 1734 544 1765 σῶμα
566 1732 581 1759 ἦ
602 1730 695 1766 ψυχὴ,
715 1730 755 1758 διὰ
773 1733 845 1758 ποίαν
860 1732 941 1758 αἰτίαν

163 1775 283 1805 ἠπείλησε
305 1777 407 1802 θάνατον
419 1779 472 1805 τοῖς
494 1777 678 1814 ἁμαρτάνουσιν
689 1775 768 1808 ;”εδει
786 1780 834 1813 γὰρ
850 1777 940 1812 μᾶλλον

162 1821 221 1850 ταὶς
236 1820 346 1850 δικαίους
362 1821 533 1851 ἀποθνήσκειν,
552 1821 593 1847 ἵνα
607 1820 811 1848 ἀπαλλάττωνται
822 1824 871 1847 τῶν
886 1820 941 1848 δεσ-

163 1869 224 1899 μῶν,
238 1868 277 1892 καί
288 1871 333 1896 τῆς
347 1867 483 1904 τιμωρίας,
498 1868 541 1902 ζῇν
559 1866 585 1893 δὲ
600 1867 658 1896 τοὺς
676 1866 834 1904 ἀλιτηρίους,
846 1867 886 1893 ’ἵνα
903 1876 942 1893 κο-

161 1912 282 1943 λάζωνται
293 1914 325 1946 μή
337 1912 549 1946 ἀπαλλαττόμενοι
561 1915 610 1938 τῶν
626 1911 732 1947 δεσμῶν.
754 1920 762 1936 ε

193 1959 234 1982 Ἐκ
257 1960 302 1985 τῆς
329 1956 468 1985 ἕκτεθείσης
497 1955 549 1982 ὑπὸ
568 1959 617 1982 τῶν
644 1954 697 1983 κατ’
722 1955 868 1991 Αἴγυπτον,
897 1957 940 1982 καὶ

159 1999 337 2036 Ἀλεξάν“ρειαν
359 1999 500 2026 ἐπισκόπων
521 1998 652 2029 συνοθικῆς
667 1999 798 2028 ίπιστολῆς
811 2000 876 2026 κατὰ
891 2002 939 2026 τῶν

159 2041 301 2080 Ὠριγὲνους
313 2043 453 2079 δογμάτων·
465 2041 563 2073 σοῦτος
578 2045 656 2070 τοίνυν
669 2043 682 2070 ὁ
701 2045 858 2079 προκείμενος
873 2043 938 2081 Ὠρι-

160 2088 242 2121 γίνης.
257 2088 369 2124 καθάπερ
382 2088 409 2114 τὸ
420 2091 464 2116 τῆς
479 2088 627 2124 ἐρημώσεως
640 2087 766 2122 βδέλυγμα
778 2088 802 2113 ἐν
812 2088 882 2123 μέσῳ
895 2091 939 2118 τῆς

160 2131 264 2161 ἀληθοῦς
279 2131 409 2161 ίκκλησίοις
422 2132 561 2168 γεγένηται.
577 2133 625 2157 Καὶ
635 2132 808 2169 πρεσϐύτερος
821 2141 939 2167 χειροτο-

157 2177 236 2204 νηθείς
250 2175 300 2201 ὑπὸ
314 2180 357 2205 τῆς
373 2180 498 2205 κανωικῆς
510 2186 552 2207 τε,
569 2177 610 2202 καί
630 2179 689 2210 μιᾶς
704 2177 791 2213 χειρὸς
810 2176 937 2208 ἀληθινῆς,

991 1590 1048 1618 Hoc
1057 1599 1138 1626 porro
1146 1592 1253 1626 planum
1264 1591 1326 1619 facit
1340 1596 1367 1619 et
1380 1592 1471 1627 legalis
1485 1593 1578 1620 littera:
1586 1593 1633 1620 vis.
1647 1592 1675 1620 Si
1684 1593 1765 1625 enim,

991 1641 1020 1663 ut
1033 1637 1097 1664 dicit
1107 1636 1269 1664 errabundus
1283 1636 1419 1671 Origenes,
1431 1638 1465 1665 ob
1473 1638 1610 1673 superiora
1626 1637 1764 1665 commissa

991 1680 1017 1707 in
1043 1681 1163 1715 supplicii
1186 1689 1218 1708 ac
1241 1689 1325 1716 preme
1347 1682 1407 1709 loco
1429 1683 1515 1709 anima
1539 1690 1635 1717 corpus
1654 1683 1765 1718 accepit,

990 1725 1161 1758 quamobrem
1177 1726 1312 1759 ﬂagitiosis
1332 1734 1363 1753 ac
1377 1727 1513 1754 sceleratis
1527 1732 1639 1754 mortem
1653 1727 1766 1754 commi-

990 1772 1052 1795 nata
1063 1770 1122 1796 est?
1145 1769 1228 1803 Magis
1242 1770 1312 1797 enim
1331 1775 1503 1805 oportuerat,
1526 1772 1611 1799 bonos
1629 1779 1660 1798 ac
1678 1772 1766 1805 justas

990 1815 1061 1842 viros
1075 1820 1189 1842 mortem
1201 1820 1339 1850 oppetere,
1354 1821 1382 1842 ut
1395 1817 1505 1843 vinculis
1519 1821 1546 1844 et
1559 1817 1688 1851 supplicio
1703 1817 1765 1843 libe-

990 1863 1113 1886 rarentur
1137 1869 1143 1885 :
1164 1860 1253 1886 vivere
1274 1865 1366 1887 contra
1387 1861 1514 1888 scelestos
1534 1869 1565 1888 ac
1579 1861 1712 1894 nefarios,
1736 1866 1765 1888 ut

990 1911 1068 1938 poena
1074 1903 1249 1937 aﬂlccrentur,
1256 1913 1305 1932 nec
1311 1905 1362 1931 ulla
1369 1906 1532 1932 vinculorum
1539 1910 1609 1933 esset
1615 1906 1742 1933 liberatio.
1752 1916 1760 1931 ε

1024 1947 1063 1975 Ex
1087 1949 1252 1983 expositione
1278 1949 1410 1985 synodica:
1434 1950 1552 1984 epistolae
1578 1950 1764 1985 episcoporum

990 1992 1098 2028 Egypti
1119 1997 1198 2027 atque
1216 1993 1380 2020 Alexandria:
1394 1994 1519 2028 adversus
1532 1994 1652 2028 Origenis
1666 1994 1763 2022 doctri-

990 2045 1050 2064 nam
1068 2047 1074 2064 :
1087 2048 1096 2063 ι
1108 2037 1155 2064 Hic
1164 2045 1238 2072 ergo,
1252 2038 1283 2065 de
1298 2046 1349 2073 quo
1363 2038 1458 2073 agitur,
1470 2038 1595 2073 Origenes
1606 2040 1685 2067 veluti
1699 2040 1764 2066 abo-

989 2082 1141 2110 tninationis
1149 2083 1279 2110 desolatio
1291 2084 1316 2110 in
1327 2084 1413 2110 medio
1427 2092 1494 2111 vera:
1508 2084 1630 2111 Ecclesia:
1644 2084 1760 2115 exstitit;

989 2134 1020 2154 ac
1035 2127 1173 2163 presbyter
1187 2128 1323 2155 ordinatus
1337 2136 1351 2154 a
1365 2129 1491 2155 canonica
1504 2149 1513 2162 ,
1536 2128 1569 2155 ab
1582 2135 1647 2160 una,
1670 2135 1684 2154 a
1699 2136 1762 2154 vera

989 2181 1084 2206 manu,
1109 2173 1263 2207 dignitatem
1278 2173 1423 2208 presbyteri
1438 2173 1532 2200 nudam
1556 2180 1587 2199 ac
1607 2173 1689 2200 solam
1712 2173 1761 2200 ha-

157 2216 216 2253 εἶχε
225 2219 254 2245 τὸ
265 2219 362 2253 ἀξίωμα
376 2222 421 2246 τοῦ
431 2219 604 2256 πρεσϐυτέρου
618 2219 686 2254 ψιλόν
692 2228 720 2245 τι
730 2221 769 2246 καί
783 2220 864 2256 μόνον,
880 2221 937 2246 καθα

991 2218 1064 2249 buit,
1092 2218 1313 2252 quemadmodum
1336 2222 1364 2245 et
1383 2219 1545 2253 apostolatus
1565 2219 1656 2246 habuit
1678 2219 1759 2246 Itono-

156 2264 223 2300 ἅπερ
245 2265 285 2290 καί
302 2264 330 2291 τὸ
344 2268 389 2293 τῆς
403 2264 543 2294 ἀποστολῆς
554 2262 624 2298 εἶχεν
636 2264 648 2291 ὁ
659 2264 764 2294 κλέπτης
790 2266 832 2292 καὶ
843 2264 936 2302 προδό-

156 2319 202 2337 της
219 2307 323 2338 Ἰούδας.
339 2308 486 2345 Ἀρξαμένου
506 2311 555 2346 γάρ
570 2310 647 2336 αὐτοῦ
662 2309 823 2345 βλασφήμους
840 2310 936 2344 ὁμιλίας

157 2353 249 2388 ὁμιλεῖν
259 2374 265 2385 ,
284 2352 297 2379 ὁ
313 2353 368 2380 κατ’
380 2354 456 2380 ίκεῖνο
470 2355 610 2391 μακαρίτης
623 2355 744 2390 Ἦρακλᾶς
759 2353 771 2380 ὁ
784 2355 935 2387 ἐπίσκοπος,

156 2401 191 2428 ὡς
202 2400 294 2435 ἀροτὴρ
318 2401 359 2426 καί
371 2399 544 2436 ἀμπελουργὸς
556 2399 684 2436 φιλαλήθης
696 2403 740 2427 τοῦ
751 2404 795 2429 τῆς
808 2400 936 2430 ἐκκλησίας

157 2444 254 2479 χοιρίον
270 2445 414 2478 τυγχάνων,
426 2444 452 2470 ἐκ
463 2445 538 2478 μέσου
558 2447 602 2471 τοῦ
614 2445 687 2471 καλοῦ
702 2446 772 2471 σίτου
787 2447 874 2472 τοῦτον
887 2445 936 2476 t5;-

155 2490 235 2522 τιλεν,
254 2491 287 2518 ὡς
302 2492 346 2517 τοῦ
361 2493 468 2527 πονηροῦ
487 2491 592 2522 ζιζανίου
606 2489 663 2518 ὄντα
682 2491 801 2520 ἀληθῶς.)
822 2492 867 2516 καί
881 2489 938 2526 μετ’

154 2534 235 2568 ὀλίγαι·
242 2533 379 2560 ε’ῐ-Σκπεσὼν
387 2533 460 2564 οὖτος
471 2535 512 2561 hri
519 2537 564 2563 τήν
573 2538 617 2569 γῆν
628 2533 756 2572 οὐρανόθεν
767 2536 800 2564 ὡς
806 2536 933 2572 ἀστραπή.

153 2579 267 2616 καθάπερ
281 2578 294 2605 ὅ
308 2581 398 2606 το³τον
415 2581 499 2616 πατὴρ
513 2578 526 2605 ὁ
541 2578 656 2608 διάϐολος
666 2599 673 2610 ,
693 2579 772 2614 θυμοῦ
786 2580 864 2605 πνίων
877 2579 933 2605 πολ-

152 2623 197 2649 λοῦ
217 2625 255 2649 καί
274 2622 353 2650 δεινοῦ
371 2624 435 2650 κατὰ
455 2627 499 2652 τῆς
514 2623 642 2653 ἀληθείας,
662 2623 702 2650 ἐπὶ
720 2625 763 2651 τήν
780 2623 932 2658 καλουμένην

153 2668 317 2696 Παλαιστίνην
335 2670 424 2704 χώραν
441 2668 559 2695 ἔπλευσε·
575 2670 617 2695 καὶ
630 2669 732 2697 καθίσας
751 2668 775 2694 Iv
789 2672 819 2703 τῇ
840 2675 932 2694 Ιιιιισσ-

155 2712 215 2748 ρέων
235 2713 400 2748 μητροπόλει,
425 2713 535 2747 κᾴκεῐθεν
552 2713 580 2739 τὸ
599 2716 756 2749 προσωπεῖον
770 2712 933 2747 ἀποκαλύψας

153 2755 209 2782 (Dav
222 2756 245 2785 ἐξ
260 2754 315 2782 ὅλου
333 2759 377 2783 τοῦ
391 2756 563 2791 καλύμματος,
578 2757 688 2792 καθάπερ
704 2755 716 2782 ὃ
737 2757 810 2790 ἰχθὺς
825 2757 839 2785 ἦ
853 2758 934 2784 σηπία

153 2800 226 2836 παρά
239 2810 291 2827 τισι
305 2801 451 2835 καλουμίνη,
460 2801 521 2840 ὅπερ
535 2802 610 2828 αὐτοῦ
626 2801 679 2828 καθ’
693 2801 779 2830 ἡδονὴν
792 2802 931 2837 ίτύγχανε,

191 2850 205 2863 ⁸
220 2844 344 2873 Demetrii
359 2847 478 2881 episcopi
492 2847 660 2874 Alexandrini
671 2855 820 2875 successor.

305 2895 439 2924 ΡΑ-ηιοι..
463 2893 522 2924 Gn.
547 2890 719 2923 LXXXVI.

987 2270 1044 2290 rem
1065 2263 1106 2289 fur
1129 2271 1160 2290 ac
1183 2263 1302 2298 proditor
1324 2263 1414 2291 Judas.
1438 2263 1463 2290 ls
1490 2264 1558 2290 enim
1583 2271 1642 2290 cum
1666 2264 1761 2298 cuspis-

987 2314 1028 2336 set
1048 2309 1215 2343 blasphemas
1236 2309 1358 2336 homilias
1375 2309 1486 2340 habere,
1511 2309 1634 2337 Heracles
1649 2314 1661 2327 ιι
1676 2310 1762 2337 beata~

986 2354 1122 2380 memoria:
1135 2357 1190 2380 tum
1205 2354 1353 2388 episcopus,
1368 2357 1397 2380 ut
1411 2354 1544 2381 studiosus
1560 2354 1685 2386 veritatis,
1701 2361 1761 2381 ara~

987 2404 1030 2426 tor
1041 2407 1073 2426 ac
1084 2400 1181 2426 vinitor
1189 2399 1359 2427 ecclesiastici
1371 2399 1436 2432 agri,
1445 2407 1504 2426 eum
1513 2407 1528 2426 e
1542 2399 1628 2426 medio
1643 2399 1759 2433 pulchrm

986 2451 1017 2470 ac
1034 2444 1098 2470 tmte
1113 2444 1207 2477 segetis
1222 2443 1327 2476 evulsit,
1349 2443 1421 2478 quod
1442 2450 1532 2470 revera
1548 2451 1563 2470 e
1575 2443 1644 2470 malo
1657 2443 1758 2470 zizanio

986 2492 1065 2515 esset.
1077 2498 1085 2514 ε
1099 2487 1136 2515 Ac
1144 2489 1223 2522 paulo
1237 2492 1297 2523 post
1311 2497 1317 2514 :
1334 2498 1342 2513 ε
1352 2488 1438 2521 Quare
1452 2489 1494 2515 hic
1508 2497 1523 2516 e
1537 2489 1605 2516 cmlo
1620 2489 1645 2515 in
1661 2494 1758 2516 terram

985 2532 1120 2564 decidens,
1132 2537 1256 2567 tanquam
1268 2532 1362 2566 fulgur,
1382 2533 1451 2560 sicut
1464 2537 1492 2559 et
1504 2533 1561 2567 ejus
1575 2538 1651 2568 pater
1664 2534 1758 2561 diabo~

986 2576 1043 2609 lus,
1068 2577 1158 2604 multa:
1180 2577 1330 2612 atrocisque
1352 2577 1493 2604 iracundiae
1507 2582 1599 2605 contra
1621 2579 1758 2605 veritatem

986 2621 1100 2655 spirans,
1111 2621 1136 2647 in
1148 2620 1312 2648 Palaestinam
1324 2621 1459 2655 regionem
1472 2622 1618 2656 navigavit;
1631 2628 1759 2650 moratus-

985 2673 1037 2700 que
1047 2665 1073 2692 in
1084 2665 1288 2693 Caesareensium
1300 2666 1448 2701 metropoli,
1457 2674 1516 2694 cum
1526 2675 1663 2701 personam
1677 2675 1758 2702 quam

985 2710 1035 2736 sibi
1049 2710 1368 2744 indueratdeposuisset,
1391 2718 1472 2745 seque
1492 2712 1653 2746 aperuisset,
1677 2711 1757 2739 veluti

985 2755 1064 2789 piscis
1075 2754 1123 2789 qui
1131 2755 1203 2789 sepia
1215 2756 1284 2790 apud
1295 2756 1421 2790 quosdam
1436 2757 1591 2791 appellatur,
1607 2757 1757 2791 signiﬁcans

985 2799 1055 2836 quod
1066 2800 1115 2827 sibi
1125 2800 1253 2834 voluptati
1264 2805 1332 2835 erat,
1340 2808 1370 2828 ac
1381 2801 1574 2829 tenebricosum
1583 2806 1662 2836 atque
1669 2806 1756 2829 atrum

1573 2886 1608 2916 3|
