1971 3091
155 149 222 182 1013

707 158 913 190 CONFESSIO
934 156 1066 188 RECTIE
1085 156 1202 186 FIDEI.

1701 147 1764 177 lilii

152 212 331 250 στεκχιᾶντων,
359 215 399 240 καὶ
424 212 561 247 τεμνόντων
584 211 613 239 τὸ
635 215 680 241 τῆς
704 211 771 240 θείας
794 211 935 245 οἰκονομίας

991 207 1106 235 dividunt
1127 208 1223 235 divina:
1246 207 1450 242 dispensationis
1473 205 1642 240 mysterium,
1667 204 1767 231 merito-

151 261 300 296 μυστήριον,
316 257 417 288 εἰκότως
431 257 584 297 ἐγράψαμεν,
601 258 641 284 καί
652 257 679 283 οὺ
692 260 729 291 τῷ
746 257 887 290 σαφηνίζειν
902 256 935 282 τὰ

151 304 176 335 ἐξ
192 301 224 330 ὧν
236 304 299 335 ἐστι,
314 304 356 329 καί
369 303 394 329 ἐν
407 301 443 332 οἷς
453 300 624 340 γνωρίζεταιὸ
638 300 755 339 Χριστὸς,
770 300 901 334 σύγχυσιν
919 298 934 327 ἦ

152 347 272 385 διαίρεσιν
284 352 314 385 τῇ
325 349 380 385 θείᾳ
394 349 521 384 οἰκονομίᾳ
535 347 675 383 εἰσάγομεν.
691 345 786 380 “Δμέλιι
795 344 935 378 δοξοληγίαν

153 394 196 420 καὶ
209 393 251 420 τὸν
264 396 308 422 τῆς
321 393 430 422 ὶνὼσεως
445 391 516 428 λόγον
526 392 702 428 προφέροντες,
717 391 762 418 ἕνα
770 390 883 426 Χριστὸν
894 390 936 415 καί

152 439 205 465 υἱόν
226 440 268 465 καὶ
289 438 373 475 κύριον
396 439 439 465 τὸν
453 441 498 465 τοῦ
514 441 575 465 Θεοῦ
589 437 660 472 λόγον
675 436 876 472 σεσαρκωμένον,
896 436 937 462 καί

154 484 378 520 ἐνανθρωπήσαντα
390 483 553 519 ὁμολογοῦμέν
571 493 598 510 τε
607 504 613 512 .
629 484 671 509 καὶ
690 485 877 519 προσκυνοῦμεν
890 482 938 508 σὺν

153 533 190 564 τῷ
206 531 284 564 πατρὶ
297 531 337 556 καί
349 533 384 564 τῷ
397 529 459 564 ἁγίῳ
472 530 606 564 πνεύματι.
626 529 724 556 Τούτων
737 528 817 558 οὕτως
832 528 880 556 ὑπὸ
893 531 938 558 τῆς

153 579 198 602 τοῦ
214 579 275 602 Θεοῦ
289 575 414 605 καθολικῆς
427 575 557 604 ἐκκλησίας
572 574 773 610 ὁμολογουμένων
782 595 790 608 ,
811 576 938 610 γινώσκειν

154 621 294 656 βουλόμεθα
306 621 403 650 πάντας
417 621 475 650 τοὺς
485 621 661 657 Χριστιανοὺς,
679 618 719 646 ὅτι
729 620 812 656 ὥσπερ
827 619 868 646 ἵνα
880 619 938 645 Θεὸν

155 663 196 691 καὶ
209 663 293 700 κύριον
313 663 417 699 ἔχομεν,
433 665 499 691 οὕτω
518 666 559 691 καὶ
571 666 629 699 μίαν
643 665 738 691 πίστιν.
756 662 795 693 Εἷς
809 664 858 700 γάρ
871 664 940 691 ἐστιν

156 709 213 746 ὅρος
228 711 354 741 πίστεως,
369 709 398 736 τὸ
413 709 540 745 ὁμολογεῖν
559 711 600 736 καὶ
615 709 690 745 ὀρθῶς
702 708 811 740 δοξάζειν
829 709 938 744 πατέρα,

156 757 198 782 καὶ
210 756 317 793 Χριστὸν
330 755 371 782 τὸν
382 756 433 781 υἶὸν
443 758 488 781 τοῦ
500 757 573 784 θεοῦ,
587 756 629 781 καὶ
641 754 710 790 ἅγιον
723 757 831 790 πνεῦμα.
840 755 939 782 Ταύτην

154 803 199 830 τὴν
211 800 341 836 ὁμολογίαν
355 799 519 836 φυλάττομεν,
536 801 571 829 ε⁷ς
583 800 612 828 ἣν
626 800 668 825 καὶ
682 799 874 832 ἐϐαπτίσθημεν,
889 797 939 824 δω-

155 847 269 883 ρηθεῖσαν
284 846 328 880 μὶν
342 846 414 882 παρὰ
431 848 475 872 τοῦ
489 844 597 880 μεγάλου
611 847 673 871 Θεοῦ
688 844 729 870 καί
745 847 859 879 σωτῆρος
873 843 941 878 ἡμῶν

984 253 1146 288 scripsimus,
1160 257 1187 280 et
1201 261 1254 280 non
1268 260 1301 280 eo
1314 252 1385 287 quod
1396 251 1564 280 declaramus
1581 258 1612 279 ea
1626 258 1659 278 ex
1670 251 1766 285 quibus

985 301 1036 331 est,
1051 302 1079 325 et
1092 298 1118 325 in
1133 298 1229 333 quibus
1243 298 1414 331 cognoscitur
1429 295 1561 328 Christus,
1580 295 1764 324 confusionem
1785 296 1794 307 ‘

985 343 1027 370 vel
1041 342 1197 370 divisionem
1211 342 1307 369 divina:
1326 341 1519 376 dispensationi
1535 340 1655 368 facimus.
1671 339 1771 374 Itaque,

985 387 1207 422 glorilicationem
1231 391 1258 414 et
1281 387 1409 414 unitiouis
1431 387 1563 414 rationem
1586 383 1767 420 proferentes.

987 440 1067 459 unum
1077 432 1210 460 Christum
1223 436 1251 459 et
1264 431 1358 459 Filium
1373 435 1401 458 et
1414 431 1566 463 Dominum,
1586 430 1703 457 Verbum
1718 428 1766 456 Dei

988 477 1152 504 incarnatum
1166 481 1193 504 et
1212 476 1347 504 hominem
1362 475 1459 503 factum
1473 475 1632 502 conlitemur
1655 478 1682 500 et
1701 473 1767 499 allo-

987 530 1076 550 ramus
1092 530 1152 550 cum
1167 522 1246 549 Patre
1264 526 1292 549 et
1315 521 1415 557 Spiritu
1437 525 1540 548 sancto.
1562 519 1625 547 Haec
1647 519 1684 546 ita
1708 526 1768 545 cum

988 567 1129 595 universali
1143 566 1189 594 Dei
1203 566 1322 594 Ecclesia
1341 564 1498 593 conﬁtentes
1518 565 1538 597 ¹,
1562 564 1632 592 scire
1646 562 1769 591 volumus

989 620 1082 640 omnes
1095 612 1270 645 Christianos,
1285 612 1356 646 quod
1370 612 1438 639 sicut
1452 619 1533 638 unum
1545 610 1628 637 Deum
1640 613 1667 636 et
1681 608 1769 636 Domi-

990 665 1052 684 num
1066 657 1200 689 habemus,
1223 657 1259 683 ita
1279 660 1307 683 et
1320 664 1399 683 unam
1416 656 1509 689 fidem,
1522 654 1580 682 Una
1594 655 1666 681 enim
1678 652 1771 680 delini-

991 703 1028 730 tio
1042 702 1101 729 ﬁdei
1115 706 1165 734 est,
1182 688 1303 729 coniiteri
1316 707 1344 729 ct
1357 706 1430 729 recte
1444 688 1594 735 glomcare
1606 700 1723 732 Patrem,
1745 703 1772 725 et

990 747 1123 775 Christum
1144 747 1238 773 Filium
1253 747 1310 779 Dei,
1337 750 1363 773 et
1378 746 1507 781 Spiritum
1531 749 1662 773 sanctum.
1691 743 1771 771 Istam

991 792 1184 820 confessionem
1206 799 1407 824 conservamus,
1432 791 1458 818 in
1474 798 1526 825 qua
1550 794 1577 818 et
1590 789 1718 824 baptilati
1732 796 1773 815 su.

991 837 1190 871 mus,:lonalam
1204 837 1310 871 quidem
1322 845 1337 864 a
1352 843 1448 870 magno
1460 836 1515 863 Deo
1529 839 1557 863 et
1570 835 1708 863 Salvatore
1721 840 1773 861 no—

154 890 238 920 'lncr:ﬁ
251 893 360 928 Χριστοῦ
375 893 429 920 τοῖς
443 889 521 926 ἁγίοις
538 891 612 917 αἰτοῦ
629 890 754 924 μαθηταῖς
772 890 814 915 καὶ
827 888 938 915 ἀποστό-

993 887 1048 909 stro
1067 881 1130 910 Jesu
1144 882 1250 910 Christo
1264 882 1363 909 sanctis
1377 882 1432 909 suis
1446 881 1582 916 discipulis
1595 885 1622 908 et
1634 879 1772 914 apostolis,

156 936 217 968 λοις,
233 936 292 973 παρ’
304 936 385 962 αὐτῶν
396 935 421 962 δὲ
434 936 605 971 κηρυχθεῐσαν
619 935 643 960 ἐν
651 933 700 968 ὅλῳ
713 937 749 970 τῷ
762 934 859 969 κόσμῳ.
873 934 902 960 οὶ
913 933 940 960 ὂὶ

156 981 296 1019 τριακόσιοι
314 980 374 1008 δέκα
390 982 432 1007 καί
450 981 512 1008 ὀκτὼ
526 981 634 1016 πατέρες
652 978 716 1015 ἅγιοι
733 979 755 1005 ei
770 979 940 1013 συναχθέντες

156 1027 180 1052 ἐν
195 1027 280 1062 Nuntia
293 1026 357 1053 κατὰ
368 1027 473 1061 ’Δριίου,
490 1026 530 1052 καί
541 1027 628 1051 τοῦτον
643 1024 707 1058 μετά
721 1027 765 1053 τῆς
785 1024 861 1050 αὐτοῦ
879 1024 940 1050 ἄσε-

157 1071 225 1101 ϐείας
239 1071 463 1102 καταδικάσαντες,
479 1073 522 1099 τήν
535 1071 613 1099 αὐτὴν
628 1069 757 1105 ὁμολογίαν
766 1089 773 1100 ,
788 1068 803 1098 ἦ
817 1068 941 1103 σύμϐολον

155 1119 195 1143 καί
209 1115 289 1152 [ἅγιον
309 1114 351 1151 ι.]
371 1117 475 1151 μάθημα
493 1119 538 1145 τῆς
559 1115 669 1144 πίστεως
691 1113 886 1150 παραδεδώκασι
909 1117 940 1150 τῇ

155 1159 215 1197 ἁγία
227 1163 271 1187 τοῦ
287 1163 348 1187 Θεοῦ
363 1160 495 1196 ἑκκλησίᾳ·
511 1160 553 1185 καὶ
564 1159 619 1193 μετ’
631 1158 735 1187 ἐκείνους
747 1158 769 1184 οἱ
784 1157 870 1185 iuet-rev
879 1167 940 1185 πεν-

156 1207 263 1234 τήκοντα
277 1205 342 1240 ἅγιοι
356 1205 464 1240 πατέρες
483 1204 506 1230 οί
519 1203 690 1238 συναχθέντες
704 1203 728 1229 ἐν
744 1210 943 1229 εωνσταντινου-

155 1251 225 1278 πόλει
238 1252 304 1278 κατά
318 1250 468 1278 Μακεδονίου
482 1253 527 1278 τοῦ
541 1250 758 1285 πνευματομάχου
768 1271 774 1282 ,
790 1250 831 1275 καὶ
841 1249 940 1284 Mdv/ww

155 1299 199 1322 τοῦ
212 1294 430 1333 ’Δπολιναριστοῦ,
455 1297 497 1321 καὶ
517 1295 624 1323 τούτους
642 1293 855 1323 καταδικάσαντες
878 1294 941 1328 μετὰ

156 1344 202 1370 τῆς
221 1341 303 1367 αὐτῶν
326 1341 458 1370 ὰσεεῗείας,
477 1340 665 1368 ἀκολουθοῦντέε
681 1348 707 1366 τε
721 1339 785 1365 κατὰ
802 1339 884 1365 πάντα
905 1341 940 1372 τῷ

156 1386 226 1421 αὐτῷ
241 1385 317 1421 ἁγίων
329 1385 448 1420 συμϐόλῳ
461 1388 497 1420 τῷ
509 1385 578 1421 παρὰ
592 1388 640 1411 τῶν
652 1386 801 1421 τριακοσίων
816 1382 940 1410 δεκαοκτώ

156 1429 233 1465 ἁγίων
244 1431 358 1467 πατέρων
369 1429 548 1466 παραδοῦέντι,
561 1429 700 1468 ίτράνωσαν
711 1429 744 1455 τὰ
757 1429 815 1465 περὶ
828 1433 873 1457 τῆς
887 1429 941 1455 θεό-

155 1483 231 1504 τητος
251 1477 296 1500 τοῦ
320 1474 391 1509 ἁγίου
415 1474 564 1508 πνεύματος.
579 1471 634 1499 Ἐτι
652 1471 678 1499 δὲ
702 1473 745 1500 καί
767 1473 788 1498 οἶ
808 1472 831 1498 ἐν
848 1473 940 1508 Ἐγέσῳ

156 1520 325 1554 συναχθέντες
339 1521 367 1547 τό
385 1520 505 1556 πρότερον
521 1518 587 1554 ἅγιοι
603 1519 710 1555 πατὲρες
729 1519 794 1546 κατὰ
807 1519 940 1555 Νεστορίου

994 927 1027 954 ab
1041 927 1079 954 eis
1094 932 1182 954 autem
1202 927 1373 962 praedicatam
1395 926 1422 953 in
1444 929 1501 953 toto
1517 925 1625 952 mundo.
1648 923 1773 951 Trecenti

993 978 1082 1000 autetn
1097 973 1188 1000 decem
1204 976 1231 1000 et
1242 977 1303 1000 octo
1316 972 1401 1000 sancti
1416 971 1512 999 Patres
1526 971 1631 998 collecti
1646 971 1671 997 in
1686 970 1774 998 Nicaea

993 1018 1118 1045 adversus
1131 1017 1233 1049 Arium,
1249 1017 1294 1045 illo
1306 1024 1366 1045 cum
1380 1024 1427 1044 sua
1438 1017 1574 1052 impietate
1586 1015 1774 1047 condemnato,

993 1061 1115 1089 eamdem
1128 1061 1334 1094 confessionem,
1356 1061 1382 1088 id
1394 1065 1444 1094 est,
1466 1065 1586 1089 sanctum
1600 1061 1735 1088 mathema
1749 1065 1774 1088 et

992 1106 1142 1142 symbolum
1157 1106 1220 1134 fidei
1235 1106 1400 1134 tradiderunt
1413 1110 1512 1133 sancta:
1531 1105 1578 1133 Dei
1593 1105 1733 1138 Ecclesiae;
1749 1110 1774 1133 ct

991 1156 1053 1188 post
1077 1152 1146 1185 illos,
1169 1157 1276 1179 centum
1287 1151 1479 1187 quinquaginta
1499 1152 1584 1179 sancti
1599 1150 1691 1178 Patres
1707 1150 1774 1178 Con-

992 1197 1165 1232 stantinopoli
1187 1197 1293 1224 collecti
1317 1196 1444 1224 adversus
1466 1196 1651 1224 Macedonium
1680 1200 1774 1223 sancto

992 1241 1102 1276 Spiritui
1124 1245 1327 1275 repugnantem,
1349 1246 1377 1268 et
1400 1239 1523 1274 Magnum
1547 1241 1774 1276 Apollinaristam,

993 1284 1045 1311 illis
1058 1284 1242 1312 condemnatis
1256 1292 1315 1312 cum
1326 1292 1373 1312 sua
1388 1285 1510 1320 perﬁdia,
1525 1285 1609 1312 secuti
1622 1292 1671 1320 per
1685 1285 1774 1312 omnia

993 1333 1063 1361 idem
1077 1337 1198 1361 sanetum
1212 1334 1362 1369 symbolum
1377 1334 1502 1361 traditum
1515 1341 1530 1361 a
1541 1334 1668 1362 trecentis
1682 1335 1775 1362 decem

993 1385 1021 1409 et
1031 1385 1093 1409 octo
1106 1382 1205 1409 sanctis
1219 1381 1353 1416 Patribus,
1371 1383 1580 1417 explanaverunt
1592 1390 1651 1418 qua:
1666 1387 1728 1410 sunt
1742 1383 1775 1411 de

994 1428 1093 1455 deitate
1112 1429 1195 1456 sancti
1220 1428 1334 1463 Spiritus
1357 1428 1426 1465 (Act.
1447 1428 1484 1463 5).
1505 1428 1615 1464 Insuper
1636 1434 1723 1456 autem
1747 1433 1776 1456 et

994 1478 1038 1512 qui
1053 1477 1080 1504 in
1094 1477 1200 1512 Epheso
1221 1478 1293 1511 prius
1314 1478 1420 1505 collecti
1443 1483 1505 1504 sunt
1518 1478 1602 1505 sancti
1617 1477 1710 1505 Patres
1725 1478 1774 1505 ad-

993 1531 1086 1551 versus
1113 1523 1265 1551 Nestorium
1288 1523 1414 1558 impium,
1439 1527 1466 1550 et
1485 1523 1530 1558 qui
1555 1524 1582 1550 in
1604 1523 1775 1551 Chalcedone

157 1569 202 1591 τοῦ
214 1565 370 1598 δυσσεϐοῦς,
391 1566 433 1592 καί
446 1566 468 1591 οί
483 1564 507 1591 ἰν
521 1563 658 1592 Χαλκηδόνι
676 1563 743 1599 ἅγιοι
756 1566 863 1600 πατέρες
876 1565 938 1591 κατά

991 1572 1174 1596 convenerunt
1196 1568 1280 1596 sancti
1304 1567 1396 1595 Patres
1410 1569 1537 1595 adversus
1554 1568 1699 1604 Eutychem
1719 1569 1771 1596 im—

156 1611 291 1644 Εὐτυχοῦς
305 1613 349 1636 τοῦ
365 1609 522 1642 δυσσεϐοῦς,
543 1609 756 1638 ἀκολουθήσαντες
777 1610 841 1636 κατὰ
857 1610 939 1637 πάντα

156 1659 193 1690 τῷ
206 1655 324 1689 εἰρημένῳ
339 1655 401 1690 ἁγίῳ
417 1654 546 1689 συμϐόλῳ,
559 1654 615 1682 ἦτοι
623 1654 749 1689 μαθήματι
760 1658 805 1684 τῆς
819 1655 937 1687 πίστεως,

156 1700 233 1728 νατεδ
243 1710 324 1727 κασαν
344 1701 402 1730 τοὺς
427 1699 621 1735 προειρημένους
648 1699 784 1737 αἵρετικούς
806 1700 871 1734 μετά
894 1704 939 1729 τῆς

157 1747 240 1772 αὐτῶν
254 1746 384 1778 ἀσεϐείας,
398 1746 440 1771 καὶ
458 1749 507 1772 τῶν
521 1743 596 1779 ὅμοια
616 1745 698 1773 αὐτοῖς
720 1745 892 1781 φρονησάντων
903 1764 910 1776 ,
923 1744 938 1774 ἦ

156 1792 200 1818 καὶ
221 1791 383 1826 φρονούντων.
406 1792 454 1816 Καὶ
474 1790 538 1825 πρὸς
558 1790 657 1818 τούτοις
679 1790 859 1823 ἀνεθεμάτισαν
881 1790 940 1819 τοὺς

157 1836 241 1871 ἕτερον
253 1834 310 1872 ὅρον
322 1836 429 1864 πίστεως
442 1834 495 1863 ἤτοι
509 1834 633 1868 σύμϐολον
655 1836 693 1860 καὶ
713 1834 815 1868 μάθημα
829 1833 940 1871 παραδι-

158 1879 248 1909 δόντας
261 1884 310 1910 τοῖς
321 1883 455 1917 προσιοῦσι
466 1882 502 1915 τῷ
513 1878 575 1914 ἁγίῳ
586 1878 758 1913 βαπτίσματι,
768 1878 784 1907 ἦ
798 1879 822 1910 ἐξ
838 1877 942 1906 οἱασδή-

157 1935 220 1951 ποτε
234 1925 352 1961 αἱρέσεως
367 1923 542 1959 ἔπιστρέῖουσι
559 1923 629 1958 παρὰ
640 1923 683 1949 τὸν
701 1921 885 1959 παραδοθέντα,
906 1924 939 1952 ὡς

159 1969 272 2005 ε’ρηται,
291 1970 340 1996 ὑπὸ
353 1972 402 1996 τῶν
421 1969 571 2004 τριακοσίων
585 1967 644 1994 δέκα
658 1968 701 1994 καὶ
722 1967 786 1994 ὀκτώ
800 1967 876 2003 ἁγίων
890 1978 944 1994 πα-

157 2016 247 2051 τέρων,
259 2016 300 2041 καὶ
310 2014 465 2051 τρανωθέντα
477 2013 527 2040 ὑπὸ
538 2017 588 2040 τῶν
603 2013 687 2040 ἑκατὸν
701 2015 851 2041 πεντήκοντα
864 2013 940 2048 ἁγίων

157 2060 282 2096 πατέρων.
297 2061 397 2086 Τούτων
417 2059 496 2089 οὕτως
517 2059 628 2094 ἑχόντων
645 2058 790 2094 συνείδομεν
808 2061 849 2086 καὶ
872 2060 942 2094 κεφά-

156 2105 215 2132 λαια
234 2106 355 2137 ὑποτάξαι
372 2108 417 2135 τήν
435 2116 463 2132 τε
484 2108 530 2134 τῆς
544 2106 654 2134 πίστεως
673 2105 745 2141 ὀρθήν
767 2104 898 2140 ὁμολογίαν
918 2106 942 2131 ἐν

158 2152 288 2187 συντόμῳ,
301 2154 345 2180 τήν
354 2161 381 2178 τε
396 2155 445 2178 τῶν
455 2151 586 2188 αἰρετικῶν
600 2152 745 2187 κατάκρισιν
759 2151 923 2186 περιέχοντα.

193 2195 225 2222 Εἴ
243 2206 282 2226 τις
305 2197 356 2231 οὐχ
378 2195 495 2232 ὁμολογεῖ
511 2196 627 2232 πατέρα,
653 2196 695 2221 καί
717 2195 783 2226 υἱὸν,
806 2196 847 2221 καὶ
870 2194 938 2229 ἅγιον

991 1615 1075 1649 pium,
1087 1615 1172 1643 secuti
1186 1622 1234 1650 per
1250 1615 1339 1642 omnia
1352 1615 1506 1652 prmdictum
1528 1619 1650 1643 sanctum
1665 1616 1773 1651 symbo-

991 1660 1044 1687 lum
1058 1661 1114 1687 sive
1127 1661 1262 1688 mathema
1279 1661 1349 1692 fidei,
1372 1660 1618 1688 condemnaverunt
1629 1661 1771 1696 przcdictos

991 1705 1132 1732 hmreticos
1145 1712 1198 1732 una
1209 1712 1269 1732 cum
1284 1712 1377 1732 eorum
1397 1705 1545 1740 impietate,
1569 1709 1597 1732 et
1611 1705 1661 1732 hos
1677 1705 1722 1740 qui
1733 1705 1771 1732 si-

990 1749 1062 1776 milia
1073 1750 1126 1776 illis
1139 1754 1294 1784 sapuerunt,
1308 1749 1350 1776 vel
1364 1749 1480 1784 sapiunt.
1504 1749 1538 1775 Et
1551 1757 1632 1784 super
1642 1749 1698 1777 haec
1708 1757 1774 1776 ana-

990 1793 1229 1820 thematizaveruut
1253 1801 1300 1820 eos
1324 1793 1370 1827 qui
1393 1793 1473 1820 aliam
1493 1793 1675 1820 deﬁnitionem
1699 1793 1772 1826 iidei,

989 1839 1045 1866 sive
1060 1838 1220 1874 symbolum,
1235 1838 1291 1866 sive
1305 1838 1439 1865 mathema
1460 1837 1569 1864 tradunt
1582 1837 1771 1865 accedentibus

992 1883 1025 1910 ad
1039 1887 1158 1910 sanctum
1172 1883 1312 1917 baptisma,
1328 1882 1370 1910 vel
1388 1890 1422 1910 ex
1435 1890 1593 1918 quacunque
1608 1882 1700 1910 haeresi
1711 1890 1772 1910 con-

991 1928 1084 1959 versis,
1100 1931 1197 1962 praeter
1210 1927 1339 1954 traditum
1354 1927 1435 1962 (sicut
1448 1927 1547 1954 dictum
1562 1927 1613 1961 est)
1636 1934 1652 1954 a
1666 1932 1772 1955 trecen-

991 1972 1025 1999 tis
1038 1972 1129 1999 decem
1144 1975 1171 1999 et
1185 1975 1247 1999 octo
1260 1972 1361 2000 sanctis
1375 1971 1508 2004 Patribus,
1523 1975 1550 1999 et
1569 1972 1741 2006 explanatum
1756 1981 1771 2000 a

990 2021 1095 2044 centum
1108 2016 1298 2051 quinquaginta
1312 2017 1411 2044 sanctis
1423 2015 1553 2043 Pati-ibus.
1568 2015 1615 2043 His
1630 2016 1667 2044 ita
1681 2024 1710 2044 se
1723 2016 1773 2044 ba-

988 2061 1123 2094 bentibus,
1141 2061 1324 2096 perspeximus
1337 2065 1364 2088 et
1378 2060 1492 2096 capitula
1501 2069 1659 2096 supponere,
1677 2061 1774 2096 quibus

987 2112 1041 2134 tam
1048 2111 1128 2135 recte
1138 2107 1198 2134 lidei
1210 2107 1400 2142 compendiosa
1409 2105 1552 2140 confessio,
1565 2114 1644 2142 quam
1660 2107 1769 2135 haereti-

988 2160 1080 2180 corum
1093 2152 1279 2180 condemnatio
1293 2153 1455 2180 continetur.

1024 2197 1044 2224 Ι.
1065 2196 1094 2224 Si
1116 2197 1176 2231 quis
1202 2205 1256 2225 non
1275 2196 1418 2224 confitetur
1439 2197 1556 2231 Patrem,
1579 2202 1607 2226 et
1621 2198 1728 2230 Filium,
1741 2203 1769 2226 ct

156 2244 271 2276 πνεῦμα,
293 2240 384 2278 τριάδα
398 2240 544 2276 ὁμοούσιον,
565 2241 624 2275 μίαν
637 2239 756 2269 ϐιότητα,
776 2239 852 2274 ἤγουν
865 2240 938 2274 φύσιν

991 2241 1115 2276 Spiritum
1128 2245 1260 2273 sanctum,
1286 2246 1313 2269 et
1326 2242 1483 2269 Trinitatem
1505 2242 1770 2274 consubstantialem,

157 2287 198 2312 καί
212 2287 313 2317 οὐσίαν,
326 2287 385 2322 μίαν
401 2296 428 2312 τε
442 2285 547 2322 δύναμιν
564 2288 605 2313 καί
618 2287 731 2318 ἐξουσίαν
745 2287 769 2312 ἐν
782 2287 863 2323 τρισίν
877 2286 940 2314 ύπο-

157 2334 290 2364 στάσεσιν,
305 2333 379 2369 ἤγουν
395 2334 542 2369 προσώποις
555 2334 786 2369 προσκυνουμένην,
802 2332 814 2360 ὁ
827 2336 940 2363 τοιοῦτος

156 2378 268 2408 ἀνάθεμα
283 2377 362 2405 ἵστω.

191 2421 222 2449 Εἴ
230 2433 269 2452 τις
290 2423 340 2457 οὐχ
359 2421 474 2458 ὁμολογεῖ
487 2422 529 2448 τόν
543 2421 592 2458 πρὸ
608 2421 716 2453 αἰώνων,
731 2421 773 2448 καί
784 2420 900 2458 ἁχρόνως
911 2421 936 2448 εχ

155 2471 201 2495 τοῦ
214 2468 310 2504 πατρὸς
320 2468 464 2504 γεννηθέντα
477 2467 537 2494 θεὸν
548 2466 619 2503 λόγου
633 2467 670 2493 ἐπ’
682 2467 801 2502 ἐσχάτων
814 2469 864 2494 τῶν
877 2467 936 2501 ἠμε-

154 2516 206 2550 ρῶν
224 2512 383 2548 [κατελθόντα
397 2513 424 2539 in
437 2516 486 2540 τῶν
499 2512 607 2550 οὐρανῶν
621 2513 660 2538 καὶ
675 2510 716 2546 L.]
737 2512 895 2548 σαρκωθέντα
913 2513 940 2539 ἐκ

154 2560 201 2587 τῆς
213 2556 285 2592 ἁγίας
297 2556 407 2592 [ὶνδόξου
418 2556 460 2591 1η]
474 2557 588 2583 θεοτόκου
600 2557 641 2583 καὶ
653 2557 820 2593 ἀείπαρθίνου
831 2559 935 2593 Μαρίας,

155 2602 199 2628 καὶ
218 2599 344 2638 ἄνθρωπον
366 2599 492 2636 γενόμενον
512 2601 654 2636 γεννηθέντα
673 2601 698 2631 ἐξ
719 2602 810 2633 αὐτῆς,
833 2604 873 2628 καί
895 2601 937 2628 διὰ

151 2647 230 2673 τοῦτο
243 2650 286 2673 τοῦ
300 2647 378 2673 αὐτοῦ
393 2649 455 2673 Θεοῦ
468 2645 540 2680 λόγου
556 2641 618 2671 εἶναι
627 2645 673 2674 τὰς
688 2644 732 2671 δύο
745 2648 881 2680 γεννήσεις,
892 2657 936 2674 τιν

152 2704 180 2721 τι
196 2692 244 2729 πρὸ
261 2692 356 2718 αἰώνων
377 2689 535 2725 ἀσωμάτοις,
558 2690 599 2715 καὶ
619 2691 663 2717 τήν
685 2688 724 2715 ἔπ’
747 2690 867 2722 ἐσχάτων
887 2693 936 2716 τῶν

154 2736 253 2772 ἡμερῶν
268 2737 334 2762 κατὰ
347 2736 441 2772 σάρκα,
455 2734 467 2761 ὁ
482 2737 592 2763 τοιοῦτος
603 2734 709 2768 ἀνάθεμα
721 2733 801 2760 ἔστω-

188 2779 267 2810 tein:
276 2781 341 2816 λέγει
352 2779 423 2807 ἄλλον
438 2778 500 2807 εἶναι
510 2780 551 2807 τὸν
566 2779 624 2806 Θεὸν
637 2779 707 2814 λόγον
719 2780 760 2806 τὸν
776 2780 935 2818 ﬂauius-eup—

990 2294 1069 2314 unam
1092 2286 1228 2319 deitatem,
1253 2293 1301 2314 seu
1323 2290 1457 2319 naturam,
1481 2291 1509 2314 et
1527 2287 1717 2320 substantiam,
1743 2291 1772 2314 et

990 2339 1069 2358 unam
1090 2331 1214 2358 virtutem
1229 2335 1257 2358 et
1270 2335 1431 2366 potestatem
1446 2332 1472 2359 in
1487 2332 1572 2359 tribus
1593 2332 1772 2360 subsistentiis

987 2383 1035 2403 seu
1048 2375 1169 2411 personis
1183 2375 1353 2408 adorandam,
1371 2376 1432 2403 talis
1443 2377 1584 2404 anathema
1597 2377 1641 2404 sit.

1023 2421 1054 2448 ll.
1075 2420 1103 2448 Si
1117 2421 1177 2454 quis
1190 2428 1244 2448 non
1258 2420 1401 2448 confitetur
1415 2429 1484 2454 eum,
1500 2422 1546 2456 qui
1560 2426 1623 2449 ante
1636 2422 1732 2450 secula
1743 2426 1772 2450 et

990 2467 1047 2494 sine
1062 2470 1183 2500 tempore
1197 2472 1231 2493 ex
1253 2465 1332 2493 Patre
1346 2469 1424 2493 natus
1438 2471 1488 2499 est,
1507 2466 1591 2494 Deum
1605 2466 1721 2494 Verbum
1742 2467 1769 2494 in

990 2511 1090 2538 ultimis
1104 2511 1197 2539 diebus
1211 2510 1381 2539 descendisse
1398 2512 1432 2539 de
1453 2512 1539 2546 caelis,
1562 2517 1590 2540 et
1603 2512 1769 2540 incarnatum

989 2563 1048 2584 esse
1062 2555 1096 2582 de
1109 2560 1199 2583 sancta
1213 2555 1329 2589 gloriosa
1343 2556 1390 2583 Dei
1405 2557 1540 2585 Genitrice
1553 2561 1581 2585 et
1593 2565 1701 2592 semper
1716 2558 1770 2585 vir—

987 2601 1049 2634 gine
1062 2600 1153 2633 Maria,
1169 2605 1196 2628 et
1209 2601 1344 2628 hominem
1357 2599 1465 2634 factum,
1482 2606 1572 2629 natum
1584 2610 1643 2630 esse
1655 2610 1689 2630 ex
1700 2603 1769 2638 ipsa,

988 2647 1014 2670 ct
1026 2646 1136 2677 propter
1144 2643 1196 2670 hoc
1205 2643 1328 2678 ejusdem
1341 2643 1386 2670 Dei
1397 2642 1478 2670 Verbi
1489 2644 1558 2672 duas
1570 2653 1631 2673 esse
1643 2647 1771 2673 nativita-

988 2691 1038 2717 tes,
1049 2686 1153 2722 |_Suppt.
1170 2692 1299 2715 aeternam
1312 2688 1416 2717 scilicet
1426 2688 1464 2725 et]
1476 2695 1535 2716 eam
1546 2697 1606 2724 quae
1616 2694 1655 2717 est
1669 2691 1694 2717 iu
1709 2691 1771 2717 ltiti-

988 2734 1039 2759 tuis
1053 2733 1148 2760 diebus
1161 2734 1310 2762 scentulum
1324 2742 1445 2766 carnem,
1456 2735 1519 2762 talis
1530 2736 1671 2762 anathema
1688 2737 1731 2762 sit.

1021 2779 1064 2806 lll.
1079 2779 1106 2806 Si
1120 2779 1179 2813 quis
1191 2778 1254 2805 dicit
1268 2778 1348 2806 alium
1359 2786 1418 2807 esse
1431 2779 1514 2808 Deum
1527 2781 1641 2809 Verbum
1657 2783 1702 2818 qui
1718 2786 1767 2811 Illi-

190 2871 197 2886 '
224 2867 380 2896 Universalis
403 2867 433 2895 D.
458 2876 479 2895 ιι.
502 2868 660 2897 confiteatur,
683 2869 766 2896 (inec.
785 2868 869 2902 Atque
890 2867 926 2895 ita

991 2888 997 2894 .
1028 2867 1111 2895 codex
1126 2866 1252 2895 Bobierii.
