1971 3091
149 160 215 194 1037

511 152 693 183 EPISTULA
712 155 910 187 ADVERSUS
929 158 1168 189 THEODORUM
1190 157 1397 189 MOPSUEST.

1690 161 1758 193 1038

146 216 214 242 σθαι.
228 215 273 242 Καί
289 214 319 243 δή
333 216 460 251 γενομένης
475 216 594 253 ἀκριϐοῦς
610 216 747 248 ἐξετάσεως
765 218 926 245 κατεδίνασαπ.

982 219 1068 252 ipsum
1098 218 1247 245 Nestorium
1263 218 1367 253 adesse,
1384 223 1410 246 et
1426 218 1558 253 'judicium
1572 220 1605 248 de
1626 228 1660 257 eo
1684 222 1741 249 ﬁeri
1756 231 1765 250 :

150 260 281 295 Νιστόριον
292 281 298 291 .
311 261 541 295 ’ἁναϐεματίσαντες
555 264 601 288 σὺν
619 268 670 292 τοῖς
686 263 820 300 ὀμοὲρροσιν
843 266 927 292 αὐτοῦ.

143 305 243 331 Τούτων
257 304 283 331 δέ
299 305 364 331 οὕτω
379 306 561 340 προελθόντων,
578 307 760 337 ἐπαναστάντες
773 310 880 345 Rupilio:
894 314 930 345 τῷ

146 349 326 383 πανοσιωτάτῳ
337 349 359 375 οἱ
372 353 414 378 τῆς
427 345 559 383 ἐξαγίστηυ
571 352 707 387 Νεστορίου
720 352 827 390 μερίδος,
841 354 930 379 ἐσπού-

144 392 241 424 amati,
261 393 290 421 τό
301 403 329 429 γε
350 392 388 419 ἐπ’
401 395 493 425 αὐτοῖς,
508 395 645 430 ἀνατρέψαι
658 398 702 424 τὴν
715 398 782 424 κατὰ
795 401 929 434 Νεστορίου

144 439 306 473 γεγενημένην
328 439 416 476 κρίσιν.
430 438 489 465 Ἀλλ’
511 436 553 465 οὖν
574 450 600 474 γε
628 439 758 470 Θεοδίσιος
774 441 787 468 ὁ
811 442 930 472 βασιλεὺς

144 485 384 518 ἀντιλαμϐανόμενος
397 488 446 511 τῶν
467 483 542 515 ὅντως
561 485 638 521 ὀρθῶς
657 487 721 512 κατὰ
741 489 873 524 Νεστορίου
888 490 930 515 καὶ

143 533 194 557 τῶν
214 533 325 567 πονηρῶν
349 530 425 556 αὐτοῦ
447 528 577 564 δογμάτων
591 530 735 567 κριθέντων,
754 533 929 568 παρεσκεύασε

144 579 247 610 κρατεῖν
271 575 387 610 γενναίως
408 573 526 608 [Latinus
549 574 679 607 interpres
700 574 762 608 legit
779 575 870 611 οὕτως]
886 579 930 605 τήν

144 620 183 647 ἔπ’
209 622 278 656 αὐτῷ
305 621 467 655 γεγενημένην
493 620 582 655 κρίσιν.
612 620 656 645 καὶ
686 620 736 656 γὰρ
769 620 834 657 πρὸς
868 622 928 648 τού-

143 677 196 697 τοις
219 670 261 694 καὶ
291 667 353 694 ἄλλα
378 668 434 694 τινὰ
461 668 524 693 κατὰ
547 670 591 694 τοῦ
615 667 681 693 θείου
708 667 824 705 Κυρίλλου
851 678 930 694 κατα-

143 713 354 748 φλυαρησάντων,
386 713 474 749 γράφει
504 713 567 749 πρὸς
599 713 642 739 τὸν
674 713 779 747 βασιλέα
812 712 928 749 Κύριλλος

143 763 257 786 τοιαῦτα”
274 768 282 784 ι
292 757 439 795 Ἐπειδήπιρ
450 758 582 794 ἐπυθόμην,
598 756 616 783 ὧ
630 758 797 785 εὐσεϐέστατε
812 758 927 794 βασιλεῦ,

142 809 191 832 τῶν
203 805 336 841 φιλολογεῖν
356 804 474 831 εἰωθότων
486 805 555 833 τινὰς
577 805 667 841 ἀγρίων
684 807 782 839 σφηκῶν
802 803 871 832 δίκην
884 814 929 831 πε-

142 850 271 888 ριϐομϐεῖν
280 870 286 880 ,
304 851 346 876 καί
365 850 512 885 μοχθηροὺς
525 849 667 884 ἑριύγεσθαι
686 848 741 876 κατ’
754 849 814 884 ἐμοῦ
828 849 925 885 λόγους,

982 264 1155 298 diligentique
1179 265 1378 291 examinatione
1392 264 1469 297 facta,
1486 266 1646 293 damnarunt
1659 272 1686 294 et
1700 275 1764 295 ana-

983 309 1189 335 thematizarunt
1203 308 1355 336 Nestorium
1370 318 1421 336 una
1432 318 1493 337 cum
1505 312 1680 339 sectatoribus
1695 314 1763 347 ejus.

982 354 1028 381 His
1038 359 1126 380 autem
1141 354 1177 381 ita
1191 354 1348 386 subsecutis,
1364 363 1425 382 cum
1448 355 1652 384 insurrexissent
1670 362 1763 385 contra

980 399 1176 425 sanctissimum
1204 398 1332 433 Cyrillum
1360 404 1506 428 sectatores
1534 401 1607 435 impii
1631 402 1762 434 Nestorii,

979 444 1068 470 conati
1079 447 1141 470 sunt
1152 444 1290 477 (quantum
1305 445 1331 471 in
1345 445 1408 479 ipsis
1419 445 1478 481 fuit)
1491 447 1642 474 rescindere
1652 452 1759 475 sentem

980 489 1044 514 tiam
1058 493 1152 515 contra
1165 489 1316 516 Nestorium
1327 489 1417 516 latam.
1430 490 1482 518 Sed
1498 491 1664 519 Theodosius
1676 493 1762 527 impc-

980 537 1063 564 rator.
1080 533 1225 561 defendens
1238 542 1269 561 ea
1284 542 1343 568 qua:
1360 536 1396 561 ita
1412 540 1486 563 recte
1502 542 1595 564 contra
1610 537 1759 565 Nestorium

980 583 1008 605 et
1021 579 1100 612 impia
1116 579 1173 613 ejus
1184 580 1309 614 dogmata
1324 580 1429 607 fuerant
1441 581 1569 616 judicata,
1585 583 1763 612 damnationis

980 624 1137 650 sententiam
1156 624 1181 650 in
1198 632 1257 651 eum
1273 624 1369 652 factam
1384 630 1471 652 ratam
1485 627 1578 654 haberi
1594 629 1705 656 curavit.
1720 628 1763 656 In-

979 676 1060 703 super
1074 674 1163 696 autem
1179 678 1238 696 cum
1249 674 1276 697 et
1289 671 1409 709 quaedam
1423 672 1474 698 alia
1486 673 1597 700 crimina
1611 674 1701 701 divino
1710 673 1762 709 Cy-

979 713 1039 739 rillo
1059 714 1128 748 apud
1151 714 1339 748 imperatorem
1365 706 1502 749 nugaciter
1525 717 1713 751 impinget-ent,
1728 719 1762 745 ad

980 760 1168 794 imperatorem
1183 760 1297 795 Cyrillus
1311 761 1338 787 in
1358 761 1428 788 hanc
1449 763 1609 790 sententiam
1633 765 1737 798 scripsit
1754 773 1759 790 :

982 814 991 829 ι
1005 804 1149 839 Postquam
1171 805 1234 831 mihi
1245 826 1253 838 ,
1268 806 1387 840 piissime
1401 806 1558 841 imperator,
1580 810 1761 836 renuntiatum

979 854 1029 881 est.
1045 849 1175 883 quosdam
1195 850 1314 883 garrulos
1329 850 1414 878 instar
1431 859 1572 886 vesparqu
1587 852 1702 880 ferarum
1717 861 1762 879 su-

142 896 176 924 ὡς
191 896 216 926 ἐξ
230 896 336 932 οὐρανοῦ
351 895 542 929 κατα-κομισθὲν,
559 895 602 920 καὶ
621 894 662 920 οὐκ
675 895 702 920 ἕκ
712 898 756 924 τῆς
771 894 845 929 ἁγίας
858 905 925 930 παρ-

977 894 1059 921 surris
1069 895 1123 922 suis
1136 902 1213 922 aures
1237 899 1296 921 tuas
1310 903 1464 930 personare,
1483 900 1510 923 et
1524 897 1665 924 maledicta
1680 898 1706 925 in
1719 906 1762 925 me

141 942 212 967 θένον
224 940 336 974 λέγοντος
353 939 382 966 τὸ
401 940 464 965 θεῖον
480 943 555 974 σῶμα
568 941 694 975 Χριστοῦ,
710 940 752 965 καί
771 940 815 972 μέν
833 950 871 966 τοι
885 941 927 966 καὶ

141 984 187 1012 δύο
197 985 268 1015 υἱοὺς
282 983 346 1012 κατά
355 984 488 1021 Νεστόριον
498 984 622 1019 ὁμολογεῖν
630 985 696 1019 ἡμᾶς
707 984 925 1021 κατιφλυάρησαν,

142 1030 195 1057 δεῖν
205 1032 316 1066 ᾠήθημεν
326 1030 396 1065 ὀλίγα
404 1031 463 1066 περί
471 1030 560 1056 τούτου
572 1029 635 1066 πρὸς
645 1030 738 1059 αὐτοὺς
750 1030 827 1056 εἰπεῖν
836 1029 925 1058 οὕτως’

140 1074 177 1101 Ὠ
190 1076 290 1104 ἀνόητοι
302 1076 343 1102 καί
359 1076 431 1111 μόνον
445 1075 535 1104 εἰδότες
549 1079 720 1111 συκοφαντεῖν,
736 1079 791 1104 πῶς
805 1077 839 1105 εἰς
853 1078 928 1102 τοῦτο

140 1122 289 1155 παρήχθητε
311 1123 428 1156 γνώμης,
451 1122 491 1147 καί
510 1121 637 1149 τοσαύτην
656 1123 804 1149 νενοσήκατε
821 1122 925 1153 uomitu;

141 1165 192 1193 ἴδει
208 1170 294 1201 σαφῶς
314 1168 418 1198 ἐννοεῖν,
435 1165 472 1193 ὅτι
494 1165 589 1200 σχεδὸν
613 1165 679 1195 ἅπας
691 1167 750 1201 ἡμῖν
772 1166 784 1193 ὁ
803 1167 867 1203 ὑπὲρ
882 1171 927 1195 τῆς

141 1213 251 1240 πίστεως
271 1213 338 1247 ἁγὼν
351 1212 546 1244 συνεκεκρότητο
562 1211 804 1246 διαϐεέῖαιουμένοις,
819 1211 857 1239 ὃτι
871 1213 925 1238 Θεο-

141 1256 211 1286 τόκος
230 1256 297 1283 ἐστίν
311 1258 325 1285 ἡ
339 1256 399 1292 ἁγία
412 1259 505 1294 Μαρία.
519 1254 580 1284 Ἀλλ1
593 1259 695 1295 ἐπείπερ
711 1259 735 1289 ἓξ
750 1259 853 1295 οὐρανοῦ
862 1279 868 1290 ,
884 1260 927 1285 καὶ

140 1303 185 1329 οὐκ
198 1303 222 1333 ἐξ
233 1303 308 1331 αὐτῆς
320 1304 481 1338 γεγεννῆσθαι
494 1303 523 1330 τὸ
543 1303 605 1329 θεῖον
619 1307 694 1337 σῶμα
705 1306 751 1330 τοῦ
766 1307 876 1340 Χριστοῦ
886 1303 927 1330 λέ-

140 1357 229 1382 γομεν,
248 1349 281 1377 ὥς
294 1359 370 1384 φασι,
385 1353 440 1378 πῶς
455 1346 484 1375 ἂν
496 1353 577 1375 νοοῖτο
592 1350 721 1380 θεοτὸκος;
737 1351 791 1375 τίνα
801 1348 850 1386 γὰρ
865 1349 927 1378 ὅλως

141 1394 251 1424 τέτοκεν,
265 1396 286 1420 εἰ
296 1395 331 1427 μή
346 1394 412 1420 ἐστιν
429 1393 514 1424 ἀληθὲς
524 1393 563 1421 ὅτι
578 1394 707 1430 γεγέννηκε
718 1395 781 1421 κατὰ
790 1395 872 1431 σάρκα
885 1395 926 1421 τὸν

140 1441 312 1477 Ἐμμανουήλ;
326 1441 489 1475 γελάσθωσαν
503 1442 585 1468 τοίνυν
599 1441 621 1467 οἱ
633 1444 714 1468 ταῦτα
725 1443 766 1467 καί
780 1442 811 1468 τὰ
821 1444 926 1468 τοιαῦτα

142 1486 199 1513 κατ’
225 1487 286 1521 ἐμοῦ
313 1486 525 1521 πεφλυαρηκὸτες.
548 1486 583 1512 οὺ
602 1488 651 1522 γὰρ
676 1485 797 1520 ψεύδεται
813 1485 891 1521 λέγων
913 1485 926 1512 ὃ

141 1531 263 1565 μακάριος
274 1531 385 1561 Ἡσαΐας·
395 1545 430 1550 —--
438 1530 503 1558 Ἰδοὺ
514 1532 529 1559 ἠ
539 1532 660 1566 παρθένος
675 1532 698 1557 ἐν
706 1532 799 1568 γαστρί
812 1532 870 1563 ἕξει,
884 1532 927 1558 καί

978 943 1110 971 eructare,
1127 943 1256 972 nugantes
1271 947 1314 966 me
1326 947 1448 967 asserere
1462 940 1560 967 Christi
1571 941 1688 969 divinum
1702 950 1763 970 cor-

977 991 1027 1018 pus
1036 984 1104 1011 crelo
1119 984 1246 1015 delatum,
1262 988 1290 1011 et
1302 992 1356 1011 non
1367 984 1400 1012 de
1414 989 1505 1012 sancta
1521 986 1630 1019 Virgine
1642 995 1762 1021 assump-

978 1033 1047 1061 tum;
1064 1029 1181 1063 itemque
1195 1029 1262 1057 duos
1277 1029 1349 1068 ﬁlios.
1356 1030 1389 1057 de
1403 1026 1534 1057 sententia
1549 1031 1662 1059 Nestorii
1679 1032 1762 1059 conﬂ-

978 1074 1028 1101 teri
1041 1083 1047 1100 :
1064 1074 1214 1101 existimavi
1227 1074 1327 1102 debere
1341 1083 1384 1103 me
1402 1076 1529 1104 adversus
1549 1077 1620 1111 ipsos
1635 1082 1719 1112 pauca
1734 1079 1761 1105 in

978 1119 1047 1146 hanc
1068 1120 1226 1146 sententiam
1241 1120 1330 1147 dicere
1343 1129 1349 1146 :
1371 1120 1392 1147 Ο
1408 1120 1482 1153 fatui,
1497 1125 1524 1148 et
1545 1122 1643 1150 nullius
1657 1123 1696 1150 rei
1711 1124 1761 1150 nisi

977 1164 1155 1191 calumniandi
1191 1166 1285 1200 gnari,
1308 1167 1444 1201 quomodo
1472 1168 1498 1194 in
1523 1168 1593 1195 hanc
1616 1168 1761 1195 devenistis

976 1210 1145 1242 sententiam,
1159 1214 1315 1245 tantumque
1329 1211 1438 1239 insanias
1452 1213 1631 1247 concepistis?
1645 1212 1760 1241 Omnino

977 1255 1047 1282 enim
1061 1256 1203 1290 oportebat
1214 1257 1265 1284 hoc
1277 1264 1325 1284 vos
1337 1258 1476 1292 perspicue
1490 1259 1599 1290 sentire,
1613 1263 1695 1286 totam
1707 1260 1761 1286 fere

977 1304 1095 1327 nostram
1107 1301 1140 1328 de
1152 1301 1202 1328 lide
1213 1301 1419 1336 disputationem
1440 1302 1501 1329 inde
1516 1307 1612 1335 ortam,
1628 1304 1697 1337 quod
1713 1311 1761 1331 nos

978 1349 1097 1372 sanctam
1112 1345 1221 1372 Mariam
1236 1345 1377 1380 Deiparam
1392 1354 1451 1374 esse
1469 1347 1664 1375 contendimus.
1680 1348 1761 1382 Atqui

977 1391 1009 1424 si,
1022 1395 1050 1418 ut
1061 1391 1097 1418 illi
1112 1391 1213 1423 dicunt,
1228 1399 1277 1418 nos
1294 1400 1392 1427 corpus
1412 1392 1510 1420 Christi
1522 1393 1641 1420 divinum
1656 1393 1761 1420 ccelitus

977 1437 1092 1469 venisse,
1108 1444 1161 1464 non
1175 1445 1208 1464 ex
1223 1437 1279 1471 ipsa
1301 1442 1393 1464 natum
1415 1438 1537 1471 dicimus,
1554 1439 1689 1473 quomodo
1700 1438 1762 1466 Dei-

978 1488 1042 1515 para
1057 1481 1109 1508 dici
1127 1482 1243 1516 poterit?
1257 1481 1341 1515 Quem
1356 1483 1427 1509 enim
1442 1483 1557 1518 peperit,
1572 1483 1594 1510 li
1607 1483 1659 1511 hoc
1668 1491 1761 1510 verum

979 1533 1031 1552 non
1056 1529 1107 1556 est,
1123 1526 1195 1559 quod
1210 1526 1356 1553 secundum
1376 1528 1485 1554 carnei-
1510 1528 1645 1562 pepererit
1659 1528 1761 1555 Einma-

141 1577 236 1607 τέξεται
250 1576 310 1607 υἱὸν,
326 1577 369 1603 καὶ
387 1577 523 1603 καλέσουσι
536 1577 564 1603 τὸ
580 1574 657 1611 ὄνομα
673 1578 748 1603 αὐτοῦ
760 1577 923 1612 Ἐμμανουήλ,

978 1570 1101 1597 nuelcm?
1116 1571 1262 1598 Rideantur
1276 1578 1341 1605 ergo
1355 1573 1400 1606 qui
1414 1573 1471 1600 haec
1485 1577 1512 1600 et
1527 1574 1588 1600 talia
1603 1574 1636 1601 de
1650 1582 1694 1601 me
1705 1573 1760 1600 bla-

140 1621 154 1649 ὃ
165 1621 230 1653 ἐστι,
240 1622 290 1656 μεθ’
302 1623 370 1656 ἡμῶν
382 1622 394 1648 ὁ
407 1622 478 1652 Θεὸς.
489 1636 522 1641 -
531 1622 653 1650 ’Δληθεύει
663 1621 689 1649 δὲ
700 1623 797 1652 πάντως
809 1622 869 1649 καὶὸ
880 1623 926 1659 ἁρ-

142 1668 268 1703 χάγγελος
279 1667 389 1704 Γαϐριὴλ
397 1668 459 1704 πρὸς
467 1669 511 1696 τὴν
520 1668 641 1704 παρθένον
651 1668 777 1694 εἰπώνο-
787 1670 824 1696 Μή
837 1668 925 1702 φοϐοῦ,

141 1715 261 1752 Μαριάμ,
278 1712 349 1751 εὗρες
363 1714 412 1751 γὰρ
432 1714 509 1752 χάριν
527 1714 596 1749 παρὰ
608 1717 644 1749 τῷ
660 1717 729 1749 Θεῷ·
743 1715 783 1740 καί
799 1712 852 1740 ἰδοὺ
867 1714 927 1740 συλ-

140 1759 209 1796 λὴιῖιτῃ
223 1760 246 1785 ἐν
256 1761 361 1795 γαστρί,
377 1760 419 1785 καὶ
439 1759 518 1790 τέξεις
535 1759 600 1790 υἱὸν,
623 1761 662 1785 καί
674 1759 789 1788 καλέσεις
808 1759 836 1786 τὸ
851 1758 926 1794 ἴνομα

143 1804 220 1830 αὑτοῦ
232 1803 339 1832 Ἰησοῦν.
355 1803 432 1833 Αὐτὸς
443 1804 492 1839 γὰρ
508 1804 589 1829 σώσει
598 1803 641 1830 τὸν
654 1803 711 1830 λαὸν
725 1804 801 1831 αὐτοῦ
817 1804 866 1830 ἀπὸ
877 1808 926 1830 τῶν

141 1848 272 1886 ἁμαρτιῶν
280 1849 367 1875 αὐτῶν.
376 1862 410 1867 -
415 1847 493 1874 Ὀταν
499 1847 525 1874 δέ
529 1848 638 1884 λέγομεν,
646 1847 736 1875 ἄνωθεν
743 1848 767 1879 ἐξ
774 1849 878 1885 οὐρανοῦ
884 1849 926 1875 τὸν

141 1895 226 1930 κύριον
239 1895 307 1929 ἡμῶν
320 1893 416 1922 Ἰησοῦν
432 1895 538 1931 Χριστὸν
547 1913 554 1923 .
571 1894 623 1928 οὐχ
637 1895 670 1924 ὡς
683 1893 775 1920 ἄνωθεν
785 1894 810 1925 ἐξ
824 1895 925 1928 οὐρανοῦ

142 1941 333 1974 κατινεχθιίσης
344 1944 389 1969 τῆς
400 1940 470 1975 ἁγίας
482 1941 561 1967 αὐτοῦ
576 1940 668 1975 σαρκὸς
680 1940 761 1967 ταῦτὰ
772 1950 859 1975 φαμεν,
875 1941 926 1967 ἀλλ’

142 1987 176 2015 ὦς’
186 1986 300 2021 ἑπόμενοι
310 1990 346 2021 τῷ
354 1986 412 2022 ἱερῷ
421 1986 505 2020 Παύλῳ
514 1986 642 2021 φάσκοντι,
651 1991 717 2012 -Ὁ
724 1990 822 2022 πρῶτος
830 1984 926 2023 ἅνθρω-

141 2040 190 2060 πος
204 2031 288 2065 ἑκγῆς
308 2031 410 2065 χοῐκὸς,
429 2030 441 2057 ὁ
465 2029 580 2067 δεύτερος
595 2029 608 2057 ὁ
628 2031 711 2067 κύριος
725 2031 750 2061 ἔξ
764 2031 876 2068 οὐρανοῦ.
891 2046 926 2052 —

140 2077 286 2111 Μεμνήμεθα
297 2075 323 2102 δὲ
344 2077 387 2102 καὶ
399 2076 475 2102 αὐτοῦ
493 2078 539 2102 τοῦ
558 2076 645 2111 κυρίου
659 2075 782 2110 λέγοντος,
796 2089 831 2095 ·-
840 2075 926 2105 Οὐδεὶς

140 2121 291 2149 ἀναϐέϐηκεν
308 2122 343 2151 εἷς
356 2121 398 2148 τὸν
414 2121 527 2157 οὐρανὸν,
543 2122 565 2147 εἰ
576 2123 610 2156 μὴ
630 2121 642 2148 ὁ
657 2122 683 2147 ἐκ
704 2124 747 2148 τοῦ
762 2122 865 2157 οὐρανοῦ
880 2133 926 2148 κα-

141 2167 236 2199 ταϐὰς,
252 2167 265 2194 ὃ
277 2168 331 2196 υίὸς
346 2170 391 2194 τοῦ
404 2168 544 2203 ἀνθρώπου.
558 2181 593 2187 -
604 2168 684 2194 καίτοι
703 2168 847 2203 γεγέννηται
859 2170 926 2195 κατὰ

140 2213 240 2249 σάρκα,
257 2213 291 2241 ὡς
302 2211 399 2249 εἴρηται
408 2232 415 2243 ,
436 2213 462 2238 ἔκ
476 2216 521 2241 τῆς
531 2212 605 2248 ἁγίας
616 2213 750 2249 παρθένου.
769 2212 853 2242 ὶπειδή
873 2212 900 2240 δὲ
912 2213 924 2240 ὃ

977 1620 1073 1643 terant.
1087 1616 1144 1643 Non
1160 1617 1230 1644 enim
1246 1619 1375 1645 mentitur
1387 1623 1493 1645 sanctus
1505 1618 1586 1646 Isaias
1599 1626 1657 1646 cum
1669 1619 1704 1645 ita
1719 1626 1760 1645 va-

977 1661 1104 1688 ticinatur
1116 1671 1122 1687 ε
1136 1661 1278 1697 Eccet'irgo
1287 1663 1314 1689 in
1328 1668 1399 1690 utero
1411 1663 1521 1695 habebit,
1533 1668 1557 1690 et
1569 1664 1653 1698 pariet
1666 1664 1760 1698 ﬁlium,

976 1711 1001 1734 et
1014 1708 1138 1734 vocabunt
1150 1716 1207 1735 eum
1220 1708 1390 1742 Emmanuel,
1405 1710 1472 1744 quod
1484 1713 1531 1741 est,
1547 1709 1677 1736 nobiscum
1694 1708 1760 1735 Dens

978 1756 1044 1791 (Isa.
1080 1757 1139 1791 vu).
1156 1756 1189 1783 Et
1204 1757 1274 1783 haud
1299 1757 1379 1784 dubie
1400 1765 1494 1784 verum
1516 1757 1582 1783 dixit
1595 1756 1702 1783 Gabriel
1716 1765 1746 1783 ar

977 1802 1119 1836 changelus
1134 1803 1170 1829 ita
1186 1803 1294 1829 Mariam
1307 1803 1445 1837 alloquens
1458 1812 1464 1829 :
1480 1802 1522 1829 Ne
1547 1804 1646 1833 timeas,
1661 1802 1758 1833 Maria,

975 1847 1094 1873 invenisti
1108 1848 1174 1873 enim
1189 1848 1300 1882 gratiam
1323 1849 1392 1883 apud
1405 1848 1497 1875 Deum.
1514 1848 1582 1874 Ecce
1595 1848 1720 1882 concipias
1734 1849 1759 1873 in

976 1897 1057 1923 utero,
1073 1897 1097 1918 et
1121 1894 1206 1926 paries
1220 1893 1312 1927 ﬁlium.
1326 1898 1351 1919 et
1364 1893 1467 1920 vocabis
1480 1901 1571 1920 nomen
1582 1893 1637 1927 ejus
1649 1892 1736 1919 Jesum
1752 1902 1760 1919 .-

976 1938 1031 1971 ipse
1049 1939 1117 1964 enim
1137 1939 1234 1964 salt-um
1250 1940 1326 1973 faciet
1341 1939 1462 1974 populum
1477 1947 1549 1966 suum
1563 1948 1578 1966 a
1593 1940 1702 1974 peccatis
1716 1948 1759 1966 eo-

976 1990 1032 2008 rum
1046 1981 1119 2017 (Luc.
1136 1991 1160 2014 1;
1176 1982 1270 2009 Matth.
1286 1984 1315 2017 ι).
1332 1983 1396 2010 Cum
1420 1987 1510 2011 autem
1535 1983 1675 2012 Dominum
1695 1992 1759 2011 nos-

978 2037 1045 2058 trum
1061 2032 1152 2059 Jesum
1166 2032 1300 2059 Christum
1323 2033 1436 2060 dicimus
1450 2033 1564 2068 desuper
1583 2033 1615 2061 de
1629 2034 1697 2061 coelo
1713 2042 1759 2060 ve-

977 2077 1058 2110 nisse,
1081 2085 1135 2103 non
1161 2085 1194 2104 eo
1214 2085 1293 2105 sensu
1317 2078 1439 2110 dir-imus,
1465 2079 1540 2113 quasi
1563 2084 1685 2114 putemus
1698 2087 1759 2106 eum

976 2126 1094 2148 sanctam
1107 2129 1181 2149 suam
1197 2130 1305 2149 carnem
1318 2123 1351 2150 de
1362 2124 1431 2151 cmlo
1453 2124 1596 2156 detulisse;
1611 2124 1658 2151 sed
1671 2125 1759 2158 sequi-

976 2174 1035 2193 mur
1049 2171 1183 2194 sanctum.
1194 2167 1315 2199 Paulum.
1332 2168 1376 2203 qui
1391 2169 1426 2195 ita
1442 2169 1478 2195 ait
1492 2178 1499 2195 :
1523 2168 1628 2195 Primus
1639 2169 1714 2195 homo
1729 2169 1759 2194 de

977 2216 1046 2238 terra
1056 2216 1186 2244 terrenus;
1201 2214 1337 2247 secundus,
1351 2214 1476 2240 Dominus
1487 2223 1501 2240 e
1512 2214 1573 2241 coelo
1588 2213 1614 2248 (Ι
1627 2214 1686 2240 Car.
1702 2222 1758 2241 ενι.

141 2257 232 2285 ἄνωθεν
253 2259 277 2289 ἐξ
300 2259 407 2292 οὐρανοῦ
426 2261 612 2294 καταφοιτήσας
627 2259 688 2288 Θεὸς
707 2259 778 2295 λόγος
797 2261 925 2287 κεκένωκεν

977 2256 1110 2283 lmitamur
1124 2257 1204 2283 etiam
1219 2262 1246 2284 et
1258 2258 1342 2292 ipsum
1354 2258 1493 2285 Dominum
1509 2259 1641 2285 dicentem
1656 2257 1758 2284 :Nemu

140 2304 244 2335 ἔαυτόν,
258 2307 351 2342 μορφήν
366 2303 455 2331 δούλου
470 2304 566 2335 λαϐὼν,
582 2306 623 2331 καὶ
635 2305 818 2340 κεχρημάτικιν
830 2306 926 2342 ἀνθρώ-

140 2360 191 2376 που
206 2350 260 2378 υἱὸς
279 2350 342 2383 μετὰ
360 2353 403 2377 τοῦ
418 2353 498 2385 μεῖναι
511 2348 522 2375 ὃ
535 2348 574 2380 ἧν,
588 2350 703 2376 τουτέστι
716 2350 788 2379 Θεός’
802 2348 925 2385 ἄτρεπτος

139 2395 190 2430 γὰρ
205 2395 248 2420 καί
258 2394 418 2423 ἀναλλοίωτος
432 2395 497 2420 κατά
513 2395 586 2428 φύσι)
600 2395 683 2421 ἑστίν·
700 2395 733 2424 ὡς
747 2392 781 2424 εἷς
794 2393 841 2423 ἤδη
854 2396 925 2421 νοού-

140 2448 213 2472 μενος
226 2439 290 2472 μετὰ
306 2443 351 2468 τῆς
370 2438 435 2468 ἰδίας
448 2439 555 2475 σαρκὸς.
571 2439 594 2470 ἐξ
609 2439 714 2476 οὐρανοῦ
728 2439 825 2474 λέγεται
839 2440 926 2467 κατελ-

139 2484 198 2512 θεῖν,
213 2483 358 2518 ὠνόμασται
370 2482 396 2509 δὲ
407 2485 448 2509 καὶ
462 2482 591 2519 ἅνθρωπος
605 2484 630 2514 ἐξ
642 2485 764 2520 adpotum};
784 2484 875 2515 τέλειος
892 2484 925 2512 ὢν

139 2527 165 2552 ἐν
178 2527 293 2559 Θιότητι,
309 2528 351 2553 καί
368 2528 457 2556 τέλειος
477 2527 490 2553 ὁ
503 2528 579 2556 αὐτὸς
592 2528 617 2553 ἒν
632 2528 815 2564 ἀνθρωπότητι,
835 2531 877 2556 καὶ
891 2531 925 2559 ὡς

140 2572 166 2598 ἕν
190 2572 226 2598 ένὶ
251 2574 378 2606 προσώπῳ
403 2574 547 2606 νοούμενος.
574 2570 614 2601 Εἷς
640 2572 688 2609 γὰρ
717 2573 801 2610 κύριος
828 2573 925 2604 Ἰησοῦς

139 2616 268 2652 Χριστὸς,
290 2614 334 2643 κᾶν
356 2618 371 2645 ἠ
394 2620 444 2644 τῶν
465 2617 562 2652 φύσεων
586 2616 691 2652 διαφορὰ
710 2620 743 2651 μή
758 2619 885 2665 ἀγνοῆται,
900 2620 924 2651 ἐξ

140 2660 172 2688 ὧν
187 2664 231 2690 τήν
251 2662 392 2699 ἀπὸρρητον
405 2662 493 2688 ἕνωσίν
511 2671 589 2697 φαμεν
609 2660 780 2696 πεπρᾶχθαί
788 2667 924 2698 Τοιγαροῦν

140 2708 306 2743 ὁμολογοῦμεν
326 2708 368 2735 τὸν
392 2712 507 2743 μονογενῆ
531 2708 584 2734 υἱὸν
606 2710 651 2734 τοῦ
676 2710 738 2734 Θεοῦ
761 2708 840 2743 λόγον,
864 2710 923 2736 Θεὸν

138 2752 246 2784 τὶλὶιον,
267 2754 311 2780 καὶ
330 2751 459 2790 ἄνθρωπον
477 2753 579 2783 τέλειον,
602 2753 629 2778 ἐκ
650 2752 741 2787 ψυχῆς
760 2752 859 2788 λογικῆς
883 2757 923 2780 χαὶ

138 2798 267 2833 σώματος.
279 2798 330 2834 πρὸ
339 2799 433 2824 αἰώνων
442 2798 485 2833 μέν
495 2798 522 2824 ἔκ
531 2800 576 2824 τοῦ
590 2797 686 2834 πατρὸς
699 2798 845 2833 γεννηθέντα
859 2801 922 2827 κατά

138 2846 184 2872 τήν
197 2844 317 2874 ϐιότητα.
338 2843 377 2870 ἐπ’
390 2844 511 2877 ἐσχάτων
526 2842 552 2870 δὲ
566 2847 615 2869 τῶν
634 2844 731 2879 ἡμερῶν
744 2843 786 2869 τὸν
805 2844 878 2869 αὑτὸν
893 2844 926 2871 δι’

140 2890 207 2925 ὑμᾶς
217 2890 258 2916 καὶ
271 2887 313 2916 διὰ
323 2891 368 2918 τὴν
381 2890 502 2925 ἡμετέραν
515 2890 641 2926 σωτηρίαν
653 2889 679 2916 ἐκ
689 2890 785 2925 Μαρίας
797 2892 841 2917 τῆς
855 2900 922 2926 παρ-

975 2301 1090 2328 αειεηόἱι
1102 2303 1130 2328 in
1143 2302 1241 2335 callum,
1257 2303 1308 2329 nisi
1334 2304 1377 2337 qui
1398 2303 1527 2330 descendit
1541 2304 1571 2329 de
1584 2303 1645 2329 caelo
1654 2323 1660 2335 ,
1674 2302 1758 2329 Filius

975 2345 1085 2372 homini:
1099 2345 1284 2381 (Joan.ln).At
1308 2355 1373 2374 vero
1392 2349 1463 2381 quod
1479 2347 1513 2374 ad
1529 2355 1637 2375 carnem
1652 2348 1758 2378 attinet.

975 2396 1052 2418 natus
1067 2395 1116 2423 est,
1132 2392 1200 2418 sicut
1213 2392 1336 2425 diximus,
1353 2401 1386 2420 ex
1400 2394 1477 2420 beata
1491 2394 1607 2427 Virgine.
1623 2393 1675 2420 Sed
1689 2402 1758 2427 quo-

976 2437 1046 2464 niam
1061 2437 1177 2464 Verbum
1191 2437 1236 2465 Dei
1248 2438 1281 2465 de
1296 2439 1364 2466 caelo
1386 2438 1560 2470 descendens,
1577 2439 1689 2473 seipmm
1702 2440 1759 2464 exi-

976 2484 1084 2515 nanivit,
1110 2484 1220 2518 formam
1240 2484 1306 2510 servi
1330 2485 1493 2517 assumenda,
1509 2484 1630 2518 ﬁliusque
1645 2484 1759 2510 hominis

975 2529 1087 2562 exstitit,
1102 2536 1164 2556 cum
1179 2533 1266 2556 tamen
1281 2529 1350 2556 idem
1367 2534 1534 2563 permaneret
1549 2530 1593 2563 qui
1608 2533 1687 2556 antea
1702 2529 1758 2555 fue-

975 2578 1025 2606 rat,
1041 2574 1142 2601 scilicet.
1157 2574 1225 2601 Deus
1240 2575 1293 2609 (est
1307 2575 1377 2601 enim
1394 2575 1575 2607 immutabilis,
1595 2579 1622 2600 et
1642 2574 1705 2600 nulli
1721 2575 1759 2601 al~

977 2619 1101 2646 lerationi
1115 2620 1238 2646 obnoxiae
1263 2620 1386 2655 natum),
1404 2628 1462 2647 cum
1476 2619 1531 2653 jam
1546 2628 1613 2647 unus
1627 2619 1759 2653 intelliga~

976 2672 1018 2693 tur
1032 2674 1091 2694 esse
1105 2675 1165 2694 cum
1179 2668 1287 2702 propria
1300 2676 1389 2700 carne,
1403 2668 1500 2695 dicitur
1513 2671 1546 2697 de
1557 2671 1625 2698 cmlo
1640 2672 1745 2699 venisse

976 2711 1009 2738 Et
1019 2713 1171 2739 nominatur
1183 2713 1263 2739 etiam
1277 2713 1358 2740 homo
1372 2713 1405 2740 de
1415 2714 1493 2746 ctelo,
1507 2723 1566 2742 cum
1581 2716 1617 2743 sit
1626 2715 1759 2750 perfectus

975 2757 1001 2783 in
1013 2757 1123 2789 (tentate,
1138 2757 1261 2791 idemque
1277 2757 1411 2792 perfectus
1426 2759 1450 2785 in
1464 2759 1628 2786 humanitate
1641 2768 1646 2784 :
1662 2759 1759 2789 intelii~

973 2808 1097 2836 giturque
1112 2810 1163 2828 una
1178 2809 1237 2830 esse
1251 2810 1376 2837 persona.
1395 2803 1467 2830 Unus
1482 2805 1552 2831 enim
1577 2808 1617 2831 est
1632 2804 1758 2832 Dominus

974 2845 1051 2873 Jcsus
1079 2846 1210 2880 Christus,
1235 2849 1340 2875 tametsi
1363 2852 1518 2875 naturarum
1542 2849 1682 2876 discrimen
1704 2857 1757 2877 non

975 2892 1123 2927 ignoretur,
1134 2900 1166 2920 ex
1177 2893 1271 2927 quibus
1286 2892 1446 2922 ineﬂ‘abilem
1455 2892 1525 2921 illam
1537 2893 1649 2922 dicimus
1662 2894 1757 2923 factum
