  <div class='ocr_page' id='page_1' title='image "/cluster/home/n/w/nwhite01/storage/ocr_20150623/86,pt.1/njp.32101007877465/588.png"; bbox 0 0 1971 3091; ppageno 0'>
   <div class='ocr_carea' id='block_1_1' title="bbox 162 138 230 170">
    <p class='ocr_par' dir='ltr' id='par_1_1' title="bbox 162 138 230 170">
     <span class='ocr_line' id='line_1_1' title="bbox 162 138 230 170; baseline 0 0"><span class='ocrx_word' id='word_1_1' title='bbox 162 138 230 170; x_wconf 82' lang='grc'><strong>1053</strong></span> 
     </span>
    </p>
   </div>
   <div class='ocr_carea' id='block_1_2' title="bbox 540 136 1423 169">
    <p class='ocr_par' dir='ltr' id='par_1_2' title="bbox 540 136 1423 169">
     <span class='ocr_line' id='line_1_2' title="bbox 540 136 1423 169; baseline 0.003 -3"><span class='ocrx_word' id='word_1_2' title='bbox 540 136 721 167; x_wconf 85' lang='lat' dir='ltr'><strong>EPISTOLA</strong></span> <span class='ocrx_word' id='word_1_3' title='bbox 740 137 938 167; x_wconf 75' lang='lat' dir='ltr'><strong>ADVERSUS</strong></span> <span class='ocrx_word' id='word_1_4' title='bbox 957 138 1196 168; x_wconf 81' lang='lat' dir='ltr'><strong>THEODURUM</strong></span> <span class='ocrx_word' id='word_1_5' title='bbox 1217 138 1423 169; x_wconf 81' lang='lat' dir='ltr'><strong>MOPSUES’I‘.</strong></span> 
     </span>
    </p>
   </div>
   <div class='ocr_carea' id='block_1_3' title="bbox 1717 133 1784 166">
    <p class='ocr_par' dir='ltr' id='par_1_3' title="bbox 1717 133 1784 166">
     <span class='ocr_line' id='line_1_3' title="bbox 1717 133 1784 166; baseline 0.015 -1"><span class='ocrx_word' id='word_1_6' title='bbox 1717 133 1726 165; x_wconf 77' lang='grc'><strong>1</strong></span> <span class='ocrx_word' id='word_1_7' title='bbox 1733 134 1784 166; x_wconf 70' lang='grc'>054</span> 
     </span>
    </p>
   </div>
   <div class='ocr_carea' id='block_1_4' title="bbox 175 194 942 233">
    <p class='ocr_par' dir='ltr' id='par_1_4' title="bbox 175 194 942 233">
     <span class='ocr_line' id='line_1_4' title="bbox 175 194 942 233; baseline 0.001 -11"><span class='ocrx_word' id='word_1_8' title='bbox 175 203 230 224; x_wconf 69' lang='grc' dir='ltr'>τως,</span> <span class='ocrx_word' id='word_1_9' title='bbox 240 195 281 221; x_wconf 73' lang='grc' dir='ltr'>καὶ</span> <span class='ocrx_word' id='word_1_10' title='bbox 290 194 318 221; x_wconf 66' lang='grc' dir='ltr'>ἐκ</span> <span class='ocrx_word' id='word_1_11' title='bbox 329 194 420 225; x_wconf 75' lang='grc' dir='ltr'>ταύτης</span> <span class='ocrx_word' id='word_1_12' title='bbox 431 196 506 222; x_wconf 75' lang='grc' dir='ltr'>αὐτοῦ</span> <span class='ocrx_word' id='word_1_13' title='bbox 517 200 562 226; x_wconf 83' lang='grc' dir='ltr'>τῆς</span> <span class='ocrx_word' id='word_1_14' title='bbox 574 198 626 224; x_wconf 80' lang='grc' dir='ltr'>καθ’</span> <span class='ocrx_word' id='word_1_15' title='bbox 637 198 778 233; x_wconf 70' lang='grc' dir='ltr'>ὑπερϐολὴν</span> <span class='ocrx_word' id='word_1_16' title='bbox 790 198 942 232; x_wconf 67' lang='grc' dir='ltr'>βλασφημίας</span> 
     </span>
    </p>
   </div>
   <div class='ocr_carea' id='block_1_5' title="bbox 993 194 1770 233">
    <p class='ocr_par' dir='ltr' id='par_1_5' title="bbox 999 198 1770 231">
     <span class='ocr_line' id='line_1_5' title="bbox 999 198 1770 231; baseline 0.004 -8"><span class='ocrx_word' id='word_1_17' title='bbox 999 198 1131 224; x_wconf 82' lang='lat' dir='ltr'><strong>Chris‘tum</strong></span> <span class='ocrx_word' id='word_1_18' title='bbox 1144 198 1227 231; x_wconf 69' lang='lat' dir='ltr'><strong>ipsum</strong></span> <span class='ocrx_word' id='word_1_19' title='bbox 1242 199 1383 224; x_wconf 87' lang='lat' dir='ltr'><strong>secundum</strong></span> <span class='ocrx_word' id='word_1_20' title='bbox 1394 206 1499 227; x_wconf 85' lang='lat' dir='ltr'><strong>carnem</strong></span> <span class='ocrx_word' id='word_1_21' title='bbox 1515 198 1667 226; x_wconf 84' lang='lat' dir='ltr'><strong>nominare?</strong></span> <span class='ocrx_word' id='word_1_22' title='bbox 1680 199 1770 228; x_wconf 73' lang='lat' dir='ltr'><strong>Sancti</strong></span> 
     </span>
    </p>
   </div>
   <div class='ocr_carea' id='block_1_6' title="bbox 175 239 948 270">
    <p class='ocr_par' dir='ltr' id='par_1_6' title="bbox 175 239 948 270">
     <span class='ocr_line' id='line_1_6' title="bbox 175 239 948 270; baseline 0.003 -6"><span class='ocrx_word' id='word_1_23' title='bbox 175 241 215 267; x_wconf 74' lang='grc' dir='ltr'>τήν</span> <span class='ocrx_word' id='word_1_24' title='bbox 227 239 318 266; x_wconf 66' lang='grc' dir='ltr'>τούτου</span> <span class='ocrx_word' id='word_1_25' title='bbox 332 239 433 266; x_wconf 80' lang='grc' dir='ltr'><strong>ἐκκλῖναι</strong></span> <span class='ocrx_word' id='word_1_26' title='bbox 448 239 604 268; x_wconf 81' lang='grc' dir='ltr'>δυσσέϐειαν·</span> <span class='ocrx_word' id='word_1_27' title='bbox 622 242 673 268; x_wconf 70' lang='grc' dir='ltr'>ἀλλ’</span> <span class='ocrx_word' id='word_1_28' title='bbox 685 240 728 268; x_wconf 75' lang='grc' dir='ltr'>οὖν</span> <span class='ocrx_word' id='word_1_29' title='bbox 743 241 784 268; x_wconf 83' lang='grc' dir='ltr'><strong>διὰ</strong></span> <span class='ocrx_word' id='word_1_30' title='bbox 797 245 840 270; x_wconf 60' lang='grc' dir='ltr'>τὶν</span> <span class='ocrx_word' id='word_1_31' title='bbox 854 243 948 269; x_wconf 80' lang='grc' dir='ltr'>τούτων</span> 
     </span>
    </p>
   </div>
   <div class='ocr_carea' id='block_1_7' title="bbox 173 282 949 323">
    <p class='ocr_par' dir='ltr' id='par_1_7' title="bbox 173 282 949 323">
     <span class='ocr_line' id='line_1_7' title="bbox 173 282 949 323; baseline 0.005 -14"><span class='ocrx_word' id='word_1_32' title='bbox 173 282 306 314; x_wconf 73' lang='grc' dir='ltr'>ἅναὶδιιαν,</span> <span class='ocrx_word' id='word_1_33' title='bbox 316 285 358 310; x_wconf 81' lang='grc' dir='ltr'>καὶ</span> <span class='ocrx_word' id='word_1_34' title='bbox 371 283 445 314; x_wconf 79' lang='grc' dir='ltr'>ἄλλας</span> <span class='ocrx_word' id='word_1_35' title='bbox 459 286 535 312; x_wconf 80' lang='grc' dir='ltr'>αὐτοῦ</span> <span class='ocrx_word' id='word_1_36' title='bbox 545 286 703 321; x_wconf 72' lang='grc' dir='ltr'><strong>βλασφημίας</strong></span> <span class='ocrx_word' id='word_1_37' title='bbox 712 288 904 323; x_wconf 75' lang='grc' dir='ltr'>προαγάγωμεν.</span> <span class='ocrx_word' id='word_1_38' title='bbox 918 286 949 313; x_wconf 79' lang='grc' dir='ltr'><strong>δι’</strong></span> 
     </span>
    </p>
   </div>
   <div class='ocr_carea' id='block_1_8' title="bbox 173 325 520 363">
    <p class='ocr_par' dir='ltr' id='par_1_8' title="bbox 173 325 520 363">
     <span class='ocr_line' id='line_1_8' title="bbox 173 325 520 363; baseline 0.012 -11"><span class='ocrx_word' id='word_1_39' title='bbox 173 325 204 352; x_wconf 73' lang='grc' dir='ltr'>ὧν</span> <span class='ocrx_word' id='word_1_40' title='bbox 216 325 261 353; x_wconf 67' lang='grc' dir='ltr'>δύο</span> <span class='ocrx_word' id='word_1_41' title='bbox 272 328 370 362; x_wconf 75' lang='grc' dir='ltr'><strong>εἰσάγει</strong></span> <span class='ocrx_word' id='word_1_42' title='bbox 384 329 520 363; x_wconf 83' lang='grc' dir='ltr'>πρόσωπα.</span> 
     </span>
    </p>
   </div>
   <div class='ocr_carea' id='block_1_9' title="bbox 207 372 949 410">
    <p class='ocr_par' dir='ltr' id='par_1_9' title="bbox 207 372 949 410">
     <span class='ocr_line' id='line_1_9' title="bbox 207 372 949 410; baseline 0.007 -14"><span class='ocrx_word' id='word_1_43' title='bbox 207 372 365 406; x_wconf 66' lang='grc' dir='ltr'>Μεμφόμενος</span> <span class='ocrx_word' id='word_1_44' title='bbox 378 373 426 409; x_wconf 83' lang='grc' dir='ltr'>γὰρ</span> <span class='ocrx_word' id='word_1_45' title='bbox 447 375 507 403; x_wconf 77' lang='grc' dir='ltr'>τοῦς</span> <span class='ocrx_word' id='word_1_46' title='bbox 529 375 645 410; x_wconf 77' lang='grc' dir='ltr'>λέγοντας</span> <span class='ocrx_word' id='word_1_47' title='bbox 670 374 709 401; x_wconf 79' lang='grc' dir='ltr'>ὅτι</span> <span class='ocrx_word' id='word_1_48' title='bbox 731 374 743 401; x_wconf 84' lang='grc' dir='ltr'><strong><em>ὃ</em></strong></span> <span class='ocrx_word' id='word_1_49' title='bbox 761 376 821 405; x_wconf 61' lang='grc' dir='ltr'>Θεὸς</span> <span class='ocrx_word' id='word_1_50' title='bbox 840 374 921 410; x_wconf 84' lang='grc' dir='ltr'>λόγος,</span> <span class='ocrx_word' id='word_1_51' title='bbox 938 375 949 401; x_wconf 80' lang='grc' dir='ltr'>ὁ</span> 
     </span>
    </p>
   </div>
   <div class='ocr_carea' id='block_1_10' title="bbox 172 418 950 457">
    <p class='ocr_par' dir='ltr' id='par_1_10' title="bbox 172 418 950 457">
     <span class='ocr_line' id='line_1_10' title="bbox 172 418 950 457; baseline 0.006 -15"><span class='ocrx_word' id='word_1_52' title='bbox 172 418 221 451; x_wconf 80' lang='grc' dir='ltr'><strong>πρὸ</strong></span> <span class='ocrx_word' id='word_1_53' title='bbox 242 418 345 449; x_wconf 77' lang='grc' dir='ltr'><strong>αἰώνων,</strong></span> <span class='ocrx_word' id='word_1_54' title='bbox 361 419 458 453; x_wconf 70' lang='grc' dir='ltr'>γέγονεν</span> <span class='ocrx_word' id='word_1_55' title='bbox 473 419 512 445; x_wconf 80' lang='grc' dir='ltr'><strong>ἔπ’</strong></span> <span class='ocrx_word' id='word_1_56' title='bbox 527 419 645 455; x_wconf 69' lang='grc' dir='ltr'>ἐσχάτων</span> <span class='ocrx_word' id='word_1_57' title='bbox 656 419 794 456; x_wconf 76' lang='grc' dir='ltr'>ἅνθρωπος,</span> <span class='ocrx_word' id='word_1_58' title='bbox 809 421 874 447; x_wconf 73' lang='grc' dir='ltr'>οὕτω</span> <span class='ocrx_word' id='word_1_59' title='bbox 887 421 950 457; x_wconf 78' lang='grc' dir='ltr'>λέγει</span> 
     </span>
    </p>
   </div>
   <div class='ocr_carea' id='block_1_11' title="bbox 172 461 711 501">
    <p class='ocr_par' dir='ltr' id='par_1_11' title="bbox 172 461 711 501">
     <span class='ocr_line' id='line_1_11' title="bbox 172 461 711 501; baseline 0.007 -14"><span class='ocrx_word' id='word_1_60' title='bbox 172 462 196 487; x_wconf 74' lang='grc' dir='ltr'>ἓν</span> <span class='ocrx_word' id='word_1_61' title='bbox 208 465 244 495; x_wconf 87' lang='grc' dir='ltr'>τῷ</span> <span class='ocrx_word' id='word_1_62' title='bbox 259 462 321 488; x_wconf 78' lang='grc' dir='ltr'>κατὰ</span> <span class='ocrx_word' id='word_1_63' title='bbox 332 461 501 499; x_wconf 79' lang='grc' dir='ltr'>’Λπολιναρὶου</span> <span class='ocrx_word' id='word_1_64' title='bbox 515 465 625 501; x_wconf 77' lang='grc' dir='ltr'><strong>τετάρτῳ</strong></span> <span class='ocrx_word' id='word_1_65' title='bbox 638 465 711 500; x_wconf 81' lang='grc' dir='ltr'>λὸγῳ⁸</span> 
     </span>
    </p>
   </div>
   <div class='ocr_carea' id='block_1_12' title="bbox 210 504 950 543">
    <p class='ocr_par' dir='ltr' id='par_1_12' title="bbox 210 504 950 543">
     <span class='ocr_line' id='line_1_12' title="bbox 210 504 950 543; baseline 0.004 -12"><span class='ocrx_word' id='word_1_66' title='bbox 210 513 219 529; x_wconf 77' lang='grc'><strong>1</strong></span> <span class='ocrx_word' id='word_1_67' title='bbox 229 504 260 531; x_wconf 73' lang='grc'><strong>⁸0</strong></span> <span class='ocrx_word' id='word_1_68' title='bbox 273 507 323 542; x_wconf 83' lang='grc' dir='ltr'><strong>πρὸ</strong></span> <span class='ocrx_word' id='word_1_69' title='bbox 343 508 451 539; x_wconf 80' lang='grc' dir='ltr'><strong>αἰώνων,</strong></span> <span class='ocrx_word' id='word_1_70' title='bbox 472 510 530 542; x_wconf 80' lang='grc' dir='ltr'>φησί</span> <span class='ocrx_word' id='word_1_71' title='bbox 549 528 556 537; x_wconf 87' lang='grc'>.</span> <span class='ocrx_word' id='word_1_72' title='bbox 571 508 666 543; x_wconf 75' lang='grc' dir='ltr'>γέγονεν</span> <span class='ocrx_word' id='word_1_73' title='bbox 679 508 717 534; x_wconf 73' lang='grc' dir='ltr'><strong>ἐπ’</strong></span> <span class='ocrx_word' id='word_1_74' title='bbox 730 508 862 543; x_wconf 67' lang='grc' dir='ltr'>ἐσχάτων*</span> <span class='ocrx_word' id='word_1_75' title='bbox 877 508 950 536; x_wconf 60' lang='grc' dir='ltr'>πάλιν</span> 
     </span>
    </p>
   </div>
   <div class='ocr_carea' id='block_1_13' title="bbox 172 549 950 588">
    <p class='ocr_par' dir='ltr' id='par_1_13' title="bbox 172 549 950 588">
     <span class='ocr_line' id='line_1_13' title="bbox 172 549 950 588; baseline 0.005 -12"><span class='ocrx_word' id='word_1_76' title='bbox 172 549 206 579; x_wconf 83' lang='grc' dir='ltr'>ὧς</span> <span class='ocrx_word' id='word_1_77' title='bbox 219 560 290 576; x_wconf 86' lang='grc' dir='ltr'>τινων</span> <span class='ocrx_word' id='word_1_78' title='bbox 303 550 456 583; x_wconf 69' lang='grc' dir='ltr'>δεδωκότων,</span> <span class='ocrx_word' id='word_1_79' title='bbox 478 554 520 578; x_wconf 77' lang='grc' dir='ltr'>καὶ</span> <span class='ocrx_word' id='word_1_80' title='bbox 540 556 615 579; x_wconf 83' lang='grc' dir='ltr'>τοῦτο</span> <span class='ocrx_word' id='word_1_81' title='bbox 633 553 710 588; x_wconf 82' lang='grc' dir='ltr'>λέγων</span> <span class='ocrx_word' id='word_1_82' title='bbox 724 553 823 583; x_wconf 81' lang='grc' dir='ltr'>οὐδενός</span> <span class='ocrx_word' id='word_1_83' title='bbox 836 555 844 565; x_wconf 76' lang='grc'><strong><em>⁸</em></strong></span> <span class='ocrx_word' id='word_1_84' title='bbox 859 551 888 579; x_wconf 78' lang='grc' dir='ltr'>ἂν</span> <span class='ocrx_word' id='word_1_85' title='bbox 901 558 950 580; x_wconf 83' lang='grc' dir='ltr'>τῶν</span> 
     </span>
    </p>
   </div>
   <div class='ocr_carea' id='block_1_14' title="bbox 171 596 950 634">
    <p class='ocr_par' dir='ltr' id='par_1_14' title="bbox 171 596 950 634">
     <span class='ocr_line' id='line_1_14' title="bbox 171 596 950 634; baseline 0.006 -12"><span class='ocrx_word' id='word_1_86' title='bbox 171 596 285 622; x_wconf 72' lang='grc' dir='ltr'>εὐσεϐεῖν</span> <span class='ocrx_word' id='word_1_87' title='bbox 311 597 500 625; x_wconf 74' lang='grc' dir='ltr'><strong>ἐσπουδακότων</strong></span> <span class='ocrx_word' id='word_1_88' title='bbox 525 598 617 628; x_wconf 61' lang='grc' dir='ltr'>ταύτην</span> <span class='ocrx_word' id='word_1_89' title='bbox 638 600 751 634; x_wconf 77' lang='grc' dir='ltr'><strong>ἑλομένου</strong></span> <span class='ocrx_word' id='word_1_90' title='bbox 775 604 882 629; x_wconf 83' lang='grc' dir='ltr'>νοσῆσαι</span> <span class='ocrx_word' id='word_1_91' title='bbox 906 603 950 629; x_wconf 83' lang='grc' dir='ltr'>τήν</span> 
     </span>
    </p>
   </div>
   <div class='ocr_carea' id='block_1_15' title="bbox 171 638 950 680">
    <p class='ocr_par' dir='ltr' id='par_1_15' title="bbox 171 638 950 680">
     <span class='ocr_line' id='line_1_15' title="bbox 171 638 950 680; baseline 0.005 -14"><span class='ocrx_word' id='word_1_92' title='bbox 171 638 265 672; x_wconf 76' lang='grc' dir='ltr'>ἄνοιαν,</span> <span class='ocrx_word' id='word_1_93' title='bbox 282 641 346 667; x_wconf 79' lang='grc' dir='ltr'>ὥστε</span> <span class='ocrx_word' id='word_1_94' title='bbox 361 641 403 667; x_wconf 82' lang='grc' dir='ltr'>τὸν</span> <span class='ocrx_word' id='word_1_95' title='bbox 416 643 465 678; x_wconf 81' lang='grc' dir='ltr'><strong>πρὸ</strong></span> <span class='ocrx_word' id='word_1_96' title='bbox 482 644 577 669; x_wconf 75' lang='grc' dir='ltr'>αἰώνων</span> <span class='ocrx_word' id='word_1_97' title='bbox 599 644 676 670; x_wconf 78' lang='grc' dir='ltr'>εἰπεῖν</span> <span class='ocrx_word' id='word_1_98' title='bbox 693 643 733 671; x_wconf 77' lang='grc' dir='ltr'><strong>ἐπ’</strong></span> <span class='ocrx_word' id='word_1_99' title='bbox 750 645 866 678; x_wconf 75' lang='grc' dir='ltr'><strong>ἐσχάτων</strong></span> <span class='ocrx_word' id='word_1_100' title='bbox 878 654 950 680; x_wconf 79' lang='grc' dir='ltr'>γεγε-</span> 
     </span>
    </p>
   </div>
   <div class='ocr_carea' id='block_1_16' title="bbox 171 685 950 725">
    <p class='ocr_par' dir='ltr' id='par_1_16' title="bbox 171 685 950 725">
     <span class='ocr_line' id='line_1_16' title="bbox 171 685 950 725; baseline 0.009 -16"><span class='ocrx_word' id='word_1_101' title='bbox 171 685 271 712; x_wconf 64' lang='grc' dir='ltr'>νῆσθαι·</span> <span class='ocrx_word' id='word_1_102' title='bbox 281 694 290 710; x_wconf 83' lang='grc'><strong>1</strong></span> <span class='ocrx_word' id='word_1_103' title='bbox 306 687 353 711; x_wconf 74' lang='grc' dir='ltr'><strong>Καὶ</strong></span> <span class='ocrx_word' id='word_1_104' title='bbox 363 687 414 719; x_wconf 73' lang='grc' dir='ltr'>μεθ’</span> <span class='ocrx_word' id='word_1_105' title='bbox 425 687 507 722; x_wconf 80' lang='grc' dir='ltr'>ἔτερα·</span> <span class='ocrx_word' id='word_1_106' title='bbox 521 696 529 712; x_wconf 73' lang='grc' dir='ltr'><strong>ι</strong></span> <span class='ocrx_word' id='word_1_107' title='bbox 539 688 630 714; x_wconf 70' lang='grc' dir='ltr'>Οῦκοίν</span> <span class='ocrx_word' id='word_1_108' title='bbox 637 693 688 718; x_wconf 72' lang='grc' dir='ltr'>τοῖς</span> <span class='ocrx_word' id='word_1_109' title='bbox 696 689 824 725; x_wconf 77' lang='grc' dir='ltr'>ὑμετέροις</span> <span class='ocrx_word' id='word_1_110' title='bbox 839 689 950 723; x_wconf 71' lang='grc' dir='ltr'>ἑπόμενοι</span> 
     </span>
    </p>
   </div>
   <div class='ocr_carea' id='block_1_17' title="bbox 171 728 950 768">
    <p class='ocr_par' dir='ltr' id='par_1_17' title="bbox 171 728 950 768">
     <span class='ocr_line' id='line_1_17' title="bbox 171 728 950 768; baseline 0.008 -13"><span class='ocrx_word' id='word_1_111' title='bbox 171 728 269 763; x_wconf 78' lang='grc' dir='ltr'>νόμοις,</span> <span class='ocrx_word' id='word_1_112' title='bbox 290 732 331 756; x_wconf 83' lang='grc' dir='ltr'>καὶ</span> <span class='ocrx_word' id='word_1_113' title='bbox 353 734 396 759; x_wconf 76' lang='grc' dir='ltr'><strong>την</strong></span> <span class='ocrx_word' id='word_1_114' title='bbox 412 732 459 758; x_wconf 75' lang='grc' dir='ltr'><strong>ὑπὸ</strong></span> <span class='ocrx_word' id='word_1_115' title='bbox 473 737 518 761; x_wconf 69' lang='grc' dir='ltr'>τιῖς</span> <span class='ocrx_word' id='word_1_116' title='bbox 531 737 577 762; x_wconf 85' lang='grc' dir='ltr'>σῆς</span> <span class='ocrx_word' id='word_1_117' title='bbox 594 734 726 768; x_wconf 74' lang='grc' dir='ltr'><strong>ἀγχινοίας</strong></span> <span class='ocrx_word' id='word_1_118' title='bbox 743 735 950 768; x_wconf 74' lang='grc' dir='ltr'>νομοθετουμένην</span> 
     </span>
    </p>
   </div>
   <div class='ocr_carea' id='block_1_18' title="bbox 171 775 949 816">
    <p class='ocr_par' dir='ltr' id='par_1_18' title="bbox 171 775 949 816">
     <span class='ocr_line' id='line_1_18' title="bbox 171 775 949 816; baseline 0.009 -16"><span class='ocrx_word' id='word_1_119' title='bbox 171 775 349 811; x_wconf 60' lang='grc' dir='ltr'>ἀντιστροξήν,</span> <span class='ocrx_word' id='word_1_120' title='bbox 364 777 454 810; x_wconf 80' lang='grc' dir='ltr'>μᾶλλον</span> <span class='ocrx_word' id='word_1_121' title='bbox 470 776 495 803; x_wconf 80' lang='grc' dir='ltr'><strong>δὲ</strong></span> <span class='ocrx_word' id='word_1_122' title='bbox 510 781 682 813; x_wconf 73' lang='grc' dir='ltr'>καταστροφὴν</span> <span class='ocrx_word' id='word_1_123' title='bbox 695 778 834 814; x_wconf 71' lang='grc' dir='ltr'><strong>δεξάμενοι,</strong></span> <span class='ocrx_word' id='word_1_124' title='bbox 850 781 905 816; x_wconf 79' lang='grc' dir='ltr'>φέρε</span> <span class='ocrx_word' id='word_1_125' title='bbox 919 780 949 808; x_wconf 74' lang='grc' dir='ltr'><strong>δή</strong></span> 
     </span>
    </p>
   </div>
   <div class='ocr_carea' id='block_1_19' title="bbox 170 818 949 858">
    <p class='ocr_par' dir='ltr' id='par_1_19' title="bbox 170 818 949 858">
     <span class='ocr_line' id='line_1_19' title="bbox 170 818 949 858; baseline 0.01 -15"><span class='ocrx_word' id='word_1_126' title='bbox 170 818 255 845; x_wconf 76' lang='grc' dir='ltr'>πάντα</span> <span class='ocrx_word' id='word_1_127' title='bbox 269 821 304 848; x_wconf 75' lang='grc' dir='ltr'>εἰς</span> <span class='ocrx_word' id='word_1_128' title='bbox 320 821 410 846; x_wconf 69' lang='grc' dir='ltr'>ταυτὸν</span> <span class='ocrx_word' id='word_1_129' title='bbox 423 832 472 856; x_wconf 83' lang='grc' dir='ltr'>συγ</span> <span class='ocrx_word' id='word_1_130' title='bbox 475 821 588 856; x_wconf 67' lang='grc' dir='ltr'>χέωμεν,</span> <span class='ocrx_word' id='word_1_131' title='bbox 604 824 645 849; x_wconf 69' lang='grc' dir='ltr'>καὶ</span> <span class='ocrx_word' id='word_1_132' title='bbox 660 822 768 858; x_wconf 79' lang='grc' dir='ltr'><strong>μηδεμία</strong></span> <span class='ocrx_word' id='word_1_133' title='bbox 786 824 870 851; x_wconf 76' lang='grc' dir='ltr'>λοιπὸν</span> <span class='ocrx_word' id='word_1_134' title='bbox 884 823 949 851; x_wconf 81' lang='grc' dir='ltr'>ε”στω</span> 
     </span>
    </p>
   </div>
   <div class='ocr_carea' id='block_1_20' title="bbox 998 242 1772 277">
    <p class='ocr_par' dir='ltr' id='par_1_20' title="bbox 998 242 1772 277">
     <span class='ocr_line' id='line_1_20' title="bbox 998 242 1772 277; baseline 0.004 -9"><span class='ocrx_word' id='word_1_135' title='bbox 998 243 1094 277; x_wconf 79' lang='lat' dir='ltr'><strong>quippe</strong></span> <span class='ocrx_word' id='word_1_136' title='bbox 1104 242 1195 269; x_wconf 78' lang='lat' dir='ltr'><strong>Patres</strong></span> <span class='ocrx_word' id='word_1_137' title='bbox 1209 243 1341 269; x_wconf 85' lang='lat' dir='ltr'><strong>Christum</strong></span> <span class='ocrx_word' id='word_1_138' title='bbox 1356 243 1436 269; x_wconf 89' lang='lat' dir='ltr'><strong>Deum</strong></span> <span class='ocrx_word' id='word_1_139' title='bbox 1451 243 1565 270; x_wconf 81' lang='lat' dir='ltr'><strong>Verbum</strong></span> <span class='ocrx_word' id='word_1_140' title='bbox 1580 251 1637 270; x_wconf 87' lang='lat' dir='ltr'><strong>esse</strong></span> <span class='ocrx_word' id='word_1_141' title='bbox 1650 245 1772 271; x_wconf 64' lang='lat' dir='ltr'><strong>incarna»</strong></span> 
     </span>
    </p>
   </div>
   <div class='ocr_carea' id='block_1_21' title="bbox 1000 287 1771 322">
    <p class='ocr_par' dir='ltr' id='par_1_21' title="bbox 1000 287 1771 322">
     <span class='ocr_line' id='line_1_21' title="bbox 1000 287 1771 322; baseline 0.004 -10"><span class='ocrx_word' id='word_1_142' title='bbox 1000 290 1063 318; x_wconf 83' lang='lat' dir='ltr'><strong>tum,</strong></span> <span class='ocrx_word' id='word_1_143' title='bbox 1077 291 1155 320; x_wconf 81' lang='lat' dir='ltr'><strong>atque</strong></span> <span class='ocrx_word' id='word_1_144' title='bbox 1167 287 1300 313; x_wconf 80' lang='lat' dir='ltr'><strong>hominem</strong></span> <span class='ocrx_word' id='word_1_145' title='bbox 1315 287 1411 313; x_wconf 83' lang='lat' dir='ltr'><strong>factum</strong></span> <span class='ocrx_word' id='word_1_146' title='bbox 1424 288 1589 321; x_wconf 67' lang='lat' dir='ltr'><strong>conﬁtcntes,</strong></span> <span class='ocrx_word' id='word_1_147' title='bbox 1604 288 1626 314; x_wconf 88' lang='lat' dir='ltr'><strong>si</strong></span> <span class='ocrx_word' id='word_1_148' title='bbox 1639 289 1771 322; x_wconf 80' lang='lat' dir='ltr'><strong>quidpiam</strong></span> 
     </span>
    </p>
   </div>
   <div class='ocr_carea' id='block_1_22' title="bbox 999 331 1772 365">
    <p class='ocr_par' dir='ltr' id='par_1_22' title="bbox 999 331 1772 365">
     <span class='ocr_line' id='line_1_22' title="bbox 999 331 1772 365; baseline 0.001 -8"><span class='ocrx_word' id='word_1_149' title='bbox 999 331 1031 357; x_wconf 83' lang='lat' dir='ltr'><strong>de</strong></span> <span class='ocrx_word' id='word_1_150' title='bbox 1051 331 1107 364; x_wconf 87' lang='lat' dir='ltr'><strong>ipso</strong></span> <span class='ocrx_word' id='word_1_151' title='bbox 1123 331 1220 358; x_wconf 84' lang='lat' dir='ltr'><strong>humile</strong></span> <span class='ocrx_word' id='word_1_152' title='bbox 1231 332 1376 365; x_wconf 80' lang='lat' dir='ltr'><strong>proferunt,</strong></span> <span class='ocrx_word' id='word_1_153' title='bbox 1388 336 1460 358; x_wconf 87' lang='lat' dir='ltr'><strong>recte</strong></span> <span class='ocrx_word' id='word_1_154' title='bbox 1471 331 1496 358; x_wconf 96' lang='lat' dir='ltr'><strong>id</strong></span> <span class='ocrx_word' id='word_1_155' title='bbox 1509 332 1652 358; x_wconf 76' lang='lat' dir='ltr'><strong>secundum</strong></span> <span class='ocrx_word' id='word_1_156' title='bbox 1667 340 1772 359; x_wconf 84' lang='lat' dir='ltr'><strong>carnem</strong></span> 
     </span>
    </p>
   </div>
   <div class='ocr_carea' id='block_1_23' title="bbox 999 376 1774 410">
    <p class='ocr_par' dir='ltr' id='par_1_23' title="bbox 999 376 1774 410">
     <span class='ocr_line' id='line_1_23' title="bbox 999 376 1774 410; baseline 0.004 -9"><span class='ocrx_word' id='word_1_157' title='bbox 999 376 1023 401; x_wconf 90' lang='lat' dir='ltr'><strong>ci</strong></span> <span class='ocrx_word' id='word_1_158' title='bbox 1045 376 1187 402; x_wconf 82' lang='lat' dir='ltr'><strong>convenire</strong></span> <span class='ocrx_word' id='word_1_159' title='bbox 1207 376 1358 409; x_wconf 89' lang='lat' dir='ltr'><strong>subjiciunt.</strong></span> <span class='ocrx_word' id='word_1_160' title='bbox 1374 376 1505 403; x_wconf 60' lang='grc' dir='ltr'><strong>(λειω-11111</strong></span> <span class='ocrx_word' id='word_1_161' title='bbox 1520 384 1623 410; x_wconf 62' lang='lat' dir='ltr'><strong>acquum</strong></span> <span class='ocrx_word' id='word_1_162' title='bbox 1636 377 1774 404; x_wconf 72' lang='lat' dir='ltr'><strong>videbatur</strong></span> 
     </span>
    </p>
   </div>
   <div class='ocr_carea' id='block_1_24' title="bbox 999 419 1773 454">
    <p class='ocr_par' dir='ltr' id='par_1_24' title="bbox 999 419 1773 454">
     <span class='ocr_line' id='line_1_24' title="bbox 999 419 1773 454; baseline 0.003 -9"><span class='ocrx_word' id='word_1_163' title='bbox 999 419 1130 446; x_wconf 81' lang='lat' dir='ltr'><strong>Theodori</strong></span> <span class='ocrx_word' id='word_1_164' title='bbox 1143 425 1351 454; x_wconf 69' lang='lat' dir='ltr'><strong>propugnatores</strong></span> <span class='ocrx_word' id='word_1_165' title='bbox 1361 421 1402 446; x_wconf 86' lang='lat' dir='ltr'><strong>vel</strong></span> <span class='ocrx_word' id='word_1_166' title='bbox 1414 421 1462 447; x_wconf 88' lang='lat' dir='ltr'><strong>hac</strong></span> <span class='ocrx_word' id='word_1_167' title='bbox 1472 421 1640 454; x_wconf 85' lang='lat' dir='ltr'><strong>exsuperanti</strong></span> <span class='ocrx_word' id='word_1_168' title='bbox 1651 421 1773 454; x_wconf 85' lang='lat' dir='ltr'><strong>blasphe-</strong></span> 
     </span>
    </p>
   </div>
   <div class='ocr_carea' id='block_1_25' title="bbox 999 465 1772 498">
    <p class='ocr_par' dir='ltr' id='par_1_25' title="bbox 999 465 1772 498">
     <span class='ocr_line' id='line_1_25' title="bbox 999 465 1772 498; baseline 0.003 -8"><span class='ocrx_word' id='word_1_169' title='bbox 999 465 1050 490; x_wconf 93' lang='lat' dir='ltr'><strong>mia</strong></span> <span class='ocrx_word' id='word_1_170' title='bbox 1059 469 1207 491; x_wconf 88' lang='lat' dir='ltr'><strong>commotos</strong></span> <span class='ocrx_word' id='word_1_171' title='bbox 1218 465 1250 490; x_wconf 85' lang='lat' dir='ltr'><strong>ab</strong></span> <span class='ocrx_word' id='word_1_172' title='bbox 1261 465 1484 498; x_wconf 76' lang='lat' dir='ltr'><strong>ipsiusimpietatc</strong></span> <span class='ocrx_word' id='word_1_173' title='bbox 1491 465 1632 492; x_wconf 73' lang='lat' dir='ltr'><strong>recedere:</strong></span> <span class='ocrx_word' id='word_1_174' title='bbox 1645 469 1772 497; x_wconf 79' lang='lat' dir='ltr'><strong>attamen,</strong></span> 
     </span>
    </p>
   </div>
   <div class='ocr_carea' id='block_1_26' title="bbox 1001 509 1774 545">
    <p class='ocr_par' dir='ltr' id='par_1_26' title="bbox 1001 509 1774 545">
     <span class='ocr_line' id='line_1_26' title="bbox 1001 509 1774 545; baseline 0.003 -10"><span class='ocrx_word' id='word_1_175' title='bbox 1001 513 1028 535; x_wconf 89' lang='lat' dir='ltr'><strong>ut</strong></span> <span class='ocrx_word' id='word_1_176' title='bbox 1052 509 1168 542; x_wconf 87' lang='lat' dir='ltr'><strong>ipsorum</strong></span> <span class='ocrx_word' id='word_1_177' title='bbox 1189 509 1323 536; x_wconf 72' lang='lat' dir='ltr'><strong>refellatur</strong></span> <span class='ocrx_word' id='word_1_178' title='bbox 1348 509 1525 543; x_wconf 87' lang='lat' dir='ltr'><strong>impudentia,</strong></span> <span class='ocrx_word' id='word_1_179' title='bbox 1541 510 1655 544; x_wconf 85' lang='lat' dir='ltr'><strong>reliquas</strong></span> <span class='ocrx_word' id='word_1_180' title='bbox 1668 518 1774 545; x_wconf 86' lang='lat' dir='ltr'><strong>quoque</strong></span> 
     </span>
    </p>
   </div>
   <div class='ocr_carea' id='block_1_27' title="bbox 1000 552 1774 587">
    <p class='ocr_par' dir='ltr' id='par_1_27' title="bbox 1000 552 1774 587">
     <span class='ocr_line' id='line_1_27' title="bbox 1000 552 1774 587; baseline 0.004 -9"><span class='ocrx_word' id='word_1_181' title='bbox 1000 553 1056 584; x_wconf 77' lang='lat' dir='ltr'><strong>eius</strong></span> <span class='ocrx_word' id='word_1_182' title='bbox 1069 553 1245 586; x_wconf 81' lang='lat' dir='ltr'><strong>blasphemias</strong></span> <span class='ocrx_word' id='word_1_183' title='bbox 1259 552 1422 586; x_wconf 77' lang='lat' dir='ltr'><strong>proferemus</strong></span> <span class='ocrx_word' id='word_1_184' title='bbox 1433 554 1458 579; x_wconf 91' lang='lat' dir='ltr'><strong>iu</strong></span> <span class='ocrx_word' id='word_1_185' title='bbox 1471 553 1600 585; x_wconf 85' lang='lat' dir='ltr'><strong>medium,</strong></span> <span class='ocrx_word' id='word_1_186' title='bbox 1617 554 1712 587; x_wconf 86' lang='lat' dir='ltr'><strong>quibus</strong></span> <span class='ocrx_word' id='word_1_187' title='bbox 1725 554 1774 581; x_wconf 86' lang='lat' dir='ltr'><strong>du-</strong></span> 
     </span>
    </p>
   </div>
   <div class='ocr_carea' id='block_1_28' title="bbox 1000 597 1773 631">
    <p class='ocr_par' dir='ltr' id='par_1_28' title="bbox 1000 597 1773 631">
     <span class='ocr_line' id='line_1_28' title="bbox 1000 597 1773 631; baseline 0.003 -9"><span class='ocrx_word' id='word_1_188' title='bbox 1000 597 1094 630; x_wconf 88' lang='lat' dir='ltr'><strong>plicem</strong></span> <span class='ocrx_word' id='word_1_189' title='bbox 1108 597 1204 624; x_wconf 87' lang='lat' dir='ltr'><strong>Christi</strong></span> <span class='ocrx_word' id='word_1_190' title='bbox 1224 605 1363 631; x_wconf 83' lang='lat' dir='ltr'><strong>personam</strong></span> <span class='ocrx_word' id='word_1_191' title='bbox 1385 597 1493 624; x_wconf 80' lang='lat' dir='ltr'><strong>inducit.</strong></span> <span class='ocrx_word' id='word_1_192' title='bbox 1516 597 1671 624; x_wconf 85' lang='lat' dir='ltr'><strong>lusimulans</strong></span> <span class='ocrx_word' id='word_1_193' title='bbox 1685 598 1773 631; x_wconf 85' lang='lat' dir='ltr'><strong>itaque</strong></span> 
     </span>
    </p>
   </div>
   <div class='ocr_carea' id='block_1_29' title="bbox 1000 641 1774 675">
    <p class='ocr_par' dir='ltr' id='par_1_29' title="bbox 1000 641 1774 675">
     <span class='ocr_line' id='line_1_29' title="bbox 1000 641 1774 675; baseline 0 -7"><span class='ocrx_word' id='word_1_194' title='bbox 1000 649 1046 668; x_wconf 80' lang='lat' dir='ltr'><strong>eos</strong></span> <span class='ocrx_word' id='word_1_195' title='bbox 1060 642 1103 675; x_wconf 86' lang='lat' dir='ltr'><strong>qui</strong></span> <span class='ocrx_word' id='word_1_196' title='bbox 1119 641 1202 668; x_wconf 86' lang='lat' dir='ltr'><strong>Deum</strong></span> <span class='ocrx_word' id='word_1_197' title='bbox 1218 642 1331 668; x_wconf 80' lang='lat' dir='ltr'><strong>Verbum</strong></span> <span class='ocrx_word' id='word_1_198' title='bbox 1345 646 1407 668; x_wconf 83' lang='lat' dir='ltr'><strong>ante</strong></span> <span class='ocrx_word' id='word_1_199' title='bbox 1420 642 1515 669; x_wconf 74' lang='lat' dir='ltr'><strong>szccula</strong></span> <span class='ocrx_word' id='word_1_200' title='bbox 1533 642 1661 675; x_wconf 82' lang='lat' dir='ltr'><strong>genitum,</strong></span> <span class='ocrx_word' id='word_1_201' title='bbox 1679 643 1705 668; x_wconf 92' lang='lat' dir='ltr'><strong>in</strong></span> <span class='ocrx_word' id='word_1_202' title='bbox 1723 650 1774 669; x_wconf 90' lang='lat' dir='ltr'><strong>no-</strong></span> 
     </span>
    </p>
   </div>
   <div class='ocr_carea' id='block_1_30' title="bbox 1002 685 1774 721">
    <p class='ocr_par' dir='ltr' id='par_1_30' title="bbox 1002 685 1774 721">
     <span class='ocr_line' id='line_1_30' title="bbox 1002 685 1774 721; baseline 0.003 -9"><span class='ocrx_word' id='word_1_203' title='bbox 1002 687 1113 719; x_wconf 46' lang='lat' dir='ltr'><strong>vissimo,</strong></span> <span class='ocrx_word' id='word_1_204' title='bbox 1125 687 1257 713; x_wconf 88' lang='lat' dir='ltr'><strong>hominem</strong></span> <span class='ocrx_word' id='word_1_205' title='bbox 1273 687 1370 713; x_wconf 74' lang='lat' dir='ltr'><strong>factum</strong></span> <span class='ocrx_word' id='word_1_206' title='bbox 1385 694 1443 713; x_wconf 89' lang='lat' dir='ltr'><strong>esse</strong></span> <span class='ocrx_word' id='word_1_207' title='bbox 1457 685 1623 721; x_wconf 79' lang='lat' dir='ltr'><strong>proﬁtentur,</strong></span> <span class='ocrx_word' id='word_1_208' title='bbox 1638 687 1664 713; x_wconf 88' lang='lat' dir='ltr'><strong>in</strong></span> <span class='ocrx_word' id='word_1_209' title='bbox 1679 691 1774 720; x_wconf 84' lang='lat' dir='ltr'><strong>quarto</strong></span> 
     </span>
    </p>
   </div>
   <div class='ocr_carea' id='block_1_31' title="bbox 1000 731 1774 765">
    <p class='ocr_par' dir='ltr' id='par_1_31' title="bbox 1000 731 1774 765">
     <span class='ocr_line' id='line_1_31' title="bbox 1000 731 1774 765; baseline 0.001 -8"><span class='ocrx_word' id='word_1_210' title='bbox 1000 736 1091 758; x_wconf 86' lang='lat' dir='ltr'><strong>contra</strong></span> <span class='ocrx_word' id='word_1_211' title='bbox 1111 731 1301 764; x_wconf 81' lang='lat' dir='ltr'><strong>Apollinarium</strong></span> <span class='ocrx_word' id='word_1_212' title='bbox 1316 731 1383 758; x_wconf 90' lang='lat' dir='ltr'><strong>libro</strong></span> <span class='ocrx_word' id='word_1_213' title='bbox 1402 731 1459 758; x_wconf 66' lang='lat' dir='ltr'><strong>hate</strong></span> <span class='ocrx_word' id='word_1_214' title='bbox 1472 731 1582 758; x_wconf 85' lang='lat' dir='ltr'><strong>scribit:</strong></span> <span class='ocrx_word' id='word_1_215' title='bbox 1601 741 1609 756; x_wconf 79' lang='grc'><strong>1</strong></span> <span class='ocrx_word' id='word_1_216' title='bbox 1627 731 1684 758; x_wconf 82' lang='lat' dir='ltr'><strong>Hoc</strong></span> <span class='ocrx_word' id='word_1_217' title='bbox 1703 731 1774 765; x_wconf 87' lang='lat' dir='ltr'><strong>quod</strong></span> 
     </span>
    </p>
   </div>
   <div class='ocr_carea' id='block_1_32' title="bbox 1000 775 1774 811">
    <p class='ocr_par' dir='ltr' id='par_1_32' title="bbox 1000 775 1774 811">
     <span class='ocr_line' id='line_1_32' title="bbox 1000 775 1774 811; baseline 0.003 -10"><span class='ocrx_word' id='word_1_218' title='bbox 1000 776 1053 811; x_wconf 77' lang='lat' dir='ltr'><strong>[hic</strong></span> <span class='ocrx_word' id='word_1_219' title='bbox 1066 776 1109 809; x_wconf 92' lang='lat' dir='ltr'><strong>qui</strong></span> <span class='ocrx_word' id='word_1_220' title='bbox 1125 775 1219 810; x_wconf 53' lang='grc' dir='ltr'>σηοω]</span> <span class='ocrx_word' id='word_1_221' title='bbox 1230 779 1291 802; x_wconf 87' lang='lat' dir='ltr'><strong>ante</strong></span> <span class='ocrx_word' id='word_1_222' title='bbox 1304 775 1398 802; x_wconf 82' lang='lat' dir='ltr'><strong>saecula</strong></span> <span class='ocrx_word' id='word_1_223' title='bbox 1413 781 1480 809; x_wconf 90' lang='lat' dir='ltr'><strong>erat,</strong></span> <span class='ocrx_word' id='word_1_224' title='bbox 1495 776 1520 802; x_wconf 94' lang='lat' dir='ltr'><strong>in</strong></span> <span class='ocrx_word' id='word_1_225' title='bbox 1540 776 1688 803; x_wconf 85' lang='lat' dir='ltr'><strong>novissimis</strong></span> <span class='ocrx_word' id='word_1_226' title='bbox 1710 776 1774 803; x_wconf 87' lang='lat' dir='ltr'><strong>dicit</strong></span> 
     </span>
    </p>
   </div>
   <div class='ocr_carea' id='block_1_33' title="bbox 1000 820 1774 855">
    <p class='ocr_par' dir='ltr' id='par_1_33' title="bbox 1000 820 1774 855">
     <span class='ocr_line' id='line_1_33' title="bbox 1000 820 1774 855; baseline 0.003 -9"><span class='ocrx_word' id='word_1_227' title='bbox 1000 821 1095 846; x_wconf 80' lang='lat' dir='ltr'><strong>factum</strong></span> <span class='ocrx_word' id='word_1_228' title='bbox 1109 828 1168 847; x_wconf 84' lang='lat' dir='ltr'><strong>esse</strong></span> <span class='ocrx_word' id='word_1_229' title='bbox 1179 820 1353 854; x_wconf 84' lang='lat' dir='ltr'><strong>temporibus,</strong></span> <span class='ocrx_word' id='word_1_230' title='bbox 1368 824 1460 855; x_wconf 88' lang='lat' dir='ltr'><strong>utpote</strong></span> <span class='ocrx_word' id='word_1_231' title='bbox 1472 821 1628 854; x_wconf 83' lang='lat' dir='ltr'><strong>quibusdam</strong></span> <span class='ocrx_word' id='word_1_232' title='bbox 1648 821 1698 848; x_wconf 91' lang='lat' dir='ltr'><strong>hoc</strong></span> <span class='ocrx_word' id='word_1_233' title='bbox 1710 829 1774 848; x_wconf 85' lang='lat' dir='ltr'><strong>con-</strong></span> 
     </span>
    </p>
   </div>
   <div class='ocr_carea' id='block_1_34' title="bbox 171 861 942 906">
    <p class='ocr_par' dir='ltr' id='par_1_34' title="bbox 171 861 942 906">
     <span class='ocr_line' id='line_1_34' title="bbox 171 861 942 906; baseline 0.008 -17"><span class='ocrx_word' id='word_1_234' title='bbox 171 861 306 901; x_wconf 62' lang='grc' dir='ltr'>διάκρισις,</span> <span class='ocrx_word' id='word_1_235' title='bbox 320 867 354 898; x_wconf 85' lang='grc' dir='ltr'><strong><em>μή</em></strong></span> <span class='ocrx_word' id='word_1_236' title='bbox 367 869 428 892; x_wconf 81' lang='grc' dir='ltr'>Θεοῦ</span> <span class='ocrx_word' id='word_1_237' title='bbox 443 871 547 903; x_wconf 59' lang='grc' dir='ltr'>μορφῆς,</span> <span class='ocrx_word' id='word_1_238' title='bbox 563 870 596 902; x_wconf 80' lang='grc' dir='ltr'>μὴ</span> <span class='ocrx_word' id='word_1_239' title='bbox 608 867 696 895; x_wconf 84' lang='grc' dir='ltr'>δούλου</span> <span class='ocrx_word' id='word_1_240' title='bbox 710 873 820 906; x_wconf 82' lang='grc' dir='ltr'><strong>μορφῆς,</strong></span> <span class='ocrx_word' id='word_1_241' title='bbox 839 872 872 903; x_wconf 78' lang='grc' dir='ltr'>μὴ</span> <span class='ocrx_word' id='word_1_242' title='bbox 889 873 942 896; x_wconf 74' lang='grc' dir='ltr'>ναοί</span> 
     </span>
    </p>
   </div>
   <div class='ocr_carea' id='block_1_35' title="bbox 993 861 1773 906">
    <p class='ocr_par' dir='ltr' id='par_1_35' title="bbox 1000 867 1773 902">
     <span class='ocr_line' id='line_1_35' title="bbox 1000 867 1773 902; baseline 0.001 -8"><span class='ocrx_word' id='word_1_243' title='bbox 1000 868 1142 900; x_wconf 84' lang='lat' dir='ltr'><strong>ﬁtentibus,</strong></span> <span class='ocrx_word' id='word_1_244' title='bbox 1154 875 1214 894; x_wconf 91' lang='lat' dir='ltr'><strong>cum</strong></span> <span class='ocrx_word' id='word_1_245' title='bbox 1224 875 1304 894; x_wconf 90' lang='lat' dir='ltr'><strong>nemo</strong></span> <span class='ocrx_word' id='word_1_246' title='bbox 1314 875 1346 894; x_wconf 84' lang='lat' dir='ltr'><strong>ex</strong></span> <span class='ocrx_word' id='word_1_247' title='bbox 1356 867 1397 894; x_wconf 89' lang='lat' dir='ltr'><strong>his</strong></span> <span class='ocrx_word' id='word_1_248' title='bbox 1407 867 1450 901; x_wconf 87' lang='lat' dir='ltr'><strong>qui</strong></span> <span class='ocrx_word' id='word_1_249' title='bbox 1461 868 1567 902; x_wconf 87' lang='lat' dir='ltr'><strong>pietatis</strong></span> <span class='ocrx_word' id='word_1_250' title='bbox 1577 875 1666 895; x_wconf 89' lang='lat' dir='ltr'><strong>curam</strong></span> <span class='ocrx_word' id='word_1_251' title='bbox 1676 868 1773 895; x_wconf 81' lang='lat' dir='ltr'><strong>habent</strong></span> 
     </span>
    </p>
   </div>
   <div class='ocr_carea' id='block_1_36' title="bbox 169 908 950 948">
    <p class='ocr_par' dir='ltr' id='par_1_36' title="bbox 169 908 950 948">
     <span class='ocr_line' id='line_1_36' title="bbox 169 908 950 948; baseline 0.009 -14"><span class='ocrx_word' id='word_1_252' title='bbox 169 908 309 944; x_wconf 75' lang='grc' dir='ltr'><strong>ληφθέντος,</strong></span> <span class='ocrx_word' id='word_1_253' title='bbox 322 913 357 946; x_wconf 78' lang='grc' dir='ltr'>μή</span> <span class='ocrx_word' id='word_1_254' title='bbox 367 914 412 937; x_wconf 85' lang='grc' dir='ltr'><strong>τοῦ</strong></span> <span class='ocrx_word' id='word_1_255' title='bbox 425 911 574 942; x_wconf 76' lang='grc' dir='ltr'>ἐνοικοῦντος</span> <span class='ocrx_word' id='word_1_256' title='bbox 588 913 612 938; x_wconf 74' lang='grc' dir='ltr'>ἐν</span> <span class='ocrx_word' id='word_1_257' title='bbox 623 917 659 948; x_wconf 84' lang='grc' dir='ltr'>τῷ</span> <span class='ocrx_word' id='word_1_258' title='bbox 672 917 737 947; x_wconf 77' lang='grc' dir='ltr'>ναῷ,</span> <span class='ocrx_word' id='word_1_259' title='bbox 754 917 788 948; x_wconf 83' lang='grc' dir='ltr'>μή</span> <span class='ocrx_word' id='word_1_260' title='bbox 810 917 853 940; x_wconf 85' lang='grc' dir='ltr'><strong>τοῦ</strong></span> <span class='ocrx_word' id='word_1_261' title='bbox 867 915 950 942; x_wconf 78' lang='grc' dir='ltr'>λυθέν-</span> 
     </span>
    </p>
   </div>
   <div class='ocr_carea' id='block_1_37' title="bbox 169 956 947 992">
    <p class='ocr_par' dir='ltr' id='par_1_37' title="bbox 169 956 947 992">
     <span class='ocr_line' id='line_1_37' title="bbox 169 956 947 992; baseline 0.006 -12"><span class='ocrx_word' id='word_1_262' title='bbox 169 963 227 983; x_wconf 77' lang='grc' dir='ltr'>τος,</span> <span class='ocrx_word' id='word_1_263' title='bbox 243 956 277 988; x_wconf 81' lang='grc' dir='ltr'><strong><em>μή</em></strong></span> <span class='ocrx_word' id='word_1_264' title='bbox 295 958 338 981; x_wconf 85' lang='grc' dir='ltr'><strong>τοῦ</strong></span> <span class='ocrx_word' id='word_1_265' title='bbox 353 956 505 992; x_wconf 77' lang='grc' dir='ltr'>ἐγείραντος,</span> <span class='ocrx_word' id='word_1_266' title='bbox 522 960 555 991; x_wconf 82' lang='grc' dir='ltr'>μή</span> <span class='ocrx_word' id='word_1_267' title='bbox 570 961 614 984; x_wconf 84' lang='grc' dir='ltr'><strong>τοῦ</strong></span> <span class='ocrx_word' id='word_1_268' title='bbox 627 958 796 988; x_wconf 80' lang='grc' dir='ltr'>τελειωθέντος</span> <span class='ocrx_word' id='word_1_269' title='bbox 811 959 833 984; x_wconf 85' lang='grc' dir='ltr'>ἐν</span> <span class='ocrx_word' id='word_1_270' title='bbox 847 959 947 989; x_wconf 71' lang='grc' dir='ltr'>πάθεσι,</span> 
     </span>
    </p>
   </div>
   <div class='ocr_carea' id='block_1_38' title="bbox 169 999 948 1037">
    <p class='ocr_par' dir='ltr' id='par_1_38' title="bbox 169 999 948 1037">
     <span class='ocr_line' id='line_1_38' title="bbox 169 999 948 1037; baseline 0.009 -14"><span class='ocrx_word' id='word_1_271' title='bbox 169 1000 204 1031; x_wconf 78' lang='grc' dir='ltr'>μή</span> <span class='ocrx_word' id='word_1_272' title='bbox 214 1001 257 1024; x_wconf 85' lang='grc' dir='ltr'><strong>τοῦ</strong></span> <span class='ocrx_word' id='word_1_273' title='bbox 267 999 449 1030; x_wconf 77' lang='grc' dir='ltr'>τελειώσαντος.</span> <span class='ocrx_word' id='word_1_274' title='bbox 459 1003 493 1035; x_wconf 81' lang='grc' dir='ltr'>μή</span> <span class='ocrx_word' id='word_1_275' title='bbox 503 1005 548 1028; x_wconf 77' lang='grc' dir='ltr'><strong>τοῦ</strong></span> <span class='ocrx_word' id='word_1_276' title='bbox 558 1003 777 1037; x_wconf 74' lang='grc' dir='ltr'>μνημονευθέντος,</span> <span class='ocrx_word' id='word_1_277' title='bbox 791 1006 824 1036; x_wconf 83' lang='grc' dir='ltr'>μὴ</span> <span class='ocrx_word' id='word_1_278' title='bbox 831 1007 876 1029; x_wconf 84' lang='grc' dir='ltr'><strong>τοῦ</strong></span> <span class='ocrx_word' id='word_1_279' title='bbox 887 1014 948 1037; x_wconf 87' lang='grc' dir='ltr'>μνη-</span> 
     </span>
    </p>
   </div>
   <div class='ocr_carea' id='block_1_39' title="bbox 169 1044 947 1084">
    <p class='ocr_par' dir='ltr' id='par_1_39' title="bbox 169 1044 947 1084">
     <span class='ocr_line' id='line_1_39' title="bbox 169 1044 947 1084; baseline 0.009 -15"><span class='ocrx_word' id='word_1_280' title='bbox 169 1044 351 1077; x_wconf 80' lang='grc' dir='ltr'>μονεύσαντος.</span> <span class='ocrx_word' id='word_1_281' title='bbox 376 1048 410 1081; x_wconf 86' lang='grc' dir='ltr'><strong><em>μή</em></strong></span> <span class='ocrx_word' id='word_1_282' title='bbox 429 1049 474 1072; x_wconf 84' lang='grc' dir='ltr'><strong>τοῦ</strong></span> <span class='ocrx_word' id='word_1_283' title='bbox 494 1047 688 1082; x_wconf 72' lang='grc' dir='ltr'>ἐπισκιφθέντος,</span> <span class='ocrx_word' id='word_1_284' title='bbox 703 1051 737 1082; x_wconf 80' lang='grc' dir='ltr'>μὴ</span> <span class='ocrx_word' id='word_1_285' title='bbox 755 1051 799 1075; x_wconf 85' lang='grc' dir='ltr'><strong>τοῦ</strong></span> <span class='ocrx_word' id='word_1_286' title='bbox 812 1049 947 1084; x_wconf 69' lang='grc' dir='ltr'>ἐπισκεψα-</span> 
     </span>
    </p>
   </div>
   <div class='ocr_carea' id='block_1_40' title="bbox 168 1089 946 1129">
    <p class='ocr_par' dir='ltr' id='par_1_40' title="bbox 168 1089 946 1129">
     <span class='ocr_line' id='line_1_40' title="bbox 168 1089 946 1129; baseline 0.009 -15"><span class='ocrx_word' id='word_1_287' title='bbox 168 1089 243 1123; x_wconf 68' lang='grc' dir='ltr'>μένου</span> <span class='ocrx_word' id='word_1_288' title='bbox 253 1109 260 1120; x_wconf 84' lang='grc'><strong>,</strong></span> <span class='ocrx_word' id='word_1_289' title='bbox 281 1092 316 1124; x_wconf 79' lang='grc' dir='ltr'>μή</span> <span class='ocrx_word' id='word_1_290' title='bbox 329 1093 372 1117; x_wconf 86' lang='grc' dir='ltr'><strong>τοῦ</strong></span> <span class='ocrx_word' id='word_1_291' title='bbox 391 1091 479 1128; x_wconf 85' lang='grc' dir='ltr'>βραχὺ</span> <span class='ocrx_word' id='word_1_292' title='bbox 498 1092 561 1128; x_wconf 85' lang='grc' dir='ltr'>παρ’</span> <span class='ocrx_word' id='word_1_293' title='bbox 574 1092 692 1128; x_wconf 77' lang='grc' dir='ltr'>ἀγγέλους</span> <span class='ocrx_word' id='word_1_294' title='bbox 706 1093 894 1126; x_wconf 71' lang='grc' dir='ltr'>ἐλαττωθὲντος,</span> <span class='ocrx_word' id='word_1_295' title='bbox 911 1097 946 1129; x_wconf 86' lang='grc' dir='ltr'><strong><em>μή</em></strong></span> 
     </span>
    </p>
   </div>
   <div class='ocr_carea' id='block_1_41' title="bbox 167 1133 945 1172">
    <p class='ocr_par' dir='ltr' id='par_1_41' title="bbox 167 1133 945 1172">
     <span class='ocr_line' id='line_1_41' title="bbox 167 1133 945 1172; baseline 0.009 -14"><span class='ocrx_word' id='word_1_296' title='bbox 167 1135 213 1158; x_wconf 82' lang='grc' dir='ltr'><strong>τοῦ</strong></span> <span class='ocrx_word' id='word_1_297' title='bbox 226 1133 425 1167; x_wconf 62' lang='grc' dir='ltr'>ἐλαττώσαντος,</span> <span class='ocrx_word' id='word_1_298' title='bbox 441 1137 475 1170; x_wconf 82' lang='grc' dir='ltr'><strong><em>μή</em></strong></span> <span class='ocrx_word' id='word_1_299' title='bbox 488 1139 531 1162; x_wconf 82' lang='grc' dir='ltr'><strong>τοῦ</strong></span> <span class='ocrx_word' id='word_1_300' title='bbox 544 1135 601 1172; x_wconf 78' lang='grc' dir='ltr'><strong>δόξῃ</strong></span> <span class='ocrx_word' id='word_1_301' title='bbox 614 1138 656 1162; x_wconf 85' lang='grc' dir='ltr'>καὶ</span> <span class='ocrx_word' id='word_1_302' title='bbox 668 1141 727 1171; x_wconf 80' lang='grc' dir='ltr'>τιμῇ</span> <span class='ocrx_word' id='word_1_303' title='bbox 741 1138 945 1172; x_wconf 73' lang='grc' dir='ltr'>στεφανωθέντος,</span> 
     </span>
    </p>
   </div>
   <div class='ocr_carea' id='block_1_42' title="bbox 167 1179 946 1218">
    <p class='ocr_par' dir='ltr' id='par_1_42' title="bbox 167 1179 946 1218">
     <span class='ocr_line' id='line_1_42' title="bbox 167 1179 946 1218; baseline 0.006 -15"><span class='ocrx_word' id='word_1_304' title='bbox 167 1179 202 1210; x_wconf 73' lang='grc' dir='ltr'>μὴ</span> <span class='ocrx_word' id='word_1_305' title='bbox 212 1180 257 1203; x_wconf 88' lang='grc' dir='ltr'><strong>τοῦ</strong></span> <span class='ocrx_word' id='word_1_306' title='bbox 271 1180 486 1213; x_wconf 72' lang='grc' dir='ltr'>στεφανώσαντας,</span> <span class='ocrx_word' id='word_1_307' title='bbox 498 1182 532 1214; x_wconf 83' lang='grc' dir='ltr'><em>μή</em></span> <span class='ocrx_word' id='word_1_308' title='bbox 546 1183 588 1207; x_wconf 86' lang='grc' dir='ltr'><strong>τοῦ</strong></span> <span class='ocrx_word' id='word_1_309' title='bbox 601 1179 769 1210; x_wconf 76' lang='grc' dir='ltr'>καταστάντος</span> <span class='ocrx_word' id='word_1_310' title='bbox 783 1182 824 1208; x_wconf 82' lang='grc' dir='ltr'><strong>ἐπὶ</strong></span> <span class='ocrx_word' id='word_1_311' title='bbox 840 1182 872 1208; x_wconf 83' lang='grc' dir='ltr'>τὰ</span> <span class='ocrx_word' id='word_1_312' title='bbox 885 1182 946 1218; x_wconf 74' lang='grc' dir='ltr'>ἔργα</span> 
     </span>
    </p>
   </div>
   <div class='ocr_carea' id='block_1_43' title="bbox 167 1224 946 1262">
    <p class='ocr_par' dir='ltr' id='par_1_43' title="bbox 167 1224 946 1262">
     <span class='ocr_line' id='line_1_43' title="bbox 167 1224 946 1262; baseline 0.009 -15"><span class='ocrx_word' id='word_1_313' title='bbox 167 1224 217 1248; x_wconf 77' lang='grc' dir='ltr'><strong>τῶν</strong></span> <span class='ocrx_word' id='word_1_314' title='bbox 229 1225 323 1257; x_wconf 79' lang='grc' dir='ltr'>χειρῶν</span> <span class='ocrx_word' id='word_1_315' title='bbox 332 1226 376 1249; x_wconf 83' lang='grc' dir='ltr'><strong>τοῦ</strong></span> <span class='ocrx_word' id='word_1_316' title='bbox 390 1227 504 1259; x_wconf 85' lang='grc' dir='ltr'>Θεοῦ,μή</span> <span class='ocrx_word' id='word_1_317' title='bbox 513 1228 558 1252; x_wconf 88' lang='grc' dir='ltr'><strong>τοῦ</strong></span> <span class='ocrx_word' id='word_1_318' title='bbox 570 1227 787 1258; x_wconf 80' lang='grc' dir='ltr'>καταστήσαντος,</span> <span class='ocrx_word' id='word_1_319' title='bbox 801 1229 835 1262; x_wconf 82' lang='grc' dir='ltr'>μὴ</span> <span class='ocrx_word' id='word_1_320' title='bbox 845 1230 890 1254; x_wconf 82' lang='grc' dir='ltr'><strong>τοῦ</strong></span> <span class='ocrx_word' id='word_1_321' title='bbox 902 1228 946 1254; x_wconf 87' lang='grc' dir='ltr'>λα-</span> 
     </span>
    </p>
   </div>
   <div class='ocr_carea' id='block_1_44' title="bbox 167 1266 942 1308">
    <p class='ocr_par' dir='ltr' id='par_1_44' title="bbox 167 1266 942 1308">
     <span class='ocr_line' id='line_1_44' title="bbox 167 1266 942 1308; baseline 0.008 -15"><span class='ocrx_word' id='word_1_322' title='bbox 167 1266 253 1297; x_wconf 72' lang='grc' dir='ltr'>ϐόντος</span> <span class='ocrx_word' id='word_1_323' title='bbox 264 1269 328 1295; x_wconf 86' lang='grc' dir='ltr'>αὑτά</span> <span class='ocrx_word' id='word_1_324' title='bbox 343 1270 366 1295; x_wconf 78' lang='grc' dir='ltr'>ἐν</span> <span class='ocrx_word' id='word_1_325' title='bbox 382 1270 513 1308; x_wconf 71' lang='grc' dir='ltr'>ὑποταγῇ,</span> <span class='ocrx_word' id='word_1_326' title='bbox 527 1274 561 1306; x_wconf 79' lang='grc' dir='ltr'>μὴ</span> <span class='ocrx_word' id='word_1_327' title='bbox 575 1274 619 1298; x_wconf 85' lang='grc' dir='ltr'><strong>τοῦ</strong></span> <span class='ocrx_word' id='word_1_328' title='bbox 633 1271 720 1301; x_wconf 78' lang='grc' dir='ltr'>δόντος</span> <span class='ocrx_word' id='word_1_329' title='bbox 732 1275 776 1301; x_wconf 77' lang='grc' dir='ltr'>τήν</span> <span class='ocrx_word' id='word_1_330' title='bbox 789 1272 942 1308; x_wconf 64' lang='grc' dir='ltr'>ὑποταγὴν.»</span> 
     </span>
    </p>
   </div>
   <div class='ocr_carea' id='block_1_45' title="bbox 200 1314 946 1355">
    <p class='ocr_par' dir='ltr' id='par_1_45' title="bbox 200 1314 946 1355">
     <span class='ocr_line' id='line_1_45' title="bbox 200 1314 946 1355; baseline 0.009 -17"><span class='ocrx_word' id='word_1_331' title='bbox 200 1316 239 1338; x_wconf 80' lang='grc' dir='ltr'>Ἐκ</span> <span class='ocrx_word' id='word_1_332' title='bbox 250 1314 346 1340; x_wconf 83' lang='grc' dir='ltr'>τούτων</span> <span class='ocrx_word' id='word_1_333' title='bbox 358 1316 437 1341; x_wconf 82' lang='grc' dir='ltr'>τοίνυν</span> <span class='ocrx_word' id='word_1_334' title='bbox 449 1319 499 1342; x_wconf 84' lang='grc' dir='ltr'>τῶν</span> <span class='ocrx_word' id='word_1_335' title='bbox 512 1317 610 1343; x_wconf 70' lang='grc' dir='ltr'>ἀσεϐῶν</span> <span class='ocrx_word' id='word_1_336' title='bbox 622 1315 751 1352; x_wconf 75' lang='grc' dir='ltr'><strong>Θεοδώρου</strong></span> <span class='ocrx_word' id='word_1_337' title='bbox 765 1318 890 1355; x_wconf 69' lang='grc' dir='ltr'>ῥημάτων,</span> <span class='ocrx_word' id='word_1_338' title='bbox 904 1321 946 1345; x_wconf 82' lang='grc' dir='ltr'>καὶ</span> 
     </span>
    </p>
   </div>
   <div class='ocr_carea' id='block_1_46' title="bbox 165 1357 945 1399">
    <p class='ocr_par' dir='ltr' id='par_1_46' title="bbox 165 1357 945 1399">
     <span class='ocr_line' id='line_1_46' title="bbox 165 1357 945 1399; baseline 0.01 -16"><span class='ocrx_word' id='word_1_339' title='bbox 165 1360 211 1386; x_wconf 81' lang='grc' dir='ltr'>τῆς</span> <span class='ocrx_word' id='word_1_340' title='bbox 221 1357 301 1388; x_wconf 78' lang='grc' dir='ltr'>οὕτως</span> <span class='ocrx_word' id='word_1_341' title='bbox 313 1360 390 1386; x_wconf 76' lang='grc' dir='ltr'>αὐτοῦ</span> <span class='ocrx_word' id='word_1_342' title='bbox 404 1365 544 1397; x_wconf 77' lang='grc' dir='ltr'>προφανοῦς</span> <span class='ocrx_word' id='word_1_343' title='bbox 557 1361 713 1397; x_wconf 82' lang='grc' dir='ltr'>βλασφημίας</span> <span class='ocrx_word' id='word_1_344' title='bbox 727 1363 908 1399; x_wconf 80' lang='grc' dir='ltr'>ἒρυθριᾶσωσιν</span> <span class='ocrx_word' id='word_1_345' title='bbox 923 1365 945 1391; x_wconf 79' lang='grc' dir='ltr'>οἱ</span> 
     </span>
    </p>
   </div>
   <div class='ocr_carea' id='block_1_47' title="bbox 166 1402 945 1439">
    <p class='ocr_par' dir='ltr' id='par_1_47' title="bbox 166 1402 945 1439">
     <span class='ocr_line' id='line_1_47' title="bbox 166 1402 945 1439; baseline 0.01 -11"><span class='ocrx_word' id='word_1_346' title='bbox 166 1402 362 1439; x_wconf 63' lang='grc' dir='ltr'>ἀντιποιούμινοι</span> <span class='ocrx_word' id='word_1_347' title='bbox 380 1407 457 1432; x_wconf 76' lang='grc' dir='ltr'>αὐτοῦ</span> <span class='ocrx_word' id='word_1_348' title='bbox 476 1417 502 1433; x_wconf 89' lang='grc' dir='ltr'><strong>τε</strong></span> <span class='ocrx_word' id='word_1_349' title='bbox 517 1408 555 1433; x_wconf 82' lang='grc' dir='ltr'><strong>καί</strong></span> <span class='ocrx_word' id='word_1_350' title='bbox 567 1411 612 1437; x_wconf 78' lang='grc' dir='ltr'>τῆς</span> <span class='ocrx_word' id='word_1_351' title='bbox 625 1408 734 1437; x_wconf 75' lang='grc' dir='ltr'>ἀσεϐοῦς</span> <span class='ocrx_word' id='word_1_352' title='bbox 753 1409 892 1438; x_wconf 77' lang='grc' dir='ltr'>ἐπιστολῆς.</span> <span class='ocrx_word' id='word_1_353' title='bbox 913 1410 945 1436; x_wconf 88' lang='grc' dir='ltr'><strong>Τὸ</strong></span> 
     </span>
    </p>
   </div>
   <div class='ocr_carea' id='block_1_48' title="bbox 165 1447 944 1489">
    <p class='ocr_par' dir='ltr' id='par_1_48' title="bbox 165 1447 944 1489">
     <span class='ocr_line' id='line_1_48' title="bbox 165 1447 944 1489; baseline 0.01 -16"><span class='ocrx_word' id='word_1_354' title='bbox 165 1447 213 1482; x_wconf 73' lang='grc' dir='ltr'>γὰρ</span> <span class='ocrx_word' id='word_1_355' title='bbox 223 1447 329 1478; x_wconf 79' lang='grc' dir='ltr'>ἀναιδῶς</span> <span class='ocrx_word' id='word_1_356' title='bbox 342 1451 383 1476; x_wconf 84' lang='grc' dir='ltr'>καὶ</span> <span class='ocrx_word' id='word_1_357' title='bbox 394 1451 512 1481; x_wconf 78' lang='grc' dir='ltr'>πολλάκις</span> <span class='ocrx_word' id='word_1_358' title='bbox 526 1450 596 1478; x_wconf 79' lang='grc' dir='ltr'>ἄλλον</span> <span class='ocrx_word' id='word_1_359' title='bbox 610 1450 669 1480; x_wconf 81' lang='grc' dir='ltr'>εἶναι</span> <span class='ocrx_word' id='word_1_360' title='bbox 678 1455 718 1480; x_wconf 78' lang='grc' dir='ltr'>τὸν</span> <span class='ocrx_word' id='word_1_361' title='bbox 732 1454 792 1480; x_wconf 82' lang='grc' dir='ltr'><strong>Θεὸν</strong></span> <span class='ocrx_word' id='word_1_362' title='bbox 805 1454 888 1489; x_wconf 78' lang='grc' dir='ltr'>λόγον,</span> <span class='ocrx_word' id='word_1_363' title='bbox 903 1457 944 1481; x_wconf 82' lang='grc' dir='ltr'>καὶ</span> 
     </span>
    </p>
   </div>
   <div class='ocr_carea' id='block_1_49' title="bbox 165 1489 942 1535">
    <p class='ocr_par' dir='ltr' id='par_1_49' title="bbox 165 1489 942 1535">
     <span class='ocr_line' id='line_1_49' title="bbox 165 1489 942 1535; baseline 0.014 -19"><span class='ocrx_word' id='word_1_364' title='bbox 165 1489 236 1517; x_wconf 78' lang='grc' dir='ltr'>ἄλλον</span> <span class='ocrx_word' id='word_1_365' title='bbox 245 1493 286 1519; x_wconf 82' lang='grc' dir='ltr'>τὸν</span> <span class='ocrx_word' id='word_1_366' title='bbox 296 1495 399 1530; x_wconf 75' lang='grc' dir='ltr'>Χριστὸν</span> <span class='ocrx_word' id='word_1_367' title='bbox 410 1495 487 1531; x_wconf 79' lang='grc' dir='ltr'>λέγειν</span> <span class='ocrx_word' id='word_1_368' title='bbox 498 1497 572 1523; x_wconf 73' lang='grc' dir='ltr'>αὐτὸν</span> <span class='ocrx_word' id='word_1_369' title='bbox 580 1518 586 1528; x_wconf 91' lang='grc'><strong>,</strong></span> <span class='ocrx_word' id='word_1_370' title='bbox 599 1499 690 1525; x_wconf 77' lang='grc' dir='ltr'>καὶτὸν</span> <span class='ocrx_word' id='word_1_371' title='bbox 703 1500 746 1532; x_wconf 83' lang='grc' dir='ltr'>μὲν</span> <span class='ocrx_word' id='word_1_372' title='bbox 757 1500 942 1535; x_wconf 71' lang='grc' dir='ltr'>εὐεργετοῦντα,</span> 
     </span>
    </p>
   </div>
   <div class='ocr_carea' id='block_1_50' title="bbox 999 912 1773 947">
    <p class='ocr_par' dir='ltr' id='par_1_50' title="bbox 999 912 1773 947">
     <span class='ocr_line' id='line_1_50' title="bbox 999 912 1773 947; baseline -0.001 -7"><span class='ocrx_word' id='word_1_373' title='bbox 999 913 1079 940; x_wconf 90' lang='lat' dir='ltr'><strong>istum</strong></span> <span class='ocrx_word' id='word_1_374' title='bbox 1099 920 1129 940; x_wconf 87' lang='lat' dir='ltr'><strong>se</strong></span> <span class='ocrx_word' id='word_1_375' title='bbox 1146 913 1261 947; x_wconf 89' lang='lat' dir='ltr'><strong>patiatur</strong></span> <span class='ocrx_word' id='word_1_376' title='bbox 1281 912 1402 939; x_wconf 85' lang='lat' dir='ltr'><strong>morbum</strong></span> <span class='ocrx_word' id='word_1_377' title='bbox 1416 913 1514 939; x_wconf 84' lang='lat' dir='ltr'><strong>habere</strong></span> <span class='ocrx_word' id='word_1_378' title='bbox 1528 912 1675 944; x_wconf 69' lang='lat' dir='ltr'><strong>dementize,</strong></span> <span class='ocrx_word' id='word_1_379' title='bbox 1693 917 1720 939; x_wconf 91' lang='lat' dir='ltr'><strong>ut</strong></span> <span class='ocrx_word' id='word_1_380' title='bbox 1732 913 1773 939; x_wconf 91' lang='lat' dir='ltr'><strong>di-</strong></span> 
     </span>
    </p>
   </div>
   <div class='ocr_carea' id='block_1_51' title="bbox 998 956 1772 990">
    <p class='ocr_par' dir='ltr' id='par_1_51' title="bbox 998 956 1772 990">
     <span class='ocr_line' id='line_1_51' title="bbox 998 956 1772 990; baseline 0.001 -8"><span class='ocrx_word' id='word_1_381' title='bbox 998 961 1050 988; x_wconf 92' lang='lat' dir='ltr'><strong>cat,</strong></span> <span class='ocrx_word' id='word_1_382' title='bbox 1068 963 1128 983; x_wconf 88' lang='lat' dir='ltr'><strong>eum</strong></span> <span class='ocrx_word' id='word_1_383' title='bbox 1141 956 1186 990; x_wconf 89' lang='lat' dir='ltr'><strong>qui</strong></span> <span class='ocrx_word' id='word_1_384' title='bbox 1205 960 1246 983; x_wconf 89' lang='lat' dir='ltr'><strong>est</strong></span> <span class='ocrx_word' id='word_1_385' title='bbox 1262 960 1324 983; x_wconf 86' lang='lat' dir='ltr'><strong>ante</strong></span> <span class='ocrx_word' id='word_1_386' title='bbox 1343 956 1444 990; x_wconf 85' lang='lat' dir='ltr'><strong>secula,</strong></span> <span class='ocrx_word' id='word_1_387' title='bbox 1464 956 1490 982; x_wconf 93' lang='lat' dir='ltr'><strong>in</strong></span> <span class='ocrx_word' id='word_1_388' title='bbox 1509 957 1653 983; x_wconf 86' lang='lat' dir='ltr'><strong>novissimo</strong></span> <span class='ocrx_word' id='word_1_389' title='bbox 1674 956 1772 983; x_wconf 80' lang='lat' dir='ltr'><strong>factum</strong></span> 
     </span>
    </p>
   </div>
   <div class='ocr_carea' id='block_1_52' title="bbox 997 1001 1772 1036">
    <p class='ocr_par' dir='ltr' id='par_1_52' title="bbox 997 1001 1772 1036">
     <span class='ocr_line' id='line_1_52' title="bbox 997 1001 1772 1036; baseline 0 -8"><span class='ocrx_word' id='word_1_390' title='bbox 997 1009 1064 1028; x_wconf 85' lang='lat' dir='ltr'><strong>esse.</strong></span> <span class='ocrx_word' id='word_1_391' title='bbox 1084 1010 1093 1027; x_wconf 80' lang='grc'><strong>1</strong></span> <span class='ocrx_word' id='word_1_392' title='bbox 1109 1001 1143 1028; x_wconf 89' lang='lat' dir='ltr'><strong>Et</strong></span> <span class='ocrx_word' id='word_1_393' title='bbox 1161 1005 1222 1036; x_wconf 78' lang='lat' dir='ltr'><strong>post</strong></span> <span class='ocrx_word' id='word_1_394' title='bbox 1242 1008 1325 1035; x_wconf 90' lang='lat' dir='ltr'><strong>pauca</strong></span> <span class='ocrx_word' id='word_1_395' title='bbox 1338 1001 1443 1028; x_wconf 83' lang='lat' dir='ltr'><strong>subdit:</strong></span> <span class='ocrx_word' id='word_1_396' title='bbox 1463 1011 1472 1026; x_wconf 79' lang='grc'><strong>1</strong></span> <span class='ocrx_word' id='word_1_397' title='bbox 1489 1001 1596 1028; x_wconf 85' lang='lat' dir='ltr'><strong>Vestras</strong></span> <span class='ocrx_word' id='word_1_398' title='bbox 1611 1001 1689 1034; x_wconf 79' lang='lat' dir='ltr'><strong>igitur</strong></span> <span class='ocrx_word' id='word_1_399' title='bbox 1701 1001 1772 1034; x_wconf 77' lang='lat' dir='ltr'><strong>leges</strong></span> 
     </span>
    </p>
   </div>
   <div class='ocr_carea' id='block_1_53' title="bbox 997 1045 1771 1079">
    <p class='ocr_par' dir='ltr' id='par_1_53' title="bbox 997 1045 1771 1079">
     <span class='ocr_line' id='line_1_53' title="bbox 997 1045 1771 1079; baseline -0.001 -7"><span class='ocrx_word' id='word_1_400' title='bbox 997 1050 1148 1079; x_wconf 85' lang='lat' dir='ltr'><strong>sequentes,</strong></span> <span class='ocrx_word' id='word_1_401' title='bbox 1169 1050 1197 1073; x_wconf 92' lang='lat' dir='ltr'><strong>et</strong></span> <span class='ocrx_word' id='word_1_402' title='bbox 1215 1053 1230 1072; x_wconf 90' lang='lat' dir='ltr'><strong>a</strong></span> <span class='ocrx_word' id='word_1_403' title='bbox 1251 1049 1295 1073; x_wconf 87' lang='lat' dir='ltr'><strong>tua</strong></span> <span class='ocrx_word' id='word_1_404' title='bbox 1309 1045 1437 1079; x_wconf 77' lang='lat' dir='ltr'><strong>sapientia</strong></span> <span class='ocrx_word' id='word_1_405' title='bbox 1454 1045 1622 1072; x_wconf 86' lang='lat' dir='ltr'><strong>constitutam</strong></span> <span class='ocrx_word' id='word_1_406' title='bbox 1636 1045 1771 1072; x_wconf 87' lang='lat' dir='ltr'><strong>obversio-</strong></span> 
     </span>
    </p>
   </div>
   <div class='ocr_carea' id='block_1_54' title="bbox 996 1089 1770 1124">
    <p class='ocr_par' dir='ltr' id='par_1_54' title="bbox 996 1089 1770 1124">
     <span class='ocr_line' id='line_1_54' title="bbox 996 1089 1770 1124; baseline 0 -7"><span class='ocrx_word' id='word_1_407' title='bbox 996 1092 1075 1124; x_wconf 88' lang='lat' dir='ltr'><strong>n&#39;em,</strong></span> <span class='ocrx_word' id='word_1_408' title='bbox 1101 1092 1155 1118; x_wconf 91' lang='lat' dir='ltr'><strong>imo</strong></span> <span class='ocrx_word' id='word_1_409' title='bbox 1178 1090 1261 1124; x_wconf 79' lang='lat' dir='ltr'><strong>magis</strong></span> <span class='ocrx_word' id='word_1_410' title='bbox 1283 1090 1480 1117; x_wconf 87' lang='lat' dir='ltr'><strong>subversionem</strong></span> <span class='ocrx_word' id='word_1_411' title='bbox 1504 1089 1692 1124; x_wconf 83' lang='lat' dir='ltr'><strong>suscipientes,</strong></span> <span class='ocrx_word' id='word_1_412' title='bbox 1721 1096 1770 1123; x_wconf 76' lang='lat' dir='ltr'><strong>age</strong></span> 
     </span>
    </p>
   </div>
   <div class='ocr_carea' id='block_1_55' title="bbox 995 1133 1769 1167">
    <p class='ocr_par' dir='ltr' id='par_1_55' title="bbox 995 1133 1769 1167">
     <span class='ocr_line' id='line_1_55' title="bbox 995 1133 1769 1167; baseline -0.003 -5"><span class='ocrx_word' id='word_1_413' title='bbox 995 1135 1073 1162; x_wconf 87' lang='lat' dir='ltr'><strong>simul</strong></span> <span class='ocrx_word' id='word_1_414' title='bbox 1087 1135 1175 1162; x_wconf 81' lang='lat' dir='ltr'><strong>omnia</strong></span> <span class='ocrx_word' id='word_1_415' title='bbox 1189 1134 1387 1167; x_wconf 80' lang='lat' dir='ltr'><strong>confundamus,</strong></span> <span class='ocrx_word' id='word_1_416' title='bbox 1400 1138 1427 1161; x_wconf 90' lang='lat' dir='ltr'><strong>et</strong></span> <span class='ocrx_word' id='word_1_417' title='bbox 1440 1134 1510 1160; x_wconf 87' lang='lat' dir='ltr'><strong>nulla</strong></span> <span class='ocrx_word' id='word_1_418' title='bbox 1521 1133 1575 1167; x_wconf 84' lang='lat' dir='ltr'><strong>jam</strong></span> <span class='ocrx_word' id='word_1_419' title='bbox 1589 1134 1624 1160; x_wconf 85' lang='lat' dir='ltr'><strong>sit</strong></span> <span class='ocrx_word' id='word_1_420' title='bbox 1638 1133 1769 1167; x_wconf 88' lang='lat' dir='ltr'><strong>discrepa-</strong></span> 
     </span>
    </p>
   </div>
   <div class='ocr_carea' id='block_1_56' title="bbox 996 1178 1769 1212">
    <p class='ocr_par' dir='ltr' id='par_1_56' title="bbox 996 1178 1769 1212">
     <span class='ocr_line' id='line_1_56' title="bbox 996 1178 1769 1212; baseline 0 -6"><span class='ocrx_word' id='word_1_421' title='bbox 996 1179 1042 1211; x_wconf 83' lang='lat' dir='ltr'><strong>tio,</strong></span> <span class='ocrx_word' id='word_1_422' title='bbox 1065 1187 1114 1207; x_wconf 89' lang='lat' dir='ltr'><strong>nec</strong></span> <span class='ocrx_word' id='word_1_423' title='bbox 1131 1179 1179 1206; x_wconf 87' lang='lat' dir='ltr'><strong>Dei</strong></span> <span class='ocrx_word' id='word_1_424' title='bbox 1198 1178 1299 1211; x_wconf 63' lang='lat' dir='ltr'><strong>formae,</strong></span> <span class='ocrx_word' id='word_1_425' title='bbox 1324 1186 1372 1206; x_wconf 90' lang='lat' dir='ltr'><strong>nec</strong></span> <span class='ocrx_word' id='word_1_426' title='bbox 1394 1179 1463 1205; x_wconf 85' lang='lat' dir='ltr'><strong>servi</strong></span> <span class='ocrx_word' id='word_1_427' title='bbox 1486 1178 1586 1211; x_wconf 69' lang='lat' dir='ltr'><strong>fornae,</strong></span> <span class='ocrx_word' id='word_1_428' title='bbox 1609 1186 1658 1206; x_wconf 88' lang='lat' dir='ltr'><strong>nec</strong></span> <span class='ocrx_word' id='word_1_429' title='bbox 1679 1179 1769 1212; x_wconf 84' lang='lat' dir='ltr'><strong>templi</strong></span> 
     </span>
    </p>
   </div>
   <div class='ocr_carea' id='block_1_57' title="bbox 994 1223 1768 1259">
    <p class='ocr_par' dir='ltr' id='par_1_57' title="bbox 994 1223 1768 1259">
     <span class='ocr_line' id='line_1_57' title="bbox 994 1223 1768 1259; baseline -0.004 -7"><span class='ocrx_word' id='word_1_430' title='bbox 994 1225 1102 1259; x_wconf 86' lang='lat' dir='ltr'><strong>sumpti,</strong></span> <span class='ocrx_word' id='word_1_431' title='bbox 1117 1232 1167 1252; x_wconf 90' lang='lat' dir='ltr'><strong>nec</strong></span> <span class='ocrx_word' id='word_1_432' title='bbox 1187 1225 1244 1259; x_wconf 85' lang='lat' dir='ltr'><strong>ejus</strong></span> <span class='ocrx_word' id='word_1_433' title='bbox 1260 1224 1306 1258; x_wconf 89' lang='lat' dir='ltr'><strong>qui</strong></span> <span class='ocrx_word' id='word_1_434' title='bbox 1326 1225 1352 1250; x_wconf 93' lang='lat' dir='ltr'><strong>in</strong></span> <span class='ocrx_word' id='word_1_435' title='bbox 1372 1223 1470 1257; x_wconf 85' lang='lat' dir='ltr'><strong>templo</strong></span> <span class='ocrx_word' id='word_1_436' title='bbox 1490 1223 1626 1255; x_wconf 83' lang='lat' dir='ltr'><strong>habitavit,</strong></span> <span class='ocrx_word' id='word_1_437' title='bbox 1645 1230 1694 1250; x_wconf 91' lang='lat' dir='ltr'><strong>nec</strong></span> <span class='ocrx_word' id='word_1_438' title='bbox 1712 1223 1768 1257; x_wconf 86' lang='lat' dir='ltr'><strong>ejus</strong></span> 
     </span>
    </p>
   </div>
   <div class='ocr_carea' id='block_1_58' title="bbox 995 1267 1767 1302">
    <p class='ocr_par' dir='ltr' id='par_1_58' title="bbox 995 1267 1767 1302">
     <span class='ocr_line' id='line_1_58' title="bbox 995 1267 1767 1302; baseline -0.001 -7"><span class='ocrx_word' id='word_1_439' title='bbox 995 1269 1039 1302; x_wconf 87' lang='lat' dir='ltr'><strong>qui</strong></span> <span class='ocrx_word' id='word_1_440' title='bbox 1054 1269 1156 1296; x_wconf 88' lang='lat' dir='ltr'><strong>solutus</strong></span> <span class='ocrx_word' id='word_1_441' title='bbox 1169 1273 1220 1301; x_wconf 81' lang='lat' dir='ltr'><strong>est,</strong></span> <span class='ocrx_word' id='word_1_442' title='bbox 1237 1276 1286 1295; x_wconf 90' lang='lat' dir='ltr'><strong>nec</strong></span> <span class='ocrx_word' id='word_1_443' title='bbox 1299 1268 1356 1301; x_wconf 91' lang='lat' dir='ltr'><strong>ejus</strong></span> <span class='ocrx_word' id='word_1_444' title='bbox 1371 1269 1417 1302; x_wconf 88' lang='lat' dir='ltr'><strong>qui</strong></span> <span class='ocrx_word' id='word_1_445' title='bbox 1430 1267 1575 1300; x_wconf 84' lang='lat' dir='ltr'><strong>suscitavit,</strong></span> <span class='ocrx_word' id='word_1_446' title='bbox 1591 1275 1640 1294; x_wconf 85' lang='lat' dir='ltr'><strong>nec</strong></span> <span class='ocrx_word' id='word_1_447' title='bbox 1654 1267 1710 1301; x_wconf 86' lang='lat' dir='ltr'><strong>ejus</strong></span> <span class='ocrx_word' id='word_1_448' title='bbox 1723 1268 1767 1302; x_wconf 89' lang='lat' dir='ltr'><strong>qui</strong></span> 
     </span>
    </p>
   </div>
   <div class='ocr_carea' id='block_1_59' title="bbox 994 1312 1765 1347">
    <p class='ocr_par' dir='ltr' id='par_1_59' title="bbox 994 1312 1765 1347">
     <span class='ocr_line' id='line_1_59' title="bbox 994 1312 1765 1347; baseline -0.001 -8"><span class='ocrx_word' id='word_1_449' title='bbox 994 1313 1127 1347; x_wconf 82' lang='lat' dir='ltr'><strong>perlectus</strong></span> <span class='ocrx_word' id='word_1_450' title='bbox 1140 1313 1220 1340; x_wconf 83' lang='lat' dir='ltr'><strong>estin</strong></span> <span class='ocrx_word' id='word_1_451' title='bbox 1235 1313 1414 1347; x_wconf 86' lang='lat' dir='ltr'><strong>passionibus,</strong></span> <span class='ocrx_word' id='word_1_452' title='bbox 1438 1319 1487 1339; x_wconf 89' lang='lat' dir='ltr'><strong>nec</strong></span> <span class='ocrx_word' id='word_1_453' title='bbox 1506 1312 1563 1345; x_wconf 82' lang='lat' dir='ltr'><strong>ejus</strong></span> <span class='ocrx_word' id='word_1_454' title='bbox 1582 1313 1626 1345; x_wconf 90' lang='lat' dir='ltr'><strong>qui</strong></span> <span class='ocrx_word' id='word_1_455' title='bbox 1645 1312 1765 1346; x_wconf 77' lang='lat' dir='ltr'><strong>perfecit,</strong></span> 
     </span>
    </p>
   </div>
   <div class='ocr_carea' id='block_1_60' title="bbox 994 1358 1766 1393">
    <p class='ocr_par' dir='ltr' id='par_1_60' title="bbox 994 1358 1766 1393">
     <span class='ocr_line' id='line_1_60' title="bbox 994 1358 1766 1393; baseline -0.001 -8"><span class='ocrx_word' id='word_1_456' title='bbox 994 1366 1044 1385; x_wconf 90' lang='lat' dir='ltr'><strong>nec</strong></span> <span class='ocrx_word' id='word_1_457' title='bbox 1063 1358 1121 1393; x_wconf 87' lang='lat' dir='ltr'><strong>ejus</strong></span> <span class='ocrx_word' id='word_1_458' title='bbox 1139 1359 1183 1392; x_wconf 88' lang='lat' dir='ltr'><strong>qui</strong></span> <span class='ocrx_word' id='word_1_459' title='bbox 1204 1359 1357 1385; x_wconf 82' lang='lat' dir='ltr'><strong>memoriam</strong></span> <span class='ocrx_word' id='word_1_460' title='bbox 1379 1358 1488 1385; x_wconf 87' lang='lat' dir='ltr'><strong>meritus</strong></span> <span class='ocrx_word' id='word_1_461' title='bbox 1507 1363 1556 1389; x_wconf 84' lang='lat' dir='ltr'><strong>est,</strong></span> <span class='ocrx_word' id='word_1_462' title='bbox 1580 1365 1628 1385; x_wconf 85' lang='lat' dir='ltr'><strong>nec</strong></span> <span class='ocrx_word' id='word_1_463' title='bbox 1647 1358 1704 1391; x_wconf 85' lang='lat' dir='ltr'><strong>ejus</strong></span> <span class='ocrx_word' id='word_1_464' title='bbox 1722 1358 1766 1392; x_wconf 88' lang='lat' dir='ltr'><strong>qui</strong></span> 
     </span>
    </p>
   </div>
   <div class='ocr_carea' id='block_1_61' title="bbox 994 1403 1766 1437">
    <p class='ocr_par' dir='ltr' id='par_1_61' title="bbox 994 1403 1766 1437">
     <span class='ocr_line' id='line_1_61' title="bbox 994 1403 1766 1437; baseline 0 -6"><span class='ocrx_word' id='word_1_465' title='bbox 994 1411 1096 1431; x_wconf 88' lang='lat' dir='ltr'><strong>memor</strong></span> <span class='ocrx_word' id='word_1_466' title='bbox 1106 1404 1190 1431; x_wconf 75' lang='lat' dir='ltr'><strong>factus</strong></span> <span class='ocrx_word' id='word_1_467' title='bbox 1200 1408 1248 1435; x_wconf 88' lang='lat' dir='ltr'><strong>est,</strong></span> <span class='ocrx_word' id='word_1_468' title='bbox 1263 1411 1313 1430; x_wconf 86' lang='lat' dir='ltr'><strong>nec</strong></span> <span class='ocrx_word' id='word_1_469' title='bbox 1326 1403 1382 1437; x_wconf 87' lang='lat' dir='ltr'><strong>ejus</strong></span> <span class='ocrx_word' id='word_1_470' title='bbox 1395 1403 1441 1436; x_wconf 91' lang='lat' dir='ltr'><strong>qui</strong></span> <span class='ocrx_word' id='word_1_471' title='bbox 1450 1403 1569 1430; x_wconf 84' lang='lat' dir='ltr'><strong>visitatus</strong></span> <span class='ocrx_word' id='word_1_472' title='bbox 1583 1407 1634 1435; x_wconf 90' lang='lat' dir='ltr'><strong>est,</strong></span> <span class='ocrx_word' id='word_1_473' title='bbox 1649 1411 1698 1431; x_wconf 90' lang='lat' dir='ltr'><strong>nec</strong></span> <span class='ocrx_word' id='word_1_474' title='bbox 1709 1403 1766 1437; x_wconf 86' lang='lat' dir='ltr'><strong>ejus</strong></span> 
     </span>
    </p>
   </div>
   <div class='ocr_carea' id='block_1_62' title="bbox 993 1448 1767 1482">
    <p class='ocr_par' dir='ltr' id='par_1_62' title="bbox 993 1448 1767 1482">
     <span class='ocr_line' id='line_1_62' title="bbox 993 1448 1767 1482; baseline -0.001 -7"><span class='ocrx_word' id='word_1_475' title='bbox 993 1449 1039 1482; x_wconf 90' lang='lat' dir='ltr'><strong>qui</strong></span> <span class='ocrx_word' id='word_1_476' title='bbox 1062 1448 1186 1478; x_wconf 85' lang='lat' dir='ltr'><strong>visitavit,</strong></span> <span class='ocrx_word' id='word_1_477' title='bbox 1207 1455 1257 1475; x_wconf 89' lang='lat' dir='ltr'><strong>nec</strong></span> <span class='ocrx_word' id='word_1_478' title='bbox 1276 1448 1333 1481; x_wconf 90' lang='lat' dir='ltr'><strong>ejus</strong></span> <span class='ocrx_word' id='word_1_479' title='bbox 1351 1448 1396 1482; x_wconf 91' lang='lat' dir='ltr'><strong>qui</strong></span> <span class='ocrx_word' id='word_1_480' title='bbox 1416 1448 1494 1482; x_wconf 86' lang='lat' dir='ltr'><strong>paulo</strong></span> <span class='ocrx_word' id='word_1_481' title='bbox 1512 1448 1597 1475; x_wconf 86' lang='lat' dir='ltr'><strong>minus</strong></span> <span class='ocrx_word' id='word_1_482' title='bbox 1615 1448 1648 1474; x_wconf 84' lang='lat' dir='ltr'><strong>ab</strong></span> <span class='ocrx_word' id='word_1_483' title='bbox 1668 1448 1767 1480; x_wconf 74' lang='lat' dir='ltr'><strong>angelis</strong></span> 
     </span>
    </p>
   </div>
   <div class='ocr_carea' id='block_1_63' title="bbox 994 1492 1766 1533">
    <p class='ocr_par' dir='ltr' id='par_1_63' title="bbox 994 1492 1766 1533">
     <span class='ocr_line' id='line_1_63' title="bbox 994 1492 1766 1533; baseline -0.003 -13"><span class='ocrx_word' id='word_1_484' title='bbox 994 1494 1143 1521; x_wconf 87' lang='lat' dir='ltr'><strong>minoratus</strong></span> <span class='ocrx_word' id='word_1_485' title='bbox 1154 1498 1204 1525; x_wconf 83' lang='lat' dir='ltr'><strong>est,</strong></span> <span class='ocrx_word' id='word_1_486' title='bbox 1217 1501 1266 1520; x_wconf 86' lang='lat' dir='ltr'><strong>nec</strong></span> <span class='ocrx_word' id='word_1_487' title='bbox 1279 1493 1336 1526; x_wconf 84' lang='lat' dir='ltr'><strong>ejus</strong></span> <span class='ocrx_word' id='word_1_488' title='bbox 1349 1494 1394 1527; x_wconf 87' lang='lat' dir='ltr'><strong>qui</strong></span> <span class='ocrx_word' id='word_1_489' title='bbox 1408 1493 1558 1524; x_wconf 84' lang='lat' dir='ltr'><strong>minoravit,</strong></span> <span class='ocrx_word' id='word_1_490' title='bbox 1581 1492 1703 1533; x_wconf 80' lang='lat' dir='ltr'><strong>nec_cjus</strong></span> <span class='ocrx_word' id='word_1_491' title='bbox 1722 1492 1766 1526; x_wconf 87' lang='lat' dir='ltr'><strong>qui</strong></span> 
     </span>
    </p>
   </div>
   <div class='ocr_carea' id='block_1_64' title="bbox 164 1535 942 1576">
    <p class='ocr_par' dir='ltr' id='par_1_64' title="bbox 164 1535 942 1576">
     <span class='ocr_line' id='line_1_64' title="bbox 164 1535 942 1576; baseline 0.014 -15"><span class='ocrx_word' id='word_1_492' title='bbox 164 1536 207 1562; x_wconf 73' lang='grc' dir='ltr'>τὸν</span> <span class='ocrx_word' id='word_1_493' title='bbox 217 1535 243 1563; x_wconf 80' lang='grc' dir='ltr'><strong>δὲ</strong></span> <span class='ocrx_word' id='word_1_494' title='bbox 256 1538 472 1574; x_wconf 78' lang='grc' dir='ltr'>εὐεργετούμενον,</span> <span class='ocrx_word' id='word_1_495' title='bbox 486 1543 526 1568; x_wconf 80' lang='grc' dir='ltr'>καὶ</span> <span class='ocrx_word' id='word_1_496' title='bbox 539 1542 580 1568; x_wconf 83' lang='grc' dir='ltr'>τὸν</span> <span class='ocrx_word' id='word_1_497' title='bbox 595 1543 640 1576; x_wconf 80' lang='grc' dir='ltr'>μὲν</span> <span class='ocrx_word' id='word_1_498' title='bbox 655 1544 772 1570; x_wconf 82' lang='grc' dir='ltr'>σώσαντα</span> <span class='ocrx_word' id='word_1_499' title='bbox 780 1565 786 1575; x_wconf 80' lang='lat'><strong>,</strong></span> <span class='ocrx_word' id='word_1_500' title='bbox 798 1545 841 1571; x_wconf 81' lang='grc' dir='ltr'>τὸν</span> <span class='ocrx_word' id='word_1_501' title='bbox 855 1543 881 1572; x_wconf 85' lang='grc' dir='ltr'><em>δέ</em></span> <span class='ocrx_word' id='word_1_502' title='bbox 893 1556 942 1571; x_wconf 86' lang='grc' dir='ltr'>σω-</span> 
     </span>
    </p>
   </div>
   <div class='ocr_carea' id='block_1_65' title="bbox 993 1535 1766 1576">
    <p class='ocr_par' dir='ltr' id='par_1_65' title="bbox 994 1538 1766 1573">
     <span class='ocr_line' id='line_1_65' title="bbox 994 1538 1766 1573; baseline -0.003 -7"><span class='ocrx_word' id='word_1_503' title='bbox 994 1539 1077 1573; x_wconf 77' lang='lat' dir='ltr'><strong>gloria</strong></span> <span class='ocrx_word' id='word_1_504' title='bbox 1099 1543 1126 1566; x_wconf 87' lang='lat' dir='ltr'><strong>et</strong></span> <span class='ocrx_word' id='word_1_505' title='bbox 1143 1539 1246 1566; x_wconf 81' lang='lat' dir='ltr'><strong>honore</strong></span> <span class='ocrx_word' id='word_1_506' title='bbox 1271 1542 1414 1566; x_wconf 86' lang='lat' dir='ltr'><strong>coronatus</strong></span> <span class='ocrx_word' id='word_1_507' title='bbox 1427 1542 1481 1568; x_wconf 79' lang='lat' dir='ltr'><strong>est,</strong></span> <span class='ocrx_word' id='word_1_508' title='bbox 1497 1545 1547 1564; x_wconf 92' lang='lat' dir='ltr'><strong>nec</strong></span> <span class='ocrx_word' id='word_1_509' title='bbox 1561 1539 1618 1572; x_wconf 86' lang='lat' dir='ltr'><strong>ejus</strong></span> <span class='ocrx_word' id='word_1_510' title='bbox 1632 1538 1676 1571; x_wconf 91' lang='lat' dir='ltr'><strong>qui</strong></span> <span class='ocrx_word' id='word_1_511' title='bbox 1690 1545 1766 1565; x_wconf 89' lang='lat' dir='ltr'><strong>coro-</strong></span> 
     </span>
    </p>
   </div>
   <div class='ocr_carea' id='block_1_66' title="bbox 164 1582 942 1624">
    <p class='ocr_par' dir='ltr' id='par_1_66' title="bbox 164 1582 942 1624">
     <span class='ocr_line' id='line_1_66' title="bbox 164 1582 942 1624; baseline 0.013 -18"><span class='ocrx_word' id='word_1_512' title='bbox 164 1582 251 1612; x_wconf 70' lang='grc' dir='ltr'>θέντα,</span> <span class='ocrx_word' id='word_1_513' title='bbox 267 1588 376 1622; x_wconf 76' lang='grc' dir='ltr'>φανερῶς</span> <span class='ocrx_word' id='word_1_514' title='bbox 396 1585 506 1619; x_wconf 75' lang='grc' dir='ltr'>ἀρνεῖται</span> <span class='ocrx_word' id='word_1_515' title='bbox 526 1589 569 1615; x_wconf 87' lang='grc' dir='ltr'>τήν</span> <span class='ocrx_word' id='word_1_516' title='bbox 589 1586 630 1614; x_wconf 79' lang='grc' dir='ltr'><strong>διὰ</strong></span> <span class='ocrx_word' id='word_1_517' title='bbox 643 1591 686 1614; x_wconf 81' lang='grc' dir='ltr'><strong>τοῦ</strong></span> <span class='ocrx_word' id='word_1_518' title='bbox 701 1588 807 1624; x_wconf 74' lang='grc' dir='ltr'>μεγάλου</span> <span class='ocrx_word' id='word_1_519' title='bbox 819 1592 883 1616; x_wconf 84' lang='grc' dir='ltr'><strong>Θεοῦ</strong></span> <span class='ocrx_word' id='word_1_520' title='bbox 900 1591 942 1616; x_wconf 85' lang='grc' dir='ltr'>καὶ</span> 
     </span>
    </p>
   </div>
   <div class='ocr_carea' id='block_1_67' title="bbox 162 1628 940 1668">
    <p class='ocr_par' dir='ltr' id='par_1_67' title="bbox 162 1628 940 1668">
     <span class='ocr_line' id='line_1_67' title="bbox 162 1628 940 1668; baseline 0.012 -16"><span class='ocrx_word' id='word_1_521' title='bbox 162 1631 276 1664; x_wconf 81' lang='grc' dir='ltr'>σωτῆρος</span> <span class='ocrx_word' id='word_1_522' title='bbox 295 1630 364 1662; x_wconf 85' lang='grc' dir='ltr'>ἡμῶν</span> <span class='ocrx_word' id='word_1_523' title='bbox 377 1628 456 1658; x_wconf 85' lang='grc' dir='ltr'>Ἰησοῦ</span> <span class='ocrx_word' id='word_1_524' title='bbox 474 1635 583 1664; x_wconf 76' lang='grc' dir='ltr'>Χριστοῦ</span> <span class='ocrx_word' id='word_1_525' title='bbox 602 1633 800 1668; x_wconf 75' lang='grc' dir='ltr'>προσγενομένην</span> <span class='ocrx_word' id='word_1_526' title='bbox 815 1635 871 1668; x_wconf 78' lang='grc' dir='ltr'>ἡμῖν</span> <span class='ocrx_word' id='word_1_527' title='bbox 888 1645 940 1661; x_wconf 90' lang='grc' dir='ltr'>σω-</span> 
     </span>
    </p>
   </div>
   <div class='ocr_carea' id='block_1_68' title="bbox 163 1672 940 1711">
    <p class='ocr_par' dir='ltr' id='par_1_68' title="bbox 163 1672 940 1711">
     <span class='ocr_line' id='line_1_68' title="bbox 163 1672 940 1711; baseline 0.012 -15"><span class='ocrx_word' id='word_1_528' title='bbox 163 1672 261 1706; x_wconf 82' lang='grc' dir='ltr'>τηρίαν.</span> <span class='ocrx_word' id='word_1_529' title='bbox 276 1676 303 1697; x_wconf 86' lang='lat'><strong>&#39;0</strong></span> <span class='ocrx_word' id='word_1_530' title='bbox 315 1673 364 1709; x_wconf 78' lang='grc' dir='ltr'>γὰρ</span> <span class='ocrx_word' id='word_1_531' title='bbox 377 1674 438 1709; x_wconf 81' lang='grc' dir='ltr'>παρ’</span> <span class='ocrx_word' id='word_1_532' title='bbox 459 1673 532 1701; x_wconf 82' lang='grc' dir='ltr'>ἄλλον</span> <span class='ocrx_word' id='word_1_533' title='bbox 545 1676 684 1711; x_wconf 72' lang='grc' dir='ltr'>εὐεργεσίαν</span> <span class='ocrx_word' id='word_1_534' title='bbox 703 1677 783 1703; x_wconf 60' lang='grc' dir='ltr'>λαϐὼν</span> <span class='ocrx_word' id='word_1_535' title='bbox 793 1697 801 1708; x_wconf 93' lang='grc'><strong>,</strong></span> <span class='ocrx_word' id='word_1_536' title='bbox 815 1678 869 1706; x_wconf 74' lang='grc' dir='ltr'>ἦτοι</span> <span class='ocrx_word' id='word_1_537' title='bbox 889 1690 940 1705; x_wconf 79' lang='grc' dir='ltr'>σω-</span> 
     </span>
    </p>
   </div>
   <div class='ocr_carea' id='block_1_69' title="bbox 162 1715 940 1752">
    <p class='ocr_par' dir='ltr' id='par_1_69' title="bbox 162 1715 940 1752">
     <span class='ocr_line' id='line_1_69' title="bbox 162 1715 940 1752; baseline 0.012 -12"><span class='ocrx_word' id='word_1_538' title='bbox 162 1715 228 1746; x_wconf 64' lang='grc' dir='ltr'>θείς,</span> <span class='ocrx_word' id='word_1_539' title='bbox 243 1715 342 1752; x_wconf 69' lang='grc' dir='ltr'>ἑτέρους</span> <span class='ocrx_word' id='word_1_540' title='bbox 359 1721 414 1747; x_wconf 84' lang='grc' dir='ltr'><strong>πῶς</strong></span> <span class='ocrx_word' id='word_1_541' title='bbox 430 1717 534 1746; x_wconf 81' lang='grc' dir='ltr'>δύναται</span> <span class='ocrx_word' id='word_1_542' title='bbox 551 1721 653 1752; x_wconf 80' lang='grc' dir='ltr'>σώζειν;</span> <span class='ocrx_word' id='word_1_543' title='bbox 669 1721 697 1746; x_wconf 80' lang='grc' dir='ltr'><strong>ΟΖ</strong></span> <span class='ocrx_word' id='word_1_544' title='bbox 715 1722 792 1747; x_wconf 82' lang='grc' dir='ltr'>τοίνυν</span> <span class='ocrx_word' id='word_1_545' title='bbox 805 1725 846 1748; x_wconf 71' lang='grc' dir='ltr'>τόν</span> <span class='ocrx_word' id='word_1_546' title='bbox 860 1726 940 1750; x_wconf 79' lang='grc' dir='ltr'>ταῦτα</span> 
     </span>
    </p>
   </div>
   <div class='ocr_carea' id='block_1_70' title="bbox 162 1759 939 1800">
    <p class='ocr_par' dir='ltr' id='par_1_70' title="bbox 162 1759 939 1800">
     <span class='ocr_line' id='line_1_70' title="bbox 162 1759 939 1800; baseline 0.01 -15"><span class='ocrx_word' id='word_1_547' title='bbox 162 1759 377 1794; x_wconf 71' lang='grc' dir='ltr'>βλασφημήσαντα</span> <span class='ocrx_word' id='word_1_548' title='bbox 397 1762 565 1794; x_wconf 79' lang='grc' dir='ltr'>ἐκδικοῦντες,</span> <span class='ocrx_word' id='word_1_549' title='bbox 592 1765 658 1794; x_wconf 75' lang='grc' dir='ltr'>τινος</span> <span class='ocrx_word' id='word_1_550' title='bbox 683 1763 773 1791; x_wconf 79' lang='grc' dir='ltr'>οἴονται</span> <span class='ocrx_word' id='word_1_551' title='bbox 799 1769 872 1800; x_wconf 84' lang='grc' dir='ltr'>σῶμα</span> <span class='ocrx_word' id='word_1_552' title='bbox 900 1769 939 1793; x_wconf 84' lang='grc' dir='ltr'><strong>καί</strong></span> 
     </span>
    </p>
   </div>
   <div class='ocr_carea' id='block_1_71' title="bbox 162 1803 939 1846">
    <p class='ocr_par' dir='ltr' id='par_1_71' title="bbox 162 1803 939 1846">
     <span class='ocr_line' id='line_1_71' title="bbox 162 1803 939 1846; baseline 0.009 -15"><span class='ocrx_word' id='word_1_553' title='bbox 162 1803 225 1838; x_wconf 48' lang='lat' dir='ltr'><strong>«ius!</strong></span> <span class='ocrx_word' id='word_1_554' title='bbox 237 1806 380 1842; x_wconf 69' lang='grc' dir='ltr'>λαμϐάνειν,</span> <span class='ocrx_word' id='word_1_555' title='bbox 399 1811 442 1834; x_wconf 82' lang='grc' dir='ltr'><strong>τοῦ</strong></span> <span class='ocrx_word' id='word_1_556' title='bbox 457 1809 654 1844; x_wconf 66' lang='grc' dir='ltr'>εὐεργετηθέντος</span> <span class='ocrx_word' id='word_1_557' title='bbox 670 1809 685 1838; x_wconf 81' lang='grc' dir='ltr'><em>ἦ</em></span> <span class='ocrx_word' id='word_1_558' title='bbox 703 1813 745 1835; x_wconf 81' lang='grc' dir='ltr'><strong>τοῦ</strong></span> <span class='ocrx_word' id='word_1_559' title='bbox 760 1811 939 1846; x_wconf 71' lang='grc' dir='ltr'>εὐεργετήσαν-</span> 
     </span>
    </p>
   </div>
   <div class='ocr_carea' id='block_1_72' title="bbox 161 1852 940 1892">
    <p class='ocr_par' dir='ltr' id='par_1_72' title="bbox 161 1852 940 1892">
     <span class='ocr_line' id='line_1_72' title="bbox 161 1852 940 1892; baseline 0.006 -16"><span class='ocrx_word' id='word_1_560' title='bbox 161 1858 219 1882; x_wconf 84' lang='grc' dir='ltr'>τος;</span> <span class='ocrx_word' id='word_1_561' title='bbox 238 1852 288 1877; x_wconf 79' lang='grc' dir='ltr'>ἀλλ’</span> <span class='ocrx_word' id='word_1_562' title='bbox 303 1854 325 1878; x_wconf 82' lang='grc' dir='ltr'>εἰ</span> <span class='ocrx_word' id='word_1_563' title='bbox 341 1853 385 1886; x_wconf 70' lang='grc' dir='ltr'>μὶν</span> <span class='ocrx_word' id='word_1_564' title='bbox 403 1857 448 1880; x_wconf 80' lang='grc' dir='ltr'><strong>τοῦ</strong></span> <span class='ocrx_word' id='word_1_565' title='bbox 468 1854 673 1892; x_wconf 73' lang='grc' dir='ltr'>εὐεργετήσαντος</span> <span class='ocrx_word' id='word_1_566' title='bbox 692 1857 755 1880; x_wconf 83' lang='grc' dir='ltr'>Θεοῦ</span> <span class='ocrx_word' id='word_1_567' title='bbox 777 1855 865 1889; x_wconf 80' lang='grc' dir='ltr'>λόγου,</span> <span class='ocrx_word' id='word_1_568' title='bbox 886 1859 940 1885; x_wconf 80' lang='grc' dir='ltr'><strong>πῶς</strong></span> 
     </span>
    </p>
   </div>
   <div class='ocr_carea' id='block_1_73' title="bbox 161 1897 941 1936">
    <p class='ocr_par' dir='ltr' id='par_1_73' title="bbox 161 1897 941 1936">
     <span class='ocr_line' id='line_1_73' title="bbox 161 1897 941 1936; baseline 0.005 -15"><span class='ocrx_word' id='word_1_569' title='bbox 161 1899 234 1923; x_wconf 70' lang='grc' dir='ltr'>τυῦτο</span> <span class='ocrx_word' id='word_1_570' title='bbox 248 1897 359 1932; x_wconf 80' lang='grc' dir='ltr'>λέγουσιν</span> <span class='ocrx_word' id='word_1_571' title='bbox 371 1901 405 1934; x_wconf 83' lang='grc' dir='ltr'><strong><em>μή</em></strong></span> <span class='ocrx_word' id='word_1_572' title='bbox 422 1898 598 1934; x_wconf 81' lang='grc' dir='ltr'>ὁμολογοῦντες</span> <span class='ocrx_word' id='word_1_573' title='bbox 613 1900 691 1925; x_wconf 79' lang='grc' dir='ltr'>αὑτὸν</span> <span class='ocrx_word' id='word_1_574' title='bbox 705 1900 877 1936; x_wconf 77' lang='grc' dir='ltr'>σαρχωθῆναι,</span> <span class='ocrx_word' id='word_1_575' title='bbox 898 1901 941 1926; x_wconf 81' lang='grc' dir='ltr'>καὶ</span> 
     </span>
    </p>
   </div>
   <div class='ocr_carea' id='block_1_74' title="bbox 160 1942 939 1981">
    <p class='ocr_par' dir='ltr' id='par_1_74' title="bbox 160 1942 939 1981">
     <span class='ocr_line' id='line_1_74' title="bbox 160 1942 939 1981; baseline 0.005 -14"><span class='ocrx_word' id='word_1_576' title='bbox 160 1942 363 1980; x_wconf 72' lang='grc' dir='ltr'>ἐνανθρωπῆσαι;</span> <span class='ocrx_word' id='word_1_577' title='bbox 386 1945 409 1970; x_wconf 81' lang='grc' dir='ltr'>εἰ</span> <span class='ocrx_word' id='word_1_578' title='bbox 424 1944 451 1971; x_wconf 80' lang='grc' dir='ltr'><strong>δὲ</strong></span> <span class='ocrx_word' id='word_1_579' title='bbox 464 1948 510 1972; x_wconf 86' lang='grc' dir='ltr'><strong>τοῦ</strong></span> <span class='ocrx_word' id='word_1_580' title='bbox 524 1945 734 1981; x_wconf 78' lang='grc' dir='ltr'>εὖεργετηθέντος,</span> <span class='ocrx_word' id='word_1_581' title='bbox 750 1946 845 1979; x_wconf 82' lang='grc' dir='ltr'>ματαία</span> <span class='ocrx_word' id='word_1_582' title='bbox 858 1946 939 1972; x_wconf 85' lang='grc' dir='ltr'>αὐτῶν</span> 
     </span>
    </p>
   </div>
   <div class='ocr_carea' id='block_1_75' title="bbox 160 1988 939 2028">
    <p class='ocr_par' dir='ltr' id='par_1_75' title="bbox 160 1988 939 2028">
     <span class='ocr_line' id='line_1_75' title="bbox 160 1988 939 2028; baseline 0.006 -15"><span class='ocrx_word' id='word_1_583' title='bbox 160 1989 175 2015; x_wconf 77' lang='grc' dir='ltr'><em>ἡ</em></span> <span class='ocrx_word' id='word_1_584' title='bbox 185 1988 253 2018; x_wconf 80' lang='grc' dir='ltr'>ἐλπὶς</span> <span class='ocrx_word' id='word_1_585' title='bbox 263 1990 491 2027; x_wconf 69' lang='grc' dir='ltr'>ἀνθρωπολατρεὶαν</span> <span class='ocrx_word' id='word_1_586' title='bbox 502 1991 701 2028; x_wconf 59' lang='grc' dir='ltr'>πρεσϐευόντων,</span> <span class='ocrx_word' id='word_1_587' title='bbox 714 1990 751 2018; x_wconf 83' lang='grc' dir='ltr'>ὅτι</span> <span class='ocrx_word' id='word_1_588' title='bbox 762 1990 939 2020; x_wconf 75' lang='grc' dir='ltr'>ἠσεϐοίσθησαν</span> 
     </span>
    </p>
   </div>
   <div class='ocr_carea' id='block_1_76' title="bbox 159 2034 779 2073">
    <p class='ocr_par' dir='ltr' id='par_1_76' title="bbox 159 2034 779 2073">
     <span class='ocr_line' id='line_1_76' title="bbox 159 2034 779 2073; baseline 0.008 -14"><span class='ocrx_word' id='word_1_589' title='bbox 159 2034 203 2060; x_wconf 79' lang='grc' dir='ltr'>καὶ</span> <span class='ocrx_word' id='word_1_590' title='bbox 215 2034 365 2070; x_wconf 75' lang='grc' dir='ltr'>ἐλάτρευσαν</span> <span class='ocrx_word' id='word_1_591' title='bbox 378 2039 408 2072; x_wconf 78' lang='grc' dir='ltr'>τῇ</span> <span class='ocrx_word' id='word_1_592' title='bbox 422 2036 501 2063; x_wconf 78' lang='grc' dir='ltr'>κτίσει</span> <span class='ocrx_word' id='word_1_593' title='bbox 513 2037 582 2073; x_wconf 82' lang='grc' dir='ltr'>παρὰ</span> <span class='ocrx_word' id='word_1_594' title='bbox 593 2037 634 2063; x_wconf 65' lang='grc' dir='ltr'>τὸν</span> <span class='ocrx_word' id='word_1_595' title='bbox 649 2039 779 2064; x_wconf 78' lang='grc' dir='ltr'>κτίσαντα.</span> 
     </span>
    </p>
   </div>
   <div class='ocr_carea' id='block_1_77' title="bbox 991 1584 1765 1618">
    <p class='ocr_par' dir='ltr' id='par_1_77' title="bbox 991 1584 1765 1618">
     <span class='ocr_line' id='line_1_77' title="bbox 991 1584 1765 1618; baseline -0.004 -6"><span class='ocrx_word' id='word_1_596' title='bbox 991 1585 1074 1616; x_wconf 86' lang='lat' dir='ltr'><strong>navit,</strong></span> <span class='ocrx_word' id='word_1_597' title='bbox 1094 1591 1144 1611; x_wconf 90' lang='lat' dir='ltr'><strong>nec</strong></span> <span class='ocrx_word' id='word_1_598' title='bbox 1160 1584 1217 1618; x_wconf 89' lang='lat' dir='ltr'><strong>ejus</strong></span> <span class='ocrx_word' id='word_1_599' title='bbox 1230 1585 1276 1618; x_wconf 85' lang='lat' dir='ltr'><strong>qui</strong></span> <span class='ocrx_word' id='word_1_600' title='bbox 1293 1585 1451 1611; x_wconf 87' lang='lat' dir='ltr'><strong>constitutus</strong></span> <span class='ocrx_word' id='word_1_601' title='bbox 1461 1587 1503 1610; x_wconf 87' lang='lat' dir='ltr'><strong>est</strong></span> <span class='ocrx_word' id='word_1_602' title='bbox 1518 1590 1598 1617; x_wconf 86' lang='lat' dir='ltr'><strong>super</strong></span> <span class='ocrx_word' id='word_1_603' title='bbox 1611 1590 1690 1617; x_wconf 83' lang='lat' dir='ltr'><strong>opera</strong></span> <span class='ocrx_word' id='word_1_604' title='bbox 1710 1590 1765 1609; x_wconf 85' lang='lat' dir='ltr'><strong>ma-</strong></span> 
     </span>
    </p>
   </div>
   <div class='ocr_carea' id='block_1_78' title="bbox 991 1631 1764 1667">
    <p class='ocr_par' dir='ltr' id='par_1_78' title="bbox 991 1631 1764 1667">
     <span class='ocr_line' id='line_1_78' title="bbox 991 1631 1764 1667; baseline -0.001 -7"><span class='ocrx_word' id='word_1_605' title='bbox 991 1641 1072 1660; x_wconf 91' lang='lat' dir='ltr'><strong>nuum</strong></span> <span class='ocrx_word' id='word_1_606' title='bbox 1092 1632 1150 1666; x_wconf 91' lang='lat' dir='ltr'><strong>Dei,</strong></span> <span class='ocrx_word' id='word_1_607' title='bbox 1169 1640 1219 1660; x_wconf 89' lang='lat' dir='ltr'><strong>nec</strong></span> <span class='ocrx_word' id='word_1_608' title='bbox 1237 1632 1294 1667; x_wconf 90' lang='lat' dir='ltr'><strong>ejus</strong></span> <span class='ocrx_word' id='word_1_609' title='bbox 1307 1633 1352 1666; x_wconf 90' lang='lat' dir='ltr'><strong>qui</strong></span> <span class='ocrx_word' id='word_1_610' title='bbox 1367 1632 1511 1664; x_wconf 84' lang='lat' dir='ltr'><strong>constituit,</strong></span> <span class='ocrx_word' id='word_1_611' title='bbox 1528 1639 1577 1658; x_wconf 90' lang='lat' dir='ltr'><strong>nec</strong></span> <span class='ocrx_word' id='word_1_612' title='bbox 1595 1631 1652 1666; x_wconf 87' lang='lat' dir='ltr'><strong>ejus</strong></span> <span class='ocrx_word' id='word_1_613' title='bbox 1669 1632 1713 1665; x_wconf 90' lang='lat' dir='ltr'><strong>qui</strong></span> <span class='ocrx_word' id='word_1_614' title='bbox 1732 1632 1764 1659; x_wconf 88' lang='lat' dir='ltr'><strong>ad</strong></span> 
     </span>
    </p>
   </div>
   <div class='ocr_carea' id='block_1_79' title="bbox 991 1668 1764 1711">
    <p class='ocr_par' dir='ltr' id='par_1_79' title="bbox 991 1668 1764 1711">
     <span class='ocr_line' id='line_1_79' title="bbox 991 1668 1764 1711; baseline -0.003 -7"><span class='ocrx_word' id='word_1_615' title='bbox 991 1677 1198 1704; x_wconf 82' lang='lat' dir='ltr'><strong>sublevationem</strong></span> <span class='ocrx_word' id='word_1_616' title='bbox 1209 1677 1265 1704; x_wconf 62' lang='lat' dir='ltr'><strong>hanc</strong></span> <span class='ocrx_word' id='word_1_617' title='bbox 1279 1668 1388 1711; x_wconf 70' lang='lat' dir='ltr'><strong>accepit,</strong></span> <span class='ocrx_word' id='word_1_618' title='bbox 1401 1684 1450 1703; x_wconf 90' lang='lat' dir='ltr'><strong>nec</strong></span> <span class='ocrx_word' id='word_1_619' title='bbox 1462 1676 1518 1710; x_wconf 88' lang='lat' dir='ltr'><strong>ejus</strong></span> <span class='ocrx_word' id='word_1_620' title='bbox 1531 1677 1577 1710; x_wconf 87' lang='lat' dir='ltr'><strong>qui</strong></span> <span class='ocrx_word' id='word_1_621' title='bbox 1591 1676 1662 1703; x_wconf 85' lang='lat' dir='ltr'><strong>dedit</strong></span> <span class='ocrx_word' id='word_1_622' title='bbox 1675 1676 1764 1702; x_wconf 80' lang='lat' dir='ltr'><strong>suble-</strong></span> 
     </span>
    </p>
   </div>
   <div class='ocr_carea' id='block_1_80' title="bbox 990 1721 1764 1756">
    <p class='ocr_par' dir='ltr' id='par_1_80' title="bbox 990 1721 1764 1756">
     <span class='ocr_line' id='line_1_80' title="bbox 990 1721 1764 1756; baseline -0.003 -7"><span class='ocrx_word' id='word_1_623' title='bbox 990 1723 1133 1749; x_wconf 86' lang='lat' dir='ltr'><strong>vationem.</strong></span> <span class='ocrx_word' id='word_1_624' title='bbox 1153 1732 1162 1748; x_wconf 78' lang='grc'><strong>1</strong></span> <span class='ocrx_word' id='word_1_625' title='bbox 1179 1722 1218 1748; x_wconf 84' lang='lat' dir='ltr'><strong>Ex</strong></span> <span class='ocrx_word' id='word_1_626' title='bbox 1230 1722 1324 1756; x_wconf 85' lang='lat' dir='ltr'><strong>quibus</strong></span> <span class='ocrx_word' id='word_1_627' title='bbox 1338 1721 1425 1756; x_wconf 88' lang='lat' dir='ltr'><strong>impiis</strong></span> <span class='ocrx_word' id='word_1_628' title='bbox 1439 1721 1570 1748; x_wconf 87' lang='lat' dir='ltr'><strong>Theodori</strong></span> <span class='ocrx_word' id='word_1_629' title='bbox 1587 1721 1683 1753; x_wconf 84' lang='lat' dir='ltr'><strong>verbis,</strong></span> <span class='ocrx_word' id='word_1_630' title='bbox 1703 1728 1764 1754; x_wconf 81' lang='lat' dir='ltr'><strong>pro-</strong></span> 
     </span>
    </p>
   </div>
   <div class='ocr_carea' id='block_1_81' title="bbox 990 1766 1763 1801">
    <p class='ocr_par' dir='ltr' id='par_1_81' title="bbox 990 1766 1763 1801">
     <span class='ocr_line' id='line_1_81' title="bbox 990 1766 1763 1801; baseline -0.003 -7"><span class='ocrx_word' id='word_1_631' title='bbox 990 1768 1104 1801; x_wconf 76' lang='lat' dir='ltr'><strong>fanoque</strong></span> <span class='ocrx_word' id='word_1_632' title='bbox 1119 1767 1340 1801; x_wconf 84' lang='lat' dir='ltr'><strong>blasphemiarum</strong></span> <span class='ocrx_word' id='word_1_633' title='bbox 1355 1773 1453 1800; x_wconf 77' lang='lat' dir='ltr'><strong>genere</strong></span> <span class='ocrx_word' id='word_1_634' title='bbox 1474 1766 1596 1793; x_wconf 80' lang='lat' dir='ltr'><strong>eﬁectum</strong></span> <span class='ocrx_word' id='word_1_635' title='bbox 1610 1770 1650 1792; x_wconf 86' lang='lat' dir='ltr'><strong>est</strong></span> <span class='ocrx_word' id='word_1_636' title='bbox 1664 1770 1693 1792; x_wconf 90' lang='lat' dir='ltr'><strong>ut</strong></span> <span class='ocrx_word' id='word_1_637' title='bbox 1716 1773 1763 1800; x_wconf 91' lang='lat' dir='ltr'><strong>pu-</strong></span> 
     </span>
    </p>
   </div>
   <div class='ocr_carea' id='block_1_82' title="bbox 988 1811 1763 1846">
    <p class='ocr_par' dir='ltr' id='par_1_82' title="bbox 988 1811 1763 1846">
     <span class='ocr_line' id='line_1_82' title="bbox 988 1811 1763 1846; baseline -0.001 -7"><span class='ocrx_word' id='word_1_638' title='bbox 988 1813 1053 1839; x_wconf 90' lang='lat' dir='ltr'><strong>dore</strong></span> <span class='ocrx_word' id='word_1_639' title='bbox 1088 1812 1257 1839; x_wconf 81' lang='lat' dir='ltr'><strong>afﬁcerentur</strong></span> <span class='ocrx_word' id='word_1_640' title='bbox 1283 1820 1376 1839; x_wconf 87' lang='lat' dir='ltr'><strong>omnes</strong></span> <span class='ocrx_word' id='word_1_641' title='bbox 1408 1813 1453 1846; x_wconf 91' lang='lat' dir='ltr'><strong>qui</strong></span> <span class='ocrx_word' id='word_1_642' title='bbox 1479 1811 1528 1845; x_wconf 90' lang='lat' dir='ltr'><strong>ipsi</strong></span> <span class='ocrx_word' id='word_1_643' title='bbox 1556 1811 1694 1845; x_wconf 72' lang='lat' dir='ltr'><strong>impithue</strong></span> <span class='ocrx_word' id='word_1_644' title='bbox 1727 1811 1763 1838; x_wconf 88' lang='lat' dir='ltr'><strong>illi</strong></span> 
     </span>
    </p>
   </div>
   <div class='ocr_carea' id='block_1_83' title="bbox 989 1855 1763 1891">
    <p class='ocr_par' dir='ltr' id='par_1_83' title="bbox 989 1855 1763 1891">
     <span class='ocr_line' id='line_1_83' title="bbox 989 1855 1763 1891; baseline -0.001 -8"><span class='ocrx_word' id='word_1_645' title='bbox 989 1857 1108 1891; x_wconf 68' lang='lat' dir='ltr'><strong>epistolm</strong></span> <span class='ocrx_word' id='word_1_646' title='bbox 1120 1857 1335 1884; x_wconf 81' lang='lat' dir='ltr'><strong>adversabantur.</strong></span> <span class='ocrx_word' id='word_1_647' title='bbox 1350 1856 1467 1890; x_wconf 81' lang='lat' dir='ltr'><strong>Namque</strong></span> <span class='ocrx_word' id='word_1_648' title='bbox 1480 1855 1573 1882; x_wconf 89' lang='lat' dir='ltr'><strong>crebro</strong></span> <span class='ocrx_word' id='word_1_649' title='bbox 1587 1859 1615 1882; x_wconf 88' lang='lat' dir='ltr'><strong>et</strong></span> <span class='ocrx_word' id='word_1_650' title='bbox 1627 1855 1763 1889; x_wconf 87' lang='lat' dir='ltr'><strong>impuden-</strong></span> 
     </span>
    </p>
   </div>
   <div class='ocr_carea' id='block_1_84' title="bbox 990 1900 1762 1935">
    <p class='ocr_par' dir='ltr' id='par_1_84' title="bbox 990 1900 1762 1935">
     <span class='ocr_line' id='line_1_84' title="bbox 990 1900 1762 1935; baseline -0.003 -7"><span class='ocrx_word' id='word_1_651' title='bbox 990 1906 1031 1928; x_wconf 87' lang='lat' dir='ltr'><strong>ter</strong></span> <span class='ocrx_word' id='word_1_652' title='bbox 1052 1902 1121 1928; x_wconf 85' lang='lat' dir='ltr'><strong>aliud</strong></span> <span class='ocrx_word' id='word_1_653' title='bbox 1144 1910 1203 1929; x_wconf 88' lang='lat' dir='ltr'><strong>esse</strong></span> <span class='ocrx_word' id='word_1_654' title='bbox 1225 1901 1272 1928; x_wconf 87' lang='lat' dir='ltr'><strong>Dei</strong></span> <span class='ocrx_word' id='word_1_655' title='bbox 1292 1902 1405 1928; x_wconf 86' lang='lat' dir='ltr'><strong>Verbum</strong></span> <span class='ocrx_word' id='word_1_656' title='bbox 1429 1901 1559 1935; x_wconf 87' lang='lat' dir='ltr'><strong>inquiens,</strong></span> <span class='ocrx_word' id='word_1_657' title='bbox 1581 1900 1660 1927; x_wconf 88' lang='lat' dir='ltr'><strong>alium</strong></span> <span class='ocrx_word' id='word_1_658' title='bbox 1674 1904 1762 1927; x_wconf 85' lang='lat' dir='ltr'><strong>autem</strong></span> 
     </span>
    </p>
   </div>
   <div class='ocr_carea' id='block_1_85' title="bbox 990 1944 1762 1980">
    <p class='ocr_par' dir='ltr' id='par_1_85' title="bbox 990 1944 1762 1980">
     <span class='ocr_line' id='line_1_85' title="bbox 990 1944 1762 1980; baseline -0.004 -7"><span class='ocrx_word' id='word_1_659' title='bbox 990 1945 1138 1979; x_wconf 87' lang='lat' dir='ltr'><strong>Christum;</strong></span> <span class='ocrx_word' id='word_1_660' title='bbox 1160 1947 1239 1973; x_wconf 89' lang='lat' dir='ltr'><strong>alium</strong></span> <span class='ocrx_word' id='word_1_661' title='bbox 1251 1946 1297 1980; x_wconf 86' lang='lat' dir='ltr'><strong>qui</strong></span> <span class='ocrx_word' id='word_1_662' title='bbox 1309 1946 1466 1973; x_wconf 88' lang='lat' dir='ltr'><strong>beneﬁcium</strong></span> <span class='ocrx_word' id='word_1_663' title='bbox 1484 1945 1609 1979; x_wconf 88' lang='lat' dir='ltr'><strong>suscepit,</strong></span> <span class='ocrx_word' id='word_1_664' title='bbox 1625 1944 1704 1971; x_wconf 88' lang='lat' dir='ltr'><strong>alium</strong></span> <span class='ocrx_word' id='word_1_665' title='bbox 1718 1944 1762 1978; x_wconf 91' lang='lat' dir='ltr'><strong>qui</strong></span> 
     </span>
    </p>
   </div>
   <div class='ocr_carea' id='block_1_86' title="bbox 990 1990 1762 2025">
    <p class='ocr_par' dir='ltr' id='par_1_86' title="bbox 990 1990 1762 2025">
     <span class='ocr_line' id='line_1_86' title="bbox 990 1990 1762 2025; baseline -0.005 -7"><span class='ocrx_word' id='word_1_666' title='bbox 990 1991 1117 2024; x_wconf 79' lang='lat' dir='ltr'><strong>Contulit;</strong></span> <span class='ocrx_word' id='word_1_667' title='bbox 1132 1991 1211 2018; x_wconf 87' lang='lat' dir='ltr'><strong>alium</strong></span> <span class='ocrx_word' id='word_1_668' title='bbox 1225 1991 1270 2025; x_wconf 92' lang='lat' dir='ltr'><strong>qui</strong></span> <span class='ocrx_word' id='word_1_669' title='bbox 1280 1991 1373 2021; x_wconf 84' lang='lat' dir='ltr'><strong>salvat,</strong></span> <span class='ocrx_word' id='word_1_670' title='bbox 1387 1991 1466 2017; x_wconf 89' lang='lat' dir='ltr'><strong>alium</strong></span> <span class='ocrx_word' id='word_1_671' title='bbox 1477 1990 1521 2024; x_wconf 88' lang='lat' dir='ltr'><strong>qui</strong></span> <span class='ocrx_word' id='word_1_672' title='bbox 1533 1990 1660 2022; x_wconf 87' lang='lat' dir='ltr'><strong>salvatur,</strong></span> <span class='ocrx_word' id='word_1_673' title='bbox 1671 1993 1762 2022; x_wconf 85' lang='lat' dir='ltr'><strong>aperte</strong></span> 
     </span>
    </p>
   </div>
   <div class='ocr_carea' id='block_1_87' title="bbox 989 2033 1762 2070">
    <p class='ocr_par' dir='ltr' id='par_1_87' title="bbox 989 2033 1762 2070">
     <span class='ocr_line' id='line_1_87' title="bbox 989 2033 1762 2070; baseline -0.003 -7"><span class='ocrx_word' id='word_1_674' title='bbox 989 2037 1100 2064; x_wconf 85' lang='lat' dir='ltr'><strong>salutem</strong></span> <span class='ocrx_word' id='word_1_675' title='bbox 1120 2037 1251 2063; x_wconf 84' lang='lat' dir='ltr'><strong>inﬁciatur</strong></span> <span class='ocrx_word' id='word_1_676' title='bbox 1266 2041 1367 2070; x_wconf 87' lang='lat' dir='ltr'><strong>partam</strong></span> <span class='ocrx_word' id='word_1_677' title='bbox 1386 2036 1461 2063; x_wconf 89' lang='lat' dir='ltr'><strong>nobis</strong></span> <span class='ocrx_word' id='word_1_678' title='bbox 1475 2043 1523 2070; x_wconf 89' lang='lat' dir='ltr'><strong>per</strong></span> <span class='ocrx_word' id='word_1_679' title='bbox 1541 2042 1663 2068; x_wconf 84' lang='lat' dir='ltr'><strong>magnum</strong></span> <span class='ocrx_word' id='word_1_680' title='bbox 1679 2033 1762 2061; x_wconf 88' lang='lat' dir='ltr'><strong>Deunt</strong></span> 
     </span>
    </p>
   </div>
   <div class='ocr_carea' id='block_1_88' title="bbox 991 2078 1762 2112">
    <p class='ocr_par' dir='ltr' id='par_1_88' title="bbox 991 2078 1762 2112">
     <span class='ocr_line' id='line_1_88' title="bbox 991 2078 1762 2112; baseline -0.005 -4"><span class='ocrx_word' id='word_1_681' title='bbox 991 2086 1018 2109; x_wconf 90' lang='lat' dir='ltr'><strong>et</strong></span> <span class='ocrx_word' id='word_1_682' title='bbox 1036 2081 1200 2108; x_wconf 86' lang='lat' dir='ltr'><strong>Salvatorem</strong></span> <span class='ocrx_word' id='word_1_683' title='bbox 1220 2085 1339 2108; x_wconf 90' lang='lat' dir='ltr'><strong>nostrum</strong></span> <span class='ocrx_word' id='word_1_684' title='bbox 1359 2080 1447 2108; x_wconf 83' lang='lat' dir='ltr'><strong>Jesum</strong></span> <span class='ocrx_word' id='word_1_685' title='bbox 1465 2079 1606 2107; x_wconf 85' lang='lat' dir='ltr'><strong>Christum.</strong></span> <span class='ocrx_word' id='word_1_686' title='bbox 1624 2078 1762 2112; x_wconf 85' lang='lat' dir='ltr'><strong>Quomodo</strong></span> 
     </span>
    </p>
   </div>
   <div class='ocr_carea' id='block_1_89' title="bbox 157 2122 1761 2160">
    <p class='ocr_par' dir='ltr' id='par_1_89' title="bbox 157 2122 1761 2160">
     <span class='ocr_line' id='line_1_89' title="bbox 157 2122 1761 2160; baseline 0.001 -12"><span class='ocrx_word' id='word_1_687' title='bbox 157 2122 228 2148; x_wconf 86' lang='lat' dir='ltr'><strong>enim</strong></span> <span class='ocrx_word' id='word_1_688' title='bbox 252 2122 339 2150; x_wconf 83' lang='lat' dir='ltr'><strong>salvos</strong></span> <span class='ocrx_word' id='word_1_689' title='bbox 359 2123 446 2151; x_wconf 83' lang='lat' dir='ltr'><strong>facere</strong></span> <span class='ocrx_word' id='word_1_690' title='bbox 469 2129 556 2158; x_wconf 81' lang='lat' dir='ltr'><strong>potest</strong></span> <span class='ocrx_word' id='word_1_691' title='bbox 577 2126 702 2160; x_wconf 87' lang='lat' dir='ltr'><strong>reliquos,</strong></span> <span class='ocrx_word' id='word_1_692' title='bbox 719 2126 754 2158; x_wconf 91' lang='lat' dir='ltr'><strong>is,</strong></span> <span class='ocrx_word' id='word_1_693' title='bbox 770 2126 814 2159; x_wconf 86' lang='lat' dir='ltr'><strong>qui</strong></span> <span class='ocrx_word' id='word_1_694' title='bbox 829 2133 880 2152; x_wconf 88' lang='lat' dir='ltr'><strong>non</strong></span> <span class='ocrx_word' id='word_1_695' title='bbox 893 2132 970 2153; x_wconf 86' lang='lat' dir='ltr'><strong>secus</strong></span> <span class='ocrx_word' id='word_1_696' title='bbox 989 2133 1022 2151; x_wconf 88' lang='lat' dir='ltr'><strong>ac</strong></span> <span class='ocrx_word' id='word_1_697' title='bbox 1036 2126 1124 2152; x_wconf 69' lang='lat' dir='ltr'><strong>cmteri</strong></span> <span class='ocrx_word' id='word_1_698' title='bbox 1137 2125 1291 2153; x_wconf 88' lang='lat' dir='ltr'><strong>beneﬁcium</strong></span> <span class='ocrx_word' id='word_1_699' title='bbox 1306 2126 1425 2159; x_wconf 86' lang='lat' dir='ltr'><strong>percepit</strong></span> <span class='ocrx_word' id='word_1_700' title='bbox 1437 2125 1539 2157; x_wconf 88' lang='lat' dir='ltr'><strong>salutis,</strong></span> <span class='ocrx_word' id='word_1_701' title='bbox 1554 2128 1633 2158; x_wconf 86' lang='lat' dir='ltr'><strong>atque</strong></span> <span class='ocrx_word' id='word_1_702' title='bbox 1646 2123 1761 2150; x_wconf 85' lang='lat' dir='ltr'><strong>salvatus</strong></span> 
     </span>
    </p>
   </div>
   <div class='ocr_carea' id='block_1_90' title="bbox 156 2167 1760 2205">
    <p class='ocr_par' dir='ltr' id='par_1_90' title="bbox 156 2167 1760 2205">
     <span class='ocr_line' id='line_1_90' title="bbox 156 2167 1760 2205; baseline 0.002 -13"><span class='ocrx_word' id='word_1_703' title='bbox 156 2167 216 2192; x_wconf 86' lang='lat' dir='ltr'><strong>cst?</strong></span> <span class='ocrx_word' id='word_1_704' title='bbox 236 2167 377 2201; x_wconf 85' lang='lat' dir='ltr'><strong>Cujusnam</strong></span> <span class='ocrx_word' id='word_1_705' title='bbox 400 2169 479 2202; x_wconf 77' lang='lat' dir='ltr'><strong>igitur</strong></span> <span class='ocrx_word' id='word_1_706' title='bbox 501 2178 597 2204; x_wconf 88' lang='lat' dir='ltr'><strong>corpus</strong></span> <span class='ocrx_word' id='word_1_707' title='bbox 621 2175 648 2198; x_wconf 90' lang='lat' dir='ltr'><strong>et</strong></span> <span class='ocrx_word' id='word_1_708' title='bbox 665 2171 818 2205; x_wconf 82' lang='lat' dir='ltr'><strong>sanguinem</strong></span> <span class='ocrx_word' id='word_1_709' title='bbox 843 2178 946 2198; x_wconf 85' lang='lat' dir='ltr'><strong>sumere</strong></span> <span class='ocrx_word' id='word_1_710' title='bbox 968 2179 997 2198; x_wconf 86' lang='lat' dir='ltr'><strong>se</strong></span> <span class='ocrx_word' id='word_1_711' title='bbox 1016 2171 1177 2203; x_wconf 78' lang='lat' dir='ltr'><strong>existimant,</strong></span> <span class='ocrx_word' id='word_1_712' title='bbox 1205 2171 1250 2204; x_wconf 87' lang='lat' dir='ltr'><strong>qui</strong></span> <span class='ocrx_word' id='word_1_713' title='bbox 1272 2171 1329 2198; x_wconf 73' lang='lat' dir='ltr'><strong>inec</strong></span> <span class='ocrx_word' id='word_1_714' title='bbox 1356 2171 1582 2205; x_wconf 83' lang='lat' dir='ltr'><strong>blasphemantem</strong></span> <span class='ocrx_word' id='word_1_715' title='bbox 1602 2168 1760 2196; x_wconf 77' lang='lat' dir='ltr'><strong>defendunt?</strong></span> 
     </span>
    </p>
   </div>
   <div class='ocr_carea' id='block_1_91' title="bbox 158 2209 1760 2248">
    <p class='ocr_par' dir='ltr' id='par_1_91' title="bbox 158 2209 1760 2248">
     <span class='ocr_line' id='line_1_91' title="bbox 158 2209 1760 2248; baseline 0.001 -12"><span class='ocrx_word' id='word_1_716' title='bbox 158 2209 254 2243; x_wconf 83' lang='lat' dir='ltr'><strong>Ejusne</strong></span> <span class='ocrx_word' id='word_1_717' title='bbox 267 2212 312 2245; x_wconf 87' lang='lat' dir='ltr'><strong>qui</strong></span> <span class='ocrx_word' id='word_1_718' title='bbox 325 2212 482 2239; x_wconf 85' lang='lat' dir='ltr'><strong>beneﬁcium</strong></span> <span class='ocrx_word' id='word_1_719' title='bbox 495 2213 614 2246; x_wconf 90' lang='lat' dir='ltr'><strong>contulit,</strong></span> <span class='ocrx_word' id='word_1_720' title='bbox 633 2222 666 2241; x_wconf 88' lang='lat' dir='ltr'><strong>an</strong></span> <span class='ocrx_word' id='word_1_721' title='bbox 685 2214 741 2248; x_wconf 81' lang='lat' dir='ltr'><strong>ejus</strong></span> <span class='ocrx_word' id='word_1_722' title='bbox 762 2213 808 2248; x_wconf 87' lang='lat' dir='ltr'><strong>qui</strong></span> <span class='ocrx_word' id='word_1_723' title='bbox 825 2214 959 2248; x_wconf 87' lang='lat' dir='ltr'><strong>suscepit?</strong></span> <span class='ocrx_word' id='word_1_724' title='bbox 977 2214 1051 2246; x_wconf 87' lang='lat' dir='ltr'><strong>Quod</strong></span> <span class='ocrx_word' id='word_1_725' title='bbox 1065 2214 1087 2241; x_wconf 91' lang='lat' dir='ltr'><strong>si</strong></span> <span class='ocrx_word' id='word_1_726' title='bbox 1104 2213 1179 2240; x_wconf 85' lang='lat' dir='ltr'><strong>Verbi</strong></span> <span class='ocrx_word' id='word_1_727' title='bbox 1194 2213 1240 2241; x_wconf 87' lang='lat' dir='ltr'><strong>Dei</strong></span> <span class='ocrx_word' id='word_1_728' title='bbox 1265 2212 1422 2240; x_wconf 87' lang='lat' dir='ltr'><strong>beneﬁcium</strong></span> <span class='ocrx_word' id='word_1_729' title='bbox 1440 2212 1600 2239; x_wconf 80' lang='lat' dir='ltr'><strong>conferentis</strong></span> <span class='ocrx_word' id='word_1_730' title='bbox 1618 2218 1713 2245; x_wconf 85' lang='lat' dir='ltr'><strong>capere</strong></span> <span class='ocrx_word' id='word_1_731' title='bbox 1732 2219 1760 2238; x_wconf 84' lang='lat' dir='ltr'><strong>se</strong></span> 
     </span>
    </p>
   </div>
   <div class='ocr_carea' id='block_1_92' title="bbox 156 2259 1760 2294">
    <p class='ocr_par' dir='ltr' id='par_1_92' title="bbox 156 2259 1760 2294">
     <span class='ocr_line' id='line_1_92' title="bbox 156 2259 1760 2294; baseline 0.002 -13"><span class='ocrx_word' id='word_1_732' title='bbox 156 2261 320 2284; x_wconf 79' lang='lat' dir='ltr'><strong>sacramenta</strong></span> <span class='ocrx_word' id='word_1_733' title='bbox 339 2259 538 2292; x_wconf 85' lang='lat' dir='ltr'><strong>responderint,</strong></span> <span class='ocrx_word' id='word_1_734' title='bbox 553 2260 687 2293; x_wconf 84' lang='lat' dir='ltr'><strong>quomodo</strong></span> <span class='ocrx_word' id='word_1_735' title='bbox 707 2260 731 2286; x_wconf 93' lang='lat' dir='ltr'><strong>id</strong></span> <span class='ocrx_word' id='word_1_736' title='bbox 751 2260 851 2294; x_wconf 82' lang='lat' dir='ltr'><strong>dicant,</strong></span> <span class='ocrx_word' id='word_1_737' title='bbox 867 2268 927 2287; x_wconf 90' lang='lat' dir='ltr'><strong>cum</strong></span> <span class='ocrx_word' id='word_1_738' title='bbox 949 2260 1033 2294; x_wconf 89' lang='lat' dir='ltr'><strong>ipsum</strong></span> <span class='ocrx_word' id='word_1_739' title='bbox 1057 2261 1222 2287; x_wconf 81' lang='lat' dir='ltr'><strong>incarnatum</strong></span> <span class='ocrx_word' id='word_1_740' title='bbox 1246 2265 1273 2287; x_wconf 90' lang='lat' dir='ltr'><strong>et</strong></span> <span class='ocrx_word' id='word_1_741' title='bbox 1296 2260 1429 2286; x_wconf 86' lang='lat' dir='ltr'><strong>hominem</strong></span> <span class='ocrx_word' id='word_1_742' title='bbox 1452 2261 1549 2286; x_wconf 75' lang='lat' dir='ltr'><strong>factum</strong></span> <span class='ocrx_word' id='word_1_743' title='bbox 1575 2266 1634 2286; x_wconf 86' lang='lat' dir='ltr'><strong>esse</strong></span> <span class='ocrx_word' id='word_1_744' title='bbox 1653 2259 1760 2285; x_wconf 84' lang='lat' dir='ltr'><strong>minime</strong></span> 
     </span>
    </p>
   </div>
   <div class='ocr_carea' id='block_1_93' title="bbox 155 2299 1758 2339">
    <p class='ocr_par' dir='ltr' id='par_1_93' title="bbox 155 2299 1758 2339">
     <span class='ocr_line' id='line_1_93' title="bbox 155 2299 1758 2339; baseline 0.004 -14"><span class='ocrx_word' id='word_1_745' title='bbox 155 2299 349 2329; x_wconf 83' lang='lat' dir='ltr'><strong>conﬁteantur?</strong></span> <span class='ocrx_word' id='word_1_746' title='bbox 368 2302 415 2330; x_wconf 90' lang='lat' dir='ltr'><strong>Sin</strong></span> <span class='ocrx_word' id='word_1_747' title='bbox 429 2307 518 2331; x_wconf 84' lang='lat' dir='ltr'><strong>autem</strong></span> <span class='ocrx_word' id='word_1_748' title='bbox 533 2303 589 2338; x_wconf 89' lang='lat' dir='ltr'><strong>ejus</strong></span> <span class='ocrx_word' id='word_1_749' title='bbox 608 2305 650 2332; x_wconf 93' lang='lat' dir='ltr'><strong>cui</strong></span> <span class='ocrx_word' id='word_1_750' title='bbox 671 2305 825 2332; x_wconf 88' lang='lat' dir='ltr'><strong>beneﬁcium</strong></span> <span class='ocrx_word' id='word_1_751' title='bbox 844 2306 969 2332; x_wconf 89' lang='lat' dir='ltr'><strong>collatum</strong></span> <span class='ocrx_word' id='word_1_752' title='bbox 984 2311 1025 2332; x_wconf 85' lang='lat' dir='ltr'><strong>est</strong></span> <span class='ocrx_word' id='word_1_753' title='bbox 1045 2306 1168 2338; x_wconf 81' lang='lat' dir='ltr'><strong>dixerint,</strong></span> <span class='ocrx_word' id='word_1_754' title='bbox 1192 2306 1272 2332; x_wconf 86' lang='lat' dir='ltr'><strong>stulta</strong></span> <span class='ocrx_word' id='word_1_755' title='bbox 1293 2310 1334 2332; x_wconf 90' lang='lat' dir='ltr'><strong>est</strong></span> <span class='ocrx_word' id='word_1_756' title='bbox 1353 2312 1416 2338; x_wconf 81' lang='lat' dir='ltr'><strong>ergo</strong></span> <span class='ocrx_word' id='word_1_757' title='bbox 1440 2313 1532 2333; x_wconf 90' lang='lat' dir='ltr'><strong>eorum</strong></span> <span class='ocrx_word' id='word_1_758' title='bbox 1547 2312 1617 2339; x_wconf 85' lang='lat' dir='ltr'><strong>spes,</strong></span> <span class='ocrx_word' id='word_1_759' title='bbox 1641 2304 1687 2339; x_wconf 89' lang='lat' dir='ltr'><strong>qui</strong></span> <span class='ocrx_word' id='word_1_760' title='bbox 1709 2305 1758 2331; x_wconf 89' lang='lat' dir='ltr'><strong>bo-</strong></span> 
     </span>
    </p>
   </div>
   <div class='ocr_carea' id='block_1_94' title="bbox 154 2348 1436 2389">
    <p class='ocr_par' dir='ltr' id='par_1_94' title="bbox 154 2348 1436 2389">
     <span class='ocr_line' id='line_1_94' title="bbox 154 2348 1436 2389; baseline 0.002 -13"><span class='ocrx_word' id='word_1_761' title='bbox 154 2348 254 2376; x_wconf 84' lang='lat' dir='ltr'><strong>ntinem</strong></span> <span class='ocrx_word' id='word_1_762' title='bbox 273 2349 345 2376; x_wconf 88' lang='lat' dir='ltr'><strong>cultu</strong></span> <span class='ocrx_word' id='word_1_763' title='bbox 362 2356 533 2386; x_wconf 68' lang='lat' dir='ltr'><strong>verterentur,</strong></span> <span class='ocrx_word' id='word_1_764' title='bbox 543 2354 662 2386; x_wconf 85' lang='lat' dir='ltr'><strong>quoniam</strong></span> <span class='ocrx_word' id='word_1_765' title='bbox 685 2359 827 2380; x_wconf 79' lang='lat' dir='ltr'><strong>creaturam</strong></span> <span class='ocrx_word' id='word_1_766' title='bbox 846 2362 922 2389; x_wconf 81' lang='lat' dir='ltr'><strong>super</strong></span> <span class='ocrx_word' id='word_1_767' title='bbox 933 2353 1053 2380; x_wconf 78' lang='lat' dir='ltr'><strong>Creatore</strong></span> <span class='ocrx_word' id='word_1_768' title='bbox 1068 2353 1236 2380; x_wconf 74' lang='lat' dir='ltr'><strong>adoraverunt</strong></span> <span class='ocrx_word' id='word_1_769' title='bbox 1249 2352 1324 2387; x_wconf 76' lang='lat' dir='ltr'><strong>(Sep.</strong></span> <span class='ocrx_word' id='word_1_770' title='bbox 1336 2351 1436 2386; x_wconf 74' lang='lat' dir='ltr'><strong>xnl,5).</strong></span> 
     </span>
    </p>
   </div>
   <div class='ocr_carea' id='block_1_95' title="bbox 189 2394 942 2431">
    <p class='ocr_par' dir='ltr' id='par_1_95' title="bbox 189 2394 930 2429">
     <span class='ocr_line' id='line_1_95' title="bbox 189 2394 930 2429; baseline 0.008 -9"><span class='ocrx_word' id='word_1_771' title='bbox 189 2398 271 2429; x_wconf 82' lang='grc' dir='ltr'>Ἦμεῐς</span> <span class='ocrx_word' id='word_1_772' title='bbox 284 2394 310 2422; x_wconf 85' lang='grc' dir='ltr'><strong>δὲ</strong></span> <span class='ocrx_word' id='word_1_773' title='bbox 323 2395 416 2426; x_wconf 72' lang='grc' dir='ltr'>πάντες</span> <span class='ocrx_word' id='word_1_774' title='bbox 433 2397 457 2423; x_wconf 70' lang='grc' dir='ltr'>οἱ</span> <span class='ocrx_word' id='word_1_775' title='bbox 474 2402 516 2427; x_wconf 81' lang='grc' dir='ltr'>τῆς</span> <span class='ocrx_word' id='word_1_776' title='bbox 531 2399 659 2429; x_wconf 70' lang='grc' dir='ltr'>κιθολικῆς</span> <span class='ocrx_word' id='word_1_777' title='bbox 672 2399 802 2429; x_wconf 79' lang='grc' dir='ltr'>ἐκκλησίας</span> <span class='ocrx_word' id='word_1_778' title='bbox 814 2401 856 2426; x_wconf 86' lang='grc' dir='ltr'>τὸν</span> <span class='ocrx_word' id='word_1_779' title='bbox 869 2401 930 2426; x_wconf 65' lang='grc' dir='ltr'>Θεὸν</span> 
     </span>
    </p>
   </div>
   <div class='ocr_carea' id='block_1_96' title="bbox 993 2394 1756 2431">
    <p class='ocr_par' dir='ltr' id='par_1_96' title="bbox 1017 2394 1756 2431">
     <span class='ocr_line' id='line_1_96' title="bbox 1017 2394 1756 2431; baseline -0.004 -7"><span class='ocrx_word' id='word_1_780' title='bbox 1017 2398 1070 2425; x_wconf 86' lang='lat' dir='ltr'><strong>Nos</strong></span> <span class='ocrx_word' id='word_1_781' title='bbox 1085 2401 1172 2424; x_wconf 87' lang='lat' dir='ltr'><strong>autem</strong></span> <span class='ocrx_word' id='word_1_782' title='bbox 1187 2405 1288 2429; x_wconf 90' lang='lat' dir='ltr'><strong>omnes,</strong></span> <span class='ocrx_word' id='word_1_783' title='bbox 1305 2397 1348 2431; x_wconf 92' lang='lat' dir='ltr'><strong>qui</strong></span> <span class='ocrx_word' id='word_1_784' title='bbox 1360 2396 1497 2423; x_wconf 55' lang='lat' dir='ltr'><strong>catholic’e</strong></span> <span class='ocrx_word' id='word_1_785' title='bbox 1511 2394 1634 2422; x_wconf 71' lang='lat' dir='ltr'><strong>Ecclesia:</strong></span> <span class='ocrx_word' id='word_1_786' title='bbox 1654 2402 1756 2426; x_wconf 88' lang='lat' dir='ltr'><strong>sumus,</strong></span> 
     </span>
    </p>
   </div>
   <div class='ocr_carea' id='block_1_97' title="bbox 154 2440 934 2480">
    <p class='ocr_par' dir='ltr' id='par_1_97' title="bbox 154 2440 934 2480">
     <span class='ocr_line' id='line_1_97' title="bbox 154 2440 934 2480; baseline 0.009 -14"><span class='ocrx_word' id='word_1_787' title='bbox 154 2440 224 2474; x_wconf 84' lang='grc' dir='ltr'>λόγον</span> <span class='ocrx_word' id='word_1_788' title='bbox 235 2442 401 2476; x_wconf 79' lang='grc' dir='ltr'>σαρκωθέντα,</span> <span class='ocrx_word' id='word_1_789' title='bbox 413 2444 453 2469; x_wconf 81' lang='grc' dir='ltr'>καὶ</span> <span class='ocrx_word' id='word_1_790' title='bbox 469 2444 691 2480; x_wconf 71' lang='grc' dir='ltr'>ἐνανορωπήσαντα</span> <span class='ocrx_word' id='word_1_791' title='bbox 700 2465 706 2476; x_wconf 94' lang='grc'><strong>,</strong></span> <span class='ocrx_word' id='word_1_792' title='bbox 722 2446 764 2472; x_wconf 73' lang='grc' dir='ltr'>ἕνα</span> <span class='ocrx_word' id='word_1_793' title='bbox 777 2456 804 2472; x_wconf 84' lang='grc' dir='ltr'><strong>τε</strong></span> <span class='ocrx_word' id='word_1_794' title='bbox 820 2444 877 2473; x_wconf 73' lang='grc' dir='ltr'>ὅντα</span> <span class='ocrx_word' id='word_1_795' title='bbox 888 2449 934 2474; x_wconf 79' lang='grc' dir='ltr'>τῆς</span> 
     </span>
    </p>
   </div>
   <div class='ocr_carea' id='block_1_98' title="bbox 153 2485 934 2525">
    <p class='ocr_par' dir='ltr' id='par_1_98' title="bbox 153 2485 934 2525">
     <span class='ocr_line' id='line_1_98' title="bbox 153 2485 934 2525; baseline 0.009 -15"><span class='ocrx_word' id='word_1_796' title='bbox 153 2485 227 2520; x_wconf 77' lang='grc' dir='ltr'>ἁγίας</span> <span class='ocrx_word' id='word_1_797' title='bbox 244 2485 350 2522; x_wconf 78' lang='grc' dir='ltr'>Τριάδος</span> <span class='ocrx_word' id='word_1_798' title='bbox 364 2487 549 2523; x_wconf 78' lang='grc' dir='ltr'>ὁμολογοῦντες,</span> <span class='ocrx_word' id='word_1_799' title='bbox 564 2491 641 2516; x_wconf 78' lang='grc' dir='ltr'>αὐτοῦ</span> <span class='ocrx_word' id='word_1_800' title='bbox 655 2492 697 2517; x_wconf 79' lang='grc' dir='ltr'>καὶ</span> <span class='ocrx_word' id='word_1_801' title='bbox 709 2491 738 2517; x_wconf 81' lang='grc' dir='ltr'>τὸ</span> <span class='ocrx_word' id='word_1_802' title='bbox 749 2496 835 2525; x_wconf 74' lang='grc' dir='ltr'>σῶμα,</span> <span class='ocrx_word' id='word_1_803' title='bbox 850 2492 892 2517; x_wconf 85' lang='grc' dir='ltr'>καὶ</span> <span class='ocrx_word' id='word_1_804' title='bbox 905 2491 934 2517; x_wconf 81' lang='grc' dir='ltr'>τὸ</span> 
     </span>
    </p>
   </div>
   <div class='ocr_carea' id='block_1_99' title="bbox 153 2529 934 2570">
    <p class='ocr_par' dir='ltr' id='par_1_99' title="bbox 153 2529 934 2570">
     <span class='ocr_line' id='line_1_99' title="bbox 153 2529 934 2570; baseline 0.006 -14"><span class='ocrx_word' id='word_1_805' title='bbox 153 2529 216 2563; x_wconf 82' lang='grc' dir='ltr'>αἷμα</span> <span class='ocrx_word' id='word_1_806' title='bbox 229 2530 356 2564; x_wconf 73' lang='grc' dir='ltr'>δεχόμεθα</span> <span class='ocrx_word' id='word_1_807' title='bbox 377 2533 413 2562; x_wconf 86' lang='grc' dir='ltr'>εἰς</span> <span class='ocrx_word' id='word_1_808' title='bbox 430 2531 516 2567; x_wconf 81' lang='grc' dir='ltr'>ἄφεσιν</span> <span class='ocrx_word' id='word_1_809' title='bbox 537 2533 673 2570; x_wconf 75' lang='grc' dir='ltr'>ἁμαρτιῶν,</span> <span class='ocrx_word' id='word_1_810' title='bbox 688 2537 726 2561; x_wconf 67' lang='lat' dir='ltr'><strong>mi</strong></span> <span class='ocrx_word' id='word_1_811' title='bbox 741 2537 775 2564; x_wconf 81' lang='grc' dir='ltr'>εἰς</span> <span class='ocrx_word' id='word_1_812' title='bbox 788 2538 852 2566; x_wconf 80' lang='grc' dir='ltr'>ζωὴν</span> <span class='ocrx_word' id='word_1_813' title='bbox 873 2537 934 2561; x_wconf 77' lang='grc' dir='ltr'>αἰώ-</span> 
     </span>
    </p>
   </div>
   <div class='ocr_carea' id='block_1_100' title="bbox 152 2577 932 2615">
    <p class='ocr_par' dir='ltr' id='par_1_100' title="bbox 152 2577 932 2615">
     <span class='ocr_line' id='line_1_100' title="bbox 152 2577 932 2615; baseline 0.006 -15"><span class='ocrx_word' id='word_1_814' title='bbox 152 2585 211 2605; x_wconf 81' lang='grc' dir='ltr'>νιον,</span> <span class='ocrx_word' id='word_1_815' title='bbox 231 2577 313 2605; x_wconf 76' lang='grc' dir='ltr'>καθὼς</span> <span class='ocrx_word' id='word_1_816' title='bbox 327 2578 369 2602; x_wconf 78' lang='grc' dir='ltr'>καὶ</span> <span class='ocrx_word' id='word_1_817' title='bbox 390 2578 465 2606; x_wconf 78' lang='grc' dir='ltr'>αὐτὸς</span> <span class='ocrx_word' id='word_1_818' title='bbox 478 2577 490 2603; x_wconf 88' lang='grc' dir='ltr'><strong>ὁ</strong></span> <span class='ocrx_word' id='word_1_819' title='bbox 504 2578 589 2614; x_wconf 86' lang='grc' dir='ltr'>κύριος</span> <span class='ocrx_word' id='word_1_820' title='bbox 603 2579 668 2614; x_wconf 76' lang='grc' dir='ltr'>λέγει</span> <span class='ocrx_word' id='word_1_821' title='bbox 682 2586 688 2592; x_wconf 82' lang='grc'><strong><em>⁵</em></strong></span> <span class='ocrx_word' id='word_1_822' title='bbox 705 2588 714 2604; x_wconf 71' lang='grc' dir='ltr'>ί</span> <span class='ocrx_word' id='word_1_823' title='bbox 729 2578 757 2605; x_wconf 75' lang='grc' dir='ltr'><strong>¹Ο</strong></span> <span class='ocrx_word' id='word_1_824' title='bbox 771 2581 871 2615; x_wconf 72' lang='grc' dir='ltr'>τρώγων</span> <span class='ocrx_word' id='word_1_825' title='bbox 887 2589 932 2607; x_wconf 75' lang='grc' dir='ltr'><strong>μου</strong></span> 
     </span>
    </p>
   </div>
   <div class='ocr_carea' id='block_1_101' title="bbox 151 2621 931 2658">
    <p class='ocr_par' dir='ltr' id='par_1_101' title="bbox 151 2621 931 2658">
     <span class='ocr_line' id='line_1_101' title="bbox 151 2621 931 2658; baseline 0.009 -14"><span class='ocrx_word' id='word_1_826' title='bbox 151 2622 195 2647; x_wconf 73' lang='grc' dir='ltr'>τήν</span> <span class='ocrx_word' id='word_1_827' title='bbox 209 2621 301 2654; x_wconf 81' lang='grc' dir='ltr'>σάρκα,</span> <span class='ocrx_word' id='word_1_828' title='bbox 316 2623 355 2648; x_wconf 77' lang='grc' dir='ltr'>καὶ</span> <span class='ocrx_word' id='word_1_829' title='bbox 368 2623 446 2649; x_wconf 79' lang='grc' dir='ltr'>πίνων</span> <span class='ocrx_word' id='word_1_830' title='bbox 467 2633 515 2657; x_wconf 88' lang='grc' dir='ltr'>μου</span> <span class='ocrx_word' id='word_1_831' title='bbox 532 2624 560 2649; x_wconf 85' lang='grc' dir='ltr'>τὸ</span> <span class='ocrx_word' id='word_1_832' title='bbox 581 2622 654 2658; x_wconf 76' lang='grc' dir='ltr'>αἷμα,</span> <span class='ocrx_word' id='word_1_833' title='bbox 670 2623 729 2658; x_wconf 72' lang='grc' dir='ltr'>ἔχει</span> <span class='ocrx_word' id='word_1_834' title='bbox 742 2627 804 2655; x_wconf 74' lang='grc' dir='ltr'>ζωήν</span> <span class='ocrx_word' id='word_1_835' title='bbox 824 2626 931 2656; x_wconf 79' lang='grc' dir='ltr'>αἰώνιον,</span> 
     </span>
    </p>
   </div>
   <div class='ocr_carea' id='block_1_102' title="bbox 152 2665 928 2706">
    <p class='ocr_par' dir='ltr' id='par_1_102' title="bbox 152 2665 928 2706">
     <span class='ocr_line' id='line_1_102' title="bbox 152 2665 928 2706; baseline 0.006 -16"><span class='ocrx_word' id='word_1_836' title='bbox 152 2665 219 2698; x_wconf 72' lang='grc' dir='ltr'>κάγὼ</span> <span class='ocrx_word' id='word_1_837' title='bbox 233 2665 366 2694; x_wconf 83' lang='grc' dir='ltr'>ἀναστήσω</span> <span class='ocrx_word' id='word_1_838' title='bbox 380 2668 454 2693; x_wconf 77' lang='grc' dir='ltr'>αὐτὸν</span> <span class='ocrx_word' id='word_1_839' title='bbox 466 2668 490 2693; x_wconf 76' lang='grc' dir='ltr'>ἓν</span> <span class='ocrx_word' id='word_1_840' title='bbox 503 2671 533 2703; x_wconf 80' lang='grc' dir='ltr'>τῇ</span> <span class='ocrx_word' id='word_1_841' title='bbox 549 2667 647 2703; x_wconf 78' lang='grc' dir='ltr'>ἐσχάτῃ</span> <span class='ocrx_word' id='word_1_842' title='bbox 663 2669 743 2704; x_wconf 72' lang='grc' dir='ltr'>ἡμέρᾳ</span> <span class='ocrx_word' id='word_1_843' title='bbox 756 2677 761 2682; x_wconf 92' lang='grc'><strong>·</strong></span> <span class='ocrx_word' id='word_1_844' title='bbox 776 2670 790 2697; x_wconf 77' lang='grc' dir='ltr'>ἡ</span> <span class='ocrx_word' id='word_1_845' title='bbox 803 2670 851 2706; x_wconf 78' lang='grc' dir='ltr'>γὰρ</span> <span class='ocrx_word' id='word_1_846' title='bbox 865 2670 928 2706; x_wconf 81' lang='grc' dir='ltr'>σάρξ</span> 
     </span>
    </p>
   </div>
   <div class='ocr_carea' id='block_1_103' title="bbox 151 2709 928 2748">
    <p class='ocr_par' dir='ltr' id='par_1_103' title="bbox 151 2709 928 2748">
     <span class='ocr_line' id='line_1_103' title="bbox 151 2709 928 2748; baseline 0.008 -14"><span class='ocrx_word' id='word_1_847' title='bbox 151 2718 199 2741; x_wconf 87' lang='grc' dir='ltr'>μου</span> <span class='ocrx_word' id='word_1_848' title='bbox 214 2709 308 2740; x_wconf 75' lang='grc' dir='ltr'>ἀληθῶς</span> <span class='ocrx_word' id='word_1_849' title='bbox 327 2711 383 2738; x_wconf 80' lang='grc' dir='ltr'>ἐστι</span> <span class='ocrx_word' id='word_1_850' title='bbox 397 2712 503 2748; x_wconf 84' lang='grc' dir='ltr'>βρῶσις,</span> <span class='ocrx_word' id='word_1_851' title='bbox 517 2714 557 2739; x_wconf 87' lang='grc' dir='ltr'>καὶ</span> <span class='ocrx_word' id='word_1_852' title='bbox 576 2713 602 2739; x_wconf 82' lang='grc' dir='ltr'>τὸ</span> <span class='ocrx_word' id='word_1_853' title='bbox 615 2712 675 2748; x_wconf 76' lang='grc' dir='ltr'>αἷμά</span> <span class='ocrx_word' id='word_1_854' title='bbox 688 2724 735 2747; x_wconf 87' lang='grc' dir='ltr'>μου</span> <span class='ocrx_word' id='word_1_855' title='bbox 755 2714 849 2743; x_wconf 73' lang='grc' dir='ltr'>ἀληθῶς</span> <span class='ocrx_word' id='word_1_856' title='bbox 871 2715 928 2741; x_wconf 75' lang='grc' dir='ltr'>ἐστι</span> 
     </span>
    </p>
   </div>
   <div class='ocr_carea' id='block_1_104' title="bbox 151 2752 928 2794">
    <p class='ocr_par' dir='ltr' id='par_1_104' title="bbox 151 2752 928 2794">
     <span class='ocr_line' id='line_1_104' title="bbox 151 2752 928 2794; baseline 0.005 -14"><span class='ocrx_word' id='word_1_857' title='bbox 151 2752 237 2783; x_wconf 85' lang='grc' dir='ltr'>πόσις.</span> <span class='ocrx_word' id='word_1_858' title='bbox 262 2760 289 2781; x_wconf 90' lang='lat'>&#39;0</span> <span class='ocrx_word' id='word_1_859' title='bbox 303 2757 403 2793; x_wconf 78' lang='grc' dir='ltr'>τρώγων</span> <span class='ocrx_word' id='word_1_860' title='bbox 423 2767 474 2791; x_wconf 82' lang='grc' dir='ltr'>μου</span> <span class='ocrx_word' id='word_1_861' title='bbox 498 2759 541 2786; x_wconf 72' lang='grc' dir='ltr'>τὴν</span> <span class='ocrx_word' id='word_1_862' title='bbox 557 2757 656 2794; x_wconf 71' lang='grc' dir='ltr'>σάρκα,</span> <span class='ocrx_word' id='word_1_863' title='bbox 679 2759 718 2784; x_wconf 82' lang='grc' dir='ltr'>καὶ</span> <span class='ocrx_word' id='word_1_864' title='bbox 737 2757 812 2783; x_wconf 69' lang='grc' dir='ltr'>πῖνων</span> <span class='ocrx_word' id='word_1_865' title='bbox 829 2768 875 2791; x_wconf 47' lang='grc' dir='ltr'>μου</span> <span class='ocrx_word' id='word_1_866' title='bbox 900 2759 928 2784; x_wconf 84' lang='grc' dir='ltr'>τὸ</span> 
     </span>
    </p>
   </div>
   <div class='ocr_carea' id='block_1_105' title="bbox 153 2795 927 2838">
    <p class='ocr_par' dir='ltr' id='par_1_105' title="bbox 153 2795 927 2838">
     <span class='ocr_line' id='line_1_105' title="bbox 170 2795 868 2810; baseline 0 -1"><span class='ocrx_word' id='word_1_867' title='bbox 170 2795 182 2804; x_wconf 71' lang='grc' dir='ltr'><strong>ν</strong></span> <span class='ocrx_word' id='word_1_868' title='bbox 244 2799 250 2807; x_wconf 71' lang='grc' dir='ltr'><strong>θ</strong></span> <span class='ocrx_word' id='word_1_869' title='bbox 281 2801 288 2809; x_wconf 75' lang='grc' dir='ltr'><strong>ο</strong></span> <span class='ocrx_word' id='word_1_870' title='bbox 327 2802 331 2808; x_wconf 79' lang='grc' dir='ltr'><strong>ι</strong></span> <span class='ocrx_word' id='word_1_871' title='bbox 371 2802 375 2807; x_wconf 94' lang='grc'>.</span> <span class='ocrx_word' id='word_1_872' title='bbox 455 2803 460 2810; x_wconf 87' lang='grc'><strong>,</strong></span> <span class='ocrx_word' id='word_1_873' title='bbox 491 2803 496 2810; x_wconf 76' lang='grc'><strong>,</strong></span> <span class='ocrx_word' id='word_1_874' title='bbox 520 2802 525 2809; x_wconf 78' lang='lat'><em>.</em></span> <span class='ocrx_word' id='word_1_875' title='bbox 576 2803 581 2810; x_wconf 59' lang='grc' dir='ltr'>ν</span> <span class='ocrx_word' id='word_1_876' title='bbox 606 2806 615 2810; x_wconf 87' lang='lat'>_</span> <span class='ocrx_word' id='word_1_877' title='bbox 703 2804 706 2809; x_wconf 98' lang='lat'>.</span> <span class='ocrx_word' id='word_1_878' title='bbox 747 2803 752 2810; x_wconf 79' lang='lat'><em>.</em></span> <span class='ocrx_word' id='word_1_879' title='bbox 783 2804 787 2808; x_wconf 85' lang='lat'><strong><em>.</em></strong></span> <span class='ocrx_word' id='word_1_880' title='bbox 864 2804 868 2809; x_wconf 71' lang='grc' dir='ltr'><strong><em>μ</em></strong></span> 
     </span>
     <span class='ocr_line' id='line_1_106' title="bbox 153 2803 927 2838; baseline 0.005 -14"><span class='ocrx_word' id='word_1_881' title='bbox 153 2806 225 2832; x_wconf 63' lang='grc' dir='ltr'>αμα,</span> <span class='ocrx_word' id='word_1_882' title='bbox 240 2809 263 2825; x_wconf 80' lang='grc' dir='ltr'><strong>εν</strong></span> <span class='ocrx_word' id='word_1_883' title='bbox 278 2810 332 2833; x_wconf 60' lang='lat' dir='ltr'><strong>ego:</strong></span> <span class='ocrx_word' id='word_1_884' title='bbox 346 2811 422 2834; x_wconf 79' lang='grc' dir='ltr'>μενει.</span> <span class='ocrx_word' id='word_1_885' title='bbox 434 2812 502 2835; x_wconf 75' lang='grc' dir='ltr'>καγω</span> <span class='ocrx_word' id='word_1_886' title='bbox 515 2812 537 2828; x_wconf 82' lang='grc' dir='ltr'><strong>εν</strong></span> <span class='ocrx_word' id='word_1_887' title='bbox 554 2812 628 2838; x_wconf 71' lang='grc' dir='ltr'>αυτῳ.</span> <span class='ocrx_word' id='word_1_888' title='bbox 646 2803 725 2831; x_wconf 63' lang='grc' dir='ltr'>Καθως</span> <span class='ocrx_word' id='word_1_889' title='bbox 741 2803 881 2828; x_wconf 68' lang='grc' dir='ltr'>απεστειλεν</span> <span class='ocrx_word' id='word_1_890' title='bbox 896 2813 927 2836; x_wconf 76' lang='grc' dir='ltr'><strong>με</strong></span> 
     </span>
    </p>
   </div>
   <div class='ocr_carea' id='block_1_106' title="bbox 187 2843 646 2883">
    <p class='ocr_par' dir='ltr' id='par_1_106' title="bbox 187 2843 646 2883">
     <span class='ocr_line' id='line_1_107' title="bbox 187 2843 646 2883; baseline 0.009 -13"><span class='ocrx_word' id='word_1_891' title='bbox 187 2844 198 2856; x_wconf 89' lang='grc'><strong>¹</strong></span> <span class='ocrx_word' id='word_1_892' title='bbox 214 2843 296 2871; x_wconf 74' lang='lat' dir='ltr'><strong>Forte</strong></span> <span class='ocrx_word' id='word_1_893' title='bbox 310 2845 448 2878; x_wconf 73' lang='lat' dir='ltr'><strong>legendum</strong></span> <span class='ocrx_word' id='word_1_894' title='bbox 463 2855 468 2871; x_wconf 92' lang='lat'>:</span> <span class='ocrx_word' id='word_1_895' title='bbox 485 2847 512 2873; x_wconf 91' lang='lat'>&#39;0</span> <span class='ocrx_word' id='word_1_896' title='bbox 527 2849 596 2883; x_wconf 63' lang='grc' dir='ltr'><strong>πρὸ..</strong></span> 
     </span>
    </p>
   </div>
   <div class='ocr_carea' id='block_1_107' title="bbox 985 2439 1757 2468">
    <p class='ocr_par' dir='ltr' id='par_1_107' title="bbox 985 2439 1757 2468">
     <span class='ocr_line' id='line_1_108' title="bbox 985 2439 1757 2468; baseline -0.001 0"><span class='ocrx_word' id='word_1_897' title='bbox 985 2442 1031 2468; x_wconf 86' lang='lat' dir='ltr'><strong>Dei</strong></span> <span class='ocrx_word' id='word_1_898' title='bbox 1045 2442 1156 2468; x_wconf 85' lang='lat' dir='ltr'><strong>Verbum</strong></span> <span class='ocrx_word' id='word_1_899' title='bbox 1172 2442 1335 2468; x_wconf 86' lang='lat' dir='ltr'><strong>incarnatum</strong></span> <span class='ocrx_word' id='word_1_900' title='bbox 1359 2446 1387 2467; x_wconf 88' lang='lat' dir='ltr'><strong>et</strong></span> <span class='ocrx_word' id='word_1_901' title='bbox 1413 2441 1546 2467; x_wconf 86' lang='lat' dir='ltr'><strong>hominem</strong></span> <span class='ocrx_word' id='word_1_902' title='bbox 1562 2439 1659 2467; x_wconf 81' lang='lat' dir='ltr'><strong>factum</strong></span> <span class='ocrx_word' id='word_1_903' title='bbox 1676 2448 1757 2468; x_wconf 82' lang='lat' dir='ltr'><strong>unam</strong></span> 
     </span>
    </p>
   </div>
   <div class='ocr_carea' id='block_1_108' title="bbox 984 2483 1758 2520">
    <p class='ocr_par' dir='ltr' id='par_1_108' title="bbox 984 2483 1758 2520">
     <span class='ocr_line' id='line_1_109' title="bbox 984 2483 1758 2520; baseline -0.004 -7"><span class='ocrx_word' id='word_1_904' title='bbox 984 2494 1016 2513; x_wconf 82' lang='lat' dir='ltr'><strong>ex</strong></span> <span class='ocrx_word' id='word_1_905' title='bbox 1027 2490 1124 2513; x_wconf 60' lang='lat' dir='ltr'><strong>sanctae</strong></span> <span class='ocrx_word' id='word_1_906' title='bbox 1139 2485 1274 2513; x_wconf 86' lang='lat' dir='ltr'><strong>Trinitatis</strong></span> <span class='ocrx_word' id='word_1_907' title='bbox 1296 2485 1417 2520; x_wconf 88' lang='lat' dir='ltr'><strong>personis</strong></span> <span class='ocrx_word' id='word_1_908' title='bbox 1437 2492 1496 2512; x_wconf 84' lang='lat' dir='ltr'><strong>esse</strong></span> <span class='ocrx_word' id='word_1_909' title='bbox 1510 2483 1676 2516; x_wconf 84' lang='lat' dir='ltr'><strong>conﬁtentes,</strong></span> <span class='ocrx_word' id='word_1_910' title='bbox 1700 2492 1758 2511; x_wconf 88' lang='lat' dir='ltr'><strong>cor-</strong></span> 
     </span>
    </p>
   </div>
   <div class='ocr_carea' id='block_1_109' title="bbox 984 2530 1758 2565">
    <p class='ocr_par' dir='ltr' id='par_1_109' title="bbox 984 2530 1758 2565">
     <span class='ocr_line' id='line_1_110' title="bbox 984 2530 1758 2565; baseline -0.003 -7"><span class='ocrx_word' id='word_1_911' title='bbox 984 2540 1032 2565; x_wconf 87' lang='lat' dir='ltr'><strong>pus</strong></span> <span class='ocrx_word' id='word_1_912' title='bbox 1047 2531 1103 2565; x_wconf 89' lang='lat' dir='ltr'><strong>ejus</strong></span> <span class='ocrx_word' id='word_1_913' title='bbox 1115 2536 1142 2558; x_wconf 89' lang='lat' dir='ltr'><strong>et</strong></span> <span class='ocrx_word' id='word_1_914' title='bbox 1154 2531 1307 2564; x_wconf 79' lang='lat' dir='ltr'><strong>sanguinem</strong></span> <span class='ocrx_word' id='word_1_915' title='bbox 1324 2531 1452 2557; x_wconf 88' lang='lat' dir='ltr'><strong>sumimus</strong></span> <span class='ocrx_word' id='word_1_916' title='bbox 1467 2531 1493 2556; x_wconf 92' lang='lat' dir='ltr'><strong>in</strong></span> <span class='ocrx_word' id='word_1_917' title='bbox 1505 2530 1686 2557; x_wconf 88' lang='lat' dir='ltr'><strong>remissionem</strong></span> <span class='ocrx_word' id='word_1_918' title='bbox 1698 2537 1758 2563; x_wconf 88' lang='lat' dir='ltr'><strong>pec-</strong></span> 
     </span>
    </p>
   </div>
   <div class='ocr_carea' id='block_1_110' title="bbox 984 2575 1757 2609">
    <p class='ocr_par' dir='ltr' id='par_1_110' title="bbox 984 2575 1757 2609">
     <span class='ocr_line' id='line_1_111' title="bbox 984 2575 1757 2609; baseline -0.001 -7"><span class='ocrx_word' id='word_1_919' title='bbox 984 2581 1113 2607; x_wconf 87' lang='lat' dir='ltr'><strong>catorum,</strong></span> <span class='ocrx_word' id='word_1_920' title='bbox 1135 2580 1161 2602; x_wconf 92' lang='lat' dir='ltr'><strong>et</strong></span> <span class='ocrx_word' id='word_1_921' title='bbox 1176 2576 1201 2602; x_wconf 90' lang='lat' dir='ltr'><strong>in</strong></span> <span class='ocrx_word' id='word_1_922' title='bbox 1215 2577 1296 2602; x_wconf 85' lang='lat' dir='ltr'><strong>vitam</strong></span> <span class='ocrx_word' id='word_1_923' title='bbox 1310 2580 1435 2602; x_wconf 60' lang='grc' dir='ltr'><strong>δὶα-11111111</strong></span> <span class='ocrx_word' id='word_1_924' title='bbox 1448 2584 1453 2601; x_wconf 89' lang='lat'>:</span> <span class='ocrx_word' id='word_1_925' title='bbox 1475 2575 1697 2609; x_wconf 89' lang='lat' dir='ltr'><strong>quemadmodum</strong></span> <span class='ocrx_word' id='word_1_926' title='bbox 1711 2575 1757 2601; x_wconf 85' lang='lat' dir='ltr'><strong>do-</strong></span> 
     </span>
    </p>
   </div>
   <div class='ocr_carea' id='block_1_111' title="bbox 984 2619 1756 2654">
    <p class='ocr_par' dir='ltr' id='par_1_111' title="bbox 984 2619 1756 2654">
     <span class='ocr_line' id='line_1_112' title="bbox 984 2619 1756 2654; baseline -0.003 -8"><span class='ocrx_word' id='word_1_927' title='bbox 984 2621 1037 2648; x_wconf 89' lang='lat' dir='ltr'><strong>cuit</strong></span> <span class='ocrx_word' id='word_1_928' title='bbox 1051 2629 1099 2647; x_wconf 90' lang='lat' dir='ltr'><strong>nos</strong></span> <span class='ocrx_word' id='word_1_929' title='bbox 1114 2621 1169 2654; x_wconf 87' lang='lat' dir='ltr'><strong>ipse</strong></span> <span class='ocrx_word' id='word_1_930' title='bbox 1184 2620 1310 2646; x_wconf 90' lang='lat' dir='ltr'><strong>Dominus</strong></span> <span class='ocrx_word' id='word_1_931' title='bbox 1329 2620 1420 2649; x_wconf 83' lang='lat' dir='ltr'><strong>dicens</strong></span> <span class='ocrx_word' id='word_1_932' title='bbox 1433 2627 1439 2645; x_wconf 89' lang='lat'>:</span> <span class='ocrx_word' id='word_1_933' title='bbox 1462 2619 1510 2650; x_wconf 82' lang='lat' dir='ltr'><strong>Qui</strong></span> <span class='ocrx_word' id='word_1_934' title='bbox 1526 2620 1662 2645; x_wconf 80' lang='lat' dir='ltr'><strong>manducat</strong></span> <span class='ocrx_word' id='word_1_935' title='bbox 1676 2627 1756 2645; x_wconf 72' lang='lat' dir='ltr'><strong>meum</strong></span> 
     </span>
    </p>
   </div>
   <div class='ocr_carea' id='block_1_112' title="bbox 984 2664 1756 2700">
    <p class='ocr_par' dir='ltr' id='par_1_112' title="bbox 984 2664 1756 2700">
     <span class='ocr_line' id='line_1_113' title="bbox 984 2664 1756 2700; baseline -0.004 -8"><span class='ocrx_word' id='word_1_936' title='bbox 984 2674 1085 2692; x_wconf 80' lang='lat' dir='ltr'><strong>carnem</strong></span> <span class='ocrx_word' id='word_1_937' title='bbox 1099 2671 1123 2691; x_wconf 85' lang='lat' dir='ltr'><strong>et</strong></span> <span class='ocrx_word' id='word_1_938' title='bbox 1138 2665 1199 2691; x_wconf 83' lang='lat' dir='ltr'><strong>bibit</strong></span> <span class='ocrx_word' id='word_1_939' title='bbox 1214 2674 1295 2691; x_wconf 77' lang='lat' dir='ltr'><strong>meum</strong></span> <span class='ocrx_word' id='word_1_940' title='bbox 1311 2665 1477 2700; x_wconf 71' lang='lat' dir='ltr'><strong>sanguinem,</strong></span> <span class='ocrx_word' id='word_1_941' title='bbox 1502 2665 1575 2690; x_wconf 77' lang='lat' dir='ltr'><strong>habet</strong></span> <span class='ocrx_word' id='word_1_942' title='bbox 1595 2664 1670 2690; x_wconf 74' lang='lat' dir='ltr'><strong>vitam</strong></span> <span class='ocrx_word' id='word_1_943' title='bbox 1684 2668 1756 2690; x_wconf 69' lang='lat' dir='ltr'><strong>reter-</strong></span> 
     </span>
    </p>
   </div>
   <div class='ocr_carea' id='block_1_113' title="bbox 981 2709 1755 2745">
    <p class='ocr_par' dir='ltr' id='par_1_113' title="bbox 981 2709 1755 2745">
     <span class='ocr_line' id='line_1_114' title="bbox 981 2709 1755 2745; baseline -0.003 -9"><span class='ocrx_word' id='word_1_944' title='bbox 981 2719 1050 2742; x_wconf 82' lang='lat' dir='ltr'><strong>nmn,</strong></span> <span class='ocrx_word' id='word_1_945' title='bbox 1075 2715 1098 2736; x_wconf 82' lang='lat' dir='ltr'><strong>et</strong></span> <span class='ocrx_word' id='word_1_946' title='bbox 1117 2719 1163 2745; x_wconf 78' lang='lat' dir='ltr'><strong>ego</strong></span> <span class='ocrx_word' id='word_1_947' title='bbox 1179 2710 1331 2736; x_wconf 77' lang='lat' dir='ltr'><strong>resuscitabo</strong></span> <span class='ocrx_word' id='word_1_948' title='bbox 1346 2718 1402 2736; x_wconf 82' lang='lat' dir='ltr'><strong>eum</strong></span> <span class='ocrx_word' id='word_1_949' title='bbox 1416 2711 1442 2736; x_wconf 82' lang='lat' dir='ltr'><strong>iu</strong></span> <span class='ocrx_word' id='word_1_950' title='bbox 1460 2709 1596 2736; x_wconf 76' lang='lat' dir='ltr'><strong>novissimo</strong></span> <span class='ocrx_word' id='word_1_951' title='bbox 1617 2709 1678 2734; x_wconf 80' lang='lat' dir='ltr'><strong>die:</strong></span> <span class='ocrx_word' id='word_1_952' title='bbox 1696 2717 1755 2734; x_wconf 83' lang='lat' dir='ltr'><strong>caro</strong></span> 
     </span>
    </p>
   </div>
   <div class='ocr_carea' id='block_1_114' title="bbox 981 2756 1754 2789">
    <p class='ocr_par' dir='ltr' id='par_1_114' title="bbox 981 2756 1754 2789">
     <span class='ocr_line' id='line_1_115' title="bbox 981 2756 1754 2789; baseline -0.003 -7"><span class='ocrx_word' id='word_1_953' title='bbox 981 2757 1046 2782; x_wconf 78' lang='lat' dir='ltr'><strong>enim</strong></span> <span class='ocrx_word' id='word_1_954' title='bbox 1062 2765 1116 2781; x_wconf 63' lang='lat' dir='ltr'><strong>mea</strong></span> <span class='ocrx_word' id='word_1_955' title='bbox 1138 2764 1192 2782; x_wconf 77' lang='lat' dir='ltr'><strong>vere</strong></span> <span class='ocrx_word' id='word_1_956' title='bbox 1206 2760 1242 2782; x_wconf 74' lang='lat' dir='ltr'><strong>est</strong></span> <span class='ocrx_word' id='word_1_957' title='bbox 1265 2756 1344 2786; x_wconf 73' lang='lat' dir='ltr'><strong>cibus,</strong></span> <span class='ocrx_word' id='word_1_958' title='bbox 1360 2760 1383 2781; x_wconf 82' lang='lat' dir='ltr'><strong>et</strong></span> <span class='ocrx_word' id='word_1_959' title='bbox 1398 2756 1501 2789; x_wconf 77' lang='lat' dir='ltr'><strong>sanguis</strong></span> <span class='ocrx_word' id='word_1_960' title='bbox 1522 2763 1590 2780; x_wconf 57' lang='lat' dir='ltr'><strong>meus</strong></span> <span class='ocrx_word' id='word_1_961' title='bbox 1613 2759 1649 2780; x_wconf 73' lang='grc' dir='ltr'>(ει</span> <span class='ocrx_word' id='word_1_962' title='bbox 1663 2758 1754 2787; x_wconf 72' lang='lat' dir='ltr'><strong>polus:</strong></span> 
     </span>
    </p>
   </div>
   <div class='ocr_carea' id='block_1_115' title="bbox 980 2797 1754 2836">
    <p class='ocr_par' dir='ltr' id='par_1_115' title="bbox 980 2797 1754 2836">
     <span class='ocr_line' id='line_1_116' title="bbox 980 2797 1754 2836; baseline -0.003 -9"><span class='ocrx_word' id='word_1_963' title='bbox 980 2802 1023 2836; x_wconf 82' lang='lat' dir='ltr'><strong>qui</strong></span> <span class='ocrx_word' id='word_1_964' title='bbox 1036 2802 1172 2828; x_wconf 73' lang='lat' dir='ltr'><strong>mundum!</strong></span> <span class='ocrx_word' id='word_1_965' title='bbox 1183 2809 1264 2827; x_wconf 81' lang='lat' dir='ltr'><strong>meam</strong></span> <span class='ocrx_word' id='word_1_966' title='bbox 1276 2809 1376 2826; x_wconf 73' lang='lat' dir='ltr'><strong>carnem</strong></span> <span class='ocrx_word' id='word_1_967' title='bbox 1392 2805 1415 2826; x_wconf 76' lang='lat' dir='ltr'><strong>cl</strong></span> <span class='ocrx_word' id='word_1_968' title='bbox 1429 2800 1488 2825; x_wconf 78' lang='lat' dir='ltr'><strong>bibit</strong></span> <span class='ocrx_word' id='word_1_969' title='bbox 1504 2806 1582 2825; x_wconf 84' lang='lat' dir='ltr'><strong>meum</strong></span> <span class='ocrx_word' id='word_1_970' title='bbox 1607 2797 1754 2831; x_wconf 73' lang='lat' dir='ltr'><strong>sanguinem</strong></span> 
     </span>
    </p>
   </div>
   <div class='ocr_carea' id='block_1_116' title="bbox 660 2843 1682 2881">
    <p class='ocr_par' dir='ltr' id='par_1_116' title="bbox 660 2843 1682 2881">
     <span class='ocr_line' id='line_1_117' title="bbox 660 2843 1682 2881; baseline -0.003 -8"><span class='ocrx_word' id='word_1_971' title='bbox 660 2849 776 2881; x_wconf 68' lang='grc' dir='ltr'>ἐσχάτων</span> <span class='ocrx_word' id='word_1_972' title='bbox 790 2849 870 2879; x_wconf 55' lang='lat' dir='ltr'><strong>rw)”,</strong></span> <span class='ocrx_word' id='word_1_973' title='bbox 885 2849 915 2877; x_wconf 70' lang='grc' dir='ltr'><strong>ὥς</strong></span> <span class='ocrx_word' id='word_1_974' title='bbox 930 2858 999 2874; x_wconf 62' lang='grc' dir='ltr'>τινων</span> <span class='ocrx_word' id='word_1_975' title='bbox 1012 2847 1175 2874; x_wconf 66' lang='grc' dir='ltr'>διῧαοκὸντων</span> <span class='ocrx_word' id='word_1_976' title='bbox 1189 2850 1261 2873; x_wconf 77' lang='grc' dir='ltr'>τοῦτο</span> <span class='ocrx_word' id='word_1_977' title='bbox 1279 2848 1315 2873; x_wconf 59' lang='grc' dir='ltr'>καὶ</span> <span class='ocrx_word' id='word_1_978' title='bbox 1327 2845 1452 2881; x_wconf 60' lang='grc' dir='ltr'>ὶέγνὶντων,</span> <span class='ocrx_word' id='word_1_979' title='bbox 1467 2845 1592 2874; x_wconf 61' lang='grc' dir='ltr'><strong>ονῦίνύς--ι</strong></span> <span class='ocrx_word' id='word_1_980' title='bbox 1609 2843 1682 2870; x_wconf 71' lang='lat' dir='ltr'><strong>Enn.</strong></span> 
     </span>
    </p>
   </div>
  </div>
