1966 3089
161 169 228 202 1105

621 169 842 200 TRACTATUS
860 170 1008 200 CONTRA
1028 168 1328 200 MONOPHYSITAS.

1720 167 1787 199 1106

156 228 256 261 ἐγγὺς,
287 226 346 252 ὅσοι
371 225 401 252 τὸ
425 225 472 260 τῆς
496 225 615 256 πίστεως
639 227 687 252 καὶ
709 226 822 262 εἰρήνης
846 226 949 260 ἀγαθὸν

1002 226 1176 258 mandamus,
1194 225 1291 252 audito
1304 232 1339 252 ex
1357 223 1401 251 his
1413 231 1473 258 qua:
1486 223 1521 251 ad
1538 231 1588 251 nos
1605 225 1708 259 scripta
1724 230 1787 253 sunt

158 272 345 307 ἀσπαζόμενοι
370 269 522 305 φαίνονται.
552 270 646 299 Ταῦτα
663 272 691 298 δέ
710 281 800 308 φαμεν
816 273 884 308 πρὸς
902 273 947 307 τὴν

157 318 298 353 ὑμετέραν
315 316 472 351 θεοφιλίαν,
502 317 695 353 μεμαθηκότες
711 318 744 344 ἐκ
759 318 813 344 τῶν
829 318 949 354 γραφέν-

156 370 213 392 των
235 365 301 399 ἡμῖν
328 365 403 399 παρὰ
426 363 474 390 τοῦ
498 364 710 400 μακαριωτάτου
731 364 947 400 ἀρχιεπισκόπου

158 411 210 445 τῆς
228 407 426 444 Ἀλεξανδρέων
448 409 496 436 καὶ
514 410 684 445 πατριάρχου
699 410 813 442 Ζωΐλου,
838 411 879 437 ὅτι
899 411 949 445 τὴν

158 457 197 491 τῷ
214 456 273 491 Θεῷ
295 455 376 490 φίλην
396 456 510 490 εἰρήνην
529 455 722 490 ἀσπασάμενοι
744 456 949 492 προσεδράμετε

159 503 191 537 τῇ
212 501 278 538 ἁγίᾳ
301 501 350 528 τοῦ
370 501 438 528 Θεοῦ
457 501 616 537 Ἐκκλησίᾳ,
634 502 783 537 εὑρηκότες
798 502 867 537 ὀρθὰ
880 500 950 528 εἴναι

135 566 139 569 -
158 548 193 574 τὰ
210 548 239 574 ὲν
252 548 320 583 αὐτῇ
335 547 528 583 κηρυττόμενα
542 547 666 582 δόγματα
677 567 685 581 ,
710 547 744 574 δι’
756 544 793 576 ὧν
811 549 886 575 πᾶσα
901 548 950 583 μὲν

158 594 265 630 αἵρεσις
296 594 486 629 ἀπελήλαται,
518 595 718 630 κατακέκριται
740 594 768 620 δὲ
799 594 846 621 xui.
871 594 951 621 ἐκϐέ-

160 641 283 676 6ληταιῆ
294 649 322 667 τε
338 640 444 667 Παύλου
457 641 504 667 καὶ
516 640 666 677 Νεστορίου
677 640 819 676 διαίρεσις,
832 640 885 667 τῶν
897 641 951 672 τοῖς

161 680 210 721 τῆς
232 686 323 722 ψυχῆς
346 687 453 722 ὄμμασι
479 686 713 721 τυφλωττόντων,
740 687 787 713 καὶ
813 687 883 713 κατὰ
903 687 952 722 τὴν

159 732 215 759 τῶν
226 732 362 760 Ἰουδαίων
376 733 476 768 μανίαν
489 733 540 768 τὴν
552 732 667 768 θεύτητα
678 733 726 760 τοῦ
736 733 857 768 Χριστοῦ
868 734 954 768 ἀπαρ-

158 778 300 813 νουμένων
311 787 318 795 ·
348 778 449 813 ὁμοίως
465 778 492 805 δὲ
512 779 710 814 κατακέκριται
726 779 774 806 καὶ
789 778 954 813 ὲκΰέὂληται.

160 825 178 858 ὴ
196 824 403 860 Ἀπολλιναρίου
425 833 454 851 τε
477 825 525 851 καὶ
542 825 679 860 Εὐτυχοῦς
695 825 851 861 συναίρεσις
869 825 954 859 ἣγουν

161 869 293 905 σύγχυσις
309 871 363 897 τῶν
379 870 548 897 ἀθετοῦντων
562 871 612 906 τὴν
626 871 672 898 τοῦ
686 870 806 906 Χριστοῦ
821 870 953 906 ἀληθινὴν

159 916 370 951 ἀνδρωπότητα.
405 916 487 944 Ὀθεν
518 917 712 952 προτρέπομεν
740 917 792 951 τὴν
815 916 952 952 ὑμετέραν

160 960 297 993 θεοφιλίαν
323 962 386 993 τοὺς
402 963 451 998 τῆς
469 961 589 994 πίστεως
603 961 696 989 λοιπὸν
710 962 834 997 καρποὺς
850 961 951 988 ἐπιδεί-

160 1004 267 1038 ξασθαι,
286 1006 334 1033 καὶ
349 1007 413 1038 τοὺς
427 1006 467 1033 ἔτι
483 1008 516 1042 τῇ
530 1007 621 1043 πλάνῃ
634 1007 837 1043 κρατουμένους
851 1006 952 1042 ὁδηγῆ-

998 281 1013 299 a
1022 272 1183 300 beatissimo
1191 271 1403 306 archiepiscopo
1410 271 1582 298 Alexandria:
1590 279 1622 298 ac
1630 272 1788 305 patriarcha

999 318 1086 350 Zoilo,
1102 318 1176 352 quod
1190 317 1247 345 Deo
1262 317 1375 344 charam
1388 325 1483 351 pacem
1501 317 1658 352 diligentes,
1674 317 1708 345 ad
1722 325 1783 345 san-

999 369 1071 391 ctam
1085 363 1135 390 Dei
1155 363 1307 390 Ecclesiam
1323 363 1515 390 accurrissetis
1529 383 1538 396 ,
1557 363 1684 398 dogmata
1710 363 1738 390 in
1756 372 1788 391 ea

999 410 1149 445 praedicata
1162 417 1226 437 vera
1239 409 1398 445 judicantes
1413 430 1421 442 ,
1440 410 1542 444 quibus
1563 410 1655 437 omnis
1674 410 1789 437 haeresis

999 456 1122 488 exclusa,
1137 455 1265 483 damnata
1280 460 1363 490 atque
1379 456 1494 490 expulsa
1504 460 1548 483 est
1556 456 1614 483 sive
1624 456 1713 487 Pauli,
1731 456 1789 482 sive

998 501 1135 534 Nestorii,
1143 500 1240 528 oculos
1251 500 1354 528 mentis
1368 508 1425 528 suae
1437 500 1789 535 obeazcatorum,juxtaque

999 548 1157 576 Judaeorum
1167 547 1301 575 insaniam
1309 547 1414 575 Christi
1426 537 1601 575 divinitatem
1610 547 1787 582 negantium;

1001 593 1158 628 quibusque
1175 593 1305 621 similiter
1318 593 1448 620 damnata
1464 594 1635 628 expulsaque
1655 597 1697 620 est
1711 593 1791 627 Apol—

1001 639 1093 667 linarii
1106 647 1138 666 ac
1150 639 1281 675 Eutychis
1288 639 1448 675 eonjunctio
1459 647 1510 666 seu
1525 639 1681 667 commistio
1693 646 1790 665 eorum

1002 685 1104 720 quibus
1125 693 1190 713 vera
1215 685 1317 713 Christi
1341 685 1500 713 humanitas
1519 685 1647 713 solvitur.
1664 685 1790 712 Vestram

1004 732 1087 766 igitur
1101 732 1245 758 hortamur
1260 731 1392 766 pietatem
1407 736 1439 759 ut
1459 731 1523 758 iidei
1541 739 1598 758 suae
1611 731 1719 758 fructus
1737 738 1791 757 cae-

1005 781 1095 804 terum
1105 777 1227 811 colligat,
1237 776 1354 811 illosque
1363 777 1410 812 qui
1422 776 1514 804 adhuc
1524 784 1620 804 errore
1630 776 1791 803 detinentur

1004 823 1087 850 ducat
1114 822 1147 849 ad
1168 822 1313 850 veritatem
1341 827 1547 858 congregetque
1573 821 1607 848 ad
1625 821 1789 851 Ecclesiam.

1005 869 1084 903 cujus
1100 876 1194 896 veram
1220 876 1252 896 ac
1276 868 1426 896 salutarem
1451 867 1675 903 praedicationem
1705 866 1792 893 sacris

1006 915 1156 949 Scripturis
1171 915 1424 950 traditionibusque
1437 915 1550 942 Patrum
1564 913 1653 948 primo
1668 913 1729 940 loco
1744 912 1792 938 de-

1004 961 1221 988 monstrabimus
1234 981 1242 992 ,
1263 965 1291 989 et
1307 961 1393 993 falsa,
1415 968 1476 995 quae
1495 960 1578 995 impie
1601 960 1635 986 ab
1653 957 1792 986 lncretieis

1004 1011 1178 1039 asseruntur,
1198 1006 1415 1034 confutabimus.

160 1059 204 1077 σαι
226 1051 294 1086 πρὸς
313 1051 361 1086 τὴν
378 1052 508 1087 ἀλήθειαν
521 1072 528 1084 ,
557 1053 603 1091 κα).
627 1053 816 1088 προσαγαγεῖν
848 1054 881 1088 τῇ
917 1051 983 1087 ἁγίᾳ
1002 1051 1048 1078 τοῦ
1061 1051 1130 1078 Θεοῦ
1145 1051 1305 1087 Ἐκκλησία,
1322 1049 1356 1088 ἦς
1371 1051 1401 1078 τὸ
1417 1050 1515 1086 ἀληθὲς
1532 1051 1580 1077 καὶ
1595 1050 1729 1086 σωτήριον
1742 1048 1792 1083 κή-

161 1105 254 1132 ρυγμα
289 1098 431 1132 προῖόντες
464 1098 646 1133 ἀποδείξομεν
674 1099 718 1126 διά
741 1108 771 1126 τε
799 1100 854 1126 τῶν
881 1098 959 1125 θείων
979 1098 1096 1133 Γραφῶν
1123 1098 1170 1125 καὶ
1194 1098 1251 1126 τῶν
1291 1098 1436 1134 [ἰατρικῶν
1459 1097 1652 1132 παραδόσεων,
1678 1097 1725 1123 καὶ
1741 1096 1792 1129 τὴν

158 1143 212 1168 τῶν
229 1142 384 1178 εἰρημένων
402 1143 509 1171 ἀσεϐῶν
522 1144 670 1182 αἱρετικῶν
687 1145 835 1172 κακόνοιαν
848 1144 1033 1180 διελέγξομεν.

195 1187 331 1222 Κηρύττει
346 1189 400 1224 γὰρ
414 1190 430 1224 ἡ
447 1190 513 1223 ἁγία
529 1190 574 1216 τοῦ
588 1190 656 1217 Θεοῦ
679 1190 827 1226 Ἐκκλησία
846 1191 948 1226 μονάδα

159 1233 187 1258 ἐν
202 1232 297 1268 Τριάδι
312 1233 359 1258 καὶ
375 1233 477 1269 Τριάδα
489 1235 517 1260 ὲν
531 1235 623 1270 μονάδι
636 1243 642 1250 ·
659 1232 699 1266 εἷς
711 1235 765 1270 γὰρ
780 1235 846 1268 Θεὸς
859 1237 873 1261 ὁ
890 1237 948 1262 Πα-

159 1278 211 1313 τὴρ
225 1299 232 1309 ,
251 1277 280 1310 ἐξ
293 1274 323 1304 οὗ
339 1278 373 1305 τὰ
386 1279 492 1306 πάντα·
509 1281 556 1307 καὶ
575 1277 614 1312 εἷς
635 1281 735 1316 Κύριος
754 1281 857 1316 Ἰησοῦς
881 1281 948 1318 Χρι-

159 1323 221 1354 στὸς
237 1322 269 1349 δι’
284 1319 314 1350 οὗ
329 1324 363 1350 τὰ
375 1325 464 1351 πάντα
477 1330 484 1340 ⁸
500 1326 546 1352 καὶ
563 1325 592 1352 ἓν
608 1326 719 1361 Πνεῦμα
739 1327 816 1361 ἅγιον
833 1329 862 1354 ἐν
876 1324 898 1361 ᾧ
915 1327 949 1355 τὰ

159 1369 250 1396 πάντα
265 1377 272 1384 ·
302 1369 332 1395 τὸ
356 1370 385 1403 ἐξ
408 1367 437 1398 οὗ
461 1371 509 1398 καὶ
531 1372 564 1398 δι’
579 1367 609 1398 οὗ
632 1372 680 1399 καὶ
695 1374 722 1399 ὲν
739 1370 771 1407 ᾧ·
797 1373 834 1410 μὴ
851 1373 948 1408 φύσεσι

159 1415 315 1449 τεμνόντων
332 1415 399 1442 ἀλλὰ
419 1417 676 1452 χαρακτηριζόντων
693 1420 756 1453 μιᾶς
774 1419 820 1445 καὶ
834 1419 949 1454 ἀσυγχύ-

160 1468 206 1486 tau
231 1460 337 1494 φύσεως
366 1461 500 1496 ἰδιότητας
513 1470 520 1478 ·
541 1462 605 1497 μίαν
627 1462 681 1498 γὰρ
694 1463 786 1490 οὐσίαν
804 1464 833 1490 ἐν
860 1465 949 1499 τρισὶν

161 1505 327 1532 ὑποστάσεσι
341 1506 557 1542 προσκυνοῦμεν,
574 1507 602 1533 ὲν
624 1508 726 1544 ἑκάστῃ
741 1508 887 1534 ὑποστάσει
901 1507 951 1541 τὴν

161 1551 247 1586 αὐτὴν
274 1551 487 1586 ὲτιιθεωροῦντες
499 1552 604 1580 οὐσίαν.
626 1553 681 1579 Καὶ
699 1553 817 1588 ἑκάστην
834 1554 882 1588 μὲν
896 1553 950 1580 τῶν

163 1597 339 1623 ὐποστάσεων
375 1597 500 1632 μοναχῶς
525 1597 743 1634 ἐξαγγέλλομεν·
772 1600 881 1626 ἐπειδὰν
921 1599 951 1626 δὲ

162 1642 365 1678 συναριθμῆσαι
383 1643 430 1679 δὲῃ
442 1663 449 1675 ,
464 1643 524 1678 οὐχὶ
539 1644 693 1679 ἀπαιδεύτῳ
719 1645 866 1681 ἀριθμήσει
884 1646 951 1682 πρὸς

163 1688 308 1721 πολυοεῖοις
324 1689 428 1716 ἔννοιαν
444 1690 618 1725 ὲκφερόμεθα
630 1699 636 1706 ·
664 1690 724 1718 οὐδὲ
739 1691 792 1728 γὰρ
808 1691 877 1718 κατὰ
892 1692 953 1719 σύν-

161 1735 237 1760 θεσιν
251 1734 422 1770 ἀριθμοῦμεν
433 1736 480 1770 ἀφ’
493 1736 551 1768 ἑνὸς
565 1737 604 1768 εὶς
616 1736 718 1771 πλῆθος
733 1737 889 1772 ποιούμενοι
904 1739 953 1774 τὴν

162 1780 344 1816 παραύξησιν,
360 1780 428 1808 ἀλλὰ
441 1782 472 1808 τὸ
487 1781 587 1814 ἰδιάζον
603 1781 657 1809 τῶν
667 1782 845 1810 ὐποστάσεων
859 1783 953 1818 ὁμολο-

161 1826 274 1859 γοῦντες
302 1826 420 1862 μένομεν
447 1827 493 1853 ἐπὶ
520 1827 569 1862 τῆς
596 1828 756 1863 μοναρχίας,
783 1829 823 1860 εἰς
851 1828 953 1863 πλῆθος

162 1871 363 1907 ἀπεσχισμένον
374 1872 424 1908 τὴν
437 1872 577 1906 θεολογίαν
590 1873 628 1908 μὴ
646 1872 846 1905 σκεδαννύντες,
866 1873 954 1901 διατο-

163 1917 228 1952 μίοιν
249 1917 278 1943 ὲν
298 1917 384 1953 Πατρὶ
406 1917 454 1943 καὶ
488 1917 544 1953 Υίῷ
569 1918 616 1944 κα).
641 1918 711 1953 ἁγίῳ
737 1917 885 1952 Πνεύματι,
903 1918 952 1954 τὴν

161 1963 243 1989 οἱονεὶ
259 1963 364 1998 μορφὴν
380 1963 552 1998 θεωρεῖσθαι,
569 1963 608 1998 τῷ
622 1963 824 1999 ἀπαραλλάκτῳ
837 1964 887 1999 τῆς
901 1965 952 1998 φύ-

163 2017 231 2040 σεως
245 2008 401 2043 ὲνιζομένην
413 2016 421 2023 ’
434 2009 480 2035 καὶ
492 2009 557 2036 Θεὸν
567 2009 614 2036 οὖν
626 2009 741 2036 ἕκαστον
752 2009 951 2045 ὁμολογοῦμεν,

161 2054 194 2080 ἂν
205 2053 348 2089 Θεωρῆται,
363 2055 442 2090 μόνον
453 2054 499 2081 τοῦ
515 2054 560 2081 νοῦ
572 2054 734 2090 χωρίζοντας
748 2055 782 2081 τὰ
793 2054 950 2090 ἀχώριστοι,

161 2100 209 2126 καὶ
223 2099 288 2126 Θεὸν
303 2100 336 2127 τὰ
352 2100 414 2137 τρία
434 2101 492 2135 μετ’
508 2101 630 2137 ἀλλήλων
646 2101 761 2136 νοοῦμεν
773 2122 780 2134 ,
804 2101 843 2136 τῷ
859 2102 951 2136 ταυτῷ

162 2145 211 2177 τῆς
240 2146 374 2180 κινήσεως
407 2147 455 2173 καὶ
490 2146 539 2182 τῆς
567 2146 692 2180 φύσεως·
726 2147 811 2182 Τριὰς
833 2145 879 2173 οῦν
913 2147 951 2179 ὡς

162 2187 270 2223 ἀληθῶς
295 2190 311 2225 ή
336 2190 437 2225 Τριάς·
462 2191 526 2226 τρία
546 2191 575 2218 δὲ
597 2191 626 2217 οὐ
652 2191 823 2226 πραγμάτων
850 2191 950 2218 ἀνίσων

1034 1190 1081 1218 Dei
1102 1195 1195 1218 autem
1209 1191 1333 1218 Ecclesia
1348 1191 1483 1219 unitatem
1494 1190 1524 1218 in
1541 1189 1676 1217 Trinitate
1689 1197 1721 1216 ac
1732 1189 1793 1216 Tri-

997 1236 1112 1263 nitatem
1131 1237 1158 1264 in
1178 1237 1283 1265 unitate
1300 1238 1383 1265 docet
1396 1246 1403 1271 ;
1416 1246 1489 1265 unus
1504 1241 1547 1265 est
1560 1237 1634 1264 enim
1653 1236 1725 1263 Deus
1741 1236 1792 1263 Pa-

1000 1285 1051 1313 ter,
1061 1289 1094 1308 ex
1102 1289 1158 1316 quo
1174 1283 1278 1314 omnia,
1290 1291 1362 1310 unus
1372 1283 1506 1310 Dominus
1516 1283 1598 1310 Jesus
1606 1281 1733 1309 Christus
1744 1289 1792 1316 per

999 1333 1080 1360 quem
1099 1326 1201 1359 omnia,
1223 1331 1307 1361 atque
1326 1335 1398 1354 unus
1421 1327 1540 1362 Spiritus
1563 1331 1675 1354 sanctus
1692 1326 1718 1353 in
1736 1334 1799 1361 (μω-

1001 1371 1107 1404 ouinia;
1123 1379 1157 1398 ex
1173 1379 1239 1406 quo,
1252 1380 1301 1407 per
1312 1380 1392 1407 quem
1408 1377 1436 1399 et
1452 1373 1479 1400 in
1495 1380 1560 1407 quo.
1576 1373 1641 1400 Ideo
1657 1381 1724 1400 vero
1737 1381 1788 1400 non

1004 1417 1031 1444 in
1044 1421 1157 1445 naturas
1165 1418 1327 1448 dividimus.
1340 1418 1389 1446 sed
1403 1418 1486 1446 unius
1495 1426 1526 1446 ac
1539 1419 1675 1454 simplicis
1687 1424 1792 1446 natura:

1004 1464 1190 1498 proprietates
1203 1464 1371 1491 indicamus:
1386 1472 1469 1492 unam
1482 1467 1555 1492 enim
1569 1465 1749 1492 substantiam
1764 1465 1789 1492 ia

1006 1508 1096 1536 tribus
1114 1510 1242 1544 personis
1260 1509 1425 1542 adoramus,
1445 1511 1471 1537 in
1492 1519 1657 1545 unaquaque
1675 1519 1791 1545 persona

965 1567 986 1595 ο
1003 1553 1128 1580 eamdem
1139 1552 1323 1581 substantiam
1329 1554 1549 1583 considerantes.
1562 1555 1790 1590 Unamquamque

1003 1604 1096 1626 autem
1110 1607 1292 1634 personarum
1309 1600 1450 1636 sigillatim
1476 1601 1657 1633 conﬁtemur,
1673 1609 1788 1636 cumque

1003 1646 1206 1673 numerandum
1223 1651 1282 1678 est,
1303 1646 1356 1674 hoc
1381 1655 1499 1674 numero
1524 1647 1557 1674 ad
1576 1647 1786 1683 polytheismum

1003 1689 1101 1716 rudem
1110 1698 1164 1717 non
1176 1690 1345 1723 inducimus,
1358 1699 1414 1719 non
1427 1692 1501 1719 enim
1517 1700 1567 1726 per
1580 1693 1730 1728 synthesim
1741 1701 1789 1719 nu-

1004 1743 1144 1762 meramus
1171 1736 1205 1763 ab
1223 1744 1279 1763 uno
1302 1736 1336 1763 ad
1354 1737 1541 1771 pluralitatem
1572 1738 1731 1764 auctionem
1754 1738 1788 1764 l'a-

1003 1780 1118 1813 cientes,
1128 1781 1175 1808 sed
1189 1782 1385 1816 proprietatem
1399 1789 1580 1816 personarum
1589 1782 1752 1810 conﬁtentes
1763 1783 1789 1809 in

1003 1825 1109 1853 unitate
1123 1827 1274 1861 majestatis
1289 1835 1495 1862 permanemus,
1505 1835 1600 1855 vocem
1619 1835 1722 1855 sacram
1736 1836 1789 1855 non

1003 1871 1182 1898 extendentes
1199 1879 1316 1898 numero
1339 1875 1463 1903 remoto,
1486 1872 1522 1899 ita
1542 1871 1789 1899 uldislinciioncm

1004 1915 1032 1942 in
1047 1916 1127 1942 Patre
1147 1919 1175 1942 et
1191 1915 1261 1942 Filio
1280 1920 1308 1942 et
1335 1915 1439 1950 Spiritu
1465 1921 1559 1943 sancto
1584 1917 1790 1943 consideremus

1003 1962 1079 1988 velut
1095 1961 1211 1988 formam
1227 1961 1373 1988 idcnlitate
1388 1965 1494 1989 natura:
1514 1962 1636 1994 unitam;
1650 1963 1790 1996 Deumque

1003 2006 1087 2042 igitur
1107 2015 1334 2042 unumquemque
1357 2008 1531 2039 conﬁtemur,
1550 2007 1573 2034 si
1597 2008 1789 2036 consideretur

1002 2055 1093 2078 mente
1115 2055 1220 2078 tantum
1236 2055 1381 2086 separanle
1405 2059 1466 2086 qua}
1488 2052 1613 2086 separari
1634 2058 1787 2088 nequeunt,

1001 2097 1145 2132 Deumque
1170 2097 1223 2124 tria
1244 2098 1303 2125 haec
1325 2105 1411 2125 unum
1430 2101 1491 2133 post
1514 2098 1630 2126 alterum
1649 2103 1788 2133 putamus.

1001 2142 1098 2170 eadem
1112 2143 1291 2170 distinctione
1305 2142 1334 2170 et
1345 2149 1454 2172 natura.
1470 2143 1591 2175 Trinitas
1604 2144 1686 2179 igitur
1701 2145 1788 2172 veris-

1002 2187 1070 2215 sime
1087 2193 1129 2216 est
1141 2188 1271 2216 Trinitas.
1285 2183 1349 2216 Tria
1361 2194 1454 2218 autem
1466 2198 1528 2216 non.
1540 2190 1714 2225 inzrqualium
1735 2199 1788 2218 nu-

162 2233 359 2269 ἀπαρίθμησις,
389 2235 445 2262 ἀλλ’
474 2235 539 2261 ἴσων
565 2236 612 2262 καὶ.
635 2236 774 2271 ὁμοτίμων
804 2236 945 2271 σύλληψις,

1002 2241 1104 2265 merus,
1131 2233 1180 2260 sed
1202 2234 1352 2268 aequalium
1379 2238 1407 2261 et
1429 2234 1538 2269 parium
1564 2235 1786 2269 comprehensio.

161 2278 273 2313 ἐνούσης
283 2279 333 2314 τῆς
346 2281 530 2316 προσηγορίας
540 2280 574 2306 τὰ
587 2281 715 2316 ἡνωμένα
728 2282 760 2308 ὲκ
775 2280 893 2315 φύσεως,
903 2283 949 2308 καὶ

161 2323 210 2349 οὐκ
225 2323 310 2359 ἐώσης
326 2325 503 2360 σκεδασθῆναι
519 2325 628 2361 ἀριθμῷ
641 2326 778 2362 λελυμένῳ
794 2326 828 2353 τὰ
840 2326 877 2362 μὴ
892 2326 949 2353 λυό-

162 2377 241 2404 μενα.

201 2414 401 2450 Ὀμολογοῦμεν
417 2417 444 2442 δὲ
464 2417 504 2444 ὅτι
520 2419 534 2444 ὸ
549 2418 697 2454 μονογενὴς
715 2418 776 2450 Υἱὸς
796 2417 842 2444 καὶ
861 2418 948 2452 Λόγος

158 2459 205 2485 τοῦ
223 2460 291 2486 Θεοῦ
304 2480 311 2494 ,
325 2461 339 2486 ὁ
367 2461 415 2487 σὺν
434 2462 520 2496 Πατρὶ
536 2463 582 2490 καὶ
599 2464 669 2499 ἁγίῳ
685 2462 824 2499 Πνεῦματι
837 2463 947 2496 δοξαζό-

160 2504 240 2538 μενὸς
262 2513 291 2531 τε
318 2506 365 2532 καὶ
389 2507 641 2542 προσκυνούμενος,
658 2509 672 2535 ὁ
689 2509 830 2543 γεννηθεὶς
847 2510 879 2535 ὲκ
898 2508 946 2535 τοῦ

159 2550 264 2584 Πατρὸς
289 2551 412 2586 ἀχρὸνως
437 2552 485 2579 καὶ
502 2553 666 2588 ἁσωμάτως,
691 2555 721 2580 τὸ
735 2555 768 2581 ὲκ
788 2554 833 2581 τ’)ὖ
857 2554 946 2589 φωτὸς

158 2594 227 2627 φῶς,
247 2595 263 2630 ἡ
282 2597 356 2631 πηγὴ
370 2597 421 2632 τῆς
437 2597 509 2633 ζωῆς
532 2598 579 2624 καὶ
593 2599 642 2633 τῆς
667 2599 816 2631 ἀθανασίας
830 2619 836 2633 ,
854 2600 885 2626 τὸ
899 2601 945 2626 ὲκ·-

159 2641 269 2673 μαγεϊον
282 2641 330 2667 τοῦ
349 2642 527 2677 Ἀρχετὺπου,
543 2645 558 2678 ἡ
574 2643 610 2678 μὴ
625 2645 771 2680 κινουμένη
790 2645 944 2681 οφραγὶς,ή

157 2685 364 2720 ἀπαράλλακτος
382 2688 473 2721 εἰκὼν,
488 2690 502 2715 ὀ
517 2688 562 2715 τοῦ
579 2689 688 2724 Πατρὸς
704 2689 766 2724 ὅρος
779 2690 826 2715 καὶ
847 2691 943 2724 Λόγος,

156 2730 186 2755 οὐ
195 2730 330 2765 περιεῖδεν
336 2733 380 2759 τὸν
393 2734 536 2769 ἄνθρωπον
553 2734 643 2770 φθόνῳ
658 2734 783 2761 διαϐόλου
796 2736 842 2761 καὶ
858 2737 944 2773 πικρᾷ

157 2773 249 2808 γεύσει
265 2776 313 2811 τῆς
329 2777 463 2813 ἁμαρτίας
477 2800 483 2810 ,
497 2780 565 2807 Θεοῦ
578 2781 625 2807 τοῦ
642 2781 822 2816 πεποιηκότος
835 2782 944 2813 ἐλεῖνῶς

157 2819 349 2855 χωριζόμενον.
371 2823 450 2850 Ἀλλὰ
466 2824 515 2860 τὴν
534 2826 671 2861 ἡμετέραν
693 2826 876 2862 ἐργαζόμενος
890 2836 943 2853 σω-

158 2865 270 2900 τηρίαν,
287 2867 332 2894 ἐπὶ
348 2868 396 2906 τὴν
413 2869 478 2896 ἰδίαν
494 2871 584 2898 εἰκόνα
599 2873 685 2908 χωρεῖ
698 2893 710 2905 ι,
722 2873 768 2901 καὶ
795 2873 942 2910 σπρκοῦται

1001 2281 1185 2315 appellatione
1206 2281 1318 2309 uniente
1337 2285 1436 2309 natura
1464 2281 1520 2316 jam
1542 2281 1634 2312 unita,
1659 2281 1787 2315 hauuque

999 2326 1108 2354 sinente
1133 2326 1255 2362 separari
1278 2334 1395 2354 numero
1423 2326 1515 2354 soluto
1540 2334 1600 2362 quae
1620 2326 1709 2353 soluta
1733 2335 1786 2353 non

999 2376 1073 2399 sunt.

1034 2416 1205 2445 Conﬁtentur
1216 2422 1308 2446 autem
1318 2418 1418 2446 Filium
1428 2417 1602 2453 unigenitum
1610 2417 1786 2452 Verbumque

998 2463 1057 2495 Dei,
1072 2471 1135 2491 cum
1149 2464 1231 2491 Patre
1253 2472 1285 2495 ac
1304 2464 1410 2499 Spiritu
1436 2469 1532 2493 sancto
1552 2463 1736 2498 glorificatum
1759 2468 1786 2490 ct

997 2507 1141 2535 adoratum
1155 2528 1162 2541 ,
1184 2508 1219 2535 ab
1235 2513 1339 2536 aeterno
1354 2508 1622 2543 ineorporaliterque
1651 2516 1684 2535 ex
1705 2508 1785 2535 Patre

997 2554 1132 2589 genitum,
1147 2554 1240 2582 lumen
1255 2554 1289 2581 de
1307 2554 1424 2587 lumine,
1439 2554 1544 2581 fontem
1560 2554 1625 2581 vitae
1636 2559 1719 2589 atque
1733 2555 1785 2581 im-

996 2601 1185 2632 mortalitatis,
1199 2600 1341 2636 archetypi
1359 2600 1581 2635 imprcssionem,
1598 2600 1717 2635 sigillum
1740 2601 1781 2629 in-

997 2651 1173 2679 temeratum,
1182 2646 1331 2681 imaginem
1340 2646 1415 2673 nullo
1424 2646 1506 2673 modo
1514 2646 1687 2676 dissimilem.
1697 2646 1784 2673 Patris

997 2692 1373 2727 tcrminumatqueVerbum.
1382 2700 1437 2719 non
1450 2691 1631 2726 dereliquisse
1642 2692 1782 2718 hominem

996 2737 1097 2764 diaboli
1113 2737 1235 2770 invidiae,
1251 2736 1485 2771 amaritudinique
1500 2736 1617 2771 peccati.
1635 2735 1689 2763 Deo
1705 2735 1782 2761 illum

995 2781 1214 2809 misericorditer
1233 2781 1381 2808 liberanlc.
1409 2780 1461 2807 Sed
1477 2784 1506 2807 ut
1523 2785 1644 2807 nostram
1665 2779 1781 2806 salutem
1799 2805 1807 2813 ,

994 2831 1146 2861 operetur,
1170 2827 1203 2853 ad
1225 2827 1369 2860 imaginem
1386 2834 1463 2853 suam
1491 2826 1585 2857 venit,
1612 2825 1647 2853 ob
1671 2833 1781 2852 carnem

995 2877 1116 2902 nostram
1135 2873 1305 2906 incarnatur,
1317 2873 1405 2909 obque
1416 2872 1666 2901 animamnoslram
1693 2880 1781 2901 uinum.-
