1966 3089
169 104 178 137 ι
187 105 234 138 109

625 99 844 130 TRACTATUS
862 100 1009 130 CON‘l'hA
1027 98 1330 131 MONOPHYSITAS.

1727 95 1794 127 1110

205 161 251 188 Δεῖ
269 155 410 185 κάνταῦθα
430 157 485 188 τοῖς
513 156 588 191 παρὰ
605 155 651 182 τοῦ
672 154 779 190 Πατρ“-ς
801 154 956 191 εἰρημένοις
971 156 986 185 Α

1043 152 1094 180 Hie
1108 152 1134 180 in
1149 153 1190 180 eis
1209 161 1270 189 quae
1290 162 1306 181 a
1321 154 1402 190 Patre
1421 151 1494 181 dicta
1513 155 1578 180 sunt
1594 151 1796 178 immorandum

169 205 335 240 ἐπισκέψαι·
355 204 405 239 τὴν
429 203 484 238 γὰρ
503 202 538 229 ἐν
571 201 700 237 πρόθεσιν
718 201 763 228 ἐπὶ
780 201 835 228 τῶν
847 201 892 227 δύο
907 200 958 234 φύ-

170 261 240 279 σεων
252 251 302 285 τῆς
315 248 391 280 θείας
408 256 437 274 τε
451 247 499 274 καὶ
514 246 700 282 ἀνθρωπίνης,
713 248 741 273 ὲν
755 243 799 277 αἶς
811 243 851 277 εἷς
865 247 879 272 ὀ
893 246 960 280 Χρι-

170 296 232 327 στὸς
245 294 418 330 γνωρίζεται,
428 293 569 327 ὁμολογεῖν
579 292 652 326 ἡμᾶς
663 291 815 317 ἐκδιδάσκει
829 299 836 306 ·
851 291 884 326 ἢν
896 289 962 325 πρό-

171 343 248 369 Θεσιν
273 341 298 367 οἱ
323 339 455 375 αἱρετικοὶ
477 337 622 373 ἀρνοῦνται
637 337 684 363 ἐπὶ
700 337 754 371 τῆς
769 337 895 371 θεότητος
915 337 963 363 καὶ

172 389 221 423 τῆς
240 385 451 423 ἀνθρωπότητος
475 384 522 410 τοῦ
536 383 654 419 Χριστοῦ
670 382 812 418 ἁρμόζειν,
831 383 965 418 διαίρεσιν

172 434 255 469 δῆθεν
266 431 497 468 προφασιζόμενοι
508 431 552 457 διὰ
563 429 666 464 ταύτης
680 429 803 463 γίνεσθαι
815 438 821 445 ·
837 428 966 463 ἀγνοοῦν-

173 488 220 512 τες
233 479 275 506 ὅτι
291 477 359 513 αὕτη
384 477 401 512 ἡ
418 476 549 512 πρόθεσις
570 475 620 512 τὴν
634 475 731 502 ἕνωσιν
753 475 905 509 ἀσύγχυτον
920 474 967 502 καὶ

175 525 330 560 ἀδιαίρετον
359 522 499 558 φυλάττει.
518 521 601 548 Ὅθεν
628 521 707 557 καὶὴ
730 521 791 548 θεία
812 520 908 556 Γραφὴ
934 521 966 556 τῇ

176 570 288 605 τοιαύτῃ
301 569 433 604 κέχρηται
447 567 574 604 προθέσει
587 567 634 594 ἐπὶ
650 568 700 601 τῆς
715 566 843 602 θεότητος
858 567 905 593 καὶ
920 566 969 601 τῆς

177 613 389 649 ἀνθρωπότητος
403 612 450 639 τοῦ
471 611 589 647 μεγάλου
604 611 672 638 Θεοῦ
687 611 734 638 καὶ
748 611 876 646 Σωτῆρος
891 610 970 646 ἡμῶν

178 660 266 696 Ἰησοῦ
289 658 421 695 Χριστοῦ.
436 659 518 691 Λέγει
548 658 614 692 γοῖν
630 660 643 684 ὁ
664 658 807 689 θεσπεσιος
823 657 973 689 ἀπόστολος

180 707 296 739 Παῦλος·
311 706 402 733 τοῦτο
421 705 589 740 μρονείσθω
609 705 644 732 ἐν
663 704 736 740 ὑμῖν
752 704 768 731 δ
790 704 839 731 καὶ
860 705 894 731 ἐν
908 705 975 738 Χρι-

180 753 244 786 στῷ
264 753 362 787 Ἰησοῦ
374 774 382 786 ,
394 752 427 786 ὃς
440 752 475 779 ἐν
488 751 589 787 μορφῇ
600 751 675 779 Θεοῦ
686 751 840 786 ὑπάρχων.
853 752 908 784 οὐχ
924 751 972 785 ἀρ-

181 799 302 833 πιηιιιὸν·
323 799 461 834 ἡγήσατο
478 798 510 824 τὸ
527 795 604 824 εἶναι
618 795 672 824 ἶσα
688 796 763 829 Θεῷ,
780 796 849 823 ἀλλ’
865 796 975 822 ἑαυτὸν

181 825 472 879 ἐκένῖωσενᾩιορερὴν
485 843 598 871 δούλου
620 825 738 874 ,ίαϐὼνξ
758 825 793 869 ἐν
817 841 973 876 ὁμοιώματι
989 825 1010 851 Β

183 890 346 925 ἀνθρώπων
367 891 538 924 τενόμενος,
563 889 612 916 καὶ
632 888 764 923 σχήματι
781 887 911 922 εὑρεθεὶς
934 888 974 921 ὡς

185 937 351 970 ἄνθρωπος.
379 936 472 962 Εἰπὼν
495 935 525 961 δὲ
547 936 560 961 ό
578 934 740 965 Ἀπόςτολος
756 934 784 960 ὲν
803 934 893 968 μορφῇ
907 932 974 959 Θεοῦ

188 983 321 1018 ὑπάρχειν
340 982 387 1008 τὸν
401 981 534 1017 μονογενῆ
551 981 616 1006 Υιδν
635 979 682 1006 τοῦ
705 979 785 1010 Θεοῦ,
801 980 848 1006 καὶ
872 979 977 1012 ἐπαγα-

188 1029 244 1062 γὼν
275 1027 382 1063 μορφὴν
401 1027 494 1053 δούλου
518 1026 635 1052 λαεόντα
660 1025 743 1051 αὑτὸν
769 1025 799 1051 ἐν
821 1023 977 1059 ὁμοιώματι

189 1073 316 1107 γενέσθαι
329 1071 492 1106 ἀνθρώπων.
508 1070 555 1098 καὶ
576 1072 696 1106 σχήματι
711 1069 858 1105 εὑρεθῆναι
878 1069 916 1101 ὡς
932 1069 980 1096 άν-

191 1120 311 1154 Θρωπον,
330 1118 405 1145 οὐδὲν
420 1118 514 1152 ἕτερον
529 1117 603 1152 ἡμᾶς
623 1115 775 1143 ἐκδιδάσκει
789 1116 805 1150 ἢ
821 1116 851 1142 τὸ
865 1116 893 1141 ὲν
912 1115 978 1141 ἐκα-

192 1165 259 1201 τέρα
283 1166 373 1200 μηρφῇ
389 1165 435 1190 τὴν
457 1164 559 1198 Κύριον
573 1161 655 1195 εἶναι,
666 1162 806 1189 τουτέστιν
828 1162 857 1188 ὲν
873 1161 980 1196 θεότητι

192 1212 240 1238 καὶ
259 1210 457 1246 άνθρωπότητι.
478 1209 587 1244 Ἀμέλει
607 1217 648 1235 τοι
662 1208 709 1235 καὶ
719 1208 733 1234 ό
744 1209 772 1234 ἐν
783 1207 870 1241 ἁγίοις
880 1206 982 1242 Κύριλ-

192 1259 238 1290 λος
264 1257 343 1284 τοῦτο
361 1257 391 1283 τὸ
417 1255 498 1292 ῥητὸν
518 1254 678 1290 ἑρμηνεύων
698 1255 727 1280 ὲν
745 1253 785 1289 τῷ
802 1253 869 1288 πρὸς
886 1252 982 1279 Θεοδό-

195 1312 253 1330 σιον
262 1303 334 1339 λόγῳ
350 1303 452 1338 γράφει
469 1301 533 1328 τάδε
549 1309 555 1315 ·
580 1310 589 1326 ι
615 1301 644 1327 ’0
661 1299 797 1331 συναῒδιος
810 1299 850 1334 τῷ
864 1299 924 1333 Θεῷ
936 1299 983 1325 καὶ

194 1350 282 1385 Πατρὶ
292 1349 358 1381 Θεὸς
366 1349 459 1384 Λόγος⁸
469 1348 576 1384 μορφὴν
586 1347 678 1374 δούλου
689 1346 790 1379 λαϐὼν,
804 1345 878 1372 ἔστιν
890 1345 984 1382 ὥσπερ

195 1397 224 1423 ὲν
239 1396 347 1431 θεότητι
356 1395 469 1426 τέλειος,
481 1394 554 1421 οὕτω
564 1395 611 1421 καὶ
623 1395 652 1420 ὲν
668 1393 715 1420 ἀνθ
720 1393 858 1428 ρωπότητι
870 1392 983 1425 τέλειος,

195 1443 245 1470 οὐκ
256 1443 287 1469 ἐκ
300 1443 384 1477 μόνης
396 1442 523 1476 θεότητος
535 1443 582 1468 καὶ
592 1441 692 1476 σαρκὸς
705 1441 745 1471 εις
755 1440 803 1466 ἕνα
814 1439 930 1475 Χριστὸν
940 1440 986 1466 καὶ
1005 1459 1010 1465 .

1010 203 1074 232 est;
1104 207 1167 226 nam
1195 200 1418 234 praepositionem
1444 200 1473 225 in
1497 199 1531 226 de
1550 197 1658 225 duabus
1691 197 1800 224 naturis

1012 244 1166 271 divinitatis
1191 248 1274 279 alque
1300 244 1500 276 humanitatis,
1537 243 1565 270 in
1598 242 1701 277 quibus
1728 249 1801 269 unus

1012 291 1140 319 Christus
1166 291 1336 326 agnoscitur,
1362 289 1490 317 conﬁteri
1517 296 1570 316 nos
1588 288 1692 320 docet;
1719 294 1801 322 quam

1013 337 1237 373 praepositionem
1255 336 1378 364 haeretici
1393 339 1495 371 negant
1508 335 1543 362 de
1559 333 1706 361 divinitate
1719 337 1802 366 atque

1015 383 1186 410 humanitate
1201 382 1304 410 Christi
1319 382 1480 414 convenire,
1498 380 1573 408 illius
1587 387 1670 407 causa
1686 378 1803 406 divisio-

1015 436 1080 456 nem
1098 427 1158 455 ﬁeri
1175 433 1375 463 praetexenles;
1399 427 1558 463 ignorantes
1581 426 1654 453 hane
1673 423 1804 460 praeposi-

1018 475 1122 502 tionem
1144 474 1280 501 unitatem
1307 474 1494 501 inconcretam
1522 476 1605 506 atque
1633 470 1806 498 individuam

1020 528 1140 549 servare.
1154 519 1233 548 Unde
1252 527 1330 547 sacra
1343 518 1487 554 Scriptura
1500 517 1595 545 eadem
1609 515 1806 551 praepositione

1021 566 1109 594 utitur
1119 566 1154 594 de
1169 566 1314 593 divinitate
1327 569 1411 600 atque
1426 563 1598 591 humanitate
1608 562 1700 597 magni
1715 560 1764 588 Dei
1780 565 1809 588 ct

1022 613 1175 641 Salvatoris
1193 612 1278 640 nostri
1295 612 1360 640 Iesu
1376 610 1491 639 Christi.
1514 610 1589 637 Dixit
1616 608 1729 644 quidem
1746 614 1810 634 san-

1023 661 1086 686 ctus
1103 658 1203 685 Paulus
1220 657 1360 692 apostolus
1374 665 1381 683 :
1399 665 1407 681 ι
1430 655 1485 682 Hoc
1499 655 1592 682 sentite
1612 656 1640 680 in
1656 653 1726 680 vobis
1741 651 1810 687 quod

1024 708 1048 731 et
1064 704 1091 731 in
1104 703 1207 731 Christo
1219 702 1292 735 Iesu,
1312 703 1368 735 qui,
1390 709 1449 728 cum
1468 701 1495 728 in
1511 700 1597 735 forma
1610 699 1657 726 Dei
1667 702 1743 730 esset,
1758 705 1811 724 non

1026 751 1150 785 rapinam
1176 749 1318 776 arbitratus
1345 752 1448 775 estesse
1462 754 1489 774 se
1513 744 1644 781 (aqualem
1667 744 1739 775 Deo,
1767 741 1812 769 sed

1026 797 1193 831 semetipsum
1211 795 1355 822 exinaniait
1373 793 1485 828 formam
1498 791 1566 819 serui
1585 790 1725 825 accipiens,
1736 788 1765 815 in
1777 787 1814 814 si-

1026 841 1200 869 militudinem
1220 840 1357 867 hominum
1381 839 1480 874 factus,
1504 841 1529 864 et
1546 836 1637 863 habitu
1649 835 1770 861 inventus
1785 836 1814 858 ut

1025 889 1100 916 homo
1111 887 1136 914 δ.
1156 897 1165 913 ι
1182 885 1331 921 Apostolus
1363 888 1456 912 autem
1487 890 1549 910 cum
1577 881 1645 909 dicit
1670 879 1699 907 in
1725 878 1814 906 forma

1025 934 1073 962 Dei
1108 942 1168 961 esse
1205 932 1305 960 Filium
1340 931 1388 958 Dci
1431 929 1624 965 unigenitum,
1669 926 1816 961 ipsumque

1026 980 1104 1007 addit
1128 979 1244 1006 formam
1273 977 1345 1005 servi
1370 976 1510 1010 accepisse
1537 977 1568 1001 ut
1597 972 1694 1000 similis
1726 969 1817 997 homi-

1026 1026 1109 1053 nibus
1141 1025 1238 1056 ﬁeret,
1265 1023 1420 1057 habituque
1448 1021 1593 1048 inventum
1616 1025 1678 1045 esse
1708 1021 1740 1044 ut
1766 1015 1818 1045 ho~

1028 1073 1148 1104 minem,
1173 1070 1245 1098 nihil
1263 1068 1337 1096 aliud
1366 1075 1416 1095 nos
1433 1066 1514 1094 docet
1540 1071 1622 1100 quam
1645 1063 1674 1090 in
1698 1066 1816 1096 utraque

1029 1119 1115 1146 l‘orma
1141 1124 1202 1144 esse
1231 1116 1390 1145 Dominum,
1404 1113 1432 1141 id
1448 1118 1500 1145 est,
1522 1111 1551 1138 in
1565 1109 1712 1137 divinitate
1735 1113 1818 1141 atque

1030 1163 1211 1192 humanitate.
1235 1161 1353 1189 Sanctus
1376 1166 1486 1194 quoque
1508 1156 1639 1192 Cyrillus,
1657 1156 1715 1182 haec
1733 1153 1818 1180 verba

1031 1209 1225 1243 interpretans,
1242 1207 1302 1234 hzec
1323 1205 1357 1233 ad
1372 1202 1559 1232 Theodosium
1575 1200 1692 1229 scribit:
1717 1209 1726 1224 ι
1747 1199 1819 1225 Deus

1032 1255 1163 1286 Verbum,
1184 1256 1351 1281 coaeternum
1375 1251 1431 1277 Deo
1451 1256 1483 1276 ac
1507 1247 1592 1279 Patri,
1616 1246 1732 1273 formam
1747 1243 1820 1271 servi

1033 1301 1182 1336 accipiens,
1207 1296 1441 1334 quemadmodum
1468 1294 1497 1321 in
1518 1292 1663 1321 divinitate
1681 1289 1821 1326 perfectus

1034 1335 1144 1378 estnita
1159 1351 1187 1372 et
1202 1345 1230 1371 in
1246 1343 1439 1374 humanitate;
1457 1347 1514 1367 non
1537 1346 1572 1366 ex
1596 1338 1654 1365 sola
1677 1335 1821 1364 divinitate

1035 1401 1067 1420 ac
1084 1399 1165 1419 carne
1181 1391 1209 1417 in
1225 1395 1310 1416 unum
1325 1387 1482 1418 Christum,
1508 1383 1656 1412 Dominum
1680 1385 1708 1409 et
1722 1380 1823 1408 Filium

1037 1438 1220 1473 compositus,
1247 1435 1296 1463 sed
1317 1442 1352 1462 ex
1366 1431 1476 1460 duobus
1500 1428 1648 1465 perfectis,
1662 1426 1689 1453 id
1708 1429 1750 1453 est
1767 1424 1821 1451 hu-

197 1470 433 1524 dewtml'i'ibv
450 1470 642 1523 σύγιιείμενος,
655 1470 712 1513 ἀλλ’
726 1470 758 1513 εκ
772 1470 845 1512 δυοῖν
860 1485 985 1516 τελείοιν,

1039 1484 1169 1512 manitate
1183 1489 1214 1509 ac
1235 1479 1377 1508 divinitate
1388 1477 1417 1505 in
1434 1483 1520 1504 unum
1539 1473 1724 1507 eamdemque
1741 1470 1825 1497 mira-

198 1536 411 1572 ἀνθρωπότητος
434 1535 508 1570 λέγω
527 1535 561 1571 δὴ
585 1535 634 1562 καὶ
653 1534 792 1569 θεότητος,
818 1534 859 1564 εἰς
872 1533 920 1560 ἕνα
942 1532 989 1559 καὶ

197 1581 243 1609 τδν
255 1582 335 1609 αὐτὸν
346 1582 503 1618 παραδόξως
521 1581 710 1616 συνδούμενος.
724 1589 733 1605 ι
761 1579 826 1606 Ἰδοὺ
845 1579 873 1606 δὲ
897 1579 991 1613 σαφῶς
1008 1580 1012 1582 ’

199 1628 279 1655 πάλιν
287 1629 300 1655 ό
307 1629 401 1664 Πατὴρ
407 1630 436 1654 ὲν
444 1628 551 1662 θεότητι
559 1628 606 1654 καὶ
612 1626 660 1653 ἀνθ
665 1625 802 1661 ρωπότητι
810 1625 989 1661 τδνΧριστὺν,

201 1674 336 1709 ὑπάρχειν
354 1674 491 1709 ὁμολογεῖ.
507 1673 613 1707 Ὠσπερ
636 1673 663 1699 δὲ
679 1673 709 1699 τὺ
728 1673 763 1699 ἐκ
785 1672 921 1704 θεότητος
942 1670 992 1697 καὶ

202 1721 430 1754 ἁπ¹θρωπό¹ητος
444 1721 476 1746 ὲκ
498 1719 544 1746 δύο
564 1719 673 1753 φύσεων
698 1717 838 1753 σημαίνει,
858 1716 929 1743 οὕτω
944 1717 992 1743 καὶ

202 1765 232 1792 τὸ
254 1766 289 1793 ἐν
313 1766 428 1799 θεότητι
444 1765 493 1792 καὶ
517 1765 724 1798 ἀνθρωπότητι
749 1764 778 1789 ὲν
804 1762 850 1788 δύο
879 1761 994 1796 φύσεσιν

203 1811 273 1839 εἶναί
286 1821 314 1839 τε
334 1814 381 1839 καὶ
399 1810 582 1846 γνωρίζεσθαι
597 1810 642 1836 τὸν
657 1809 775 1845 Χριστὸν
787 1808 872 1842 δηλοῖ.
890 1808 951 1834 Ὅτι
965 1807 994 1834 δὲ

204 1858 234 1885 me
249 1857 280 1884 ἐκ
298 1866 380 1885 τινων
396 1865 493 1884 συνεστ
500 1857 559 1884 ἁναι
575 1856 736 1890 λεγόμενον,
746 1854 794 1880 ἐὰν
813 1854 849 1889 μὴ
862 1854 891 1880 ὲν
902 1854 995 1885 αὐτοῖς

205 1904 368 1939 γνωρίςηται
387 1904 416 1936 ἐξ
432 1900 470 1930 ὧν
482 1903 531 1930 καὶ
548 1903 676 1936 συνέστη,
687 1900 819 1935 σύγχυσιν
832 1901 880 1926 καὶ
898 1900 996 1934 ἀφανι-

207 1950 274 1983 σμὸν
284 1949 339 1975 τῶν
351 1948 533 1975 συνελθόντων
544 1947 616 1973 ποιεῖ
629 1945 800 1981 πραγμάτων
808 1965 815 1975 .
826 1944 911 1978 σαφὲς
929 1943 997 1970 καθ-

207 1994 340 2030 έστηκεν·
360 1995 389 2028 ea
407 1991 444 2021 ὧν
470 1993 578 2020 πάλινὸ
598 1991 678 2023 αὐτὸς
698 1992 728 2017 ὲν
750 1990 838 2024 ἁγίοις
863 1989 998 2025 Κύριλλος

208 2042 278 2068 κατὰ
299 2041 353 2069 τῶν
371 2040 578 2068 Συνουσιαστῶν
596 2039 670 2074 λέγει
685 2039 750 2066 τάδε
761 2047 767 2054 ·
789 2047 798 2063 ι
818 2038 850 2064 Et
865 2037 893 2064 δὲ
910 2036 948 2066 ὡς
969 2037 998 2063 ὲν

208 2088 285 2121 τάξει
306 2088 399 2123 ὑγρῶν
415 2086 604 2122 ἀναμεμίχθαι
621 2085 703 2120 φασὶν
719 2085 844 2120 ἀλλήλοις
866 2083 955 2119 σάρκα
970 2091 999 2110 τε

210 2134 257 2160 καὶ
273 2134 370 2167 Λόγον,
387 2133 445 2165 πῶς
455 2133 594 2168 ἠγνόησαν
608 2133 648 2159 Et:
662 2131 696 2158 τὰ
711 2131 838 2166 ἀλλήλοις
854 2129 1001 2164 ἀνακιρνά-

217 2189 285 2213 μενα
296 2181 349 2207 τῶν
366 2180 467 2214 ὑγρῶν.
479 2177 550 2210 οἶνος
565 2179 632 2214 φέρε
656 2179 744 2205 εἰπεῖν
762 2178 810 2205 καὶ
829 2177 903 2213 μέλι,
919 2177 933 2203 ὃ
951 2177 1000 2211 μὲν

210 2224 290 2260 ἦσαν,
304 2226 357 2253 εἰσὶ
369 2225 498 2261 καθαρῶς
509 2225 613 2257 οὐκέτι,
625 2224 777 2258 προσλήψει
792 2224 820 2250 δὲ
835 2223 935 2257 μᾶλλον
950 2222 999 2257 τῆς

185 2300 188 2301 ν
213 2272 381 2307 ἑτεροειδοῦς
409 2272 566 2307 ποιότητος.
593 2271 632 2301 εἰς
659 2269 753 2304 ἕτερόν
766 2279 792 2296 τι
816 2268 999 2304 μεθίσταταις

213 2318 319 2344 οὐκοῦν
334 2319 358 2344 εἰ
373 2316 579 2352 συγκεκρᾶσοαί
603 2324 670 2350 φασι
687 2315 726 2350 τῷ
737 2314 816 2349 Λόγῳ
829 2315 879 2349 τὴν
900 2313 1000 2349 σάρκα,

213 2363 290 2389 πᾶσά
311 2371 370 2394 πως
392 2363 499 2396 ἀνάγκη
517 2362 606 2396 λέγειν
623 2361 755 2395 ἑκάτερον
769 2359 823 2385 τῶν
839 2358 1002 2392 ὼνομασμέ‹

214 2417 278 2440 νων,
293 2409 447 2447 ἀποστῆναι
470 2408 518 2442 μὲν
542 2408 589 2434 τοῦ
615 2405 685 2433 εἶναι
709 2406 724 2432 ὃ
741 2404 786 2441 ἦν,
801 2405 829 2431 ἓν
846 2405 874 2430 δέ
888 2413 914 2431 τι
930 2404 960 2430 τὸ
974 2403 1004 2436 ἐξ

165 2458 168 2459 ⁷
216 2454 319 2488 ἀμφοῖν
339 2453 504 2480 ἀποτελέσαι
522 2454 604 2487 μέσον
621 2451 765 2487 ἐτεροφυές
780 2459 832 2477 που
849 2451 968 2481 πάντως,
986 2450 1002 2485 ἢ

216 2500 284 2536 ὅπερ
305 2497 339 2534 ἦν
357 2498 489 2532 ἑκάτερον
501 2498 553 2524 ἀνὰ
569 2498 661 2533 μέρος.
682 2508 690 2522 ι

202 2568 206 2581 ,
258 2545 501 2580 Ἀποδεδειγμένου
520 2545 610 2571 τοίνυν
629 2545 670 2570 ὅτι
687 2543 734 2569 ἐπὶ
751 2543 805 2569 τῶν
825 2542 862 2576 μὴ
883 2539 1005 2574 σωζομέ-

218 2600 271 2618 νων
284 2591 353 2627 μετὰ
366 2590 493 2617 σύνθεσιν
514 2589 647 2624 σύγχυσις
671 2589 796 2623 γίνεται,
812 2587 892 2622 δῆλον
908 2586 949 2612 ὅτι
963 2585 1005 2620 ἐφ’

196 2633 256 2671 ,ὧν
272 2637 310 2673 μὴ
327 2636 460 2672 σύγχυσις
485 2635 551 2670 μηδὲ
571 2633 727 2668 ἀφανισμδς
744 2633 798 2659 τῶν
821 2631 1005 2658 συνελθόντων

219 2683 392 2717 πραγμάτων
408 2682 481 2708 ἐστὶν
494 2680 524 2707 τὸ
534 2679 565 2706 ἐκ
576 2687 648 2710 τινος
663 2678 800 2710 συντεθὲν,
815 2677 860 2703 καὶ
875 2677 904 2702 ὲν
917 2675 1009 2706 αὐτοῖς

221 2728 396 2763 γνωρίζεται,
413 2727 461 2754 καὶ
482 2725 615 2762 πρόδηλον
639 2725 680 2751 ὅτι
711 2724 734 2750 οἱ
758 2724 790 2749 ὲκ
816 2721 862 2748 δύο
890 2720 1009 2755 φύσεων,

264 2815 278 2836 ι
290 2815 408 2850 Philipp.
425 2822 454 2847 ιι,
468 2813 540 2841 5-7.

1040 1530 1132 1557 biliter
1147 1529 1321 1563 conjunctus.
1337 1535 1346 1551 ι
1365 1524 1411 1552 Sic
1430 1530 1496 1558 ergo
1511 1522 1611 1548 iterum
1634 1518 1663 1545 in
1681 1516 1826 1544 divinitate

1040 1583 1073 1604 ac
1099 1562 1270 1602 humanitate
1297 1579 1358 1599 esse
1384 1569 1527 1598 Christum
1558 1568 1654 1601 aperte
1680 1562 1827 1598 proﬁtetur

1040 1622 1130 1650 Pater.
1152 1617 1390 1653 Quemadmodum
1404 1623 1436 1642 ex
1455 1613 1596 1641 divinitate
1609 1619 1640 1637 ac
1659 1608 1828 1636 humanitate

1041 1675 1075 1695 ex
1097 1666 1206 1694 duabus
1234 1663 1341 1691 naturis
1365 1660 1513 1696 signiﬁcat,
1538 1659 1576 1686 ita
1589 1657 1617 1683 in
1643 1654 1779 1682 divinitate
1798 1660 1829 1679 ac

1041 1712 1205 1740 humanitate
1233 1709 1262 1736 in
1297 1707 1405 1735 duabus
1439 1703 1547 1732 naturis
1574 1708 1635 1730 esse
1663 1698 1830 1735 agnoscique

1042 1759 1183 1788 Christum
1197 1757 1379 1784 demonstrat.
1403 1751 1482 1786 Quod
1496 1754 1589 1778 autem
1613 1749 1715 1776 dicitur
1733 1754 1767 1773 ex
1782 1745 1830 1772 ali-

1043 1809 1110 1841 quot
1132 1803 1314 1832 constitutum
1329 1807 1401 1831 esse,
1417 1797 1471 1825 nisi
1488 1796 1518 1823 in
1535 1795 1590 1822 illis
1612 1796 1777 1828 agnoscatur
1797 1797 1832 1817 ex

1044 1839 1145 1886 quibus
1167 1847 1349 1876 constitutum
1378 1847 1430 1876 est,
1461 1842 1590 1871 contusas
1616 1839 1832 1871 obscuratasque

1045 1897 1137 1925 facere
1149 1902 1194 1922 res
1206 1893 1420 1922 constituentes,
1437 1889 1513 1916 clare
1528 1885 1640 1921 reponit
1652 1894 1659 1918 ;
1686 1883 1759 1910 inter
1773 1889 1835 1916 quae

1046 1943 1105 1971 haec
1118 1942 1220 1969 iterum
1234 1939 1309 1966 idem
1328 1939 1441 1964 sanctus
1461 1933 1580 1969 Cyrillus
1601 1935 1698 1959 contra
1710 1927 1836 1956 Consub-

1048 1986 1228 2017 stantialistas
1246 1983 1334 2012 dicit:
1356 1991 1365 2008 ι
1382 1981 1411 2008 Si
1427 1987 1493 2007 vero
1515 1979 1631 2009 dicunt,
1653 1981 1730 2002 more
1753 1972 1837 2007 liqui-

1049 2035 1158 2065 dorum,
1174 2037 1286 2059 carnem
1300 2033 1328 2057 et
1344 2027 1466 2056 Verbum
1479 2024 1532 2053 sibi
1549 2023 1668 2051 invicem
1693 2018 1838 2047 commista

1049 2080 1146 2112 fuisse,
1163 2075 1301 2113 quomodo
1317 2072 1479 2101 nescierunt
1492 2069 1598 2105 liquida
1617 2068 1676 2094 haec
1689 2064 1743 2093 sibi
1765 2062 1838 2090 invi-

1051 2133 1111 2154 cem
1130 2123 1291 2153 commista,
1318 2119 1397 2148 verbi
1419 2117 1505 2154 gratia
1532 2115 1626 2143 vinum
1643 2117 1672 2140 et
1697 2111 1762 2142 mel.
1783 2109 1839 2144 jam

1053 2179 1108 2200 non
1138 2178 1198 2198 esse
1230 2175 1307 2195 mere
1340 2165 1415 2201 quod
1439 2167 1520 2191 erant
1537 2181 1544 2194 ,
1577 2159 1625 2187 sed
1659 2155 1841 2191 assumpsisse

1055 2217 1204 2253 plurimum
1225 2200 1468 2242 materiaeralienaa,
1487 2209 1524 2236 ita
1538 2210 1569 2234 ut
1582 2205 1609 2232 in
1622 2203 1759 2238 quoddam
1777 2200 1842 2227 alie-

1055 2252 1124 2291 nunl'
1141 2263 1356 2289 commutentur.
1384 2256 1412 2284 Si
1435 2262 1501 2290 ergo
1525 2252 1617 2281 Verbo
1636 2255 1747 2276 carnem
1765 2253 1842 2273 com~

1056 2308 1164 2336 mistam
1180 2306 1266 2333 fuisse
1284 2305 1391 2335 dicunt,
1415 2307 1529 2328 necesse
1551 2296 1664 2324 omnino
1686 2293 1739 2321 erit
1751 2292 1843 2319 dicere

1056 2351 1275 2387 unumquodque
1300 2349 1504 2377 nominatorum
1514 2365 1521 2378 ,
1552 2343 1589 2370 ita
1601 2348 1662 2369 esse
1675 2339 1796 2366 alienum
1810 2335 1844 2362 ab

1057 2409 1091 2429 eo
1112 2381 1186 2434 quod
1200 2381 1279 2429 erat,
1303 2400 1335 2423 ut
1354 2393 1485 2430 quiddam
1504 2397 1590 2418 unum
1609 2395 1643 2415 ex
1668 2384 1777 2434 duobus
1801 2381 1846 2408 ﬁat

1059 2445 1198 2476 medium,
1216 2442 1329 2470 omnino
1350 2429 1436 2468 ferme
1457 2435 1532 2464 aliud
1545 2440 1627 2469 quam
1649 2429 1724 2467 quod
1748 2435 1847 2455 ιιιιιιιη⁴

1060 2491 1189 2527 quodque
1206 2492 1267 2516 erat
1280 2495 1329 2523 per
1346 2489 1447 2521 partes.
1469 2492 1477 2509 ι

1096 2521 1306 2568 Probatoigitur
1316 2533 1343 2559 in
1354 2539 1406 2558 non
1418 2527 1530 2557 salvatis
1539 2529 1602 2562 post
1608 2521 1848 2558 compositionem,

1062 2580 1251 2609 confusionem
1266 2577 1335 2609 ﬁcri,
1353 2575 1467 2603 evidens
1485 2577 1527 2601 est
1552 2572 1580 2599 in
1594 2569 1697 2605 quibus
1715 2574 1765 2594 nec
1784 2571 1850 2590 con-

1060 2626 1133 2653 fusio
1147 2633 1198 2652 nec
1221 2622 1377 2650 obscuratio
1401 2626 1495 2647 rerum
1518 2614 1744 2644 constituentium
1762 2610 1849 2641 adest,

1063 2679 1096 2698 cx
1109 2670 1231 2706 quodam
1257 2675 1318 2695 esse
1337 2664 1490 2699 composita
1502 2683 1509 2695 ,
1526 2666 1608 2696 atque
1623 2660 1650 2687 in
1666 2658 1718 2685 illis
1731 2654 1852 2691 agnosci,

1068 2726 1100 2745 ac
1114 2715 1289 2744 manifestum
1314 2717 1356 2740 est
1377 2710 1541 2739 conﬁtentes
1557 2716 1589 2735 cx
1606 2705 1712 2734 duabus
1736 2701 1852 2730 naturis.
