  <div class='ocr_page' id='page_1' title='image "/cluster/home/n/w/nwhite01/storage/ocr_20150623/86,pt.1/njp.32101007877465/618.png"; bbox 0 0 1966 3089; ppageno 0'>
   <div class='ocr_carea' id='block_1_1' title="bbox 132 133 200 166">
    <p class='ocr_par' dir='ltr' id='par_1_1' title="bbox 132 133 200 166">
     <span class='ocr_line' id='line_1_1' title="bbox 132 133 200 166; baseline 0 0"><span class='ocrx_word' id='word_1_1' title='bbox 132 133 200 166; x_wconf 82' lang='lat' dir='ltr'><strong>lll3</strong></span> 
     </span>
    </p>
   </div>
   <div class='ocr_carea' id='block_1_2' title="bbox 590 133 1299 170">
    <p class='ocr_par' dir='ltr' id='par_1_2' title="bbox 590 133 1299 170">
     <span class='ocr_line' id='line_1_2' title="bbox 590 133 1299 170; baseline 0.01 -7"><span class='ocrx_word' id='word_1_2' title='bbox 590 133 811 166; x_wconf 81' lang='lat' dir='ltr'><strong>TRACTATUS</strong></span> <span class='ocrx_word' id='word_1_3' title='bbox 831 136 980 167; x_wconf 75' lang='lat' dir='ltr'><strong>CONTRA</strong></span> <span class='ocrx_word' id='word_1_4' title='bbox 997 138 1299 170; x_wconf 72' lang='lat' dir='ltr'><strong>MONOPHYSITAS.</strong></span> 
     </span>
    </p>
   </div>
   <div class='ocr_carea' id='block_1_3' title="bbox 1685 145 1754 173">
    <p class='ocr_par' dir='ltr' id='par_1_3' title="bbox 1685 145 1754 173">
     <span class='ocr_line' id='line_1_3' title="bbox 1685 145 1754 173; baseline 0.014 -1"><span class='ocrx_word' id='word_1_5' title='bbox 1685 145 1754 173; x_wconf 69' lang='lat' dir='ltr'><strong>ll”</strong></span> 
     </span>
    </p>
   </div>
   <div class='ocr_carea' id='block_1_4' title="bbox 130 187 915 233">
    <p class='ocr_par' dir='ltr' id='par_1_4' title="bbox 130 187 915 224">
     <span class='ocr_line' id='line_1_4' title="bbox 130 187 915 224; baseline 0 -8"><span class='ocrx_word' id='word_1_6' title='bbox 130 190 246 221; x_wconf 79' lang='grc' dir='ltr'>ιπῶντες,</span> <span class='ocrx_word' id='word_1_7' title='bbox 266 187 330 223; x_wconf 81' lang='grc' dir='ltr'>μίαν</span> <span class='ocrx_word' id='word_1_8' title='bbox 352 187 556 216; x_wconf 73' lang='grc' dir='ltr'><strong>ἀναπλάττουσι</strong></span> <span class='ocrx_word' id='word_1_9' title='bbox 590 188 692 224; x_wconf 75' lang='grc' dir='ltr'>σαρκὸς</span> <span class='ocrx_word' id='word_1_10' title='bbox 719 189 767 216; x_wconf 74' lang='grc' dir='ltr'>καὶ</span> <span class='ocrx_word' id='word_1_11' title='bbox 793 189 915 224; x_wconf 74' lang='grc' dir='ltr'>θεότητος</span> 
     </span>
    </p>
   </div>
   <div class='ocr_carea' id='block_1_5' title="bbox 966 187 1754 233">
    <p class='ocr_par' dir='ltr' id='par_1_5' title="bbox 972 191 1754 233">
     <span class='ocr_line' id='line_1_5' title="bbox 972 191 1754 233; baseline 0.012 -15"><span class='ocrx_word' id='word_1_12' title='bbox 972 191 1125 221; x_wconf 77' lang='lat' dir='ltr'><strong>divinitatis</strong></span> <span class='ocrx_word' id='word_1_13' title='bbox 1142 199 1267 222; x_wconf 89' lang='lat' dir='ltr'><strong>naturam</strong></span> <span class='ocrx_word' id='word_1_14' title='bbox 1283 195 1361 228; x_wconf 86' lang='lat' dir='ltr'><strong>dicit,</strong></span> <span class='ocrx_word' id='word_1_15' title='bbox 1380 195 1427 223; x_wconf 88' lang='lat' dir='ltr'><strong>sed</strong></span> <span class='ocrx_word' id='word_1_16' title='bbox 1442 199 1586 232; x_wconf 74' lang='lat' dir='ltr'><strong>postquam</strong></span> <span class='ocrx_word' id='word_1_17' title='bbox 1603 197 1754 233; x_wconf 69' lang='lat' dir='ltr'><strong>incerporci</strong></span> 
     </span>
    </p>
   </div>
   <div class='ocr_carea' id='block_1_6' title="bbox 131 233 920 272">
    <p class='ocr_par' dir='ltr' id='par_1_6' title="bbox 131 233 920 272">
     <span class='ocr_line' id='line_1_6' title="bbox 131 233 920 272; baseline 0.001 -10"><span class='ocrx_word' id='word_1_18' title='bbox 131 236 222 271; x_wconf 74' lang='grc' dir='ltr'>φύσιν.</span> <span class='ocrx_word' id='word_1_19' title='bbox 247 233 276 262; x_wconf 81' lang='grc' dir='ltr'>Ὁ</span> <span class='ocrx_word' id='word_1_20' title='bbox 311 237 402 271; x_wconf 80' lang='grc' dir='ltr'>μέντοι</span> <span class='ocrx_word' id='word_1_21' title='bbox 428 236 457 262; x_wconf 77' lang='grc' dir='ltr'>ἐν</span> <span class='ocrx_word' id='word_1_22' title='bbox 479 236 569 270; x_wconf 81' lang='grc' dir='ltr'><strong>ἁγίοις</strong></span> <span class='ocrx_word' id='word_1_23' title='bbox 594 235 707 272; x_wconf 72' lang='grc' dir='ltr'>Πατήρ,</span> <span class='ocrx_word' id='word_1_24' title='bbox 722 237 771 271; x_wconf 77' lang='grc' dir='ltr'>οὐχ</span> <span class='ocrx_word' id='word_1_25' title='bbox 791 235 827 268; x_wconf 82' lang='grc' dir='ltr'>ὡς</span> <span class='ocrx_word' id='word_1_26' title='bbox 843 237 920 263; x_wconf 71' lang='grc' dir='ltr'>αὐτοὶ</span> 
     </span>
    </p>
   </div>
   <div class='ocr_carea' id='block_1_7' title="bbox 132 282 919 318">
    <p class='ocr_par' dir='ltr' id='par_1_7' title="bbox 132 282 919 318">
     <span class='ocr_line' id='line_1_7' title="bbox 132 282 919 318; baseline -0.003 -7"><span class='ocrx_word' id='word_1_27' title='bbox 132 283 315 318; x_wconf 72' lang='grc' dir='ltr'><strong>φαντάζονται</strong></span> <span class='ocrx_word' id='word_1_28' title='bbox 332 282 395 317; x_wconf 83' lang='grc' dir='ltr'>μίαν</span> <span class='ocrx_word' id='word_1_29' title='bbox 412 283 514 318; x_wconf 78' lang='grc' dir='ltr'>σαρκὸς</span> <span class='ocrx_word' id='word_1_30' title='bbox 530 283 576 309; x_wconf 72' lang='grc' dir='ltr'><strong>καὶ</strong></span> <span class='ocrx_word' id='word_1_31' title='bbox 592 282 719 318; x_wconf 82' lang='grc' dir='ltr'><strong>θεότητος</strong></span> <span class='ocrx_word' id='word_1_32' title='bbox 735 283 809 317; x_wconf 78' lang='grc' dir='ltr'>λέγει</span> <span class='ocrx_word' id='word_1_33' title='bbox 827 283 919 318; x_wconf 78' lang='grc' dir='ltr'>φύσιν,</span> 
     </span>
    </p>
   </div>
   <div class='ocr_carea' id='block_1_8' title="bbox 130 328 918 364">
    <p class='ocr_par' dir='ltr' id='par_1_8' title="bbox 130 328 918 364">
     <span class='ocr_line' id='line_1_8' title="bbox 130 328 918 364; baseline -0.004 -7"><span class='ocrx_word' id='word_1_34' title='bbox 130 331 189 357; x_wconf 82' lang='grc' dir='ltr'>ἀλλ’</span> <span class='ocrx_word' id='word_1_35' title='bbox 204 329 243 361; x_wconf 76' lang='grc' dir='ltr'>ὡς</span> <span class='ocrx_word' id='word_1_36' title='bbox 266 330 388 364; x_wconf 81' lang='grc' dir='ltr'>ἀσάρκου</span> <span class='ocrx_word' id='word_1_37' title='bbox 402 328 450 355; x_wconf 82' lang='grc' dir='ltr'>τοῦ</span> <span class='ocrx_word' id='word_1_38' title='bbox 466 329 554 362; x_wconf 86' lang='grc' dir='ltr'><strong>Λόγου</strong></span> <span class='ocrx_word' id='word_1_39' title='bbox 571 328 636 363; x_wconf 82' lang='grc' dir='ltr'>μίαν</span> <span class='ocrx_word' id='word_1_40' title='bbox 656 328 741 355; x_wconf 84' lang='grc' dir='ltr'>εἰπὼν</span> <span class='ocrx_word' id='word_1_41' title='bbox 762 328 812 363; x_wconf 79' lang='grc' dir='ltr'><strong>τὴν</strong></span> <span class='ocrx_word' id='word_1_42' title='bbox 827 328 918 362; x_wconf 79' lang='grc' dir='ltr'>φύσιν,</span> 
     </span>
    </p>
   </div>
   <div class='ocr_carea' id='block_1_9' title="bbox 131 373 920 411">
    <p class='ocr_par' dir='ltr' id='par_1_9' title="bbox 131 373 920 411">
     <span class='ocr_line' id='line_1_9' title="bbox 131 373 920 411; baseline -0.003 -8"><span class='ocrx_word' id='word_1_43' title='bbox 131 377 180 403; x_wconf 73' lang='grc' dir='ltr'>οὐκ</span> <span class='ocrx_word' id='word_1_44' title='bbox 198 376 264 411; x_wconf 72' lang='grc' dir='ltr'>ἔστη</span> <span class='ocrx_word' id='word_1_45' title='bbox 279 375 359 411; x_wconf 84' lang='grc' dir='ltr'>μέχρι</span> <span class='ocrx_word' id='word_1_46' title='bbox 375 374 481 408; x_wconf 79' lang='grc' dir='ltr'>τούτου,</span> <span class='ocrx_word' id='word_1_47' title='bbox 492 374 561 401; x_wconf 81' lang='grc' dir='ltr'><strong>ἀλλὰ</strong></span> <span class='ocrx_word' id='word_1_48' title='bbox 570 373 743 411; x_wconf 79' lang='grc' dir='ltr'><strong>προσέθηκεν</strong></span> <span class='ocrx_word' id='word_1_49' title='bbox 753 373 794 407; x_wconf 78' lang='grc' dir='ltr'>τὸ,</span> <span class='ocrx_word' id='word_1_50' title='bbox 809 380 920 409; x_wconf 81' lang='grc' dir='ltr'>σεσαρ-</span> 
     </span>
    </p>
   </div>
   <div class='ocr_carea' id='block_1_10' title="bbox 130 420 920 458">
    <p class='ocr_par' dir='ltr' id='par_1_10' title="bbox 130 420 920 458">
     <span class='ocr_line' id='line_1_10' title="bbox 130 420 920 458; baseline -0.003 -9"><span class='ocrx_word' id='word_1_51' title='bbox 130 423 281 458; x_wconf 73' lang='grc' dir='ltr'>νιωμένην,</span> <span class='ocrx_word' id='word_1_52' title='bbox 296 423 339 450; x_wconf 74' lang='grc' dir='ltr'>ἶνα</span> <span class='ocrx_word' id='word_1_53' title='bbox 351 420 396 449; x_wconf 75' lang='grc' dir='ltr'>διὰ</span> <span class='ocrx_word' id='word_1_54' title='bbox 418 421 478 453; x_wconf 80' lang='grc' dir='ltr'>τοῦ,</span> <span class='ocrx_word' id='word_1_55' title='bbox 495 421 740 456; x_wconf 82' lang='grc' dir='ltr'>σεο-αρκωμένην,</span> <span class='ocrx_word' id='word_1_56' title='bbox 757 421 808 456; x_wconf 81' lang='grc' dir='ltr'>τὴν</span> <span class='ocrx_word' id='word_1_57' title='bbox 822 421 920 456; x_wconf 77' lang='grc' dir='ltr'>ἑτέραν</span> 
     </span>
    </p>
   </div>
   <div class='ocr_carea' id='block_1_11' title="bbox 131 467 917 505">
    <p class='ocr_par' dir='ltr' id='par_1_11' title="bbox 131 467 917 505">
     <span class='ocr_line' id='line_1_11' title="bbox 131 467 917 505; baseline -0.003 -9"><span class='ocrx_word' id='word_1_58' title='bbox 131 469 345 505; x_wconf 82' lang='grc' dir='ltr'>ἡμῖν,τουτέστι</span> <span class='ocrx_word' id='word_1_59' title='bbox 366 469 416 504; x_wconf 77' lang='grc' dir='ltr'>τὴν</span> <span class='ocrx_word' id='word_1_60' title='bbox 441 467 616 503; x_wconf 79' lang='grc' dir='ltr'>ἀνθρωπίνην</span> <span class='ocrx_word' id='word_1_61' title='bbox 639 468 804 503; x_wconf 69' lang='grc' dir='ltr'>παραστήσῃ</span> <span class='ocrx_word' id='word_1_62' title='bbox 827 468 917 502; x_wconf 80' lang='grc' dir='ltr'>φύσιν.</span> 
     </span>
    </p>
   </div>
   <div class='ocr_carea' id='block_1_12' title="bbox 138 512 919 551">
    <p class='ocr_par' dir='ltr' id='par_1_12' title="bbox 138 512 919 551">
     <span class='ocr_line' id='line_1_12' title="bbox 138 512 919 551; baseline -0.004 -9"><span class='ocrx_word' id='word_1_63' title='bbox 138 516 248 551; x_wconf 78' lang='grc' dir='ltr'>Ἀμέλει</span> <span class='ocrx_word' id='word_1_64' title='bbox 261 514 299 551; x_wconf 81' lang='grc' dir='ltr'>μὴ</span> <span class='ocrx_word' id='word_1_65' title='bbox 315 513 460 550; x_wconf 76' lang='grc' dir='ltr'><strong>ἀρκεσθεὶς</strong></span> <span class='ocrx_word' id='word_1_66' title='bbox 476 514 509 549; x_wconf 83' lang='grc' dir='ltr'>τῇ</span> <span class='ocrx_word' id='word_1_67' title='bbox 524 512 637 549; x_wconf 85' lang='grc' dir='ltr'>τοιαύτῃ</span> <span class='ocrx_word' id='word_1_68' title='bbox 653 513 736 546; x_wconf 75' lang='grc' dir='ltr'>λέξει,</span> <span class='ocrx_word' id='word_1_69' title='bbox 749 513 817 540; x_wconf 71' lang='grc' dir='ltr'>ἀλλὰ</span> <span class='ocrx_word' id='word_1_70' title='bbox 835 514 919 548; x_wconf 79' lang='grc' dir='ltr'>σο.φέ-</span> 
     </span>
    </p>
   </div>
   <div class='ocr_carea' id='block_1_13' title="bbox 132 558 918 597">
    <p class='ocr_par' dir='ltr' id='par_1_13' title="bbox 132 558 918 597">
     <span class='ocr_line' id='line_1_13' title="bbox 132 558 918 597; baseline -0.004 -9"><span class='ocrx_word' id='word_1_71' title='bbox 132 571 177 588; x_wconf 72' lang='lat' dir='ltr'><strong>era</strong></span> <span class='ocrx_word' id='word_1_72' title='bbox 184 571 228 597; x_wconf 81' lang='grc' dir='ltr'><strong>ρον</strong></span> <span class='ocrx_word' id='word_1_73' title='bbox 244 562 293 597; x_wconf 75' lang='grc' dir='ltr'>τὴν</span> <span class='ocrx_word' id='word_1_74' title='bbox 311 560 407 587; x_wconf 79' lang='grc' dir='ltr'>ἑαυτοῦ</span> <span class='ocrx_word' id='word_1_75' title='bbox 420 560 539 587; x_wconf 77' lang='grc' dir='ltr'>διάνοιαν</span> <span class='ocrx_word' id='word_1_76' title='bbox 553 559 727 594; x_wconf 79' lang='grc' dir='ltr'><strong>παραστῆσαι</strong></span> <span class='ocrx_word' id='word_1_77' title='bbox 743 558 918 594; x_wconf 78' lang='grc' dir='ltr'>βουλόμενος,</span> 
     </span>
    </p>
   </div>
   <div class='ocr_carea' id='block_1_14' title="bbox 130 606 918 645">
    <p class='ocr_par' dir='ltr' id='par_1_14' title="bbox 130 606 918 645">
     <span class='ocr_line' id='line_1_14' title="bbox 130 606 918 645; baseline -0.005 -9"><span class='ocrx_word' id='word_1_78' title='bbox 130 611 271 645; x_wconf 75' lang='grc' dir='ltr'><strong>ἐπήγαγεν</strong></span> <span class='ocrx_word' id='word_1_79' title='bbox 298 608 378 644; x_wconf 59' lang='grc' dir='ltr'>εὐθὺς</span> <span class='ocrx_word' id='word_1_80' title='bbox 402 607 420 634; x_wconf 81' lang='grc' dir='ltr'>ἃ</span> <span class='ocrx_word' id='word_1_81' title='bbox 443 607 522 634; x_wconf 80' lang='grc' dir='ltr'>πάλιν</span> <span class='ocrx_word' id='word_1_82' title='bbox 548 606 625 633; x_wconf 72' lang='grc' dir='ltr'>αὐτοὶ</span> <span class='ocrx_word' id='word_1_83' title='bbox 651 606 918 642; x_wconf 78' lang='grc' dir='ltr'>παραλιμπάνουσιν·</span> 
     </span>
    </p>
   </div>
   <div class='ocr_carea' id='block_1_15' title="bbox 133 652 919 690">
    <p class='ocr_par' dir='ltr' id='par_1_15' title="bbox 133 652 919 690">
     <span class='ocr_line' id='line_1_15' title="bbox 133 652 919 690; baseline -0.005 -8"><span class='ocrx_word' id='word_1_84' title='bbox 133 666 142 682; x_wconf 75' lang='grc' dir='ltr'><strong>ι</strong></span> <span class='ocrx_word' id='word_1_85' title='bbox 166 655 271 682; x_wconf 67' lang='grc' dir='ltr'>Οὐκοῦν</span> <span class='ocrx_word' id='word_1_86' title='bbox 291 655 353 681; x_wconf 77' lang='grc' dir='ltr'>ὅσον</span> <span class='ocrx_word' id='word_1_87' title='bbox 370 654 418 689; x_wconf 85' lang='grc' dir='ltr'>μὲν</span> <span class='ocrx_word' id='word_1_88' title='bbox 442 652 509 690; x_wconf 85' lang='grc' dir='ltr'>ἧκεν</span> <span class='ocrx_word' id='word_1_89' title='bbox 532 653 570 684; x_wconf 81' lang='grc' dir='ltr'><strong>είς</strong></span> <span class='ocrx_word' id='word_1_90' title='bbox 592 653 698 679; x_wconf 68' lang='grc' dir='ltr'>ἔννοιαν</span> <span class='ocrx_word' id='word_1_91' title='bbox 720 652 767 679; x_wconf 78' lang='grc' dir='ltr'>καὶ</span> <span class='ocrx_word' id='word_1_92' title='bbox 782 653 821 684; x_wconf 84' lang='grc' dir='ltr'><strong>εἰς</strong></span> <span class='ocrx_word' id='word_1_93' title='bbox 839 652 919 687; x_wconf 85' lang='grc' dir='ltr'>μόνον</span> 
     </span>
    </p>
   </div>
   <div class='ocr_carea' id='block_1_16' title="bbox 129 699 920 737">
    <p class='ocr_par' dir='ltr' id='par_1_16' title="bbox 129 699 920 737">
     <span class='ocr_line' id='line_1_16' title="bbox 129 699 920 737; baseline -0.006 -9"><span class='ocrx_word' id='word_1_94' title='bbox 129 703 160 728; x_wconf 66' lang='grc' dir='ltr'><strong>τὸ</strong></span> <span class='ocrx_word' id='word_1_95' title='bbox 179 703 245 737; x_wconf 74' lang='grc' dir='ltr'>όρᾷν</span> <span class='ocrx_word' id='word_1_96' title='bbox 257 702 312 732; x_wconf 84' lang='grc' dir='ltr'>τοῖς</span> <span class='ocrx_word' id='word_1_97' title='bbox 325 701 375 735; x_wconf 77' lang='grc' dir='ltr'>τῆς</span> <span class='ocrx_word' id='word_1_98' title='bbox 392 700 480 735; x_wconf 77' lang='grc' dir='ltr'>ψυχῆς</span> <span class='ocrx_word' id='word_1_99' title='bbox 495 700 601 735; x_wconf 78' lang='grc' dir='ltr'>ὕμμασι</span> <span class='ocrx_word' id='word_1_100' title='bbox 613 722 621 733; x_wconf 84' lang='grc'><strong>,</strong></span> <span class='ocrx_word' id='word_1_101' title='bbox 636 700 700 726; x_wconf 72' lang='grc' dir='ltr'>τίνα</span> <span class='ocrx_word' id='word_1_102' title='bbox 721 699 822 734; x_wconf 85' lang='grc' dir='ltr'>τρόπον</span> <span class='ocrx_word' id='word_1_103' title='bbox 842 699 920 733; x_wconf 82' lang='grc' dir='ltr'>ἐνην-</span> 
     </span>
    </p>
   </div>
   <div class='ocr_carea' id='block_1_17' title="bbox 129 742 917 782">
    <p class='ocr_par' dir='ltr' id='par_1_17' title="bbox 129 742 917 782">
     <span class='ocr_line' id='line_1_17' title="bbox 129 742 917 782; baseline -0.006 -8"><span class='ocrx_word' id='word_1_104' title='bbox 129 748 276 782; x_wconf 80' lang='grc' dir='ltr'>θρὼπησεν</span> <span class='ocrx_word' id='word_1_105' title='bbox 291 747 304 773; x_wconf 82' lang='grc' dir='ltr'>ὁ</span> <span class='ocrx_word' id='word_1_106' title='bbox 319 746 484 781; x_wconf 81' lang='grc' dir='ltr'>Μονογενὴς,</span> <span class='ocrx_word' id='word_1_107' title='bbox 496 746 543 772; x_wconf 81' lang='grc' dir='ltr'>δύο</span> <span class='ocrx_word' id='word_1_108' title='bbox 557 746 606 777; x_wconf 85' lang='grc' dir='ltr'><strong>τὰς</strong></span> <span class='ocrx_word' id='word_1_109' title='bbox 620 745 715 781; x_wconf 82' lang='grc' dir='ltr'>φύσεις</span> <span class='ocrx_word' id='word_1_110' title='bbox 730 742 800 771; x_wconf 79' lang='grc' dir='ltr'>εἷναί</span> <span class='ocrx_word' id='word_1_111' title='bbox 816 752 917 779; x_wconf 78' lang='grc' dir='ltr'>φαμεν,</span> 
     </span>
    </p>
   </div>
   <div class='ocr_carea' id='block_1_18' title="bbox 130 790 918 829">
    <p class='ocr_par' dir='ltr' id='par_1_18' title="bbox 130 790 918 829">
     <span class='ocr_line' id='line_1_18' title="bbox 130 790 918 829; baseline -0.005 -10"><span class='ocrx_word' id='word_1_112' title='bbox 130 794 177 820; x_wconf 70' lang='grc' dir='ltr'>ἕνα</span> <span class='ocrx_word' id='word_1_113' title='bbox 191 793 218 819; x_wconf 82' lang='grc' dir='ltr'>δὲ</span> <span class='ocrx_word' id='word_1_114' title='bbox 230 793 348 829; x_wconf 80' lang='grc' dir='ltr'>Χριστὸν</span> <span class='ocrx_word' id='word_1_115' title='bbox 363 793 410 819; x_wconf 75' lang='grc' dir='ltr'>καὶ</span> <span class='ocrx_word' id='word_1_116' title='bbox 426 792 490 819; x_wconf 83' lang='grc' dir='ltr'><strong>Υἰδν</strong></span> <span class='ocrx_word' id='word_1_117' title='bbox 506 792 552 819; x_wconf 69' lang='grc' dir='ltr'>καὶ</span> <span class='ocrx_word' id='word_1_118' title='bbox 567 792 669 826; x_wconf 82' lang='grc' dir='ltr'>Κύριον</span> <span class='ocrx_word' id='word_1_119' title='bbox 682 790 729 818; x_wconf 84' lang='grc' dir='ltr'><strong>τοῦ</strong></span> <span class='ocrx_word' id='word_1_120' title='bbox 749 791 817 817; x_wconf 82' lang='grc' dir='ltr'><strong>Θεοῦ</strong></span> <span class='ocrx_word' id='word_1_121' title='bbox 831 790 918 824; x_wconf 81' lang='grc' dir='ltr'>Λόγον</span> 
     </span>
    </p>
   </div>
   <div class='ocr_carea' id='block_1_19' title="bbox 130 836 917 874">
    <p class='ocr_par' dir='ltr' id='par_1_19' title="bbox 130 836 917 874">
     <span class='ocr_line' id='line_1_19' title="bbox 130 836 917 874; baseline -0.004 -9"><span class='ocrx_word' id='word_1_122' title='bbox 130 839 383 874; x_wconf 76' lang='grc' dir='ltr'>ὲνανθρωπήσαντα</span> <span class='ocrx_word' id='word_1_123' title='bbox 409 838 456 865; x_wconf 76' lang='grc' dir='ltr'>καὶ</span> <span class='ocrx_word' id='word_1_124' title='bbox 484 838 703 873; x_wconf 83' lang='grc' dir='ltr'>σεσαρκωμένον.</span> <span class='ocrx_word' id='word_1_125' title='bbox 721 847 730 863; x_wconf 75' lang='grc' dir='ltr'><strong>ι</strong></span> <span class='ocrx_word' id='word_1_126' title='bbox 750 837 783 863; x_wconf 86' lang='grc' dir='ltr'>Τί</span> <span class='ocrx_word' id='word_1_127' title='bbox 814 836 917 862; x_wconf 81' lang='grc' dir='ltr'>τούτων</span> 
     </span>
    </p>
   </div>
   <div class='ocr_carea' id='block_1_20' title="bbox 975 238 1760 275">
    <p class='ocr_par' dir='ltr' id='par_1_20' title="bbox 975 238 1760 275">
     <span class='ocr_line' id='line_1_20' title="bbox 975 238 1760 275; baseline 0.005 -9"><span class='ocrx_word' id='word_1_128' title='bbox 975 238 1059 266; x_wconf 86' lang='lat' dir='ltr'><strong>Verbi</strong></span> <span class='ocrx_word' id='word_1_129' title='bbox 1071 247 1151 267; x_wconf 90' lang='lat' dir='ltr'><strong>unam</strong></span> <span class='ocrx_word' id='word_1_130' title='bbox 1167 244 1295 267; x_wconf 85' lang='lat' dir='ltr'><strong>naturam</strong></span> <span class='ocrx_word' id='word_1_131' title='bbox 1312 241 1390 274; x_wconf 75' lang='lat' dir='ltr'><strong>dixit,</strong></span> <span class='ocrx_word' id='word_1_132' title='bbox 1409 250 1465 269; x_wconf 88' lang='lat' dir='ltr'><strong>non</strong></span> <span class='ocrx_word' id='word_1_133' title='bbox 1478 242 1523 270; x_wconf 91' lang='lat' dir='ltr'><strong>hic</strong></span> <span class='ocrx_word' id='word_1_134' title='bbox 1538 243 1626 275; x_wconf 87' lang='lat' dir='ltr'><strong>stetit,</strong></span> <span class='ocrx_word' id='word_1_135' title='bbox 1653 243 1760 271; x_wconf 77' lang='lat' dir='ltr'><strong>addidit</strong></span> 
     </span>
    </p>
   </div>
   <div class='ocr_carea' id='block_1_21' title="bbox 970 286 1758 322">
    <p class='ocr_par' dir='ltr' id='par_1_21' title="bbox 970 286 1758 322">
     <span class='ocr_line' id='line_1_21' title="bbox 970 286 1758 322; baseline 0.006 -10"><span class='ocrx_word' id='word_1_136' title='bbox 970 286 1154 319; x_wconf 76' lang='lat' dir='ltr'><strong>iumrnatam,</strong></span> <span class='ocrx_word' id='word_1_137' title='bbox 1182 290 1212 314; x_wconf 87' lang='lat' dir='ltr'><strong>ut</strong></span> <span class='ocrx_word' id='word_1_138' title='bbox 1240 295 1289 321; x_wconf 85' lang='lat' dir='ltr'><strong>per</strong></span> <span class='ocrx_word' id='word_1_139' title='bbox 1315 287 1501 320; x_wconf 78' lang='lat' dir='ltr'><strong>incarnatam,</strong></span> <span class='ocrx_word' id='word_1_140' title='bbox 1526 289 1641 316; x_wconf 84' lang='lat' dir='ltr'><strong>alteram</strong></span> <span class='ocrx_word' id='word_1_141' title='bbox 1666 289 1758 322; x_wconf 80' lang='lat' dir='ltr'><strong>nobis,</strong></span> 
     </span>
    </p>
   </div>
   <div class='ocr_carea' id='block_1_22' title="bbox 971 330 1758 369">
    <p class='ocr_par' dir='ltr' id='par_1_22' title="bbox 971 330 1758 369">
     <span class='ocr_line' id='line_1_22' title="bbox 971 330 1758 369; baseline 0.003 -10"><span class='ocrx_word' id='word_1_142' title='bbox 971 330 1076 360; x_wconf 85' lang='lat' dir='ltr'><strong>scilicet</strong></span> <span class='ocrx_word' id='word_1_143' title='bbox 1090 332 1249 369; x_wconf 83' lang='lat' dir='ltr'><strong>humanam,</strong></span> <span class='ocrx_word' id='word_1_144' title='bbox 1262 337 1389 360; x_wconf 89' lang='lat' dir='ltr'><strong>naturam</strong></span> <span class='ocrx_word' id='word_1_145' title='bbox 1402 339 1579 368; x_wconf 84' lang='lat' dir='ltr'><strong>proponeret.</strong></span> <span class='ocrx_word' id='word_1_146' title='bbox 1593 334 1652 361; x_wconf 91' lang='lat' dir='ltr'><strong>Non</strong></span> <span class='ocrx_word' id='word_1_147' title='bbox 1666 339 1758 362; x_wconf 88' lang='lat' dir='ltr'><strong>autem</strong></span> 
     </span>
    </p>
   </div>
   <div class='ocr_carea' id='block_1_23' title="bbox 971 377 1758 411">
    <p class='ocr_par' dir='ltr' id='par_1_23' title="bbox 971 377 1758 411">
     <span class='ocr_line' id='line_1_23' title="bbox 971 377 1758 411; baseline 0.001 -6"><span class='ocrx_word' id='word_1_148' title='bbox 971 377 1023 406; x_wconf 92' lang='lat' dir='ltr'><strong>hac</strong></span> <span class='ocrx_word' id='word_1_149' title='bbox 1045 377 1203 406; x_wconf 90' lang='lat' dir='ltr'><strong>elocutione</strong></span> <span class='ocrx_word' id='word_1_150' title='bbox 1225 382 1383 411; x_wconf 87' lang='lat' dir='ltr'><strong>contentus,</strong></span> <span class='ocrx_word' id='word_1_151' title='bbox 1412 378 1460 406; x_wconf 85' lang='lat' dir='ltr'><strong>sed</strong></span> <span class='ocrx_word' id='word_1_152' title='bbox 1485 379 1657 407; x_wconf 76' lang='lat' dir='ltr'><strong>manifestius</strong></span> <span class='ocrx_word' id='word_1_153' title='bbox 1681 387 1758 406; x_wconf 91' lang='lat' dir='ltr'><strong>suam</strong></span> 
     </span>
    </p>
   </div>
   <div class='ocr_carea' id='block_1_24' title="bbox 969 425 1760 460">
    <p class='ocr_par' dir='ltr' id='par_1_24' title="bbox 969 425 1760 460">
     <span class='ocr_line' id='line_1_24' title="bbox 969 425 1760 460; baseline 0.001 -8"><span class='ocrx_word' id='word_1_154' title='bbox 969 425 1067 453; x_wconf 77' lang='lat' dir='ltr'><strong>volens</strong></span> <span class='ocrx_word' id='word_1_155' title='bbox 1082 425 1190 460; x_wconf 86' lang='lat' dir='ltr'><strong>aperire</strong></span> <span class='ocrx_word' id='word_1_156' title='bbox 1205 425 1370 452; x_wconf 85' lang='lat' dir='ltr'><strong>sententiam</strong></span> <span class='ocrx_word' id='word_1_157' title='bbox 1383 445 1390 457; x_wconf 84' lang='grc'><strong>,</strong></span> <span class='ocrx_word' id='word_1_158' title='bbox 1418 425 1551 452; x_wconf 88' lang='lat' dir='ltr'><strong>continuo</strong></span> <span class='ocrx_word' id='word_1_159' title='bbox 1566 425 1672 452; x_wconf 80' lang='lat' dir='ltr'><strong>addidit</strong></span> <span class='ocrx_word' id='word_1_160' title='bbox 1694 434 1760 453; x_wconf 58' lang='lat' dir='ltr'><strong>rur-</strong></span> 
     </span>
    </p>
   </div>
   <div class='ocr_carea' id='block_1_25' title="bbox 970 470 1760 506">
    <p class='ocr_par' dir='ltr' id='par_1_25' title="bbox 970 470 1760 506">
     <span class='ocr_line' id='line_1_25' title="bbox 970 470 1760 506; baseline 0 -8"><span class='ocrx_word' id='word_1_161' title='bbox 970 479 1017 499; x_wconf 87' lang='lat' dir='ltr'><strong>sus</strong></span> <span class='ocrx_word' id='word_1_162' title='bbox 1031 479 1091 506; x_wconf 76' lang='lat' dir='ltr'><strong>quae</strong></span> <span class='ocrx_word' id='word_1_163' title='bbox 1110 471 1148 498; x_wconf 94' lang='lat' dir='ltr'><strong>illi</strong></span> <span class='ocrx_word' id='word_1_164' title='bbox 1167 470 1399 505; x_wconf 70' lang='lat' dir='ltr'><strong>praetermittunt:</strong></span> <span class='ocrx_word' id='word_1_165' title='bbox 1417 480 1425 496; x_wconf 75' lang='grc' dir='ltr'><strong>ι</strong></span> <span class='ocrx_word' id='word_1_166' title='bbox 1442 470 1559 498; x_wconf 90' lang='lat' dir='ltr'><strong>Tantum</strong></span> <span class='ocrx_word' id='word_1_167' title='bbox 1575 471 1658 506; x_wconf 78' lang='lat' dir='ltr'><strong>igitur</strong></span> <span class='ocrx_word' id='word_1_168' title='bbox 1673 479 1760 504; x_wconf 69' lang='lat' dir='ltr'><strong>quan-</strong></span> 
     </span>
    </p>
   </div>
   <div class='ocr_carea' id='block_1_26' title="bbox 970 516 1758 551">
    <p class='ocr_par' dir='ltr' id='par_1_26' title="bbox 970 516 1758 551">
     <span class='ocr_line' id='line_1_26' title="bbox 970 516 1758 551; baseline 0.001 -8"><span class='ocrx_word' id='word_1_169' title='bbox 970 522 1029 544; x_wconf 90' lang='lat' dir='ltr'><strong>tum</strong></span> <span class='ocrx_word' id='word_1_170' title='bbox 1053 516 1148 543; x_wconf 89' lang='lat' dir='ltr'><strong>datum</strong></span> <span class='ocrx_word' id='word_1_171' title='bbox 1176 520 1219 543; x_wconf 85' lang='lat' dir='ltr'><strong>est</strong></span> <span class='ocrx_word' id='word_1_172' title='bbox 1244 516 1325 543; x_wconf 87' lang='lat' dir='ltr'><strong>nobis</strong></span> <span class='ocrx_word' id='word_1_173' title='bbox 1357 516 1510 551; x_wconf 78' lang='lat' dir='ltr'><strong>intelligere</strong></span> <span class='ocrx_word' id='word_1_174' title='bbox 1534 516 1655 551; x_wconf 78' lang='lat' dir='ltr'><strong>solisque</strong></span> <span class='ocrx_word' id='word_1_175' title='bbox 1679 517 1758 544; x_wconf 85' lang='lat' dir='ltr'><strong>vide-</strong></span> 
     </span>
    </p>
   </div>
   <div class='ocr_carea' id='block_1_27' title="bbox 970 562 1760 596">
    <p class='ocr_par' dir='ltr' id='par_1_27' title="bbox 970 562 1760 596">
     <span class='ocr_line' id='line_1_27' title="bbox 970 562 1760 596; baseline -0.001 -6"><span class='ocrx_word' id='word_1_176' title='bbox 970 571 1000 590; x_wconf 90' lang='lat' dir='ltr'><strong>re</strong></span> <span class='ocrx_word' id='word_1_177' title='bbox 1023 563 1112 590; x_wconf 91' lang='lat' dir='ltr'><strong>oculis</strong></span> <span class='ocrx_word' id='word_1_178' title='bbox 1133 562 1230 589; x_wconf 76' lang='lat' dir='ltr'><strong>animae</strong></span> <span class='ocrx_word' id='word_1_179' title='bbox 1251 566 1365 594; x_wconf 71' lang='lat' dir='ltr'><strong>nostrm,</strong></span> <span class='ocrx_word' id='word_1_180' title='bbox 1398 562 1535 596; x_wconf 89' lang='lat' dir='ltr'><strong>quomodo</strong></span> <span class='ocrx_word' id='word_1_181' title='bbox 1563 562 1646 589; x_wconf 89' lang='lat' dir='ltr'><strong>homo</strong></span> <span class='ocrx_word' id='word_1_182' title='bbox 1671 562 1760 590; x_wconf 82' lang='lat' dir='ltr'><strong>factus</strong></span> 
     </span>
    </p>
   </div>
   <div class='ocr_carea' id='block_1_28' title="bbox 970 608 1757 643">
    <p class='ocr_par' dir='ltr' id='par_1_28' title="bbox 970 608 1757 643">
     <span class='ocr_line' id='line_1_28' title="bbox 970 608 1757 643; baseline -0.001 -7"><span class='ocrx_word' id='word_1_183' title='bbox 970 608 1055 636; x_wconf 82' lang='lat' dir='ltr'><strong>fuerit</strong></span> <span class='ocrx_word' id='word_1_184' title='bbox 1081 609 1260 643; x_wconf 79' lang='lat' dir='ltr'><strong>Unigenitus,</strong></span> <span class='ocrx_word' id='word_1_185' title='bbox 1288 608 1358 635; x_wconf 89' lang='lat' dir='ltr'><strong>duas</strong></span> <span class='ocrx_word' id='word_1_186' title='bbox 1386 612 1502 635; x_wconf 87' lang='lat' dir='ltr'><strong>naturas</strong></span> <span class='ocrx_word' id='word_1_187' title='bbox 1530 616 1591 635; x_wconf 78' lang='lat' dir='ltr'><strong>esse</strong></span> <span class='ocrx_word' id='word_1_188' title='bbox 1622 608 1757 641; x_wconf 82' lang='lat' dir='ltr'><strong>dicimus,</strong></span> 
     </span>
    </p>
   </div>
   <div class='ocr_carea' id='block_1_29' title="bbox 970 654 1759 686">
    <p class='ocr_par' dir='ltr' id='par_1_29' title="bbox 970 654 1759 686">
     <span class='ocr_line' id='line_1_29' title="bbox 970 654 1759 686; baseline -0.001 -4"><span class='ocrx_word' id='word_1_189' title='bbox 970 663 1055 682; x_wconf 89' lang='lat' dir='ltr'><strong>unum</strong></span> <span class='ocrx_word' id='word_1_190' title='bbox 1077 662 1144 682; x_wconf 82' lang='lat' dir='ltr'><strong>vero</strong></span> <span class='ocrx_word' id='word_1_191' title='bbox 1167 654 1323 686; x_wconf 84' lang='lat' dir='ltr'><strong>Christum,</strong></span> <span class='ocrx_word' id='word_1_192' title='bbox 1343 654 1441 680; x_wconf 82' lang='lat' dir='ltr'><strong>Filium</strong></span> <span class='ocrx_word' id='word_1_193' title='bbox 1466 658 1494 680; x_wconf 91' lang='lat' dir='ltr'><strong>et</strong></span> <span class='ocrx_word' id='word_1_194' title='bbox 1511 654 1674 685; x_wconf 92' lang='lat' dir='ltr'><strong>Dominum,</strong></span> <span class='ocrx_word' id='word_1_195' title='bbox 1690 654 1759 681; x_wconf 91' lang='lat' dir='ltr'><strong>Ver-</strong></span> 
     </span>
    </p>
   </div>
   <div class='ocr_carea' id='block_1_30' title="bbox 970 700 1755 738">
    <p class='ocr_par' dir='ltr' id='par_1_30' title="bbox 970 700 1755 738">
     <span class='ocr_line' id='line_1_30' title="bbox 970 700 1755 738; baseline -0.003 -10"><span class='ocrx_word' id='word_1_196' title='bbox 970 701 1036 728; x_wconf 85' lang='lat' dir='ltr'><strong>bum</strong></span> <span class='ocrx_word' id='word_1_197' title='bbox 1062 701 1110 728; x_wconf 93' lang='lat' dir='ltr'><strong>Dei</strong></span> <span class='ocrx_word' id='word_1_198' title='bbox 1134 701 1182 738; x_wconf 85' lang='lat' dir='ltr'><strong>qui</strong></span> <span class='ocrx_word' id='word_1_199' title='bbox 1213 701 1296 728; x_wconf 91' lang='lat' dir='ltr'><strong>homo</strong></span> <span class='ocrx_word' id='word_1_200' title='bbox 1321 700 1408 728; x_wconf 82' lang='lat' dir='ltr'><strong>factus</strong></span> <span class='ocrx_word' id='word_1_201' title='bbox 1431 705 1474 728; x_wconf 90' lang='lat' dir='ltr'><strong>est</strong></span> <span class='ocrx_word' id='word_1_202' title='bbox 1500 705 1528 728; x_wconf 89' lang='lat' dir='ltr'><strong>et</strong></span> <span class='ocrx_word' id='word_1_203' title='bbox 1552 701 1721 728; x_wconf 77' lang='lat' dir='ltr'><strong>incarnatus.</strong></span> <span class='ocrx_word' id='word_1_204' title='bbox 1747 710 1755 726; x_wconf 74' lang='grc' dir='ltr'><strong>ι</strong></span> 
     </span>
    </p>
   </div>
   <div class='ocr_carea' id='block_1_31' title="bbox 969 747 1759 782">
    <p class='ocr_par' dir='ltr' id='par_1_31' title="bbox 969 747 1759 782">
     <span class='ocr_line' id='line_1_31' title="bbox 969 747 1759 782; baseline 0.001 -9"><span class='ocrx_word' id='word_1_205' title='bbox 969 747 1041 780; x_wconf 79' lang='lat' dir='ltr'><strong>Quid</strong></span> <span class='ocrx_word' id='word_1_206' title='bbox 1052 747 1095 774; x_wconf 85' lang='lat' dir='ltr'><strong>his</strong></span> <span class='ocrx_word' id='word_1_207' title='bbox 1111 748 1204 775; x_wconf 82' lang='lat' dir='ltr'><strong>verbis</strong></span> <span class='ocrx_word' id='word_1_208' title='bbox 1218 747 1321 774; x_wconf 88' lang='lat' dir='ltr'><strong>clarius</strong></span> <span class='ocrx_word' id='word_1_209' title='bbox 1333 755 1393 774; x_wconf 92' lang='lat' dir='ltr'><strong>esse</strong></span> <span class='ocrx_word' id='word_1_210' title='bbox 1410 747 1521 781; x_wconf 81' lang='lat' dir='ltr'><strong>potest?</strong></span> <span class='ocrx_word' id='word_1_211' title='bbox 1532 747 1577 774; x_wconf 88' lang='lat' dir='ltr'><strong>Vel</strong></span> <span class='ocrx_word' id='word_1_212' title='bbox 1598 747 1671 782; x_wconf 90' lang='lat' dir='ltr'><strong>quod</strong></span> <span class='ocrx_word' id='word_1_213' title='bbox 1684 748 1759 774; x_wconf 85' lang='lat' dir='ltr'><strong>sanis</strong></span> 
     </span>
    </p>
   </div>
   <div class='ocr_carea' id='block_1_32' title="bbox 969 792 1758 828">
    <p class='ocr_par' dir='ltr' id='par_1_32' title="bbox 969 792 1758 828">
     <span class='ocr_line' id='line_1_32' title="bbox 969 792 1758 828; baseline -0.001 -8"><span class='ocrx_word' id='word_1_214' title='bbox 969 797 1061 821; x_wconf 85' lang='lat' dir='ltr'><strong>mente</strong></span> <span class='ocrx_word' id='word_1_215' title='bbox 1083 793 1199 820; x_wconf 91' lang='lat' dir='ltr'><strong>dubium</strong></span> <span class='ocrx_word' id='word_1_216' title='bbox 1222 793 1388 828; x_wconf 83' lang='lat' dir='ltr'><strong>relinquitur</strong></span> <span class='ocrx_word' id='word_1_217' title='bbox 1414 793 1505 820; x_wconf 83' lang='lat' dir='ltr'><strong>adhuc</strong></span> <span class='ocrx_word' id='word_1_218' title='bbox 1526 793 1561 820; x_wconf 88' lang='lat' dir='ltr'><strong>de</strong></span> <span class='ocrx_word' id='word_1_219' title='bbox 1585 792 1758 820; x_wconf 79' lang='lat' dir='ltr'><strong>confessione</strong></span> 
     </span>
    </p>
   </div>
   <div class='ocr_carea' id='block_1_33' title="bbox 969 838 1759 871">
    <p class='ocr_par' dir='ltr' id='par_1_33' title="bbox 969 838 1759 871">
     <span class='ocr_line' id='line_1_33' title="bbox 969 838 1759 871; baseline -0.001 -5"><span class='ocrx_word' id='word_1_220' title='bbox 969 839 1086 866; x_wconf 88' lang='lat' dir='ltr'><strong>duarum</strong></span> <span class='ocrx_word' id='word_1_221' title='bbox 1109 840 1136 866; x_wconf 91' lang='lat' dir='ltr'><strong>in</strong></span> <span class='ocrx_word' id='word_1_222' title='bbox 1155 839 1266 866; x_wconf 82' lang='lat' dir='ltr'><strong>Christo</strong></span> <span class='ocrx_word' id='word_1_223' title='bbox 1291 843 1468 871; x_wconf 80' lang='lat' dir='ltr'><strong>naturarum,</strong></span> <span class='ocrx_word' id='word_1_224' title='bbox 1494 838 1552 866; x_wconf 66' lang='grc' dir='ltr'>Ιιιεε</span> <span class='ocrx_word' id='word_1_225' title='bbox 1568 839 1650 866; x_wconf 84' lang='lat' dir='ltr'><strong>Patre</strong></span> <span class='ocrx_word' id='word_1_226' title='bbox 1678 839 1759 866; x_wconf 87' lang='lat' dir='ltr'><strong>nobis</strong></span> 
     </span>
    </p>
   </div>
   <div class='ocr_carea' id='block_1_34' title="bbox 129 879 915 920">
    <p class='ocr_par' dir='ltr' id='par_1_34' title="bbox 129 882 915 920">
     <span class='ocr_line' id='line_1_34' title="bbox 129 882 915 920; baseline -0.004 -9"><span class='ocrx_word' id='word_1_227' title='bbox 129 885 188 912; x_wconf 70' lang='grc' dir='ltr'><strong>ἐστὶ</strong></span> <span class='ocrx_word' id='word_1_228' title='bbox 220 884 389 919; x_wconf 74' lang='grc' dir='ltr'>σαφέστερον</span> <span class='ocrx_word' id='word_1_229' title='bbox 405 893 412 917; x_wconf 84' lang='grc'>;</span> <span class='ocrx_word' id='word_1_230' title='bbox 428 884 444 920; x_wconf 87' lang='grc' dir='ltr'>ἤ</span> <span class='ocrx_word' id='word_1_231' title='bbox 460 884 502 916; x_wconf 82' lang='grc' dir='ltr'><strong>τίς</strong></span> <span class='ocrx_word' id='word_1_232' title='bbox 522 884 615 910; x_wconf 78' lang='grc' dir='ltr'>λοιπὸν</span> <span class='ocrx_word' id='word_1_233' title='bbox 642 885 698 915; x_wconf 82' lang='grc' dir='ltr'>τοῖς</span> <span class='ocrx_word' id='word_1_234' title='bbox 717 882 747 910; x_wconf 78' lang='grc' dir='ltr'>εὖ</span> <span class='ocrx_word' id='word_1_235' title='bbox 770 882 915 918; x_wconf 73' lang='grc' dir='ltr'>φρονοῦσιν</span> 
     </span>
    </p>
   </div>
   <div class='ocr_carea' id='block_1_35' title="bbox 966 879 1758 920">
    <p class='ocr_par' dir='ltr' id='par_1_35' title="bbox 968 884 1758 913">
     <span class='ocr_line' id='line_1_35' title="bbox 968 884 1758 913; baseline -0.003 0"><span class='ocrx_word' id='word_1_236' title='bbox 968 885 1113 913; x_wconf 80' lang='lat' dir='ltr'><strong>tradente?</strong></span> <span class='ocrx_word' id='word_1_237' title='bbox 1135 885 1187 912; x_wconf 91' lang='lat' dir='ltr'><strong>Sed</strong></span> <span class='ocrx_word' id='word_1_238' title='bbox 1211 885 1250 911; x_wconf 94' lang='lat' dir='ltr'><strong>illi</strong></span> <span class='ocrx_word' id='word_1_239' title='bbox 1277 885 1351 912; x_wconf 92' lang='lat' dir='ltr'><strong>omni</strong></span> <span class='ocrx_word' id='word_1_240' title='bbox 1375 884 1456 911; x_wconf 93' lang='lat' dir='ltr'><strong>modo</strong></span> <span class='ocrx_word' id='word_1_241' title='bbox 1481 885 1626 912; x_wconf 77' lang='lat' dir='ltr'><strong>veritatem</strong></span> <span class='ocrx_word' id='word_1_242' title='bbox 1654 884 1758 912; x_wconf 87' lang='lat' dir='ltr'><strong>distor-</strong></span> 
     </span>
    </p>
   </div>
   <div class='ocr_carea' id='block_1_36' title="bbox 128 929 916 967">
    <p class='ocr_par' dir='ltr' id='par_1_36' title="bbox 128 929 916 967">
     <span class='ocr_line' id='line_1_36' title="bbox 128 929 916 967; baseline -0.004 -9"><span class='ocrx_word' id='word_1_243' title='bbox 128 931 334 967; x_wconf 74' lang='grc' dir='ltr'>ἀμφισϐήτησις</span> <span class='ocrx_word' id='word_1_244' title='bbox 348 931 524 958; x_wconf 78' lang='grc' dir='ltr'>ὑπολείπεται</span> <span class='ocrx_word' id='word_1_245' title='bbox 538 931 603 966; x_wconf 76' lang='grc' dir='ltr'>περὶ</span> <span class='ocrx_word' id='word_1_246' title='bbox 626 929 675 966; x_wconf 78' lang='grc' dir='ltr'>τὴν</span> <span class='ocrx_word' id='word_1_247' title='bbox 701 930 846 966; x_wconf 74' lang='grc' dir='ltr'>ὁμολογίαν</span> <span class='ocrx_word' id='word_1_248' title='bbox 861 929 916 956; x_wconf 78' lang='grc' dir='ltr'><strong>τῶν</strong></span> 
     </span>
    </p>
   </div>
   <div class='ocr_carea' id='block_1_37' title="bbox 128 971 917 1012">
    <p class='ocr_par' dir='ltr' id='par_1_37' title="bbox 128 971 917 1012">
     <span class='ocr_line' id='line_1_37' title="bbox 128 971 917 1012; baseline 0 -9"><span class='ocrx_word' id='word_1_249' title='bbox 128 979 157 1003; x_wconf 78' lang='grc' dir='ltr'>ἐν</span> <span class='ocrx_word' id='word_1_250' title='bbox 177 977 287 1012; x_wconf 84' lang='grc' dir='ltr'><strong>Χριστῷ</strong></span> <span class='ocrx_word' id='word_1_251' title='bbox 311 977 358 1004; x_wconf 76' lang='grc' dir='ltr'>δύο</span> <span class='ocrx_word' id='word_1_252' title='bbox 383 971 502 1012; x_wconf 63' lang='grc' dir='ltr'>ᾡύσεων,</span> <span class='ocrx_word' id='word_1_253' title='bbox 519 978 631 1004; x_wconf 76' lang='grc' dir='ltr'>τοιαῦτα</span> <span class='ocrx_word' id='word_1_254' title='bbox 655 977 704 1003; x_wconf 75' lang='grc' dir='ltr'>τοῦ</span> <span class='ocrx_word' id='word_1_255' title='bbox 727 977 833 1012; x_wconf 68' lang='grc' dir='ltr'>[ἰατρὸς</span> <span class='ocrx_word' id='word_1_256' title='bbox 850 977 917 1011; x_wconf 80' lang='grc' dir='ltr'>ἡμῖν</span> 
     </span>
    </p>
   </div>
   <div class='ocr_carea' id='block_1_38' title="bbox 127 1022 917 1058">
    <p class='ocr_par' dir='ltr' id='par_1_38' title="bbox 127 1022 917 1058">
     <span class='ocr_line' id='line_1_38' title="bbox 127 1022 917 1058; baseline -0.001 -9"><span class='ocrx_word' id='word_1_257' title='bbox 127 1023 368 1058; x_wconf 52' lang='grc' dir='ltr'><strong>παραδεδωκότος</strong></span> <span class='ocrx_word' id='word_1_258' title='bbox 396 1024 466 1050; x_wconf 76' lang='grc' dir='ltr'>’Λλλ“</span> <span class='ocrx_word' id='word_1_259' title='bbox 485 1024 586 1050; x_wconf 72' lang='grc' dir='ltr'>ἐκεῖνοι</span> <span class='ocrx_word' id='word_1_260' title='bbox 609 1023 654 1050; x_wconf 77' lang='grc' dir='ltr'><strong>διὰ</strong></span> <span class='ocrx_word' id='word_1_261' title='bbox 670 1023 779 1050; x_wconf 81' lang='grc' dir='ltr'>πάντων</span> <span class='ocrx_word' id='word_1_262' title='bbox 794 1023 828 1049; x_wconf 85' lang='grc' dir='ltr'><strong>τὰ</strong></span> <span class='ocrx_word' id='word_1_263' title='bbox 849 1022 917 1058; x_wconf 81' lang='grc' dir='ltr'><strong>ὀρθὰ</strong></span> 
     </span>
    </p>
   </div>
   <div class='ocr_carea' id='block_1_39' title="bbox 126 1067 917 1102">
    <p class='ocr_par' dir='ltr' id='par_1_39' title="bbox 126 1067 917 1102">
     <span class='ocr_line' id='line_1_39' title="bbox 126 1067 917 1102; baseline 0 -9"><span class='ocrx_word' id='word_1_264' title='bbox 126 1067 300 1102; x_wconf 71' lang='grc' dir='ltr'><strong>διαστρέφειν</strong></span> <span class='ocrx_word' id='word_1_265' title='bbox 325 1067 520 1100; x_wconf 70' lang='grc' dir='ltr'><strong>σπουδάζοντες</strong></span> <span class='ocrx_word' id='word_1_266' title='bbox 531 1087 539 1100; x_wconf 83' lang='grc'><strong>,</strong></span> <span class='ocrx_word' id='word_1_267' title='bbox 555 1069 602 1094; x_wconf 72' lang='grc' dir='ltr'><strong>καὶ</strong></span> <span class='ocrx_word' id='word_1_268' title='bbox 622 1068 701 1094; x_wconf 79' lang='grc' dir='ltr'>τοῦτο</span> <span class='ocrx_word' id='word_1_269' title='bbox 716 1069 776 1099; x_wconf 86' lang='grc' dir='ltr'>ταῖς</span> <span class='ocrx_word' id='word_1_270' title='bbox 801 1067 917 1099; x_wconf 79' lang='grc' dir='ltr'>οἰκείαις</span> 
     </span>
    </p>
   </div>
   <div class='ocr_carea' id='block_1_40' title="bbox 127 1112 917 1148">
    <p class='ocr_par' dir='ltr' id='par_1_40' title="bbox 127 1112 917 1148">
     <span class='ocr_line' id='line_1_40' title="bbox 127 1112 917 1148; baseline 0 -10"><span class='ocrx_word' id='word_1_271' title='bbox 127 1112 306 1146; x_wconf 73' lang='grc' dir='ltr'><strong>προστιθέασι</strong></span> <span class='ocrx_word' id='word_1_272' title='bbox 335 1113 548 1147; x_wconf 78' lang='grc' dir='ltr'>ματαιολογίαις,</span> <span class='ocrx_word' id='word_1_273' title='bbox 567 1112 691 1147; x_wconf 83' lang='grc' dir='ltr'>λέγοντες</span> <span class='ocrx_word' id='word_1_274' title='bbox 714 1112 751 1148; x_wconf 80' lang='grc' dir='ltr'>μὴ</span> <span class='ocrx_word' id='word_1_275' title='bbox 772 1113 827 1139; x_wconf 88' lang='grc' dir='ltr'>δεῖν</span> <span class='ocrx_word' id='word_1_276' title='bbox 848 1113 917 1147; x_wconf 80' lang='grc' dir='ltr'>ὁμο-</span> 
     </span>
    </p>
   </div>
   <div class='ocr_carea' id='block_1_41' title="bbox 127 1157 917 1194">
    <p class='ocr_par' dir='ltr' id='par_1_41' title="bbox 127 1157 917 1194">
     <span class='ocr_line' id='line_1_41' title="bbox 127 1157 917 1194; baseline 0.001 -10"><span class='ocrx_word' id='word_1_277' title='bbox 127 1157 264 1192; x_wconf 81' lang='grc' dir='ltr'>λογεῖσθαι</span> <span class='ocrx_word' id='word_1_278' title='bbox 280 1159 392 1193; x_wconf 77' lang='grc' dir='ltr'>στόματι</span> <span class='ocrx_word' id='word_1_279' title='bbox 407 1158 441 1185; x_wconf 72' lang='grc' dir='ltr'><strong>τὰ</strong></span> <span class='ocrx_word' id='word_1_280' title='bbox 456 1158 526 1185; x_wconf 78' lang='grc' dir='ltr'>κατὰ</span> <span class='ocrx_word' id='word_1_281' title='bbox 542 1158 592 1194; x_wconf 78' lang='grc' dir='ltr'><strong>τὴν</strong></span> <span class='ocrx_word' id='word_1_282' title='bbox 603 1158 708 1185; x_wconf 78' lang='grc' dir='ltr'>ἔννοιαν</span> <span class='ocrx_word' id='word_1_283' title='bbox 727 1159 774 1185; x_wconf 76' lang='grc' dir='ltr'>καὶ</span> <span class='ocrx_word' id='word_1_284' title='bbox 788 1159 845 1190; x_wconf 78' lang='grc' dir='ltr'>τοῖς</span> <span class='ocrx_word' id='word_1_285' title='bbox 867 1158 917 1193; x_wconf 82' lang='grc' dir='ltr'><strong>τῆς</strong></span> 
     </span>
    </p>
   </div>
   <div class='ocr_carea' id='block_1_42' title="bbox 126 1205 916 1241">
    <p class='ocr_par' dir='ltr' id='par_1_42' title="bbox 126 1205 916 1241">
     <span class='ocr_line' id='line_1_42' title="bbox 126 1205 916 1241; baseline 0 -10"><span class='ocrx_word' id='word_1_286' title='bbox 126 1206 216 1240; x_wconf 78' lang='grc' dir='ltr'>ψυχῆς</span> <span class='ocrx_word' id='word_1_287' title='bbox 234 1205 339 1240; x_wconf 67' lang='grc' dir='ltr'>ὅμμασι</span> <span class='ocrx_word' id='word_1_288' title='bbox 358 1205 542 1241; x_wconf 81' lang='grc' dir='ltr'>θεωρούμενα.</span> <span class='ocrx_word' id='word_1_289' title='bbox 559 1206 615 1240; x_wconf 83' lang='grc' dir='ltr'><strong>Τῆς</strong></span> <span class='ocrx_word' id='word_1_290' title='bbox 639 1205 667 1232; x_wconf 82' lang='grc' dir='ltr'><strong>δὲ</strong></span> <span class='ocrx_word' id='word_1_291' title='bbox 683 1205 812 1240; x_wconf 84' lang='grc' dir='ltr'><strong>τοιαύτης</strong></span> <span class='ocrx_word' id='word_1_292' title='bbox 827 1205 916 1231; x_wconf 80' lang='grc' dir='ltr'>αὐτῶν</span> 
     </span>
    </p>
   </div>
   <div class='ocr_carea' id='block_1_43' title="bbox 128 1250 917 1287">
    <p class='ocr_par' dir='ltr' id='par_1_43' title="bbox 128 1250 917 1287">
     <span class='ocr_line' id='line_1_43' title="bbox 128 1250 917 1287; baseline 0 -9"><span class='ocrx_word' id='word_1_293' title='bbox 128 1252 296 1286; x_wconf 78' lang='grc' dir='ltr'><strong>κακουργίας</strong></span> <span class='ocrx_word' id='word_1_294' title='bbox 311 1251 387 1278; x_wconf 73' lang='grc' dir='ltr'>οὐδέν</span> <span class='ocrx_word' id='word_1_295' title='bbox 404 1252 478 1278; x_wconf 84' lang='grc' dir='ltr'>ἐστιν</span> <span class='ocrx_word' id='word_1_296' title='bbox 497 1251 666 1287; x_wconf 77' lang='grc' dir='ltr'>ἀλογώτερον</span> <span class='ocrx_word' id='word_1_297' title='bbox 683 1260 689 1267; x_wconf 94' lang='grc'><strong>·</strong></span> <span class='ocrx_word' id='word_1_298' title='bbox 710 1251 781 1278; x_wconf 66' lang='grc' dir='ltr'>κατὰ</span> <span class='ocrx_word' id='word_1_299' title='bbox 797 1250 851 1287; x_wconf 83' lang='grc' dir='ltr'>γὰρ</span> <span class='ocrx_word' id='word_1_300' title='bbox 866 1252 917 1287; x_wconf 84' lang='grc' dir='ltr'>τὴν</span> 
     </span>
    </p>
   </div>
   <div class='ocr_carea' id='block_1_44' title="bbox 128 1297 916 1333">
    <p class='ocr_par' dir='ltr' id='par_1_44' title="bbox 128 1297 916 1333">
     <span class='ocr_line' id='line_1_44' title="bbox 128 1297 916 1333; baseline 0 -9"><span class='ocrx_word' id='word_1_301' title='bbox 128 1297 218 1324; x_wconf 77' lang='grc' dir='ltr'>αὐτῶν</span> <span class='ocrx_word' id='word_1_302' title='bbox 237 1299 345 1332; x_wconf 84' lang='grc' dir='ltr'>μανίαν,</span> <span class='ocrx_word' id='word_1_303' title='bbox 362 1297 422 1323; x_wconf 74' lang='grc' dir='ltr'>οὐδὲ</span> <span class='ocrx_word' id='word_1_304' title='bbox 452 1297 518 1324; x_wconf 82' lang='grc' dir='ltr'>Θεὸν</span> <span class='ocrx_word' id='word_1_305' title='bbox 549 1297 662 1332; x_wconf 79' lang='grc' dir='ltr'>στόματι</span> <span class='ocrx_word' id='word_1_306' title='bbox 689 1298 916 1333; x_wconf 81' lang='grc' dir='ltr'><strong>ὁμολογήσουσιν,</strong></span> 
     </span>
    </p>
   </div>
   <div class='ocr_carea' id='block_1_45' title="bbox 128 1341 915 1378">
    <p class='ocr_par' dir='ltr' id='par_1_45' title="bbox 128 1341 915 1378">
     <span class='ocr_line' id='line_1_45' title="bbox 128 1341 915 1378; baseline 0.003 -11"><span class='ocrx_word' id='word_1_307' title='bbox 128 1341 220 1376; x_wconf 68' lang='grc' dir='ltr'>ἐπειδὴ</span> <span class='ocrx_word' id='word_1_308' title='bbox 236 1341 306 1368; x_wconf 68' lang='grc' dir='ltr'>κατὰ</span> <span class='ocrx_word' id='word_1_309' title='bbox 323 1341 406 1377; x_wconf 84' lang='grc' dir='ltr'>μόνην</span> <span class='ocrx_word' id='word_1_310' title='bbox 425 1341 540 1374; x_wconf 74' lang='grc' dir='ltr'>ἔννοιαν,</span> <span class='ocrx_word' id='word_1_311' title='bbox 557 1343 604 1369; x_wconf 78' lang='grc' dir='ltr'>καὶ</span> <span class='ocrx_word' id='word_1_312' title='bbox 621 1344 676 1374; x_wconf 79' lang='grc' dir='ltr'>τοῖς</span> <span class='ocrx_word' id='word_1_313' title='bbox 692 1343 741 1378; x_wconf 84' lang='grc' dir='ltr'>τῆς</span> <span class='ocrx_word' id='word_1_314' title='bbox 755 1343 844 1378; x_wconf 74' lang='grc' dir='ltr'>ψυχῆς</span> <span class='ocrx_word' id='word_1_315' title='bbox 864 1343 915 1378; x_wconf 81' lang='grc' dir='ltr'><strong>δμ-</strong></span> 
     </span>
    </p>
   </div>
   <div class='ocr_carea' id='block_1_46' title="bbox 130 1388 916 1422">
    <p class='ocr_par' dir='ltr' id='par_1_46' title="bbox 130 1388 916 1422">
     <span class='ocr_line' id='line_1_46' title="bbox 130 1388 916 1422; baseline 0.003 -8"><span class='ocrx_word' id='word_1_316' title='bbox 130 1396 213 1422; x_wconf 73' lang='grc' dir='ltr'>μασιν</span> <span class='ocrx_word' id='word_1_317' title='bbox 224 1388 306 1414; x_wconf 74' lang='grc' dir='ltr'>αὑτὸν</span> <span class='ocrx_word' id='word_1_318' title='bbox 317 1388 489 1422; x_wconf 74' lang='grc' dir='ltr'>ἐπιστάμεθα</span> <span class='ocrx_word' id='word_1_319' title='bbox 502 1397 509 1404; x_wconf 86' lang='grc'><strong>·</strong></span> <span class='ocrx_word' id='word_1_320' title='bbox 524 1388 591 1415; x_wconf 82' lang='grc' dir='ltr'>ὅπου</span> <span class='ocrx_word' id='word_1_321' title='bbox 607 1396 640 1422; x_wconf 86' lang='grc' dir='ltr'><strong>γε</strong></span> <span class='ocrx_word' id='word_1_322' title='bbox 657 1388 704 1415; x_wconf 79' lang='grc' dir='ltr'><strong>καὶ</strong></span> <span class='ocrx_word' id='word_1_323' title='bbox 721 1389 808 1420; x_wconf 66' lang='grc' dir='ltr'>αὐτὸς</span> <span class='ocrx_word' id='word_1_324' title='bbox 823 1390 837 1416; x_wconf 77' lang='grc' dir='ltr'><strong>ὁ</strong></span> <span class='ocrx_word' id='word_1_325' title='bbox 857 1390 916 1416; x_wconf 83' lang='grc' dir='ltr'><strong>Πα-</strong></span> 
     </span>
    </p>
   </div>
   <div class='ocr_carea' id='block_1_47' title="bbox 126 1434 915 1471">
    <p class='ocr_par' dir='ltr' id='par_1_47' title="bbox 126 1434 915 1471">
     <span class='ocr_line' id='line_1_47' title="bbox 126 1434 915 1471; baseline 0.004 -12"><span class='ocrx_word' id='word_1_326' title='bbox 126 1434 200 1468; x_wconf 78' lang='grc' dir='ltr'>τὴρ,</span> <span class='ocrx_word' id='word_1_327' title='bbox 225 1434 296 1470; x_wconf 71' lang='grc' dir='ltr'>ἅπερ</span> <span class='ocrx_word' id='word_1_328' title='bbox 323 1436 380 1465; x_wconf 87' lang='grc' dir='ltr'>τοῖς</span> <span class='ocrx_word' id='word_1_329' title='bbox 405 1434 457 1469; x_wconf 81' lang='grc' dir='ltr'>τῆς</span> <span class='ocrx_word' id='word_1_330' title='bbox 478 1434 568 1469; x_wconf 71' lang='grc' dir='ltr'>ψυχῆς</span> <span class='ocrx_word' id='word_1_331' title='bbox 590 1434 712 1469; x_wconf 81' lang='grc' dir='ltr'>ὖμμασιν</span> <span class='ocrx_word' id='word_1_332' title='bbox 737 1435 893 1471; x_wconf 82' lang='grc' dir='ltr'><strong>ἐθεώρησεν</strong></span> <span class='ocrx_word' id='word_1_333' title='bbox 907 1455 915 1468; x_wconf 86' lang='grc'><strong>,</strong></span> 
     </span>
    </p>
   </div>
   <div class='ocr_carea' id='block_1_48' title="bbox 127 1477 916 1515">
    <p class='ocr_par' dir='ltr' id='par_1_48' title="bbox 127 1477 916 1515">
     <span class='ocr_line' id='line_1_48' title="bbox 127 1477 916 1515; baseline 0.005 -11"><span class='ocrx_word' id='word_1_334' title='bbox 127 1478 215 1505; x_wconf 72' lang='grc' dir='ltr'>ταῦτα</span> <span class='ocrx_word' id='word_1_335' title='bbox 248 1479 295 1505; x_wconf 77' lang='grc' dir='ltr'><strong>καὶ</strong></span> <span class='ocrx_word' id='word_1_336' title='bbox 325 1477 402 1506; x_wconf 85' lang='grc' dir='ltr'>εἶπεν</span> <span class='ocrx_word' id='word_1_337' title='bbox 429 1479 476 1506; x_wconf 82' lang='grc' dir='ltr'><strong>καὶ</strong></span> <span class='ocrx_word' id='word_1_338' title='bbox 505 1480 652 1515; x_wconf 71' lang='grc' dir='ltr'>ἐγγράφως</span> <span class='ocrx_word' id='word_1_339' title='bbox 691 1480 817 1513; x_wconf 77' lang='grc' dir='ltr'>ἐξέθετο·</span> <span class='ocrx_word' id='word_1_340' title='bbox 853 1482 916 1508; x_wconf 78' lang='grc' dir='ltr'><strong>οὐδὲ</strong></span> 
     </span>
    </p>
   </div>
   <div class='ocr_carea' id='block_1_49' title="bbox 127 1524 915 1564">
    <p class='ocr_par' dir='ltr' id='par_1_49' title="bbox 127 1524 915 1564">
     <span class='ocr_line' id='line_1_49' title="bbox 127 1524 915 1564; baseline 0.006 -14"><span class='ocrx_word' id='word_1_341' title='bbox 127 1526 182 1560; x_wconf 87' lang='grc' dir='ltr'>γὰρ</span> <span class='ocrx_word' id='word_1_342' title='bbox 204 1524 291 1556; x_wconf 80' lang='grc' dir='ltr'>ἄλλως</span> <span class='ocrx_word' id='word_1_343' title='bbox 314 1526 487 1560; x_wconf 81' lang='grc' dir='ltr'>ἐπιστάμεθα</span> <span class='ocrx_word' id='word_1_344' title='bbox 506 1527 540 1553; x_wconf 71' lang='grc' dir='ltr'><strong>τὰ.</strong></span> <span class='ocrx_word' id='word_1_345' title='bbox 562 1527 659 1562; x_wconf 80' lang='grc' dir='ltr'>ἐκείνῳ</span> <span class='ocrx_word' id='word_1_346' title='bbox 684 1527 874 1564; x_wconf 75' lang='grc' dir='ltr'><strong>θεωρηθέντα,</strong></span> <span class='ocrx_word' id='word_1_347' title='bbox 889 1529 915 1555; x_wconf 77' lang='grc' dir='ltr'>ει</span> 
     </span>
    </p>
   </div>
   <div class='ocr_carea' id='block_1_50' title="bbox 128 1571 915 1610">
    <p class='ocr_par' dir='ltr' id='par_1_50' title="bbox 128 1571 915 1610">
     <span class='ocr_line' id='line_1_50' title="bbox 128 1571 915 1610; baseline 0.006 -13"><span class='ocrx_word' id='word_1_348' title='bbox 128 1572 166 1606; x_wconf 83' lang='grc' dir='ltr'>μὴ</span> <span class='ocrx_word' id='word_1_349' title='bbox 183 1571 227 1598; x_wconf 78' lang='grc' dir='ltr'>διὰ</span> <span class='ocrx_word' id='word_1_350' title='bbox 252 1571 306 1598; x_wconf 79' lang='grc' dir='ltr'>τῶν</span> <span class='ocrx_word' id='word_1_351' title='bbox 327 1572 409 1598; x_wconf 82' lang='grc' dir='ltr'>αὑτοῦ</span> <span class='ocrx_word' id='word_1_352' title='bbox 425 1572 512 1606; x_wconf 78' lang='grc' dir='ltr'>λόγων</span> <span class='ocrx_word' id='word_1_353' title='bbox 531 1582 561 1599; x_wconf 85' lang='grc' dir='ltr'>τε</span> <span class='ocrx_word' id='word_1_354' title='bbox 574 1575 621 1601; x_wconf 75' lang='grc' dir='ltr'>καὶ</span> <span class='ocrx_word' id='word_1_355' title='bbox 640 1575 824 1610; x_wconf 83' lang='grc' dir='ltr'>γραμμάτων.</span> <span class='ocrx_word' id='word_1_356' title='bbox 843 1576 874 1602; x_wconf 78' lang='lat' dir='ltr'><strong>El</strong></span> <span class='ocrx_word' id='word_1_357' title='bbox 887 1576 915 1601; x_wconf 82' lang='grc' dir='ltr'><strong>δὲ</strong></span> 
     </span>
    </p>
   </div>
   <div class='ocr_carea' id='block_1_51' title="bbox 127 1617 915 1657">
    <p class='ocr_par' dir='ltr' id='par_1_51' title="bbox 127 1617 915 1657">
     <span class='ocr_line' id='line_1_51' title="bbox 127 1617 915 1657; baseline 0.006 -14"><span class='ocrx_word' id='word_1_358' title='bbox 127 1617 199 1643; x_wconf 80' lang='grc' dir='ltr'>κατὰ</span> <span class='ocrx_word' id='word_1_359' title='bbox 212 1617 261 1652; x_wconf 74' lang='grc' dir='ltr'><strong>τὴν</strong></span> <span class='ocrx_word' id='word_1_360' title='bbox 279 1617 425 1652; x_wconf 85' lang='grc' dir='ltr'>αἱρετικῶν</span> <span class='ocrx_word' id='word_1_361' title='bbox 442 1619 535 1646; x_wconf 84' lang='grc' dir='ltr'>ἄνοιαν</span> <span class='ocrx_word' id='word_1_362' title='bbox 551 1620 587 1646; x_wconf 82' lang='grc' dir='ltr'>τὰ</span> <span class='ocrx_word' id='word_1_363' title='bbox 602 1621 675 1656; x_wconf 54' lang='lat' dir='ltr'><strong>pri-up</strong></span> <span class='ocrx_word' id='word_1_364' title='bbox 689 1620 728 1656; x_wconf 85' lang='grc' dir='ltr'>τῷ</span> <span class='ocrx_word' id='word_1_365' title='bbox 744 1621 781 1656; x_wconf 86' lang='grc' dir='ltr'>νῷ</span> <span class='ocrx_word' id='word_1_366' title='bbox 796 1621 915 1657; x_wconf 84' lang='grc' dir='ltr'>θεωρού-</span> 
     </span>
    </p>
   </div>
   <div class='ocr_carea' id='block_1_52' title="bbox 128 1665 915 1703">
    <p class='ocr_par' dir='ltr' id='par_1_52' title="bbox 128 1665 915 1703">
     <span class='ocr_line' id='line_1_52' title="bbox 128 1665 915 1703; baseline 0.006 -13"><span class='ocrx_word' id='word_1_367' title='bbox 128 1673 197 1700; x_wconf 75' lang='grc' dir='ltr'>μενα</span> <span class='ocrx_word' id='word_1_368' title='bbox 216 1665 358 1700; x_wconf 65' lang='grc' dir='ltr'>ὁμολογεῖν</span> <span class='ocrx_word' id='word_1_369' title='bbox 377 1666 408 1692; x_wconf 65' lang='grc' dir='ltr'>οὗ</span> <span class='ocrx_word' id='word_1_370' title='bbox 431 1667 575 1702; x_wconf 83' lang='grc' dir='ltr'>προσήκει,</span> <span class='ocrx_word' id='word_1_371' title='bbox 592 1667 651 1698; x_wconf 85' lang='grc' dir='ltr'><strong>πῶς</strong></span> <span class='ocrx_word' id='word_1_372' title='bbox 673 1667 870 1703; x_wconf 79' lang='grc' dir='ltr'>ὁμολογήσουσι</span> <span class='ocrx_word' id='word_1_373' title='bbox 884 1668 915 1695; x_wconf 79' lang='grc' dir='ltr'>τὸ</span> 
     </span>
    </p>
   </div>
   <div class='ocr_carea' id='block_1_53' title="bbox 120 1710 912 1748">
    <p class='ocr_par' dir='ltr' id='par_1_53' title="bbox 120 1710 912 1748">
     <span class='ocr_line' id='line_1_53' title="bbox 120 1710 912 1748; baseline 0.005 -12"><span class='ocrx_word' id='word_1_374' title='bbox 120 1710 265 1746; x_wconf 68' lang='grc' dir='ltr'>ἐξαίρετον</span> <span class='ocrx_word' id='word_1_375' title='bbox 289 1711 340 1745; x_wconf 80' lang='grc' dir='ltr'>τῆς</span> <span class='ocrx_word' id='word_1_376' title='bbox 366 1711 491 1747; x_wconf 80' lang='grc' dir='ltr'>θεότητος</span> <span class='ocrx_word' id='word_1_377' title='bbox 518 1711 565 1738; x_wconf 80' lang='grc' dir='ltr'>τοῦ</span> <span class='ocrx_word' id='word_1_378' title='bbox 591 1712 695 1748; x_wconf 84' lang='grc' dir='ltr'>Κυρίου</span> <span class='ocrx_word' id='word_1_379' title='bbox 723 1713 802 1748; x_wconf 84' lang='grc' dir='ltr'>ἡμῶν</span> <span class='ocrx_word' id='word_1_380' title='bbox 824 1713 912 1748; x_wconf 82' lang='grc' dir='ltr'>Ἰησοῦ</span> 
     </span>
    </p>
   </div>
   <div class='ocr_carea' id='block_1_54' title="bbox 127 1756 914 1794">
    <p class='ocr_par' dir='ltr' id='par_1_54' title="bbox 127 1756 914 1794">
     <span class='ocr_line' id='line_1_54' title="bbox 127 1756 914 1794; baseline 0.004 -11"><span class='ocrx_word' id='word_1_381' title='bbox 127 1757 255 1792; x_wconf 83' lang='grc' dir='ltr'><strong>Χριστοῦ,</strong></span> <span class='ocrx_word' id='word_1_382' title='bbox 268 1757 317 1792; x_wconf 74' lang='grc' dir='ltr'>τῆς</span> <span class='ocrx_word' id='word_1_383' title='bbox 333 1757 382 1792; x_wconf 75' lang='grc' dir='ltr'>μὲν</span> <span class='ocrx_word' id='word_1_384' title='bbox 399 1756 564 1792; x_wconf 85' lang='grc' dir='ltr'>σαρκώσεως</span> <span class='ocrx_word' id='word_1_385' title='bbox 578 1758 660 1784; x_wconf 78' lang='grc' dir='ltr'>αὐτοῦ</span> <span class='ocrx_word' id='word_1_386' title='bbox 673 1759 848 1794; x_wconf 80' lang='grc' dir='ltr'>φαινομένης,</span> <span class='ocrx_word' id='word_1_387' title='bbox 864 1760 914 1794; x_wconf 79' lang='grc' dir='ltr'><strong>τῆς</strong></span> 
     </span>
    </p>
   </div>
   <div class='ocr_carea' id='block_1_55' title="bbox 126 1803 916 1840">
    <p class='ocr_par' dir='ltr' id='par_1_55' title="bbox 126 1803 916 1840">
     <span class='ocr_line' id='line_1_55' title="bbox 126 1803 916 1840; baseline 0.004 -11"><span class='ocrx_word' id='word_1_388' title='bbox 126 1804 154 1829; x_wconf 73' lang='grc' dir='ltr'>δὲ</span> <span class='ocrx_word' id='word_1_389' title='bbox 167 1804 292 1838; x_wconf 73' lang='grc' dir='ltr'>θεότητος</span> <span class='ocrx_word' id='word_1_390' title='bbox 303 1803 386 1830; x_wconf 70' lang='grc' dir='ltr'>αὑτοῦ</span> <span class='ocrx_word' id='word_1_391' title='bbox 398 1804 470 1839; x_wconf 74' lang='grc' dir='ltr'>μόνῳ</span> <span class='ocrx_word' id='word_1_392' title='bbox 482 1804 520 1839; x_wconf 84' lang='grc' dir='ltr'>τῷ</span> <span class='ocrx_word' id='word_1_393' title='bbox 535 1803 572 1839; x_wconf 84' lang='grc' dir='ltr'>νῷ</span> <span class='ocrx_word' id='word_1_394' title='bbox 583 1804 789 1840; x_wconf 77' lang='grc' dir='ltr'>θεωρουμένης;</span> <span class='ocrx_word' id='word_1_395' title='bbox 806 1806 837 1831; x_wconf 78' lang='lat' dir='ltr'><strong>El</strong></span> <span class='ocrx_word' id='word_1_396' title='bbox 850 1806 916 1840; x_wconf 80' lang='grc' dir='ltr'>μέν·</span> 
     </span>
    </p>
   </div>
   <div class='ocr_carea' id='block_1_56' title="bbox 126 1849 915 1885">
    <p class='ocr_par' dir='ltr' id='par_1_56' title="bbox 126 1849 915 1885">
     <span class='ocr_line' id='line_1_56' title="bbox 126 1849 915 1885; baseline 0.005 -10"><span class='ocrx_word' id='word_1_397' title='bbox 126 1859 168 1876; x_wconf 84' lang='grc' dir='ltr'><strong>τοι</strong></span> <span class='ocrx_word' id='word_1_398' title='bbox 177 1850 246 1876; x_wconf 73' lang='grc' dir='ltr'>κατὰ</span> <span class='ocrx_word' id='word_1_399' title='bbox 258 1850 303 1876; x_wconf 67' lang='grc' dir='ltr'><strong>τὸν</strong></span> <span class='ocrx_word' id='word_1_400' title='bbox 318 1849 387 1876; x_wconf 85' lang='grc' dir='ltr'>θεῖον</span> <span class='ocrx_word' id='word_1_401' title='bbox 402 1850 572 1883; x_wconf 78' lang='grc' dir='ltr'>’Λπόστολον,</span> <span class='ocrx_word' id='word_1_402' title='bbox 590 1851 699 1885; x_wconf 77' lang='grc' dir='ltr'>Καρδίᾳ</span> <span class='ocrx_word' id='word_1_403' title='bbox 709 1852 768 1885; x_wconf 81' lang='grc' dir='ltr'><strong>μὲν</strong></span> <span class='ocrx_word' id='word_1_404' title='bbox 778 1853 915 1879; x_wconf 76' lang='grc' dir='ltr'><strong>πιστεύε-</strong></span> 
     </span>
    </p>
   </div>
   <div class='ocr_carea' id='block_1_57' title="bbox 129 1896 915 1933">
    <p class='ocr_par' dir='ltr' id='par_1_57' title="bbox 129 1896 915 1933">
     <span class='ocr_line' id='line_1_57' title="bbox 129 1896 915 1933; baseline 0.004 -11"><span class='ocrx_word' id='word_1_405' title='bbox 129 1904 177 1922; x_wconf 81' lang='grc' dir='ltr'>ται</span> <span class='ocrx_word' id='word_1_406' title='bbox 192 1897 236 1928; x_wconf 83' lang='grc' dir='ltr'>εἰς</span> <span class='ocrx_word' id='word_1_407' title='bbox 256 1896 466 1931; x_wconf 71' lang='grc' dir='ltr'>δικαιοσύνην,</span> <span class='ocrx_word' id='word_1_408' title='bbox 484 1898 609 1931; x_wconf 77' lang='grc' dir='ltr'>στόματι</span> <span class='ocrx_word' id='word_1_409' title='bbox 621 1897 654 1924; x_wconf 85' lang='grc' dir='ltr'><strong>δὲ</strong></span> <span class='ocrx_word' id='word_1_410' title='bbox 662 1899 849 1933; x_wconf 70' lang='grc' dir='ltr'>ὁμολογεῖται</span> <span class='ocrx_word' id='word_1_411' title='bbox 870 1900 915 1932; x_wconf 79' lang='grc' dir='ltr'><strong>εἰς</strong></span> 
     </span>
    </p>
   </div>
   <div class='ocr_carea' id='block_1_58' title="bbox 128 1941 914 1979">
    <p class='ocr_par' dir='ltr' id='par_1_58' title="bbox 128 1941 914 1979">
     <span class='ocr_line' id='line_1_58' title="bbox 128 1941 914 1979; baseline 0.004 -12"><span class='ocrx_word' id='word_1_412' title='bbox 128 1941 288 1974; x_wconf 79' lang='grc' dir='ltr'>σωτηρίαν,</span> <span class='ocrx_word' id='word_1_413' title='bbox 310 1941 443 1976; x_wconf 81' lang='grc' dir='ltr'>πρόδηλον</span> <span class='ocrx_word' id='word_1_414' title='bbox 467 1942 508 1969; x_wconf 83' lang='grc' dir='ltr'><strong>ὅτι</strong></span> <span class='ocrx_word' id='word_1_415' title='bbox 532 1942 565 1969; x_wconf 73' lang='grc' dir='ltr'>τὰ</span> <span class='ocrx_word' id='word_1_416' title='bbox 592 1943 630 1978; x_wconf 81' lang='grc' dir='ltr'>νῷ</span> <span class='ocrx_word' id='word_1_417' title='bbox 657 1944 843 1979; x_wconf 79' lang='grc' dir='ltr'>θεωρούμενα,</span> <span class='ocrx_word' id='word_1_418' title='bbox 867 1945 914 1971; x_wconf 73' lang='grc' dir='ltr'>καὶ</span> 
     </span>
    </p>
   </div>
   <div class='ocr_carea' id='block_1_59' title="bbox 128 1987 911 2025">
    <p class='ocr_par' dir='ltr' id='par_1_59' title="bbox 128 1987 911 2025">
     <span class='ocr_line' id='line_1_59' title="bbox 128 1987 911 2025; baseline 0.006 -13"><span class='ocrx_word' id='word_1_419' title='bbox 128 1987 242 2021; x_wconf 78' lang='grc' dir='ltr'>στόματι</span> <span class='ocrx_word' id='word_1_420' title='bbox 265 1988 435 2022; x_wconf 69' lang='grc' dir='ltr'>ὁμολογεῖται</span> <span class='ocrx_word' id='word_1_421' title='bbox 448 1997 455 2004; x_wconf 91' lang='grc'>·</span> <span class='ocrx_word' id='word_1_422' title='bbox 472 1989 533 2015; x_wconf 80' lang='grc' dir='ltr'>καθ’</span> <span class='ocrx_word' id='word_1_423' title='bbox 548 1989 566 2016; x_wconf 78' lang='grc' dir='ltr'><strong>ἃ</strong></span> <span class='ocrx_word' id='word_1_424' title='bbox 579 1989 633 2025; x_wconf 81' lang='grc' dir='ltr'>γὰρ</span> <span class='ocrx_word' id='word_1_425' title='bbox 657 1990 670 2015; x_wconf 82' lang='grc' dir='ltr'>ὁ</span> <span class='ocrx_word' id='word_1_426' title='bbox 685 1990 814 2025; x_wconf 83' lang='grc' dir='ltr'>Θεολὸγος</span> <span class='ocrx_word' id='word_1_427' title='bbox 837 1991 911 2025; x_wconf 82' lang='grc' dir='ltr'>λέγει</span> 
     </span>
    </p>
   </div>
   <div class='ocr_carea' id='block_1_60' title="bbox 127 2033 912 2069">
    <p class='ocr_par' dir='ltr' id='par_1_60' title="bbox 127 2033 912 2069">
     <span class='ocr_line' id='line_1_60' title="bbox 127 2033 912 2069; baseline 0.006 -10"><span class='ocrx_word' id='word_1_428' title='bbox 127 2033 286 2068; x_wconf 80' lang='grc' dir='ltr'>Γρηγόριος,</span> <span class='ocrx_word' id='word_1_429' title='bbox 311 2043 320 2059; x_wconf 83' lang='grc' dir='ltr'><strong>ι</strong></span> <span class='ocrx_word' id='word_1_430' title='bbox 340 2034 449 2069; x_wconf 80' lang='grc' dir='ltr'>Κίνημα</span> <span class='ocrx_word' id='word_1_431' title='bbox 465 2034 629 2069; x_wconf 83' lang='grc' dir='ltr'>ναρκώντων</span> <span class='ocrx_word' id='word_1_432' title='bbox 644 2037 702 2062; x_wconf 78' lang='grc' dir='ltr'>ἐστὶ</span> <span class='ocrx_word' id='word_1_433' title='bbox 721 2036 784 2068; x_wconf 79' lang='grc' dir='ltr'>νοῦς</span> <span class='ocrx_word' id='word_1_434' title='bbox 799 2037 912 2064; x_wconf 81' lang='grc' dir='ltr'>ἀνεκλά-</span> 
     </span>
    </p>
   </div>
   <div class='ocr_carea' id='block_1_61' title="bbox 968 930 1758 966">
    <p class='ocr_par' dir='ltr' id='par_1_61' title="bbox 968 930 1758 966">
     <span class='ocr_line' id='line_1_61' title="bbox 968 930 1758 966; baseline -0.001 -8"><span class='ocrx_word' id='word_1_435' title='bbox 968 939 1055 966; x_wconf 89' lang='lat' dir='ltr'><strong>querc</strong></span> <span class='ocrx_word' id='word_1_436' title='bbox 1075 931 1228 962; x_wconf 82' lang='lat' dir='ltr'><strong>studentes,</strong></span> <span class='ocrx_word' id='word_1_437' title='bbox 1248 930 1320 957; x_wconf 89' lang='lat' dir='ltr'><strong>inter</strong></span> <span class='ocrx_word' id='word_1_438' title='bbox 1339 930 1447 958; x_wconf 83' lang='lat' dir='ltr'><strong>somnia</strong></span> <span class='ocrx_word' id='word_1_439' title='bbox 1466 937 1515 957; x_wconf 88' lang='lat' dir='ltr'><strong>sua</strong></span> <span class='ocrx_word' id='word_1_440' title='bbox 1533 930 1585 957; x_wconf 89' lang='lat' dir='ltr'><strong>hoc</strong></span> <span class='ocrx_word' id='word_1_441' title='bbox 1599 936 1758 965; x_wconf 86' lang='lat' dir='ltr'><strong>proponunt</strong></span> 
     </span>
    </p>
   </div>
   <div class='ocr_carea' id='block_1_62' title="bbox 968 975 1755 1010">
    <p class='ocr_par' dir='ltr' id='par_1_62' title="bbox 968 975 1755 1010">
     <span class='ocr_line' id='line_1_62' title="bbox 968 975 1755 1010; baseline -0.003 -7"><span class='ocrx_word' id='word_1_442' title='bbox 968 976 1091 1003; x_wconf 86' lang='lat' dir='ltr'><strong>dicentes</strong></span> <span class='ocrx_word' id='word_1_443' title='bbox 1115 983 1170 1002; x_wconf 84' lang='lat' dir='ltr'><strong>non</strong></span> <span class='ocrx_word' id='word_1_444' title='bbox 1187 983 1248 1002; x_wconf 84' lang='lat' dir='ltr'><strong>esse</strong></span> <span class='ocrx_word' id='word_1_445' title='bbox 1269 975 1425 1002; x_wconf 84' lang='lat' dir='ltr'><strong>conﬁtenda</strong></span> <span class='ocrx_word' id='word_1_446' title='bbox 1449 983 1497 1002; x_wconf 88' lang='lat' dir='ltr'><strong>ore</strong></span> <span class='ocrx_word' id='word_1_447' title='bbox 1518 983 1579 1010; x_wconf 70' lang='lat' dir='ltr'><strong>qua:</strong></span> <span class='ocrx_word' id='word_1_448' title='bbox 1604 976 1755 1003; x_wconf 90' lang='lat' dir='ltr'><strong>secundum</strong></span> 
     </span>
    </p>
   </div>
   <div class='ocr_carea' id='block_1_63' title="bbox 967 1021 1755 1056">
    <p class='ocr_par' dir='ltr' id='par_1_63' title="bbox 967 1021 1755 1056">
     <span class='ocr_line' id='line_1_63' title="bbox 967 1021 1755 1056; baseline 0 -7"><span class='ocrx_word' id='word_1_449' title='bbox 967 1022 1138 1049; x_wconf 87' lang='lat' dir='ltr'><strong>intellectum</strong></span> <span class='ocrx_word' id='word_1_450' title='bbox 1153 1021 1297 1056; x_wconf 89' lang='lat' dir='ltr'><strong>oculisque</strong></span> <span class='ocrx_word' id='word_1_451' title='bbox 1316 1021 1414 1048; x_wconf 66' lang='lat' dir='ltr'><strong>animae</strong></span> <span class='ocrx_word' id='word_1_452' title='bbox 1440 1025 1570 1056; x_wconf 80' lang='lat' dir='ltr'><strong>percepta</strong></span> <span class='ocrx_word' id='word_1_453' title='bbox 1584 1026 1658 1048; x_wconf 86' lang='lat' dir='ltr'><strong>sunt.</strong></span> <span class='ocrx_word' id='word_1_454' title='bbox 1681 1021 1755 1049; x_wconf 85' lang='lat' dir='ltr'><strong>Nihil</strong></span> 
     </span>
    </p>
   </div>
   <div class='ocr_carea' id='block_1_64' title="bbox 967 1067 1755 1107">
    <p class='ocr_par' dir='ltr' id='par_1_64' title="bbox 967 1067 1755 1107">
     <span class='ocr_line' id='line_1_64' title="bbox 967 1067 1755 1107; baseline -0.001 -8"><span class='ocrx_word' id='word_1_455' title='bbox 967 1067 1060 1100; x_wconf 78' lang='lat' dir='ltr'><strong>autem</strong></span> <span class='ocrx_word' id='word_1_456' title='bbox 1096 1071 1182 1107; x_wconf 81' lang='lat' dir='ltr'><strong>magis</strong></span> <span class='ocrx_word' id='word_1_457' title='bbox 1216 1072 1379 1099; x_wconf 77' lang='lat' dir='ltr'><strong>adversatur</strong></span> <span class='ocrx_word' id='word_1_458' title='bbox 1409 1071 1510 1098; x_wconf 87' lang='lat' dir='ltr'><strong>rationi</strong></span> <span class='ocrx_word' id='word_1_459' title='bbox 1541 1080 1622 1106; x_wconf 87' lang='lat' dir='ltr'><strong>quam</strong></span> <span class='ocrx_word' id='word_1_460' title='bbox 1658 1079 1755 1099; x_wconf 85' lang='lat' dir='ltr'><strong>eorum</strong></span> 
     </span>
    </p>
   </div>
   <div class='ocr_carea' id='block_1_65' title="bbox 967 1117 1755 1150">
    <p class='ocr_par' dir='ltr' id='par_1_65' title="bbox 967 1117 1755 1150">
     <span class='ocr_line' id='line_1_65' title="bbox 967 1117 1755 1150; baseline -0.001 -5"><span class='ocrx_word' id='word_1_461' title='bbox 967 1117 1122 1145; x_wconf 85' lang='lat' dir='ltr'><strong>istiusmodi</strong></span> <span class='ocrx_word' id='word_1_462' title='bbox 1141 1117 1327 1150; x_wconf 84' lang='lat' dir='ltr'><strong>machinatio;</strong></span> <span class='ocrx_word' id='word_1_463' title='bbox 1344 1117 1496 1144; x_wconf 86' lang='lat' dir='ltr'><strong>secundum</strong></span> <span class='ocrx_word' id='word_1_464' title='bbox 1519 1117 1591 1144; x_wconf 89' lang='lat' dir='ltr'><strong>enim</strong></span> <span class='ocrx_word' id='word_1_465' title='bbox 1609 1117 1755 1144; x_wconf 84' lang='lat' dir='ltr'><strong>stultitiam</strong></span> 
     </span>
    </p>
   </div>
   <div class='ocr_carea' id='block_1_66' title="bbox 967 1162 1756 1198">
    <p class='ocr_par' dir='ltr' id='par_1_66' title="bbox 967 1162 1756 1198">
     <span class='ocr_line' id='line_1_66' title="bbox 967 1162 1756 1198; baseline -0.003 -7"><span class='ocrx_word' id='word_1_466' title='bbox 967 1171 1072 1196; x_wconf 91' lang='lat' dir='ltr'><strong>eorum,</strong></span> <span class='ocrx_word' id='word_1_467' title='bbox 1091 1171 1125 1190; x_wconf 89' lang='lat' dir='ltr'><strong>ne</strong></span> <span class='ocrx_word' id='word_1_468' title='bbox 1140 1164 1225 1190; x_wconf 86' lang='lat' dir='ltr'><strong>Deum</strong></span> <span class='ocrx_word' id='word_1_469' title='bbox 1236 1162 1348 1198; x_wconf 87' lang='lat' dir='ltr'><strong>quidem</strong></span> <span class='ocrx_word' id='word_1_470' title='bbox 1364 1171 1412 1190; x_wconf 85' lang='lat' dir='ltr'><strong>ore</strong></span> <span class='ocrx_word' id='word_1_471' title='bbox 1433 1163 1650 1194; x_wconf 75' lang='lat' dir='ltr'><strong>conﬁtebuntur.</strong></span> <span class='ocrx_word' id='word_1_472' title='bbox 1667 1163 1756 1198; x_wconf 84' lang='lat' dir='ltr'><strong>siqui-</strong></span> 
     </span>
    </p>
   </div>
   <div class='ocr_carea' id='block_1_67' title="bbox 967 1209 1757 1244">
    <p class='ocr_par' dir='ltr' id='par_1_67' title="bbox 967 1209 1757 1244">
     <span class='ocr_line' id='line_1_67' title="bbox 967 1209 1757 1244; baseline -0.001 -7"><span class='ocrx_word' id='word_1_473' title='bbox 967 1209 1029 1237; x_wconf 87' lang='lat' dir='ltr'><strong>dem</strong></span> <span class='ocrx_word' id='word_1_474' title='bbox 1043 1209 1195 1236; x_wconf 89' lang='lat' dir='ltr'><strong>secundum</strong></span> <span class='ocrx_word' id='word_1_475' title='bbox 1210 1209 1300 1236; x_wconf 87' lang='lat' dir='ltr'><strong>solum</strong></span> <span class='ocrx_word' id='word_1_476' title='bbox 1320 1209 1492 1236; x_wconf 88' lang='lat' dir='ltr'><strong>intellectum</strong></span> <span class='ocrx_word' id='word_1_477' title='bbox 1511 1209 1663 1244; x_wconf 63' lang='lat' dir='ltr'><strong>animaeque</strong></span> <span class='ocrx_word' id='word_1_478' title='bbox 1689 1218 1757 1237; x_wconf 87' lang='lat' dir='ltr'><strong>ecu-</strong></span> 
     </span>
    </p>
   </div>
   <div class='ocr_carea' id='block_1_68' title="bbox 965 1255 1757 1290">
    <p class='ocr_par' dir='ltr' id='par_1_68' title="bbox 965 1255 1757 1290">
     <span class='ocr_line' id='line_1_68' title="bbox 965 1255 1757 1290; baseline 0 -8"><span class='ocrx_word' id='word_1_479' title='bbox 965 1255 1001 1282; x_wconf 92' lang='lat' dir='ltr'><strong>lis</strong></span> <span class='ocrx_word' id='word_1_480' title='bbox 1014 1255 1090 1282; x_wconf 92' lang='lat' dir='ltr'><strong>illum</strong></span> <span class='ocrx_word' id='word_1_481' title='bbox 1101 1255 1310 1290; x_wconf 77' lang='lat' dir='ltr'><strong>cognoscimus;</strong></span> <span class='ocrx_word' id='word_1_482' title='bbox 1323 1255 1363 1282; x_wconf 92' lang='lat' dir='ltr'><strong>sic</strong></span> <span class='ocrx_word' id='word_1_483' title='bbox 1373 1259 1401 1282; x_wconf 93' lang='lat' dir='ltr'><strong>et</strong></span> <span class='ocrx_word' id='word_1_484' title='bbox 1415 1255 1472 1290; x_wconf 88' lang='lat' dir='ltr'><strong>ipse</strong></span> <span class='ocrx_word' id='word_1_485' title='bbox 1484 1255 1574 1287; x_wconf 83' lang='lat' dir='ltr'><strong>Pater,</strong></span> <span class='ocrx_word' id='word_1_486' title='bbox 1586 1264 1647 1290; x_wconf 68' lang='lat' dir='ltr'><strong>quae</strong></span> <span class='ocrx_word' id='word_1_487' title='bbox 1657 1256 1757 1283; x_wconf 87' lang='lat' dir='ltr'><strong>mentis</strong></span> 
     </span>
    </p>
   </div>
   <div class='ocr_carea' id='block_1_69' title="bbox 967 1301 1755 1336">
    <p class='ocr_par' dir='ltr' id='par_1_69' title="bbox 967 1301 1755 1336">
     <span class='ocr_line' id='line_1_69' title="bbox 967 1301 1755 1336; baseline 0 -8"><span class='ocrx_word' id='word_1_488' title='bbox 967 1301 1056 1328; x_wconf 89' lang='lat' dir='ltr'><strong>oculis</strong></span> <span class='ocrx_word' id='word_1_489' title='bbox 1072 1306 1249 1336; x_wconf 86' lang='lat' dir='ltr'><strong>perceperat,</strong></span> <span class='ocrx_word' id='word_1_490' title='bbox 1273 1301 1330 1328; x_wconf 68' lang='lat' dir='ltr'><strong>haec</strong></span> <span class='ocrx_word' id='word_1_491' title='bbox 1345 1301 1414 1328; x_wconf 79' lang='lat' dir='ltr'><strong>dixit</strong></span> <span class='ocrx_word' id='word_1_492' title='bbox 1430 1301 1596 1336; x_wconf 86' lang='lat' dir='ltr'><strong>scriptisque</strong></span> <span class='ocrx_word' id='word_1_493' title='bbox 1612 1301 1755 1336; x_wconf 80' lang='lat' dir='ltr'><strong>exposuit;</strong></span> 
     </span>
    </p>
   </div>
   <div class='ocr_carea' id='block_1_70' title="bbox 967 1349 1758 1384">
    <p class='ocr_par' dir='ltr' id='par_1_70' title="bbox 967 1349 1758 1384">
     <span class='ocr_line' id='line_1_70' title="bbox 967 1349 1758 1384; baseline 0 -9"><span class='ocrx_word' id='word_1_494' title='bbox 967 1356 1057 1383; x_wconf 84' lang='lat' dir='ltr'><strong>neque</strong></span> <span class='ocrx_word' id='word_1_495' title='bbox 1074 1349 1154 1376; x_wconf 85' lang='lat' dir='ltr'><strong>aliter</strong></span> <span class='ocrx_word' id='word_1_496' title='bbox 1170 1357 1232 1384; x_wconf 74' lang='lat' dir='ltr'><strong>qua:</strong></span> <span class='ocrx_word' id='word_1_497' title='bbox 1252 1349 1286 1376; x_wconf 91' lang='lat' dir='ltr'><strong>ab</strong></span> <span class='ocrx_word' id='word_1_498' title='bbox 1313 1349 1360 1376; x_wconf 90' lang='lat' dir='ltr'><strong>illo</strong></span> <span class='ocrx_word' id='word_1_499' title='bbox 1382 1353 1510 1384; x_wconf 87' lang='lat' dir='ltr'><strong>percepta</strong></span> <span class='ocrx_word' id='word_1_500' title='bbox 1533 1353 1598 1376; x_wconf 86' lang='lat' dir='ltr'><strong>sunt</strong></span> <span class='ocrx_word' id='word_1_501' title='bbox 1615 1349 1758 1384; x_wconf 74' lang='lat' dir='ltr'><strong>cognosci-</strong></span> 
     </span>
    </p>
   </div>
   <div class='ocr_carea' id='block_1_71' title="bbox 967 1394 1758 1430">
    <p class='ocr_par' dir='ltr' id='par_1_71' title="bbox 967 1394 1758 1430">
     <span class='ocr_line' id='line_1_71' title="bbox 967 1394 1758 1430; baseline 0.001 -9"><span class='ocrx_word' id='word_1_502' title='bbox 967 1402 1030 1421; x_wconf 79' lang='lat' dir='ltr'><strong>mus</strong></span> <span class='ocrx_word' id='word_1_503' title='bbox 1051 1394 1103 1422; x_wconf 82' lang='lat' dir='ltr'><strong>nisi</strong></span> <span class='ocrx_word' id='word_1_504' title='bbox 1123 1396 1299 1423; x_wconf 89' lang='lat' dir='ltr'><strong>sermonibus</strong></span> <span class='ocrx_word' id='word_1_505' title='bbox 1322 1396 1488 1430; x_wconf 82' lang='lat' dir='ltr'><strong>scriptisque</strong></span> <span class='ocrx_word' id='word_1_506' title='bbox 1511 1396 1594 1422; x_wconf 89' lang='lat' dir='ltr'><strong>illius.</strong></span> <span class='ocrx_word' id='word_1_507' title='bbox 1614 1395 1641 1422; x_wconf 89' lang='lat' dir='ltr'><strong>Si</strong></span> <span class='ocrx_word' id='word_1_508' title='bbox 1665 1401 1758 1422; x_wconf 85' lang='lat' dir='ltr'><strong>autem</strong></span> 
     </span>
    </p>
   </div>
   <div class='ocr_carea' id='block_1_72' title="bbox 964 1441 1756 1476">
    <p class='ocr_par' dir='ltr' id='par_1_72' title="bbox 964 1441 1756 1476">
     <span class='ocr_line' id='line_1_72' title="bbox 964 1441 1756 1476; baseline 0 -8"><span class='ocrx_word' id='word_1_509' title='bbox 964 1441 1041 1476; x_wconf 78' lang='lat' dir='ltr'><strong>juxta</strong></span> <span class='ocrx_word' id='word_1_510' title='bbox 1062 1441 1257 1469; x_wconf 70' lang='lat' dir='ltr'><strong>litereticorum</strong></span> <span class='ocrx_word' id='word_1_511' title='bbox 1273 1442 1420 1469; x_wconf 86' lang='lat' dir='ltr'><strong>stultitiam</strong></span> <span class='ocrx_word' id='word_1_512' title='bbox 1445 1450 1489 1469; x_wconf 87' lang='lat' dir='ltr'><strong>res</strong></span> <span class='ocrx_word' id='word_1_513' title='bbox 1510 1442 1567 1469; x_wconf 89' lang='lat' dir='ltr'><strong>sola</strong></span> <span class='ocrx_word' id='word_1_514' title='bbox 1585 1445 1676 1468; x_wconf 86' lang='lat' dir='ltr'><strong>mente</strong></span> <span class='ocrx_word' id='word_1_515' title='bbox 1694 1449 1756 1475; x_wconf 66' lang='lat' dir='ltr'><strong>pcr&lt;</strong></span> 
     </span>
    </p>
   </div>
   <div class='ocr_carea' id='block_1_73' title="bbox 967 1487 1755 1523">
    <p class='ocr_par' dir='ltr' id='par_1_73' title="bbox 967 1487 1755 1523">
     <span class='ocr_line' id='line_1_73' title="bbox 967 1487 1755 1523; baseline 0.001 -9"><span class='ocrx_word' id='word_1_516' title='bbox 967 1492 1060 1522; x_wconf 83' lang='lat' dir='ltr'><strong>ceplas</strong></span> <span class='ocrx_word' id='word_1_517' title='bbox 1079 1487 1204 1515; x_wconf 75' lang='lat' dir='ltr'><strong>confiteri</strong></span> <span class='ocrx_word' id='word_1_518' title='bbox 1223 1496 1277 1515; x_wconf 91' lang='lat' dir='ltr'><strong>non</strong></span> <span class='ocrx_word' id='word_1_519' title='bbox 1305 1488 1403 1520; x_wconf 83' lang='lat' dir='ltr'><strong>refert,</strong></span> <span class='ocrx_word' id='word_1_520' title='bbox 1427 1488 1565 1523; x_wconf 87' lang='lat' dir='ltr'><strong>quomodo</strong></span> <span class='ocrx_word' id='word_1_521' title='bbox 1588 1488 1755 1515; x_wconf 84' lang='lat' dir='ltr'><strong>inell&#39;ahilem</strong></span> 
     </span>
    </p>
   </div>
   <div class='ocr_carea' id='block_1_74' title="bbox 930 1537 1757 1583">
    <p class='ocr_par' dir='ltr' id='par_1_74' title="bbox 930 1537 1757 1583">
     <span class='ocr_line' id='line_1_74' title="bbox 930 1537 1757 1583; baseline 0.002 -20"><span class='ocrx_word' id='word_1_522' title='bbox 930 1537 1174 1583; x_wconf 78' lang='lat' dir='ltr'><strong>Ccontitehuntur</strong></span> <span class='ocrx_word' id='word_1_523' title='bbox 1212 1537 1384 1564; x_wconf 79' lang='lat' dir='ltr'><strong>divinitatem</strong></span> <span class='ocrx_word' id='word_1_524' title='bbox 1425 1538 1534 1565; x_wconf 84' lang='lat' dir='ltr'><strong>Domini</strong></span> <span class='ocrx_word' id='word_1_525' title='bbox 1572 1539 1659 1565; x_wconf 83' lang='lat' dir='ltr'><strong>nostri</strong></span> <span class='ocrx_word' id='word_1_526' title='bbox 1692 1538 1757 1565; x_wconf 80' lang='lat' dir='ltr'><strong>Jcsu</strong></span> 
     </span>
    </p>
   </div>
   <div class='ocr_carea' id='block_1_75' title="bbox 966 1583 1755 1618">
    <p class='ocr_par' dir='ltr' id='par_1_75' title="bbox 966 1583 1755 1618">
     <span class='ocr_line' id='line_1_75' title="bbox 966 1583 1755 1618; baseline 0 -8"><span class='ocrx_word' id='word_1_527' title='bbox 966 1583 1080 1613; x_wconf 76' lang='lat' dir='ltr'><strong>Christi.</strong></span> <span class='ocrx_word' id='word_1_528' title='bbox 1104 1583 1293 1610; x_wconf 77' lang='lat' dir='ltr'><strong>incarnatione</strong></span> <span class='ocrx_word' id='word_1_529' title='bbox 1317 1585 1427 1618; x_wconf 85' lang='lat' dir='ltr'><strong>quidem</strong></span> <span class='ocrx_word' id='word_1_530' title='bbox 1453 1585 1575 1612; x_wconf 80' lang='lat' dir='ltr'><strong>exterius</strong></span> <span class='ocrx_word' id='word_1_531' title='bbox 1601 1584 1755 1616; x_wconf 82' lang='lat' dir='ltr'><strong>manifesta,</strong></span> 
     </span>
    </p>
   </div>
   <div class='ocr_carea' id='block_1_76' title="bbox 966 1629 1755 1664">
    <p class='ocr_par' dir='ltr' id='par_1_76' title="bbox 966 1629 1755 1664">
     <span class='ocr_line' id='line_1_76' title="bbox 966 1629 1755 1664; baseline -0.001 -8"><span class='ocrx_word' id='word_1_532' title='bbox 966 1629 1110 1656; x_wconf 86' lang='lat' dir='ltr'><strong>divinitate</strong></span> <span class='ocrx_word' id='word_1_533' title='bbox 1134 1634 1225 1656; x_wconf 84' lang='lat' dir='ltr'><strong>autent</strong></span> <span class='ocrx_word' id='word_1_534' title='bbox 1251 1630 1307 1656; x_wconf 90' lang='lat' dir='ltr'><strong>sola</strong></span> <span class='ocrx_word' id='word_1_535' title='bbox 1338 1635 1429 1656; x_wconf 81' lang='lat' dir='ltr'><strong>mente</strong></span> <span class='ocrx_word' id='word_1_536' title='bbox 1457 1630 1606 1664; x_wconf 85' lang='lat' dir='ltr'><strong>percepta?</strong></span> <span class='ocrx_word' id='word_1_537' title='bbox 1628 1629 1655 1656; x_wconf 89' lang='lat' dir='ltr'><strong>Si</strong></span> <span class='ocrx_word' id='word_1_538' title='bbox 1680 1637 1755 1661; x_wconf 88' lang='lat' dir='ltr'><strong>vero,</strong></span> 
     </span>
    </p>
   </div>
   <div class='ocr_carea' id='block_1_77' title="bbox 963 1674 1759 1710">
    <p class='ocr_par' dir='ltr' id='par_1_77' title="bbox 963 1674 1759 1710">
     <span class='ocr_line' id='line_1_77' title="bbox 963 1674 1759 1710; baseline 0 -9"><span class='ocrx_word' id='word_1_539' title='bbox 963 1675 1039 1710; x_wconf 74' lang='lat' dir='ltr'><strong>juxta</strong></span> <span class='ocrx_word' id='word_1_540' title='bbox 1060 1675 1154 1702; x_wconf 79' lang='lat' dir='ltr'><strong>divum</strong></span> <span class='ocrx_word' id='word_1_541' title='bbox 1176 1676 1353 1710; x_wconf 84' lang='lat' dir='ltr'><strong>Apostolum,</strong></span> <span class='ocrx_word' id='word_1_542' title='bbox 1375 1676 1452 1702; x_wconf 82' lang='lat' dir='ltr'><strong>corde</strong></span> <span class='ocrx_word' id='word_1_543' title='bbox 1471 1675 1575 1710; x_wconf 79' lang='lat' dir='ltr'><strong>quidem</strong></span> <span class='ocrx_word' id='word_1_544' title='bbox 1592 1675 1709 1701; x_wconf 80' lang='lat' dir='ltr'><strong>creditur</strong></span> <span class='ocrx_word' id='word_1_545' title='bbox 1723 1674 1759 1701; x_wconf 77' lang='lat' dir='ltr'><strong>ad</strong></span> 
     </span>
    </p>
   </div>
   <div class='ocr_carea' id='block_1_78' title="bbox 960 1721 1756 1756">
    <p class='ocr_par' dir='ltr' id='par_1_78' title="bbox 960 1721 1756 1756">
     <span class='ocr_line' id='line_1_78' title="bbox 960 1721 1756 1756; baseline 0.001 -10"><span class='ocrx_word' id='word_1_546' title='bbox 960 1721 1106 1755; x_wconf 79' lang='lat' dir='ltr'><strong>justitiam,</strong></span> <span class='ocrx_word' id='word_1_547' title='bbox 1129 1729 1174 1747; x_wconf 83' lang='lat' dir='ltr'><strong>ore</strong></span> <span class='ocrx_word' id='word_1_548' title='bbox 1189 1729 1249 1748; x_wconf 77' lang='lat' dir='ltr'><strong>vero</strong></span> <span class='ocrx_word' id='word_1_549' title='bbox 1267 1722 1395 1756; x_wconf 76' lang='lat' dir='ltr'><strong>confessio</strong></span> <span class='ocrx_word' id='word_1_550' title='bbox 1415 1721 1447 1755; x_wconf 79' lang='lat' dir='ltr'><strong>ﬁt</strong></span> <span class='ocrx_word' id='word_1_551' title='bbox 1469 1721 1504 1748; x_wconf 82' lang='lat' dir='ltr'><strong>ad</strong></span> <span class='ocrx_word' id='word_1_552' title='bbox 1521 1721 1634 1748; x_wconf 80' lang='lat' dir='ltr'><strong>salutem</strong></span> <span class='ocrx_word' id='word_1_553' title='bbox 1653 1727 1675 1751; x_wconf 78' lang='grc' dir='ltr'><strong>ε,</strong></span> <span class='ocrx_word' id='word_1_554' title='bbox 1693 1729 1756 1755; x_wconf 85' lang='lat' dir='ltr'><strong>per-</strong></span> 
     </span>
    </p>
   </div>
   <div class='ocr_carea' id='block_1_79' title="bbox 966 1767 1757 1802">
    <p class='ocr_par' dir='ltr' id='par_1_79' title="bbox 966 1767 1757 1802">
     <span class='ocr_line' id='line_1_79' title="bbox 966 1767 1757 1802; baseline -0.001 -9"><span class='ocrx_word' id='word_1_555' title='bbox 966 1767 1092 1801; x_wconf 84' lang='lat' dir='ltr'><strong>spicuum</strong></span> <span class='ocrx_word' id='word_1_556' title='bbox 1106 1772 1148 1794; x_wconf 86' lang='lat' dir='ltr'><strong>est</strong></span> <span class='ocrx_word' id='word_1_557' title='bbox 1162 1775 1205 1794; x_wconf 87' lang='lat' dir='ltr'><strong>res</strong></span> <span class='ocrx_word' id='word_1_558' title='bbox 1226 1771 1317 1794; x_wconf 88' lang='lat' dir='ltr'><strong>mente</strong></span> <span class='ocrx_word' id='word_1_559' title='bbox 1332 1772 1488 1802; x_wconf 83' lang='lat' dir='ltr'><strong>perceptas,</strong></span> <span class='ocrx_word' id='word_1_560' title='bbox 1503 1775 1551 1795; x_wconf 90' lang='lat' dir='ltr'><strong>ore</strong></span> <span class='ocrx_word' id='word_1_561' title='bbox 1568 1775 1677 1802; x_wconf 68' lang='lat' dir='ltr'><strong>quoque</strong></span> <span class='ocrx_word' id='word_1_562' title='bbox 1691 1774 1757 1793; x_wconf 90' lang='lat' dir='ltr'><strong>eon-</strong></span> 
     </span>
    </p>
   </div>
   <div class='ocr_carea' id='block_1_80' title="bbox 969 1811 1756 1848">
    <p class='ocr_par' dir='ltr' id='par_1_80' title="bbox 969 1811 1756 1848">
     <span class='ocr_line' id='line_1_80' title="bbox 969 1811 1756 1848; baseline 0 -11"><span class='ocrx_word' id='word_1_563' title='bbox 969 1811 1085 1838; x_wconf 85' lang='lat' dir='ltr'><strong>ﬁtentlas</strong></span> <span class='ocrx_word' id='word_1_564' title='bbox 1107 1820 1177 1839; x_wconf 87' lang='lat' dir='ltr'><strong>esse.</strong></span> <span class='ocrx_word' id='word_1_565' title='bbox 1203 1812 1240 1839; x_wconf 89' lang='lat' dir='ltr'><strong>De</strong></span> <span class='ocrx_word' id='word_1_566' title='bbox 1255 1812 1300 1839; x_wconf 90' lang='lat' dir='ltr'><strong>his</strong></span> <span class='ocrx_word' id='word_1_567' title='bbox 1314 1813 1416 1839; x_wconf 86' lang='lat' dir='ltr'><strong>etenim</strong></span> <span class='ocrx_word' id='word_1_568' title='bbox 1437 1812 1587 1848; x_wconf 80' lang='lat' dir='ltr'><strong>Gregorius</strong></span> <span class='ocrx_word' id='word_1_569' title='bbox 1601 1812 1756 1846; x_wconf 77' lang='lat' dir='ltr'><strong>Theologus</strong></span> 
     </span>
    </p>
   </div>
   <div class='ocr_carea' id='block_1_81' title="bbox 968 1855 1756 1891">
    <p class='ocr_par' dir='ltr' id='par_1_81' title="bbox 968 1855 1756 1891">
     <span class='ocr_line' id='line_1_81' title="bbox 968 1855 1756 1891; baseline -0.001 -9"><span class='ocrx_word' id='word_1_570' title='bbox 968 1855 1054 1882; x_wconf 86' lang='lat' dir='ltr'><strong>dicit:</strong></span> <span class='ocrx_word' id='word_1_571' title='bbox 1071 1865 1079 1881; x_wconf 79' lang='grc' dir='ltr'><strong>ι</strong></span> <span class='ocrx_word' id='word_1_572' title='bbox 1099 1856 1174 1883; x_wconf 85' lang='lat' dir='ltr'><strong>Mens</strong></span> <span class='ocrx_word' id='word_1_573' title='bbox 1187 1860 1262 1883; x_wconf 82' lang='lat' dir='ltr'><strong>muta</strong></span> <span class='ocrx_word' id='word_1_574' title='bbox 1278 1856 1500 1891; x_wconf 89' lang='lat' dir='ltr'><strong>consopientium</strong></span> <span class='ocrx_word' id='word_1_575' title='bbox 1520 1856 1606 1888; x_wconf 87' lang='lat' dir='ltr'><strong>ratio;</strong></span> <span class='ocrx_word' id='word_1_576' title='bbox 1624 1860 1703 1889; x_wconf 88' lang='lat' dir='ltr'><strong>turpe</strong></span> <span class='ocrx_word' id='word_1_577' title='bbox 1714 1859 1756 1881; x_wconf 83' lang='lat' dir='ltr'><strong>est</strong></span> 
     </span>
    </p>
   </div>
   <div class='ocr_carea' id='block_1_82' title="bbox 966 1902 1757 1937">
    <p class='ocr_par' dir='ltr' id='par_1_82' title="bbox 966 1902 1757 1937">
     <span class='ocr_line' id='line_1_82' title="bbox 966 1902 1757 1937; baseline -0.003 -8"><span class='ocrx_word' id='word_1_578' title='bbox 966 1902 1052 1934; x_wconf 88' lang='lat' dir='ltr'><strong>enim,</strong></span> <span class='ocrx_word' id='word_1_579' title='bbox 1077 1907 1154 1937; x_wconf 86' lang='lat' dir='ltr'><strong>turpe</strong></span> <span class='ocrx_word' id='word_1_580' title='bbox 1178 1907 1233 1934; x_wconf 85' lang='lat' dir='ltr'><strong>est,</strong></span> <span class='ocrx_word' id='word_1_581' title='bbox 1259 1902 1432 1937; x_wconf 86' lang='lat' dir='ltr'><strong>maximeque</strong></span> <span class='ocrx_word' id='word_1_582' title='bbox 1458 1902 1647 1930; x_wconf 82' lang='lat' dir='ltr'><strong>irrationabile</strong></span> <span class='ocrx_word' id='word_1_583' title='bbox 1670 1902 1757 1928; x_wconf 80' lang='lat' dir='ltr'><strong>fortes</strong></span> 
     </span>
    </p>
   </div>
   <div class='ocr_carea' id='block_1_83' title="bbox 966 1948 1755 1984">
    <p class='ocr_par' dir='ltr' id='par_1_83' title="bbox 966 1948 1755 1984">
     <span class='ocr_line' id='line_1_83' title="bbox 966 1948 1755 1984; baseline -0.003 -9"><span class='ocrx_word' id='word_1_584' title='bbox 966 1949 1058 1975; x_wconf 85' lang='lat' dir='ltr'><strong>animo</strong></span> <span class='ocrx_word' id='word_1_585' title='bbox 1075 1956 1157 1976; x_wconf 77' lang='lat' dir='ltr'><strong>voces</strong></span> <span class='ocrx_word' id='word_1_586' title='bbox 1171 1953 1268 1976; x_wconf 88' lang='lat' dir='ltr'><strong>tenues</strong></span> <span class='ocrx_word' id='word_1_587' title='bbox 1284 1949 1425 1984; x_wconf 79' lang='lat' dir='ltr'><strong>proferre,</strong></span> <span class='ocrx_word' id='word_1_588' title='bbox 1449 1949 1673 1983; x_wconf 87' lang='lat' dir='ltr'><strong>abseondercque</strong></span> <span class='ocrx_word' id='word_1_589' title='bbox 1693 1948 1755 1974; x_wconf 86' lang='lat' dir='ltr'><strong>the-</strong></span> 
     </span>
    </p>
   </div>
   <div class='ocr_carea' id='block_1_84' title="bbox 965 1995 1755 2030">
    <p class='ocr_par' dir='ltr' id='par_1_84' title="bbox 965 1995 1755 2030">
     <span class='ocr_line' id='line_1_84' title="bbox 965 1995 1755 2030; baseline -0.001 -10"><span class='ocrx_word' id='word_1_590' title='bbox 965 2002 1076 2021; x_wconf 88' lang='lat' dir='ltr'><strong>saurum</strong></span> <span class='ocrx_word' id='word_1_591' title='bbox 1093 1996 1170 2029; x_wconf 85' lang='lat' dir='ltr'><strong>quasi</strong></span> <span class='ocrx_word' id='word_1_592' title='bbox 1192 1995 1260 2022; x_wconf 89' lang='lat' dir='ltr'><strong>alios</strong></span> <span class='ocrx_word' id='word_1_593' title='bbox 1274 1995 1490 2027; x_wconf 72' lang='lat' dir='ltr'><strong>calumniantes.</strong></span> <span class='ocrx_word' id='word_1_594' title='bbox 1510 1995 1562 2022; x_wconf 75' lang='lat' dir='ltr'><strong>nisi</strong></span> <span class='ocrx_word' id='word_1_595' title='bbox 1579 2003 1634 2030; x_wconf 65' lang='lat' dir='ltr'><strong>prce</strong></span> <span class='ocrx_word' id='word_1_596' title='bbox 1655 1995 1755 2021; x_wconf 85' lang='lat' dir='ltr'><strong>timore</strong></span> 
     </span>
    </p>
   </div>
   <div class='ocr_carea' id='block_1_85' title="bbox 964 2040 1378 2075">
    <p class='ocr_par' dir='ltr' id='par_1_85' title="bbox 964 2040 1378 2075">
     <span class='ocr_line' id='line_1_85' title="bbox 964 2040 1378 2075; baseline 0.002 -9"><span class='ocrx_word' id='word_1_597' title='bbox 964 2040 1084 2075; x_wconf 83' lang='lat' dir='ltr'><strong>linguam</strong></span> <span class='ocrx_word' id='word_1_598' title='bbox 1098 2041 1348 2069; x_wconf 78' lang='lat' dir='ltr'><strong>sanetiticaveritis.</strong></span> <span class='ocrx_word' id='word_1_599' title='bbox 1368 2051 1378 2067; x_wconf 76' lang='grc' dir='ltr'><strong>ιι</strong></span> 
     </span>
    </p>
   </div>
   <div class='ocr_carea' id='block_1_86' title="bbox 126 2079 1752 2123">
    <p class='ocr_par' dir='ltr' id='par_1_86' title="bbox 126 2079 1752 2123">
     <span class='ocr_line' id='line_1_86' title="bbox 126 2079 1752 2123; baseline 0.006 -19"><span class='ocrx_word' id='word_1_600' title='bbox 126 2079 208 2113; x_wconf 85' lang='grc' dir='ltr'>λητος</span> <span class='ocrx_word' id='word_1_601' title='bbox 222 2088 228 2094; x_wconf 90' lang='grc'><strong>·</strong></span> <span class='ocrx_word' id='word_1_602' title='bbox 244 2079 355 2114; x_wconf 83' lang='grc' dir='ltr'>αἰσχρὸν</span> <span class='ocrx_word' id='word_1_603' title='bbox 370 2081 434 2115; x_wconf 85' lang='grc' dir='ltr'>γὰρ,</span> <span class='ocrx_word' id='word_1_604' title='bbox 454 2081 577 2115; x_wconf 71' lang='grc' dir='ltr'>αἰσχρὸν,</span> <span class='ocrx_word' id='word_1_605' title='bbox 593 2082 638 2108; x_wconf 76' lang='grc' dir='ltr'>καὶ</span> <span class='ocrx_word' id='word_1_606' title='bbox 654 2081 753 2113; x_wconf 82' lang='grc' dir='ltr'>ἱκανῶς</span> <span class='ocrx_word' id='word_1_607' title='bbox 768 2082 865 2116; x_wconf 80' lang='grc' dir='ltr'>ἄλογον</span> <span class='ocrx_word' id='word_1_608' title='bbox 894 2084 965 2110; x_wconf 78' lang='grc' dir='ltr'>κατὰ</span> <span class='ocrx_word' id='word_1_609' title='bbox 982 2085 1070 2121; x_wconf 52' lang='grc' dir='ltr'>ψυχὴ)</span> <span class='ocrx_word' id='word_1_610' title='bbox 1094 2087 1268 2122; x_wconf 70' lang='grc' dir='ltr'>ἐρρωμένους</span> <span class='ocrx_word' id='word_1_611' title='bbox 1291 2087 1532 2121; x_wconf 81' lang='grc' dir='ltr'>σμικρολογεῖσθαι</span> <span class='ocrx_word' id='word_1_612' title='bbox 1545 2088 1608 2122; x_wconf 76' lang='grc' dir='ltr'>περὶ</span> <span class='ocrx_word' id='word_1_613' title='bbox 1619 2088 1663 2114; x_wconf 62' lang='grc' dir='ltr'>τὴν</span> <span class='ocrx_word' id='word_1_614' title='bbox 1675 2086 1752 2123; x_wconf 73' lang='grc' dir='ltr'>ἦχονν</span> 
     </span>
    </p>
   </div>
   <div class='ocr_carea' id='block_1_87' title="bbox 127 2126 1750 2170">
    <p class='ocr_par' dir='ltr' id='par_1_87' title="bbox 127 2126 1750 2170">
     <span class='ocr_line' id='line_1_87' title="bbox 127 2126 1750 2170; baseline 0.005 -18"><span class='ocrx_word' id='word_1_615' title='bbox 127 2127 175 2153; x_wconf 70' lang='grc' dir='ltr'><strong>καὶ</strong></span> <span class='ocrx_word' id='word_1_616' title='bbox 187 2126 319 2161; x_wconf 80' lang='grc' dir='ltr'>κρύπτειν</span> <span class='ocrx_word' id='word_1_617' title='bbox 329 2127 374 2153; x_wconf 86' lang='grc' dir='ltr'>τὸν</span> <span class='ocrx_word' id='word_1_618' title='bbox 386 2126 533 2163; x_wconf 70' lang='grc' dir='ltr'>θησαυρὸν,</span> <span class='ocrx_word' id='word_1_619' title='bbox 544 2128 639 2164; x_wconf 77' lang='grc' dir='ltr'>ὥσπερ</span> <span class='ocrx_word' id='word_1_620' title='bbox 664 2129 753 2161; x_wconf 81' lang='grc' dir='ltr'>ἄλλοις</span> <span class='ocrx_word' id='word_1_621' title='bbox 780 2130 990 2165; x_wconf 80' lang='grc' dir='ltr'>βασκαίνοντας,</span> <span class='ocrx_word' id='word_1_622' title='bbox 1016 2134 1040 2159; x_wconf 82' lang='grc' dir='ltr'>εἰ</span> <span class='ocrx_word' id='word_1_623' title='bbox 1066 2134 1104 2170; x_wconf 83' lang='grc' dir='ltr'>μὴ</span> <span class='ocrx_word' id='word_1_624' title='bbox 1127 2135 1174 2161; x_wconf 76' lang='grc' dir='ltr'>καὶ</span> <span class='ocrx_word' id='word_1_625' title='bbox 1194 2135 1243 2168; x_wconf 85' lang='grc' dir='ltr'>τὴν</span> <span class='ocrx_word' id='word_1_626' title='bbox 1269 2134 1396 2168; x_wconf 82' lang='grc' dir='ltr'>γλῶσσαν</span> <span class='ocrx_word' id='word_1_627' title='bbox 1412 2135 1543 2169; x_wconf 69' lang='grc' dir='ltr'>ἁγιάτητε</span> <span class='ocrx_word' id='word_1_628' title='bbox 1558 2135 1718 2166; x_wconf 73' lang='grc' dir='ltr'>δεδοικότες,</span> <span class='ocrx_word' id='word_1_629' title='bbox 1741 2145 1750 2160; x_wconf 73' lang='grc' dir='ltr'><strong>ι</strong></span> 
     </span>
    </p>
   </div>
   <div class='ocr_carea' id='block_1_88' title="bbox 163 2173 915 2215">
    <p class='ocr_par' dir='ltr' id='par_1_88' title="bbox 163 2173 915 2210">
     <span class='ocr_line' id='line_1_88' title="bbox 163 2173 915 2210; baseline 0.007 -11"><span class='ocrx_word' id='word_1_630' title='bbox 163 2173 271 2199; x_wconf 79' lang='grc' dir='ltr'>Τούτων</span> <span class='ocrx_word' id='word_1_631' title='bbox 295 2173 386 2200; x_wconf 79' lang='grc' dir='ltr'>τοίνυν</span> <span class='ocrx_word' id='word_1_632' title='bbox 419 2174 504 2205; x_wconf 82' lang='grc' dir='ltr'>οὕτως</span> <span class='ocrx_word' id='word_1_633' title='bbox 530 2174 658 2209; x_wconf 77' lang='grc' dir='ltr'>ἑχόντων,</span> <span class='ocrx_word' id='word_1_634' title='bbox 673 2175 726 2210; x_wconf 83' lang='grc' dir='ltr'><strong>χρὴ</strong></span> <span class='ocrx_word' id='word_1_635' title='bbox 747 2176 852 2208; x_wconf 79' lang='grc' dir='ltr'>πάντας</span> <span class='ocrx_word' id='word_1_636' title='bbox 867 2177 915 2204; x_wconf 85' lang='grc' dir='ltr'><strong>ἀν-</strong></span> 
     </span>
    </p>
   </div>
   <div class='ocr_carea' id='block_1_89' title="bbox 966 2173 1753 2215">
    <p class='ocr_par' dir='ltr' id='par_1_89' title="bbox 1004 2180 1753 2215">
     <span class='ocr_line' id='line_1_89' title="bbox 1004 2180 1753 2215; baseline 0 -8"><span class='ocrx_word' id='word_1_637' title='bbox 1004 2180 1052 2207; x_wconf 88' lang='lat' dir='ltr'><strong>His</strong></span> <span class='ocrx_word' id='word_1_638' title='bbox 1066 2188 1132 2215; x_wconf 84' lang='lat' dir='ltr'><strong>ergo</strong></span> <span class='ocrx_word' id='word_1_639' title='bbox 1146 2189 1174 2207; x_wconf 89' lang='lat' dir='ltr'><strong>se</strong></span> <span class='ocrx_word' id='word_1_640' title='bbox 1187 2181 1363 2212; x_wconf 76' lang='lat' dir='ltr'><strong>habentibus,</strong></span> <span class='ocrx_word' id='word_1_641' title='bbox 1378 2185 1486 2215; x_wconf 88' lang='lat' dir='ltr'><strong>oportet</strong></span> <span class='ocrx_word' id='word_1_642' title='bbox 1501 2185 1529 2207; x_wconf 93' lang='lat' dir='ltr'><strong>ut</strong></span> <span class='ocrx_word' id='word_1_643' title='bbox 1552 2189 1647 2208; x_wconf 87' lang='lat' dir='ltr'><strong>omnes</strong></span> <span class='ocrx_word' id='word_1_644' title='bbox 1664 2181 1753 2208; x_wconf 85' lang='lat' dir='ltr'><strong>homi-</strong></span> 
     </span>
    </p>
   </div>
   <div class='ocr_carea' id='block_1_90' title="bbox 127 2219 916 2258">
    <p class='ocr_par' dir='ltr' id='par_1_90' title="bbox 127 2219 916 2258">
     <span class='ocr_line' id='line_1_90' title="bbox 127 2219 916 2258; baseline 0.005 -13"><span class='ocrx_word' id='word_1_645' title='bbox 127 2219 252 2254; x_wconf 73' lang='grc' dir='ltr'>θρώπους</span> <span class='ocrx_word' id='word_1_646' title='bbox 268 2219 298 2246; x_wconf 76' lang='grc' dir='ltr'><strong>τὸ</strong></span> <span class='ocrx_word' id='word_1_647' title='bbox 315 2220 386 2255; x_wconf 79' lang='grc' dir='ltr'>μέγα</span> <span class='ocrx_word' id='word_1_648' title='bbox 401 2221 448 2255; x_wconf 71' lang='grc' dir='ltr'><strong>τῆς</strong></span> <span class='ocrx_word' id='word_1_649' title='bbox 464 2221 604 2253; x_wconf 77' lang='grc' dir='ltr'>εὐσεϐείας</span> <span class='ocrx_word' id='word_1_650' title='bbox 620 2222 855 2257; x_wconf 80' lang='grc' dir='ltr'>προσδεχομένους</span> <span class='ocrx_word' id='word_1_651' title='bbox 868 2232 916 2258; x_wconf 88' lang='grc' dir='ltr'>μυ-</span> 
     </span>
    </p>
   </div>
   <div class='ocr_carea' id='block_1_91' title="bbox 127 2266 914 2304">
    <p class='ocr_par' dir='ltr' id='par_1_91' title="bbox 127 2266 914 2304">
     <span class='ocr_line' id='line_1_91' title="bbox 127 2266 914 2304; baseline 0.006 -13"><span class='ocrx_word' id='word_1_652' title='bbox 127 2268 238 2300; x_wconf 77' lang='grc' dir='ltr'>στήριον</span> <span class='ocrx_word' id='word_1_653' title='bbox 253 2266 297 2292; x_wconf 81' lang='grc' dir='ltr'>τοῦ</span> <span class='ocrx_word' id='word_1_654' title='bbox 316 2267 435 2301; x_wconf 78' lang='grc' dir='ltr'>μεγάλου</span> <span class='ocrx_word' id='word_1_655' title='bbox 452 2267 520 2294; x_wconf 84' lang='grc' dir='ltr'><strong>Θεοῦ</strong></span> <span class='ocrx_word' id='word_1_656' title='bbox 537 2268 585 2295; x_wconf 80' lang='grc' dir='ltr'>καὶ</span> <span class='ocrx_word' id='word_1_657' title='bbox 599 2268 723 2303; x_wconf 84' lang='grc' dir='ltr'>Σωτῆρος</span> <span class='ocrx_word' id='word_1_658' title='bbox 734 2269 813 2304; x_wconf 80' lang='grc' dir='ltr'>ἡμῶν</span> <span class='ocrx_word' id='word_1_659' title='bbox 827 2270 914 2304; x_wconf 87' lang='grc' dir='ltr'><strong>Ἰησοῦ</strong></span> 
     </span>
    </p>
   </div>
   <div class='ocr_carea' id='block_1_92' title="bbox 127 2311 914 2348">
    <p class='ocr_par' dir='ltr' id='par_1_92' title="bbox 127 2311 914 2348">
     <span class='ocr_line' id='line_1_92' title="bbox 127 2311 914 2348; baseline 0.005 -10"><span class='ocrx_word' id='word_1_660' title='bbox 127 2311 255 2345; x_wconf 67' lang='grc' dir='ltr'>Χριστοῦ,</span> <span class='ocrx_word' id='word_1_661' title='bbox 271 2313 317 2339; x_wconf 82' lang='grc' dir='ltr'><strong>καὶ</strong></span> <span class='ocrx_word' id='word_1_662' title='bbox 335 2313 448 2348; x_wconf 84' lang='grc' dir='ltr'>στόματι</span> <span class='ocrx_word' id='word_1_663' title='bbox 461 2314 602 2347; x_wconf 77' lang='grc' dir='ltr'>ὁμολογεῖν</span> <span class='ocrx_word' id='word_1_664' title='bbox 616 2314 666 2345; x_wconf 85' lang='grc' dir='ltr'>τὰς</span> <span class='ocrx_word' id='word_1_665' title='bbox 686 2314 734 2341; x_wconf 82' lang='grc' dir='ltr'>δύο</span> <span class='ocrx_word' id='word_1_666' title='bbox 752 2314 849 2348; x_wconf 76' lang='grc' dir='ltr'>φύσεις</span> <span class='ocrx_word' id='word_1_667' title='bbox 868 2316 914 2343; x_wconf 77' lang='grc' dir='ltr'><strong>τοῦ</strong></span> 
     </span>
    </p>
   </div>
   <div class='ocr_carea' id='block_1_93' title="bbox 94 2358 914 2397">
    <p class='ocr_par' dir='ltr' id='par_1_93' title="bbox 94 2358 914 2397">
     <span class='ocr_line' id='line_1_93' title="bbox 94 2358 914 2397; baseline 0.006 -14"><span class='ocrx_word' id='word_1_668' title='bbox 94 2388 97 2389; x_wconf 24' lang='grc' dir='ltr'><em>ν</em></span> <span class='ocrx_word' id='word_1_669' title='bbox 125 2358 258 2392; x_wconf 82' lang='grc' dir='ltr'>Χριστοῦ,</span> <span class='ocrx_word' id='word_1_670' title='bbox 275 2359 325 2393; x_wconf 80' lang='grc' dir='ltr'><strong>τήν</strong></span> <span class='ocrx_word' id='word_1_671' title='bbox 338 2367 367 2385; x_wconf 88' lang='grc' dir='ltr'><strong>τε</strong></span> <span class='ocrx_word' id='word_1_672' title='bbox 390 2359 466 2386; x_wconf 84' lang='grc' dir='ltr'>θείαν</span> <span class='ocrx_word' id='word_1_673' title='bbox 481 2360 529 2386; x_wconf 75' lang='grc' dir='ltr'><strong>καὶ</strong></span> <span class='ocrx_word' id='word_1_674' title='bbox 548 2360 597 2395; x_wconf 82' lang='grc' dir='ltr'>τὴν</span> <span class='ocrx_word' id='word_1_675' title='bbox 616 2361 801 2397; x_wconf 84' lang='grc' dir='ltr'>ἀνθρωπίνην.</span> <span class='ocrx_word' id='word_1_676' title='bbox 817 2362 873 2388; x_wconf 76' lang='grc' dir='ltr'>Καὶ</span> <span class='ocrx_word' id='word_1_677' title='bbox 885 2363 914 2389; x_wconf 82' lang='grc' dir='ltr'>ὲν</span> 
     </span>
    </p>
   </div>
   <div class='ocr_carea' id='block_1_94' title="bbox 126 2404 914 2444">
    <p class='ocr_par' dir='ltr' id='par_1_94' title="bbox 126 2404 914 2444">
     <span class='ocr_line' id='line_1_94' title="bbox 126 2404 914 2444; baseline 0.005 -13"><span class='ocrx_word' id='word_1_678' title='bbox 126 2404 164 2439; x_wconf 87' lang='grc' dir='ltr'>τῷ</span> <span class='ocrx_word' id='word_1_679' title='bbox 175 2405 294 2439; x_wconf 82' lang='grc' dir='ltr'>δευτέρῳ</span> <span class='ocrx_word' id='word_1_680' title='bbox 310 2405 364 2439; x_wconf 76' lang='grc' dir='ltr'>γὰρ</span> <span class='ocrx_word' id='word_1_681' title='bbox 381 2407 448 2439; x_wconf 65' lang='grc' dir='ltr'>πρὸς</span> <span class='ocrx_word' id='word_1_682' title='bbox 468 2406 514 2432; x_wconf 74' lang='grc' dir='ltr'><strong>τὸν</strong></span> <span class='ocrx_word' id='word_1_683' title='bbox 530 2407 611 2434; x_wconf 73' lang='grc' dir='ltr'>αὐτὸν</span> <span class='ocrx_word' id='word_1_684' title='bbox 626 2408 776 2434; x_wconf 79' lang='grc' dir='ltr'>Σούκενσον</span> <span class='ocrx_word' id='word_1_685' title='bbox 791 2408 914 2444; x_wconf 83' lang='grc' dir='ltr'>ὑπομνη-</span> 
     </span>
    </p>
   </div>
   <div class='ocr_carea' id='block_1_95' title="bbox 128 2450 913 2488">
    <p class='ocr_par' dir='ltr' id='par_1_95' title="bbox 128 2450 913 2488">
     <span class='ocr_line' id='line_1_95' title="bbox 128 2450 913 2488; baseline 0.005 -11"><span class='ocrx_word' id='word_1_686' title='bbox 128 2450 236 2485; x_wconf 79' lang='grc' dir='ltr'>ματικῷ</span> <span class='ocrx_word' id='word_1_687' title='bbox 254 2451 268 2476; x_wconf 77' lang='grc' dir='ltr'><strong>ὁ</strong></span> <span class='ocrx_word' id='word_1_688' title='bbox 292 2451 321 2476; x_wconf 81' lang='grc' dir='ltr'>ἐν</span> <span class='ocrx_word' id='word_1_689' title='bbox 337 2450 424 2484; x_wconf 80' lang='grc' dir='ltr'>ἁγίοις</span> <span class='ocrx_word' id='word_1_690' title='bbox 441 2451 582 2486; x_wconf 81' lang='grc' dir='ltr'>Κύριλλος,</span> <span class='ocrx_word' id='word_1_691' title='bbox 596 2453 653 2487; x_wconf 76' lang='grc' dir='ltr'>ἅμα</span> <span class='ocrx_word' id='word_1_692' title='bbox 673 2453 723 2488; x_wconf 80' lang='grc' dir='ltr'>μὲν</span> <span class='ocrx_word' id='word_1_693' title='bbox 737 2453 787 2488; x_wconf 85' lang='grc' dir='ltr'>τὴν</span> <span class='ocrx_word' id='word_1_694' title='bbox 806 2455 913 2481; x_wconf 77' lang='grc' dir='ltr'>ἐκείνου</span> 
     </span>
    </p>
   </div>
   <div class='ocr_carea' id='block_1_96' title="bbox 126 2494 914 2535">
    <p class='ocr_par' dir='ltr' id='par_1_96' title="bbox 126 2494 914 2535">
     <span class='ocr_line' id='line_1_96' title="bbox 126 2494 914 2535; baseline 0.009 -16"><span class='ocrx_word' id='word_1_695' title='bbox 126 2495 190 2530; x_wconf 76' lang='grc' dir='ltr'><strong>περὶ</strong></span> <span class='ocrx_word' id='word_1_696' title='bbox 220 2494 269 2529; x_wconf 84' lang='grc' dir='ltr'>τὴν</span> <span class='ocrx_word' id='word_1_697' title='bbox 301 2494 508 2530; x_wconf 79' lang='grc' dir='ltr'>ἑνανθρώπησιν</span> <span class='ocrx_word' id='word_1_698' title='bbox 543 2496 682 2531; x_wconf 79' lang='grc' dir='ltr'>ὀρθόδοξον</span> <span class='ocrx_word' id='word_1_699' title='bbox 713 2499 914 2535; x_wconf 80' lang='grc' dir='ltr'>ἀποδεχόμενος</span> 
     </span>
    </p>
   </div>
   <div class='ocr_carea' id='block_1_97' title="bbox 126 2539 912 2581">
    <p class='ocr_par' dir='ltr' id='par_1_97' title="bbox 126 2539 912 2581">
     <span class='ocr_line' id='line_1_97' title="bbox 126 2539 912 2581; baseline 0.017 -20"><span class='ocrx_word' id='word_1_700' title='bbox 126 2540 228 2572; x_wconf 79' lang='grc' dir='ltr'>πίστιν,</span> <span class='ocrx_word' id='word_1_701' title='bbox 241 2540 299 2575; x_wconf 76' lang='grc' dir='ltr'>ἅμα</span> <span class='ocrx_word' id='word_1_702' title='bbox 311 2540 340 2567; x_wconf 78' lang='grc' dir='ltr'><strong>δὲ</strong></span> <span class='ocrx_word' id='word_1_703' title='bbox 356 2539 405 2575; x_wconf 79' lang='grc' dir='ltr'><strong>τὴν</strong></span> <span class='ocrx_word' id='word_1_704' title='bbox 416 2540 520 2567; x_wconf 81' lang='grc' dir='ltr'>οἰκείαν</span> <span class='ocrx_word' id='word_1_705' title='bbox 533 2542 646 2577; x_wconf 84' lang='grc' dir='ltr'>γνώμην</span> <span class='ocrx_word' id='word_1_706' title='bbox 659 2545 830 2581; x_wconf 83' lang='grc' dir='ltr'>τρανώτερον</span> <span class='ocrx_word' id='word_1_707' title='bbox 845 2547 912 2573; x_wconf 79' lang='grc' dir='ltr'><strong>ἁπο-</strong></span> 
     </span>
    </p>
   </div>
   <div class='ocr_carea' id='block_1_98' title="bbox 125 2586 913 2626">
    <p class='ocr_par' dir='ltr' id='par_1_98' title="bbox 125 2586 913 2626">
     <span class='ocr_line' id='line_1_98' title="bbox 125 2586 913 2626; baseline 0.005 -14"><span class='ocrx_word' id='word_1_708' title='bbox 125 2586 243 2618; x_wconf 78' lang='grc' dir='ltr'>δεικνὺς,</span> <span class='ocrx_word' id='word_1_709' title='bbox 257 2587 344 2613; x_wconf 84' lang='grc' dir='ltr'>ταῦτα</span> <span class='ocrx_word' id='word_1_710' title='bbox 360 2587 529 2622; x_wconf 82' lang='grc' dir='ltr'>παραδίδωσι</span> <span class='ocrx_word' id='word_1_711' title='bbox 545 2588 632 2620; x_wconf 82' lang='grc' dir='ltr'>λέγων</span> <span class='ocrx_word' id='word_1_712' title='bbox 645 2597 650 2603; x_wconf 92' lang='grc'><strong>·</strong></span> <span class='ocrx_word' id='word_1_713' title='bbox 667 2598 676 2614; x_wconf 77' lang='grc' dir='ltr'><strong>ι</strong></span> <span class='ocrx_word' id='word_1_714' title='bbox 702 2590 852 2626; x_wconf 73' lang='grc' dir='ltr'><strong>Ὀροότατα</strong></span> <span class='ocrx_word' id='word_1_715' title='bbox 865 2592 913 2619; x_wconf 69' lang='grc' dir='ltr'>καὶ</span> 
     </span>
    </p>
   </div>
   <div class='ocr_carea' id='block_1_99' title="bbox 128 2633 908 2674">
    <p class='ocr_par' dir='ltr' id='par_1_99' title="bbox 128 2633 908 2674">
     <span class='ocr_line' id='line_1_99' title="bbox 128 2633 908 2674; baseline 0.009 -15"><span class='ocrx_word' id='word_1_716' title='bbox 128 2633 197 2659; x_wconf 79' lang='grc' dir='ltr'>πάνυ</span> <span class='ocrx_word' id='word_1_717' title='bbox 214 2634 330 2666; x_wconf 78' lang='grc' dir='ltr'>συνετῶς</span> <span class='ocrx_word' id='word_1_718' title='bbox 345 2635 362 2670; x_wconf 80' lang='grc' dir='ltr'>ἡ</span> <span class='ocrx_word' id='word_1_719' title='bbox 375 2635 408 2669; x_wconf 84' lang='grc' dir='ltr'>σὴ</span> <span class='ocrx_word' id='word_1_720' title='bbox 425 2635 561 2670; x_wconf 84' lang='grc' dir='ltr'>τελειότης</span> <span class='ocrx_word' id='word_1_721' title='bbox 574 2636 619 2662; x_wconf 81' lang='grc' dir='ltr'><strong>τὸν</strong></span> <span class='ocrx_word' id='word_1_722' title='bbox 633 2645 665 2663; x_wconf 86' lang='grc' dir='ltr'>πε</span> <span class='ocrx_word' id='word_1_723' title='bbox 670 2637 697 2672; x_wconf 66' lang='grc' dir='ltr'>ρὶ</span> <span class='ocrx_word' id='word_1_724' title='bbox 712 2639 759 2664; x_wconf 83' lang='grc' dir='ltr'>τοῦ</span> <span class='ocrx_word' id='word_1_725' title='bbox 773 2639 908 2674; x_wconf 70' lang='grc' dir='ltr'>σωπιρίου</span> 
     </span>
    </p>
   </div>
   <div class='ocr_carea' id='block_1_100' title="bbox 125 2680 910 2720">
    <p class='ocr_par' dir='ltr' id='par_1_100' title="bbox 125 2680 910 2720">
     <span class='ocr_line' id='line_1_100' title="bbox 125 2680 910 2720; baseline 0.008 -14"><span class='ocrx_word' id='word_1_726' title='bbox 125 2680 229 2712; x_wconf 78' lang='grc' dir='ltr'>πάθους</span> <span class='ocrx_word' id='word_1_727' title='bbox 237 2681 373 2708; x_wconf 73' lang='grc' dir='ltr'>ἐκτίθεται</span> <span class='ocrx_word' id='word_1_728' title='bbox 383 2681 534 2716; x_wconf 77' lang='grc' dir='ltr'>λόγον,ὀὺκ</span> <span class='ocrx_word' id='word_1_729' title='bbox 546 2682 628 2709; x_wconf 84' lang='grc' dir='ltr'>αὐτὸν</span> <span class='ocrx_word' id='word_1_730' title='bbox 639 2685 769 2720; x_wconf 82' lang='grc' dir='ltr'>μονογενῆ</span> <span class='ocrx_word' id='word_1_731' title='bbox 782 2685 828 2711; x_wconf 79' lang='grc' dir='ltr'>τοῦ</span> <span class='ocrx_word' id='word_1_732' title='bbox 842 2686 910 2713; x_wconf 74' lang='grc' dir='ltr'>Θεοῦ</span> 
     </span>
    </p>
   </div>
   <div class='ocr_carea' id='block_1_101' title="bbox 127 2725 912 2764">
    <p class='ocr_par' dir='ltr' id='par_1_101' title="bbox 127 2725 912 2764">
     <span class='ocr_line' id='line_1_101' title="bbox 127 2725 912 2764; baseline 0.006 -13"><span class='ocrx_word' id='word_1_733' title='bbox 127 2725 190 2751; x_wconf 66' lang='lat' dir='ltr'><strong>raw</strong></span> <span class='ocrx_word' id='word_1_734' title='bbox 202 2726 262 2752; x_wconf 83' lang='grc' dir='ltr'>καθ’</span> <span class='ocrx_word' id='word_1_735' title='bbox 276 2726 290 2753; x_wconf 80' lang='grc' dir='ltr'><strong>ὃ</strong></span> <span class='ocrx_word' id='word_1_736' title='bbox 300 2728 456 2754; x_wconf 70' lang='grc' dir='ltr'>νοεῖταικαὶ</span> <span class='ocrx_word' id='word_1_737' title='bbox 473 2727 530 2755; x_wconf 76' lang='grc' dir='ltr'>ἐστι</span> <span class='ocrx_word' id='word_1_738' title='bbox 541 2728 608 2760; x_wconf 70' lang='grc' dir='ltr'>Θεὸς</span> <span class='ocrx_word' id='word_1_739' title='bbox 617 2729 715 2755; x_wconf 81' lang='grc' dir='ltr'>παθεῖν</span> <span class='ocrx_word' id='word_1_740' title='bbox 722 2730 762 2761; x_wconf 85' lang='grc' dir='ltr'><strong>εἰς</strong></span> <span class='ocrx_word' id='word_1_741' title='bbox 777 2729 845 2756; x_wconf 76' lang='grc' dir='ltr'>ἰδίαν</span> <span class='ocrx_word' id='word_1_742' title='bbox 862 2729 912 2764; x_wconf 73' lang='grc' dir='ltr'><strong>φύ-</strong></span> 
     </span>
    </p>
   </div>
   <div class='ocr_carea' id='block_1_102' title="bbox 127 2771 910 2810">
    <p class='ocr_par' dir='ltr' id='par_1_102' title="bbox 127 2771 910 2810">
     <span class='ocr_line' id='line_1_102' title="bbox 127 2771 910 2810; baseline 0.008 -15"><span class='ocrx_word' id='word_1_743' title='bbox 127 2779 169 2796; x_wconf 83' lang='grc' dir='ltr'><strong>σιν</strong></span> <span class='ocrx_word' id='word_1_744' title='bbox 185 2771 219 2797; x_wconf 75' lang='grc' dir='ltr'><strong>τὰ</strong></span> <span class='ocrx_word' id='word_1_745' title='bbox 231 2771 357 2806; x_wconf 77' lang='grc' dir='ltr'>σώματος</span> <span class='ocrx_word' id='word_1_746' title='bbox 379 2774 584 2810; x_wconf 77' lang='grc' dir='ltr'>ξσχυριζομένη,</span> <span class='ocrx_word' id='word_1_747' title='bbox 598 2774 694 2801; x_wconf 75' lang='grc' dir='ltr'>παθεῖν</span> <span class='ocrx_word' id='word_1_748' title='bbox 713 2774 740 2801; x_wconf 77' lang='grc' dir='ltr'><strong>δὲ</strong></span> <span class='ocrx_word' id='word_1_749' title='bbox 756 2775 856 2810; x_wconf 75' lang='grc' dir='ltr'>μᾶλλον</span> <span class='ocrx_word' id='word_1_750' title='bbox 878 2776 910 2809; x_wconf 84' lang='grc' dir='ltr'>τῇ</span> 
     </span>
    </p>
   </div>
   <div class='ocr_carea' id='block_1_103' title="bbox 167 2858 371 2893">
    <p class='ocr_par' dir='ltr' id='par_1_103' title="bbox 167 2858 371 2893">
     <span class='ocr_line' id='line_1_103' title="bbox 167 2858 371 2893; baseline 0.02 -8"><span class='ocrx_word' id='word_1_751' title='bbox 167 2864 177 2878; x_wconf 84' lang='grc'><strong>·</strong></span> <span class='ocrx_word' id='word_1_752' title='bbox 192 2858 270 2887; x_wconf 73' lang='lat' dir='ltr'><strong>Rom.</strong></span> <span class='ocrx_word' id='word_1_753' title='bbox 289 2869 314 2893; x_wconf 73' lang='grc' dir='ltr'>χ,</span> <span class='ocrx_word' id='word_1_754' title='bbox 331 2862 371 2890; x_wconf 78' lang='grc' dir='ltr'><strong>ιο.</strong></span> 
     </span>
    </p>
   </div>
   <div class='ocr_carea' id='block_1_104' title="bbox 963 2225 1752 2261">
    <p class='ocr_par' dir='ltr' id='par_1_104' title="bbox 963 2225 1752 2261">
     <span class='ocr_line' id='line_1_104' title="bbox 963 2225 1752 2261; baseline 0.001 -9"><span class='ocrx_word' id='word_1_755' title='bbox 963 2233 1023 2256; x_wconf 87' lang='lat' dir='ltr'><strong>nes,</strong></span> <span class='ocrx_word' id='word_1_756' title='bbox 1049 2225 1096 2260; x_wconf 90' lang='lat' dir='ltr'><strong>qui</strong></span> <span class='ocrx_word' id='word_1_757' title='bbox 1123 2229 1286 2260; x_wconf 78' lang='lat' dir='ltr'><strong>receperunt</strong></span> <span class='ocrx_word' id='word_1_758' title='bbox 1308 2233 1436 2260; x_wconf 82' lang='lat' dir='ltr'><strong>magnum</strong></span> <span class='ocrx_word' id='word_1_759' title='bbox 1460 2226 1571 2260; x_wconf 89' lang='lat' dir='ltr'><strong>pietatis</strong></span> <span class='ocrx_word' id='word_1_760' title='bbox 1593 2226 1752 2261; x_wconf 75' lang='lat' dir='ltr'><strong>mysterium</strong></span> 
     </span>
    </p>
   </div>
   <div class='ocr_carea' id='block_1_105' title="bbox 964 2271 1754 2306">
    <p class='ocr_par' dir='ltr' id='par_1_105' title="bbox 964 2271 1754 2306">
     <span class='ocr_line' id='line_1_105' title="bbox 964 2271 1754 2306; baseline 0.001 -8"><span class='ocrx_word' id='word_1_761' title='bbox 964 2272 1013 2299; x_wconf 80' lang='lat' dir='ltr'><strong>Dei</strong></span> <span class='ocrx_word' id='word_1_762' title='bbox 1043 2271 1131 2306; x_wconf 78' lang='lat' dir='ltr'><strong>magni</strong></span> <span class='ocrx_word' id='word_1_763' title='bbox 1152 2276 1180 2298; x_wconf 88' lang='lat' dir='ltr'><strong>et</strong></span> <span class='ocrx_word' id='word_1_764' title='bbox 1205 2271 1356 2299; x_wconf 82' lang='lat' dir='ltr'><strong>Salvatoris</strong></span> <span class='ocrx_word' id='word_1_765' title='bbox 1376 2271 1464 2299; x_wconf 84' lang='lat' dir='ltr'><strong>nostri</strong></span> <span class='ocrx_word' id='word_1_766' title='bbox 1484 2272 1548 2298; x_wconf 84' lang='lat' dir='ltr'><strong>Jesu</strong></span> <span class='ocrx_word' id='word_1_767' title='bbox 1563 2271 1681 2304; x_wconf 85' lang='lat' dir='ltr'><strong>Christi,</strong></span> <span class='ocrx_word' id='word_1_768' title='bbox 1704 2280 1754 2300; x_wconf 85' lang='lat' dir='ltr'><strong>ore</strong></span> 
     </span>
    </p>
   </div>
   <div class='ocr_carea' id='block_1_106' title="bbox 963 2317 1754 2349">
    <p class='ocr_par' dir='ltr' id='par_1_106' title="bbox 963 2317 1754 2349">
     <span class='ocr_line' id='line_1_106' title="bbox 963 2317 1754 2349; baseline 0 -5"><span class='ocrx_word' id='word_1_769' title='bbox 963 2317 1046 2345; x_wconf 89' lang='lat' dir='ltr'><strong>etiam</strong></span> <span class='ocrx_word' id='word_1_770' title='bbox 1069 2317 1252 2344; x_wconf 83' lang='lat' dir='ltr'><strong>conﬁteantur</strong></span> <span class='ocrx_word' id='word_1_771' title='bbox 1269 2317 1338 2344; x_wconf 87' lang='lat' dir='ltr'><strong>duas</strong></span> <span class='ocrx_word' id='word_1_772' title='bbox 1361 2323 1474 2344; x_wconf 82' lang='lat' dir='ltr'><strong>naturas</strong></span> <span class='ocrx_word' id='word_1_773' title='bbox 1495 2317 1609 2349; x_wconf 79' lang='lat' dir='ltr'><strong>Christi,</strong></span> <span class='ocrx_word' id='word_1_774' title='bbox 1632 2317 1754 2344; x_wconf 77' lang='lat' dir='ltr'><strong>divinam</strong></span> 
     </span>
    </p>
   </div>
   <div class='ocr_carea' id='block_1_107' title="bbox 964 2363 1753 2398">
    <p class='ocr_par' dir='ltr' id='par_1_107' title="bbox 964 2363 1753 2398">
     <span class='ocr_line' id='line_1_107' title="bbox 964 2363 1753 2398; baseline 0.001 -8"><span class='ocrx_word' id='word_1_775' title='bbox 964 2369 1046 2398; x_wconf 87' lang='lat' dir='ltr'><strong>atque</strong></span> <span class='ocrx_word' id='word_1_776' title='bbox 1060 2363 1218 2390; x_wconf 90' lang='lat' dir='ltr'><strong>humanam.</strong></span> <span class='ocrx_word' id='word_1_777' title='bbox 1233 2363 1262 2390; x_wconf 90' lang='lat' dir='ltr'><strong>ln</strong></span> <span class='ocrx_word' id='word_1_778' title='bbox 1275 2363 1397 2390; x_wconf 88' lang='lat' dir='ltr'><strong>secundo</strong></span> <span class='ocrx_word' id='word_1_779' title='bbox 1411 2364 1444 2390; x_wconf 90' lang='lat' dir='ltr'><strong>ad</strong></span> <span class='ocrx_word' id='word_1_780' title='bbox 1458 2364 1584 2391; x_wconf 89' lang='lat' dir='ltr'><strong>eumdem</strong></span> <span class='ocrx_word' id='word_1_781' title='bbox 1600 2364 1753 2391; x_wconf 81' lang='lat' dir='ltr'><strong>Sneensum</strong></span> 
     </span>
    </p>
   </div>
   <div class='ocr_carea' id='block_1_108' title="bbox 967 2405 1753 2443">
    <p class='ocr_par' dir='ltr' id='par_1_108' title="bbox 967 2405 1753 2443">
     <span class='ocr_line' id='line_1_108' title="bbox 967 2405 1753 2443; baseline 0.001 -9"><span class='ocrx_word' id='word_1_782' title='bbox 967 2408 1166 2435; x_wconf 85' lang='lat' dir='ltr'><strong>commentario</strong></span> <span class='ocrx_word' id='word_1_783' title='bbox 1184 2412 1297 2435; x_wconf 86' lang='lat' dir='ltr'><strong>sanctus</strong></span> <span class='ocrx_word' id='word_1_784' title='bbox 1317 2405 1450 2443; x_wconf 56' lang='lat' dir='ltr'><strong>Cvrillus.</strong></span> <span class='ocrx_word' id='word_1_785' title='bbox 1465 2409 1546 2435; x_wconf 85' lang='lat' dir='ltr'><strong>[idem</strong></span> <span class='ocrx_word' id='word_1_786' title='bbox 1567 2409 1641 2435; x_wconf 85' lang='lat' dir='ltr'><strong>illius</strong></span> <span class='ocrx_word' id='word_1_787' title='bbox 1659 2409 1753 2436; x_wconf 72' lang='lat' dir='ltr'><strong>ortho~</strong></span> 
     </span>
    </p>
   </div>
   <div class='ocr_carea' id='block_1_109' title="bbox 962 2454 1753 2489">
    <p class='ocr_par' dir='ltr' id='par_1_109' title="bbox 962 2454 1753 2489">
     <span class='ocr_line' id='line_1_109' title="bbox 962 2454 1753 2489; baseline 0 -7"><span class='ocrx_word' id='word_1_788' title='bbox 962 2455 1061 2482; x_wconf 81' lang='lat' dir='ltr'><strong>doxam</strong></span> <span class='ocrx_word' id='word_1_789' title='bbox 1073 2454 1107 2482; x_wconf 86' lang='lat' dir='ltr'><strong>de</strong></span> <span class='ocrx_word' id='word_1_790' title='bbox 1118 2454 1309 2481; x_wconf 85' lang='lat' dir='ltr'><strong>incarnatione</strong></span> <span class='ocrx_word' id='word_1_791' title='bbox 1324 2455 1449 2486; x_wconf 78' lang='lat' dir='ltr'><strong>laudans,</strong></span> <span class='ocrx_word' id='word_1_792' title='bbox 1465 2454 1660 2489; x_wconf 80' lang='lat' dir='ltr'><strong>propriamque</strong></span> <span class='ocrx_word' id='word_1_793' title='bbox 1671 2455 1753 2482; x_wconf 88' lang='lat' dir='ltr'><strong>simul</strong></span> 
     </span>
    </p>
   </div>
   <div class='ocr_carea' id='block_1_110' title="bbox 962 2500 1753 2532">
    <p class='ocr_par' dir='ltr' id='par_1_110' title="bbox 962 2500 1753 2532">
     <span class='ocr_line' id='line_1_110' title="bbox 962 2500 1753 2532; baseline 0 -4"><span class='ocrx_word' id='word_1_794' title='bbox 962 2501 1128 2528; x_wconf 83' lang='lat' dir='ltr'><strong>sententiam</strong></span> <span class='ocrx_word' id='word_1_795' title='bbox 1155 2500 1329 2528; x_wconf 76' lang='lat' dir='ltr'><strong>manifestius</strong></span> <span class='ocrx_word' id='word_1_796' title='bbox 1353 2501 1564 2532; x_wconf 76' lang='lat' dir='ltr'><strong>demonstrans.</strong></span> <span class='ocrx_word' id='word_1_797' title='bbox 1588 2501 1646 2528; x_wconf 69' lang='lat' dir='ltr'><strong>hinc</strong></span> <span class='ocrx_word' id='word_1_798' title='bbox 1670 2502 1753 2529; x_wconf 84' lang='lat' dir='ltr'><strong>tradit</strong></span> 
     </span>
    </p>
   </div>
   <div class='ocr_carea' id='block_1_111' title="bbox 964 2547 1755 2582">
    <p class='ocr_par' dir='ltr' id='par_1_111' title="bbox 964 2547 1755 2582">
     <span class='ocr_line' id='line_1_111' title="bbox 964 2547 1755 2582; baseline 0.001 -8"><span class='ocrx_word' id='word_1_799' title='bbox 964 2548 1059 2574; x_wconf 80' lang='lat' dir='ltr'><strong>dicetis</strong></span> <span class='ocrx_word' id='word_1_800' title='bbox 1075 2557 1081 2573; x_wconf 90' lang='lat'><strong>:</strong></span> <span class='ocrx_word' id='word_1_801' title='bbox 1098 2557 1107 2573; x_wconf 80' lang='grc' dir='ltr'><strong>ι</strong></span> <span class='ocrx_word' id='word_1_802' title='bbox 1123 2547 1273 2575; x_wconf 82' lang='lat' dir='ltr'><strong>Verissime</strong></span> <span class='ocrx_word' id='word_1_803' title='bbox 1286 2553 1368 2581; x_wconf 86' lang='lat' dir='ltr'><strong>atque</strong></span> <span class='ocrx_word' id='word_1_804' title='bbox 1388 2547 1603 2581; x_wconf 86' lang='lat' dir='ltr'><strong>prudentissime</strong></span> <span class='ocrx_word' id='word_1_805' title='bbox 1619 2548 1755 2582; x_wconf 78' lang='lat' dir='ltr'><strong>perfectio</strong></span> 
     </span>
    </p>
   </div>
   <div class='ocr_carea' id='block_1_112' title="bbox 967 2592 1753 2628">
    <p class='ocr_par' dir='ltr' id='par_1_112' title="bbox 967 2592 1753 2628">
     <span class='ocr_line' id='line_1_112' title="bbox 967 2592 1753 2628; baseline 0 -7"><span class='ocrx_word' id='word_1_806' title='bbox 967 2599 1013 2622; x_wconf 89' lang='lat' dir='ltr'><strong>tua</strong></span> <span class='ocrx_word' id='word_1_807' title='bbox 1027 2601 1181 2622; x_wconf 89' lang='lat' dir='ltr'><strong>sermonem</strong></span> <span class='ocrx_word' id='word_1_808' title='bbox 1195 2594 1228 2621; x_wconf 92' lang='lat' dir='ltr'><strong>de</strong></span> <span class='ocrx_word' id='word_1_809' title='bbox 1239 2593 1366 2628; x_wconf 81' lang='lat' dir='ltr'><strong>passione</strong></span> <span class='ocrx_word' id='word_1_810' title='bbox 1377 2592 1528 2620; x_wconf 85' lang='lat' dir='ltr'><strong>Salvatoris</strong></span> <span class='ocrx_word' id='word_1_811' title='bbox 1543 2594 1668 2628; x_wconf 74' lang='lat' dir='ltr'><strong>exponit,</strong></span> <span class='ocrx_word' id='word_1_812' title='bbox 1682 2593 1753 2621; x_wconf 82' lang='lat' dir='ltr'><strong>allir-</strong></span> 
     </span>
    </p>
   </div>
   <div class='ocr_carea' id='block_1_113' title="bbox 967 2639 1752 2674">
    <p class='ocr_par' dir='ltr' id='par_1_113' title="bbox 967 2639 1752 2674">
     <span class='ocr_line' id='line_1_113' title="bbox 967 2639 1752 2674; baseline -0.003 -7"><span class='ocrx_word' id='word_1_813' title='bbox 967 2648 1045 2667; x_wconf 88' lang='lat' dir='ltr'><strong>mans</strong></span> <span class='ocrx_word' id='word_1_814' title='bbox 1068 2640 1156 2674; x_wconf 90' lang='lat' dir='ltr'><strong>ipsum</strong></span> <span class='ocrx_word' id='word_1_815' title='bbox 1176 2639 1355 2673; x_wconf 76' lang='lat' dir='ltr'><strong>Unigenitum</strong></span> <span class='ocrx_word' id='word_1_816' title='bbox 1381 2639 1429 2666; x_wconf 84' lang='lat' dir='ltr'><strong>Dei</strong></span> <span class='ocrx_word' id='word_1_817' title='bbox 1459 2639 1576 2670; x_wconf 82' lang='lat' dir='ltr'><strong>Filium,</strong></span> <span class='ocrx_word' id='word_1_818' title='bbox 1601 2639 1752 2667; x_wconf 83' lang='lat' dir='ltr'><strong>secundum</strong></span> 
     </span>
    </p>
   </div>
   <div class='ocr_carea' id='block_1_114' title="bbox 965 2683 1753 2721">
    <p class='ocr_par' dir='ltr' id='par_1_114' title="bbox 965 2683 1753 2721">
     <span class='ocr_line' id='line_1_114' title="bbox 965 2683 1753 2721; baseline 0 -11"><span class='ocrx_word' id='word_1_819' title='bbox 965 2684 1038 2721; x_wconf 80' lang='lat' dir='ltr'><strong>quod</strong></span> <span class='ocrx_word' id='word_1_820' title='bbox 1064 2688 1176 2718; x_wconf 79' lang='lat' dir='ltr'><strong>putatur</strong></span> <span class='ocrx_word' id='word_1_821' title='bbox 1192 2687 1274 2717; x_wconf 85' lang='lat' dir='ltr'><strong>atque</strong></span> <span class='ocrx_word' id='word_1_822' title='bbox 1298 2683 1372 2710; x_wconf 75' lang='lat' dir='ltr'><strong>Deus</strong></span> <span class='ocrx_word' id='word_1_823' title='bbox 1392 2687 1443 2714; x_wconf 87' lang='lat' dir='ltr'><strong>est,</strong></span> <span class='ocrx_word' id='word_1_824' title='bbox 1465 2691 1519 2710; x_wconf 90' lang='lat' dir='ltr'><strong>non</strong></span> <span class='ocrx_word' id='word_1_825' title='bbox 1537 2684 1563 2710; x_wconf 91' lang='lat' dir='ltr'><strong>in</strong></span> <span class='ocrx_word' id='word_1_826' title='bbox 1584 2691 1632 2711; x_wconf 89' lang='lat' dir='ltr'><strong>sua</strong></span> <span class='ocrx_word' id='word_1_827' title='bbox 1656 2689 1753 2710; x_wconf 87' lang='lat' dir='ltr'><strong>natura</strong></span> 
     </span>
    </p>
   </div>
   <div class='ocr_carea' id='block_1_115' title="bbox 966 2729 1752 2764">
    <p class='ocr_par' dir='ltr' id='par_1_115' title="bbox 966 2729 1752 2764">
     <span class='ocr_line' id='line_1_115' title="bbox 966 2729 1752 2764; baseline -0.003 -7"><span class='ocrx_word' id='word_1_828' title='bbox 966 2737 1075 2764; x_wconf 89' lang='lat' dir='ltr'><strong>passum</strong></span> <span class='ocrx_word' id='word_1_829' title='bbox 1098 2737 1158 2756; x_wconf 79' lang='lat' dir='ltr'><strong>esse</strong></span> <span class='ocrx_word' id='word_1_830' title='bbox 1185 2737 1246 2763; x_wconf 75' lang='lat' dir='ltr'><strong>qua:</strong></span> <span class='ocrx_word' id='word_1_831' title='bbox 1272 2733 1336 2756; x_wconf 83' lang='lat' dir='ltr'><strong>sunt</strong></span> <span class='ocrx_word' id='word_1_832' title='bbox 1361 2729 1504 2763; x_wconf 82' lang='lat' dir='ltr'><strong>corporis,</strong></span> <span class='ocrx_word' id='word_1_833' title='bbox 1531 2729 1578 2756; x_wconf 88' lang='lat' dir='ltr'><strong>sed</strong></span> <span class='ocrx_word' id='word_1_834' title='bbox 1607 2729 1701 2763; x_wconf 79' lang='lat' dir='ltr'><strong>potius</strong></span> <span class='ocrx_word' id='word_1_835' title='bbox 1725 2729 1752 2755; x_wconf 88' lang='lat' dir='ltr'><strong>in</strong></span> 
     </span>
    </p>
   </div>
   <div class='ocr_carea' id='block_1_116' title="bbox 967 2775 1752 2810">
    <p class='ocr_par' dir='ltr' id='par_1_116' title="bbox 967 2775 1752 2810">
     <span class='ocr_line' id='line_1_116' title="bbox 967 2775 1752 2810; baseline 0 -8"><span class='ocrx_word' id='word_1_836' title='bbox 967 2775 1090 2803; x_wconf 77' lang='lat' dir='ltr'><strong>terrestri</strong></span> <span class='ocrx_word' id='word_1_837' title='bbox 1122 2780 1218 2803; x_wconf 76' lang='lat' dir='ltr'><strong>natura</strong></span> <span class='ocrx_word' id='word_1_838' title='bbox 1247 2783 1356 2810; x_wconf 76' lang='lat' dir='ltr'><strong>passum</strong></span> <span class='ocrx_word' id='word_1_839' title='bbox 1385 2783 1464 2808; x_wconf 79' lang='lat' dir='ltr'><strong>esse;</strong></span> <span class='ocrx_word' id='word_1_840' title='bbox 1495 2775 1651 2803; x_wconf 79' lang='lat' dir='ltr'><strong>necessarie</strong></span> <span class='ocrx_word' id='word_1_841' title='bbox 1677 2775 1752 2802; x_wconf 69' lang='lat' dir='ltr'><strong>enim</strong></span> 
     </span>
    </p>
   </div>
  </div>
