1966 3089
147 152 215 186 ΗΠ

606 151 827 183 TRACTATUS
845 150 996 181 CONTRA
1016 148 1320 180 MONOPHYSITAS.

1714 144 1781 177 1118

147 210 188 237 ὃτι
216 208 252 235 Τὸ
282 208 409 242 Χριστὸς
437 208 522 244 δνομα
546 206 607 234 οὔτε
631 207 693 241 ὅρου
725 205 841 240 δύναμιν
866 205 955 240 ἔχειμ

1009 203 1135 238 aiquando
1153 210 1214 230 esse
1231 201 1397 237 signiﬁcare,
1412 200 1483 228 sicut
1497 199 1620 235 profecto
1638 198 1781 233 (nomina)

147 253 208 280 οὔτε
225 253 281 288 μὴν
294 253 345 288 τήν
360 261 433 285 τινος
445 253 539 280 οὑσίαν
550 253 567 279 ὂ
578 261 605 279 τι
622 251 687 278 ποτέ
701 253 775 277 ἐστιν
792 250 919 286 σημαίνει
931 258 937 265 ·

148 298 274 334 καθάπερ
295 297 393 333 ἀμέλει
416 297 559 332 ἄνθρωπος
580 296 596 332 ἢ
614 296 698 327 ἵππος
714 295 731 331 ἢ
748 295 823 330 βοῦς.
839 305 848 321 ι
866 295 897 322 Ei
911 295 939 322 δὲ

149 344 220 371 κατὰ
239 344 288 380 τὴν
304 343 357 370 τῶν
373 343 522 378 αἱρετικῶν
545 342 720 378 βλασφημίαν
741 340 835 372 οὐσίας
851 341 941 376 ὑπῆρ-

148 399 196 425 χεν
219 389 370 425 δηλωτικὸν
389 389 420 416 τδ
435 388 562 422 Χριστὸς
576 388 661 423 ὄνομα
674 387 769 422 ὥσπερ
783 387 814 413 τὸ
829 387 939 421 ehi-0pm-

149 443 218 469 πος,
228 436 322 463 πολλοὶ
336 435 450 470 Χριστοὶ
470 434 530 461 κατ’
540 434 639 465 αὐτοὺς
658 433 862 469 εὑρεθήσονται,
875 432 937 459 καθ’

150 481 188 509 ὧν
203 482 233 509 τὸ
253 482 342 509 κοινὸν
363 481 413 516 τῆς
432 480 526 512 οὐσίας
549 480 596 507 τοῦ
611 479 731 516 Χριστοῦ
756 479 900 514 λέγουσιν·
914 479 940 505 εί

150 528 271 556 δὲτοϋτο
287 527 391 559 degat;
408 527 456 553 καὶ
481 525 623 562 ἀλλότριον
651 525 793 557 παντελῶς
810 525 942 560 Χριστια-

151 574 249 610 νισμοῦ
264 571 314 609 (εἷς
343 574 399 609 rip
424 572 526 608 Κύριος
542 572 646 608 Ἰησοῦς
662 572 801 608 Χριστὸς),
822 571 944 607 δηλονότι

152 623 203 650 οὐκ
228 623 275 649 ἐπὶ
302 621 448 656 προσώπου
473 621 555 657 ῆτουν
572 620 749 652 ὑποστάσεως
773 620 805 647 τὸ
819 619 945 654 Χριστὸς

152 668 334 705 ὁμολογεῖται,

188 715 375 749 Σκοπήσωμεν
396 714 425 740 δὲ
447 713 494 741 καὶ
519 714 606 746 άλλως
626 713 658 749 ἥν
687 712 743 748 ἔχει
764 711 897 748 διαφορὰν
912 710 942 738 τὸ

154 760 205 796 τῆς
218 759 373 795 οἰκονομίας
388 760 539 795 μυστήριον
557 760 624 795 προς
637 759 668 786 τὸ
685 759 756 785 κατὰ
775 758 820 785 τὸν
834 757 943 793 ἄνθρω-

155 814 206 833 πον
222 805 384 840 ὑπόδειγμα.
404 806 432 832 ’0
446 806 494 841 μὲν
505 806 560 841 γὰρ
576 805 719 841 ἄνθρωπος
729 806 779 840 τῆς
793 803 882 840 ψυχῆς
896 803 944 831 καὶ

157 851 283 887 σώματος
298 851 449 886 σύγκειται,
463 852 626 886 ἀμφοτέρων
641 851 759 879 κτιστῶν
767 858 774 866 ⁸
785 852 799 877 ὁ
807 851 836 878 δὲ
843 851 944 886 Κύριος

157 897 235 932 ἡμῶν
258 897 361 932 Ἰησοῦς
381 897 500 932 Χριστος
521 897 587 929 Θεὸς
611 897 658 924 καὶ
681 897 824 932 ἄνθρωπος
837 897 851 922 ὀ
866 896 946 927 αὐτὸς

157 943 300 978 ὑπάρχων,
310 942 380 969 κατὰ
397 943 445 976 μὲν
460 943 509 977 τὴν
525 942 642 977 θεότητσ.
656 943 704 969 καὶ
723 942 888 977 προαιώνιος
904 941 952 969 καὶ

158 989 286 1020 ἄκτιστός
298 991 384 1021 ἐστιν,
401 989 470 1016 κατὰ
494 989 523 1015 δὲ
545 989 595 1024 τὴν
620 989 817 1024 ἀνθρωπότητα
837 989 883 1016 καὶ
894 997 954 1015 κτι-

161 1036 221 1067 στδς
233 1036 282 1062 καὶ
296 1037 324 1062 ἐν
339 1035 436 1071 χρόνῳ·
450 1035 510 1062 ὅθεν
522 1035 648 1067 ἄκτιστος
660 1035 761 1067 ὁαὺτδς
774 1036 821 1062 καὶ
834 1035 952 1068 κτιστδς,

161 1082 273 1116 ἄχρονος
282 1081 329 1109 καὶ
337 1083 366 1108 ἐν
381 1081 479 1117 χρόνῳ.
491 1082 545 1108 Καὶ
557 1081 600 1108 διὰ
616 1081 692 1108 τοῦτο
705 1083 786 1116 ἡμεῖς
798 1081 887 1109 πάντα
894 1081 954 1113 ἑνὸς

161 1127 209 1153 καὶ
219 1127 267 1153 τοῦ
280 1126 361 1153 αὑτοῦ
372 1126 617 1161 ὀμολογοῦντες,τὰ
631 1127 679 1161 μὲν
691 1128 724 1162 τῇ
738 1127 810 1162 θείᾳ,
826 1127 861 1154 τὰ
877 1126 905 1153 δὲ
918 1127 952 1162 τῇ

161 1170 409 1206 ἀνθρωπίνῃαὺτοῦ
419 1170 582 1206 λογιζόμεθα
599 1171 688 1205 φύσει.
706 1171 882 1206 Ἀκούσωμεν
899 1171 954 1206 γὰρ

162 1216 263 1242 καὶτοῦ
274 1217 302 1242 ἐν
311 1217 398 1250 ἁγίοις
412 1217 532 1252 Πρόκλου
546 1218 574 1244 ὲν
586 1217 672 1253 τῷείς
680 1218 729 1253 τὴν
738 1218 868 1244 Θεοτόκον
883 1217 955 1253 λόγῳ

163 1262 197 1289 τὰ
207 1262 384 1297 παραπλήσια
393 1262 497 1293 τούτοις
506 1263 579 1298 ἡμᾶς
589 1263 803 1295 ὲκδιόάσκοντος’
815 1263 891 1298 λέγει
901 1264 955 1300 γὰρ

164 1309 261 1340 οὕτως’
275 1318 284 1334 ι
297 1309 381 1340 Τόκος
392 1310 551 1345 παράδοξος,
559 1311 630 1346 ἁρχὴ
641 1311 689 1337 καὶ
697 1311 825 1346 οὑκάρχὴ
836 1311 883 1337 τοῦ
892 1319 956 1345 τεχ-

166 1353 257 1384 θέντος
269 1353 332 1387 ’τῆς
341 1353 390 1388 μὲν
400 1354 455 1388 γὰρ
464 1354 672 1389 ἀνθρωπᾶτητος
682 1355 797 1389 γέγονεν
804 1354 875 1390 ἀρχὴ
885 1376 891 1387 ,
903 1355 920 1389 ἡ
927 1355 956 1381 δὲ

166 1399 262 1434 θεότης
288 1398 395 1434 ἔμεινεν
409 1400 535 1436 ἄναρχος.
555 1410 564 1426 ι
589 1401 634 1436 Μὴ
651 1401 853 1428 ἁπατάσοωσαν
863 1400 954 1427 τοίνυν

166 1444 191 1470 ei
205 1443 353 1479 ἂνθρωποι,
373 1444 440 1479 μηδὲ
454 1444 648 1476 ἀπατάτωσαν,
661 1445 692 1470 ὲκ
708 1444 754 1470 τοῦ
771 1444 841 1470 κατὰ
852 1444 896 1470 τὸν
909 1443 956 1470 ἄν-

168 1490 276 1525 θρωπον
289 1490 499 1524 ὑποδείγματος,
515 1491 579 1526 μιᾶς
595 1491 687 1522 οὐσίας
702 1489 770 1517 εἶναι
782 1490 827 1517 τὸν
840 1490 957 1525 Χριστὸν

990 249 1083 282 homo,
1099 257 1147 276 seu
1163 256 1263 283 equus,
1278 256 1326 275 seu
1339 248 1400 275 bos.
1421 257 1430 272 ι
1448 246 1476 273 Si
1495 251 1585 273 autem
1603 245 1681 280 juxta
1695 245 1783 271 haere—

981 297 1108 336 ticorum
1142 295 1343 330 blasphemiam
1373 302 1475 321 nomen
1504 292 1622 320 Christus
1653 296 1682 322 ιιι
1707 292 1784 318 homo

990 342 1152 370 substantia;
1176 341 1391 377 signiﬁcativum
1417 339 1478 372 fuit,
1496 339 1576 366 multi
1592 337 1693 366 Christi
1707 337 1785 371 juxta

989 389 1054 415 illos
1076 388 1264 420 invenientur,
1287 383 1389 422 quibus
1404 392 1579 414 communem
1603 382 1785 411 substantiam

990 435 1093 463 Christi
1109 435 1222 467 dicunt;
1237 435 1259 462 si
1278 443 1344 461 vero
1361 435 1414 461 hoc
1432 433 1547 468 impium
1566 432 1648 458 fuerit
1661 429 1786 457 omnino-

994 490 1047 517 que
1061 482 1181 509 alienum
1196 489 1209 508 a
1223 480 1449 511 Christianismo.
1467 486 1539 506 unus
1556 478 1630 505 enim
1647 481 1689 504 est
1707 475 1786 503 Jesus

995 527 1133 564 Christus,
1145 526 1290 559 evidenter
1302 533 1358 552 non
1371 525 1398 552 in
1411 532 1527 560 persona
1543 527 1591 550 aut
1604 522 1631 549 iu
1646 519 1786 557 hypostasi

997 572 1138 600 Christum
1150 570 1327 599 conﬁtentur.

1031 707 1224 745 Expeudemus
1238 712 1329 737 autem
1345 708 1424 736 aliter
1439 712 1521 743 quam
1537 703 1721 734 differentiam
1737 702 1786 730 ha-

996 757 1060 784 beat
1071 757 1232 784 oeconomia.-
1247 755 1407 791 mysterium
1419 753 1452 780 ad
1469 751 1609 786 exemplar
1623 758 1657 777 cx
1675 748 1786 776 homine

997 808 1147 838 stuuptum.
1180 802 1266 829 Homo
1290 800 1401 836 quidem
1429 806 1474 834 ex_
1488 798 1577 825 anima
1612 801 1640 823 et
1672 801 1788 829 corpore

996 855 1039 878 est
1067 849 1253 885 compositus,
1282 852 1400 882 utroque
1425 850 1534 877 creato;
1563 843 1694 870 Dominus
1724 849 1791 867 \ero

1003 901 1097 924 noster
1111 895 1190 924 Jesus
1208 895 1335 922 Christus
1356 893 1429 920 Deus
1450 892 1577 926 idemque
1597 889 1690 919 homo,
1714 887 1790 922 juxta

1003 942 1114 978 quidem
1138 941 1328 973 divinitatem,
1351 943 1472 966 aeternus
1509 938 1700 968 increatnsque
1738 933 1790 964 est,

1001 989 1078 1024 juxta
1091 995 1157 1014 vero
1171 986 1371 1020 humanitatem
1383 988 1508 1012 creatura
1524 986 1566 1009 est
1581 986 1662 1015 atque
1679 981 1705 1006 iu
1720 983 1791 1005 tem-

1003 1041 1071 1069 pore
1089 1033 1207 1068 genitus.
1225 1032 1303 1060 Unde
1325 1024 1398 1058 idem
1419 1034 1461 1058 est
1476 1030 1614 1056 increatus
1627 1031 1655 1054 et
1671 1030 1790 1057 creatus,

1004 1084 1067 1107 ante
1090 1083 1213 1113 tempora
1234 1085 1266 1105 ac
1281 1078 1308 1104 in
1329 1081 1470 1111 tempore;
1487 1079 1686 1110 proptereaque
1700 1070 1791 1097 omnia

1004 1125 1038 1153 de
1064 1132 1119 1152 uno
1140 1124 1293 1158 eodemque
1322 1130 1373 1152 nos
1395 1121 1572 1151 confitentes,
1597 1119 1649 1146 alia
1676 1117 1791 1147 divinae,

1005 1171 1058 1198 alia
1081 1178 1147 1198 vero
1173 1170 1300 1197 humanm
1325 1169 1386 1203 ejus
1412 1172 1516 1194 naturae.
1545 1165 1703 1192 tribuimus.
1730 1164 1794 1190 Au—

1005 1217 1113 1245 diamus
1135 1217 1207 1243 enim
1228 1215 1310 1242 etiam
1328 1217 1452 1242 sanctum
1476 1212 1600 1239 Proelum
1618 1211 1645 1237 in
1666 1216 1794 1237 sermone

1006 1264 1039 1290 de
1072 1263 1157 1290 Matre
1196 1261 1262 1293 Dei,
1288 1260 1387 1288 similia
1414 1259 1456 1286 his
1484 1258 1645 1289 docentem;
1675 1255 1714 1282 sic
1743 1262 1794 1281 alt-

1006 1314 1061 1338 tem
1085 1310 1232 1344 loquitur:
1258 1318 1267 1334 (
1291 1307 1423 1334 Mirabilis
1451 1310 1556 1340 partus,
1577 1304 1740 1339 principium
1762 1310 1796 1329 ac

1006 1363 1061 1383 non
1084 1355 1251 1390 principium
1273 1355 1332 1389 ejus
1356 1354 1400 1388 qui
1426 1353 1476 1379 l'uit
1501 1352 1609 1382 editus;
1637 1349 1794 1377 humanita—

1007 1402 1043 1430 tis
1065 1402 1139 1429 enim
1165 1401 1255 1428 factus
1279 1406 1321 1428 est
1347 1400 1524 1435 principium,
1547 1396 1678 1424 divinitas
1703 1400 1797 1423 autem.

1007 1448 1139 1475 remansit
1161 1447 1220 1475 sine
1247 1446 1395 1481 principio.
1415 1454 1423 1471 ι
1449 1445 1489 1471 Ne
1516 1443 1599 1478 igitur
1622 1442 1800 1476 decipiantur

1007 1494 1052 1522 isti
1071 1494 1196 1521 homines
1218 1500 1308 1527 neque
1329 1491 1484 1526 decipiant,
1507 1498 1539 1517 ex
1556 1488 1681 1523 exemplo
1698 1495 1797 1514 secun-

167 1535 392 1570 τερατευόμενοιο
408 1535 442 1562 τὰ
464 1536 517 1570 γὰρ
542 1535 729 1569 ὑποδείγματα
741 1535 771 1561 οὑ
787 1534 830 1561 διὰ
848 1534 955 1560 πάντων

1009 1539 1075 1565 dum
1103 1539 1243 1566 hominem
1274 1541 1402 1572 sumpto,
1433 1535 1515 1562 unius
1549 1542 1609 1562 esse
1638 1532 1796 1563 substantia:

168 1582 249 1616 ὅμοιά
264 1582 337 1607 ἐστιν
351 1581 465 1612 ἐκείνοις
475 1600 482 1611 .
498 1578 534 1607 ὧν
551 1582 590 1611 εἰς
602 1580 752 1614 ὑπόδειγμα
765 1578 955 1613 λαμὸἁνεται·

169 1630 194 1655 εἰ
214 1628 268 1664 γὰρ
284 1628 326 1655 διὰ
340 1627 447 1659 πάντως
471 1628 552 1661 ὅμοια
566 1627 664 1660 εὑρεθῇ
679 1645 686 1656 ,
702 1625 735 1651 τὰ
754 1624 823 1650 αὐτὰ
846 1624 955 1655 πάντως

170 1676 247 1702 ἔσται
257 1674 305 1701 καὶ
314 1675 344 1700 οὑ
358 1673 576 1708 παραδείγματα.
594 1671 647 1698 Καὶ
666 1672 678 1697 ὁ
694 1671 722 1697 ἐν
733 1671 821 1704 ἁγίοις
836 1670 888 1705 γὰρ
900 1669 956 1696 Κύ-

173 1720 260 1754 ριλλος
275 1721 335 1746 κατ’
352 1719 428 1745 οὐδὲν
441 1719 533 1754 ἕτερον
552 1717 591 1752 τῷ
603 1717 648 1744 τοῦ
661 1716 805 1749 ἀνθρώπου
823 1715 956 1750 κέχρηται

171 1764 389 1799 ’παραδείγμασιἸ
404 1763 473 1799 πλὴν
486 1762 530 1788 διὰ
547 1763 625 1797 μόνον
640 1763 669 1788 τὸ
681 1761 806 1788 ἐκϐαλεῖν
821 1760 870 1795 τὴν
882 1759 957 1786 Παύ-

170 1810 218 1836 λου
232 1809 278 1836 καὶ
293 1808 440 1844 Νεστορίου
457 1807 641 1843 βλασφημίαν,
656 1807 709 1834 τῶν
720 1806 894 1841 διαιρούντων
908 1806 957 1836 τὰς

173 1855 269 1891 φύσεις
279 1855 326 1882 ἀπ’
341 1855 472 1890 ἀλλήλων,
488 1855 533 1881 καὶ
549 1854 588 1885 είς
603 1853 648 1880 δύο
658 1853 790 1888 πρόσωπα
801 1854 883 1888 ἦγουν
896 1852 959 1878 ὑπο-

173 1902 282 1933 στάσεις
295 1901 396 1932 ταύτας
404 1900 606 1935 λαμὸανόντων,
621 1900 668 1926 καὶ
678 1900 803 1926 ἐντεῦθεν
817 1899 864 1926 δύο
877 1899 960 1930 Υίοὺς

172 1947 424 1982 καὶ.δύοΧριστοὺς
438 1946 580 1979 λεγόντων,
600 1945 648 1971 ἕνα
662 1945 710 1980 μὲν
724 1945 770 1971 τὸν
784 1945 817 1971 ὲκ
831 1944 878 1971 τοῦ
890 1943 958 1970 Θεοῦ

173 1994 221 2020 καὶ
233 1993 338 2027 Harpe;
353 1993 434 2025 Υἱὺν,
450 1991 542 2028 ἓτερον
561 1991 589 2018 δὲ
613 1992 657 2018 τὸν
673 1992 705 2018 ἐκ
723 1993 770 2026 τῆς
793 1990 871 2025 ἁγίας
886 1991 959 2024 Παρ-

127 2046 131 2048 ί
174 2039 251 2065 θένου
263 2040 310 2066 καὶ
324 2039 454 2066 Θεοτόχου
474 2039 584 2074 Μαρίας
598 2038 832 2065 ἁναπλαττόντων.
857 2038 899 2068 Ὦς
917 2036 960 2063 διὰ

174 2085 254 2112 τοῦτο
266 2085 333 2121 μηδὲ
345 2085 475 2112 Θεοτόκον
487 2085 569 2121 αὐτὴν
581 2085 644 2120 παρ’
657 2085 746 2112 αὐτῶν
759 2085 959 2120 ὁμολιγεῖσθαι,

174 2131 244 2158 ἀλλὰ
257 2132 302 2158 τὸν
325 2131 355 2163 ἐξ
368 2131 453 2166 αὑτῆς
470 2131 634 2166 γεννηθέντα
644 2151 652 2163 ,
668 2131 745 2166 ψιλὸν
759 2131 901 2166 ἄνθρωπον
916 2131 960 2157 λέ-

176 2177 281 2210 γεσθαι,
306 2177 396 2212 χάριτι
417 2177 446 2203 δὲ
466 2176 513 2204 καὶ
531 2176 666 2203 οἰκειώσει
678 2177 723 2203 καὶ
747 2177 837 2211 σχέσει
849 2178 881 2211 τῇ
895 2177 962 2212 πρὸς

1008 1584 1149 1611 Christum
1168 1583 1349 1616 mentientes;
1368 1580 1534 1616 exemplaria
1557 1580 1630 1607 enim
1654 1586 1708 1605 non
1733 1581 1797 1604 sunt

1010 1631 1036 1658 in
1050 1630 1179 1658 omnibus
1194 1630 1292 1657 similia
1306 1630 1359 1657 illis
1371 1636 1489 1664 quorum
1504 1632 1650 1655 sumuntur
1662 1626 1688 1652 in
1704 1633 1794 1652 exem-

1010 1677 1085 1713 plar;
1100 1677 1122 1704 si
1144 1677 1216 1704 enim
1232 1676 1345 1703 omnino
1367 1675 1468 1702 similia
1485 1674 1684 1701 invenirentur.
1702 1670 1797 1698 eadem

1011 1723 1123 1751 omnino
1147 1726 1317 1754 essent,uon
1338 1720 1515 1755 exemplaria.
1542 1719 1657 1745 Sanctus
1681 1716 1799 1752 Cyrillus

1011 1773 1103 1796 autem
1122 1768 1248 1802 exemplo
1271 1767 1390 1793 hominis
1405 1766 1438 1792 ad
1463 1764 1532 1792 nihil
1547 1763 1619 1790 aliud
1637 1763 1724 1789 utitur
1746 1761 1796 1788 uisi

1011 1814 1045 1842 ad
1069 1813 1267 1848 proﬂigandam
1291 1811 1367 1839 Pauli
1393 1818 1425 1837 ac
1450 1808 1567 1837 Nestorii
1591 1807 1798 1842 blasphemiam,

1012 1859 1195 1886 dividentium
1224 1862 1337 1885 naturas
1359 1857 1392 1883 ab
1407 1856 1525 1883 invicem
1539 1855 1654 1888 illasque
1681 1853 1707 1879 in
1731 1852 1799 1879 duas

1013 1913 1145 1940 personas
1164 1905 1206 1931 vel
1221 1904 1382 1939 hypostases
1397 1899 1702 1936 comprehendendum,
1722 1897 1801 1924 inde.

1013 1958 1066 1985 que
1078 1950 1147 1977 duos
1163 1950 1244 1977 Filios
1256 1949 1379 1982 duosque
1391 1947 1516 1974 Christos
1528 1945 1695 1975 dicentium,
1715 1950 1806 1969 unuuv

1014 1995 1125 2030 quidem
1145 2003 1177 2022 ex
1194 1995 1249 2021 Deo
1268 1998 1296 2021 et
1320 1994 1400 2020 Patre
1416 1991 1526 2023 Filium,
1541 1991 1657 2018 alterum
1682 1997 1745 2016 vero
1768 1996 1807 2015 ex.

1014 2041 1100 2068 Matre
1128 2040 1161 2067 de
1183 2040 1265 2067 Maria
1290 2039 1462 2074 ﬁngentium.
1478 2038 1596 2072 Propter
1617 2037 1669 2063 hoc
1690 2036 1805 2062 Matrem

1015 2089 1062 2116 Dei
1078 2089 1151 2115 illam
1166 2096 1220 2115 non
1237 2086 1413 2118 confitentur,
1427 2085 1473 2112 sed
1487 2085 1533 2119 qui
1547 2084 1580 2110 de
1598 2083 1642 2110 illa
1659 2087 1738 2109 natus
1749 2085 1807 2113 est,

1015 2142 1121 2162 merum
1137 2134 1276 2161 hominem
1288 2133 1403 2164 dicunt;
1421 2130 1555 2158 charitnte
1570 2137 1644 2160 vero,
1662 2127 1809 2155 l'aiuiliari—-

1017 2184 1082 2212 tate,
1110 2179 1349 2213 relationibusque
1370 2178 1427 2205 suis
1449 2184 1512 2211 erga
1530 2175 1629 2203 Filium
1652 2173 1807 2202 secundqu

175 2223 223 2248 τὴν
233 2222 302 2249 κατὰ
315 2222 394 2257 φύσιν
410 2222 484 2256 Υίὺν,
495 2223 544 2258 τῆς
556 2223 678 2257 υιότητος
690 2223 722 2249 ἐκ
733 2223 872 2258 προκοπῆς
882 2223 950 2257 ὴξιῶ

1016 2231 1161 2258 naturam,
1181 2225 1207 2252 in
1228 2230 1369 2260 posterum
1389 2222 1591 2250 maternitatem
1610 2221 1731 2247 divinam
1747 2228 1802 2247 me.

178 2268 254 2297 σθαι.

213 2312 282 2347 Πρὸς
291 2311 426 2344 ἀπόδειξιν
434 2312 462 2339 δὲ
474 2311 521 2339 τοῦ
534 2312 669 2339 ὅτιταῦτα
681 2312 766 2344 οὕτως
784 2313 964 2348 ὲῦλασφήμη-

178 2367 228 2384 σαν
245 2358 350 2389 Παῦλός
363 2367 393 2384 τε
409 2359 455 2385 καὶ
477 2359 634 2395 Νεστόριος,
649 2361 681 2386 ὲκ
695 2360 749 2386 τῶν
764 2360 965 2395 γεγραμμένων

178 2404 270 2435 αὑτοῖς
282 2403 415 2430 ἀσεϐειῶν
430 2404 524 2437 ὀλίγας
536 2405 721 2441 παρεθέμεθα,
735 2405 784 2441 τὴν
794 2405 897 2432 τούτων
916 2414 967 2440 μα-

179 2450 238 2476 νί-ιν
260 2450 328 2475 πᾶσι
351 2450 523 2485 Χριστιανοῖς
547 2451 760 2486 στηλιτεύοντες.
777 2452 858 2485 Λέγει
875 2451 938 2485 γοῦν
953 2452 967 2478 ὀ

178 2495 280 2531 ἀσεϐὴς
305 2496 410 2526 Παῦλος
432 2496 461 2522 ὲν
487 2498 541 2527 τοῖς
565 2498 628 2532 περί
646 2497 727 2524 αὑτοῦ
751 2497 968 2533 πεπραγμένοις

182 2550 191 2566 ι
212 2540 348 2575 Συνῆλθεν
373 2542 386 2568 ὁ
413 2542 498 2575 Λόγος
515 2542 552 2576 τῷ
574 2543 605 2568 ὲκ
624 2543 706 2569 Δαόὶδ
727 2544 928 2579 γεγεννημένῳ,
938 2543 967 2574 ὃς

180 2587 254 2614 ἔστιν
285 2588 388 2623 Ἰησοῦς
416 2589 532 2623 Χριστὸς
554 2590 567 2615 ὁ
592 2589 730 2624 γεννηθεὶς
757 2591 789 2616 ὲκ
813 2589 968 2625 Πνεύματος

181 2632 270 2665 ἁγίου.
283 2633 338 2658 Καὶ
348 2632 442 2659 τοῦτον
458 2633 506 2666 μὲν
518 2633 634 2668 ἤνεγκεν
646 2635 663 2668 ἡ
676 2634 811 2669 Παρθένος
823 2635 867 2661 διὰ
882 2634 968 2661 lived-

184 2685 268 2712 ματος
282 2678 372 2711 ἁγίου,
392 2678 496 2704 ἐκεῖνον
510 2677 537 2703 δὲ
552 2677 596 2704 τὸν
616 2678 701 2711 Λόγον
716 2678 860 2712 ἐγέννησεν
874 2680 888 2705 ὁ
903 2679 969 2711 Θεὸς

182 2724 248 2750 ἄνευ
272 2724 409 2760 Παρθένον
436 2724 483 2751 καὶ
513 2725 576 2752 ἄνευ
600 2725 672 2756 τινὸς
691 2724 808 2758 οὐδενὸς,
833 2725 903 2761 πλὴν
923 2725 969 2752 τοῦ

184 2769 270 2795 Θεοῦο
283 2771 333 2796 καὶ
348 2770 433 2802 οὕτως
448 2770 552 2806 ὑπέστη
566 2772 580 2798 ὁ
592 2770 687 2804 Λόγος.
705 2780 714 2796 ι
728 2771 781 2798 Καὶ
798 2772 878 2798 πάλιν
896 2773 909 2798 ό
923 2772 971 2798 αὑ-

185 2814 231 2846 τὸς
242 2815 341 2850 ἀσεϐὴς
356 2816 460 2848 Παῦλος
472 2817 544 2851 λέγει
559 2826 565 2831 ·
583 2826 592 2842 ι
619 2817 647 2843 '0
664 2817 748 2850 Λόγος
764 2817 864 2852 μείζων
878 2816 911 2854 ἦν
924 2819 970 2845 τοῦ

185 2859 321 2895 Χριστοῖν
347 2861 461 2896 Χριστὺς
483 2862 526 2889 διὰ
547 2862 643 2897 cro-piari
667 2863 766 2898 μείζων
791 2863 915 2897 ἐγένετο·
943 2864 971 2890 τὸ

1017 2276 1085 2298 runt.

1052 2317 1093 2344 Ad
1111 2316 1282 2351 probandum
1310 2315 1423 2343 Paulum
1450 2323 1483 2342 ac
1500 2314 1658 2342 Nestorium
1686 2313 1726 2340 sic
1743 2313 1803 2340 bla—

1019 2362 1192 2397 sphemasse,
1207 2362 1333 2396 quaedam
1357 2370 1391 2388 ex
1411 2368 1508 2388 eorum
1524 2360 1635 2394 scriptis
1649 2359 1740 2392 impiis
1763 2363 1805 2384 at-

1020 2408 1145 2438 tulimus.
1161 2408 1290 2435 omuibus
1300 2407 1466 2434 Christianis
1485 2405 1619 2434 insaniam
1641 2412 1738 2432 eoruln
1758 2404 1807 2431 de-

1020 2454 1186 2481 nuntiantia.
1204 2453 1266 2480 llaec
1278 2453 1388 2488 quidem
1404 2453 1472 2480 dicit
1491 2453 1591 2487 impius
1608 2451 1707 2478 Paulus
1722 2450 1749 2477 in
1764 2450 1812 2476 his.

1021 2507 1082 2534 quae
1109 2499 1144 2526 de
1165 2499 1218 2526 hoc
1238 2499 1367 2533 scripsit:
1387 2509 1394 2524 I
1411 2499 1530 2526 Verbum
1555 2506 1584 2525 se
1609 2497 1751 2531 conjunxit
1772 2496 1811 2523 atl-

1023 2545 1099 2572 illum
1116 2544 1163 2579 qui
1181 2552 1214 2571 ex
1241 2545 1324 2572 David
1344 2544 1435 2572 fuerat
1457 2545 1577 2580 genitus,
1597 2544 1643 2579 qui
1663 2548 1706 2571 est
1730 2544 1811 2571 Iesus

1021 2590 1148 2617 Christus
1163 2595 1313 2624 conceptus
1334 2590 1367 2617 de
1391 2589 1494 2624 Spiritu
1514 2594 1620 2617 sancto.
1646 2590 1725 2616 lluuc
1748 2589 1812 2623 qui—

1023 2635 1084 2663 dem
1099 2635 1200 2663 virtute
1213 2635 1334 2670 Spiritus
1356 2636 1445 2663 sancti
1462 2636 1544 2671 Virgo
1570 2636 1712 2671 portavit,
1740 2635 1809 2662 illud

1023 2689 1089 2708 vero
1109 2681 1228 2709 Verbum
1245 2682 1304 2709 sine
1323 2681 1436 2717 Virgine
1456 2682 1570 2716 sineque
1594 2682 1678 2709 ullius
1694 2681 1807 2710 auxilio.

1024 2733 1139 2763 excepto
1158 2729 1224 2760 Deo.
1250 2728 1345 2764 genuit
1358 2729 1447 2762 Deus,
1480 2730 1574 2764 sicque
1597 2729 1721 2756 substitit
1740 2728 1807 2754 Ver—

1025 2774 1100 2801 bum.
1124 2784 1132 2800 ι
1154 2775 1228 2802 Idem
1243 2780 1334 2802 autem
1357 2775 1458 2810 impius
1473 2776 1571 2803 Paulus
1581 2776 1648 2802 dicit
1668 2783 1673 2800 :
1688 2774 1809 2802 Verbum

1024 2821 1113 2855 majus
1127 2824 1186 2847 erat
1196 2821 1323 2854 Christo;
1336 2821 1463 2849 Christus
1477 2821 1617 2857 sapientiae
1624 2820 1711 2856 gratia
1723 2819 1810 2854 major

1026 2866 1116 2892 factus
1133 2869 1190 2892 est:
1203 2866 1372 2901 majestalcm
1388 2867 1527 2902 sapit-utne
1540 2875 1572 2895 ne
1585 2866 1808 2894 subtrahamusa
