1966 3089
155 125 219 158 1121

613 126 834 158 TRACTATUS
853 126 1001 156 CONTRA
1024 125 1321 156 MOXOI’HYSITAS.

1714 124 1782 157 1122

152 184 282 211 Θιοτόκον
296 183 333 219 μὴ
353 183 493 219 ὁμολογεῖν
506 190 513 198 ·
529 183 576 210 καὶ
602 184 670 219 μήτε
695 184 848 219 προφήταις
875 184 936 218 μήτε

997 182 1212 209 confutationem
1236 187 1327 209 autem
1355 181 1465 208 illorum
1486 180 1635 217 impietatis
1652 189 1739 216 pauca
1750 190 1784 210 ex

154 229 329 264 Εὐαγγελίοις
357 230 427 266 μήτε
456 231 513 261 τοῖς
545 229 732 261 ἀποστολικοϊς
765 229 939 266 κηρύγμασιν

152 274 321 301 ἀκολουθεῖν.
353 274 426 309 Πρὸς
442 273 563 308 ἑλεγχον;
573 273 601 300 δὲ
619 273 670 308 τῆς
691 273 781 300 αὐτῶν
801 274 938 305 ἀσεϐείας.

151 321 245 355 ὀλίγας
260 320 292 346 ἐκ
312 319 416 346 πολλῶν
428 318 569 354 Γραφικὰς
585 319 758 354 παρεθέμεθα
776 320 938 355 μαρτυρίας.

158 365 294 402 Ἱερεμίας
312 365 376 401 γὰρ,
395 374 422 392 κ.
435 374 461 392 τ.
473 365 498 392 λ.
518 366 558 399 (1)
580 364 654 400 [ϐοά.
670 374 696 400 p.
708 365 785 401 222.]
799 367 844 391 Δεῖ
853 366 880 392 δὲ
895 366 940 392 τὸν

152 411 373 446 ἀναγινώσκοντα
387 410 532 446 προσέχειν
546 411 601 441 τοῖς
618 409 665 436 τοῦ
681 410 815 445 Κυρίλλου
828 410 917 445 λόγοις
931 419 938 426 ·

152 457 237 484 εἰπὼν
254 456 307 491 γὰρ
331 457 382 483 οὐκ
398 456 530 491 ἀνάχυσιν
552 465 612 482 τινα
623 456 672 490 τὴν
684 457 724 487 εἰς
739 455 870 491 ἀλλήλους
887 456 940 483 τῶν

152 504 259 537 φύσεων
271 502 438 537 πεπρᾶχθαι,
455 502 547 537 μένειν
563 502 591 528 δὲ
607 501 706 537 μᾶλλον
718 502 851 537 ἑκατέραν
867 503 895 528 ὲν
906 503 939 538 τῇ

153 551 259 580 ἑνώσει.
277 549 355 576 τοῦτο
372 549 440 584 ὅπερ
451 548 510 574 ἐστὶ
527 548 619 582 σαφῶς
637 548 758 575 διδάσκει
773 549 820 579 τὰς
834 548 880 575 δύο
895 549 941 582 φύ-

155 605 209 628 σεις
221 596 271 630 τῆς
291 595 418 629 θεότητος
431 594 478 620 καὶ
497 594 547 628 τῆς
562 593 773 628 ἀνθρωπότητος
785 614 791 625 ,
809 595 838 620 ὲν
848 593 886 628 τῷ
901 594 940 620 ἐνὶ

155 641 290 677 προσώπῳ
302 640 348 667 τοῦ
362 640 464 675 Κυρίου
475 639 556 674 ἡμῶν
574 638 660 674 Ἰησοῦ
675 639 792 674 Χριστοῦ
806 639 940 672 σώζεσθαί

151 696 181 714 τε
197 688 244 714 καὶ
258 686 458 721 ὁμολογεῖσθαι.
485 685 530 717 Ἐξ
552 681 589 711 ὧν
602 684 809 720 συνωθούμενοι
827 685 850 711 οἱ
866 685 940 719 αἱρε-

133 734 233 766 .τικοὶ,
255 734 351 768 ἑτέραν
376 732 457 758 πάλιν
482 730 635 758 ἐπινοοῦσιν
663 731 809 757 ἀσέϐειαν·
830 730 878 757 καὶ
896 730 941 757 διὰ

150 780 253 814 ταύτης
270 779 319 814 τὴν
339 778 475 813 προτέραν
500 777 659 804 ὲπισκιάσαι
676 776 844 812 βουλόμενοι.
862 776 940 802 Ἐστι

151 826 206 860 γὰρ
222 825 267 851 ὅτε
298 825 344 851 καὶ
372 824 435 858 μίαν
460 822 586 849 σύνθετον
612 822 813 849 ἀναπλάττουσι
838 821 938 856 φύσιν·

991 227 1118 263 plurimis
1131 227 1289 255 testimonia
1303 227 1508 262 Scripturarum
1527 227 1682 262 selegimus.
1697 227 1787 262 Opor-

992 277 1031 301 tet
1048 278 1139 301 autem
1163 277 1192 300 ut
1223 273 1310 299 lector
1325 273 1465 300 adhmreat
1481 273 1575 308 Cyrilli
1590 273 1764 300 sermonibus
1781 282 1789 300 :

990 323 1134 354 postquam
1153 319 1226 345 enitn
1242 319 1310 345 dixit
1327 319 1430 345 nullam
1454 318 1616 346 cil’nsioncm
1629 324 1789 346 naturarum

992 363 1020 390 in
1033 372 1062 391 se
1076 364 1195 391 invicem
1212 364 1310 390 factum
1322 364 1419 396 fuisse,
1429 364 1582 391 subsistere
1594 368 1685 391 autem
1698 364 1790 399 potius

992 415 1214 443 unamquamque
1226 408 1252 435 in
1266 409 1381 440 unitate,
1396 409 1449 435 hoc
1459 409 1531 443 quod
1544 417 1640 436 verum
1653 414 1705 441 est,
1715 409 1790 436 clare

991 453 1082 485 docet,
1102 454 1210 481 scilicet
1220 453 1288 481 duas
1300 458 1414 481 naturas
1428 454 1582 481 divinitatis
1594 459 1676 489 atque
1692 455 1790 482 huma-

992 500 1088 527 nitatis
1110 500 1136 526 in
1153 508 1205 527 una
1223 508 1340 535 persona
1363 500 1472 526 Domini
1496 500 1585 527 nostri
1603 500 1667 527 Jesu
1683 500 1788 532 Christi

992 546 1090 573 salvari
1103 553 1134 573 ac
1144 545 1230 572 credi.
1244 546 1283 572 Ex
1297 545 1341 572 his
1352 545 1560 580 progredientes
1571 546 1706 579 haretici,
1718 547 1789 573 alte-

992 600 1050 619 ram
1077 591 1176 619 iterum
1193 592 1370 626 excogitant,
1386 592 1568 626 impietatem,
1591 593 1712 627 priorem
1742 592 1788 619 illa

992 630 1136 672 protegere
1163 638 1301 665 volentes.
1329 637 1441 665 SciliCct
1464 643 1588 665 naturam
1607 638 1788 673 compositam

992 683 1185 717 imaginantur,
1199 682 1367 717 ignorantes,
1387 683 1460 710 sicut
1478 683 1653 710 documentis
1673 683 1788 710 Patrum

991 727 1044 753 fuit
1057 727 1290 760 demonstratum,
1306 727 1430 761 itemque
1447 735 1496 754 nos
1514 729 1643 762 superius
1656 728 1788 758 diximus.

992 776 1096 799 natura:
1110 781 1209 799 nomen
1232 773 1266 800 de
1279 780 1308 800 re
1324 773 1464 800 communi
1479 773 1546 805 dici,
1566 773 1679 808 aliquod
1691 773 1791 800 indeﬁ-

992 818 1081 844 nitntn
1112 817 1269 853 signiﬁcare
1297 818 1448 852 multisque
1473 818 1602 853 personis
1629 819 1788 846 convenire.

151 853 313 905 ἀγνοοῦντες
322 871 363 896 ὅτι
372 853 504 903 ’καθάπερ
517 869 560 895 διὰ
574 868 627 895 τῶν
639 868 769 904 Πατέρων
780 853 936 894 ἀποδεικνυ-

995 863 1078 898 Atqui
1097 863 1119 890 si
1145 863 1206 890 duaa
1231 868 1338 890 natura:
1366 863 1518 891 divinitatis
1544 871 1576 891 ac
1608 864 1790 891 humanitatis

151 924 197 942 ται
210 913 393 945 διδασκαλίας,
411 914 459 940 καὶ
484 914 563 948 ἡμεῖς
578 913 605 939 δὲ
626 913 756 947 ἀνωτέρω
779 913 941 947 εἰρήκαμεν,

151 961 189 987 Τὸ
200 961 249 996 τῆς
262 960 380 994 φύσεως
392 959 477 994 ὄνομα
488 959 534 984 ἐπὶ
547 958 638 985 κοινοῦ
649 958 757 992 λέγεται
771 958 942 993 πράγματος,

151 1007 199 1034 καὶ
213 1007 338 1042 ἀόριστόν
353 1014 379 1032 τι
396 1005 524 1039 σημαίνει
545 1005 593 1031 καὶ
608 1004 679 1031 κατὰ
703 1003 810 1030 πολλῶν
824 1003 943 1030 ὑποστά-

151 1062 220 1080 σεων
250 1053 454 1088 κατηγορεῖται.
473 1051 503 1077 Εί
539 1050 628 1077 τοίνυν
653 1050 681 1076 αἱ
708 1049 756 1076 δύο
783 1049 879 1084 φύσεις
894 1051 943 1084 τῆς

151 1100 277 1134 θεότητος
299 1099 347 1125 καὶ
367 1098 416 1133 τῆς
436 1096 665 1132 ἀνθρωπότητος,
687 1095 736 1130 μία
760 1097 821 1122 κατ’
843 1096 943 1128 αὐτοὺς

150 1144 246 1178 γέγονε
261 1143 388 1174 σύνθετος
403 1142 493 1177 φύσις,
511 1141 591 1176 δῆλον
607 1141 649 1167 ὅτι
667 1140 756 1168 κοινόν
767 1149 794 1167 τι
805 1141 852 1168 καὶ
865 1141 942 1177 ἀόρι-

149 1198 214 1216 στον
237 1187 419 1223 ἀπετελέσθη·
437 1187 484 1214 καὶ
502 1187 594 1221 ζητεῖν
605 1186 772 1220 ἐπάναγκες,
791 1186 871 1219 ποίας
885 1195 942 1214 κοι-

151 1235 261 1270 νότητος
273 1234 289 1269 ἦ
308 1234 379 1261 κατά
389 1232 477 1259 ποίων
491 1232 666 1259 ὐποστάσεων
683 1232 732 1267 τὴν
746 1231 874 1267 τοιαύτην
888 1232 940 1266 φύ-

152 1289 194 1308 σιν
211 1280 321 1314 λέγουσι
343 1277 566 1313 κατηγορεῖσθαι,
588 1278 655 1312 ὅπερ
673 1277 795 1304 ἐναντίον
817 1277 875 1304 ἐστὶ
892 1277 940 1305 τοῦ

151 1325 223 1352 κατὰ
235 1324 351 1360 Χριστὸν
363 1322 511 1358 μυστηρίου
526 1330 532 1336 ·
554 1322 569 1348 ὁ
585 1321 639 1357 γὰρ
649 1321 765 1356 Χριστὸς
776 1321 825 1356 οὐχ
839 1321 876 1353 ὡς
889 1330 941 1348 κοι-

151 1370 196 1397 νόν
212 1378 238 1396 τι
263 1369 310 1396 καὶ
326 1368 396 1395 κατὰ.
411 1366 517 1394 πολλῶν
536 1365 714 1393 ὑποστάσεων
733 1366 939 1400 κατηγορεῖται,

150 1415 208 1442 ἀλλ’
222 1415 266 1441 ἐπὶ
283 1414 347 1449 μιᾶς
360 1412 549 1444 ὑποστάσεως,
569 1411 650 1447 ητουν
665 1410 725 1442 ἑνδς
738 1409 883 1445 προσώπου
897 1409 941 1436 λέ-

148 1468 228 1494 γεται
240 1459 269 1485 ὲν
284 1457 423 1493 διαφόροις
444 1456 549 1487 οὐσίαις
566 1455 693 1490 θεότητος
704 1454 751 1481 καλ¹
765 1454 940 1490 ἀνθρωπότη-

994 909 1071 936 [θείω
1084 913 1148 936 sunt
1158 917 1211 935 una
1226 913 1324 936 natura
1336 908 1498 943 composita,
1514 909 1619 943 aliquid
1632 910 1789 937 communis

995 959 1077 989 atque
1102 954 1237 981 indeﬁniti
1264 954 1333 982 elﬁci
1359 959 1450 989 patet;
1467 962 1590 988 quaerere
1608 962 1719 990 quoque
1742 963 1791 982 ne-

994 1007 1070 1028 cesse
1081 1000 1165 1027 estde
1173 1007 1228 1034 quo
1243 999 1382 1027 communi
1404 1000 1470 1032 dici,
1491 1000 1649 1035 quibusque
1662 1001 1790 1036 personis

994 1044 1143 1072 convenire
1169 1044 1251 1072 talem
1274 1048 1402 1072 naturam
1429 1044 1533 1076 dicant.
1559 1045 1631 1080 quod
1656 1047 1788 1082 mysterio

993 1088 1095 1116 Christi
1108 1089 1287 1122 adversatur;
1298 1088 1425 1116 Christus
1434 1090 1508 1116 enim
1520 1097 1574 1116 non
1585 1090 1665 1125 quasi
1676 1091 1788 1125 aliquod

993 1142 1151 1167 commune,
1172 1139 1200 1162 et
1223 1134 1318 1162 multis
1344 1135 1471 1170 personis
1486 1136 1671 1169 conveniens,
1690 1137 1739 1164 sed
1759 1137 1787 1164 in

993 1187 1048 1207 una
1059 1180 1199 1215 hypostasi
1212 1180 1270 1208 sive
1280 1180 1307 1207 in
1319 1188 1373 1207 una
1388 1188 1504 1215 persona
1514 1181 1617 1209 dicitur
1630 1181 1658 1209 in
1669 1181 1788 1210 diversis

992 1225 1156 1253 substantiis
1168 1226 1323 1254 divinitatis
1337 1231 1365 1254 et
1377 1227 1558 1255 humanitatis
1567 1228 1703 1263 cognitus.
1715 1228 1786 1255 Nos-

991 1272 1103 1307 metipsi
1129 1273 1198 1300 duas
1218 1273 1387 1301 substanlias
1406 1273 1435 1301 in
1451 1273 1562 1301 Christo
1574 1282 1634 1302 esse
1649 1275 1784 1307 dicentes,

991 1318 1143 1345 secundum
1156 1318 1330 1346 divinitatem
1342 1319 1446 1346 scimus
1458 1320 1548 1354 ipsum
1559 1328 1619 1347 esse
1633 1320 1706 1348 Patri
1723 1329 1785 1348 san-

992 1368 1092 1398 ctoque
1107 1364 1222 1399 Spiritui
1239 1364 1512 1397 consubstantialem,
1529 1365 1681 1392 secundum
1692 1369 1785 1392 autem

990 1409 1191 1436 humanitatem
1203 1410 1332 1437 omnibus
1345 1410 1504 1438 hominibus
1520 1411 1784 1438 consubstantialem

991 1456 1192 1490 cagnoscimus.
1212 1455 1263 1489 Qui
1280 1463 1347 1483 vero
1367 1456 1542 1484 dicuntduas
1557 1457 1726 1485 substantias
1735 1464 1785 1485 na-

149 1514 195 1537 τος
223 1503 433 1539 γνωριζόμενος.
460 1501 516 1529 Καὶ
536 1502 616 1536 ἡμεῖς
639 1500 688 1535 μὲν
713 1500 759 1527 δύο
780 1499 874 1532 οὐσίας
894 1500 936 1526 ἐπὶ

992 1505 1080 1528 turam
1092 1502 1272 1537 compositam
1284 1502 1405 1536 efﬁcere,
1421 1503 1495 1538 quod
1509 1507 1552 1531 est
1565 1511 1650 1530 unum
1665 1511 1725 1531 esse
1736 1503 1785 1530 ali-

150 1549 268 1586 Χριστοῦ
292 1550 428 1583 λέγοντες,
444 1547 515 1575 κατὰ
531 1547 581 1582 μὲν
593 1547 641 1582 τὴν
661 1546 775 1581 θεότητα
798 1547 875 1582 ἴσμεν
891 1547 938 1574 αὺ-

150 1597 195 1622 τὸν
205 1595 244 1630 τῷ
257 1595 342 1630 [Ia-r9).
356 1593 403 1620 καὶ
418 1592 457 1627 τῷ
472 1592 542 1626 ἁγίῳ
555 1591 694 1626 ῐΙνεύματι
704 1590 857 1625 ὀμοούσιον,
866 1593 936 1618 κατὰ

149 1641 178 1666 δὲ
195 1640 244 1675 τὴν
258 1638 453 1674 ἀνθρωπότητα
466 1637 549 1663 πᾶσιν
560 1635 715 1672 ἀνθρώποις
735 1635 780 1663 τὸν
795 1636 877 1663 αὐτὸν
897 1645 935 1671 γι-

149 1685 290 1720 νὼσκομεν
308 1683 459 1719 ὁμοούσιον.
475 1682 506 1708 Οί
526 1681 554 1708 δὲ
569 1681 694 1715 λέγοντες
714 1681 764 1713 τὰς
778 1681 825 1707 δύο
838 1682 933 1714 οὐσίας

990 1555 1108 1582 quorum
1129 1549 1330 1581 communium,
1347 1549 1572 1577 communitatem
1585 1550 1711 1577 eamdem
1727 1554 1783 1577 tra-

989 1591 1074 1626 dunt;
1092 1600 1205 1621 necesse
1229 1598 1271 1621 est
1292 1594 1365 1626 cnim
1377 1595 1454 1630 juxta
1475 1595 1585 1622 illorum
1596 1595 1680 1622 verba
1692 1595 1783 1630 quod-

986 1637 1048 1665 dam
1062 1638 1184 1666 medium
1198 1638 1269 1667 eﬂici
1285 1640 1401 1668 alterius
1419 1645 1525 1668 naturae
1541 1649 1624 1676 quam
1635 1640 1709 1675 quod
1724 1649 1784 1674 erat

985 1684 1206 1720 unumquodque
1225 1693 1274 1721 per
1285 1691 1388 1720 partes.

149 1732 215 1766 μίαν
232 1730 394 1758 ἀποτελέσαι
409 1728 536 1755 σύνθετον
555 1727 646 1762 φύσιν,
673 1727 742 1764 ὅπερ
776 1728 851 1755 ἐστὶν
868 1752 871 1755 .
886 1728 915 1755 ἓν
947 1729 1044 1756 κοινῶν
1070 1739 1152 1757 τινων
1180 1728 1260 1763 εἶναι,
1278 1731 1334 1766 ζτὴν
1361 1731 1505 1767 κοινότητα
1535 1732 1638 1767 ταύτην
1653 1733 1781 1760 διδόασιν·

147 1777 254 1811 ἀνάγκη
269 1776 323 1810 γὰρ
338 1774 408 1801 κατά
420 1774 482 1806 τοὺς
496 1773 608 1800 ἐκείνων
624 1773 720 1808 λόγους
736 1773 951 1810 ἀποτελεσθῆναι
970 1783 996 1801 τι
1010 1775 1092 1811 μέσον
1114 1776 1277 1812 ὲτεροφυὲς,
1294 1777 1310 1810 ἢ
1341 1777 1408 1812 ὅπερ
1422 1775 1456 1813 ἦν
1470 1777 1601 1812 ἑκάτερον
1618 1779 1671 1806 ἀνά
1686 1779 1781 1815 μέρος,

184 1823 317 1849 Κάκείοεν
331 1821 359 1847 δὲ
377 1820 465 1847 αὐτῶν
478 1819 513 1847 τὰ
525 1820 576 1855 τῆς
592 1820 707 1852 ἀτοπίας
727 1819 869 1855 ἐλέγχεται
888 1829 894 1835 ·
910 1822 935 1847 εἰ

148 1869 204 1902 γὰρ
223 1867 271 1894 διὰ
291 1867 400 1893 πάντων
414 1865 587 1901 ὡμολόγηται
601 1865 691 1900 ἁπλῆν
706 1863 775 1892 εἶναι
791 1866 838 1892 καὶ
852 1865 935 1892 ἀσύν-

148 1915 226 1941 θετον
240 1914 288 1948 τὴν
304 1913 383 1948 φύσιν
397 1913 447 1948 τῆς
461 1912 540 1946 ἀγίας
554 1912 680 1947 Τριάδος,
691 1911 768 1938 αὐτοὶ
782 1911 810 1938 δὲ
839 1912 934 1939 σύνθε-

147 1971 193 1988 τον
210 1960 348 1994 εισάγουσι
361 1960 410 1994 τὴν
428 1959 475 1986 τοῦ
488 1958 552 1985 Υἱοῦ
568 1957 649 1992 φύσιν
659 1977 667 1990 ,
683 1957 860 1994 εὑρεθήσεται
875 1958 936 1985 κατ’

148 2007 245 2038 αὐτοὺς
260 2006 341 2041 ἑτέρα
354 2005 434 2040 φύσις
446 2005 462 2041 ἡ
476 2004 523 2031 τοῦ
538 2004 603 2031 Υίοῦ
614 2003 689 2039 παρὰ
703 2004 752 2040 τὴν
763 2004 810 2030 τοῦ
827 2004 936 2040 Πατρὸς

147 2053 195 2080 καὶ
211 2052 257 2079 τοῦ
274 2052 352 2086 ἁγίου
372 2050 539 2086 Πνεύματος.
555 2048 628 2085 Πλὴν
640 2049 687 2075 καὶ
703 2049 720 2084 η
738 2049 803 2084 περὶ
812 2049 861 2084 τῆς
872 2057 935 2075 συν-

148 2099 226 2126 θέτου
243 2098 348 2133 φύσεως
367 2097 475 2132 εὕρεσις
490 2095 595 2127 οὐδενὸς
607 2095 700 2129 ἑτέρου
715 2094 732 2129 ἢ
742 2093 789 2121 τοῦ
805 2094 933 2121 διδασκά-

1024 1821 1090 1849 Inde
1118 1822 1234 1850 stultitia
1253 1830 1348 1850 eorum
1367 1823 1544 1857 confutatur;
1563 1824 1586 1851 si
1600 1825 1675 1852 enim
1685 1833 1782 1854 omnes

989 1866 1157 1894 conﬁtentur
1174 1867 1325 1902 simplicem
1339 1875 1399 1895 esse
1416 1868 1718 1904 atqueincompositam
1730 1879 1781 1898 na-

991 1915 1080 1938 turam
1094 1916 1195 1939 sancta:
1207 1911 1360 1945 Trinitatis,
1371 1912 1410 1940 illi
1422 1917 1514 1940 autem
1526 1914 1709 1949 compositam
1718 1915 1781 1942 Filii

989 1961 1115 1984 naturam
1126 1957 1271 1990 inducunt,
1287 1958 1321 1985 ab
1338 1958 1404 1992 ipsis
1421 1963 1520 1987 natura
1533 1959 1619 1988 altera
1630 1961 1691 1988 Filii
1703 1961 1781 1990 inve-

989 2003 1082 2030 nietur
1107 2007 1207 2038 praeter
1230 2008 1359 2031 naturam
1378 2004 1467 2032 Patris
1488 2005 1630 2041 sanctique
1648 2006 1778 2042 Spiritus.

988 2047 1123 2075 Caeterum
1138 2053 1243 2076 natura:
1256 2050 1415 2084 composita:
1424 2050 1583 2079 adinventio
1597 2052 1701 2080 nullius
1711 2053 1779 2080 alte-

987 2093 1047 2120 rius
1055 2098 1185 2129 estquam
1195 2095 1319 2129 magistri
1328 2096 1432 2123 erroris
1441 2103 1536 2123 eorum
1546 2097 1711 2132 Apolinarii,
1720 2106 1779 2126 mo—

146 2143 194 2170 λου
211 2143 261 2178 τ’ής
278 2143 380 2178 πλάνης
394 2141 482 2168 αὐτῶν
496 2141 569 2167 ἐστιν
591 2139 790 2175 Ἀπολιναρίου,
805 2139 851 2166 τοῦ
867 2139 932 2166 ποτὲ

989 2139 1022 2166 [10
1034 2147 1117 2167 unam
1129 2144 1254 2168 naturam
1263 2142 1443 2176 compositam
1457 2142 1584 2176 dicentis,
1597 2144 1679 2171 modo
1694 2152 1776 2172 unam

146 2190 197 2224 μὲν
228 2189 291 2223 μίαν
317 2187 442 2214 σύνθετον
473 2187 553 2221 φύσιν
577 2185 714 2219 λέγοντος,
731 2185 795 2211 ποτὲ
812 2185 841 2211 δὲ
867 2186 931 2220 μίαν

147 2235 273 2270 θεότητος
298 2234 345 2260 καὶ
369 2232 577 2268 ἀνθρωπότητος
604 2231 830 2263 ἀναπλάττοντος.
843 2231 931 2267 Ὅπερ

147 2281 236 2316 εὑρεῖν
248 2280 351 2314 ἔξεστιν
363 2281 394 2306 ἐκ
408 2279 463 2305 τῶν
477 2278 524 2305 τοῦ
537 2278 618 2305 αὐτοῦ
633 2277 773 2313 αἱρετικοῦ
788 2285 932 2312 συγγραμ-

147 2325 250 2360 μάτων·
267 2326 295 2351 ὲν
308 2324 362 2360 γὰρ
377 2323 415 2359 τῷ
432 2323 503 2359 λόγῳ
513 2323 543 2350 ὃν
559 2323 707 2358 ἐπιγράφει
721 2323 789 2358 πρὸς
805 2323 868 2354 τοὺς
884 2323 931 2348 ἄν-

145 2371 254 2405 θρωπον
265 2370 317 2396 ὑπὸ
331 2369 377 2396 τοῦ
393 2370 479 2403 Λόγου
492 2369 691 2404 προσειλῆφθαι
705 2369 842 2403 λέγοντας,
859 2368 931 2403 λέγει

143 2417 219 2443 τάδε’
237 2425 246 2441 ι
268 2414 427 2448 Ἄνθρωπος
442 2413 482 2445 εἷς
500 2416 514 2441 6
527 2415 643 2450 Χριστὸς
656 2415 695 2447 ὼς
715 2413 755 2447 εἷς
770 2414 836 2446 Θεὸς
848 2416 861 2442 ὁ
875 2416 930 2441 Πα-

143 2461 196 2496 τὴρ
212 2460 226 2486 ὃ
238 2460 296 2485 ἐστι
312 2459 430 2493 φύσεως,
443 2458 512 2485 ὥστε
531 2459 578 2486 καὶ
591 2460 669 2486 τοῦτο
680 2459 786 2495 φύσεως
802 2459 929 2487 συνθέτου

146 2505 248 2540 μεταξὺ
276 2505 359 2539 οὔσης
374 2504 450 2539 ,Θεοῦ
472 2505 519 2531 καὶ
536 2504 696 2541 ἀνθρώπων.
715 2515 724 2531 ι
748 2506 802 2532 Καὶ
821 2505 902 2532 πάλιν
919 2506 933 2532 ὁ

144 2551 226 2583 αὐτὸς
245 2551 346 2586 ἀσεῦὴς
374 2549 559 2585 Ἀπολινάριος
583 2550 612 2576 ἐν
638 2550 675 2584 τῷ
698 2551 762 2585 περὶ
783 2550 832 2586 τῆς
856 2550 930 2582 θείας

145 2597 309 2632 σαρκώσεως
351 2596 440 2631 λόγῳ,
479 2596 508 2622 ἐν
543 2594 682 2629 κεφαλαίῳ
715 2596 929 2631 τρισκαιδεκάτῳ

143 2641 216 2677 λέγει
240 2642 323 2670 τάᾶε·
347 2652 356 2668 ι
384 2641 416 2668 Ἦ
456 2641 525 2676 σὰρξ
553 2640 741 2675 ἑτεροκίνητος
768 2639 834 2668 οὖσα
860 2642 930 2668 πάν.

142 2694 198 2718 τως
231 2678 284 2713 ὑπὸ
312 2687 359 2713 τοῦ
396 2686 538 2717 κινοῦντος
580 2686 628 2712 κοιλ⁸
661 2686 795 2720 ἄγοντος,
837 2687 928 2714 ὁποῖόν

143 2740 210 2758 ποτε
228 2733 261 2759 ἂν
281 2732 330 2762 εἴη
345 2732 424 2759 τοῦτο
446 2733 493 2758 καὶ
513 2731 563 2758 οὐκ
582 2731 689 2763 ἐντελὲς
706 2729 774 2758 οὖσα
794 2732 863 2763 ζῶον
880 2733 927 2768 ἀφ’

984 2185 1138 2213 divinitatis
1146 2194 1178 2213 ac
1187 2187 1367 2215 humanitatis
1375 2188 1558 2223 imaginantis.
1567 2189 1624 2217 Hoc
1632 2190 1776 2225 exquirere

984 2231 1050 2258 licet
1071 2240 1105 2259 ex
1126 2232 1214 2267 ipsius
1242 2233 1364 2261 haeretici
1384 2234 1478 2267 libris;
1495 2235 1523 2262 in
1550 2243 1676 2263 sermone
1700 2236 1774 2264 enim

985 2284 1068 2311 quem
1080 2277 1178 2305 scribit
1189 2278 1223 2304 ad
1237 2278 1298 2306 illos
1310 2279 1357 2313 qui
1373 2279 1512 2307 hominem
1528 2288 1543 2307 a
1560 2280 1652 2308 Verbo
1666 2289 1774 2309 assum-

984 2326 1061 2356 ptum
1079 2322 1164 2349 fuisse
1178 2322 1317 2355 dicebant,
1333 2323 1391 2351 haec
1406 2324 1494 2351 dicit:
1512 2335 1521 2350 ε
1539 2325 1627 2353 Homo
1643 2333 1715 2355 unus
1732 2332 1774 2355 est

983 2367 1121 2399 Christus,
1139 2368 1212 2395 sicttt
1225 2376 1298 2396 unus
1313 2369 1386 2396 Dens
1401 2370 1484 2397 Pater
1492 2371 1539 2405 qui
1555 2375 1599 2398 est
1611 2373 1773 2405 naturae,ita

984 2419 1014 2440 ut
1041 2414 1093 2440 hoc
1107 2415 1143 2441 sit
1161 2422 1272 2449 quoque
1287 2419 1392 2442 naturte
1404 2416 1573 2450 compositae,
1590 2417 1689 2444 mediae
1701 2418 1774 2445 inter

982 2460 1068 2487 Deum
1078 2465 1105 2487 et
1116 2460 1267 2488 hominem.
1275 2461 1364 2488 )lde
1375 2461 1477 2496 impius
1487 2462 1662 2497 Apolinarius
1670 2463 1696 2490 in
1710 2463 1773 2491 Ser-

985 2513 1066 2533 mone
1080 2505 1114 2533 de
1133 2506 1322 2533 incarnatione
1337 2506 1500 2540 divinitatis,
1510 2507 1598 2542 capite
1609 2508 1770 2542 tredecimo,

964 2548 971 2553 “
985 2551 1044 2578 haec
1071 2551 1170 2578 iterum
1197 2551 1281 2578 dicit:
1299 2551 1388 2578 «Caro
1414 2559 1474 2587 quae
1489 2553 1594 2581 moveri
1611 2554 1771 2582 nullomodo

984 2601 1077 2632 potest
1090 2597 1144 2624 nisi
1160 2605 1175 2624 a
1189 2601 1316 2624 movente
1330 2602 1482 2633 agente’que
1497 2603 1621 2632 externo,
1632 2601 1771 2635 quomodo

986 2650 1108 2677 unquam
1124 2643 1191 2670 illud
1202 2650 1262 2670 esse
1272 2643 1382 2678 posset?
1394 2643 1452 2671 Non
1473 2648 1514 2672 est
1526 2652 1541 2672 a
1552 2645 1700 2681 semetipsa
1709 2646 1770 2673 ani-

982 2689 1035 2716 mal
1056 2688 1220 2724 perfectum,
1247 2689 1294 2716 sed
1319 2697 1382 2716 cum
1407 2690 1462 2717 hoc
1487 2691 1639 2725 perfectum
1668 2692 1769 2720 animal

983 2734 1070 2769 ipsam
1087 2734 1146 2762 fieri
1157 2739 1290 2762 statutum
1302 2735 1410 2768 fuisset,
1430 2743 1459 2763 se
1471 2744 1532 2763 eum
1549 2737 1618 2764 duce
1631 2744 1681 2764 suo
1700 2744 1768 2764 con-

180 2799 530 2840 (l)_Exinlex.hac_prolixa
545 2800 694 2840 Iustiniani
709 2800 827 2835 epistola
844 2802 954 2830 nonnisi
970 2802 1028 2831 fere
1059 2803 1177 2831 ineditos
1193 2804 1302 2831 Patrum
1331 2804 1417 2837 locos,
1445 2809 1473 2832 et
1486 2804 1650 2840 praecipuam
1665 2804 1768 2833 doctri-

142 2841 207 2862 nam
219 2833 366 2867 descripsi,
385 2833 499 2871 reliquis
513 2836 716 2870 praetermissis.
