1966 3089
191 136 256 167 112⁸1

756 120 974 154 IUSTINIANI
994 113 1258 150 IMPERATORIS

1755 102 1823 137 1124

191 143 256 167 ili]
756 143 974 154 συυιιηιη...
995 143 1014 149 ,η

190 190 278 222 iunxit
295 194 326 215 ut
340 182 434 213 unitas
448 179 733 213 ﬂeret,destinataquc
751 177 802 204 fuit
817 175 850 203 ad
863 181 977 209 regnum
994 180 1014 207 Α

1067 172 1144 207 υτῆς,
1158 170 1215 198 ἀλλ’
1231 169 1270 199 εἱς
1286 167 1316 194 τὸ
1339 165 1466 199 γενέσθαι
1481 163 1551 197 ζῶον
1568 143 1674 194 ἐντελὲς
1689 161 1823 189 συντεθει-

191 237 321 266 ι-ωιοεῐο;
337 237 482 268 postquam
502 228 540 254 illi
558 225 719 254 adlnesisset
736 223 813 257 juxta
837 219 982 255 passibili-

192 288 274 310 tatem
295 287 372 307 suam
398 279 598 311 postquamque
615 272 642 297 iu
672 277 701 296 se
717 268 869 302 recepisset
883 265 984 292 divini-

193 326 359 360 tatemjuxta
370 329 446 350 suam
463 318 664 354 operationem;
683 314 722 341 sic
736 313 809 339 enim
821 319 853 337 cx
869 314 944 337 moto
954 316 986 336 ac

193 377 299 401 motore
323 371 349 398 in
364 368 466 396 animal
486 366 580 392 vivens
605 363 676 389 facta
699 364 760 390 est,
777 364 828 384 nec
847 355 920 386 duo,
939 355 986 380 aut

194 427 227 447 ex
258 417 368 444 duobus
402 411 533 448 perfectis
563 416 647 443 seque
677 403 861 432 moventibus.
892 401 986 433 Itaque

197 466 280 492 homo
296 459 435 496 quoddam
453 456 528 484 aliud
544 459 586 482 est
605 451 707 480 animal
725 447 797 483 apud
818 448 915 474 Deum.
932 451 987 470 non

196 510 269 538 Deus
284 507 331 535 sed
350 506 396 532 Dei
414 510 522 533 servus,
536 509 567 528 ac
584 503 755 534 quaecunque
770 494 805 520 sit
818 501 833 519 e
846 492 916 519 co‘lo
932 490 988 516 vir-

198 562 252 586 tus,
268 553 351 580 habet
368 550 488 586 pariter;
505 554 569 574 caro
583 552 660 576 vero,
676 543 747 570 facta
767 539 815 568 Dei
836 545 911 568 caro,
930 535 990 563 ani-

199 602 250 628 mal
272 604 314 627 est
337 602 399 632 post
417 596 462 622 illa
498 594 524 620 in
552 599 634 618 unam
653 593 779 616 naturam
797 583 957 619 composita.
979 591 988 607 ι

201 649 239 675 liv
254 645 347 673 verbis
357 642 478 678 ejusdem
501 636 652 673 Apolinarii
666 633 786 662 lizeretici
800 632 834 658 de
849 629 970 657 Diodoro
984 636 991 654 :

202 703 211 718 ‹
236 692 271 720 Ut
298 690 514 717 instrumentum
554 688 637 717 atque
668 680 702 707 ad
733 674 994 706 communicandum

201 745 283 764 unam
311 733 398 762 voluit
413 731 521 759 cliicere
539 728 740 764 operationem.
760 724 788 750 Si
803 729 869 749 vero
885 728 938 747 una
954 722 997 746 est

203 781 339 817 operatio,
353 786 406 805 una
424 781 467 803 est
481 779 509 802 et
522 771 686 801 substantia,
699 777 753 795 una
768 774 833 801 ergo
842 763 996 791 substantia

203 828 286 856 Verbi
303 824 449 858 carnisque
467 823 538 848 facta
555 825 623 846 εει.»
643 817 681 844 Ex
690 814 812 851 ejusdem
823 813 857 839 de
874 811 998 837 incarna-

1035 220 1105 255 μένη
1131 220 1200 254 πρὸς
1226 217 1340 252 ἑνότητα
1365 215 1405 250 τῷ
1427 214 1584 251 ἡγεμονικῷ
1613 212 1757 247 συνῆλθεν,
1779 206 1826 239 καὶ

1036 266 1168 300 συνετέθη
1181 265 1249 300 πρὸς
1260 264 1290 290 τὸ
1299 263 1425 297 οὐράνιον
1439 261 1614 296 ἡγεμονικὸν,
1627 259 1829 292 ὲξοικειωθεῖσα

1036 311 1110 345 αὐτῷ
1132 311 1202 337 κατὰ
1226 309 1256 335 τδ
1281 307 1431 342 παθητικὸν
1450 306 1564 340 ἑαυτῆς,
1587 306 1635 332 καὶ
1658 305 1779 332 λαϐοῦσα
1800 304 1831 331 τὸ

1037 358 1108 384 θεῖον
1129 355 1269 383 οἰκειωθὲν
1292 355 1360 389 αὐτῇ
1386 353 1456 380 κατὰ
1486 353 1516 380 τὺ
1537 352 1736 387 ἐνεργητικόν·
1758 351 1833 378 οὕτω

1038 403 1092 438 γὰρ
1108 403 1136 428 ἓν
1154 401 1221 433 ζῶον
1239 401 1270 426 ὲκ
1286 399 1445 434 κινουμένου
1459 397 1505 424 καὶ
1521 396 1660 432 κινητικοῦ
1677 396 1830 428 συνίστατο,

1039 449 1087 475 καὶ
1100 448 1130 475 οὺ
1144 447 1190 475 δύο
1201 467 1208 480 ,
1230 447 1246 482 ἢ
1263 448 1294 473 ὲκ
1307 446 1354 472 δύο
1366 445 1477 472 τελείων
1492 445 1539 471 καὶ
1555 444 1751 479 αὺτοκινήτων.
1772 442 1833 469 Διό-

1041 502 1094 529 περ
1118 493 1260 528 ἄνθρωπος
1287 492 1336 526 μὲν
1355 490 1449 526 ἔτερόν
1472 499 1498 516 τι
1518 489 1587 521 ζῶον
1603 489 1671 524 πρὸς
1693 488 1770 520 Θεὸν,
1786 489 1835 515 καὶ

1040 541 1073 568 οὐ
1086 541 1163 573 Θεὸς,
1176 539 1244 566 ἀλλὰ
1259 538 1352 569 δοῦλος
1368 537 1447 570 Θεοῦ,
1463 537 1514 563 κᾶν
1527 535 1686 572 οὐρανίωνῇ
1700 545 1740 568 τις
1752 535 1835 562 δύνα-

1046 597 1090 624 μις
1103 607 1110 620 ,
1126 587 1257 617 ὡσαύτως
1270 585 1326 620 ἔχει
1339 593 1345 600 ⁶
1364 584 1432 618 σὰρξ
1451 584 1492 616 δὲ,
1507 583 1575 610 Θεοῦ
1592 582 1660 618 σὰρξ
1686 582 1834 617 γενομένη,

1044 634 1113 666 ζῷόν
1125 635 1183 660 ἐστι
1198 633 1266 668 μετὰ
1279 630 1366 658 ταῦτα
1377 630 1534 657 συντεθεῖσα
1546 631 1586 661 εἰς
1599 630 1663 663 μίαν
1675 629 1765 664 φύσιν.
1781 629 1835 655 Τοῦ

1045 679 1128 708 αὑτοῦ
1147 678 1334 713 Ἀπολιναρίου
1348 677 1488 713 αἱρετικοῦ
1501 677 1534 702 ἐκ
1548 676 1603 703 τῶν
1616 675 1687 703 κατὰ
1702 675 1837 710 Διοδώρου

1045 727 1148 761 λόγων·
1179 735 1188 750 ι
1209 726 1343 760 Ὄργανον
1365 724 1412 750 καὶ
1434 722 1466 749 τὸ
1493 721 1600 749 κοινοῦν
1625 721 1690 757 μίαν
1717 721 1840 755 πέφυκεν

1048 772 1191 799 ἀποτελεῖν
1213 771 1261 806 τὴν
1285 769 1443 805 ἐνέργειαν·
1458 768 1483 794 εἰ
1499 767 1527 794 δὲ
1542 767 1590 802 μία
1606 767 1622 802 ή
1639 766 1774 802 ἐνέργεια,
1791 766 1840 801 μία

1050 819 1128 854 καὶὴ
1151 817 1240 848 οὐσία,
1257 816 1307 852 μία
1319 816 1372 851 ἄρα
1386 815 1464 842 οὐσία
1485 814 1597 848 γέγονεν
1619 813 1667 840 τοῦ
1687 813 1773 846 Λόγου
1793 812 1841 839 καὶ

206 875 280 901 tione
297 877 441 899 sermone:
457 877 465 893 ι
479 867 501 894 Ο
512 874 580 893 nova
594 862 708 893 creatio,
724 860 817 887 divina
832 855 997 886 commistio,

1068 866 1101 900 ἧς
1124 864 1235 900 σαρκός.
1257 872 1266 888 ι
1291 862 1344 889 Τοῦ
1374 861 1456 888 αὑτοῦ
1479 862 1509 888 ὲν
1530 860 1568 896 τῷ
1589 860 1654 895 περὶ
1677 858 1843 894 σαρκώσεως

1554 877 1568 896 γ
1593 877 1654 895 ne,”
1677 877 1842 894 νμγηιν-νω,

206 922 278 948 Deus
291 923 319 946 et
332 924 406 947 caro,
430 921 511 942 unam
527 910 709 943 eamdemque
735 905 888 933 effecerunt
918 904 998 928 natu-

207 966 283 994 ram!
301 975 308 990 ι
329 962 459 998 Ejusdem
484 959 516 986 ad
544 959 656 985 Petrum
675 964 681 981 :
697 963 706 979 ι
728 952 831 979 Natura
844 950 929 976 Deum
953 954 1002 973 na—

209 1015 325 1043 turaque
354 1005 494 1033 hominem
523 1002 669 1029 Dominum
702 996 830 1026 dicimus,
851 1000 903 1020 una
933 998 999 1017 vero

209 1054 410 1086 commistaque
429 1053 527 1077 natura
552 1044 654 1073 carnali
668 1050 701 1070 ac
718 1041 820 1068 divina.

247 1188 299 1222 Qui
317 1190 408 1214 autem
435 1183 532 1210 dicunt
552 1183 679 1206 naturam
696 1174 890 1210 compositam.
902 1178 1002 1198 unam-

214 1243 267 1271 que
285 1233 378 1261 earnis
395 1238 427 1257 ac
444 1227 556 1256 (lcitatis
568 1230 694 1252 naturam
713 1222 882 1256 excogitant,
911 1225 925 1244 a
939 1224 1004 1244 san-

665 1269 669 1271 .
702 1269 708 1271 ,
742 1267 748 1271 Α
799 1266 817 1271 ,
840 1269 843 1271 _
865 1265 869 1270 ,
962 1261 1003 1271 ,λε-

215 1261 260 1309 έιο
279 1278 381 1315 Cyrillo
393 1273 542 1304 confutari,
564 1279 597 1298 ex
620 1269 687 1304 ipsis
702 1267 784 1302 hujus
799 1265 888 1293 Patris
912 1261 1005 1289 verbis

216 1328 272 1355 cito
305 1319 574 1351 demonstrabimus;
595 1317 635 1343 sic
661 1314 736 1342 enim
766 1313 793 1339 in
811 1311 945 1338 Sermone
972 1307 1007 1334 de

218 1366 501 1400 consubstantialistis
521 1363 660 1398 loquitur:
687 1370 695 1385 ι
709 1357 915 1388 Utcredamus,
942 1354 1008 1380 licet

219 1422 346 1446 sanctum
371 1411 642 1443 inuudissimumque
675 1412 776 1440 corpus
809 1403 871 1438 ejus
905 1399 1009 1427 nostris

220 1462 386 1499 corporibus
400 1458 488 1486 simile
506 1461 605 1484 natura
622 1457 706 1484 esset,
726 1448 885 1478 venerabile
918 1451 1010 1473 tamen

221 1518 282 1538 esse
309 1516 342 1535 ac
365 1505 501 1534 divinum,
518 1501 691 1533 multumque
719 1503 803 1530 supra
827 1501 879 1521 nos
893 1491 1010 1519 excelsre

1050 912 1121 947 λόγῳ
1133 921 1140 927 ι
1162 921 1171 937 ι
1191 909 1226 937 Ὦ
1238 910 1319 943 καινὴ
1333 909 1432 940 κτίσις¹
1451 907 1522 943 μίξις
1539 906 1672 933 θεσπεσία
1685 926 1693 938 ,
1709 905 1774 937 Θεὸς
1796 905 1844 931 καὶ

1052 958 1131 993 σὰρξ,
1147 957 1212 992 μίαν
1226 956 1273 983 καὶ
1290 955 1339 990 τὴν
1352 955 1437 988 αὐτὴν
1459 953 1626 980 ἀπετέλεσαν
1644 951 1740 986 φύσινί
1764 960 1773 977 ι
1790 951 1844 977 Τοῦ

1051 1004 1134 1031 αὑτοῦ
1150 1004 1218 1039 πρὸς
1232 1003 1347 1038 Πέτρον·
1364 1012 1374 1028 ι
1388 1001 1471 1028 Φύσει
1488 1001 1537 1036 μὲν
1551 1000 1617 1028 Θεὸν
1633 1000 1680 1027 καὶ
1696 998 1778 1034 φύσει
1799 998 1847 1025 ἄν-

1052 1051 1161 1085 θρωπον
1174 1050 1219 1076 τὸν
1235 1049 1336 1084 Κύριον
1346 1048 1473 1083 λέγομεν,
1488 1048 1537 1083 μιᾷ.
1546 1047 1574 1074 δὲ
1590 1046 1637 1074 καὶ
1653 1045 1799 1081 σνγκράτῳ
1813 1045 1846 1079 τῇ

1053 1097 1134 1132 φύσει
1153 1097 1271 1130 σαρκικῇ
1286 1103 1316 1121 τε
1331 1094 1380 1121 καὶ
1397 1094 1488 1129 θεῗκῇ.
1510 1103 1519 1119 ι

1089 1143 1131 1180 [Ρ.
1151 1143 1228 1179 224.]
1244 1143 1306 1169 Ὅτι
1325 1142 1353 1169 δὲ
1367 1141 1430 1173 τοὺς
1453 1141 1582 1175 λέγοντας
1607 1139 1735 1167 σύνθετον
1756 1139 1848 1174 φύσιν,

1055 1191 1102 1217 καὶ
1119 1189 1184 1224 μίαν
1196 1189 1296 1224 σαρκὸς
1311 1189 1359 1215 καὶ
1373 1188 1499 1224 θεότητος
1513 1187 1594 1222 φύσιν
1616 1186 1850 1219 ἀναπλάττοντας,

1055 1238 1069 1263 ὀ
1085 1238 1114 1263 ἐν
1127 1236 1216 1270 ἁγίοις
1227 1235 1362 1270 Κύριλλος
1374 1234 1570 1267 ἁποὸάιλλεται,
1583 1233 1612 1268 ἐξ
1628 1234 1718 1260 αὐτῶν
1733 1234 1787 1260 τῶν
1801 1233 1850 1260 τοῦ

1055 1283 1164 1318 Πατρδς
1183 1283 1269 1317 λόγων
1288 1282 1368 1314 εὐθὺς
1382 1282 1560 1318 ἀποδείξομεν
1573 1291 1582 1298 ·
1597 1282 1671 1316 λέγει
1694 1281 1748 1316 γὰρ
1765 1282 1794 1308 ὲν
1807 1281 1849 1317 τῷ

1057 1329 1128 1356 κατὰ
1139 1328 1193 1354 τῶν
1203 1327 1407 1355 Συνουσιαστῶν
1421 1328 1492 1363 λόγῳ
1504 1328 1600 1354 ταῦτα·
1616 1337 1626 1353 ι
1643 1327 1704 1354 Ἵνα
1716 1326 1854 1353 πιστεύω-

1060 1382 1109 1410 μεν
1128 1374 1169 1400 ὅτι
1186 1373 1237 1400 κᾶν
1255 1374 1279 1399 εί
1300 1374 1356 1404 τοῖς
1374 1373 1519 1409 ἡμετέροις
1537 1372 1661 1408 σώμασιν
1676 1371 1801 1407 ὀμοφυὲς
1820 1368 1855 1407 ἦν

1058 1419 1089 1446 τὺ
1108 1419 1185 1453 ἅγιον
1208 1418 1291 1444 αὑτοῦ
1314 1418 1361 1444 καὶ
1377 1417 1515 1451 πάναγνον
1535 1417 1624 1452 σῶμα,
1651 1415 1702 1443 ἀλλ
1726 1413 1773 1442 οὖν
1796 1416 1856 1442 ἐστι

1061 1465 1159 1492 σεπτόν
1174 1473 1204 1490 τε
1225 1464 1273 1491 καὶ
1290 1463 1371 1496 θεῖον,
1389 1463 1438 1490 καὶ
1457 1462 1526 1489 πολῦ
1546 1462 1599 1488 τῶν
1619 1461 1680 1488 καθ’
1703 1461 1778 1496 ἡμᾶς
1806 1461 1857 1488 ἑπ-

1062 1512 1152 1538 ἑκεινα
1169 1509 1341 1546 μέτριον,ἃτε
1355 1509 1387 1544 δὴ
1400 1509 1447 1536 καὶ
1465 1508 1528 1535 ἴδιον
1542 1507 1624 1534 αὐτοῦ
1636 1507 1757 1542 γεγονός·
1775 1507 1859 1542 ἑνήρ-

222 1551 434 1590 magnitudinis,
453 1556 514 1584 qure
533 1546 620 1582 ipsius
636 1544 708 1570 facta
725 1545 768 1569 est
783 1540 867 1567 etiam
882 1536 1009 1573 proprie-
1023 1536 1044 1564 C
1164 1536 1265 1590 ᾇᾶρδδι,
1280 1536 1361 1583 ξιῦτοῠ

1064 1566 1150 1594 γηκεν
1164 1558 1218 1592 γὰρ
1232 1557 1265 1584 δι’
1280 1555 1374 1583 αὑτοῦ.
1388 1555 1437 1582 Διὰ
1455 1555 1534 1582 τοῦτο
1542 1554 1595 1581 ’καὶ
1610 1554 1692 1590 ἄρτος
1709 1552 1860 1588 ὠνομάσθη

223 1608 284 1634 tas;
300 1607 349 1635 per
362 1598 452 1633 ipsum
467 1594 541 1622 enim
563 1595 694 1626 operatus
706 1591 759 1615 est.
774 1586 837 1614 Ideo
860 1583 939 1619 panis
949 1582 1012 1609 vitae

225 1647 392 1682 appellatum
410 1646 462 1673 est,
487 1640 521 1667 de
539 1637 609 1666 caelo
623 1631 734 1670 quoque
750 1630 928 1660 descendisse
943 1627 1014 1655 diei-

227 1700 283 1724 tur,
297 1692 418 1724 dareque
439 1687 522 1714 vitam
535 1683 638 1711 mundo
659 1689 709 1715 per
734 1678 857 1706 Verbum
871 1675 944 1711 quod
965 1673 1016 1701 de-

228 1745 312 1772 super
328 1743 360 1762 ac
374 1734 408 1762 de
423 1732 492 1760 cmlo
515 1727 709 1757 descenderat.
722 1724 802 1760 cujus
816 1729 927 1758 quoque
954 1727 1018 1755 pro-

229 1784 288 1819 pria
305 1790 370 1810 caro
387 1779 488 1806 factum
499 1780 550 1803 est.
564 1773 661 1801 Divina
672 1776 714 1800 est
728 1770 824 1806 igitur,
841 1772 924 1803 prout
940 1765 1017 1797 dicit,

230 1837 296 1856 caro
311 1829 370 1863 ejus
381 1834 388 1857 ς
400 1833 454 1851 non
466 1823 504 1850 ita
517 1825 608 1847 tamen
621 1823 651 1845 ut
668 1818 755 1852 ipsant
768 1816 794 1842 in
809 1818 935 1841 naturam
947 1811 1020 1839 divi-

231 1875 328 1903 nitatis
338 1871 479 1899 transiisse
488 1863 754 1903 eonjiciatquisquis
769 1860 909 1896 ingenium
922 1858 1022 1886 habeat

234 1923 344 1948 tinuum
357 1917 534 1952 peritumque
545 1909 711 1946 dogmaticze
722 1905 846 1934 scientiae
855 1913 863 1937 ',
873 1903 940 1931 huic
948 1901 1022 1930 enim

234 1974 295 2001 quae
322 1971 406 1998 supra
424 1960 518 1988 omnia
538 1961 581 1985 est
599 1964 631 1983 ac
645 1952 753 1982 caelesti
765 1956 883 1982 naturae,
908 1948 1024 1976 omnino

236 2010 366 2038 salvanda
394 2011 437 2035 est
466 2003 628 2039 simplicitas
645 2007 735 2035 neque
760 2005 822 2025 cum
846 1996 933 2022 altero
950 2001 1024 2021 com-

237 2056 341 2087 mistio,
360 2061 411 2080 nec
428 2049 582 2086 putandum
607 2051 649 2075 est
668 2053 729 2073 eam
755 2041 939 2077 compositam
965 2046 1026 2066 esse

238 2102 284 2130 his
293 2085 354 2136 quia
366 2099 418 2126 sibi
428 2085 559 2124 aderant.
571 2098 619 2120 aut
628 2092 722 2126 aliquo
731 2089 923 2117 additamenta
934 2085 1028 2120 eguis-

240 2156 281 2180 se,
296 2135 638 2181 requeipsidissimili,ita
654 2142 684 2164 ut
700 2137 728 2163 in
740 2135 1030 2162 identitatemnaturae

241 2194 301 2221 sive
324 2186 645 2219 consubstantialitatem
666 2179 858 2209 descenderet.
875 2187 884 2203 ι
904 2177 957 2204 Per
974 2176 1032 2203 haec

242 2242 337 2274 aperte
369 2234 500 2272 prohibet
512 2233 592 2259 Pater
610 2237 646 2256 ne
671 2235 725 2254 una
743 2226 854 2253 dicatur
866 2222 971 2251 Christi
984 2229 1033 2248 na-

244 2267 305 2312 tura
321 2283 354 2310 de
369 2267 529 2308 Idivinitate
548 2276 638 2310 deque
668 2271 842 2300 humanitate
867 2267 1032 2303 composita,

244 2338 306 2359 cum
321 2337 376 2356 non
392 2323 532 2361 acceperit
545 2326 672 2349 naturam
686 2318 810 2345 divinam
823 2315 953 2343 humana:
966 2319 1034 2340 con-

243 2377 378 2412 junctam,
393 2376 424 2399 ut
441 2377 504 2398 cum
519 2368 566 2396 illa
578 2372 661 2393 unam
674 2367 802 2391 naturam
813 2360 946 2388 eﬂieeret.

283 2419 407 2449 Stultitia
424 2417 508 2452 igitur
523 2410 747 2441 adversariorum
757 2406 910 2437 confutata,
924 2402 1039 2431 evidens

249 2468 374 2494 remanet
392 2463 460 2489 duas
477 2463 591 2488 naturas
605 2453 813 2483 convenientes,
830 2457 888 2477 non
909 2452 1039 2475 naturam

250 2510 432 2546 compositam
456 2505 503 2534 sed
531 2503 672 2532 Christum
693 2496 877 2532 compositum
903 2492 1040 2523 eﬁecisse,

252 2557 389 2592 siquidem
402 2558 500 2581 natura
516 2551 590 2578 Deus
603 2551 655 2577 est.
674 2549 828 2578 naturaque
845 2542 929 2568 homo
944 2545 1044 2574 quam-

253 2582 338 2592 -.Ἰ-η
352 2582 357 2583 ,

253 2603 296 2631 vis
310 2602 382 2629 i'dem
396 2599 516 2627 dicatur.
537 2593 591 2622 Sed
609 2590 735 2619 veritatis
749 2589 845 2615 hostes
859 2587 1003 2612 versantes
1015 2582 1044 2609 in

256 2650 318 2678 aliis
332 2644 470 2675 stultitiis,
486 2640 622 2669 doctrinis
637 2638 751 2665 Patrum
767 2632 883 2668 obsequi
905 2630 1043 2660 nolentes,

256 2696 306 2725 sed
328 2690 480 2729 Apolinarii
506 2693 648 2724 praecones
669 2682 754 2714 facti,
776 2680 880 2708 nullam
895 2684 951 2704 non
972 2675 1045 2703 viam

257 2742 372 2771 insaniae
401 2740 507 2766 tentant
536 2741 590 2769 qua
621 2728 811 2759 innocentium
842 2725 948 2752 animas
985 2729 1048 2748 cor-

258 2791 408 2823 rumpant;
429 2780 580 2819 Apolinarii
605 2776 678 2805 enim
694 2782 806 2806 nomen,
819 2776 850 2800 ut
871 2769 985 2798 evidens
1004 2775 1051 2794 ar-

261 2837 422 2871 gumentum
439 2825 602 2864 impietatis,
618 2822 713 2850 dolose
736 2823 923 2849 removentes,
938 2819 1052 2843 sancto-

596 2869 601 2871 .
639 2866 668 2871 ...
698 2866 703 2871 .
753 2867 758 2871 .
842 2868 846 2871 .
923 2862 947 2871 ι,
974 2859 1035 2871 ,αξη

261 2859 351 2871 D"""'
381 2859 384 2860 '
479 2859 487 2864 ι

219 2911 224 2915 ,
263 2889 324 2909 rum
337 2880 446 2906 Patrum
466 2872 577 2902 nomina
596 2869 624 2896 in
639 2866 720 2895 libris
736 2867 796 2902 ejus
823 2868 906 2899 atque
923 2862 951 2890 in
973 2859 1052 2888 adin-

1067 1605 1157 1639 ζωῆς¹
1186 1604 1229 1630 ναὶ
1248 1602 1300 1638 μὴν
1323 1603 1370 1629 καὶ
1389 1601 1418 1634 EE
1434 1601 1550 1638 οὐρανοῦ
1569 1602 1722 1637 καταϐῆναι
1735 1602 1859 1636 λέγεται,

1067 1651 1114 1678 καὶ
1133 1649 1205 1685 ζωὴν
1227 1649 1328 1676 διδόναι
1346 1648 1385 1684 τῷ
1400 1648 1497 1684 κόσμῳ
1511 1647 1555 1674 διὰ
1575 1647 1621 1674 τὸν
1641 1647 1745 1674 ἄνωθεν
1767 1648 1816 1674 καὶ
1832 1647 1863 1679 ἐξ

1068 1696 1183 1732 οὐρανοῦ
1210 1695 1367 1723 καταϐάντα
1391 1695 1488 1729 Λόγον,
1515 1690 1546 1722 οὗ
1572 1695 1620 1721 καὶ
1642 1694 1694 1720 ἰδία
1718 1693 1860 1728 γέγονενῆ

1071 1742 1139 1778 σάρξ
1152 1751 1158 1758 ⁸
1170 1742 1267 1769 οὐκοῦν
1289 1736 1350 1768 θεία
1370 1741 1429 1776 μὲν,
1447 1741 1484 1772 ὠς
1500 1740 1579 1776 ἔφην,
1596 1740 1684 1767 ἐστίν·
1705 1741 1735 1766 οὐ
1756 1739 1808 1775 μὴν
1823 1739 1864 1765 ἐτι

1071 1790 1118 1817 καὶ
1129 1791 1169 1821 εὶς
1189 1790 1268 1824 φύσιν
1279 1788 1406 1822 θεότητος
1422 1787 1584 1823 μεταϐαλεῖν
1597 1786 1683 1821 αὐτὴν
1696 1786 1865 1820 ὑποτοπήσοι

1071 1845 1114 1868 τις
1130 1836 1173 1868 ἂν,
1196 1835 1223 1861 εἴ
1232 1844 1264 1868 γε
1282 1834 1344 1862 νοῦν
1360 1833 1484 1870 ἔχει-’τὸν
1503 1831 1532 1860 εὖ
1552 1833 1688 1868 βεϐηκότα
1700 1832 1747 1859 καὶ
1761 1832 1865 1866 δογμα-

1073 1879 1152 1914 τικῆς
1178 1878 1319 1914 εὐτεχνίας
1338 1878 1519 1914 ἐπιστήμονα.
1551 1879 1595 1904 Δεῖ
1621 1878 1676 1913 γὰρ
1699 1878 1733 1913 τῇ
1758 1877 1868 1904 πάντων

1075 1924 1204 1950 ἐπέκεινα
1224 1923 1273 1949 καὶ
1295 1923 1427 1958 ἀνωτάτῳ
1437 1922 1524 1958 ’φύσει
1538 1922 1673 1954 σώζεσθαι
1698 1921 1826 1957 καθαρῶς
1838 1920 1869 1947 τὸ

1076 1968 1179 1996 ἁπλοῦν
1202 1969 1249 1995 καὶ
1265 1968 1421 2003 ἀσυμμιγὲς
1443 1968 1481 2003 τῷ
1499 1967 1595 2003 ἑτέρῳ.
1610 1968 1656 1994 καὶ
1675 1968 1706 1993 τὺ
1723 1967 1760 2003 μὴ
1776 1974 1868 1992 συντε-

1078 2016 1182 2043 θεῖσθαι
1194 2016 1282 2042 δοκεῖν
1297 2016 1325 2042 ἓν
1342 2023 1373 2050 γε
1387 2016 1442 2047 τοῖς
1457 2015 1518 2042 καθ’
1533 2014 1631 2050 ἑαυτὴν
1645 2015 1730 2050 ἡγουν
1742 2012 1866 2049 προσθή-

1079 2071 1129 2098 κης
1142 2061 1282 2096 δεδεῆσθαι
1293 2070 1364 2092 τινος
1380 2062 1427 2087 καὶ
1441 2060 1601 2100 ἀρυμφυοῦς
1614 2061 1682 2095 αὐτῇ
1695 2060 1870 2094 πράγματος,

1081 2109 1121 2140 είς
1136 2107 1279 2134 κοινωνίαν
1293 2106 1381 2133 ἐλθεῖν
1398 2106 1447 2140 τῆς
1461 2107 1488 2133 ὲν
1503 2107 1647 2140 ταυτότητι
1664 2105 1771 2140 φύσεως
1788 2105 1872 2140 ἤγουν

1081 2155 1298 2190 ὁμοουσιότητος.
1314 2162 1323 2178 ι
1342 2152 1392 2178 Διὰ
1405 2151 1508 2178 τούτων
1521 2151 1549 2178 δὲ
1563 2152 1577 2177 ό
1594 2151 1687 2186 Πατὴρ
1711 2149 1805 2184 σαφῶς
1819 2150 1873 2176 άπ-

1048 2205 1070 2233 1)
1084 2199 1221 2235 αγορεύει,
1240 2198 1304 2234 μίαν
1320 2197 1409 2232 λέγειν
1420 2198 1465 2225 ἐπὶ
1481 2197 1531 2232 τῆς
1548 2197 1675 2232 θεότητος
1690 2196 1739 2223 καὶ
1763 2195 1811 2230 τῆς
1825 2195 1873 2221 ἀν-

1084 2246 1261 2282 θρωπότητος
1274 2244 1321 2272 τοῦ
1334 2244 1451 2280 Χριστοῦ
1467 2243 1594 2271 σύνθετον
1611 2243 1691 2277 φύσιν
1700 2262 1708 2272 .
1721 2242 1759 2274 ὼς
1775 2241 1813 2277 μὴ
1827 2242 1874 2268 ὲκ-

1085 2291 1230 2327 δεχομένου
1243 2291 1293 2325 τὴν
1305 2291 1380 2318 θείαν
1393 2289 1473 2325 φύσιν
1486 2289 1632 2316 ὲνωθείσαν
1648 2290 1682 2324 τῇ
1695 2287 1854 2323 ἀνθρωπίνῃ
1866 2307 1874 2319 ,

1089 2337 1153 2373 μίαν
1167 2339 1225 2373 μετ’
1244 2338 1329 2372 αὐτῆς
1346 2337 1509 2365 ἀποτελέσαι
1526 2335 1617 2371 φύσιν.

1124 2384 1180 2418 Τῆς
1206 2383 1261 2410 τῶν
1290 2383 1419 2410 ἐναντίων
1443 2382 1532 2409 τοίνυν
1545 2380 1659 2412 ἀτοπίας
1680 2378 1877 2414 ὲληλεγμένης.

1089 2430 1169 2466 δῆλον
1183 2429 1351 2464 καθέστηκεν
1369 2430 1409 2456 ὅτι
1425 2431 1451 2455 αἱ
1467 2428 1514 2455 δύο
1527 2427 1622 2463 φύσεις
1638 2424 1832 2456 συνελθοῦσαι,
1848 2424 1880 2450 οὺ

1092 2477 1173 2512 φύσιν
1190 2477 1315 2504 σύνθετον
1336 2476 1403 2503 ἀλλὰ
1416 2475 1533 2511 Χριστὸν
1553 2473 1680 2500 σύνθετον
1703 2470 1880 2500 ἀπετέλεσαν,

1093 2527 1187 2562 ἐπειδὴ
1205 2526 1252 2553 καὶ
1264 2524 1344 2559 φύσει
1357 2524 1434 2554 Θεὸς,
1452 2523 1499 2549 καὶ
1511 2521 1592 2557 φύσει
1606 2519 1758 2554 ἄνθρωπος·
1773 2518 1799 2543 εἱ
1811 2517 1859 2543 καὶ
1869 2516 1882 2542 ὁ

1095 2577 1176 2608 αὐτὸς
1199 2574 1381 2610 ὁμολογεῖται.
1410 2569 1480 2597 Ἀλλ’
1505 2569 1529 2595 οἱ
1555 2567 1606 2602 τῆς
1632 2563 1761 2600 ἀληθείας
1792 2562 1885 2597 ἐχθροὶ

1097 2623 1164 2659 πρὸς
1175 2623 1234 2654 ταῖς
1245 2620 1338 2651 ἄλλαις
1351 2618 1441 2645 αὑτῶν
1456 2615 1593 2645 ἀτοπίαις,
1611 2612 1648 2648 μὴ
1663 2610 1820 2647 βουλόμενοι
1832 2608 1886 2638 τοῖς

1097 2655 1153 2698 τιῦν
1180 2668 1310 2703 Πατὲρων
1330 2663 1487 2692 ἀκολουθεῖν
1501 2661 1634 2696 δόγμασιν
1647 2678 1655 2690 ,
1676 2657 1744 2684 ἀλλὰ
1757 2655 1791 2681 τὰ
1809 2655 1888 2681 Ἀπο-

1099 2715 1222 2751 λιναρίου
1239 2702 1447 2749 πρεσϐεύοντες,
1461 2707 1589 2742 οὐδεμίαν
1605 2705 1665 2732 ὁδὸν
1679 2702 1794 2733 ἀτοπίας
1806 2707 1889 2726 κατα-

1101 2745 1282 2798 λιμιτάνουσίν
1299 2758 1332 2785 δι’
1345 2755 1378 2793 ἧς
1391 2756 1440 2787 τὰς
1455 2754 1508 2781 τῶν
1519 2750 1721 2787 ἁκεραιοτέρων
1732 2746 1822 2782 ψυχὰς
1833 2745 1890 2771 δια-

1104 2789 1265 2844 φθείρουσιο
1284 2805 1333 2840 τὴν
1355 2789 1409 2837 γὰρ
1428 2797 1615 2833 ’Δπολιναρίου
1639 2792 1836 2830 προσηγορίαν,
1853 2789 1890 2820 ὡς

1105 2835 1178 2889 Qui,
1191 2835 1349 2880 δυσσεῦείας
1362 2835 1475 2882 ’ἔλεγχον
1491 2843 1608 2879 δολερῶς
1625 2838 1831 2874 ἀπωθούμενοι,
1844 2835 1892 2868 τὰς
