1966 3089
217 125 286 158 1127

783 125 986 157 JUSTINIAN
992 126 1003 155 Ι
1023 125 1282 156 IMPERATORIS

1781 119 1848 154 1128

215 183 329 210 I'atrum
345 186 503 209 nostrorum
521 181 700 213 testimoniis,
724 189 784 217 qua:
806 182 919 209 inventa
940 186 1005 209 sunt

1058 182 1127 208 εἰσὶν
1149 179 1353 215 Ἀπολιναίίου,
1372 179 1420 207 καὶ
1449 178 1590 214 ἀλλότριαι
1616 179 1665 214 τῆς
1696 178 1848 213 καθολικῆς

214 230 248 256 ab
264 229 409 263 Accphalis
434 229 645 256 adinvcntioncs
659 236 720 256 esse
738 233 876 255 constare.

1064 226 1238 262 Ἐκκλησίας,
1253 226 1386 261 δείξωμεν
1402 226 1443 252 ὃτι
1458 226 1505 252 καὶ
1519 226 1574 257 τοῖς
1589 225 1665 260 παρὰ
1691 224 1746 251 τῶν
1762 225 1848 258 ἁγίων

213 275 294 310 ἡμῶν
324 275 453 309 Πατέρων
485 275 697 310 ἑκτεῦειμένοις,
728 275 840 302 ἐναντία
867 274 902 301 τὰ
929 274 1004 309 παρὰ
1030 273 1190 308 ’Λκεφάλων
1216 272 1502 308 πεπλαστουργημένα
1525 273 1684 299 καθεστᾶσι.
1721 271 1850 306 (Sequun‘

215 327 259 348 tur
271 321 410 348 Athanasii
422 326 445 348 et
465 321 560 356 συθ-ἰ(ίί
578 326 640 348 nota
662 321 834 356 testimonia.)

250 359 288 395 Ex
311 367 440 394 omnibus
463 368 629 402 supradictis
653 369 798 403 perspicue
828 367 1002 394 demonstra-

216 420 273 442 tum
292 415 376 442 fuisse
392 415 557 442 confidimus
573 420 731 443 sanctorum
762 415 874 442 Patrum
901 414 1003 442 doctri-

215 461 258 487 nis
273 460 415 488 adversari
438 461 555 495 lidcique
579 460 744 488 Christiana:
773 467 834 487 esse
864 459 1002 486 contraria

215 514 276 540 quae
312 506 346 532 ab
376 505 513 532 hmreticis
542 505 739 540 proferuntur;
766 512 828 531 cum
857 503 1002 530 manifeste

214 557 327 579 sanctus
352 552 518 579 Athanasius
539 555 705 586 sanctusque
731 550 849 586 Cyrillus
865 551 934 577 duas
954 557 1003 576 na-

216 603 290 625 turas
307 597 409 625 Christi
425 597 577 624 divinitatis
598 597 835 631 humanitatisque
853 596 1004 623 confitean-

215 649 270 676 tur,
285 652 366 670 uuam
385 643 536 670 incrcatam
561 651 593 670 ac
609 643 724 670 alteram
748 646 869 669 creatam
895 641 1001 672 dicant,

213 697 323 723 unaque
352 688 513 715 adoratiune
538 688 648 715 adorari
677 695 764 715 unum
785 687 930 714 Dominum
956 693 1003 712 no-

214 739 302 760 strum
315 734 409 762 Jesum
425 733 566 761 Christum
596 733 723 760 doceant.
745 732 891 760 Sufﬁciunt
921 731 1005 767 igitur

1093 364 1204 400 (Deinde
1218 371 1244 398 p.
1266 363 1342 398 229.)
1367 362 1416 389 Διὰ
1441 363 1552 389 πάντων
1572 361 1648 398 οἶμαι
1662 363 1717 397 τῷν
1734 365 1846 399 εἰρημέ-

1056 420 1110 437 νων
1123 410 1218 444 σαφῶς
1234 410 1433 442 ἀποδέδεικται,
1446 410 1485 436 ὅτι
1494 409 1603 435 ἐναντία
1617 411 1678 441 ταῖς
1691 410 1746 437 τῶν
1763 412 1848 445 ἁγίων

1056 455 1188 490 Πατέρων
1210 455 1397 486 διδασκαλίαις
1421 454 1506 487 ἐστὶν,
1523 455 1571 482 καὶ
1589 454 1719 490 ἀλλότρια
1732 456 1780 491 τῆς
1793 458 1849 484 τῶν

1057 502 1230 538 Χριστιανῶν
1247 502 1368 533 πίστεως
1385 503 1419 528 τὰ
1441 502 1516 538 παρὰ
1536 502 1590 528 τῶν
1615 503 1763 537 αἱρετικῶν
1778 513 1848 538 προ-

1057 549 1215 584 φερόμενα⁸
1237 548 1362 584 φανερῶς
1384 547 1431 574 τοῦ
1457 557 1486 575 τε
1507 550 1536 575 ὲν
1562 549 1652 584 ἁγίοις
1674 550 1847 583 Ἀθανασίου,

1055 596 1103 622 καὶ
1125 596 1173 622 τοῦ
1192 597 1221 622 ἐν
1248 595 1337 629 ἁγίοις
1358 595 1506 630 Κυρίλλου,
1524 596 1574 630 τῆς
1592 595 1720 631 θεότητος
1734 597 1783 623 καὶ
1797 597 1848 631 τῆς

1055 641 1103 668 ἀνθ
1109 641 1266 676 ρωπότητος
1279 640 1325 666 τοῦ
1336 640 1454 676 Χριστοῦ
1465 639 1511 667 δύο
1524 641 1619 674 φύσεις
1632 641 1845 675 ὁμολογούντων,

1056 675 1165 723 καὶγτὴν
1183 688 1232 722 μὲν
1249 675 1389 718 ἄκτιστον,
1405 675 1498 720 τὴνίδὲ
1512 686 1625 721 κτιστὴν
1638 686 1785 720 λεγόντων,
1799 688 1847 714 καὶ

1058 734 1109 769 μιᾷ
1139 734 1327 768 προσκυνήσει
1349 732 1564 768 προσκυνεῖσθαι
1590 732 1774 759 διδασκόντων
1800 733 1847 759 τὸν

214 780 372 815 supradicta
391 779 424 806 ad
436 780 639 814 Acephalorum
665 779 896 806 machinationem
913 777 1005 804 confu-

1058 779 1106 805 ἕνα
1127 778 1229 813 Κύριον
1251 778 1329 812 ἡμῶν
1351 777 1455 813 Ἰησοῦν
1475 777 1603 813 Χριστόν.
1622 778 1677 804 Καὶ
1695 779 1776 813 ἀρκεῖ
1795 779 1845 812 μὲν

215 824 337 851 tandam.
353 824 479 851 Attamen
498 824 568 850 nihil
586 824 685 851 melius
696 823 841 851 stultitiam
857 823 899 849 vel
915 821 1006 857 potius

215 871 446 898 machinationem
466 877 563 897 eorum
580 869 716 902 confutat,
737 876 821 903 quam
840 868 955 903 epistola
971 867 1005 894 ab

214 916 270 943 illis
281 916 387 951 prolata
398 921 526 950 tanquam
538 915 603 942 Julii
614 915 706 941 Roma:
715 914 836 949 episcopi
850 914 928 948 cujus
938 913 1006 939 alias

213 962 368 990 falsificatio
402 961 619 988 demonstratur.
651 961 751 995 Reipsa
780 960 883 987 veteris
912 960 1006 986 Romae

214 1009 372 1036 sacerdotes
391 1008 419 1035 in
433 1007 563 1035 omnibus
578 1007 738 1042 apostolicae
767 1005 907 1033 traditioni
921 1005 1003 1032 obse-

213 1058 343 1090 quentes,
373 1061 516 1088 nunquam
532 1053 605 1080 inter
618 1060 648 1080 se
668 1052 871 1086 discreparunt,
887 1051 935 1078 scd
963 1058 1006 1078 re-

214 1104 287 1128 ctam
307 1108 339 1127 ac
360 1107 455 1127 veram
473 1107 560 1134 usque
585 1099 619 1126 ad
653 1098 726 1126 hanc
754 1097 827 1125 diem
851 1097 1004 1124 doctrinam

214 1150 403 1174 servaverunt.
432 1146 549 1180 Insuper
571 1145 713 1172 insolitum
726 1148 768 1171 est
786 1143 888 1170 veteris
912 1143 1005 1169 Roma:

213 1193 379 1229 patriarchae
398 1191 557 1228 hujusmodi
585 1191 688 1226 scripto
710 1191 760 1224 uti,
780 1190 854 1225 quod
881 1189 926 1216 isti
942 1197 1006 1224 pro-

214 1239 317 1270 ferunt,
334 1246 389 1265 non
406 1238 525 1265 dicimus
552 1237 585 1264 ad
602 1237 791 1272 presbyteros.
816 1239 845 1263 ut
866 1235 904 1262 illi
925 1242 1004 1262 men-

214 1285 334 1316 tiuntur,
349 1283 397 1310 sed
411 1290 463 1310 nec
477 1283 560 1310 ctiam
588 1282 622 1309 ad
637 1282 793 1317 episcopos,
810 1288 861 1308 nec
875 1280 909 1307 ad
931 1279 1005 1315 ipsos

213 1329 495 1366 patriarchas.’l‘ertio
504 1328 666 1363 nosmetipsi
677 1332 821 1363 postquam
833 1326 1005 1354 misissemus

213 1375 247 1402 ad
274 1375 429 1402 archivium
454 1374 549 1409 palatii
575 1373 739 1408 episcopalis
760 1372 862 1399 veteris
888 1371 1003 1404 Romze,

213 1421 282 1448 nihil
297 1419 455 1455 hujusmodi
471 1429 486 1447 a
500 1419 573 1447 Julio
588 1425 690 1447 sancta:
706 1419 845 1446 memoriae
871 1418 1004 1453 scriptum

214 1449 377 1502 reperimus.
406 1465 538 1500 Epistolae
565 1469 658 1492 autem
685 1463 829 1492 Athanasii
857 1449 944 1491 sancti
970 1449 1041 1490 adc

213 1512 370 1544 Iovianum,
393 1512 427 1538 ab
457 1512 513 1538 illis
532 1511 655 1546 prolatar,
683 1510 778 1538 multis
804 1510 894 1537 modis
907 1509 1005 1536 confu-

214 1563 290 1586 tatur
306 1558 480 1585 mendacium
494 1557 623 1585 omnibus
638 1557 746 1584 viribus
762 1561 931 1589 astructum;
949 1563 1005 1583 non

213 1606 287 1633 enim
305 1605 495 1632 characterem
512 1605 636 1639 epistolae
652 1603 771 1639 pra:fert,
799 1611 851 1630 nec
871 1603 942 1638 stylo
956 1602 1007 1629 im-

214 1653 337 1688 peratori
366 1653 553 1680 conveniente
582 1652 724 1679 scribitur.
760 1651 875 1686 Insuper
897 1649 1006 1679 Joviani

216 1699 388 1733 temporibus
400 1699 474 1725 nulla
491 1698 679 1726 controversia
694 1697 729 1724 de
740 1697 912 1724 humanitate
926 1696 1007 1724 Chri-

215 1744 250 1773 sti
273 1744 365 1771 fuerat
379 1749 529 1777 commota,
551 1744 599 1771 sed
615 1743 649 1771 de
674 1742 962 1770 consubstantialitate
977 1741 1006 1768 in

215 1788 360 1821 Trinitate,
379 1789 468 1824 qualis
482 1788 534 1816 fuit
548 1789 655 1816 insania
680 1787 782 1815 Ariana
798 1795 858 1822 qum
869 1791 935 1814 tunc
951 1787 1006 1814 Ec—

215 1834 314 1862 clesias
346 1834 531 1868 perturbavit,
556 1834 590 1860 de
614 1841 668 1868 qua
683 1841 747 1860 vera
775 1836 864 1860 exstat
890 1831 1006 1867 epistola

205 1880 302 1918 jsancti
311 1880 453 1907 Athanasii
471 1879 505 1907 ad
517 1879 664 1907 Iovianum
681 1879 795 1914 scripta,
808 1879 888 1914 cujus
899 1878 926 1905 in
937 1886 1006 1905 con-

214 1927 294 1953 cinne
320 1926 431 1953 funebri
461 1925 550 1953 sancti
575 1925 719 1952 Athanasii
748 1925 874 1953 meminit
899 1923 1005 1959 Grego-

216 1971 274 1998 rius
288 1971 455 2006 Thcologus,
484 1977 624 2006 quamque
647 1967 782 2006 integram
806 1970 892 1997 refert
911 1970 1006 1997 Timo-

216 2017 298 2044 theus
326 2017 479 2051 Apolinarii
507 2017 673 2052 discipulus,
695 2016 723 2043 in
745 2023 795 2043 sua
821 2015 950 2047 historia.
966 2014 1007 2042 sic

215 2063 398 2090 habentem...

1058 824 1092 850 τὰ
1110 823 1245 859 εἰρημένα
1257 824 1325 858 πρὸς
1339 823 1452 858 ἔλεγχον
1465 823 1516 858 τῆς
1532 823 1588 850 τῶν
1607 823 1765 857 ’Λκεφάλων
1783 832 1848 850 κακ-

1057 870 1182 905 ουργίας.
1212 870 1286 905 Πλὴν
1317 869 1393 896 οὐδὲν
1422 869 1524 896 ἄτοπον
1552 869 1599 896 καὶ
1627 870 1728 904 ἑτέρως
1755 870 1847 896 αὐτῶν

1057 915 1166 950 ἐλέγξαι
1192 916 1241 950 τὴν
1271 915 1448 950 κακοήθειαν,
1464 916 1505 942 ὅτι
1532 916 1548 950 ἡ
1574 915 1624 950 μὲν
1652 916 1846 950 προφερομένη

1057 964 1123 998 παρ’
1142 962 1231 989 αὐτῶν
1262 962 1406 996 ἐπιστολὴ,
1428 962 1466 992 ὼς
1490 961 1601 989 Ἰουλίου
1621 962 1702 997 δῆθεν
1723 961 1770 988 τοῦ
1788 963 1847 988 ἑπι-

1057 1010 1161 1036 σκόπου
1182 1008 1293 1043 Ῥώμης
1308 1007 1354 1034 καὶ
1375 1007 1463 1039 ἄλλως
1485 1007 1624 1034 δείκνυται
1651 1007 1845 1043 πεπλασμένη.

1056 1056 1088 1082 Οί
1102 1055 1156 1091 γὰρ
1175 1055 1259 1090 ἱερεῖς
1272 1055 1321 1089 τῆς
1338 1053 1529 1089 πρεσϐυτέρας
1551 1054 1661 1089 Ῥώμης
1677 1055 1711 1089 τῇ
1728 1055 1848 1081 ἀποστο-

1055 1102 1118 1137 λικῇ
1137 1101 1181 1128 διὰ
1204 1101 1315 1128 πάντων
1338 1100 1573 1135 ἀκολουθήσαντες
1599 1100 1760 1136 παραδόσει,
1773 1099 1849 1127 οὐδέ-

1057 1155 1123 1173 ποτε
1137 1147 1205 1182 πρὸς
1221 1145 1354 1181 ἀλλήλους
1366 1145 1549 1180 διεφώνησαν,
1561 1145 1628 1171 ἀλλὰ
1639 1145 1688 1178 τὴν
1703 1144 1786 1180 ὀρθὴν
1801 1146 1848 1170 καὶ

1056 1192 1187 1228 ἀληθινὴν
1216 1191 1298 1226 μέχρι
1340 1191 1462 1225 σήμερον
1494 1190 1658 1224 διεφύλαξαν
1685 1190 1765 1222 δόξαν
1793 1191 1846 1224 (5).

1059 1239 1176 1265 Ἔπειτα
1193 1238 1222 1264 δὲ
1247 1238 1285 1269 ὡς
1308 1238 1359 1264 οὐκ
1380 1236 1441 1268 ἐοος
1454 1235 1514 1263 ἐστὶ
1529 1236 1567 1271 τῷ
1586 1236 1637 1271 τῆς
1654 1236 1848 1271 πρεσϐυτέρας

1063 1283 1173 1320 Ῥώμης
1190 1284 1348 1319 πατριάρχῃ
1364 1283 1504 1317 ἐπιγραφῇ
1520 1281 1635 1317 τοιαύτῃ
1650 1282 1769 1318 χρῆσθαι
1786 1282 1848 1309 οἷαν

1056 1328 1131 1358 οὗτοι
1153 1330 1349 1366 προφέρουσιν,
1368 1329 1399 1355 οὐ
1414 1329 1532 1364 λέγομεν
1545 1328 1614 1364 πρὸς
1630 1328 1848 1364 πρεσῦυτέρους,

1056 1377 1152 1413 ὥσπερ
1167 1376 1247 1404 αὐτοὶ
1262 1376 1490 1410 συκοφαντοῦσιν,
1507 1375 1565 1401 ἀλλ’
1577 1375 1639 1401 οὔτε
1654 1375 1722 1410 πρὸς
1733 1375 1848 1402 ἑπισκὸ-

1057 1432 1137 1456 πους,
1156 1422 1218 1449 οὔτε
1237 1422 1306 1457 πρὸς
1326 1422 1425 1453 αὐτοὺς
1443 1421 1626 1456 πατριάρχας.
1646 1420 1744 1456 Τρίτον
1757 1420 1785 1447 δὲ
1804 1421 1849 1447 ὄτι

1057 1470 1106 1497 καὶ
1128 1468 1287 1504 πέμψαντες
1304 1469 1345 1499 εἰς
1365 1467 1399 1494 τὰ
1418 1468 1516 1502 ἀρχεῖα
1537 1466 1586 1493 τοῦ
1603 1466 1780 1493 ὲπισκοπείου
1795 1466 1849 1502 τῆς

1056 1514 1247 1551 πρεσόυτέρας
1272 1512 1390 1548 Ῥώμης,
1413 1512 1490 1539 οὐδὲν
1513 1512 1618 1539 τοιοῦτο
1641 1512 1716 1547 παρὰ.
1737 1512 1848 1539 Ἰουλίου

1056 1560 1106 1588 τοῦ
1119 1561 1169 1596 τῆς
1191 1560 1268 1591 ὁσίας
1285 1560 1397 1595 μνήμης
1412 1559 1606 1593 γεγραμμένον
1619 1558 1747 1593 εὕρομεν.
1772 1558 1803 1585 'Il
1819 1559 1848 1585 δὲ

1055 1604 1093 1636 ὼς
1108 1604 1185 1640 παρὰ
1207 1603 1370 1630 Ἀθανασίου
1394 1602 1441 1629 τοῦ
1467 1603 1496 1628 ὲν
1521 1602 1612 1637 ἁγίοις
1632 1603 1700 1638 πρὸς
1720 1603 1848 1630 Ἰοῦιανδν

1057 1650 1103 1677 ὑπ’
1118 1649 1208 1677 αὐτῶν
1229 1649 1434 1685 προφερομένη,
1452 1648 1560 1680 πολλοῖς
1575 1648 1715 1684 ἐλέγχεται
1731 1649 1848 1684 τρόποις

1056 1694 1157 1730 ψευδὴς
1172 1694 1330 1721 παντάπασι
1350 1693 1513 1721 καθεστῶσα
1524 1702 1530 1709 ·
1546 1692 1610 1720 οὔτε
1634 1695 1689 1729 γὰρ
1711 1695 1849 1721 ἐπιστολι-

1059 1742 1139 1777 μαῖον
1151 1741 1209 1776 ἔχει
1225 1741 1401 1777 χαρακτῆρα,
1417 1740 1479 1767 οὒτε
1500 1741 1644 1778 πρεπούσῃ
1670 1741 1776 1776 βασιλεῖ
1793 1743 1849 1768 ὐπ-

1058 1786 1159 1822 αγορίᾳ
1188 1786 1369 1813 συντέθειται.
1391 1786 1460 1813 Ἀλλ’
1477 1786 1537 1813 οὐδὲ
1560 1787 1607 1812 ἐπὶ.
1635 1786 1689 1813 τῶν
1716 1786 1849 1813 Ἰοϐιανοῦ

1058 1832 1162 1867 χρόνων
1178 1833 1243 1867 περὶ
1254 1832 1303 1867 τῆς
1317 1831 1551 1868 ὲνανθρωπήσεως
1561 1832 1608 1858 τοῦ
1622 1832 1724 1868 Κυρίου
1745 1833 1853 1867 ἀμφισ-

1057 1877 1173 1914 6ήτησίς
1200 1886 1243 1910 τις
1272 1878 1424 1913 ἐκεκίνητο,
1438 1878 1506 1905 ἀλλὰ
1522 1879 1586 1913 περὶ
1601 1878 1651 1913 τῆς
1676 1879 1705 1904 ὲν
1731 1880 1762 1913 τῇ
1782 1879 1853 1915 ἁγίᾳ.

1057 1925 1154 1960 Τριάδι
1173 1924 1381 1964 ὁμουσιότητος,
1401 1921 1445 1951 οἷα
1464 1925 1515 1960 τῆς
1548 1925 1723 1960 Ἀρειανικῆς
1748 1926 1852 1960 μανίας

1057 1969 1210 2006 τηνικαῦτα
1224 1971 1284 2002 ταῖς
1303 1970 1481 2005 Ἐκκλησίαις
1502 1970 1652 2005 ὀχλούσης·
1668 1971 1733 2006 περὶ
1801 1973 1853 1999 καὶ

1058 2016 1074 2051 ὴ
1102 2016 1208 2051 ἀληθὴς
1236 2016 1366 2052 ἐπιστολὴ
1391 2016 1438 2043 τοῦ
1452 2017 1480 2043 ὲν
1495 2017 1584 2051 ἁγίοις
1604 2017 1765 2044 Ἀθανασίου
1779 2018 1852 2052 πρὸς

1065 2061 1194 2088 Ἰοὸιανὸν
1221 2062 1403 2098 γεγραμμένη
1430 2060 1585 2099 φέρεται,ᾕ
1606 2063 1652 2090 καὶ
1669 2063 1822 2099 Γρηγόριος
1838 2065 1852 2090 ὁ

216 2108 347 2142 Θεολόγος
376 2110 404 2135 ὲν
430 2108 469 2143 τῷ
495 2106 632 2141 ἐπιταζρίῳ
666 2105 713 2132 τοῦ
736 2106 813 2140 ἁγίου
844 2107 1004 2135 Ἀθανασίου
1035 2109 1182 2144 μαρτυρεῖ,
1218 2109 1266 2135 καὶ
1293 2109 1425 2144 Τιμόθεος
1461 2110 1475 2136 ὸ
1504 2109 1629 2145 μαθητὴς
1660 2110 1851 2145 Ἀπολιναρίου

215 2155 318 2189 ταύτην
330 2155 482 2189 όλὸγραφον
497 2154 525 2180 ἐν
541 2154 574 2188 τῇ
588 2152 678 2186 οἰκείᾳ
687 2152 795 2188 τίθησιν
827 2153 932 2189 ἱστορίᾳ
949 2153 1005 2189 ἔχοι

1058 2155 1176 2187 ιοῦτως.
1207 2153 1344 2190 (Sequitur
1374 2156 1444 2182 edita
1474 2155 1617 2184 Athanasii
1641 2157 1675 2184 ad
1706 2157 1852 2184 Iovianum

215 2200 348 2237 epistola.)

251 2247 330 2285 {tunc
348 2251 441 2273 autem
459 2245 493 2272 de
502 2245 648 2272 Timotheo
658 2245 754 2272 Ailuro
771 2245 927 2280 loquamur,
944 2253 1005 2273 cum

1095 2246 1137 2283 [Ρ.
1155 2246 1229 2283 εει]
1247 2247 1383 2282 Δείξωμεν
1397 2247 1424 2274 δὲ
1440 2248 1487 2273 καὶ
1502 2248 1635 2284 Τιμόθεον
1651 2249 1698 2276 τὸν
1717 2249 1852 2286 Ana-490v

216 2282 376 2319 hlanicbaais
391 2291 590 2320 consentiente.
600 2291 739 2318 contraria
750 2299 817 2318 vero
833 2292 937 2319 sanctis
952 2291 1005 2318 Pa-

218 2339 306 2365 tribus
321 2337 473 2365 Athanasio
494 2336 653 2375 Cyrilloque
675 2337 810 2370 docente;
837 2337 906 2364 dicit
931 2338 1005 2365 enim

217 2384 275 2411 ha'c
288 2383 359 2410 idem
370 2382 544 2415 Timotheus,
552 2383 642 2417 capite
649 2388 747 2410 octavo
756 2383 819 2410 libri
830 2383 916 2417 tertii,
924 2391 1005 2418 quem

218 2431 247 2458 in
270 2430 443 2457 Chersoneso
464 2429 576 2464 scripsit
598 2438 604 2456 :
630 2438 639 2454 ι
664 2430 768 2456 Natura
789 2434 881 2457 autem
901 2429 1006 2457 Christi

218 2477 276 2504 sola
295 2476 426 2504 divinitas
446 2481 503 2508 est,
520 2476 573 2503 etsi
593 2475 678 2502 fuerit
698 2476 850 2503 incarnata.
870 2485 880 2501 ι
904 2475 1007 2503 Eadem

218 2531 286 2551 vero
297 2523 464 2550 Manichacus
477 2523 600 2550 scribens
614 2523 641 2549 in
657 2522 773 2557 cpistola
786 2522 819 2550 ad
834 2522 1006 2555 Cundarum,

218 2569 278 2595 hate
286 2567 366 2596 dicit:
379 2578 387 2594 ι
397 2569 454 2597 Una
465 2574 561 2600 natura
571 2569 778 2601 esttotum,ctsi
787 2568 1006 2604 videaturﬁgura

219 2614 321 2642 carnis.
338 2624 348 2640 ι
364 2613 404 2641 Ad
421 2614 480 2642 haec
495 2621 587 2642 autent
603 2615 732 2647 dicimus,
742 2615 764 2642 si
778 2615 856 2650 juxta
871 2614 1007 2642 insaniant

219 2660 357 2689 Timothei
373 2664 471 2687 natura
483 2660 585 2688 Christi
598 2662 633 2688 sit
645 2662 703 2690 sola
714 2662 857 2694 divinitas,
866 2662 1006 2690 Christum

218 2715 285 2742 ergo
304 2715 364 2734 esse
383 2707 492 2734 Patrem
513 2715 546 2734 ac
566 2708 699 2743 Spiritum
722 2711 867 2741 sanctum;
888 2717 943 2736 una
964 2713 1008 2736 est

219 2751 293 2778 enim
312 2756 410 2778 natura
426 2751 597 2785 divinitatis,
611 2753 702 2780 Patris
721 2753 843 2786 scilicet,
858 2757 886 2780 et
900 2754 962 2780 Filii
979 2759 1007 2781 et

241 2808 294 2847 .(5)
311 2807 443 2847 i‘fotcmus
460 2809 619 2847 prmglarum
635 2810 783 2838 Justiuiani
802 2813 867 2846 imp.
885 2812 1011 2839 testimo—

222 2842 297 2869 nium
313 2842 347 2868 de
368 2848 499 2876 perpetua
521 2843 705 2872 Romanorum
727 2842 891 2874 I’ontilic'um
912 2847 1008 2874 ortho-

1061 2293 1196 2327 σύμφωνα
1216 2293 1266 2327 μὲν
1293 2293 1464 2329 Μανιχαίων,
1481 2294 1592 2321 ἐναντία
1618 2295 1647 2321 δὲ
1672 2296 1728 2327 τοῖς
1755 2296 1851 2328 αὐτοῖς

1060 2339 1150 2372 ἁγίοις
1166 2340 1305 2375 Πατράσιν
1324 2341 1476 2377 Ἀθανασίῳ
1487 2342 1535 2368 καὶ
1556 2342 1684 2377 Κυρίλλῳ
1695 2344 1851 2378 φρονήσαν-

1059 2393 1103 2412 τα.
1118 2385 1200 2419 Λέγει
1216 2385 1270 2421 γὰρ
1284 2387 1298 2412 ὁ
1314 2386 1394 2419 αὐτὸς
1409 2388 1541 2423 Τιμόθεος
1555 2389 1583 2414 έν
1598 2388 1638 2423 τῷ
1661 2389 1747 2424 ὀγδόῳ
1761 2398 1849 2423 κεφα-

1060 2429 1129 2465 λαίῳ
1143 2429 1191 2456 τοῦ
1212 2431 1304 2466 τρίτου
1318 2431 1434 2466 βιϐλίου,
1450 2433 1519 2468 ὅπερ
1534 2433 1563 2460 ὲν
1579 2434 1702 2469 Χέρσωνι
1716 2434 1849 2470 συνέγρα-

1058 2475 1092 2510 ψε
1105 2476 1183 2502 τάδε·
1203 2486 1212 2502 ι
1225 2477 1308 2509 Φύσις
1321 2477 1348 2504 δὲ
1361 2478 1479 2514 Χριστοῦ
1496 2478 1563 2515 μόνη
1580 2479 1687 2515 θεότης,
1699 2481 1724 2507 ει
1743 2481 1789 2508 καὶ
1803 2489 1849 2508 σε-

1060 2522 1211 2558 σάρκωται.
1222 2532 1231 2548 ι
1250 2524 1292 2550 Τὰ
1309 2524 1382 2550 αὐτὰ
1399 2524 1427 2550 δὲ
1451 2525 1602 2561 Μανιχαῖος
1617 2526 1731 2562 γράφων
1755 2527 1785 2552 ἒν
1813 2528 1848 2562 τῇ

1059 2569 1128 2605 πρὸς
1143 2569 1300 2606 Κούνδαρον
1311 2572 1452 2608 ἐπιστολῇ,
1471 2572 1546 2607 λέγει
1564 2573 1626 2602 τάδε
1638 2581 1645 2588 ·
1669 2583 1679 2600 ι
1694 2574 1752 2601 Μία
1767 2574 1849 2609 φύσις

1058 2615 1089 2642 τὸ
1106 2615 1178 2647 ὅλον,
1205 2617 1229 2643 εἰ
1257 2617 1304 2643 καὶ
1330 2618 1431 2652 σαρκὸς
1459 2618 1552 2653 ὡρᾶτο
1578 2620 1682 2654 μορφή.
1698 2629 1707 2645 ι
1731 2619 1802 2655 Πρὸς
1819 2619 1848 2646 δὲ

1053 2663 1148 2691 ,ταῦτα
1174 2662 1301 2697 λέγομεν,
1318 2663 1359 2690 ὅτι
1384 2663 1408 2690 εί
1432 2664 1501 2691 κατὰ
1530 2665 1579 2698 τὴν
1600 2665 1693 2692 ἄνοιαν
1714 2666 1847 2701 Τιμοθέου

1061 2707 1143 2741 φύσις
1165 2707 1287 2743 Χριστοῦ
1313 2708 1382 2744 μόνη
1410 2708 1517 2744 θεότης,
1546 2709 1663 2744 Χριστὸς
1689 2710 1743 2746 ἄρα
1768 2712 1813 2738 χαῖι
1834 2711 1849 2737 ὁ

1061 2754 1156 2790 Πατὴρ
1186 2755 1234 2781 καὶ
1254 2754 1285 2781 τδ
1309 2754 1387 2788 ἃγιον
1415 2755 1545 2790 Πνεῦμα·
1570 2756 1620 2790 μία
1643 2756 1696 2792 γὰρ
1720 2758 1849 2792 οεότὴτυς

1066 2812 1158 2851 doxia,
1175 2823 1237 2842 cum
1259 2820 1298 2843 tot
1311 2821 1407 2844 contra
1432 2816 1535 2844 fuerint
1550 2817 1576 2843 in
1601 2816 1709 2844 caeteris
1730 2814 1848 2851 patriar-

1063 2848 1189 2877 cllaliltus
1203 2851 1316 2879 sedibus
1331 2857 1454 2886 pastores
1469 2852 1603 2880 haeretici.
