1966 3089
123 147 190 179 1129
206 131 224 152 κ

581 139 803 172 TRACTATUS
823 137 974 168 CONTRA
992 137 1295 169 MONOPHYSITAS.

1686 123 1800 175 ιιδσἼ

122 203 213 238 φύσις,
234 200 341 237 Πατρός
357 208 448 236 φαμεν
467 199 514 226 καὶ
530 197 596 225 Υίοῦ
617 198 663 224 καὶ
682 196 761 231 ἁγίου
782 195 911 229 Πνεύμα-

968 193 1084 228 Spiritus
1106 196 1206 223 sancti.
1229 196 1324 225 Passio
1345 205 1469 234 quoque,
1484 199 1562 234 juxta
1583 201 1658 230 illius
1677 204 1760 232 insa-'

122 259 177 282 τος.
195 249 294 275 Ἔσται
309 247 337 274 δὲ
355 248 403 274 καὶ
417 247 447 273 τὸ
464 243 551 278 πάθος
572 246 662 272 κοινὸν
679 244 751 271 κατὰ
769 243 819 278 τὴν
841 242 913 271 ὲκεί-

122 308 168 326 νου
193 297 302 332 μανίαν.
317 295 358 330 (Ρ.
372 293 436 328 256)
456 292 539 319 Πάλιν
560 290 695 326 Τιμόθεος
711 290 725 316 ὑ
741 289 912 325 βλάσφημος,

122 346 157 377 ὥς
176 345 226 371 οὐκ
241 338 413 377 ἀρκούμενος
433 338 582 374 προτέραις
598 337 680 364 αὑτοῦ
698 335 912 371 ματαιολογίαις,

122 391 151 418 ὲν
167 390 205 424 τῷ
219 387 340 423 δευτέρῳ
355 386 411 413 τῶν
427 383 631 424 ἀντιῤῥητικῶν
645 383 728 410 αὑτοῦ
745 383 842 417 λόγων,
863 390 912 409 σα-

122 435 257 470 φέστερον
276 433 326 469 τὴν
344 431 444 459 ἑαυτοῦ
470 431 548 457 νόσον
566 429 734 479 ἐπικαλύπτει
745 428 849 479 λέγει
859 427 913 479 γὰρ

121 481 209 513 οὕτως
219 489 227 496 ·
249 490 259 506 ‹
274 479 312 506 Οὐ
324 479 379 513 γὰρ
395 478 502 512 φύσεως
517 476 573 511 ἔχει
588 475 667 510 λόγον
684 476 701 511 ή
715 474 763 502 τοῦ
782 474 851 501 Θεοῦ
863 474 914 501 Λό-

121 536 173 562 γου
191 527 342 562 σάρκωσις,
358 523 418 552 ἀλλ’
430 523 589 558 οἰκονομίας
601 522 671 558 ὑπὲρ
695 521 778 556 φύσιν
794 529 914 575 πραττο-

123 575 208 610 μένης
224 573 278 599 ὑπὸ
294 571 363 599 Θεοῦ
378 572 410 598 ὲκ
429 570 479 606 μὲν
499 571 550 605 τῆς
566 568 660 604 κοινῆς
673 569 719 596 καὶ
738 568 914 605 ἀνθρωπίνης

122 620 201 655 ἡμῶν
214 618 323 652 φύσεως
341 618 401 652 ἦτοι
413 616 522 648 οὐσίας·
536 615 575 667 διὸ
592 616 640 642 καὶ
659 615 782 667 ὁμοφυὴς
793 615 914 667 καὶὸμο-

122 665 204 700 γενὴς
221 665 270 691 καὶ
289 663 433 698 ὁμοοὺσιος
453 664 520 698 ἡμῖν
535 662 646 696 λέγεται
663 661 737 688 κατὰ
755 661 800 688 τὸν
813 661 862 697 τῆς
875 662 915 688 οι-

122 710 253 744 κονομίας
263 708 353 742 λόγον,
368 708 426 743 ἤτοι
442 709 492 742 τὴν
505 708 536 734 ὲκ
548 707 678 741 γυναικὸς
694 707 821 741 γέννησιν
831 714 837 721 ·
851 706 913 733 οὔτε

121 756 150 783 δὲ
168 757 251 790 φύσις
272 755 334 782 οὔτε
351 755 430 781 οὐσία
450 754 539 781 κοινοῦ
557 762 628 785 τινος
644 753 788 789 ἀνθρώπου
808 762 914 789 προση-

121 801 252 835 γόρευται
277 800 388 826 πώποτε
415 799 447 825 τὺ
473 800 609 834 ἄχραντον
625 799 673 825 καὶ
692 798 824 834 ὁμογενὲς
847 800 914 834 ἡμῖν

123 847 202 881 σῶμα
214 846 263 873 τοῦ
277 846 345 873 Θεοῦ
360 846 458 880 Λόγου.
475 855 483 871 ι
507 845 556 872 Διὰ
574 845 628 871 τῶν
645 845 800 880 εἰρημένων
821 844 912 872 τοίνυν

122 893 241 928 φανερὸν
260 892 442 927 καθέστηκεν,
461 892 502 918 ὅτι
520 891 571 926 τὴν
595 891 642 917 τοῦ
659 891 727 917 Θεοῦ
741 891 830 925 Λόγου
847 891 914 926 σὰρ-

123 951 218 974 κωσιν,
238 941 347 975 φύσεως
363 941 436 976 ἔχειν
451 941 615 976 ἀπαρνεῖται
629 940 709 972 λόγον
722 939 866 977 Τιμόθεος.
882 939 912 966 Et

121 988 151 1015 δὲ
178 989 287 1023 φύσεως
303 987 382 1022 λόγον
399 987 450 1014 οὐκ
473 987 541 1022 ἔχει,
561 986 633 1014 κατὰ
654 986 804 1020 φαντασίαν
829 986 914 1021 μόνην

123 1034 242 1068 φανῆναι
256 1032 359 1068 ταύτην
375 1031 462 1067 λέγει·
477 1032 544 1066 φησὶ
556 1032 609 1066 γάρ
619 1040 626 1047 ·
646 1041 655 1057 ι
667 1032 715 1058 Ἐκ
729 1031 777 1066 μὲν
795 1031 844 1066 τῆς
856 1039 914 1077 κοι-

121 1080 171 1115 νῆς
191 1080 239 1106 καὶ
254 1079 430 1115 ἀνθρωπίνης
451 1079 529 1114 ἡμῶν
549 1078 657 1113 φύσεως
669 1078 728 1113 ἤτοι
753 1077 847 1108 οὐσίας
867 1076 913 1103 τὸν

121 1126 189 1153 Θεὸν
202 1127 290 1160 Λόγον
305 1125 484 1160 γεγενῆσθαι,
504 1125 644 1151 τουτέστιν
659 1125 692 1151 ἐκ
705 1123 845 1158 γυναικὸς,
866 1123 914 1149 καὶ

123 1173 195 1200 κατὰ
212 1172 293 1199 τοῦτο
305 1173 384 1208 μόνον
398 1173 446 1208 καὶ
456 1173 564 1207 ὁμοφυᾶ
579 1172 626 1198 καὶ
644 1171 760 1206 ὁμογενῆ
786 1171 834 1196 καὶ
849 1170 914 1204 ὁμο-

122 1220 213 1246 ούσιον
229 1221 294 1254 ἡμῖν
307 1219 445 1253 λέγεσθαι,
461 1220 508 1245 καὶ
523 1218 588 1250 Θεὸς
604 1219 635 1244 ὲκ
647 1218 776 1252 γυναικὸς
796 1216 913 1251 ἁπετέχ-

123 1265 168 1299 [ιη.
183 1276 192 1291 ι
212 1265 371 1301 Ὁμοούσιον
381 1266 447 1300 ἡμῖν
460 1265 489 1290 οὐ
503 1264 556 1299 μὴν
569 1264 649 1290 αὑτὸν
667 1263 711 1289 τὺν
725 1263 828 1298 Κύριον
842 1262 913 1288 κατὰ

123 1312 284 1347 φύσιν,ἣτοι
299 1313 404 1341 οὐσίαν,
422 1311 510 1338 κοινὸν
524 1311 596 1346 ἔχειν
607 1319 633 1336 τι
655 1310 724 1345 πρὸς
752 1309 914 1345 ἀνθρώπους

123 1359 212 1393 λέγει·
237 1359 336 1392 ἐπάγει
353 1357 419 1392 γὰρ,
447 1358 498 1389 ὅτι,
517 1355 602 1384 ιΟύτε
627 1357 717 1392 φύσις,
738 1355 800 1383 οὔτε
823 1355 913 1389 οὐσία,

124 1402 217 1431 κοινοῦ
242 1413 314 1435 τινος
335 1403 479 1439 ἀνθρώπου
500 1403 721 1439 προσηγόρευται
749 1402 869 1436 πώποτε,
884 1401 916 1428 τὸ

124 1451 259 1486 ἄχραντον
274 1450 320 1477 καὶ
335 1449 465 1485 ὁμογενὲς
480 1451 545 1485 ἡμῖν
559 1449 640 1484 σῶμα
654 1449 701 1475 τοῦ
715 1449 782 1475 Θεοῦ
795 1449 910 1483 Λόγου.»

125 1496 308 1532 Ἀρνούμενος
324 1496 352 1522 δὲ
368 1497 401 1531 τῇ
425 1495 547 1532 ἡμετέρᾳ
564 1495 644 1530 φύσει
670 1497 809 1522 κοινωνεῖν
822 1496 853 1522 τὸ
867 1495 915 1522 τοῦ

124 1543 229 1580 Κυρίου
242 1543 333 1579 σῶμα,
342 1543 476 1579 πρόδηλός
486 1544 545 1569 ὲστι
560 1542 628 1578 πρὸς
642 1542 751 1577 ἀπάτην
760 1542 808 1569 καὶ
819 1540 914 1577 μονὴν,

124 1592 157 1625 τῇ
185 1589 232 1616 τοῦ
257 1588 448 1624 Μονογενοῦς
467 1588 540 1622 λέξει
562 1588 743 1623 κεχρημένος,
767 1589 814 1615 καὶ
830 1588 914 1623 μηδὲν

124 1637 219 1671 ἕτερον
238 1635 282 1662 διὰ
306 1634 409 1670 ταύτης
430 1634 509 1667 νοῶν,
536 1635 561 1661 εί
582 1635 620 1670 μὴ
653 1635 693 1660 ὅτι
717 1635 754 1666 ὼς
771 1634 915 1669 ἄνθρωπος

126 1682 196 1708 κατὰ
218 1681 370 1716 φαντασίαν
396 1681 569 1717 γεγέννηται,
587 1681 634 1708 καὶ
657 1680 769 1714 δοκήσει
787 1681 817 1707 οὺ
834 1679 915 1714 φύσει

125 1728 212 1763 ἐφάνη
229 1727 383 1763 ἄνθρωπος.
398 1727 430 1754 Εἰ
455 1726 484 1754 δὲ
505 1726 593 1753 ταῦτα
608 1726 694 1758 οὕτως
710 1726 767 1761 ἔχει
781 1727 853 1753 κατὰ
866 1726 915 1761 τὴν

125 1773 260 1808 Τιμοθέου
276 1773 385 1808 μανίαν,
405 1772 490 1807 σαφὲς
509 1772 692 1808 καθέστηκεν,
707 1771 748 1798 ὃτι
760 1772 807 1798 καὶ
821 1772 851 1798 τὸ
863 1772 916 1799 πά-

125 1822 170 1852 θος
189 1820 237 1847 καὶ
254 1820 299 1846 τὸν
311 1819 427 1856 σταυρὸν
451 1821 499 1847 καὶ
518 1819 563 1846 τὸν
578 1819 694 1846 θάνατον
710 1819 758 1846 καὶ
778 1818 828 1855 τὴν
852 1819 916 1846 ἀνά-

125 1858 222 1894 στασιν
235 1867 284 1894 τοῦ
306 1867 407 1904 Κυρίου
433 1866 505 1893 κατὰ
524 1866 675 1901 φαντασίαν
699 1865 767 1902 φησὶ
802 1865 916 1900 γεγενῆ-

126 1915 199 1945 σθαι,
213 1915 281 1949 ὅπερ
296 1916 345 1941 καὶ
361 1914 509 1948 Μανιχαίος
524 1913 610 1948 λέγει.

161 1959 204 1995 IP.
217 1958 293 1996 257.]
306 1960 359 1987 Καὶ
375 1960 457 1987 πάλιν
468 1959 599 1995 Τιμόθεος
618 1960 677 1993 ταῖς
687 1961 784 1988 ἑαυτοῦ
796 1961 917 1997 βλασφη-

127 2006 204 2041 μίαις
217 2005 421 2042 προσεπιτιθεὶς
438 2006 475 2032 τὰ
488 2006 609 2042 χείρονα,
623 2007 670 2033 καὶ
685 2008 714 2033 ὲν
731 2007 770 2042 τῷ
793 2008 916 2043 τετάρτῳ

125 2052 209 2079 αὐτοῦ
227 2052 367 2087 κεφαλαίῳ
376 2052 422 2079 τοῦ
435 2053 580 2087 εἰρημένου
594 2053 686 2088 τρίτου
703 2052 816 2088 βιϐλίου,
843 2054 917 2088 λέγει

124 2098 222 2125 τάδε-ι
236 2098 366 2130 Δείξωσιν
378 2099 443 2134 ἡμῖν
459 2099 602 2133 Διφυσῖται
616 2098 670 2125 τῶν
684 2099 731 2125 δύο
746 2098 853 2133 φύσεων
869 2099 916 2126 τοῦ

125 2145 245 2181 Χριστοῦ
263 2145 406 2181 διαφορὰν,
429 2145 466 2178 ὡς
488 2146 567 2172 αὐτοὶ
578 2145 715 2180 λέγουσιν,
727 2146 913 2174 είδύνανται.»

133 2192 204 2218 Ἰδοϋ
221 2191 313 2225 σαφῶς
335 2193 459 2227 ἀρνεῖται
482 2191 531 2227 τὴν
546 2192 677 2228 διαφορὰν
696 2192 749 2219 τῶν
764 2192 793 2219 ὲν
806 2191 917 2227 Χριστῷ

125 2237 174 2264 δύο
196 2237 303 2271 φύσεων
316 2245 324 2253 ’
344 2237 391 2264 καὶ
415 2238 445 2264 ἐν
467 2238 555 2273 τούτῳ
576 2237 604 2264 δὲ
627 2238 726 2273 ὁμοίως
748 2237 918 2265 ἐναντιοῦται
935 2248 958 2275 Ι)

126 2283 196 2310 πᾶσι
213 2284 270 2314 τοῖς
282 2291 311 2309 τε
335 2283 425 2314 ἄλλοις
450 2284 539 2317 ἁγίοις
564 2283 699 2318 Πατράσι,
727 2283 775 2309 καὶ
802 2283 919 2319 μάλιστα

133 2328 287 2363 Ἀθανασίῳ
300 2329 614 2364 καὶ·Κυρίλλῳ.-Καὶ
638 2328 721 2356 πάλιν
746 2328 878 2364 Τιμόθεος
905 2330 919 2356 ὁ

126 2373 267 2408 αἱρετικὸς
278 2373 405 2408 μείζονας
414 2373 531 2401 ἐπινοῶν
546 2374 634 2410 ἑαυτῷ
651 2374 835 2409 βλασφημίας,
851 2383 919 2410 προ-

127 2419 257 2447 ϐάλλεται
271 2421 443 2456 προφητικην
462 2420 540 2456 ῥῆσιν
550 2421 682 2456 λέγουσαν
708 2420 795 2453 οὕτως
806 2429 813 2435 ⁸
837 2430 846 2446 ι
862 2421 919 2448 Λπ-

128 2465 270 2500 αγγέλλων
294 2466 334 2497 είς
360 2466 520 2502 ἀνθρώπους
542 2466 587 2493 τὸν
615 2468 733 2504 Χριστὸν
759 2468 852 2500 αὑτοῦ,
873 2467 920 2494 καὶ

129 2512 260 2544 Κύριοςό
285 2511 352 2544 Θεὸς
379 2513 577 2548 παντοκράτωρ
602 2513 686 2549 ινομα
714 2513 798 2548 αὐτῷ.
816 2523 825 2539 ι
855 2512 921 2541 Εἶτα

129 2558 224 2590 κακῶς
239 2558 341 2590 ταύτας
355 2557 539 2594 ἐξηγούμενος
554 2559 652 2592 ἐπάγει
666 2568 672 2575 -
691 2568 700 2584 ι
721 2560 807 2592 Αὐτὸς
825 2557 871 2587 οῦν
887 2560 920 2586 δι’

130 2605 227 2631 ἑαυτοῦ
246 2604 400 2640 ἀπήγγειλε
430 2605 488 2637 τοῖς
510 2604 665 2640 ἀνθρώποις
680 2614 687 2620 ·
709 2605 803 2633 τοῦτον
827 2606 888 2632 ίδὼν
908 2607 922 2633 ὁ

130 2650 206 2685 ἥλιος
223 2651 268 2678 ἔδυ
289 2651 460 2688 μεσημϐρίᾳ.
489 2650 560 2678 Ἀλλ’
575 2651 626 2678 οὐκ
655 2651 762 2686 ἐδέχετο
786 2652 865 2678 τοῦτο
888 2652 922 2679 δι’

131 2696 275 2732 ἀνθρώπου
292 2698 431 2732 γενέσθαι,
445 2698 504 2734 ἢτοι
517 2698 560 2725 διὰ
574 2697 681 2732 φύσεως
696 2697 869 2733 ἀνθρωπίνης
885 2706 891 2713 ·
905 2698 922 2733 ἢ

131 2742 187 2779 γὰρ
201 2743 233 2771 ἂν
249 2745 338 2781 πάντη
349 2754 378 2771 τε
397 2745 445 2772 καὶ
459 2745 600 2777 παντελῶς
614 2745 691 2772 ἔλυεν
706 2745 757 2780 τὴν
775 2744 923 2781 παρθενίαν

134 2789 150 2824 ἠ
166 2789 308 2824 ἀνθρώπου
325 2791 404 2825 φύσις
418 2800 425 2807 ο
442 2793 467 2818 εί
483 2791 537 2826 γὰρ
556 2789 590 2828 ἦν
602 2791 748 2828 ἄνθρωπος
759 2791 829 2818 κατὰ
843 2790 924 2825 φύσιν

132 2837 179 2864 καὶ
195 2836 276 2871 νόμον
288 2837 302 2863 ὁ
319 2837 421 2872 μέλλων
431 2838 622 2865 ἀποτελεῖσθαι
630 2838 775 2874 ἄνθρωπος
789 2838 818 2864 ὲν
835 2839 926 2874 μήτρᾳ

132 2884 182 2921 τῆς
199 2883 352 2920 Παρθένου,
369 2884 419 2911 οὐκ
435 2885 468 2912 ἂν
485 2885 582 2921 ἐτέχθη
600 2885 630 2917 ἐξ
645 2886 740 2921 αὐτῆς,
757 2885 781 2912 εί
800 2885 838 2922 μὴ
851 2894 927 2922 πρω-

272 2933 409 2964 ΡΑτῑιοι..
428 2934 486 2966 GR.
505 2934 672 2967 LXXXVI.

965 240 1054 274 uiam,
1069 243 1225 270 communis
1240 243 1304 271 erit.
1321 244 1428 273 Rursus
1444 243 1612 276 Timotheus»
1624 249 1754 286 blasphe-

964 292 1037 319 mus,
1049 287 1128 321 quasi
1143 295 1198 314 non
1215 288 1268 316 sibi
1280 289 1439 319 sufﬁcerent
1454 293 1580 321 stultitia:
1594 295 1712 330 priores,
1726 293 1761 325 in»

964 331 1037 358 libro
1059 334 1183 361 secundo
1205 337 1458 365 controversiarum
1482 347 1611 374 suarum,
1631 343 1755 377 apertius

964 379 1094 406 morbum
1112 388 1194 408 suum
1211 383 1329 417 revelat;
1346 385 1387 413 sic
1402 386 1477 414 enim
1496 387 1619 423 loquitur
1635 398 1643 418 :
1665 400 1674 416 ‹
1693 390 1754 419 Νοη

963 425 1038 452 enim
1055 431 1163 454 natura
1181 428 1265 456 habet
1279 429 1401 458 Verbum
1419 432 1468 461 Dei
1485 434 1568 462 Verbi
1587 435 1753 472 incarnatio,
1767 471 1769 475 Α

964 471 1012 499 sed
1037 474 1199 502 ceconomia‘.
1224 475 1298 503 ultra
1321 482 1449 506 naturam
1473 480 1579 509 cﬂ‘ecta:
1602 491 1617 510 a
1639 483 1697 511 Deo
1721 477 1775 513 ex:

965 519 1105 546 communi
1127 521 1241 555 quidem
1262 522 1438 560 humanaque
1463 531 1558 555 nostra
1576 533 1675 558 natura
1695 531 1755 559 sive

965 564 1128 593 substantia.
1145 566 1209 594 Ideo
1224 573 1334 602 natura,
1349 572 1528 605 generatione
1543 575 1755 614 substantiaque

964 611 1063 640 similis
1074 612 1156 640 nobis
1170 613 1274 642 dicitur
1285 617 1439 645 secundum
1452 622 1613 650 oeconomiae
1623 624 1752 658 verbum,

965 658 1022 685 sive
1052 667 1087 686 ex
1119 660 1236 689 muliere
1264 662 1455 698 nativitatem;
1487 675 1629 703 nunquam
1661 677 1752 700 autem

964 709 1064 732 natura
1081 706 1125 733 vel
1146 707 1301 735 substantia
1321 712 1477 739 communis
1496 713 1614 751 alicujus
1633 707 1766 747 hominis’

962 746 1091 778 vocatum
1109 756 1151 779 est
1164 754 1296 781 mundum
1315 753 1461 792 Simileque
1478 760 1558 788 nobis
1575 764 1754 795 generatione

965 803 1066 832 corpus
1080 798 1127 826 Dei
1142 799 1236 827 Verbi.
1252 810 1261 826 ι
1277 801 1317 828 Ex
1329 803 1411 831 dictis
1424 805 1539 834 evidens
1554 816 1620 843 ergo
1635 816 1754 845 constat,

965 842 1185 873 incarnationem
1209 847 1256 875 Dei
1274 849 1374 883 Verbi,
1393 856 1497 880 natura:
1513 854 1628 883 verbum
1651 858 1756 887 habere

965 896 1067 925 negare
1083 890 1270 921 Timotheum.
1289 895 1316 922 Si
1334 900 1426 925 autem
1444 904 1550 928 natura:
1565 903 1681 931 verbum
1699 913 1755 933 non

965 934 1064 967 habet,
1081 938 1235 965 secundum
1255 940 1376 974 speciem
1396 943 1482 970 solam
1500 947 1661 980 apparuisse
1679 949 1754 977 illam

965 981 1047 1014 dicit;
1067 982 1134 1009 dicit
1151 983 1225 1010 enim
1247 993 1254 1011 :
1275 995 1283 1010 ι
1304 985 1344 1013 Ex
1361 989 1500 1016 communi
1521 992 1634 1025 quidem
1656 994 1754 1023 huma—

965 1035 1055 1062 naque
1074 1033 1167 1056 nostra
1184 1035 1284 1058 natura
1304 1039 1352 1060 seu
1373 1034 1527 1064 substantia
1540 1034 1619 1066 ‘Deus
1633 1039 1754 1069 Verbum

964 1073 1074 1107 genitus
1088 1079 1143 1107 est,
1156 1076 1262 1104 scilicet
1277 1086 1310 1105 ex
1325 1079 1453 1114 muliere,
1480 1085 1688 1121 secundumque
1703 1088 1755 1116 hoc

965 1120 1054 1148 solum
1073 1121 1172 1150 similis
1188 1124 1268 1151 nobis
1288 1132 1403 1160 natura,
1420 1131 1601 1164 generatione
1621 1134 1754 1162 substan-

965 1166 1059 1202 tiaque
1080 1167 1195 1203 dicitur,
1213 1170 1340 1206 Deusque
1365 1173 1398 1201 de
1421 1176 1539 1204 muliere
1564 1184 1645 1207 natus
1668 1187 1720 1209 est.
1741 1194 1751 1208 ι

965 1213 1088 1242 Similem
1104 1216 1184 1245 nobis
1200 1217 1364 1254 substantia,
1376 1223 1424 1249 sed
1438 1231 1492 1251 non
1509 1225 1599 1259 ipsum
1610 1228 1752 1256 Dominum

965 1261 1118 1288 secundum
1135 1267 1262 1291 naturam
1273 1285 1280 1297 ,
1295 1273 1343 1294 seu
1361 1268 1544 1298 substantiam
1559 1273 1662 1308 aliquid
1678 1284 1754 1304 com-

966 1307 1058 1333 munis
1076 1315 1138 1335 cum
1156 1309 1317 1340 hominibus
1334 1313 1438 1342 habere
1453 1316 1535 1350 dicit;
1556 1307 1631 1347 addit
1651 1322 1724 1350 enim
1747 1333 1754 1350 :

970 1359 979 1376 ι
1008 1351 1066 1380 Nec
1090 1358 1208 1388 natura,
1234 1365 1287 1385 nec
1312 1359 1467 1388 substantia
1493 1362 1611 1399 alicujus
1635 1366 1756 1397 hominis

967 1403 1088 1431 unquam
1115 1405 1243 1428 vocatum
1272 1408 1314 1430 est
1340 1405 1475 1434 mundum
1504 1408 1650 1445 similcque
1675 1414 1757 1443 nobis

967 1445 1147 1477 generatione
1164 1454 1266 1482 corpus
1280 1449 1329 1477 Dei
1343 1451 1437 1480 Verbi.
1457 1463 1465 1480 ι
1484 1454 1552 1483 Cum
1567 1464 1649 1493 neget
1663 1466 1756 1489 autem

967 1496 1070 1525 corpus
1088 1491 1196 1521 Domini
1217 1503 1279 1522 cum
1299 1502 1392 1525 nostra
1414 1505 1512 1530 natura
1534 1507 1756 1543 communicare,

968 1535 1112 1564 evidenter
1134 1538 1168 1565 ad
1192 1539 1385 1576 decipiendum
1410 1550 1492 1580 atque
1517 1548 1551 1575 ad
1576 1535 1758 1582 detinendam

969 1587 1021 1606 nos
1035 1588 1102 1608 voce
1121 1582 1254 1619 Unigem’ti
1272 1586 1370 1619 utitur,
1383 1589 1508 1625 nihilque
1525 1592 1601 1620 aliud
1619 1602 1668 1629 per
1683 1596 1768 1630 illam,

970 1626 1099 1664 intelligit
1114 1630 1167 1657 nisi
1183 1630 1322 1660 hominem
1341 1635 1393 1662 sub
1411 1637 1502 1671 spceic
1520 1626 1644 1674 genitum
1660 1643 1757 1679 fuisse,

969 1673 1208 1711 similitudineque
1228 1686 1283 1706 non
1305 1686 1403 1709 natura
1425 1683 1564 1712 hominem
1585 1691 1758 1724 apparuisse.

970 1717 999 1745 Si
1011 1726 1078 1747 vero
1090 1719 1149 1749 haec
1161 1722 1202 1749 sic
1213 1731 1242 1751 se
1256 1724 1357 1753 habent
1367 1727 1444 1762 juxta
1458 1717 1758 1770 Timotheilinsaniam,

969 1764 1116 1793 evidenter
1131 1773 1239 1796 constat
1258 1771 1431 1806 passionem,
1449 1782 1576 1811 crucem,
1594 1787 1709 1809 mortem
1728 1791 1760 1812 ac

970 1813 1201 1842 resurrectionem
1215 1815 1324 1845 Domini
1339 1819 1390 1846 sub
1404 1822 1495 1855 specie
1510 1822 1596 1853 factas
1608 1834 1668 1855 esse
1682 1829 1760 1857 illum

969 1864 1108 1892 asserere,
1124 1861 1198 1894 quod
1213 1863 1296 1890 etiam
1313 1866 1411 1893 asserit
1423 1867 1599 1899 Manichmus.

1006 1948 1081 1976 Idem
1099 1950 1262 1981 Timotheus
1282 1956 1340 1983 suis
1357 1956 1536 1993 blasphemiis
1556 1963 1646 1991 adhuc
1666 1966 1760 2002 pejora

971 1996 1061 2029 addit,
1075 2003 1157 2033 atque
1173 1999 1200 2027 in
1216 2007 1315 2035 quarto
1332 2004 1423 2038 capite
1440 2008 1591 2042 supradicti
1606 1996 1674 2038 libri
1686 1996 1761 2041 tertii

971 2045 1030 2073 haec
1047 2046 1114 2074 dicit
1129 2056 1135 2074 ι
1155 2058 1163 2072 ι
1181 2048 1329 2085 Diphysita:
1349 2051 1476 2087 (duarum
1495 2060 1656 2086 naturarum
1672 2059 1764 2088 fautu-

971 2093 1026 2128 res)
1043 2094 1123 2122 nobis
1139 2096 1331 2126 demonstrent
1345 2098 1462 2128 duarum
1477 2107 1639 2132 naturarum
1656 2105 1760 2134 Christi

971 2138 1166 2175 diﬂ‘erenliam,
1178 2148 1208 2170 ut
1219 2143 1308 2176 aiunt,
1320 2145 1341 2172 si
1356 2152 1480 2181 possunt.
1496 2158 1505 2173 )
1519 2149 1560 2177 En
1574 2156 1667 2185 aperte
1679 2159 1762 2188 negat

971 2185 1157 2214 diﬂ'erentiam
1175 2188 1292 2216 duarum
1310 2195 1472 2219 naturarum
1491 2193 1518 2220 in
1537 2194 1662 2229 Christo,
1677 2202 1761 2233 atque

973 2231 1000 2258 in
1020 2231 1068 2258 illo
1088 2232 1250 2261 adversatur
1269 2236 1399 2265 omnibus
1418 2239 1479 2266 aliis
1498 2242 1602 2270 sanctis
1620 2243 1759 2277 Patribus,

971 2276 1108 2312 imprimis
1116 2279 1265 2308 Athanasio
1274 2290 1306 2309 ac
1313 2282 1427 2318 Cyrillo.
1434 2301 1468 2306 —
1476 2287 1585 2316 Rursus
1592 2289 1664 2317 idem
1674 2276 1760 2318 luere;

972 2324 1043 2352 ticus
1059 2325 1223 2355 Timotheus
1239 2329 1266 2355 in
1284 2336 1344 2357 sese
1358 2332 1478 2367 majores
1494 2333 1680 2369 blasphemias
1698 2336 1760 2365 vol-

970 2378 1055 2402 vens,
1072 2372 1164 2406 rcjicit
1181 2374 1372 2408 prophetieam
1392 2385 1489 2405 vocem
1510 2379 1550 2406 sic
1570 2380 1728 2415 loquentem
1751 2394 1758 2412 :

976 2425 985 2442 ι
1001 2416 1111 2445 Mittens
1125 2419 1159 2446 ad
1174 2419 1302 2448 homines
1315 2420 1456 2450 Christum
1473 2431 1567 2458 suum,
1584 2431 1612 2454 et
1627 2427 1762 2458 Dominus

971 2463 1045 2491 Deus
1063 2465 1239 2500 omnipotens
1256 2474 1358 2495 nomen
1376 2470 1447 2505 ejus.
1470 2481 1479 2496 ι
1499 2471 1584 2507 lmpie
1603 2473 1662 2501 hmc
1678 2476 1761 2504 verba

971 2516 1116 2547 postquam
1128 2512 1328 2548 interpretatus
1335 2520 1389 2547 est,
1400 2517 1501 2553 pergit:
1516 2528 1524 2544 ι
1534 2518 1594 2554 ipse
1612 2520 1697 2557 igitur
1713 2531 1762 2559 per

972 2559 1093 2594 seipsum
1118 2560 1194 2588 misit
1216 2560 1249 2588 ad
1272 2562 1418 2597 homines;
1443 2572 1526 2599 quem
1550 2566 1647 2595 videns
1670 2569 1710 2598 sol
1735 2570 1763 2599 in

972 2605 1089 2632 meridie
1116 2606 1228 2634 occidit.
1253 2607 1306 2635 Sed
1337 2608 1405 2636 illud
1434 2606 1556 2640 hominis
1584 2616 1764 2648 generatione

972 2659 1028 2678 non
1043 2652 1242 2688 recipiebatur,
1258 2655 1302 2682 vel
1319 2655 1441 2685 humana
1460 2662 1571 2692 natura;
1591 2660 1672 2688 aliter
1688 2663 1764 2690 enim

973 2698 1086 2726 omnino
1115 2703 1144 2727 et
1171 2700 1198 2727 in
1230 2707 1396 2737 perpetuum
1427 2704 1549 2734 solveret
1577 2707 1763 2743 virginitatem

973 2745 1095 2773 hominis
1109 2750 1221 2780 natura;
1236 2747 1259 2775 si
1275 2748 1349 2776 enim
1364 2754 1437 2778 esset
1450 2751 1533 2779 homo
1545 2753 1623 2787 juxta
1636 2758 1765 2784 naturam

975 2799 1008 2820 ac
1024 2793 1114 2828 legem
1132 2793 1321 2828 perﬁciendus
1337 2795 1421 2825 homo
1439 2797 1466 2824 in
1484 2798 1546 2826 sinu
1558 2798 1692 2834 Virginis.
1710 2808 1764 2828 non

976 2842 1059 2866 natus
1072 2838 1170 2866 fuisset
1184 2847 1218 2867 ex
1234 2839 1290 2873 illa,
1303 2841 1356 2869 nisi
1373 2842 1450 2877 prius
1464 2843 1622 2879 virginitate
1635 2844 1738 2872 soluta.
1753 2855 1764 2872 ι

977 2884 1032 2913 Sed
1046 2884 1105 2913 hazc
1119 2885 1229 2920 peperit
1243 2892 1326 2923 caput
1339 2887 1477 2916 Timothei
1494 2888 1635 2924 ipsiusque
1650 2889 1768 2918 assecla-

1548 2936 1586 2969 36
