1966 3089
89 149 159 183 “33

541 146 763 178 TRACTATUS
782 144 933 176 CONTRA
951 144 1255 176 ΜοΝΟΡΗΥειΤΑς.

1654 147 1723 181 1134

89 216 170 244 μενος
195 206 268 239 λέγει
292 205 378 234 ταῦτα
396 204 443 231 καὶ
468 203 503 230 τὰ
524 202 630 234 τούτοις
645 202 727 237 ὃμοια
742 209 750 216 ·
769 210 778 226 ι
797 200 838 227 Τά
851 209 872 226 τι

933 199 1122 231 Δίεχιιηὼιὶιο,
1138 200 1196 227 haec
1215 204 1243 227 et
1263 199 1306 227 his
1328 200 1429 228 similia
1451 201 1554 236 profert
1575 211 1580 217 -
1608 212 1616 228 ι
1640 202 1723 240 Signa

88 259 192 295 σημεῖα
206 256 296 283 πάντα
313 256 363 281 ὅσα
379 253 519 288 εποίησεν,
536 251 584 278 καὶ
614 251 642 277 αἱ
667 250 807 285 δυνάμεις.
827 249 879 276 δεί-

87 313 183 332 κνυσιν
200 302 281 330 αὑτὸν
293 301 360 328 Θεὸν
383 297 658 332 ἐνανθρωπήσαντα
668 304 675 311 ·
689 298 723 323 τὰ
738 296 880 330 συναμφό-

85 359 155 386 τερα
169 349 261 376 τοίνυν
277 348 427 377 δείκνυται,
440 344 556 376 ὅτιθεὸς
566 342 600 379 ἦν
613 342 705 378 φύσει,
718 344 764 370 καὶ
772 343 881 377 ἐγένετο

86 395 135 423 ἅνο
141 403 231 429 ρωπος
248 393 339 427 φύσει.
359 401 369 417 ι

122 441 165 478 [Ρ.
183 439 261 476 242.]
283 440 329 465 Δεῖ
346 439 374 465 δὲ
391 437 538 472 προσέχειν
554 437 600 463 τὸν
619 435 693 469 νοῦν,
713 436 754 462 ὅτι
770 435 854 462 εἰπὼν
866 436 880 462 ό

92 486 255 517 ’Λπόστολος
276 486 320 518 ὃς,
337 484 386 520 τὴν
403 484 555 511 ὑπόστασιν
568 483 615 510 τοῦ
629 483 717 516 Λόγον
742 483 879 518 ἐσήμανεν

83 534 113 560 ἐν
133 534 167 569 τῇ
192 532 239 559 τοῦ
256 531 323 558 θεοῦ
347 531 482 566 ὑπάρχειν
506 530 608 566 μορφῇ,
623 530 693 565 ὅπερ
709 529 785 556 ἐστὶν
800 529 828 555 ὲν
842 529 876 564 τῇ

82 580 165 613 οὐσία
185 579 232 605 τοῦ
261 578 380 614 Πατρός.
407 577 463 604 Καὶ
483 577 533 604 οὐκ
558 575 635 603 εἶπεν
652 577 693 603 ὅτι.
712 576 766 602 τὸν
781 575 878 609 ὑπάρ-

83 634 178 661 χοντα
194 625 228 651 ἐν
247 623 350 659 μορφῇ
364 623 479 651 δούλου
502 624 622 654 ἔλαϐεν,
644 622 688 649 ἵνα
705 622 742 658 μὴ
755 624 878 658 προϋπο-

82 672 186 699 στάντα
201 671 277 707 δείξῃ
291 671 336 698 τὸν
352 671 496 706 ἄνθρωπον
510 671 580 697 κατὰ
596 670 645 706 τὴν
658 670 809 705 Νεστορίου
825 678 878 705 μα-

81 719 144 746 νίαν
154 727 161 734 ·
173 717 231 744 ἀλλ’
256 715 333 743 εἶπεν
345 718 385 744 ὃτι
398 717 520 752 μορφὴν
535 717 649 744 δούλου
666 717 785 750 ἔλαϐεν,
800 725 878 743 τουτ-

82 765 158 791 έστιν
181 764 277 791 οὐσίαν
301 763 465 799 ἀνορώπου·
486 763 594 795 δεικνὺς
613 764 653 790 ὅτι
674 765 708 798 τῇ
726 763 877 790 ὑποστάσει

80 811 129 837 τοῦ
145 810 232 845 Λόγου
247 810 296 845 τὴν
316 810 434 845 ὕπαρξιν
457 809 536 845 ἔσχεν
551 812 567 846 ὴ
585 810 664 846 σὰρξ.
685 810 731 837 ἵνα
747 809 787 842 είς
804 810 876 837 καὶὸ

80 858 164 890 αὐτὸς
174 858 203 884 ὲν
213 858 263 893 μιᾷ
272 857 420 884 ὑποστάσει
435 857 577 892 ὑπάρχων,
593 857 623 884 ὲν
638 857 758 893 ἑκατέρᾳ
770 858 873 893 μορφῇ,
890 878 914 907 Β

79 906 209 932 τουτέστι
240 904 330 939 φύσει,
348 904 516 939 γνωρίζηται
531 905 563 939 τῇ
581 903 640 939 θείᾳ
661 912 691 930 τε
710 905 757 930 καὶ
769 903 874 940 ἀνθρω-

80 951 163 986 πίνῃ·
185 950 262 985 δῆλον
286 951 340 986 γὰρ
364 951 406 976 ὅτι
430 950 444 976 ό
465 950 533 981 Θεὸς
551 950 638 984 Λόγος
656 949 797 986 γεννηθεὶς
821 950 875 985 πρὸ

79 1006 193 1024 παντων
213 997 269 1024 τῶν
290 997 396 1023 αἰώνων
420 997 453 1022 ὲκ
470 996 517 1022 τοῦ
536 996 654 1031 Πατρὸς,
676 996 706 1022 οὑ
722 997 771 1030 τῆς
788 996 875 1031 αὑτῆς

80 1043 259 1075 ὑποστάσεώς
272 1045 331 1070 ἐστι
360 1043 399 1078 τῷ
413 1043 512 1079 Πατρὶ,
528 1043 596 1070 ἀλλὰ
612 1043 662 1078 τῆς
677 1043 764 1077 αὐτῆς
780 1043 874 1073 οὑσίας

79 1091 142 1118 καθ’
156 1091 171 1118 ὃ
186 1090 263 1122 Θεὸς,
282 1090 350 1116 ίδίαν
366 1089 394 1116 δὲ
408 1090 465 1125 ἔχει
480 1089 529 1124 τὴν
547 1089 698 1116 ὑπόστασιν
716 1088 778 1116 καθ’
792 1089 807 1115 ὃ
820 1089 871 1116 Λό-

79 1147 139 1172 γος.
155 1138 210 1164 Καὶ
223 1138 266 1163 ἐπ’
283 1137 398 1171 ἐσχάτου
409 1137 462 1162 τῶν
479 1136 591 1172 ἡμερῶν
606 1135 747 1170 γεννηθεὶς
761 1135 776 1162 ὀ
792 1135 872 1167 αὑτὸς

81 1185 153 1212 κατὰ
171 1185 262 1219 σάρκα
283 1184 315 1210 ὲκ
344 1184 393 1218 τῆς
418 1183 500 1218 ἁγίας
524 1182 632 1215 ἐνδόξου
658 1181 798 1217 Παρθένου
825 1183 874 1208 καὶ

80 1233 214 1259 Θεοτόκου
236 1231 356 1266 Μαρίας,
377 1231 407 1258 οὑ
431 1232 482 1265 τῆς
505 1230 591 1265 αὐτῆς
605 1228 781 1261 ὑποστάσεὼς
800 1230 859 1256 ἐστι

80 1281 115 1314 τῇ
130 1279 233 1314 Μητρὶ,
253 1278 321 1304 ἀλλὰ
335 1278 385 1313 τῆς
397 1278 482 1311 αὐτῆς
494 1277 598 1308 οὐσίας.
609 1274 674 1303 Εἶτα
688 1276 747 1307 πῶς
759 1277 783 1302 οἱ
793 1276 874 1302 Ἀκέ-

82 1325 162 1359 φαλοι
185 1325 232 1351 δύο
251 1325 430 1357 ὑποστάσεων
451 1323 549 1349 ἕνωσιν
569 1323 694 1357 λέγουσι,
718 1323 806 1349 καίτοι
827 1322 874 1348 δύο

81 1371 260 1397 ὑποστάσεων
277 1371 374 1396 ἕνωσιν
390 1370 441 1405 τὴν
461 1369 523 1396 καθ’
544 1369 695 1395 ὑπόστασιν
716 1369 767 1396 οὑκ
785 1369 876 1395 ἐπιδε-

80 1417 222 1452 χομένωνς
251 1416 286 1442 Ἢ
307 1415 435 1450 ἀγνοοῦσι
450 1415 491 1441 ὃτι
511 1416 559 1442 καὶ
581 1415 728 1449 Νεστόριος
752 1415 796 1441 διὰ
825 1414 875 1450 τὴν

79 1463 211 1498 τοιαύτην
227 1462 332 1497 πλάνην
344 1461 505 1497 κατεκρίθη.
521 1461 568 1487 δύο
583 1461 748 1492 ὑποστάσεις
764 1462 810 1487 ἐπὶ
824 1463 874 1496 τῆς

79 1509 238 1544 οἰκονομίας
247 1508 365 1543 εἰσάγων
376 1517 383 1541 ;
405 1507 485 1534 Ἀλλὰ
496 1507 600 1534 τούτων
614 1507 701 1538 οὕτως
716 1507 812 1540 ὄντων,
825 1507 874 1533 καὶ

931 247 1023 274 omnia
1039 255 1211 282 quaecunque
1226 247 1304 279 fecit,
1318 252 1346 274 et
1362 247 1490 281 virtutes,
1504 249 1539 276 de
1556 249 1602 276 illo
1619 255 1722 278 testan-

932 298 976 320 tur
987 293 1060 328 quod
1075 294 1148 321 Deus
1161 293 1196 321 sit
1207 294 1363 321 incarnatus
1377 303 1385 321 :
1402 299 1548 330 utrumque
1560 304 1626 331 ergo
1638 297 1721 324 simul

930 339 1145 372 demonstratur,
1160 339 1236 366 illum
1259 348 1358 375 nempe
1378 345 1475 368 natura
1496 342 1582 369 Deum
1605 351 1680 376 esse,
1694 349 1722 371 et

930 385 1031 412 factum
1045 386 1130 425 fuisse
1144 390 1243 413 natura
1259 386 1409 414 hominem.
1427 396 1436 413 ι
1729 389 1736 433 ς

965 432 1172 460 Attendendum
1198 437 1240 460 est
1264 439 1372 466 autem,
1395 434 1557 469 Apostolum
1582 435 1721 463 dicentem

930 479 989 514 qui,
1004 479 1162 514 hypostasin
1177 478 1261 506 Verbi
1277 479 1305 506 in
1320 479 1369 507 Dei
1384 480 1472 507 forma
1486 480 1620 509 exsistere
1635 469 1740 518 signi-i

930 525 1046 558 ficasse,
1063 524 1138 560 quod
1161 530 1204 553 cst
1226 525 1254 552 in
1280 526 1434 553 substantia
1456 527 1556 554 Patris.
1573 527 1634 555 Non
1655 535 1722 556 vero

929 571 999 599 dixit
1017 570 1186 599 exsiStentem
1208 572 1236 599 in
1258 573 1345 607 [arma
1363 573 1433 600 servi
1454 574 1626 610 assumpsisse
1638 579 1660 608 ',
1673 583 1720 607 ne,

925 620 1004 653 juxta
1024 617 1145 645 Nestorii
1167 617 1315 651 insaniam,
1328 618 1469 646 hominem
1482 621 1720 654 praeexsistentem

928 663 1100 695 ostenderet;
1119 664 1167 692 sed
1185 664 1254 691 dixit
1270 665 1386 700 formam
1402 666 1472 692 servi
1490 667 1630 702 accepisse,
1643 668 1721 695 scili-

928 715 971 738 cet
991 710 1174 738 substantiam
1196 710 1332 744 hominis;
1356 712 1509 739 ostendens
1529 712 1557 740 in
1580 713 1721 749 bypostasi

928 756 1012 784 Verbi
1037 757 1226 785 exsisteutiam
1254 757 1355 785 habere
1380 766 1509 791 carnem,
1533 764 1562 786 ut
1589 768 1662 788 unus
1688 769 1721 789 ac

928 803 1001 830 idem
1026 803 1054 830 in
1078 811 1133 830 una
1158 804 1298 839 liypostasl
1321 804 1474 837 exsistens,
1498 805 1526 831 in
1553 812 1720 841 unaquaque

928 849 1015 877 forma
1025 870 1032 882 ,
1047 849 1156 877 scilicet
1168 855 1283 880 natura,
1297 849 1391 877 divina
1405 854 1488 885 atque
1504 850 1624 878 humana
1637 847 1723 887 agno-

927 902 1033 929 scatur;
1053 899 1128 931 patet
1142 896 1217 923 enim
1235 896 1323 924 Deum
1338 896 1459 923 Verbum
1476 901 1571 924 natum
1589 897 1624 925 de
1639 897 1722 925 Patre

927 946 991 968 ante
1003 941 1096 968 omnia
1107 941 1206 969 saecula
1217 949 1273 968 non
1283 949 1344 969 esse
1355 941 1479 977 ejusdem
1490 942 1646 977 hypostasis
1655 951 1719 970 cum

926 988 1020 1021 Patre,
1038 988 1086 1016 sed
1104 988 1228 1024 ejusdem
1246 988 1409 1016 substantia
1425 997 1477 1024 qua
1495 989 1568 1016 Deus
1584 994 1640 1022 est,
1655 998 1720 1025 pro-

927 1035 1016 1069 priam
1035 1042 1101 1062 vero
1126 1034 1299 1070 hypostasim
1323 1035 1425 1063 habere
1447 1043 1501 1070 qua
1521 1036 1643 1063 Verbum
1666 1041 1719 1065 est.

927 1081 1002 1109 idem
1021 1086 1114 1109 autem
1135 1081 1162 1108 in
1181 1081 1332 1109 novissimo
1349 1081 1457 1110 dierum
1479 1082 1634 1110 secundum
1656 1091 1720 1110 car-

927 1135 990 1155 nem
1007 1132 1091 1154 natus
1107 1135 1122 1154 e
1140 1131 1236 1154 sancta
1249 1131 1278 1154 et
1291 1127 1413 1162 gloriosa
1428 1127 1542 1163 Virgine
1557 1128 1642 1156 Matre
1658 1128 1719 1162 Dei,

925 1173 1051 1209 ejusdem
1065 1173 1220 1209 hypostasis
1233 1181 1288 1200 non
1301 1177 1344 1201 est
1356 1182 1418 1201 cum
1431 1174 1586 1207 matre,sed
1594 1175 1719 1210 ejusdem

926 1219 1099 1247 substantia.
1117 1219 1223 1247 Deinde
1245 1220 1384 1255 quomodo
1404 1219 1535 1255 Acephali
1559 1220 1593 1248 de
1616 1221 1720 1250 unione

927 1268 1111 1303 hypostaseon
1135 1267 1253 1294 duarum
1279 1267 1447 1302 loquuntur,
1468 1267 1521 1295 etsi
1548 1267 1720 1303 hypostatice

927 1314 1058 1341 unionem
1076 1321 1132 1341 non
1149 1313 1298 1342 admittant
1313 1314 1374 1341 duae
1390 1313 1721 1350 hypostases?lgnorant-

925 1368 961 1387 ne
979 1359 1135 1387 istiusmodi
1155 1359 1262 1386 erroris
1282 1366 1365 1386 causa
1381 1359 1540 1386 Nestorium
1558 1359 1720 1386 damnatum

925 1406 1027 1438 fuisse,
1042 1405 1112 1433 duas
1125 1405 1288 1441 hypostases
1304 1405 1331 1432 in
1345 1405 1528 1433 oeconomiam
1544 1405 1723 1433 subinfcrenq

927 1452 998 1480 tem?
1016 1451 1070 1479 Sed
1084 1451 1211 1487 quamvis
1224 1451 1284 1479 hazc
1299 1451 1336 1479 ita
1353 1451 1423 1484 sint,
1437 1451 1558 1479 Nestorii
1573 1452 1720 1487 omnisque

926 1498 1064 1526 lnereseos
1078 1498 1206 1534 dogmata
1221 1497 1425 1533 impudentiora
1439 1497 1518 1525 fateri
1534 1498 1641 1526 malunt
1651 1498 1721 1526 Ace-

80 1543 228 1591 Νεστορίου
245 1556 291 1582 καὶ
307 1554 397 1589 πάσης
416 1554 517 1590 μᾶλλον
532 1553 665 1589 αἱρέσεως
683 1553 871 1590 βδελυρώτερα

927 1544 1014 1580 phali,
1028 1551 1110 1579 quam
1126 1543 1236 1571 veritati
1251 1544 1397 1571 assentire.
1415 1543 1479 1571 Haec
1496 1547 1587 1571 autem
1606 1552 1621 1571 ιι
1638 1544 1719 1572 nobis

79 1604 204 1638 δόγματα
223 1603 314 1636 λέγειν
327 1602 470 1636 ἀνέχονται
482 1601 506 1627 οἱ
526 1599 711 1635 Ἀκέφαλοι,ἢ
736 1601 873 1627 συναινεῖν

80 1652 113 1685 τῇ
130 1649 254 1684 ἀληθείᾳ.
273 1648 328 1674 Καὶ
349 1647 438 1674 ταῦτα
462 1647 510 1682 μὲν
527 1647 609 1681 ἡμεῖς
623 1646 692 1680 πρὸς
709 1645 819 1677 αὐτούς.
836 1646 873 1672 Τὸ

79 1696 102 1722 δ’
120 1696 187 1722 αὐτὸ
202 1694 250 1721 τοῦ
277 1693 441 1721 Ἀποστόλου
458 1692 539 1728 ῥητὸν
553 1692 735 1726 ἐξηγούμενος
750 1693 797 1719 καὶ
811 1693 825 1718 ὁ
845 1691 873 1719 ὲν

80 1742 170 1776 ἁγίοις
191 1741 353 1777 Ἀμϐρόσιος
378 1741 407 1767 ὲν
433 1739 473 1775 τῷ
496 1739 567 1766 κατὰ
590 1739 779 1775 Ἀπολιναρίου
801 1738 874 1774 λόγῳ

80 1789 183 1826 γράφει
196 1788 276 1815 τάδε·
294 1797 303 1814 ι
324 1786 464 1815 Κάλλιστα
480 1786 615 1822 κέχρηται
639 1788 673 1822 τῇ
701 1786 755 1813 τῶν
779 1785 871 1812 αὑτῶν

81 1832 251 1867 ἐπαναλήψει
268 1832 399 1866 ῥημάτων
413 1832 427 1857 ό
449 1831 612 1863 Ἀπόστολος
634 1831 722 1866 λέγων
745 1831 870 1866 περὶτοῦ

80 1880 184 1914 Κυρίου
208 1879 286 1915 ἡμῶν
303 1879 388 1914 Ἰησοῦ
407 1877 527 1913 Χριστοῦ
539 1886 545 1892 ·
563 1878 616 1910 Ὃς
630 1878 664 1904 ἐν
680 1877 781 1912 μορφῇ
797 1877 871 1904 Θεοῦ

80 1925 226 1960 ὑπάρχων
237 1946 244 1957 ,
264 1926 321 1959 οὐχ
342 1924 500 1959 ἁρπαγμὸν
519 1923 656 1958 ’ἡγήσατο
675 1922 709 1949 τὸ
727 1920 804 1950 εἶναι
819 1922 873 1950 ἴσα

81 1971 153 2005 Θεῷ,
167 1972 236 1999 ἀλλ’
251 1971 361 1999 ἑαυτὸν
371 1971 517 2004 saeratae,
546 1969 666 2004 μορφὴν
684 1969 798 1996 δούλου
816 1970 871 1996 λα-

79 2019 184 2048 ϐὼν.Τί
194 2020 251 2045 ἐστι
264 2018 356 2054 μορφὴ
370 2016 449 2048 θεοῦ,
464 2017 488 2043 εί
503 2017 540 2052 μὴ
550 2017 578 2042 ὲν
585 2015 624 2051 τῷ
640 2014 808 2051 πληρώματι
822 2016 870 2051 τῆς

79 2067 208 2101 θεότητος
232 2067 323 2092 ἐκεῖνο
346 2065 394 2100 τῆς
420 2063 497 2095 Θείας
510 2063 680 2098 τελειότητος
697 2063 869 2098 ἑκτύπωμας

79 2112 185 2139 Οὐκοῦν
215 2113 244 2138 ἐν
271 2111 311 2147 τῷ
327 2111 425 2145 τελείῳ
450 2110 500 2145 τῆς
523 2109 652 2145 θεότητος
669 2108 716 2142 ὢν,
735 2109 871 2136 ἐκένωσεν

78 2159 185 2193 ἑαυτὸν,
203 2159 252 2186 καὶ
266 2158 346 2185 ἔλαϐε
380 2158 411 2184 τὸ
430 2157 534 2184 τέλειον
557 2156 607 2191 τῆς
634 2155 704 2182 κατὰ
725 2155 871 2191 ἄνθρωπον

77 2205 187 2240 φύσεως
209 2205 370 2241 ὁλοκλήρου·
393 2204 441 2231 καὶ
463 2203 501 2235 ὼς
518 2202 595 2229 οὐδὲν
620 2201 698 2229 ἔλιπε
734 2203 774 2238 τῷ
797 2202 868 2237 Θεῷ,

75 2255 163 2286 οὕτως
180 2253 241 2281 οὔτε
257 2254 296 2289 τῷ
310 2252 490 2289 καταρτισμῷ
509 2251 549 2287 τῷ
569 2251 640 2279 κατὰ
654 2252 699 2278 τὸν
713 2250 867 2287 ἄνθρωπον,

77 2302 121 2328 τνα
139 2300 243 2332 τέλειος
258 2301 287 2327 ἐν
303 2300 421 2336 ἑκατέρᾳ
436 2299 516 2334 φύσει
529 2298 663 2334 τυγχάνῃ.
683 2308 693 2324 ι

113 2346 155 2383 ῙΡ.
171 2346 348 2382 244.}‘lxava
362 2347 410 2381 μὲν
426 2344 473 2373 οὖν
489 2344 631 2381 ἡγούμεθα
646 2344 715 2380 πρὸς
730 2345 868 2378 ἀπόδειξιν

75 2393 124 2421 τοῦ
140 2393 205 2429 μίαν
226 2392 276 2428 μὲν
298 2393 466 2424 ὑπόστασιν,
490 2393 550 2428 ἦτοι
571 2391 600 2418 ἓν
624 2391 778 2428 πρώσωπον
797 2389 868 2418 εἶναι

74 2440 123 2467 τοῦ
139 2439 244 2476 Κυρίου
259 2439 339 2474 ἡμῶν
361 2438 448 2474 Ἰησοῦ
461 2438 589 2474 Χριστοῦ,
603 2439 632 2465 ὲν
646 2439 706 2465 δυσὶ
722 2438 751 2465 δὲ
767 2438 866 2473 φύσεσι

75 2487 158 2514 αὐτὴν
175 2476 369 2521 γνωρίζεσθαι,
384 2485 523 2512 τουτέστιν
537 2487 565 2512 ὲν
582 2485 690 2520 θεότητι
701 2486 748 2512 καὶ
761 2485 868 2520 ἁνθρω⁹

75 2533 186 2568 πότητι,
200 2533 234 2560 τά
251 2541 281 2559 τε
304 2533 335 2558 ἐκ
354 2532 403 2567 τῆς
425 2530 501 2562 θείας
520 2531 632 2567 Γραφῆς
646 2532 692 2558 καὶ
710 2532 764 2558 τῶν
779 2533 867 2566 ἁγίων

73 2581 141 2616 ἡμῖν
170 2578 393 2615 παρατεθειμὲνα
421 2577 572 2613 Πατέρων,
604 2578 627 2604 εί
650 2578 698 2604 καὶ
728 2578 806 2612 ὀλίγα
834 2579 867 2605 ὲκ

75 2625 182 2653 πολλῶν
207 2625 424 2661 προηγάγομεν,
446 2624 490 2650 ἵνα
509 2624 547 2659 μὴ
573 2623 675 2659 πλῆθος
689 2625 745 2656 τοῖς
760 2633 867 2660 γραφο-

76 2672 169 2707 μένοις
183 2672 356 2706 ποιήσωμεν·
379 2670 451 2706 πλὴν
473 2669 567 2705 ἐπειδὴ
588 2669 663 2696 ἐστιν
683 2669 728 2696 ὅτε
750 2670 798 2696 καὶ
813 2670 867 2696 ὑπὸ

73 2718 129 2746 τῶν
145 2716 249 2751 ἐχθρῶν
266 2718 282 2752 ἡ
310 2716 426 2752 ἀλήθεια
442 2714 616 2750 φανεροῦται,
640 2714 734 2750 ὥσπερ
753 2711 799 2741 οὖν
820 2715 867 2741 καὶ

73 2768 97 2793 ot
113 2764 240 2799 δαίμονες
255 2764 300 2791 τὶν
313 2757 432 2800 Χριστὸν
450 2764 514 2790 Υἱὺν
529 2763 575 2812 ταῦ
589 2763 658 2790 Θεοῦ
682 2763 730 2790 καὶ
752 2762 864 2794 ἄκοντες

73 2811 265 2848 ὡμολόγησαν,
278 2811 403 2846 δείξομεν
415 2811 463 2839 καὶ
478 2809 560 2837 αὑτὸν
574 2810 694 2846 Σευῆρον
715 2811 761 2836 τον
784 2809 864 2835 Ἀποη

110 2907 121 2921 ι
133 2900 254 2936 Philipp.
268 2901 334 2934 ωδ.
377 2905 384 2920 ι
399 2900 467 2929 ibid.
486 2898 512 2932 6,
531 2901 556 2930 7.

926 1592 982 1619 illis
1003 1590 1120 1619 dicenda
1140 1598 1215 1618 sunt.
1232 1590 1307 1618 idem
1323 1598 1389 1618 vero
1404 1590 1520 1618 verbum
1537 1591 1659 1626 Apostoli
1677 1592 1705 1619 in

926 1642 1081 1673 terpretans
1097 1644 1209 1672 quoque
1227 1640 1340 1665 sanctus
1355 1636 1520 1665 Ambrosius
1539 1637 1566 1665 in
1587 1645 1718 1666 sermone

925 1685 960 1713 de
973 1683 1158 1720 Apollinario.
1172 1684 1229 1711 haec
1244 1683 1344 1711 scribit
1359 1692 1366 1711 :
1387 1693 1396 1709 ι
1411 1683 1521 1718 Optime
1538 1683 1638 1712 horum
1654 1693 1717 1712 ver-

925 1731 1025 1758 borum
1040 1730 1216 1757 iterationem
1231 1729 1361 1756 adhibuit
1373 1728 1537 1763 Apostolus,
1550 1729 1584 1757 de
1598 1729 1717 1757 Domino

925 1782 1021 1805 nostro
1035 1777 1099 1805 Jesu
1115 1776 1226 1804 Christo
1242 1776 1336 1803 dicens
1356 1785 1362 1802 :
1381 1774 1431 1808 Qui
1447 1785 1506 1803 cum
1523 1777 1550 1803 in
1565 1776 1651 1811 [arma
1668 1776 1720 1804 Dei

925 1828 1005 1856 esset,
1023 1832 1075 1850 non
1095 1823 1221 1858 rapinam
1240 1822 1385 1849 arbitratus
1406 1827 1443 1849 est
1464 1831 1519 1850 esse
1539 1831 1566 1850 se
1587 1823 1718 1859 wqualem

927 1871 993 1902 Deo,
1009 1869 1054 1896 scd
1070 1868 1238 1904 semetipsum
1256 1869 1413 1900 exinanivit,
1433 1868 1546 1903 formam
1561 1869 1630 1896 servi
1646 1870 1718 1896 acci—

923 1918 998 1952 piens
1014 1919 1035 1942 ι.
1052 1915 1124 1948 Quid
1146 1919 1189 1942 est
1212 1914 1300 1949 [arma
1327 1913 1390 1946 Dei,
1408 1914 1462 1941 nisi
1487 1914 1515 1941 in
1541 1914 1717 1948 plenitudine

923 1962 1080 1991 divinitatis
1096 1961 1142 1989 illa
1155 1961 1257 1988 divinae
1273 1960 1453 1995 perfectionis
1468 1961 1630 1995 impressio?
1645 1960 1716 1988 Cum

924 2010 1009 2046 igitur
1021 2012 1095 2037 esset
1108 2009 1137 2036 in
1153 2008 1208 2035 hoc
1221 2007 1342 2035 culmine
1356 2007 1520 2040 divinitatis,
1535 2007 1716 2043 semetipsum

922 2055 1088 2088 exinanivit,
1101 2058 1185 2090 atque
1199 2054 1307 2089 accepit
1320 2053 1443 2089 perfecte
1457 2061 1490 2081 ac
1506 2054 1612 2089 integre
1627 2054 1716 2082 homi-

922 2103 967 2131 nis
988 2108 1132 2135 naturarn;
1152 2105 1237 2136 utque
1260 2101 1329 2128 nihil
1351 2101 1408 2128 Deo
1428 2100 1557 2135 reliquit,
1575 2101 1643 2128 item
1662 2108 1715 2129 nec

922 2149 1118 2179 restaurationi
1140 2148 1277 2181 hominis,
1291 2154 1322 2176 ut
1341 2147 1480 2183 perfectus
1500 2148 1528 2176 in
1548 2155 1715 2181 unaquaque

922 2201 1021 2225 natura
1039 2196 1222 2224 inveniretur.
1240 2205 1249 2221 ι
1594 2186 1599 2198 ’

958 2339 998 2367 Ad
1014 2330 1262 2366 demonstrandum
1274 2329 1358 2371 igitur
1377 2342 1459 2362 unam
1474 2342 1535 2363 esse
1553 2333 1712 2370 hypostasm
1739 2349 1749 2364 θ

922 2386 981 2413 sive
993 2392 1077 2412 unam
1094 2391 1241 2419 personam
1256 2381 1365 2409 Domini
1383 2381 1470 2409 nostri
1481 2381 1546 2409 Jesu
1556 2380 1670 2412 Christi,
1685 2381 1713 2408 in

922 2431 1030 2460 duabus
1046 2438 1115 2458 vero
1131 2429 1240 2457 naturis
1257 2428 1348 2464 ipsum
1362 2426 1486 2463 agnosci,
1506 2426 1613 2454 scilicet
1627 2426 1656 2454 in
1669 2426 1712 2454 di-

921 2478 1037 2506 vinitate
1063 2482 1091 2505 et
1118 2475 1312 2508 humanitate,
1332 2478 1394 2510 apta
1409 2472 1569 2501 censuimus
1591 2481 1653 2509 qua:
1679 2481 1714 2501 ex
1735 2469 1739 2509 ξ

921 2526 1024 2553 divinis
1045 2523 1196 2559 scripturis
1219 2522 1378 2556 sanctisque
1396 2520 1526 2549 Patribus
1542 2520 1713 2555 pmbentur,
1733 2532 1738 2539 -

921 2572 974 2600 etsi
989 2578 1076 2607 pauca
1091 2578 1124 2598 ex
1140 2568 1234 2596 multis
1261 2565 1478 2602 produxerimus
1489 2586 1497 2598 ,
1516 2573 1551 2593 ne
1567 2565 1714 2593 abundan-

921 2619 976 2646 tius
983 2617 1115 2652 scriptum
1124 2615 1257 2642 faciamus
1266 2622 1273 2647 ;
1282 2613 1331 2641 sed
1345 2621 1407 2640 cum
1417 2612 1565 2648 aliquando
1571 2611 1714 2647 contingat

921 2669 951 2693 ut
962 2664 996 2692 ab
1006 2662 1145 2691 haereticis
1154 2661 1221 2697 ipsis
1232 2659 1335 2688 veritas
1344 2658 1466 2695 patefiat,
1476 2658 1714 2694 quemadmodum

921 2716 1019 2741 extero
1035 2710 1175 2738 daemones
1187 2707 1327 2736 Christum
1346 2706 1447 2734 Filium
1468 2705 1517 2733 Dei
1533 2705 1616 2733 etiam
1632 2704 1713 2732 inviti

919 2758 1038 2788 confessi
1052 2761 1127 2789 sunt,
1144 2755 1321 2784 ostendemus
1332 2753 1424 2789 ipsum
1440 2760 1552 2788 quoque
1566 2750 1719 2784 Severum,
1746 2756 1758 2761 ί

921 2805 1083 2842 Apollinarii
1107 2809 1297 2831 successorem
1313 2800 1572 2835 Acephalorumque
1586 2801 1723 2828 errorem
