1966 3089
234 142 314 176 ς1135

802 146 1024 177 JUSTINIANI
1045 143 1306 175 IMPERATORIS

1810 142 1874 176 1136

241 204 408 237 augentem;
420 200 598 228 conﬁtentem
613 209 710 229 omnes
726 207 836 229 sanctos
851 202 946 230 Patres
964 201 1026 228 duas

1085 199 1209 234 λιναρίου
1222 199 1342 234 διάδοχον
1357 199 1404 226 καὶ
1417 199 1464 234 τὴν
1479 199 1531 226 τῶν
1552 199 1709 234 ’Δκεφάλων
1721 199 1874 235 αὐξήσαντα

241 252 356 275 naturas
367 247 402 274 de
415 247 525 274 Christo
538 247 677 283 inculpate
693 249 855 276 asseruisse.
872 248 935 276 llmc
947 249 1032 284 igitur

234 294 313 322 dicit
332 294 359 321 in
385 301 512 321 sermone
537 303 618 329 quem
643 295 839 330 Expositione)"
852 296 913 329 ﬁdei
932 299 1029 323 vocat:

243 351 252 366 ε
268 339 358 368 Fateri
372 339 440 368 duas
452 345 591 373 naturas,»
603 345 692 369 etc....
706 341 810 368 Deinde
826 343 853 369 in
868 343 965 370 iisdem
979 343 1031 369 im-

192 385 196 390 ”
240 395 352 414 morans
365 391 447 422 alque
461 387 487 414 in
507 387 625 414 decursu
643 388 796 420 sermonis,
819 387 886 415 dicit
902 396 930 415 se
946 388 1031 415 verba

240 434 353 460 Patrum
383 433 494 460 illorum
523 433 570 468 qui
595 434 735 468 ineulpato
758 434 827 470 stylo
849 434 1029 468 scripserunt,

239 479 366 514 proferre
380 480 509 514 nequire,
524 481 577 507 etsi
602 485 682 507 antea
699 480 781 507 verba
795 480 888 516 Cyrilli
916 481 1031 508 recitata

241 525 307 552 sint.
327 524 355 552 Si
371 532 435 551 Vero
457 532 553 551 omnes
575 524 663 552 sancti
683 525 789 557 Patres,
807 527 862 552 imo
878 530 905 552 ct
919 530 1032 552 sanctus

241 571 359 606 (lyr-illus
374 570 514 605 ineulpato
536 572 605 606 slylo
628 570 800 605 scripserint,
818 571 932 606 ipseque
947 572 1031 598 Sere-

241 625 290 644 rus
304 616 357 643 hoc
375 616 509 648 fateatur,
537 616 600 651 quis
623 625 688 651 ergo
711 617 763 644 sibi
780 618 863 644 talem
888 623 1031 652 arrogaret

240 664 434 690 auctoritatem
451 663 485 690 ad
501 663 655 690 doctrinam
673 663 786 690 Patrum
806 663 1031 697 reprobandam?

239 710 282 736 vel
299 709 438 744 quomodo
451 709 547 736 Patres
564 715 643 736 vocat
655 709 774 736 Severus
787 717 904 743 quorum
921 709 1029 744 opinio-

238 764 288 782 nes
297 755 483 790 rcprebandas
492 755 649 781 existimat?
661 755 895 782 Sedmanil‘estum
908 763 937 783 se
953 755 1027 783 fecit:

237 810 300 829 eum
316 803 389 829 enim
407 810 461 829 non
479 805 571 836 posset
587 801 709 837 eﬂugere
726 802 882 834 veritatem,
899 802 952 830 hoc
966 811 1029 830 ver-

237 848 302 874 bum
321 847 433 882 quidem
451 855 465 874 a
483 847 612 875 Patribus
636 849 775 883 prolatum
799 856 859 876 esse
886 849 1030 876 confessus

214 911 216 913 ι
236 891 289 925 est,
310 892 358 920 sed
379 893 492 928 proprio
520 893 620 920 morbo
639 894 742 921 mederi
762 895 875 927 volens,
901 895 1028 930 blasphe-

237 940 300 966 miis
312 939 433 966 Nestorii
451 939 605 967 doctrinam
622 940 734 966 Patrum
749 940 834 967 fuisse
853 941 1027 976 reproliatam

235 985 353 1018 asserit;
382 985 454 1020 quod
479 989 521 1012 est
544 986 601 1012 risu
622 985 747 1020 dignum.
772 986 830 1013 lllis
847 992 939 1014 autem
966 994 1029 1014 san-

235 1037 296 1059 ctos
312 1032 409 1059 Patres
422 1031 565 1058 exinanire
581 1036 697 1059 conatus
710 1036 762 1064 est,
777 1037 962 1067 sanctumque
977 1032 1029 1068 Cy-

235 1077 328 1104 rillum
340 1077 503 1104 calumniari
517 1085 571 1104 non
585 1077 771 1110 dubitavit,_nt
784 1078 838 1104 illis
849 1086 910 1112 quae
919 1078 952 1105 ab
968 1078 1029 1113 ipso

234 1123 317 1158 paulo
332 1128 394 1150 ante
409 1123 482 1150 dicta
497 1123 607 1151 fuerant
618 1123 775 1158 sanctisque
789 1123 917 1151 Patribus
930 1124 1028 1151 adver-

234 1174 353 1196 santem.
376 1169 502 1196 Attamen
519 1177 580 1196 eum
597 1170 642 1197 ille
658 1178 744 1204 usque
762 1170 796 1197 ad
814 1170 933 1198 Nestorii
957 1176 1027 1198 tem-

234 1223 300 1250 pora
330 1221 440 1243 sanctos
475 1216 571 1243 Patres
589 1216 642 1243 hoc
664 1216 752 1243 verbo
775 1217 916 1251 ineulpate
941 1217 1027 1244 fuisse

234 1269 299 1288 usos
317 1261 433 1288 allirmet
447 1282 454 1294 ,
480 1270 532 1289 nos
548 1267 673 1289 sanetum
690 1262 823 1297 Cyrillum
843 1262 959 1289 duarum
977 1271 1027 1289 na-

235 1313 359 1334 turarum
377 1308 462 1334 verbo
481 1307 516 1334 de
541 1308 696 1335 (economia
720 1308 874 1335 Salvatoris
891 1313 1026 1340 utentem,

233 1353 432 1380 condemnasse
460 1353 617 1380 Nestorium
643 1353 838 1386 ostendemus;
870 1354 1027 1389 iterumque

234 1405 294 1434 post
306 1399 518 1426 condemnatum
534 1399 703 1432 Nestorium,
722 1399 806 1426 simili
819 1400 946 1427 doctrina
959 1408 1027 1428 usus

232 1450 277 1473 est
295 1445 368 1473 idem
388 1450 501 1473 sanctus
523 1446 653 1482 Cyrillus.
684 1446 799 1474 Videtur
821 1454 886 1481 ergo
905 1446 1027 1474 Severus

232 1501 324 1528 neque
340 1498 452 1521 sanctos
468 1493 564 1521 Patres
582 1492 746 1527 intelligere,
759 1499 848 1526 neque
864 1500 977 1520 causam
991 1492 1027 1519 ob

235 1547 317 1575 quam
336 1540 536 1567 condemnatus
548 1544 590 1566 est
601 1538 744 1566 Nestorius
758 1547 764 1569 ;
782 1539 870 1565 sancti
884 1539 958 1566 enim
974 1539 1027 1566 Pa-

236 1591 292 1612 tres
307 1584 460 1612 divinitatis
473 1583 576 1611 Christi
593 1588 675 1618 atque
690 1583 872 1610 immanitatis
892 1584 961 1610 duas
975 1591 1024 1610 na-

232 1636 311 1658 turas
324 1631 416 1658 unitas
438 1629 604 1657 conﬁtentes
621 1650 627 1661 ,
658 1637 693 1656 nc
713 1629 774 1656 duae
793 1629 954 1664 hyposlasos
976 1635 1024 1657 aut

230 1677 288 1703 duo
312 1675 359 1703 ﬁlii
376 1676 410 1703 de
427 1675 487 1710 ipso
506 1675 677 1706 dicerentur,
699 1680 844 1707 vctarunt;
865 1674 1023 1702 Nestorius-

222 1729 286 1757 -que
307 1726 454 1754 naturam,
471 1721 639 1757 liypostasim
661 1725 742 1755 atque
771 1728 920 1756 personam
948 1721 1022 1748 idem

231 1775 293 1795 esse
318 1765 471 1799 conﬁtens,
495 1773 642 1803 propterea
666 1767 782 1794 duarum
807 1772 970 1795 naturarum
995 1768 1024 1795 in

231 1815 372 1850 hypostasi
392 1815 524 1842 unionem
543 1822 657 1850 negans,
671 1814 819 1849 separatim
839 1814 1025 1850 hypostatiee-

232 1869 286 1897 que
301 1862 372 1889 duas
386 1866 501 1889 naturas
514 1861 619 1892 dicens,
638 1861 758 1896 indeque
774 1861 844 1888 duos
856 1861 927 1888 tilios
940 1862 1024 1888 duos«

231 1915 286 1942 que
295 1907 421 1934 Christos
430 1906 571 1941 efﬁngens.
585 1911 698 1941 propter
710 1906 790 1933 istam
802 1906 888 1941 ipsius
897 1906 1025 1941 blasphe-

231 1956 314 1981 miam
325 1974 331 1986 ,
342 1961 356 1981 a
370 1953 474 1980 sanctis
482 1952 612 1980 Patribus
622 1952 823 1980 condemnatus
834 1956 877 1979 est
887 1961 894 1986 ;
903 1952 1022 1987 ideoque

231 1999 478 2034 sanctusCyrillus,
493 1998 629 2026 insaniam
643 1998 856 2034 ejusJudaicam
871 1998 1025 2027 retundens

232 2047 260 2072 in
275 2045 416 2080 Ephesiae
426 2045 542 2080 synodo,
555 2049 664 2072 sanctos
675 2045 769 2072 Patres
780 2045 897 2072 adduxit
907 2048 936 2071 ut
946 2049 1023 2072 veta-

231 2097 294 2119 rent
310 2100 344 2119 ne
359 2091 414 2119 duo
442 2091 490 2119 ﬁlii
516 2092 696 2123 dicerentur,
722 2091 792 2118 duas
818 2099 884 2118 vero
909 2095 1024 2118 naturas

232 2146 375 2173 unumque
392 2138 491 2166 Filium
510 2138 704 2173 praedicarent.

1084 244 1198 278 πλάνην,
1219 243 1405 279 ὁμολογοῦντα
1425 245 1466 270 ὃτι
1492 244 1592 276 πάντες
1613 246 1637 271 οξ
1660 245 1733 279 ἆγιοι
1757 245 1872 282 Πατέρες

1083 290 1130 317 δύο
1143 290 1239 324 φύσεις
1265 290 1312 316 ἐπὶ
1332 289 1377 316 τοῦ
1407 290 1527 325 Χριστοῦ
1553 290 1722 325 ἁδιαῦλήτως
1737 292 1872 327 εἰρήκασι.

1082 336 1164 370 Λέγει
1180 336 1247 371 γοῦν
1257 338 1286 362 ἐν
1297 336 1336 371 τῷ
1351 337 1423 372 λόγῳ
1449 337 1477 363 ὃν
1493 337 1636 364 ’Έκθεσιν
1649 339 1775 371 πίστεως
1795 338 1873 373 δῆθεν

1082 383 1220 418 ὀνομάζει,
1232 384 1295 410 τάδε
1309 393 1316 401 ’
1336 394 1344 410 ι
1366 384 1402 410 Τὸ
1416 384 1444 411 δὲ
1459 385 1550 419 λέγειν
1568 385 1615 411 δύο
1631 385 1736 420 φύσεις,
1748 395 1756 413 ι
1768 390 1820 414 etc.
1835 389 1873 420 (ut

1083 429 1213 464 alibijam
1226 431 1418 465 recitavimus).
1432 429 1497 457 Εἶτα
1512 433 1568 462 τοῖς
1580 432 1672 463 αὐτοῖς
1687 432 1813 466 ἐμμένων
1827 433 1873 459 καὶ
1898 458 1901 476 ἱ

1082 475 1127 504 διὰ
1143 476 1197 503 τῶν
1215 476 1316 511 ἐφεξῆς
1331 477 1416 511 λέγει,
1436 478 1473 512 μὴ
1492 478 1621 505 δύνασθαι
1646 479 1696 510 τὰς
1713 478 1765 505 τῶν
1789 480 1873 506 Πατέ-
1898 475 1901 503 ξ

1084 530 1137 556 ρων
1158 523 1250 556 φωνὰς
1270 524 1324 549 τῶν
1349 523 1520 559 ἁδιαόλήτως
1541 525 1574 560 τῇ
1600 524 1671 557 λέξει
1694 526 1873 560 χρησαμένων

1083 569 1280 603 προφέρεσθαι,
1301 569 1352 595 κᾶν
1374 570 1457 596 αὑτοῦ
1477 570 1615 605 Κυρίλλου
1634 568 1691 596 εἷεν
1711 571 1766 605 πρὸ
1779 571 1872 597 τούτου

1081 615 1228 649 λεχθεῖσαι.
1254 616 1285 642 Et
1310 616 1400 642 τοίνυν
1419 616 1524 648 πάντας
1541 617 1604 648 τοὺς
1621 617 1717 650 ἁγίους
1738 617 1872 652 Πατέρας,

1082 661 1122 687 ἐτι
1143 661 1195 696 μὴν
1211 662 1258 688 καὶ
1277 661 1321 688 τὸν
1339 664 1369 688 ἐν
1396 662 1484 696 ἁγίοις
1498 662 1632 697 Κύριλλον
1648 662 1818 697 ἁδιαὸλήτως
1839 665 1872 698 τῇ

1081 706 1152 738 λέξει
1168 708 1333 742 χρήσασθαι,
1355 709 1401 734 καὶ
1426 709 1507 740 αὐτὸς
1531 709 1649 743 Σευῆρος
1676 708 1812 743 ὁμολογῇ,
1831 709 1872 740 τίς

1081 754 1135 788 ἄρα
1151 754 1281 786 τοιαύτην
1295 754 1374 789 ἔσχεν
1394 755 1549 787 αὑθεντίαν,
1567 754 1637 781 ὥστε
1652 755 1702 789 τὴν
1718 754 1772 781 τῶν
1789 754 1873 788 ἁγίων

1082 799 1212 834 ῐῐατέρων
1230 800 1431 835 ἀποδοκιμάσαι
1452 800 1647 832 διδασκαλίαν;
1665 800 1681 835 ἢ
1707 800 1765 832 πῶς
1785 801 1872 827 Πατέ.

1084 855 1133 880 ρας
1147 846 1276 881 ὀνομάζει
1292 847 1412 881 Σευῆρος
1425 843 1463 873 ὧν
1478 847 1733 881 ἀποδοκιμασθῆναι
1750 846 1825 881 λέγει
1840 847 1873 873 τὰ

1047 894 1066 920 Β
1081 893 1222 927 (Uentam;
1246 893 1325 918 ’Λλλὰ
1342 893 1475 928 πρόδηλον
1500 893 1595 920 ἑαυτὸν
1611 893 1757 925 δείκνυσιν,
1772 894 1809 925 ὡς
1823 895 1874 929 τὴν

1081 938 1211 974 ἀληθειαν
1226 939 1390 973 ἀποφυγεῖν,
1411 939 1448 975 μὴ
1468 939 1629 974 δυνάμενος,
1644 939 1804 975 ὡμολόγησε
1823 940 1874 975 μὲν

1080 985 1128 1019 τὴν
1145 984 1274 1019 τοιαύτην
1294 985 1386 1020 φωνὴν
1404 985 1481 1020 παρὰ
1504 985 1559 1011 τῶν
1577 986 1662 1019 ἁγίων
1685 986 1813 1020 Πατέρων
1834 988 1874 1013 εί-

1080 1031 1189 1066 ρῆσθαι,
1209 1031 1350 1067 βουληθεὶς
1362 1033 1391 1059 δὲ
1406 1035 1438 1068 τῇ
1453 1033 1543 1068 οίκεία
1557 1033 1628 1068 νόσῳ
1640 1035 1813 1068 συνηγορεῖν,
1828 1034 1873 1060 λέ-

1079 1086 1122 1112 γει
1137 1078 1181 1104 διὰ
1199 1078 1248 1109 τὰς
1264 1079 1413 1113 Νεστορίου
1430 1079 1604 1114 βλασφημίας
1620 1080 1874 1114 ἀποδοκιμασθῆναι

1079 1124 1128 1154 τὰς
1143 1123 1196 1150 τῶν
1209 1124 1294 1158 ἁγίων
1311 1125 1443 1159 Πατέρων
1460 1125 1647 1156 διδασκαλίας·
1668 1125 1711 1158 ἐφ’
1763 1127 1808 1151 καὶ
1829 1134 1874 1160 γε-

1079 1168 1128 1203 λᾷν
1142 1168 1227 1201 ἄξιον.
1247 1169 1296 1196 Διὰ
1320 1169 1348 1195 δὲ
1375 1169 1478 1197 τούτων
1501 1169 1562 1201 τούς
1579 1179 1608 1196 τε
1632 1171 1727 1205 ἁγίους
1749 1171 1873 1207 ΙΙατὲρας

1079 1215 1187 1241 ἀῢετεῖν
1203 1215 1382 1250 ἐπεχείρησεν
1398 1216 1445 1242 καὶ
1458 1216 1503 1242 τὸν
1517 1217 1545 1242 ἐν
1569 1217 1658 1249 ἁγίοις
1675 1217 1809 1252 Κύριλλον
1823 1225 1872 1243 συ-

1079 1263 1224 1295 κοφαντεῖν
1245 1262 1295 1288 οὐκ
1319 1261 1495 1297 ἁπώκνησεν,
1511 1262 1549 1294 ὡς
1562 1263 1610 1289 καὶ
1624 1264 1680 1294 τοῖς
1694 1263 1790 1298 πρώην
1808 1263 1872 1298 παρ’

1079 1306 1164 1333 αὑτοῦ
1184 1308 1341 1342 εἰρημένοις
1369 1308 1416 1333 καὶ
1439 1309 1496 1339 ’τοῖς
1523 1308 1611 1341 ἁγίοις
1635 1309 1774 1343 Πατράσιν
1792 1309 1873 1334 ὲναν-

1079 1353 1233 1389 τιούμενον.
1247 1354 1319 1389 Πλὴν
1334 1353 1428 1388 ἐπειδὴ
1444 1355 1547 1385 ἐκεῖνος
1559 1353 1640 1389 μέχρι
1654 1355 1707 1380 τῶν
1720 1354 1872 1389 Νεστορίου

1078 1401 1193 1435 χρόνων,
1218 1400 1292 1434 λέγει
1308 1400 1372 1431 τοὺς
1397 1400 1490 1434 ἁγίους
1507 1400 1632 1435 Πατέρας
1655 1400 1825 1435 ascensum;
1839 1401 1872 1436 τῇ

1078 1447 1191 1482 τοιαύτῃ
1214 1446 1368 1481 χρήσασθαι
1386 1448 1478 1481 φωνῇ,
1509 1447 1589 1481 ἡμεῖς
1609 1447 1732 1481 δείξομεν
1747 1447 1788 1473 ὃτι
1811 1448 1825 1473 ὁ
1843 1447 1874 1473 ὲν

1078 1493 1167 1527 ἁγίοις
1184 1493 1319 1528 Κύριλλος
1337 1494 1371 1528 τῇ
1392 1493 1445 1518 τῶν
1461 1492 1516 1520 δύο
1533 1494 1655 1528 φύσεων
1669 1495 1743 1529 φωνῇ
1758 1495 1804 1520 ἐπὶ
1821 1494 1873 1529 τῆς

1077 1539 1236 1574 οἰκονομίας
1250 1539 1295 1565 τοῦ
1312 1539 1438 1574 Σωτῆρος
1455 1541 1640 1574 χρησάμενος,
1657 1541 1801 1574 κατέκρινε
1819 1539 1873 1567 Νε-

1079 1587 1186 1620 στόριον
1198 1593 1204 1600 ”
1217 1586 1264 1612 καὶ
1279 1585 1361 1612 πάλιν
1379 1586 1447 1620 μετά
1463 1586 1512 1621 τὴν
1531 1586 1679 1621 Νεστορίου
1695 1587 1872 1621 κατάκρισιν,

1078 1632 1091 1658 ὁ
1106 1632 1186 1663 αὐτὸς
1200 1633 1229 1658 ἐν
1244 1632 1333 1666 ἁγίοις
1354 1631 1488 1666 Κύριλλος
1507 1633 1541 1668 τῇ
1555 1632 1636 1667 ὁμοίᾳ
1654 1633 1789 1667 ἐχρήσατο
1800 1633 1873 1659 διδα-

1079 1679 1189 1714 σκαλίᾳ.
1212 1679 1303 1705 Ἐοικε
1321 1679 1375 1713 γὰρ
1392 1678 1513 1713 Σευῆρος
1534 1679 1602 1714 μήτε
1618 1679 1682 1710 τοὺς
1701 1679 1795 1713 ἁγίους
1810 1680 1874 1714 νοή-

1078 1733 1128 1756 σας
1156 1725 1301 1761 Πατέρας,
1327 1726 1395 1761 μήτε
1420 1727 1470 1760 τὴν
1498 1726 1587 1752 αἰτίαν
1612 1726 1654 1760 ἐφ’
1719 1726 1871 1762 κατεκρίῦη

1079 1772 1227 1807 Νεστόριος
1242 1781 1247 1787 ·
1270 1773 1294 1798 οἱ
1310 1771 1362 1806 γὰρ
1379 1771 1452 1805 ἅγιοι
1475 1771 1596 1806 Πατὲρες
1614 1772 1663 1806 τῆς
1679 1772 1806 1806 Θεότητος
1823 1771 1871 1798 τοῦ

1079 1817 1198 1853 Χριστοῦ
1215 1818 1262 1844 καὶ
1278 1818 1326 1850 τῆς
1341 1817 1549 1852 ἀνθρωπότητος
1561 1817 1607 1844 δύο
1618 1818 1713 1852 φύσεις
1726 1817 1871 1853 ἡνωμένας

1076 1863 1273 1899 ὁμολογοῦντες
1298 1863 1493 1898 ἀπηγόρευσαν
1519 1863 1566 1890 δύο
1595 1864 1758 1895 ὑποστάσεις
1783 1863 1799 1898 ἢ
1824 1863 1871 1890 δύο

1076 1911 1151 1942 υἱοὺς
1171 1910 1215 1937 ἐπ’
1238 1910 1321 1937 αὐτοῦ
1346 1910 1446 1944 λέγειν·
1465 1910 1613 1945 Νεστορίου
1641 1911 1696 1946 γὰρ
1722 1911 1802 1944 φύσιν
1823 1911 1870 1937 καὶ

1077 1956 1227 1982 ὑπόστασιν
1255 1956 1303 1982 καὶ
1330 1957 1476 1990 πρόσωπον
1496 1956 1596 1983 ταύτὸν
1618 1954 1690 1983 εἶναι
1707 1956 1873 1990 ὁμολογοῦν-

1078 2009 1134 2032 τος,
1151 2001 1199 2027 καὶ
1214 2001 1257 2027 διὰ
1274 2001 1353 2028 τοῦτο
1378 2001 1432 2028 τῶν
1449 2001 1496 2028 δύο
1523 2001 1631 2036 φύσεων
1648 2002 1698 2030 τὴν
1723 2002 1786 2028 καθ’
1802 2002 1872 2028 ὑπό-

1079 2055 1174 2074 στασιν
1195 2048 1292 2074 ἕνωσιν
1308 2047 1488 2082 ἀρνουμένου,
1503 2048 1549 2074 καὶ
1563 2048 1615 2074 ἀνὰ
1632 2048 1715 2082 μέρος
1738 2049 1786 2075 καὶ
1805 2049 1872 2075 ἰδιο-

1077 2093 1239 2125 ΰττοστάτως
1263 2094 1313 2125 τὰς
1338 2093 1384 2120 δύο
1409 2093 1503 2128 φύσεις
1520 2093 1655 2128 λέγοντος,
1673 2094 1720 2120 καὶ
1745 2095 1871 2121 ἐντεῦθεν

1074 2138 1120 2164 δύο
1138 2139 1212 2170 υἱοὺς
1238 2139 1283 2165 καὶ
1299 2138 1346 2165 δύο
1361 2139 1497 2174 Χριστοὺς
1513 2137 1738 2171 ἀναπλάττοντας.
1758 2140 1806 2166 καὶ
1820 2140 1867 2166 διὰ

232 2186 281 2220 ’τὴν
295 2185 424 2219 τοιαύτην
439 2184 522 2217 αὑτοῦ
541 2183 719 2219 βλασφημίαν
735 2183 787 2210 ὑπὸ
800 2182 854 2210 τῶν
868 2183 954 2216 ἁγίων
988 2184 1140 2219 κατεκρίθη
1176 2185 1317 2219 Πατέρων,
1334 2184 1430 2219 ἀμέλει
1446 2193 1486 2210 ’τοι
1513 2185 1527 2211 ὸ
1543 2185 1571 2210 ἐν
1605 2185 1693 2218 ἁγίοις
1729 2185 1868 2220 Κύριλλος

230 2234 280 2269 τὴν
300 2233 449 2268 Ίουδαῖκὴν
481 2233 563 2259 αὑτοῦ
587 2231 686 2267 μανίαν
705 2231 858 2266 ἀνελέγχων
883 2232 912 2257 ὲν
934 2232 967 2267 τῇ
986 2231 1046 2259 κατ’
1068 2232 1186 2267 Ἔφεσον
1214 2232 1326 2267 συνόδῳ,
1347 2231 1411 2263 τοὺς
1440 2231 1534 2266 ἁγίους
1558 2231 1682 2267 Πατέρας
1709 2234 1874 2267 προήγαγεν

231 2280 454 2316 ἀπαγορεύοντας
473 2280 523 2314 μὲν
536 2280 567 2305 τδ
578 2279 667 2312 λέγειν
682 2278 730 2305 δύο
744 2279 836 2310 Υἰοὺς,
849 2278 896 2305 δύο
909 2277 938 2304 δὲ
952 2278 1048 2312 φύσεις
1068 2279 1116 2306 καὶ
1131 2279 1179 2305 ἕνα
1197 2279 1261 2305 Υἱὺν
1275 2279 1473 2314 κηρύττοντας.

214 2334 219 2339 ’
251 2330 253 2332 ⁷
267 2328 306 2356 Ex
318 2325 449 2354 omnibus
463 2326 550 2360 igitur
561 2332 622 2359 quze
638 2324 711 2351 dicta
726 2328 791 2351 sunt
802 2324 968 2358 patefactum
981 2328 1022 2351 est
1038 2326 1061 2353 D

231 2378 360 2402 sanctum
378 2371 511 2407 Cyrillum
528 2367 813 2397 ante'daumationem
828 2369 945 2397 Nestorii
961 2389 968 2400 ,
994 2370 1023 2397 in

232 2422 307 2448 illius
317 2417 495 2446 damnatione
505 2420 623 2452 postque
633 2416 722 2451 ipsius
729 2415 1022 2448 damnationem,dua-

234 2475 296 2494 rum
311 2470 472 2493 naturarum
489 2463 518 2490 in
537 2470 592 2489 uno
604 2462 716 2490 Christo
733 2461 935 2490 confessionem
954 2469 1024 2496 pra:-

232 2514 326 2541 dicare
353 2511 486 2539 continuo
508 2517 562 2536 non
589 2517 722 2536 cessasse.
753 2508 807 2536 Sed
830 2508 900 2535 nihil
926 2508 1025 2536 horum

234 2559 394 2593 intelligens
410 2557 538 2585 veritatis
554 2556 641 2583 hostis
657 2555 785 2586 Severus,
802 2555 898 2582 Patres
911 2555 1024 2582 nomine

234 2607 347 2633 Patrum
363 2607 457 2635 vocat,
482 2610 515 2630 ac
530 2602 648 2637 denegat
664 2601 697 2628 ab
720 2601 774 2628 illis
800 2600 931 2628 Ecclesia:
949 2606 1022 2629 recte

234 2651 364 2678 traditam
381 2650 467 2677 fuisse
480 2649 645 2680 doctrinam,
671 2648 798 2675 nesciens
813 2647 972 2675 Nestorium
987 2648 1023 2674 oh

233 2704 310 2724 suam
327 2696 438 2730 quidem
455 2694 625 2729 impietatem
640 2694 852 2726 condemnatum
874 2694 971 2725 fuisse,
987 2694 1022 2721 ab

232 2741 336 2774 illoque
355 2744 447 2766 tamen
468 2738 579 2764 Patrum
605 2738 758 2766 doctrinam
779 2747 903 2766 eversam
926 2739 1022 2767 fuisse.

233 2787 263 2813 Si
283 2790 387 2815 autem,
410 2785 486 2818 juxta
506 2783 640 2810 insaniam
657 2783 767 2816 Severi,
785 2784 870 2811 verba
887 2792 901 2811 a
920 2785 1024 2812 sanctis

235 2831 364 2857 Patrihus
381 2834 454 2856 recte
474 2827 629 2862 prredicata.
653 2829 687 2855 al)
706 2830 843 2857 hmreticis
862 2839 927 2857 vero
944 2831 1023 2857 mali-

234 2883 287 2910 gne
317 2876 496 2909 interpretata
523 2875 688 2902 removenda
709 2881 788 2910 sunt,
812 2881 917 2904 evertet
936 2877 1018 2904 etiam

1113 2323 1153 2360 [P.
1169 2324 1247 2361 25L]
1257 2325 1304 2351 Ἐκ
1311 2324 1366 2351 τῶν
1382 2324 1536 2360 εἰρημένων
1552 2324 1641 2351 τοίνυν
1655 2324 1784 2352 ἁπάντων
1798 2326 1874 2353 ἀπο,

1076 2371 1209 2398 δέδεικται
1223 2372 1264 2398 ὅτι
1278 2372 1292 2398 6
1309 2372 1337 2398 ἐν
1351 2372 1438 2406 ἁγίοις
1455 2371 1588 2406 Κύριλλος
1612 2372 1660 2398 καὶ
1681 2372 1734 2407 πρὸ
1749 2372 1799 2407 τῆς
1815 2373 1874 2399 Νε-

1076 2417 1184 2452 στορίου
1207 2418 1407 2452 κατακρίσεως,
1436 2418 1483 2444 καὶΙ
1506 2419 1535 2443 ἐν
1559 2419 1627 2454 αὐτῇ
1644 2419 1676 2453 τῇ
1695 2419 1875 2454 κατακρίσει,

1077 2463 1125 2489 καὶ
1146 2462 1215 2497 μετὰ
1239 2463 1289 2497 τὴν
1317 2463 1400 2490 αὺτοῦ
1426 2463 1601 2498 κατάκρισιν,
1626 2464 1656 2490 ού
1684 2464 1804 2490 διέλιπεν
1822 2464 1876 2500 τὴν

1079 2509 1144 2544 περὶ
1162 2508 1217 2534 τῶν
1234 2508 1280 2535 δύο
1305 2508 1413 2542 φύσεων
1428 2510 1474 2535 ἐπὶ
1495 2509 1542 2535 τοῦ
1566 2510 1626 2540 ἐνὸς
1641 2509 1760 2545 Χριστοῦ
1773 2510 1878 2545 ὁμολο-

1077 2555 1140 2588 γίαν
1154 2554 1198 2580 ἀεὶ
1211 2554 1353 2589 κηρύττων
1363 2564 1369 2569 ·
1379 2555 1436 2581 ἀλλ’
1449 2555 1524 2582 οὐδὲν
1541 2556 1644 2582 τούτων
1659 2556 1778 2592 Σευῆρος
1795 2558 1809 2583 ὁ
1821 2557 1876 2592 τῆς

1076 2601 1207 2635 ἀληθείας
1227 2601 1324 2637 ἐχθρὸς
1343 2601 1451 2639 ὲννοᾶξν,
1468 2602 1532 2634 τοὺς
1549 2602 1598 2637 μὲν
1615 2603 1740 2638 Πατέρας
1754 2603 1877 2638 ὀνόματι

1076 2646 1156 2681 δῆθεν
1171 2646 1305 2681 Πατέρων
1319 2646 1462 2679 ἀποκαλεῖ,
1482 2648 1605 2683 ἀρνεῖται
1631 2647 1658 2673 δὲ
1679 2648 1713 2673 τὰ
1737 2648 1804 2683 παρ’
1826 2650 1882 2675 αὖ-

1076 2693 1131 2720 τῶν
1153 2692 1241 2728 ὀρθῶς
1268 2693 1300 2729 τῇ
1331 2692 1478 2728 Ἐκκλησία
1503 2692 1708 2728 παραδεδομένα
1732 2693 1878 2729 δόγματα,

1079 2740 1116 2775 μὴ
1129 2740 1272 2774 γινώσκων
1285 2740 1326 2766 ὅτι
1341 2740 1489 2775 Νεστόριος
1505 2741 1553 2774 μὲν
1564 2741 1607 2772 ᾷιὰ
1624 2741 1674 2775 τὴν
1689 2741 1794 2767 οίκείαν
1807 2741 1880 2768 ἀσέ-

1078 2786 1154 2812 ϐειαν
1178 2786 1388 2818 κατακέκριται,
1411 2785 1442 2811 οὐ
1464 2784 1517 2821 μὴν
1537 2785 1569 2812 δι’
1591 2787 1696 2812 ἐκεῖνον
1712 2786 1728 2821 ὴ
1745 2786 1799 2812 τῶν
1816 2787 1879 2813 Πα-

1076 2831 1164 2866 τέρων
1177 2831 1310 2867 ἀνῄρηται
1327 2832 1496 2858 διδασκαλία.
1515 2833 1545 2859 Εἰ
1565 2832 1618 2866 γὰρ
1635 2833 1705 2858 κατὰ
1721 2831 1770 2867 τὴν
1786 2832 1879 2867 Σευὴ-

1075 2887 1122 2914 ροο
1142 2878 1264 2913 μανίαν,
1285 2879 1332 2910 τὰς
1361 2879 1452 2913 ger/:2;
1474 2879 1522 2911 τὰς
1538 2878 1614 2915 παρὰ
1631 2879 1681 2915 μὲν
1705 2879 1760 2906 τῶν
1783 2879 1877 2914 ἁγίων
