1966 3089
93 181 162 214 1137

550 173 772 213 ΤΒΑΟΤᾸΤΠΞ
791 181 942 212 CONTRA
962 179 1264 214 MONOPHYSITAS

1666 186 1734 219 11:33

91 237 222 272 Πατέρων
238 236 327 272 ὀρθῶς
343 235 502 272 εἰρημένας,
526 236 603 272 παρὰ
624 236 653 265 δὲ
675 225 823 272 αἱρετικῶν
837 245 886 263 κα-

939 237 1063 266 divinam
1076 238 1260 274 Scripturam,
1287 248 1319 267 ex
1342 249 1396 275 qua
1427 241 1549 269 lucrclici
1573 250 1622 269 suo
1637 243 1734 270 morbo

90 285 147 316 κῶς
165 283 413 319 ὲκλαμόανομὲνας
432 283 626 318 παραιτεῖσθαι
653 282 712 315 δεῖ,
738 284 785 310 καὶ
802 283 888 318 αὐτὴν

91 330 221 366 ἁθετήσει
235 329 285 364 τὴν
306 328 384 356 θείαν
402 329 526 365 Γραφὴν,
540 328 570 361 ἐξ
588 327 622 364 ἧς
637 329 739 361 πάντες
754 329 889 364 αἱρετικοῖ⁴

90 377 124 411 τῇ
145 375 234 411 οἰκείᾳ
251 376 412 410 συνηγορεῖν
439 375 542 402 οἴονται
571 375 656 411 νόσῳ·
680 376 728 402 καὶ
751 375 832 410 δῆλον
848 376 889 402 ὃτι

91 422 163 449 κατὰ
184 423 249 453 τοὺς
273 421 378 448 ἐκείνου
402 422 514 456 λήρους,
528 421 557 447 αἴ
574 430 604 448 τε
623 421 694 448 θεῖαι
713 422 822 457 Γραφαὶ
843 422 890 448 καὶ

90 470 118 495 αἱ
135 468 190 495 τῶν
207 468 338 504 Πατέρων
354 467 521 503 παραδόσεις
536 467 850 503 ἀποδοκιμασθήσονται.

134 512 215 539 Ἀλλὰ
234 511 320 539 ταῦτα
337 511 387 547 μὲν
403 512 483 548 ἡμεῖς
495 512 564 547 πρὸς
577 513 640 544 τοὺς
655 513 813 548 αἱρετικοὺς
826 505 890 541 ἀθε-

91 558 208 590 τοῦντας
233 558 284 592 τὴν
298 558 353 585 τῶν
372 558 502 594 Πατέρων
522 559 717 587 διδασκαλίαν·
737 561 754 594 ἡ
777 559 806 587 δὲ
823 560 890 593 ἁγία

94 605 139 631 τοῦ
154 605 221 632 Θεοῦ
241 605 389 639 Ἐκκλησία
412 605 463 636 τὰς
481 605 572 640 μέντοι
588 605 675 638 αὑτὰς
706 606 760 632 τῶν
785 607 889 642 αἱρετι-

93 652 151 678 κῶν
175 651 371 686 ματαιολογίας
395 650 637 686 ἀποστρεφομένη,
664 651 839 686 φυλάττουσα
860 651 888 678 δὲ

94 699 144 734 τὴν
165 698 213 725 τοῦ
240 698 345 733 Κυρίου
371 698 419 724 καὶ
439 697 495 724 τῶν
514 698 599 732 ἁγίων
616 698 774 725 ἀποστόλων
796 708 825 726 τε
843 699 890 726 καὶ

94 745 224 779 Πατέρων
239 744 401 778 παράδοσιν,
417 743 468 770 ’.ἕνα
479 743 526 770 καὶ
540 743 586 770 τδν
597 743 679 770 αὐτὸν
692 743 824 780 κηρύττει
841 753 889 780 μο-

94 791 192 825 νογενῆ
204 790 271 817 Θεὸν
287 790 374 824 Λόγον
391 790 495 826 Κύριον
519 789 624 825 Ἰησοῦν
643 789 762 825 Χριστὸν
784 790 813 817 ἐν
836 790 890 825 ἁμ-

96 836 225 870 φοτέραις
244 836 305 866 ταῖς
318 835 434 867 οὐσίαις,
447 836 479 871 τῇ
506 843 536 862 τε
559 833 628 861 Θεοῦ
648 835 697 862 καὶ
720 835 828 870 [ἰατρὸς
842 835 890 862 καὶ

94 885 126 918 τῇ
144 883 192 918 τῆς
204 882 347 917 Παρθένου
361 882 463 918 μητρὸς
478 882 680 918 γνωριζόμενον
690 891 697 898 ·
713 883 761 910 καὶ
770 883 795 909 οἱ
810 882 889 909 τοῦτο

941 285 1063 313 remedia
1080 286 1193 313 haurire
1204 286 1359 314 conﬁdunt.
1372 287 1453 315 Patet
1467 296 1543 323 ergo.
1562 289 1640 324 juxta
1658 289 1734 316 illius

941 332 1069 367 ineptias,
1090 333 1199 360 divinas
1209 332 1368 368 Scripturas
1386 334 1606 371 traditionesque
1622 336 1733 363 Patrum

941 379 1130 413 rcprobandas
1141 386 1212 406 esse.

977 509 1040 537 Hmc
1050 514 1116 537 sunt
1130 518 1196 545 ergo
1211 518 1272 546 quae
1288 519 1339 538 nos
1365 511 1501 539 adversus
1523 513 1671 541 lnereticos
1685 513 1734 540 do—

940 556 1058 584 ctrinam
1073 556 1185 584 Patrum
1199 561 1356 584 avertentes
1375 557 1528 585 atl‘erimus.
1548 558 1651 585 Sancta
1668 566 1734 586 vero

939 603 988 629 Dei
996 603 1119 630 Ecclesia
1130 604 1243 631 eosdem
1256 603 1451 632 haereticorum
1461 605 1581 639 ineptias
1591 613 1732 636 aversans.

939 653 1163 676 servans‘autem
1181 649 1301 681 Domini,
1318 655 1478 678 sanctorum
1494 651 1684 686 apostolorum
1701 659 1734 679 ac

940 696 1052 722 Patrum
1071 696 1260 729 traditionem,
1279 704 1366 724 unum
1385 697 1578 733 reumdemqne
1601 697 1735 732 praedicat

939 742 1115 777 unigenitum
1130 742 1216 770 Deum
1230 743 1352 770 Verbum
1375 743 1522 771 Dominum
1551 744 1736 772 JcsumChri-

939 793 1024 820 stum,
1031 789 1059 815 in
1069 788 1179 816 duabus
1188 788 1364 822 substantiis,
1374 789 1423 816 Dei
1432 794 1459 817 et
1468 790 1569 822 Patris,
1583 790 1735 825 matrisque

939 834 1061 870 Virginis
1070 835 1206 870 agnitum.
1218 834 1271 868 illi,
1281 843 1296 863 e
1307 840 1414 867 contra,
1426 835 1480 862 hoc
1492 843 1547 863 non
1557 833 1733 866 conﬁtentes;

939 880 984 907 vel
1000 888 1035 907 ex
1048 880 1106 908 Deo
1119 886 1147 908 et
1166 881 1247 908 Patre
1264 880 1440 908 nativitatem
1458 882 1593 916 unigeniti
1611 881 1672 909 Filii
1687 882 1734 909 Dei

97 930 134 965 μὴ
148 929 386 964 δμολογοῦντες,ῆ
405 929 456 964 τὴν
482 929 515 955 ἐκ
539 929 587 955 τοῦ
616 928 685 955 Θεοῦ
714 929 762 956 καὶ
779 929 886 966 Πατρὺς

941 935 973 954 ac
982 927 1091 954 Domini
1103 928 1190 954 nostri
1201 927 1267 955 Iesu
1279 927 1383 955 Gliristi
1394 933 1506 963 negant,
1518 928 1560 955 vel
1577 936 1611 955 ex
1627 933 1733 960 sancta.

95 976 223 1009 γέννησιν
238 975 424 1010 ἀπαρνοῦνται
437 974 484 1001 τοῦ
503 974 664 1010 μονογενοῦς
679 974 745 1001 Υίοῦ
759 975 806 1002 τοῦ
821 975 889 1001 Θεοῦ

96 1022 144 1048 καὶ
166 1021 271 1057 Κυρίου
299 1021 378 1057 ἡμῶν
401 1021 489 1056 Ἰησοῦ
510 1021 631 1056 Χριστοῦ
645 1021 687 1056 ,ἢ
711 1021 761 1055 τὴν
785 1022 817 1048 ὲκ
841 1023 890 1056 τῆς

96 1067 176 1101 ἁγίας
200 1067 305 1099 ἐνδόξου
324 1067 455 1094 Θεοτὸκοο
470 1067 517 1093 καὶ
545 1066 740 1101 Ἀειπαρθένου
758 1067 868 1102 Μαρίας
880 1075 889 1083 ·

95 1116 125 1141 οὔ
142 1115 197 1149 γὰρ
214 1115 265 1149 τὴν
278 1113 373 1140 οὐσίαν
389 1114 440 1140 οὐκ
460 1113 515 1149 ἔχει
530 1115 544 1140 ὁ
556 1114 690 1148 Χριστός·
709 1113 815 1148 ἀπέστη
830 1114 890 1140 κατ’

96 1162 195 1192 αὐτοὺς
211 1161 257 1187 καὶ
272 1160 319 1186 τοῦ
342 1158 411 1187 εἶναι
427 1161 506 1192 Υἱός·
526 1161 551 1187 εἰ
570 1161 598 1187 δὲ
618 1159 842 1195 συνελαυνόμενοι
859 1161 891 1187 ἐκ

95 1209 146 1242 τῆς
168 1207 243 1238 θείας
268 1207 380 1242 Γραφῆς
401 1206 449 1232 καὶ
468 1207 518 1241 τῆς
536 1207 589 1232 τῶν
611 1207 743 1242 Πατέρων
762 1205 890 1232 διδασκα-

96 1255 167 1286 λίας,
180 1253 342 1288 ὁμολογοῦσι
365 1253 424 1288 μεθ’
444 1253 523 1287 ἡμῶν
540 1253 605 1278 Υἱδν
624 1251 693 1279 εἶναι
710 1252 756 1279 τὸν
771 1252 889 1288 Χριστ²›ν

96 1299 167 1326 κατὰ
183 1299 312 1333 ἀλήθειαν
330 1298 377 1324 τοῦ
391 1297 459 1324 Θεοῦ
480 1299 526 1324 καὶ
544 1298 662 1332 Πατρὶς,
678 1297 725 1324 καὶ
739 1298 784 1324 τὸν
808 1297 890 1324 αὐτὰν

96 1345 168 1372 κατὰ
192 1343 321 1380 ἀλήθειαν
349 1343 413 1370 Υἱδν
438 1341 507 1370 εἶναι
526 1343 576 1377 τῆς
596 1342 734 1378 Παρθένου
757 1342 886 1378 Μητρὸς,

95 1392 310 1426 ὁμολογήσουσιν
328 1390 357 1422 ἐξ
376 1390 499 1424 ἀνάγκης
510 1389 605 1418 ὥσπερ
619 1388 669 1421 τὰς
687 1388 734 1415 δύο
747 1389 889 1424 γεννήσεις

96 1438 156 1469 ἑνὸς
173 1438 221 1464 καὶ
239 1437 286 1463 τοῦ
301 1436 395 1468 αὑτοῦ,
411 1436 497 1467 οὕτως
518 1436 566 1462 καὶ
578 1436 630 1467 τὰς
644 1435 690 1462 δύο
709 1435 804 1467 οὺτίας
816 1435 889 1470 ἔχειν

97 1484 194 1512 αὐτόν·
213 1484 236 1510 εἰ
250 1483 303 1518 γὰρ
323 1481 412 1513 καθὼς
423 1483 449 1508 οἱ
465 1482 585 1516 Πατέρες
600 1481 767 1514 διδάσκουσι,
785 1482 855 1516 μήτε
871 1483 888 1517 ἡ

96 1531 146 1565 τῆς
161 1530 288 1564 θεότητος
304 1529 351 1556 τοῦ
368 1528 487 1564 Χριστοῦ
502 1528 583 1563 φύσις
596 1528 636 1560 είς
655 1528 704 1564 τὴν
718 1528 769 1562 τῆς
787 1527 888 1563 σαρκὸς

97 1575 180 1603 αὑτοῦ
201 1576 403 1612 μεταϐέϐληται
419 1575 511 1608 φύσιν,
532 1574 600 1610 μήτε
624 1575 640 1610 ἡ
660 1575 708 1609 τῆς
726 1574 827 1610 σαρκὸς
841 1575 889 1601 αὐ-

96 1623 143 1650 τοῦ
162 1623 201 1654 εἰς
219 1622 268 1657 τὴν
282 1622 332 1657 τῆς
352 1622 489 1657 θεότητος,
510 1622 579 1656 μήτε
597 1621 651 1657 μὴν
668 1622 684 1656 ἡ
701 1621 819 1656 διαφορὰ
833 1621 888 1647 τῶν

97 1669 205 1703 φύσεων
218 1668 352 1703 ἀνῄρηται
372 1667 416 1694 διὰ
431 1668 482 1703 τὴν
500 1667 607 1698 ἕνωσιν,
619 1667 676 1694 ἀλλ’
695 1666 803 1701 ἔμεινεν
819 1668 885 1694 ἐκά-

96 1723 176 1750 τερον
194 1714 262 1748 ὅπερ
275 1714 333 1740 ἐστὶ
347 1715 381 1749 τῇ
398 1712 478 1747 φύσει
489 1721 495 1728 ⁸
513 1713 560 1739 καὶ
579 1712 690 1739 διπλοῦν
710 1713 808 1740 ἐστιτδ
821 1714 886 1749 περὶ

88 1760 180 1787 ἀὑτοῦ
198 1762 341 1795 κήρυγμα,
358 1760 406 1786 καὶ
425 1761 453 1786 ὲν
467 1760 614 1795 ἑκατέραις
629 1761 690 1791 ταῖς
702 1760 808 1791 οὐσίαις
820 1769 887 1794 γνω-

99 1807 222 1842 ρίζεται,
241 1807 381 1833 τουτέστιν
409 1807 438 1832 ὲν
466 1806 574 1840 Θεότητι
600 1805 883 1841 καιάνορωπὸτητι·

96 1854 156 1884 πῶς
169 1854 219 1879 οὐκ
239 1852 413 1880 αἰσθάνονται
435 1852 484 1887 τῆς
504 1852 607 1883 οἰκείας
632 1852 747 1893 πλάνης,
772 1853 796 1879 οἱ
819 1853 885 1887 μίαν

96 1898 143 1924 τοῦ
158 1897 278 1933 Χριστοῦ
291 1897 499 1932 τερατευόμενοι
516 1896 607 1931 φύσιν,
623 1897 670 1924 καὶ
690 1903 746 1923 των
762 1898 810 1932 μὲν
824 1898 886 1924 κατ’

96 1944 226 1979 ἀλήθειαν
246 1943 415 1979 πραγμάτων
430 1944 479 1978 τὴν
489 1943 634 1978 ’ἀναίρεσιν
649 1942 884 1978 βλασφημοῦντες,

95 1989 161 2024 ψιλὰ
185 1990 213 2016 δὲ
242 1990 363 2025 ὀνόματα
388 1989 515 2021 θεότητος
539 1989 587 2015 καὶ
614 1989 826 2024 ἅνθρωπὸτητος
845 1990 886 2025 τῷ

96 2035 208 2071 Χριστῷ
225 2035 399 2071 χαριζόμενοι
412 2043 419 2068 ;
435 2034 516 2061 Ἀλλὰ
530 2036 622 2062 πᾶσαν
637 2035 722 2070 ὀρθὴν
740 2035 884 2071 παρορῶν-

942 974 1081 1009 gloriosa,
1105 973 1155 1000 Dei
1179 973 1267 1002 Matre
1292 981 1459 1009 semperque
1480 974 1594 1010 Virgine
1630 975 1732 1007 Maria;

940 1019 1070 1047 Christus
1077 1020 1153 1047 enim
1162 1027 1217 1047 non
1227 1020 1311 1047 habet
1320 1020 1503 1048 substantiam
1513 1021 1662 1056 ;juxtaque
1673 1021 1735 1048 illos

941 1066 1021 1093 abest
1041 1066 1123 1093 etiam
1137 1066 1205 1101 quin
1222 1066 1259 1094 sit
1283 1066 1380 1094 Filius.
1403 1066 1432 1094 Si
1448 1071 1551 1099 autem,
1568 1067 1735 1102 urgentibus

942 1112 1039 1145 nobis,
1062 1121 1096 1140 ex
1118 1113 1212 1140 divina
1228 1112 1373 1148 Scriptura
1401 1113 1583 1148 doctrinaque
1609 1114 1733 1145 Patrum.

941 1159 1085 1186 nobiscum
1111 1159 1279 1187 conﬁtentur
1302 1159 1445 1189 Christum
1473 1167 1535 1187 esse
1552 1167 1617 1187 vere
1633 1160 1733 1187 Filium

941 1205 990 1232 Dei
1003 1210 1032 1232 et
1046 1206 1147 1238 Patris,
1173 1206 1360 1241 eumdemque
1374 1213 1440 1233 vere
1453 1214 1515 1234 esse
1528 1205 1630 1233 Filium
1645 1206 1733 1241 Virgi-

940 1251 986 1278 nis
994 1251 1098 1284 Matris,
1109 1251 1345 1286 quemadmodum
1353 1252 1511 1279 necessario
1525 1251 1735 1279 conﬁtebuntur

941 1297 1010 1325 duas
1025 1298 1184 1325 nativitates
1198 1297 1280 1325 unius
1287 1305 1319 1325 ac
1330 1298 1466 1333 ejusdem,
1477 1298 1514 1325 ita
1525 1303 1555 1325 et
1565 1298 1655 1333 ipsum
1665 1297 1735 1325 duas

941 1344 1113 1372 substantias
1134 1344 1258 1378 habere;
1275 1345 1298 1372 si
1313 1345 1410 1378 enim,
1432 1346 1511 1381 juxta
1531 1345 1605 1380 quod
1632 1345 1735 1372 docent

941 1389 1035 1418 Patres
1048 1411 1055 1422 ,
1072 1398 1125 1418 nec
1144 1395 1243 1418 natura
1256 1390 1414 1418 divinitatis
1430 1391 1535 1418 Christi
1557 1391 1584 1418 in
1605 1395 1741 1418 naturam

940 1437 1032 1464 carnis
1047 1436 1136 1472 ipsius
1150 1441 1333 1465 transmutata
1349 1437 1395 1470 sit,
1412 1445 1464 1465 nec
1478 1441 1578 1465 natura
1598 1437 1691 1464 carnis
1705 1437 1735 1464 in

940 1486 1068 1510 naturam
1096 1483 1274 1517 divinitatis,
1303 1491 1356 1511 nec
1384 1488 1547 1511 naturarum
1574 1483 1734 1512 diﬂ‘ercntia

941 1531 1043 1558 unione
1066 1530 1103 1558 sit
1118 1530 1220 1563 ablata,
1233 1530 1281 1558 sed
1292 1531 1313 1558 si
1328 1531 1546 1565 unumquodque
1561 1529 1635 1564 quod
1649 1533 1692 1557 est
1705 1530 1733 1556 in

940 1581 1040 1605 natura
1051 1577 1254 1613 permanserit,
1271 1577 1429 1613 duplexque
1441 1581 1533 1605 exstet
1548 1576 1582 1603 de
1596 1577 1649 1604 hoc
1663 1583 1733 1611 prae-

940 1623 1043 1651 dicatio
1056 1644 1063 1656 ,
1090 1631 1123 1651 ac
1148 1623 1175 1650 in
1195 1631 1361 1658 unaquaque
1379 1623 1535 1651 substantia
1555 1626 1732 1658 agnoscatur,

932 1669 1047 1697 scilicet
1065 1669 1092 1696 in
1114 1669 1260 1698 divinitate
1285 1673 1369 1705 atque
1385 1669 1557 1696 humanitate
1569 1688 1575 1699 .
1593 1668 1733 1703 quomodo

939 1723 995 1743 non
1011 1715 1171 1751 intelligunt
1183 1723 1308 1743 errorem
1320 1723 1412 1747 suum,
1429 1723 1512 1742 unam
1530 1714 1636 1743 Christi
1649 1718 1732 1741 natu-

939 1770 997 1789 ram
1010 1762 1063 1790 sibi
1077 1762 1205 1798 ﬁngendo
1217 1783 1224 1795 ,
1251 1770 1316 1790 vera
1337 1762 1422 1797 impie
1446 1761 1605 1789 auferentes
1621 1781 1627 1790 .
1657 1760 1732 1787 nuda

937 1815 1006 1835 vero
1016 1808 1129 1835 nomina
1146 1808 1299 1835 divinitatis
1314 1811 1396 1843 atque
1414 1806 1599 1834 humanitatis
1618 1805 1732 1849 Christo

939 1853 1149 1888 relinquentes?
1166 1852 1220 1881 Sed
1236 1862 1345 1882 omnem
1359 1861 1453 1881 veram
1466 1853 1622 1881 doctrinam
1639 1852 1733 1887 despi-

938 1899 1054 1931 cientes,
1071 1899 1137 1926 illud
1155 1907 1241 1926 unum
1257 1899 1349 1927 animo
1364 1899 1530 1931 intendunt,
1558 1902 1588 1925 ut
1602 1898 1733 1925 credatur

939 1950 1065 1973 naturam
1087 1946 1131 1972 vel
1155 1945 1339 1973 substantiam
1355 1953 1387 1973 ac
1404 1945 1521 1972 formam
1546 1944 1676 1972 eumdem
1700 1951 1732 1970 ac

938 1991 1108 2027 hypostasim
1120 1999 1323 2026 personamque
1337 1991 1504 2027 patefacere,
1515 1991 1590 2026 quod
1601 1989 1733 2018 omnibus

939 2037 1078 2066 haereticis
1093 2047 1174 2066 causa
1189 2038 1242 2065 fuit
1252 2038 1367 2066 erroris.

93 2090 141 2114 τες
155 2083 338 2116 διδασκαλίαν,
355 2082 454 2117 ἐκείνῳ
470 2082 542 2118 μόνῳ
551 2083 597 2109 τὸν
611 2082 674 2109 νοῦν
703 2082 895 2118 προσέχουσιν,
914 2085 954 2120 τῷ
973 2085 1096 2120 νομίζειν
1118 2087 1158 2113 ὅτι
1183 2086 1200 2122 ἡ
1238 2085 1318 2120 quiat;
1348 2084 1432 2120 ἤγουν
1457 2084 1537 2111 οὐσία
1567 2084 1614 2111 κοιλ⁸
1639 2083 1730 2118 μορφὴ

93 2128 193 2156 ταὺτδν
218 2132 252 2166 τῇ
285 2129 434 2156 ὑποστάσει
458 2130 506 2156 καὶ
532 2129 571 2165 τῷ
596 2130 736 2165 προσώπῳ
762 2130 900 2166 δηλοῦσιν.

94 2175 209 2211 πλάνης.

130 2224 186 2250 Καὶ
201 2223 234 2248 τὰ
259 2223 306 2257 μὲν
327 2223 391 2258 περὶ
404 2222 500 2248 τούτου
516 2222 562 2248 καὶ
580 2223 610 2248 ὲν
631 2222 668 2257 τῷ
685 2222 735 2257 ἤδη
751 2222 883 2257 γραφέντι
900 2225 922 2253 D

93 2270 160 2304 παρ’
169 2269 247 2304 ἡμῶν
260 2267 331 2304 λόγῳ
349 2268 417 2304 πρὺς
436 2266 537 2295 Zumpt;
548 2268 594 2294 τὸν
608 2268 884 2304 μακαριώτατοννὰρ-

92 2316 269 2352 χιεπίσκοπον
291 2315 341 2350 τῆς
362 2315 560 2350 Ἀλεξανδρέων
584 2315 632 2342 καὶ
653 2316 828 2352 πατριάρχην
845 2316 884 2352 (5)

92 2361 194 2393 ἱκανῶς
221 2361 425 2394 ἀποδέδεικται,
457 2361 696 2397 παραστησάντων
727 2362 807 2397 ὴμῶν
841 2362 883 2388 ὅτι

91 2408 174 2444 φύσις
192 2409 240 2435 καὶ
261 2408 352 2443 μορφὴ
369 2407 467 2434 ταύτὸν
493 2408 579 2443 δηλοῖ,
597 2409 640 2435 καὶ
658 2409 704 2436 ἐπὶ
723 2408 771 2435 τοῦ
790 2408 882 2435 κοινοῦ

92 2453 297 2490 σημαινομένου
311 2453 508 2488 λαμδάνονται.
527 2453 564 2480 Τὸ
587 2453 616 2481 δὲ
635 2455 783 2490 πρόσωπον
797 2455 845 2481 καὶ
864 2456 881 2490 ἡ

90 2502 241 2531 ὑπόστασις
262 2499 309 2526 ἐπὶ
326 2498 381 2526 τῶν
396 2499 456 2526 καθ’
471 2499 587 2526 ἕκαστον
606 2500 727 2534 λέγεται.
742 2500 816 2536 Πλὴν
837 2501 884 2527 καὶ

89 2547 207 2574 ἐνταῦθα
221 2547 254 2573 δι’
268 2545 370 2581 ἑτέρων
395 2546 555 2581 μαρτυριῶν
571 2546 625 2572 τῶν
647 2547 733 2581 ἁγίων
750 2547 882 2583 Πατέρων

89 2593 121 2620 τὺ
144 2593 209 2620 αὐτὸ
232 2593 459 2627 παραστήσομεν.
474 2591 565 2628 ———[P.
587 2592 650 2627 553]
674 2592 768 2620 Ταῦτα
791 2593 881 2620 τοίνυν

89 2639 243 2675 εἰρήκαμεν
254 2638 406 2670 δεικνύντες
422 2638 463 2665 ὃτι
479 2638 557 2665 οὐσία
570 2638 616 2665 καὶ
632 2638 713 2673 φύσις
727 2639 773 2666 καὶ
790 2640 881 2676 μορφὴ

87 2685 186 2712 ταύτὸν
210 2684 347 2719 δηλοῦσιν.
365 2685 426 2711 Ὅτι
446 2684 474 2710 δὲ
497 2685 560 2719 οὐχὶ
583 2684 681 2711 ταύτόν
705 2686 779 2712 ἐστιν
801 2686 881 2713 οὐσία

87 2732 137 2758 καὶ
147 2732 305 2763 ὑπόστασις,
318 2731 354 2763 ὡς
368 2731 392 2757 οἱ
403 2731 538 2766 αἱρετικοὶ
553 2731 725 2766 πλανώμενοι
742 2731 877 2765 λέγουσιν,

86 2779 136 2805 καὶ
155 2779 186 2804 ὲκ
203 2778 252 2812 τῆς
271 2778 336 2812 περὶ
347 2777 396 2813 τὴν
414 2778 494 2811 ἁγίαν
510 2777 613 2811 Τριάδα
633 2777 774 2811 θεολογίας
788 2778 878 2810 ἔξεστι

87 2824 186 2860 μαθεῖν
198 2831 204 2838 ⁶
223 2824 267 2850 ὅτε
283 2825 337 2859 γὰρ
349 2824 462 2859 εἴπομεν
477 2824 554 2855 Θεὸν,
567 2825 617 2858 τὴν
638 2825 703 2859 μίαν
719 2824 813 2851 οὐσίαν
829 2825 878 2859 τῆς

87 2870 166 2905 ἁγίας
182 2869 295 2904 Τριάδος
314 2870 496 2904 σημαίνομεν·
514 2871 557 2896 ὅτε
578 2871 605 2897 δὲ
630 2871 745 2905 λέγομεν
768 2871 878 2906 Πατέρα

937 2133 1005 2169 ὅπερ
1030 2134 1077 2160 καὶ
1107 2134 1173 2161 πᾶσι
1197 2134 1254 2165 τοῖς
1282 2133 1431 2169 αἱρετικοῖς
1457 2132 1595 2168 πρόφασις
1623 2131 1730 2165 γίνεται

974 2222 1036 2251 Haec
1050 2227 1141 2251 autem
1164 2230 1225 2258 quae
1247 2223 1281 2250 ad
1305 2222 1372 2250 illud
1386 2222 1537 2257 pertinent.
1559 2222 1586 2249 in
1601 2229 1737 2249 sermone

938 2278 953 2296 a
976 2270 1058 2297 nobis
1081 2270 1115 2296 ad
1140 2269 1246 2297 Zoilum
1273 2269 1464 2296 beatissimum
1487 2268 1728 2304 archiepiscopum

939 2316 1111 2344 Alexandriae
1123 2324 1156 2343 ac
1169 2315 1354 2351 patriarcham
1368 2315 1435 2343 satis
1443 2315 1569 2350 exposita
1578 2318 1652 2347 sunt,
1665 2323 1727 2342 cum

939 2362 1119 2390 statuerimus
1138 2368 1266 2389 naturam
1282 2369 1314 2389 ac
1330 2361 1446 2388 formam
1463 2361 1593 2388 eumdem
1609 2360 1727 2387 demon-

935 2413 1034 2441 strare,
1048 2409 1137 2444 deque
1162 2407 1301 2435 communi
1328 2407 1485 2443 signiﬁcato
1506 2408 1590 2435 sumi.
1607 2408 1727 2435 Persona

936 2461 1002 2482 vero
1013 2459 1095 2489 atque
1104 2454 1260 2490 liypostasis
1272 2453 1305 2481 de
1319 2453 1434 2488 singulis
1447 2454 1558 2481 dicitur.
1573 2453 1623 2480 llic
1634 2458 1727 2481 tamen

936 2502 999 2529 aliis
1016 2501 1183 2529 testimoniis
1199 2506 1358 2528 sanctorum
1378 2501 1490 2528 Patrum
1508 2500 1581 2528 idem
1599 2500 1726 2528 stabilie-

935 2555 1008 2575 mus.
1016 2564 1050 2568 —
1058 2548 1119 2575 Haec
1135 2555 1200 2583 ergo
1209 2547 1329 2575 diximus
1338 2547 1518 2575 ostendentes
1529 2547 1724 2579 substantiam,

935 2598 1061 2621 naturam
1076 2593 1248 2628 formamque
1269 2593 1341 2620 idem
1365 2592 1532 2628 signiﬁcare.
1552 2592 1612 2619 Non
1632 2596 1725 2619 autem

937 2640 1010 2669 idem
1024 2648 1086 2668 esse
1099 2639 1281 2667 substantiam
1292 2644 1374 2674 atque
1389 2638 1656 2675 hypostasim,vclut
1671 2639 1725 2665 lue-

935 2686 1014 2713 retiel
1031 2691 1159 2714 errantes
1179 2686 1286 2718 dicunt,
1304 2694 1337 2713 ex
1358 2686 1416 2720 ipsa
1432 2686 1466 2713 de
1479 2689 1573 2713 sancta
1589 2684 1724 2712 Trinitatc

935 2732 1074 2768 theologia
1099 2732 1207 2760 discere
1222 2732 1296 2760 licet.
1312 2731 1381 2759 Cum
1400 2732 1474 2759 enim
1491 2732 1576 2758 Deum
1593 2731 1722 2762 dicimus.

933 2786 1016 2806 unam
1032 2779 1215 2806 substantiam
1235 2782 1336 2805 sancta:
1352 2777 1497 2805 Trinitatis
1515 2776 1721 2812 signiﬁcamus;

933 2823 995 2851 cum
1014 2832 1080 2852 vero
1097 2825 1216 2852 dicimus
1232 2825 1344 2852 Patrem
1372 2828 1398 2851 ct
1415 2824 1514 2851 Filium
1537 2826 1564 2850 et
1586 2821 1720 2857 Spiritum

932 2875 1069 2903 sanctum,
1084 2875 1149 2898 tunc
1166 2876 1221 2898 trcs
1233 2871 1394 2906 hypostascs
1406 2877 1454 2897 seu
1472 2873 1528 2896 tres
1543 2875 1676 2904 personas
1693 2867 1720 2895 it:

126 2942 164 2977 (5)
183 2942 313 2970 Notemus
328 2940 476 2969 hstiniani
495 2942 561 2977 imp.
577 2942 712 2977 scriptum
728 2942 801 2970 aliud
819 2941 908 2978 [cujus
924 2941 1106 2977 fragmentum
1119 2946 1206 2969 exstat
1223 2940 1314 2976 intra].
