1966 3089
267 157 336 191 1139

827 162 918 192 JUST
925 162 1048 193 [NIANI
1067 163 1330 195 IMPERATORIS

1832 166 1902 200 1150

263 227 322 247 una
341 223 440 247 natura
462 218 617 248 divinitatis
642 221 766 256 cognitas
791 221 982 257 proponimus.
1016 222 1049 250 lt:

1107 225 1156 251 καὶ
1173 225 1248 256 Υἰὸν,
1261 225 1310 251 καὶ
1324 225 1402 259 ἅγιον
1410 224 1534 260 Πνεῦμα,
1547 225 1607 251 τότε
1626 226 1675 257 τὰς
1691 227 1766 261 τρεῖς
1778 227 1899 255 ὑποστά-

262 263 337 291 enim
350 263 408 299 ipsa
426 272 477 292 nos
491 264 587 292 docuit
602 272 655 292 vox
670 265 764 293 divina
779 266 876 294 dicens
892 275 899 294 :
915 266 1055 294 Faciamus

262 310 395 337 hominem
402 310 825 346 adimaginemetsimilitudinem
835 314 985 340 nostram“.
999 313 1055 340 Vox

262 359 355 382 autem
367 356 498 391 faciamus
508 364 562 383 non
573 361 616 384 est
628 357 711 384 unius
723 365 849 392 persona:
859 358 1053 393 significativa,

259 403 337 438 juxta
350 402 462 431 Sabellii
483 402 636 437 insaniam;
650 404 795 439 pluraliter
805 404 879 431 enim
893 404 977 436 dicta,
992 413 1055 432 san-

261 453 314 476 cta:
331 448 476 476 Trinitatis
497 449 714 477 demonstrativa
727 454 781 478 est.
797 450 838 477 Ad
850 451 994 486 imaginem
1007 459 1052 478 au-

260 499 316 522 tem
330 499 460 528 nostram,
478 503 562 523 unam
577 496 762 523 substantiam
779 496 901 523 ostendit
912 497 1009 528 Patris,
1026 501 1055 524 et

260 540 335 575 Filii,
349 545 378 569 et
387 541 507 576 Spiritus
517 542 623 575 sancti;
640 542 776 570 nonenim
789 542 859 569 dixit
868 542 902 569 ad
913 543 1052 578 imagines,

259 595 296 615 ne
310 587 435 615 diversas
449 588 618 617 substantias
636 589 664 616 in
679 589 816 617 Trinitate
835 588 1051 624 suspicaremur,

257 634 336 669 juxta
359 634 419 661 Arii
441 635 597 668 insaniam;
615 635 663 663 sed
683 636 718 662 ad
739 636 894 671 imaginem.
915 639 945 662 ut
969 644 1053 663 unam

259 680 443 708 substantiam
453 686 538 717 atque
547 682 813 710 consubstantialem
822 682 982 710 ostenderet
991 690 1053 709 san-

258 730 333 755 ctam
348 727 524 755 Trinitatem.
540 728 680 756 Hominem
707 729 743 756 ad
766 722 909 764 imaginem
933 733 1052 756 nostram

259 774 424 802 rationalem
445 779 572 802 naturam
587 775 769 803 humanitatis
789 775 1053 810 signiﬁcavit,juxta

258 829 342 856 quam
353 821 443 856 imago
454 821 502 849 Dei
515 829 631 855 sumus;
645 829 701 849 non
715 822 789 850 enim
807 821 876 849 dixit
889 831 895 848 :
912 821 1052 849 Faciamus

258 868 339 899 hunc,
353 875 389 894 ne
404 875 522 902 persona
538 867 727 903 intelligatur;
745 868 794 896 sed
804 868 893 895 dixit:
910 867 1051 895 Faciamus

1108 279 1176 302 σεις,
1195 271 1278 306 ἦτουν
1300 271 1335 298 τὰ
1352 271 1417 307 τρία
1443 271 1578 306 πρόσωπα
1602 271 1635 298 τὰ
1653 273 1683 298 ἐν
1698 274 1731 308 τῇ
1750 273 1800 308 μιᾷ
1819 273 1901 307 φύσει

1105 317 1154 352 τῆς
1180 317 1307 352 θεότητος
1324 317 1516 353 γνωριζόμενα
1534 317 1726 354 παριστῶμεν.
1744 318 1823 345 οὕτω
1843 320 1901 355 γὰρ

1107 365 1182 399 ἡμᾶς
1201 363 1248 390 καὶ
1266 365 1283 400 ἡ
1299 363 1360 390 θεία
1374 364 1494 390 διδάσκει
1517 364 1593 399 φωνὴ
1616 365 1632 399 ἡ
1653 364 1772 398 λέγουσα
1784 386 1791 397 ,
1808 364 1902 399 Ποιή-

1105 416 1206 444 σωμεν
1221 409 1381 442 ἄνθρωπον
1397 409 1461 436 κατ’
1483 410 1586 436 εἰκόνα
1601 409 1750 444 ἡμετέραν
1763 411 1812 438 καί
1833 412 1902 439 καθ’

1105 454 1258 488 ὁμοίωσιν.
1279 454 1311 481 'll
1324 454 1352 481 δὲ
1363 455 1440 490 φωνὴ
1454 454 1502 482 τοῦ
1518 455 1693 489 ποιήσωμεν
1707 456 1756 491 οὺχ
1768 456 1827 487 ἑνός
1840 457 1902 483 ἐστι

1106 497 1255 534 προσώπου
1273 499 1440 534 σημαντικὴ,
1455 499 1527 526 κατὰ
1548 499 1597 535 τὴν
1619 500 1765 528 Σαδελλίου
1783 501 1899 536 μανίαν·

1105 544 1297 580 πληθυντικῶς
1313 545 1368 580 γὰρ
1383 545 1528 581 εἰρημένη.
1543 545 1592 580 τῆς
1607 546 1688 578 ἁγίας
1710 546 1827 582 Τριάδος
1839 547 1901 574 ἔστι

1103 591 1251 626 δηλωτικὴ.
1273 591 1328 618 Καὶ
1350 591 1380 618 τὸ
1397 591 1462 618 κατ’
1485 593 1588 618 εἰκόνα
1614 592 1642 618 δὲ
1667 591 1829 626 ἡμετέρὶιν,
1847 593 1900 628 τὴν

1105 637 1170 672 μίαν
1187 637 1281 664 οὐσίαν
1290 636 1365 672 δηλοῖ
1380 637 1495 672 Πατρὸς,
1509 637 1557 664 καὶ
1569 637 1645 670 Υἰοῦ,
1658 638 1705 664 καὶ
1721 638 1800 672 ἁγίου
1811 638 1900 664 Πνεῦ-

1105 690 1190 717 ματος
1202 690 1210 697 ·
1230 683 1261 709 οὺ
1277 682 1332 718 γὰρ
1352 680 1413 708 εἶπε
1433 704 1440 713 ,
1458 683 1522 709 κατ’
1535 683 1666 715 εἰκόνας,
1685 683 1728 709 ἵνα
1752 683 1789 718 μὴ
1804 683 1900 717 διαφό-

1105 737 1168 764 ρους
1195 728 1244 760 τὰς
1268 728 1362 760 οὐσίας
1385 728 1435 764 τῆς
1457 728 1573 764 Τριάδος
1594 729 1800 763 ὑπονοήσωμεν,
1826 728 1900 755 κατὰ

1102 775 1152 810 τὴν
1174 774 1280 810 ’Δρείου
1300 774 1410 809 μανίανσ
1427 774 1506 806 ἀλλὰ,
1533 774 1598 801 κατ’
1624 775 1739 807 εἰκόνα,
1763 775 1806 801 ἵνα
1829 775 1900 810 μίαν

1103 821 1197 848 οὐσίαν
1208 822 1257 848 καὶ
1273 821 1417 857 ὁμοούσιον
1432 821 1507 857 δείξῃ
1523 821 1572 856 τὴν
1591 821 1673 855 ἁγίαν
1690 821 1794 857 Τριάδα
1806 830 1814 837 ·
1828 822 1858 848 τδ
1869 822 1900 849 δὲ

1103 868 1202 900 εἰπεῖν,
1220 867 1284 894 κατ’
1302 867 1405 894 εἰκόνα
1419 866 1567 901 ἡμετέραν
1583 867 1637 894 τὸν
1660 867 1830 901 ἄνθρωπον,
1847 866 1900 902 τὴν

258 913 402 945 hominem,
416 917 446 940 ut
467 913 611 942 rationalis
623 918 722 941 natura
737 914 920 942 humanitatis
935 914 1049 942 demon-

1104 913 1202 948 νοερὰν
1215 913 1264 949 τῆς
1287 913 1500 948 ἀνθρωπότητος
1519 913 1601 948 φύσιν
1621 914 1745 950 ἐσήμανε
1763 934 1772 946 ,
1784 914 1848 941 καθ’
1863 914 1900 949 ἦν

257 962 405 986 straretur.
416 959 495 986 Tunc
506 963 597 987 autem
611 959 772 995 hypostases
782 967 939 994 proponere
951 959 1049 992 voluit,

1104 959 1189 995 ἐσμεν
1202 958 1285 986 εἰκὼν
1308 958 1355 985 τοῦ
1376 959 1461 986 Θεοῦ·
1487 959 1517 986 οὺ
1534 959 1588 995 γὰρ
1612 957 1674 986 εἰπε
1693 981 1700 993 ,
1717 959 1900 993 Ποιήσωμεν

258 1012 321 1032 cum
335 1005 489 1032 masculum
505 1009 533 1034 et
553 1005 696 1038 feminam,
709 1005 844 1033 Adamum
860 1010 888 1033 et
904 1005 989 1033 Evam
1004 1013 1049 1034 vo-

1104 1006 1200 1039 τόνὸε,
1221 1006 1267 1032 ἳνα
1292 1006 1329 1042 μὴ
1347 1006 1492 1041 πρόσωπον
1515 1005 1611 1041 νοηθῇ,
1628 1005 1686 1032 ἀλλ’
1702 1002 1789 1038 εἶπεν,
1807 1005 1899 1038 Ποιή-

257 1050 342 1083 cavit,
360 1051 435 1086 quod
446 1057 490 1079 est
507 1059 633 1086 personae
651 1061 699 1080 seu
717 1052 889 1089 bypostases.

1103 1059 1204 1086 σωμεν
1218 1050 1385 1085 ἄνθρωπον,
1404 1051 1447 1078 ἴνα
1472 1052 1489 1086 ἡ
1511 1052 1593 1087 νοερὰ
1618 1051 1669 1086 τῆς
1684 1051 1899 1087 ἀνθρωπότητος

258 1095 340 1130 φύσις
355 1096 482 1133 δηλωθῇ·
501 1097 547 1124 ὅτε
570 1098 597 1124 δὲ
614 1098 662 1129 τὰς
684 1086 850 1130 ὑποστάσεις
873 1086 1048 1133 παραστῆσαι
1061 1097 1219 1133 ἠϐουλήθη,
1237 1097 1299 1124 τότε
1331 1097 1363 1123 τὸ
1384 1097 1468 1133 ἄρρεν
1500 1097 1548 1124 καὶ
1560 1086 1640 1132 θῆλυ,
1659 1086 1746 1133 Ἀδὰμ
1761 1099 1809 1125 καὶ
1823 1096 1898 1125 Εὔαν

257 1144 402 1176 ἐκάλεσεν,
417 1145 485 1181 ὅπερ
502 1145 560 1172 ἐστὶ
576 1145 712 1180 πρόσωπα
732 1146 814 1182 ἧτουν
834 1146 1008 1177 ὑποστάσεις.

292 1191 360 1225 Quis
377 1199 444 1220 vero
458 1200 513 1220 non
535 1193 651 1221 miretur
676 1193 872 1221 hereticorum
891 1193 1049 1220 absurdita-

257 1243 313 1266 tem
331 1239 462 1267 unionem
476 1240 672 1272 asserentium,
686 1239 804 1275 ideoque
815 1240 1006 1268 diversitatem
1020 1240 1048 1267 in

257 1285 369 1312 Christo
383 1286 768 1318 naturarum‘conﬁtentium,
784 1294 816 1313 ac
838 1293 984 1313 numerum
1000 1286 1048 1320 qui

257 1331 439 1367 consequitur
454 1340 496 1359 ex
515 1332 675 1360 diversitate
697 1332 839 1360 unitorum
852 1331 1048 1360 diﬂitentium?

257 1377 407 1406 Evidenter
425 1378 452 1405 in
464 1378 517 1405 hoc
525 1378 832 1413 aegrotantApollinarii
849 1378 954 1406 insania
967 1387 974 1411 ;
989 1378 1048 1405 hac

256 1424 331 1451 enim
343 1424 411 1452 dicit
421 1424 448 1451 in
461 1424 614 1452 ratiociniis
623 1432 686 1460 qua:
696 1425 755 1460 ipse
768 1425 877 1460 scripsit
891 1434 897 1452 :
912 1424 1047 1452 «Diversa:

257 1470 442 1505 proprietates
465 1471 492 1498 in
509 1478 595 1498 unum
608 1472 762 1507 conjunctae
778 1471 901 1499 medium
919 1472 998 1503 ﬁunt,
1015 1476 1044 1499 ut

1137 1189 1181 1225 lP.
1200 1188 1277 1224 256.]
1287 1189 1334 1220 Τίς
1345 1189 1374 1215 δὲ
1392 1189 1442 1216 οὐκ
1454 1189 1487 1216 ἂν
1506 1189 1673 1225 θαυμάσειεν
1690 1190 1740 1225 τὴν
1751 1190 1806 1216 τῶν
1818 1192 1899 1227 αἰρε-

1102 1235 1187 1262 τικῶν
1198 1235 1329 1269 ἀλογίαν;
1351 1235 1412 1261 Ὀτι
1429 1235 1528 1262 ἕνωσιν
1542 1235 1678 1270 λέγοντες,
1700 1236 1747 1262 καὶ
1769 1236 1818 1271 τὴν
1837 1237 1899 1264 δια-

1103 1281 1190 1316 φορὰν
1203 1281 1257 1308 τῶν
1269 1282 1298 1307 ἐν
1309 1281 1419 1317 Χριστῷ
1433 1280 1541 1316 φύσεων
1554 1282 1628 1309 ἐστιν
1636 1282 1680 1308 ὅτε
1690 1281 1899 1316 ὁμολογοῦντες,

1105 1327 1254 1363 ἀρνοῦνται
1270 1327 1315 1354 τὸν
1332 1328 1364 1354 ὲκ
1379 1327 1430 1363 τῆς
1445 1318 1579 1363 διαφορᾶς
1592 1328 1647 1354 τῶν
1667 1327 1817 1363 ήνωμένων
1829 1337 1899 1365 πρα-

1101 1374 1215 1409 γμάτων
1232 1374 1411 1409 εἰσαγόμενον
1425 1374 1560 1410 ἁριθμόν;
1577 1374 1675 1409 Σαφῶς
1696 1375 1744 1401 καὶ
1760 1375 1790 1401 ἐν
1809 1375 1900 1410 τούτῳ

1100 1420 1151 1457 τὴν
1177 1420 1368 1456 Ἀπολιναρίου
1394 1420 1536 1452 νοσοῦντες
1564 1420 1683 1456 μανίαν·
1705 1421 1780 1455 λέγει
1803 1421 1860 1457 γὰρ
1882 1423 1899 1448 ὁ

1099 1465 1180 1498 αὐτὸς
1203 1466 1395 1502 Ἀπολινάριος
1416 1467 1446 1493 ὲν
1467 1468 1524 1498 τοῖς
1537 1468 1686 1502 γραφεῖσιν
1704 1467 1777 1503 αὺτῷ
1799 1468 1898 1495 συλλο-

258 1516 286 1543 iu
301 1515 377 1543 mulo
397 1516 467 1543 asini
481 1520 510 1544 et
525 1516 601 1552 equi,
619 1517 647 1544 in
665 1517 784 1545 caeruleo
803 1517 896 1545 colore
910 1517 1047 1545 albedinis

1104 1514 1208 1548 γισμοῖς
1227 1512 1291 1540 τάδε
1302 1521 1309 1528 ·
1333 1521 1342 1538 ι
1359 1512 1518 1549 Μεσότητες
1540 1512 1662 1547 γίνονται
1681 1513 1820 1549 ἰδιοτήτων
1837 1514 1898 1541 δια-

257 1566 287 1589 ct
299 1562 489 1598 nigritudinis,
499 1567 581 1598 atque
593 1563 620 1590 in
631 1571 717 1591 verno
726 1568 849 1599 tempore
861 1563 961 1591 hiemis
969 1567 1048 1591 aesta-

258 1607 349 1642 tisque
371 1607 527 1642 proprietas
548 1607 668 1635 videtur.
683 1608 795 1636 Nullum
813 1612 905 1636 autem
926 1608 1048 1636 medium

259 1655 404 1687 utramque
421 1653 583 1688 qualitatem
605 1652 688 1680 habet
702 1661 735 1681 cx
747 1654 822 1681 omni
835 1660 923 1690 parte,
940 1654 988 1682 sed
1005 1654 1049 1682 di-

259 1697 346 1725 midia
367 1703 446 1733 parte
469 1691 658 1726 commixtam.
672 1698 792 1727 Medium
813 1707 880 1727 vero
897 1700 946 1727 Dei
960 1704 988 1727 et
1001 1699 1051 1727 ho-

258 1743 364 1770 minum
389 1743 416 1770 in
430 1743 553 1776 Christo,
571 1752 623 1772 nec
640 1744 724 1779 igitur
741 1749 784 1773 est
798 1749 872 1773 totus
883 1745 975 1777 homo,
998 1752 1051 1772 nec

258 1788 342 1819 Deus.
360 1788 408 1815 sed
422 1788 471 1816 Dei
486 1793 514 1816 et
528 1789 650 1817 hominis
664 1790 794 1817 mixtura.
806 1800 815 1816 ι
835 1790 940 1818 Deinde
954 1798 1051 1818 rursus

259 1833 287 1860 in
305 1837 422 1861 tractatu
448 1834 493 1861 cui
523 1834 621 1862 titulus
647 1835 718 1862 Deus
740 1836 896 1862 incarnatus
919 1834 1049 1866 Christus,

258 1880 475 1916 interrogatione
483 1881 718 1916 responsioneque
727 1881 865 1916 dialogum
874 1889 968 1916 agens,
976 1886 1052 1915 post-

258 1934 341 1962 quam
364 1927 550 1962 interrogatus
571 1927 628 1955 sit:
648 1936 658 1953 ι
675 1926 747 1960 Quid
763 1927 850 1963 ergo?
870 1934 962 1954 nonne
976 1927 1051 1954 Deus
1072 1919 1077 1923 ’

257 1976 288 1999 et
299 1972 381 1999 homo
393 1976 435 2000 est
445 1971 594 2000 Christus?
609 1973 655 2000 Vel
678 1978 743 2000 tune
759 1972 829 2000 dicis
837 1972 978 2000 Christum
990 1980 1051 2000 esse

258 2018 364 2052 Deum,
394 2018 483 2053 ipsum
507 2027 568 2046 esse
593 2019 733 2047 hominem
759 2019 899 2054 negans?»
933 2018 985 2046 hoc
1007 2019 1049 2046 di-

259 2065 317 2092 cit:
337 2075 346 2090 ι
363 2065 422 2093 Νοη
451 2066 479 2093 ἰιι
510 2066 619 2093 duabus
645 2065 819 2098 substantiis,
833 2065 881 2093 sed
905 2065 933 2093 in
962 2073 1048 2093 unaa

259 2110 323 2138 Haec
335 2119 400 2139 vero
415 2112 561 2139 retulimus
575 2118 602 2139 ut
617 2112 799 2146 ostendamus
814 2111 980 2147 Acephalos,
1000 2112 1052 2139 im-

259 2157 313 2193 piis
327 2158 490 2193 Apollinarii
511 2158 687 2193 dogmatibus
714 2158 916 2193 obsequentes,
948 2167 1003 2186 non
1022 2159 1049 2186 in

260 2204 369 2232 duabus
389 2205 496 2232 naturis
519 2213 580 2232 esse
599 2204 739 2233 Christum
764 2209 846 2240 atque
862 2206 984 2240 agnosci,
1001 2205 1050 2232 sed

260 2249 288 2276 in
298 2257 352 2276 una
361 2249 488 2277 conﬁteri
501 2259 508 2282 ;
524 2249 576 2278 etsi
592 2249 678 2277 sancti
691 2250 785 2277 Patres
794 2249 881 2277 nostri
895 2250 930 2278 de
948 2251 1050 2278 unione

261 2293 395 2321 iuetl‘abili
408 2293 559 2322 divinitatis
574 2299 657 2329 atque
669 2293 849 2322 humanitatis
865 2295 980 2328 Christi,
993 2303 1048 2322 non

261 2349 344 2369 unam
363 2345 489 2369 naturam
510 2341 619 2369 tradant
630 2362 636 2373 ,
661 2341 709 2370 sed
726 2350 872 2370 numerum
888 2346 1048 2370 naturarum

261 2387 400 2415 unitarum
417 2387 543 2416 conﬁteri
558 2396 608 2416 nos
624 2388 752 2416 doceant.

1099 1558 1192 1595 φόρων
1216 1559 1258 1590 εἰς
1285 1558 1316 1586 ιν
1336 1558 1535 1591 συνελθουσῶν,
1555 1559 1594 1591 ὡς
1615 1559 1644 1586 ἐν
1669 1559 1774 1594 ἡμιόνῳ
1794 1559 1898 1595 ἰδιότης

1099 1604 1161 1632 δνου
1175 1606 1223 1632 καὶ
1233 1604 1332 1639 ἵππου,
1347 1604 1395 1631 καὶ
1412 1605 1442 1631 ἐν
1453 1602 1564 1640 γλαυκῷ
1577 1605 1703 1641 χρώματι
1721 1605 1821 1640 ἰδιότης
1833 1605 1898 1633 λευ-

1101 1650 1151 1678 κοῦ
1169 1651 1216 1677 καὶ
1233 1650 1360 1686 μέλανος,
1378 1651 1428 1677 καὶ
1445 1651 1474 1677 ὲν
1493 1651 1555 1686 ἀέρι
1577 1651 1711 1686 χειμῶνος
1734 1652 1782 1678 καὶ
1797 1651 1898 1687 θέρους

1103 1698 1201 1733 ἰδιότης
1221 1697 1272 1733 ἔαρ
1288 1697 1477 1733 ἐργαζομένη·
1495 1697 1610 1733 οὐδεμία
1632 1697 1661 1724 δὲ
1685 1697 1805 1733 μεσότης
1827 1698 1897 1725 ἑκα-

1100 1742 1184 1778 τέρας
1198 1743 1255 1778 ἔχει
1268 1742 1318 1775 τὰς
1334 1743 1490 1779 ἀκρότητας
1506 1743 1537 1775 ἒξ
1551 1742 1711 1778 ὁλοκλήρου,
1729 1743 1799 1770 ἀλλὰ
1815 1753 1898 1780 μερι-

1102 1789 1159 1821 κῶς
1175 1789 1410 1824 ὲπιμεμιγμένας.
1428 1788 1554 1824 Μεσότης
1571 1789 1599 1815 δὲ
1621 1789 1689 1817 Θεου
1717 1790 1765 1816 καὶ
1788 1789 1897 1825 ἀνθρὼ-

1102 1844 1161 1862 πων
1177 1835 1208 1862 ὲν
1229 1835 1349 1871 Χριστῷ,
1364 1836 1415 1862 οὐκ
1428 1835 1483 1871 ἄρα
1501 1834 1562 1861 οὔτε
1579 1835 1724 1870 ἄνθρωπος
1739 1835 1811 1867 ὅλος,
1833 1835 1897 1862 οὔτε

1101 1883 1178 1916 Θεὸς,
1193 1883 1262 1910 ἀλλὰ
1275 1883 1344 1910 Θεοῦ
1360 1884 1408 1910 καὶ
1428 1882 1572 1919 ἀνθρώπου
1596 1883 1680 1918 μίξις.
1699 1893 1708 1909 ι
1728 1881 1795 1910 Εἶτα
1813 1884 1898 1911 πάλιν

1101 1929 1130 1955 ὲν
1145 1928 1183 1964 τῷ
1198 1929 1271 1965 λόγῳ
1288 1929 1371 1957 αὑτοῦ
1386 1929 1425 1965 τῷ
1442 1929 1678 1965 ἐπιγεγραμμένῳ
1699 1930 1739 1955 ὅτι
1755 1929 1832 1962 Θεὸς
1846 1929 1896 1956 ἐν·

1101 1983 1215 2009 σαρκος
1231 1977 1248 2003 ὁ
1267 1976 1404 2010 Χριστὸς,
1426 1976 1496 2002 κατὰ
1511 1975 1608 2002 πεῦσιν
1624 1975 1671 2002 καὶ
1685 1975 1837 2010 ἀπόκρισιν
1853 1976 1897 2002 τὸν

1100 2020 1223 2056 διάλογον
1241 2021 1415 2056 ποιούμενος,
1439 2020 1648 2056 ἐπερωτηθείς⁸
1669 2030 1679 2046 ι
1700 2018 1811 2054 Τὶοὗν;
1837 2021 1897 2056 auxi

1102 2068 1149 2094 καὶ
1160 2067 1226 2098 Θεὸς
1243 2067 1293 2094 καὶ
1309 2067 1452 2103 ἄνθρωπός
1470 2067 1545 2093 ὲστιν
1563 2067 1577 2093 ό
1591 2067 1710 2102 Χριστὸς
1722 2087 1730 2099 ,
1745 2066 1762 2101 ἢ
1776 2067 1846 2093 Θεὸν
1864 2068 1896 2094 σὺ

1101 2112 1193 2147 λέγεις
1209 2113 1254 2140 τὸν
1267 2113 1397 2149 Χριστὸν,
1410 2113 1577 2148 ἀρνούμενος
1590 2113 1671 2139 αὑτὸν
1685 2113 1732 2139 καὶ
1747 2113 1897 2148 ἄνθρωπον

1103 2156 1189 2192 sivest;
1206 2167 1215 2184 ι
1233 2159 1309 2193 λέγει
1335 2158 1398 2185 τάδε
1416 2166 1423 2174 ⁸
1444 2167 1454 2184 ‹
1472 2158 1530 2185 Οὐκ
1552 2158 1582 2184 ἑν
1594 2158 1641 2184 δύο
1656 2158 1771 2190 οὺσίαις,
1790 2158 1852 2184 ἀλλ’
1869 2159 1897 2185 ὲν

1104 2205 1165 2240 μιᾷ.
1181 2214 1190 2230 ι
1208 2204 1302 2232 Ταῦτα
1318 2204 1346 2231 δὲ
1360 2204 1564 2240 παρηγάγομεν
1578 2203 1622 2230 ἴνα
1635 2203 1769 2238 δείξωμεν
1784 2203 1828 2230 ὅτι
1841 2204 1897 2234 τοῖς

1106 2251 1296 2286 ’Δπολιναρίου
1321 2251 1449 2285 πονηροῖς
1482 2249 1696 2281 ἀκολουθοῦντες
1721 2248 1858 2283 δόγμασιν
1873 2249 1897 2276 οἰ

1106 2297 1261 2331 Ἀκέφαλοι,
1272 2297 1322 2332 οὐχ
1337 2295 1516 2332 ὁμολογοῦσιν
1533 2297 1562 2322 ὲν
1577 2295 1624 2322 δύο
1643 2294 1749 2326 οὐσίαις
1762 2293 1836 2321 εἶναι
1852 2295 1897 2321 καὶ

1099 2343 1281 2378 γνωρίζεσθαι
1295 2343 1341 2370 τὸν
1362 2342 1492 2378 Χριστὸν,
1513 2342 1571 2369 ἀλλ’
1586 2342 1616 2368 ὲν
1640 2342 1707 2376 μιᾷ·
1732 2340 1824 2368 καίτοι
1843 2340 1897 2367 τῶν

1099 2389 1184 2423 ἁγίων
1208 2389 1286 2424 ἡμῶν
1311 2388 1441 2424 Πατέρων
1467 2387 1514 2415 ἐπὶ
1539 2387 1590 2422 τῆς
1607 2387 1749 2422 ἀφράστου
1768 2386 1894 2418 ἑνώσεως

261 2435 310 2469 τῆς
329 2434 455 2470 θεότητος
479 2434 527 2462 καὶ
545 2434 594 2470 τῆς
619 2434 830 2470 ἀνθρωπότητος
851 2435 897 2461 τοῦ
915 2434 1044 2469 Χριστοῦ,
1065 2435 1096 2462 οὐ
1116 2435 1181 2470 μίαν
1197 2434 1279 2469 φύσιν
1311 2434 1526 2469 παραδιδόντων,
1542 2433 1612 2460 ἀλλὰ
1644 2432 1690 2460 τὸν
1702 2432 1824 2468 ἀριθμὸν
1841 2431 1896 2458 τῶν

262 2480 415 2508 ἑνωθεισῶν
430 2480 538 2514 φύσεων
557 2481 699 2516 ὁμολογεῖν
716 2481 788 2516 ἡμᾶς
805 2480 996 2508 διδασκόντων.

297 2527 417 2554 Evidens
426 2534 492 2563 ergo
502 2532 627 2554 remanet
649 2527 794 2555 haereticos
816 2535 962 2554 numerum
983 2535 1050 2555 con-

260 2575 419 2610 junctorum
434 2581 544 2609 negare,
562 2573 693 2601 unionem
705 2574 791 2608 ipsam
805 2580 941 2605 evertere,
951 2573 1051 2601 Deum-

262 2628 316 2655 que
329 2624 356 2647 et
371 2620 511 2647 hominem
525 2620 559 2647 ad
577 2620 754 2655 decipiendos
770 2621 954 2656 simpliciores
969 2619 1050 2648 Chri-

262 2670 335 2693 stum
349 2664 440 2692 dicere
451 2674 458 2697 ;
468 2666 490 2692 si
499 2665 572 2692 enim
582 2674 646 2693 vere
654 2666 780 2693 dicerent
788 2667 874 2695 Deum
883 2666 1047 2701 perfectum,

261 2711 470 2747 pertectumque
481 2711 619 2738 hominem
628 2720 688 2740 esse
694 2712 845 2745 Christum,
856 2712 969 2740 evidens
977 2717 1049 2740 esset

264 2757 333 2785 duas
348 2763 459 2792 quoque
471 2760 582 2784 naturas
597 2758 696 2785 salvari
708 2759 737 2786 in
749 2759 818 2794 ipso,
833 2759 894 2785 illos
909 2758 1052 2786 confessu-

263 2812 310 2833 ros
330 2811 401 2832 esse.
418 2803 478 2830 Non
494 2802 658 2830 conﬁtcntes
670 2808 761 2832 autem
774 2812 918 2831 numerum
934 2804 1049 2838 conjun-

300 2883 311 2897 υ
324 2883 392 2912 Gen.
407 2893 427 2919 ι,
442 2885 484 2913 26.

1141 2527 1190 2563 [P.
1205 2526 1285 2562 257.]
1313 2525 1393 2561 Δῆλοι
1406 2523 1453 2552 οὖν
1469 2525 1634 2552 καθεστᾶσιν
1648 2524 1673 2550 οἱ
1688 2523 1840 2559 αἰρετικοὶ,
1852 2524 1898 2549 σὺν

1104 2573 1221 2609 ἀριθμὸν
1235 2573 1290 2599 τῶν
1304 2572 1484 2599 συνελθόντων
1497 2571 1668 2606 πραγμάτων
1681 2569 1896 2604 ἀπαρνούμενοι.

1104 2620 1152 2647 καὶ
1167 2619 1252 2655 αὐτὴν
1267 2619 1316 2654 τὴν
1331 2619 1428 2645 ἕνωσιν
1444 2617 1631 2653 ἀναιροῦντες,
1648 2616 1694 2643 καὶ
1709 2615 1777 2642 Θεὸν
1792 2616 1841 2643 καὶ
1854 2616 1898 2643 ἄν·

1106 2665 1214 2701 θρωπον
1231 2665 1277 2692 τὸν
1303 2664 1420 2700 Χριστὸν
1454 2664 1521 2699 πρὸς
1549 2663 1659 2698 ἀπάτην
1686 2663 1815 2696 λέγοντες
1846 2662 1898 2688 τῶν

1107 2711 1300 2746 ἁπλουστέρων
1312 2718 1318 2725 ’
1329 2711 1353 2737 εἰ
1368 2711 1422 2746 γὰρ
1437 2710 1508 2737 κατὰ
1521 2710 1651 2745 ἀλήθειαν
1667 2709 1763 2742 ἔλεγον
1775 2709 1846 2735 Θεὸν
1857 2708 1900 2734 τέ-

1104 2757 1175 2784 λειον
1204 2759 1251 2784 καὶ
1276 2757 1419 2792 ἄνθρωπον
1443 2757 1546 2783 τέλειον
1576 2756 1622 2782 τὸν
1645 2755 1783 2790 Χριστὸν,
1818 2754 1894 2788 δῆλοι

1105 2803 1144 2830 ὃτι
1159 2804 1204 2830 καὶ
1220 2804 1268 2834 τὰς
1285 2803 1330 2829 δύο
1342 2804 1434 2834 cisia;
1449 2804 1477 2829 ἐν
1487 2803 1561 2837 αὐτῷ
1574 2801 1708 2833 σώζεσθαι
1720 2800 1889 2836 ὡμολόγουν·
