1966 3089
149 167 214 201 1M!

592 167 814 198 TRACTATUS
833 165 983 198 CONTRA
1004 166 1306 198 MONOPHYSITAS.

1709 166 1784 201 ιιιτ

147 225 186 263 μὴ
209 224 406 260 ὁμολογοῦντες
431 225 460 251 δὲ
486 224 532 251 τδν
558 225 675 261 ἀριθμὸν
701 216 759 252 τῶν
780 223 937 250 ἑνωθέντων

993 229 1105 257 ctorum,
1119 225 1188 253 nihil
1200 224 1353 260 perfectum
1366 232 1425 252 esse
1442 225 1469 252 in
1481 225 1591 254 Christo
1605 225 1698 254 dicere
1713 234 1779 255 con-

147 273 329 309 πραγμὰτων,
346 271 501 298 δείκνυνται
517 271 601 307 μηδὲν
613 271 719 298 τέλειον
732 272 761 297 ἑν
772 270 885 306 Χριστῷ
897 270 936 297 λέ-

146 327 240 354 γοντες
253 326 259 333 ·
291 318 371 345 τοῦτο
392 318 447 353 γὰρ
475 318 523 345 καὶ
547 319 561 344 ὁ
580 317 742 349 διδάσκαλος
763 317 815 352 τῆς
832 317 937 352 πλάνης

146 365 238 393 αὐτῶν
255 365 456 401 Ἀπολινάριος,
473 366 502 392 ἑν
517 365 556 400 τῷ
571 365 641 400 Περὶ
656 364 712 400 τῆς
724 364 806 397 θείας
820 363 938 398 σαρκώ-

146 419 226 445 σεως
247 411 321 447 λόγῳ
341 411 444 447 γράφει
459 411 564 446 λέγων’
596 421 606 436 ‹
624 411 680 438 Καὶ
692 410 747 446 γὰρ
765 411 789 441 εί
803 409 939 449 ἀνθρώπῳ

146 458 245 492 τελείῳ
268 457 393 493 συνήφθη
418 457 485 489 Θεὸς
500 457 618 490 τέλειος,
641 456 688 483 δύο
705 456 738 483 ἃν
752 453 839 491 ἦσαν·
865 455 896 481 τὸ
910 454 940 481 δὲ

146 504 242 536 ἀτελὲς
264 504 319 540 ἄρα
338 503 377 540 τῷ
393 503 490 539 τελείῳ
508 503 719 538 συντιθέμενον,
748 502 798 529 οὐκ
820 503 849 528 ὲν
864 500 940 528 δυάδι

147 551 302 587 θεωρεῖται.
315 559 324 576 ι
337 564 373 571 —-
390 549 432 587 [P.
448 549 513 586 259]
548 549 597 576 Ἐκ
610 549 666 576 τῶν
679 548 835 584 εἰρημένων
850 547 940 574 τοίνυν

148 598 234 633 σαφὲς
250 598 437 633 καθέστηκεν,
464 598 505 625 ὅτι
522 597 590 624 ὅπου
605 596 703 628 ἑνωσις
717 595 855 630 διαφόρων
869 595 940 621 νοεῖ-

147 653 193 672 ται
215 644 390 680 πραγμάτων
404 665 412 676 ,
439 645 499 671 ἐκεῖ
520 643 630 676 πάντως
654 643 700 670 καὶ
721 642 735 669 ὁ
753 641 871 678 ἀριθμὸς
887 641 941 667 τῶν

147 690 304 718 ἑνωθέντων
320 691 501 727 γνωρίζεται·
520 690 578 718 ἀλλ’
589 691 613 717 οί
626 690 676 725 τῆς
689 688 820 724 ἀληθείας
835 686 939 722 ἐχθροὶ,

147 737 192 763 ἀεὶ
207 737 239 772 τῇ
256 737 361 763 ἑαυτῶν
373 736 519 772 δυσσεϐείᾳ
532 734 762 772 προεπινοοῦντες
773 734 807 761 τὰ
819 733 940 770 χείρονα,

989 271 1156 305 vincuntur;
1177 271 1230 299 hoc
1244 272 1318 299 enim
1336 273 1468 307 magister
1481 273 1540 308 ipse
1563 274 1667 301 erroris
1681 282 1779 302 eorum

990 317 1184 352 Apollinarius,
1196 317 1224 345 in
1238 322 1355 346 tractatu
1369 318 1406 346 De
1416 319 1506 346 divina
1518 320 1702 348 incarnatione
1712 321 1781 349 scri-
1814 318 1817 321 ’

990 364 1031 391 bit
1045 363 1140 391 dicens
1154 372 1161 390 :
1181 373 1190 388 ι
1209 364 1309 399 Reipsa
1324 364 1347 392 si
1369 373 1431 393 cum
1446 365 1559 393 homine
1569 366 1692 401 perfecto
1707 367 1781 395 Deus

991 407 1133 445 perfectus
1158 411 1323 446 conjunctus
1341 411 1442 444 fuerit,
1459 412 1514 440 duo
1528 418 1626 446 crunt;
1648 413 1780 448 imperfe-

992 460 1067 483 ctum
1084 464 1150 484 vero
1168 464 1231 484 cum
1247 457 1369 492 perfecto
1389 459 1567 494 conjunctum
1581 479 1587 490 ,
1610 459 1711 494 duplex
1725 467 1779 487 non

992 501 1127 529 videtur.)
1138 502 1211 530 —Ex
1224 503 1306 530 dictis
1318 503 1552 539 igiturevidenter
1562 510 1648 540 patet,
1656 505 1704 532 ubi
1714 505 1780 533 unio

993 547 1165 576 diversorum
1185 549 1357 585 intelligitur,
1380 550 1419 577 ibi
1438 558 1547 586 quoque
1572 551 1709 587 integrum
1726 560 1781 579 nu—

990 604 1096 623 merum
1109 597 1322 632 conjunetorum
1335 598 1459 633 agnosci.
1472 598 1524 626 Sed
1538 598 1663 627 veritatis
1675 600 1780 632 hostes,

988 650 1100 677 semper
1115 643 1250 678 impietati
1262 651 1318 671 sua:
1336 645 1429 679 pejora
1442 644 1611 679 adjicientes.
1624 653 1680 672 non
1691 645 1781 673 solum

989 686 1017 713 in
1029 687 1212 714 oeconomiam
1226 687 1309 715 unius
1324 693 1426 716 sanctze
1434 689 1581 717 Trinitatis
1591 695 1716 725 peccant,
1732 691 1781 719 sed

989 732 1073 760 etiam
1088 733 1354 762 consubstantialem
1369 735 1533 763 Trinitatem
1552 736 1755 771 blasphemant‘.

147 783 177 809 οὐ
200 771 280 817 μόνον
307 782 374 818 περὶ
395 782 445 818 τὴν
465 771 623 816 οἰκονομίαν
645 781 693 808 τοῦ
710 780 769 812 ἑνὸς
789 779 839 815 τῆς
855 777 936 812 ἁγίοις
950 777 1066 812 Τριάδος
1085 771 1309 815 ἁμαρτάνουσιν,
1335 779 1403 807 ἀλλὰ
1423 781 1472 807 καὶ
1503 783 1567 817 περὶ
1583 783 1665 818 αὐτὴν
1699 783 1781 818 βλασ-

147 828 285 865 φημοῦσιν
301 828 350 864 τὴν
364 828 506 864 ὁμοούσιον
520 827 636 864 Τριάδα.

183 876 239 902 Καὶ
264 874 344 902 τοῦτο
368 874 422 911 γὰρ
447 875 539 910 λέγειν
569 874 690 910 Σευῆρος
717 873 869 909 ἐτόλμησεν
896 872 938 898 ὅτι

1028 869 1136 896 Etenim
1151 869 1270 898 Severus
1285 879 1368 899 ausus
1386 878 1428 901 est
1443 874 1526 902 etiam
1544 875 1637 904 dicere
1647 877 1780 913 hymnum

147 923 161 948 ὀ
176 921 325 957 Τρισὰγιος
342 908 427 956 ’ὕμνος
452 908 492 953 είς
515 921 596 956 μόνον
616 908 787 955 ἀναφέρεται
802 920 847 946 τὸν
861 918 938 950 Υίδν,

993 914 1144 950 Trisagium
1167 917 1215 944 uni
1229 917 1299 945 Filio
1315 918 1470 952 decantari,
1487 929 1539 948 nec
1556 922 1636 950 Patre
1651 908 1702 952 nec
1721 925 1782 961 Spi-

150 967 188 1002 μὴ
212 967 403 994 κοινωσὰντων
426 968 460 1002 τῇ
478 966 620 1001 δοξολογίᾳ.
637 966 684 993 τοῦ
700 965 808 1000 Πατρὺς
827 964 876 992 καὶ
890 963 938 991 τοῦ

149 1012 230 1045 ἁγίου
252 1012 424 1048 Πνεύματος.
455 1012 542 1039 Τοῦτο
563 1013 591 1039 δὲ
614 1013 690 1040 οὐδὲν
705 1011 799 1047 ἕτερόν
814 1012 903 1043 ἔστιν,
922 1010 938 1045 ἢ

149 1058 221 1085 κατὰ
233 1059 284 1094 τὴν
297 1059 405 1095 Ἀρείου
421 1059 520 1094 μανίαν
535 1058 663 1095 χωρίζειν
676 1058 722 1085 τὸν
733 1058 798 1085 Υίδν
809 1057 860 1093 τῆς
870 1056 941 1083 οὐσί-

149 1114 182 1136 ας
198 1103 245 1131 τοῦ
260 1105 367 1140 Πατρδς
381 1106 429 1132 καὶ
444 1105 524 1140 ἁγίου
539 1104 700 1140 Πνεύματος
712 1124 719 1136 ,
747 1104 795 1131 καὶ
816 1102 939 1138 ἑτεροού-

151 1159 209 1177 σιον
224 1150 306 1177 αὐτὸν
322 1151 444 1186 είσὰγειν
455 1160 461 1167 ·
488 1151 504 1188 ἦ
523 1151 548 1178 εἰ
563 1152 600 1187 μὴ
615 1150 705 1181 τοῦτο,
724 1150 791 1177 ἀλλὰ
806 1149 879 1176 κατὰ
891 1148 941 1184 τὴν

150 1197 300 1232 Νεστορίου
325 1197 502 1233 βλασφημίαν
531 1197 569 1234 μὴ
593 1197 734 1232 ὁμολογεῖν
757 1197 803 1224 τὶν
822 1195 941 1230 Χριστὸν

150 1241 218 1268 Θεὸν
234 1240 303 1268 εἶναι
321 1242 368 1268 καλ¹
381 1242 429 1269 ἕνα
443 1242 493 1278 τῆς
507 1242 588 1276 ἁγίας
601 1242 717 1278 Τριάδος
729 1250 735 1257 ·
759 1241 828 1268 ἁλλὰ
844 1240 942 1275 τετάρ-

151 1295 190 1322 τῳ
204 1287 256 1313 τινὶ
269 1286 408 1323 προσώπῳ
423 1287 494 1314 κατὰ
506 1288 556 1323 τὴν
570 1287 683 1313 ἐκείνων
696 1287 790 1314 ἄνοιαν
803 1285 848 1313 τὸν
857 1285 943 1312 τοιοῦ-

150 1341 196 1359 τον
223 1333 398 1368 ἀναπέμπειν
424 1332 530 1369 ὕμνον·
565 1334 611 1360 καὶ
641 1329 662 1367 ᾧ
691 1333 833 1368 νομίζουσι
857 1329 942 1367 τιιὶᾷν

150 1378 196 1404 τὸν
211 1378 276 1404 Υίδν
286 1399 294 1409 ,
320 1379 465 1413 ἀγνοοῦσιν
481 1379 564 1406 αὑτὸν
585 1379 765 1414 ἀτιμάζοντες
777 1399 784 1412 ,
806 1378 844 1413 τῷ
859 1377 943 1414 χωρί-

151 1423 209 1455 ζειν
226 1424 307 1451 αὑτδν
329 1423 376 1451 τοῦ
399 1425 671 1461 συμπροσκυνεῖσθαι
685 1424 725 1460 τῷ
742 1425 828 1460 Πατρὶ
843 1425 890 1451 καὶ
903 1423 942 1459 τῷ

151 1470 221 1506 ἁγίῳ
243 1470 395 1505 ῐῐνεύματι.
423 1471 518 1497 Ταῦτα
541 1472 569 1498 δὲ
594 1471 737 1504 λέγοντες,
756 1470 817 1497 οὔτε
835 1471 943 1502 ἑαυτοῖς

151 1515 217 1550 γοῦν
239 1516 399 1543 ἀκολουθεῖν
418 1517 571 1549 ἐγνώκασιν
582 1526 588 1532 ·
607 1516 698 1552 τρίτον
713 1517 778 1551 γὰρ,
793 1516 941 1550 λεγομένου

151 1561 198 1588 τοῦ
214 1561 311 1597 ὕμνου,
329 1561 470 1597 ἑπάγομεν
484 1562 578 1594 εὐθύς·
600 1562 678 1594 Δόξα
690 1562 791 1596 Πατρί,
808 1562 857 1589 καὶ
875 1561 940 1594 Υἱῷ,
956 1578 979 1609 C

152 1607 202 1634 καί
226 1607 299 1642 ἁγίῳ
323 1609 483 1643 Πνεύματι.
516 1607 548 1634 Τί
572 1608 601 1634 δὲ
625 1608 742 1643 λέγομεν
769 1608 809 1634 ὅτι
835 1609 943 1640 ἑαυτοῖς

152 1653 328 1688 ἀπειθοῦσινς
348 1655 414 1681 πότε
439 1655 500 1681 οὐδὲ
515 1655 549 1682 τὰ
562 1655 687 1690 Σεραφὶμ
702 1655 886 1690 ἐντρέπονται,
899 1654 944 1681 διὰ

151 1700 201 1734 τῆς
211 1699 363 1735 Τρισαγίας
377 1700 480 1735 φωνῆς,
492 1701 526 1735 τῇ
538 1700 603 1736 ἁγίᾳ
610 1700 707 1735 Τριάδι
719 1700 767 1735 τὴν
785 1699 942 1735 ὂοξολογίαν

152 1745 342 1780 προσάγοντα,
372 1745 464 1778 καθὼς
489 1745 523 1772 τὰ
546 1746 611 1781 περὶ
633 1745 729 1773 τούτου
757 1746 804 1773 καὶ
825 1746 850 1773 οἱ
870 1745 942 1780 ἅγιοι

151 1792 219 1826 ἡμῖν
233 1791 355 1826 Πατέρες
370 1791 608 1827 παραδεδώκασιν.

189 1836 407 1873 [Ρ.260.]Ταῦτα
416 1837 506 1864 τοίνυν
518 1837 586 1873 πρὸς
596 1837 737 1872 ἀναίρεσιν
748 1837 797 1872 τῆς
807 1837 861 1864 τῶν
871 1838 943 1872 αἰρε-

151 1883 236 1910 τικῶν
250 1883 427 1919 βλασφημίας
439 1884 464 1910 ot
477 1883 601 1919 Πατέρες
614 1883 758 1918 ἑκθέμενοι
767 1904 774 1916 ,
792 1883 841 1919 τὴν
857 1883 942 1920 ὀρθὴν

152 1930 201 1965 τῆς
227 1929 394 1964 Ἐκκλησίας
421 1928 651 1965 παραδεδώκασιν
673 1928 839 1964 ὁμολογίαν,
868 1929 942 1956 διδὰ-

153 1977 248 2008 ξαντες
267 1977 341 2012 ἡμᾶς
363 1976 427 2013 μίαν
445 1975 571 2011 θεότητα,
593 1975 658 2010 μίαν
676 1975 802 2010 δύναμιν,
819 1975 884 2011 μίαν
896 1976 943 2002 οὐ-

153 2024 213 2050 σίαν
237 2025 287 2059 τῆς
310 2024 391 2059 ἁγίας
413 2024 557 2060 ὁμολογεῖν
579 2024 713 2060 Τριὰδος,
731 2024 778 2050 καὶ
792 2023 841 2059 τὴν
856 2024 942 2060 αὐτὴν

152 2071 318 2106 προσφέρειν
342 2070 498 2105 δοξολογίαν
517 2079 548 2097 τε
573 2070 621 2097 καὶ
638 2069 827 2106 προσκύνησιν
840 2070 940 2106 Πατρὶ,

153 2117 200 2143 καὶ
220 2116 277 2151 Υἱῷ
298 2117 345 2143 καὶ
365 2116 435 2152 ἁγίῳ
455 2115 596 2151 Πνεύματι
610 2125 618 2132 ·
648 2116 792 2151 ὁμολογεῖν
812 2116 841 2143 δὲ
863 2117 894 2143 τὺ
911 2117 940 2144 ἑν

153 2162 300 2198 πρόσωπον
326 2162 358 2189 τὸ
382 2163 414 2190 ὲκ
430 2162 481 2197 τῆς
494 2162 575 2196 ἁγίας
590 2162 639 2190 καὶ
654 2162 799 2197 ὁμοουσίου
812 2163 939 2199 Τριὰδος,

151 2209 198 2236 τὸν
219 2209 322 2244 Κύριον
335 2208 414 2244 ἡμῶν
429 2208 534 2244 Ἰησοῦν
556 2209 684 2243 Χριστὸν,
697 2209 764 2235 Θεὸν
776 2209 878 2244 ἀληθῆ,
892 2210 940 2237 καὶ

990 962 1046 990 ritu
1065 967 1160 990 sancto
1182 963 1356 1000 doxologiam
1374 967 1617 1002 participantibus.
1644 970 1702 998 Hoc
1715 979 1781 999 vero

991 1009 1064 1037 aliud
1083 1017 1137 1036 non
1157 1015 1209 1042 est,
1229 1013 1412 1048 quam,juxta
1430 1013 1488 1041 Arii
1505 1014 1653 1049 insaniam,
1679 1016 1781 1045 Filium

991 1063 1120 1090 separare
1133 1063 1149 1083 a
1164 1057 1320 1086 substantia
1333 1059 1422 1087 Patris
1439 1068 1471 1088 ac
1485 1061 1606 1097 Spiritus
1623 1060 1722 1097 sancti,
1741 1065 1783 1100 ip-

991 1111 1108 1138 sumque
1123 1105 1220 1133 aliena:
1235 1106 1398 1142 substantia:
1419 1107 1530 1141 facere;
1550 1110 1611 1143 vel,
1633 1110 1655 1138 si
1672 1119 1729 1138 non
1743 1112 1781 1139 ita

992 1147 1038 1180 sit,
1048 1149 1126 1184 juxta
1133 1157 1200 1177 vero
1213 1149 1331 1178 Néstorii
1343 1151 1556 1187 blasphemiam,
1569 1154 1709 1182 Christum
1722 1163 1783 1184 esse

991 1194 1089 1226 Deum,
1106 1204 1247 1231 unumque
1261 1202 1363 1225 sanctae
1376 1197 1521 1226 Trinitatis
1544 1208 1601 1228 non
1621 1202 1781 1235 conﬁtetur,

992 1249 1024 1268 ac
1037 1242 1146 1269 cuidam
1159 1247 1265 1278 quartae
1281 1245 1497 1281 personas,juxta
1511 1246 1623 1275 illorum
1635 1248 1782 1282 insaniam,

992 1287 1067 1315 hunc
1082 1288 1214 1324 hymnum
1233 1290 1398 1323 deeantant;
1409 1291 1567 1328 Filiumque
1594 1302 1677 1330 quem
1692 1296 1784 1324 colere

992 1332 1175 1367 exsistimant,
1185 1334 1344 1370 ignorantes
1357 1337 1514 1370 oﬂ'endunt.
1527 1340 1641 1374 eoquod
1653 1349 1707 1369 una
1718 1342 1785 1370 ado-

994 1379 1101 1408 ratione
1124 1387 1182 1407 non
1200 1381 1289 1415 ipsum
1306 1382 1423 1410 adorant
1438 1391 1500 1411 cum
1523 1385 1605 1413 Patre
1619 1394 1651 1414 ac
1675 1386 1782 1423 Spiritu

992 1430 1097 1453 sancto.
1118 1425 1181 1454 Haec
1195 1432 1286 1455 autem
1300 1426 1436 1462 dicentes,
1450 1438 1502 1458 nec
1517 1431 1700 1468 sibimetipsis
1721 1434 1784 1469 qui-

993 1471 1055 1498 dem
1079 1472 1195 1507 obsequi
1214 1478 1339 1508 norunt;
1365 1479 1408 1502 ter
1430 1476 1505 1504 enim
1533 1477 1644 1505 dicente
1670 1478 1783 1515 hymno.

993 1516 1079 1551 Patri,
1095 1518 1204 1550 etFitia,
1218 1523 1243 1546 et
1257 1519 1370 1555 Spiritui
1382 1526 1473 1549 sancto
1488 1522 1593 1552 directe
1608 1525 1723 1560 gloriam
1740 1535 1784 1554 re-

994 1563 1141 1591 mittimus.
1151 1564 1222 1598 Quid
1229 1573 1295 1594 vero
1303 1566 1422 1596 dicimus
1434 1569 1509 1604 ipsos
1519 1578 1574 1598 non
1587 1571 1640 1599 sibi
1651 1573 1784 1601 credere?

994 1610 1059 1644 quia
1072 1610 1228 1647 Seraphim,
1245 1620 1313 1641 voce
1331 1613 1460 1650 Trisagii,
1473 1622 1575 1645 saneta:
1588 1617 1716 1647 Trinitati
1733 1621 1784 1648 do-

994 1656 1130 1692 xologiam
1150 1657 1277 1686 dicentes
1292 1667 1348 1687 non
1365 1667 1474 1690 cessant
1489 1682 1498 1695 ,
1514 1663 1593 1698 juxta
1609 1666 1682 1700 quod
1704 1666 1784 1694 nobis

994 1703 1081 1730 sancti
1102 1703 1197 1732 Patres
1213 1704 1247 1732 de
1263 1705 1316 1734 hoc
1337 1707 1522 1736 tradiderunt.

1031 1836 1093 1864 Haec
1104 1837 1189 1872 igitur
1201 1838 1236 1866 ad
1255 1839 1434 1867 evertendam
1443 1840 1636 1869 hatreticorum
1654 1843 1784 1878 blasphe—

993 1883 1075 1910 miam
1092 1889 1279 1918 exponentes,
1304 1887 1555 1917 veramEcclesiae
1581 1889 1782 1918 confessionem

994 1929 1090 1957 Patres
1109 1930 1294 1964 tradiderunt,
1312 1940 1394 1959 unam
1425 1933 1568 1966 deitatem,
1584 1943 1671 1962 unam
1683 1941 1783 1970 poten-

995 1975 1071 2007 tiam,
1085 1982 1222 2010 unamque
1234 1977 1418 2005 substantiam
1435 1983 1537 2007 sanctze
1552 1980 1697 2009 'Pt’initatis
1714 1990 1782 2009 con-

994 2018 1065 2047 ﬁteri
1080 2027 1131 2048 nos
1148 2020 1292 2053 docentes,
1304 2022 1431 2050 eamdem
1446 2023 1630 2058 doxologiam.
1644 2026 1783 2054 eamdem-

993 2073 1046 2100 que
1058 2065 1246 2094 adorationem
1262 2068 1355 2101 Patri,
1373 2073 1401 2096 et
1422 2069 1501 2102 Filio,
1518 2071 1669 2105 etSpiritui
1686 2079 1781 2100 sancto

993 2110 1120 2144 deferre;
1134 2112 1259 2140 confiteri
1274 2121 1340 2141 vero
1364 2122 1448 2142 unam
1465 2122 1612 2150 personam
1629 2125 1662 2144 ex
1686 2123 1781 2146 sancta

992 2157 1278 2194 consubstantialique
1298 2159 1445 2194 Triuitate,
1471 2161 1620 2188 Dominum
1651 2167 1777 2191 nostrum

992 2204 1085 2232 Jesum
1097 2204 1248 2238 Christum,
1258 2206 1348 2234 Deum
1359 2215 1457 2234 verum
1467 2208 1778 2243 verumquehominem.

152 2254 295 2289 ἄνθρωπον
306 2254 405 2289 ἀληθῆ.
413 2253 459 2281 τὸν
472 2254 554 2280 αὑτὸν
565 2254 708 2289 ὁμοούσιον
720 2254 759 2289 τῷ
770 2255 859 2290 Πατρὶ
870 2255 940 2282 κατὰ

993 2250 1120 2278 eumdem
1137 2253 1403 2286 consubstantialem
1421 2253 1494 2281 Patri
1512 2255 1664 2282 secundum
1680 2256 1780 2284 divini-

151 2301 202 2335 τὴν
215 2300 395 2335 Θεότητα,καὶ
408 2300 553 2334 όμοούσιον
564 2301 633 2335 ἡμῖν
647 2300 692 2327 τὸν
708 2300 791 2326 αὑτὸν
805 2300 875 2327 κατὰ
890 2301 940 2336 τὴν

153 2346 352 2382 ἀνθρωπότητα
360 2354 366 2361 ·
378 2347 423 2373 καὶ
431 2345 492 2373 οὔτε
502 2346 573 2373 κατὰ
584 2347 633 2382 τὴν
643 2346 727 2382 αὐτὴν
739 2346 834 2373 οὐσίαν
843 2346 940 2381 ὁμοού-

153 2401 211 2419 σιον
231 2392 314 2418 αὐτὸν
332 2391 400 2419 εἰναι
418 2391 457 2427 τῷ
471 2393 562 2428 Πατρὶ
583 2392 644 2419 καθ’
656 2393 690 2428 ἢν
704 2393 782 2428 ἡμῖν,
797 2391 859 2419 οὗτε
873 2393 940 2427 ἡμῖν

153 2438 213 2465 καθ’
224 2438 258 2473 ἥν
273 2438 312 2473 τῷ
324 2438 412 2473 Πατρί
422 2447 428 2454 ·
458 2438 591 2466 ἀδύνατον
604 2438 658 2474 γὰρ
673 2438 737 2474 μίαν
749 2437 845 2465 οὐσίαν
859 2439 941 2474 ἦτουν

153 2485 235 2518 φύσιν
262 2484 405 2518 ὸμοούσιον
429 2482 499 2511 εἶναι
520 2483 581 2520 Θεῷ
607 2486 654 2511 καὶ
676 2484 832 2521 ἀνθρώποις
846 2492 852 2500 ·
882 2485 940 2511 ἀλλ’

154 2532 182 2557 ἑν
196 2531 246 2566 μιᾷ
257 2529 408 2557 ὑποστάσει
423 2531 451 2557 αἱ
463 2529 510 2556 δύο
522 2529 618 2564 φύσεις
631 2529 842 2566 γνωριζόμεναι,
857 2531 873 2566 ἡ
890 2530 940 2566 μὲν

148 2577 222 2611 ’πρὸς
235 2578 281 2604 τὸν
294 2577 403 2612 Πατέρα
414 2577 464 2612 τὴν
475 2577 619 2612 κοινότητα
631 2576 697 2612 ἔχει,
709 2578 725 2612 ἡ
737 2577 765 2603 δὲ
775 2578 842 2613 πρὸς
854 2577 938 2612 ἡμᾶς.

154 2623 235 2649 ’Ὥστε
256 2623 284 2650 δὲ
314 2622 406 2658 σαφῶς
432 2622 505 2657 ὑμᾶς
531 2621 679 2655 ἐπιγνῶναι
703 2620 753 2656 τὴν
774 2621 938 2656 ὁμολογίαν,

149 2670 186 2704 ’ἢν
202 2669 412 2701 ἀκολουθοῦντες
434 2669 467 2704 τῇ
486 2667 617 2702 καθολικῇ
633 2667 682 2694 καὶ
695 2667 860 2703 ὰποστολικῇ
879 2668 939 2694 Ἐκ-

155 2715 253 2749 κλησία
269 2715 454 2751 φυλάττομεν.
470 2714 573 2749 ταύτην
587 2714 617 2741 ὲν
629 2713 788 2747 κεφαλαίοις
799 2715 939 2748 συντόμως

155 2760 217 2787 ἑκθέ
223 2769 298 2795 μενοι
314 2762 379 2795 ὑμῖν
391 2769 421 2788 τε
437 2761 484 2788 καὶ
500 2760 533 2788 δι’
547 2759 625 2795 ὑμῶν
637 2760 694 2792 τοῖς
707 2759 754 2785 τὸν
766 2759 870 2794 μονήρη
884 2759 940 2793 βίον

155 2807 226 2832 κατὰ
250 2806 299 2841 τὴν
321 2807 515 2843 Ἀλεξανδρέων
545 2809 590 2833 καὶ
618 2807 681 2841 περὶ
699 2805 783 2842 αὐτὴν
802 2805 939 2840 ἑλομένοις

157 2851 240 2887 δήλην
257 2852 438 2888 καθιστῶμεν.

995 2300 1089 2328 tatem,
1106 2296 1428 2332 consubstantialemque
1443 2299 1571 2326 eumdem
1587 2300 1667 2328 nobis
1682 2308 1781 2328 secun-

993 2342 1059 2369 dum
1070 2342 1271 2370 humanitatem
1283 2351 1290 2376 ;
1305 2351 1361 2371 non
1376 2348 1468 2372 autem
1485 2345 1574 2378 ipsum
1587 2354 1647 2374 esse
1661 2348 1779 2375 consub-

993 2387 1148 2415 stantialem
1167 2389 1413 2417 Patri'sccundum
1432 2390 1558 2418 eamdem
1584 2392 1777 2425 substantiam,

993 2434 1144 2462 secundum
1163 2443 1246 2470 quam
1274 2437 1520 2464 consubstantialis
1540 2442 1583 2465 est
1600 2438 1696 2472 nobis,
1728 2448 1778 2467 nec

993 2479 1255 2508 consubstantialem
1263 2481 1343 2509 nobis
1351 2482 1504 2509 secundum
1514 2483 1637 2510 eamdem
1647 2492 1678 2512 ac
1685 2484 1776 2516 Patri;

993 2525 1163 2560 impossibile
1180 2530 1222 2553 est
1237 2527 1310 2553 enim
1322 2535 1404 2554 unam
1421 2528 1605 2556 substantiam
1628 2537 1676 2556 seu
1695 2535 1777 2557 natu—

993 2579 1050 2598 ram
1061 2572 1323 2599 consubstantialem
1332 2581 1393 2601 esse
1402 2574 1457 2601 Deo
1464 2578 1492 2601 ct
1505 2575 1678 2609 hominibus;
1691 2576 1776 2604 sed‘in

994 2625 1045 2644 una
1064 2618 1202 2652 hypostasi
1228 2618 1288 2645 dua:
1316 2622 1422 2646 natura:
1444 2623 1633 2654 agnoscuntur
1660 2629 1776 2655 quarum
1798 2644 1805 2653 ,

993 2671 1045 2689 una
1059 2663 1212 2690 communis
1228 2668 1271 2690 est
1288 2672 1350 2691 cum
1363 2664 1453 2697 Patre,
1469 2665 1608 2700 alteraque
1622 2666 1775 2693 nobiscum.

992 2708 1026 2736 Ut
1038 2714 1129 2737 autem
1143 2709 1237 2736 sciatis
1248 2717 1330 2744 quam
1351 2710 1556 2738 confessionem
1579 2715 1714 2741 tenentes,
1733 2720 1778 2738 ca-

992 2755 1102 2782 tholicae
1114 2760 1143 2782 et
1154 2756 1312 2790 apostolicae
1326 2756 1454 2784 Ecclesiae
1471 2757 1661 2792 obsequimur,
1675 2765 1734 2784 eam
1749 2759 1777 2786 iu

991 2801 1131 2837 capitibus
1144 2802 1267 2829 breviter
1280 2807 1449 2837 exponentes
1472 2802 1550 2830 vobis
1567 2807 1648 2838 atque
1663 2811 1713 2839 per
1728 2811 1776 2831 vos

992 2847 1045 2874 illis
1066 2848 1111 2882 qui
1134 2848 1314 2875 monasticam
1331 2849 1414 2875 vitam
1443 2847 1615 2876 Alexandriae
1639 2848 1681 2876 vel
1702 2850 1774 2876 circa

992 2894 1064 2921 illam
1085 2894 1237 2926 amplevuri
1255 2899 1329 2925 sunt,
1344 2894 1444 2921 claram
1458 2899 1617 2922 statuemus.
