1966 3089
187 146 258 180 H43

733 135 953 171 IUSTINIANI
973 134 1237 166 IMPERATORIS

1753 129 1824 162 nu

183 238 186 239 ν
220 203 244 232 1.
262 202 293 232 Si
311 201 374 238 quis
388 208 444 229 non
459 199 607 227 conﬁtetur
619 200 722 226 sanctae
736 193 883 223 Trinitatis
893 199 978 220 unam

1051 190 1105 239 VA'.
1136 189 1176 216 Εί.
1186 198 1227 220 τις
1244 188 1293 224 οὐχ
1307 187 1436 223 ὁμολογεῖ
1455 186 1506 222 τῆς
1527 185 1609 220 ἁγίας
1621 184 1736 219 Τριάδος
1759 185 1826 219 μίαν

184 249 384 291 substantiam,
414 246 521 276 scilicet
532 248 659 273 naturam
673 247 701 271 et
723 241 898 269 divinitatem
913 258 921 270 ,
951 238 980 265 in

182 288 280 333 Viribus
293 294 488 331 hypOstasibus
498 293 542 320 vel
560 290 698 328 personis,
718 288 828 316 scilicet
845 286 873 313 in
887 285 978 316 Patre,

187 348 216 374 et
238 343 321 373 Filio.
336 347 364 370 et
375 341 482 376 Spiritu
507 343 605 367 sancto
631 334 811 366 adorandam,
831 331 980 375 anathema

188 391 245 418 sit,
914 370 919 375 ’

223 437 257 464 Il.
277 435 306 463 Si
321 434 384 471 quis
400 432 504 460 dixerit
522 431 609 458 Deum
624 428 747 457 Verbum
769 426 827 454 sive
844 424 980 460 Spiritum

189 487 316 511 sanctum
332 483 491 508 creaturam
504 485 575 509 esse,
589 476 633 503 vel
645 475 713 502 alias
724 471 896 502 substantias
908 478 980 506 prae-

184 536 232 563 ter
242 527 425 556 substantiam
439 523 539 556 Patris,
555 522 701 550 anathema
714 520 760 548 sit.

224 576 270 604 Ill.
277 575 307 602 Si
315 574 376 609 quis
385 569 621 599 dixeritcumdem
630 575 690 596 esse
699 567 821 598 Patrem,
830 569 858 593 ct
869 563 980 595 Filium,

185 615 360 657 'etSpiritum
387 623 524 649 sanctum,
549 623 632 643 unam
654 620 803 650 personam
821 617 982 646 supponens

191 669 319 704 pluribus
334 664 507 696 nominibus,
525 667 664 694 unamque
680 657 851 695 hypostasim
863 655 915 683 sub
930 654 980 681 tri-

191 700 244 743 bus
257 710 492 748 appellationibus
518 708 686 737 invocatam,
706 705 783 731 hunc
798 703 826 730 in
840 706 917 737 parte
937 700 982 728 Ju-

187 761 315 795 _d:eorum
329 758 459 793 ponimus
477 759 560 790 atque
576 750 854 781 anathematizamus.

227 806 271 834 lV.
288 805 316 833 Si
342 804 405 840 quis
422 810 477 829 non
493 800 641 829 confitetur
664 797 749 825 unius
774 801 899 831 personae
920 793 983 820 uni-

191 853 276 890 geniti
291 851 353 879 Filii
367 849 415 877 Dei
433 853 461 877 et
477 846 586 875 Domini
606 843 696 872 nostri
714 843 778 871 Jesu
794 840 898 869 Christi
913 839 982 866 duas

192 875 276 890 ,γη-..-
292 875 302 879 -
368 875 382 877 -
394 875 413 877 π
440 875 458 877 V,

192 908 254 928 esse
270 897 441 927 nativitates,
456 901 539 921 unam
563 889 728 919 aeternitatis
738 896 772 916 ex
784 888 866 915 Patrc
881 893 983 913 secun-
1000 875 1021 903 Β

193 947 259 975 dum
287 943 471 973 divinitatem,
491 940 673 972 alteramque,
699 943 761 971 quae
785 934 857 961 facta
887 936 930 960 est
956 932 984 958 in

192 991 344 1020 novissimo
365 989 474 1016 dierum
490 994 526 1014 ex
546 987 641 1012 sancta
653 981 766 1017 Virgine
780 979 885 1014 Deique
899 978 985 1005 Matre

192 1040 279 1068 Maria
305 1035 460 1065 secundum
499 1032 712 1061 humanitatem,
751 1029 899 1063 ipsumque
923 1032 984 1053 esse

194 1093 280 1114 unum
299 1087 401 1112 sanctae
416 1078 609 1110 Trinitatis,id
622 1081 664 1104 est
677 1071 937 1109 unambypostasim
950 1078 984 1098 ex

194 1132 284 1160 tribus
299 1127 503 1166 hypostasibus,
526 1123 673 1152 anathema
692 1120 738 1148 sit.

231 1179 263 1206 ν.
274 1177 303 1206 Si
314 1177 377 1212 quis
403 1182 459 1202 non
475 1171 625 1200 conﬁtetur
649 1167 699 1196 Dei
713 1173 774 1195 esse
787 1166 901 1193 Matrem
917 1171 985 1190 san-

195 1231 267 1255 ctam
281 1224 429 1260 gloriosam
443 1224 609 1255 semperque
622 1215 763 1251 Virginem
778 1212 903 1244 Mariam,
922 1217 988 1237 ana-

196 1275 289 1302 thema
305 1271 351 1299 sit.

233 1320 279 1348 Vl.
293 1318 321 1346 Si
348 1317 411 1353 quis
425 1313 537 1342 adducit
551 1311 623 1339 duos
636 1309 718 1339 filios.
729 1314 816 1335 unum
829 1304 940 1341 quidem
956 1311 990 1331 ex

190 1369 255 1404 ,Den
272 1371 300 1394 et
315 1348 408 1396 Patre,
440 1364 469 1388 et
491 1360 611 1387 alterum
641 1363 675 1383 ex
688 1354 786 1385 Matre,
807 1352 865 1379 sive
890 1348 990 1376 dixerit

197 1413 293 1442 Issum
310 1414 340 1438 ut
361 1407 501 1436 hominem
514 1403 679 1438 inspiratum
697 1400 794 1431 fuisse,
820 1395 990 1432 gloriamque

199 1456 343 1494 Unigeniti
367 1461 432 1482 eum
446 1448 676 1479 circumdedisse,
704 1450 735 1474 ut
749 1445 866 1472 alterum
886 1441 931 1469 cui
950 1440 991 1468 af-

200 1487 347 1536 fuisset,eo
357 1499 440 1529 modo
448 1505 503 1534 quo
510 1495 613 1525 Paulus
625 1487 992 1521 Samosatenus,Nestorius-

191 1558 256 1588 -que
271 1548 474 1585 blaSphemaut,
487 1543 535 1572 sed
552 1549 608 1570 non
626 1546 713 1567 unum
731 1535 915 1569 eumdemque
929 1540 990 1561 esse
1006 1547 1027 1577 α

201 1580 349 1626 conﬁtetur
366 1594 466 1622 Filium
496 1588 669 1625 unigenitum
692 1585 780 1613 Deum
797 1581 920 1611 Verbum
936 1580 992 1608 Do-

201 1644 310 1672 minum
324 1641 418 1669 Iesum
432 1637 586 1667 Christum,
613 1630 775 1669 huiusmodi
805 1628 840 1656 ab
864 1626 994 1655 omnibus

202 1686 369 1717 Christianis
381 1681 640 1712 anathematizetur.

238 1734 295 1762 Vll.
312 1733 342 1760 Si
365 1730 429 1766 quis
443 1721 544 1756 dixerit
556 1725 637 1762 quasi
653 1732 704 1759 per
726 1722 851 1750 canalem
872 1718 995 1754 Virginis

204 1780 348 1811 transisse,
362 1777 411 1805 sed
436 1783 493 1803 non
518 1774 546 1801 in
563 1780 596 1800 ea
611 1772 758 1799 formatum
787 1767 883 1798 fuisse,
900 1764 995 1793 divino

205 1827 287 1857 simul
300 1834 332 1854 ac
347 1825 470 1852 humano
484 1819 577 1852 modo,
602 1817 698 1846 divino
719 1815 832 1851 quidem
846 1811 911 1848 quia
936 1810 996 1838 sine

192 1876 276 1907 ,viro,
291 1873 412 1901 humano
425 1875 491 1896 vero
504 1866 569 1902 quia
582 1865 641 1900 lege
654 1859 860 1899 praegnationis,
871 1857 996 1887 similiter

207 1920 382 1950 maledictus.

326 1963 431 2000 Siquis
456 1961 565 1990 duabus
592 1956 718 1993 personis
744 1953 787 1981 vel
804 1947 998 2000 hypostasibus
1033 1981 1035 1983 γ

207 1993 432 2042 ιτὶδυει-ἰινέιὶκι
448 2015 509 2043 quae
519 2007 649 2041 leguntur
661 2003 688 2029 in
713 1999 793 2027 libris
820 1993 997 2031 evangelicis,

208 2039 328 2093 vel
351 2056 385 2084 de
399 2039 510 2082 Christo
529 2039 663 2079 aisanctis
687 2046 762 2073 dicta
792 2047 867 2075 sunt,
894 2041 946 2069 vel-
964 2039 998 2067 ab

209 2106 270 2140 ipso
284 2103 319 2130 de
334 2109 375 2134 se,
390 2099 535 2128 anathema
552 2096 597 2124 sit.

247 2150 293 2179 IX.
321 2149 349 2177 Si
369 2132 437 2183 quis
459 2153 514 2173 non
542 2142 690 2171 conﬁtetur
713 2136 869 2167 divinitatis
895 2132 999 2162 Christi

210 2203 294 2224 unam
309 2201 371 2222 esse
399 2189 569 2227 hypostasim
591 2195 638 2215 seu
654 2185 738 2214 unam
757 2188 915 2218 personam,
932 2187 1001 2206 ana-

210 2244 304 2272 thema
318 2241 365 2269 sit.

247 2289 281 2317 X.
299 2288 326 2316 Si
340 2285 404 2322 quis
415 2285 485 2312 duas
497 2287 611 2310 naturas
626 2277 765 2315 Unigeniti
787 2276 873 2304 fuisse
896 2273 1000 2301 dixerit

212 2340 277 2364 ante
289 2334 432 2364 unionem,
452 2336 534 2357 unam
545 2335 612 2356 vero
630 2329 692 2362 post
705 2324 846 2353 unionem.
869 2319 1000 2348 divinita-

213 2382 250 2411 tis
265 2379 411 2414 carnisque
421 2375 509 2411 ipsius
520 2378 646 2402 naturam
664 2370 785 2402 ﬁnxerit,
795 2367 943 2396 anathema
953 2365 999 2392 sit.

248 2426 294 2454 XI.
312 2425 341 2453 Si
362 2410 496 2459 quisiuon
519 2418 668 2447 conﬁtetur
688 2415 758 2443 duas
787 2418 901 2441 naturas
928 2410 1001 2438 divi-

213 2471 309 2500 nitatis
327 2477 360 2497 ac
371 2457 568 2496 bumanitatis
586 2463 615 2490 in
631 2468 713 2489 unam
745 2457 915 2495 hypostasim
937 2463 1004 2483 con-

215 2516 348 2547 currisse,
363 2522 450 2542 unum
461 2511 602 2541 Christum
624 2507 780 2543 perfectum
806 2504 901 2536 fuisse,
920 2505 1004 2536 atque

217 2564 246 2590 in
266 2560 399 2589 ambabus
411 2557 518 2586 naturis
529 2553 684 2584 inconfusis
697 2549 902 2583 individuisque
914 2547 1004 2583 ipsum

218 2607 340 2644 agnosci,
351 2606 427 2641 juxta
442 2603 515 2639 quod
531 2600 684 2637 perfectum
700 2597 728 2625 in
744 2594 918 2624 humanitate
928 2599 1005 2619 eum-

218 2635 282 2682 dem
293 2651 466 2681 conﬁtemur,
481 2635 562 2676 unius
581 2645 665 2673 etiam
681 2641 860 2678 ejusdemque
871 2635 1005 2666 miracula

218 2706 281 2730 esse
293 2697 444 2727 credimus,
461 2693 605 2722 anathema
618 2690 664 2718 sit.

255 2789 319 2817 Haec
343 2790 409 2816 sunt
434 2791 496 2820 quae
522 2779 614 2808 divina
628 2777 770 2813 Scriptura
795 2772 885 2801 edocti
900 2778 1006 2799 sumus.

219 2835 286 2863 llas
311 2835 375 2861 sunt
401 2818 530 2859 Ecclesiae
548 2824 692 2853 catholicae
717 2822 854 2857 dogmata.
873 2818 919 2845 Hae
944 2821 1009 2844 sunt

232 2879 386 2909 traditiones
411 2874 533 2904 Patrum,
549 2869 693 2898 hominum
707 2875 755 2902 pro
772 2864 888 2894 diversis
904 2867 1009 2898 tempo-

1030 237 1141 270 οὐσίαν,
1159 235 1286 263 τουτέστι
1308 235 1390 270 φύσιν
1404 234 1452 261 καὶ
1465 232 1592 268 θεότητα,
1611 232 1641 258 ἐν
1655 231 1746 266 τρισὶν
1759 231 1826 257 ὐπο-

1032 283 1173 315 στάσεσιν,
1199 282 1280 317 ἦτουν
1300 279 1473 316 προσώποις,
1491 279 1561 314 ὅπερ
1581 277 1656 304 ἐστὶν
1676 277 1705 304 ὲν
1723 277 1823 312 Πατρὶ,

1030 330 1077 356 καὶ
1087 329 1209 364 Υίῷριαὶ
1222 327 1292 363 ἁγίῳ
1303 326 1445 362 Πνεύματι
1457 324 1680 364 προσκυνεῖσθαι,
1694 323 1822 359 ἀνάθεμα

1030 376 1112 402 ἔστω.

1067 422 1105 449 Β¹.
1130 422 1167 448 Εί
1183 431 1226 453 τις
1241 421 1319 455 λέγει
1337 420 1384 447 τὸν
1401 419 1469 446 Θεὸν
1485 419 1572 454 Λόγον
1588 418 1605 454 ἦ
1622 417 1653 445 τδ
1664 417 1779 452 Πνεῦμα
1796 416 1828 443 to

1031 470 1109 504 ἅγιον
1136 468 1240 504 κτίσμα
1263 466 1354 500 εἶναι,
1390 467 1407 501 ἢ
1439 465 1537 502 ἑτέρας
1557 465 1653 496 οὐσίας
1676 464 1754 500 παρὰ
1777 463 1828 500 τὴν

1031 514 1078 542 τοῦ
1093 513 1211 550 Πατρὺς,
1230 513 1357 548 ἀνάθεμα
1369 512 1451 540 ἔστω.
1545 539 1548 543 ,

1066 559 1105 588 Γ¹.
1131 560 1164 586 Et
1179 568 1222 591 τις
1240 559 1286 586 τὸν
1304 558 1385 585 αὐτὸν
1402 557 1478 592 λέγει
1497 556 1621 593 Πατέρα,
1635 556 1683 584 καὶ
1699 556 1764 583 Υίδν
1781 555 1829 582 καὶ

1032 607 1110 642 ἅγιον
1128 600 1301 639 Πνεῦμαίὲν
1326 604 1475 640 πρόσωπον
1496 603 1676 638 πολυώνυμον
1698 601 1828 629 ὑποτιθέ-

1035 662 1116 689 μενος
1127 673 1134 685 ,
1161 653 1209 680 καὶ
1228 652 1292 688 μίαν
1306 651 1457 680 ὑπόστασιν
1475 650 1529 677 ὑπὸ
1545 650 1629 686 τριῶν
1642 649 1766 684 κλήσεων
1781 649 1829 675 ἑκ-

1033 699 1222 735 φωνουμένην,
1232 698 1278 726 τὸν
1293 697 1414 725 τοιοῦτον
1431 697 1459 724 ἐν
1470 698 1503 732 τῇ
1519 697 1608 732 μερίδι
1623 696 1678 723 τῶν
1691 695 1830 722 Ἰουδαίων

1032 747 1170 781 τάσσομεν
1185 745 1233 772 καὶ
1247 742 1496 778 ἀναθεματίζομεν.

1068 793 1104 819 Δν.
1115 792 1198 823 Είτις
1210 791 1247 827 μὴ
1256 789 1383 824 ὁμολογεῖ
1390 789 1436 816 τοῦ
1446 789 1505 820 ὲνδς
1518 787 1669 824 προσώπου
1685 786 1734 813 τοῦ
1748 795 1830 822 μονο-

1033 838 1202 875 γενοῦςΥἰοῦ
1213 837 1260 865 τοῦ
1268 837 1336 864 Θεοῦ
1352 837 1400 865 καὶ
1409 835 1511 872 Κῦρῖου
1523 834 1602 870 ἡμῶν
1609 832 1698 868 Ἰησοῦ
1709 831 1830 868 Χριστοῦ

1034 887 1084 918 τὰς
1103 886 1150 913 δύο
1171 884 1316 920 γεννήσεις
1339 883 1493 918 ὑπάρχειν,
1526 881 1579 916 τήν
1603 888 1633 906 τε
1659 878 1708 905 τοῦ
1730 877 1831 909 αἰῶνος

1034 928 1130 960 ὲκ’τοῦ
1145 931 1252 967 Πατρὺς
1275 929 1347 957 κατὰ
1364 929 1413 965 τὴν
1427 928 1546 964 θεότητα
1563 926 1611 954 καὶ
1625 926 1675 962 τὴν
1691 925 1735 951 ἐπ’
1746 924 1830 958 ἐσχά-

1035 988 1083 1006 του
1103 979 1157 1005 τῶν
1177 977 1291 1014 ἡμερῶν
1313 975 1362 1003 τοῦ
1378 974 1461 1003 αὑτοῦ
1478 975 1511 1001 ὲκ
1526 975 1576 1010 τῆς
1594 972 1675 1006 ἁγίας
1690 970 1831 1006 Παρθένου

1036 1026 1083 1054 καὶ
1097 1024 1230 1051 Θεοτὸκου
1248 1022 1359 1058 Μαρίας
1386 1021 1458 1048 κατὰ
1481 1020 1531 1056 τὴν
1546 1018 1761 1055 ἀνθρωπότητα,
1783 1017 1832 1043 καὶ

1037 1072 1119 1099 αὑτὸν
1137 1070 1208 1098 εἶναι
1222 1070 1272 1097 ἕνα
1289 1069 1340 1104 τῆς
1355 1069 1436 1103 ἁγίας
1448 1067 1582 1103 Τριάδος,
1607 1065 1732 1092 τουτέστι
1765 1063 1832 1099 μίαν

1038 1119 1186 1146 ὑπόστασιν
1199 1118 1232 1144 ὲκ
1244 1115 1299 1143 τῶν
1313 1115 1397 1151 τριῶν
1409 1113 1599 1143 ὑποστάσεων,
1611 1111 1737 1145 ἀνάθεμα
1748 1110 1829 1136 ἔστω.

1074 1166 1111 1192 E’.
1139 1164 1173 1191 Εί
1193 1171 1235 1195 τις
1257 1163 1307 1198 οὐχ
1324 1161 1452 1197 ὁμολογεί
1469 1160 1602 1187 Θεοτόκον
1623 1158 1674 1193 τὴν
1691 1157 1771 1191 ἁγίαν
1787 1156 1831 1183 έν-

1037 1211 1113 1246 δοξον
1129 1209 1311 1245 ἁειπάρθενον
1326 1207 1451 1243 Μαρίαν,
1468 1206 1595 1241 ἀνάθεμα
1609 1205 1691 1232 ἔστω.

1068 1303 1122 1336 λς’.
1135 1301 1169 1327 Et’
1181 1309 1224 1332 τις
1237 1296 1345 1332 εἰσάγει
1360 1296 1407 1324 δύο
1417 1296 1512 1327 Υίοὺς,
1526 1295 1576 1322 ἕνα
1593 1293 1641 1329 μὲν
1656 1293 1702 1319 τὸν
1718 1293 1749 1318 ὲκ
1762 1291 1832 1318 Θεοῦ

1040 1335 1096 1375 aut
1107 1344 1232 1381 Πατρδς,
1256 1344 1350 1378 ἕτερον
1365 1342 1393 1369 δὲ
1410 1341 1456 1369 τὸν
1472 1341 1504 1367 ἐκ
1519 1339 1570 1374 τῆς
1585 1337 1699 1373 Μητρὸς
1711 1357 1718 1368 ,
1744 1337 1761 1372 ἢ
1784 1335 1833 1363 καὶ

1040 1395 1078 1425 ὼς
1093 1393 1238 1428 ἄνθρωπον
1254 1388 1430 1425 ἐνεργεῖσθαι
1443 1387 1517 1422 λέγει
1531 1386 1576 1412 τὸν
1593 1384 1708 1419 Ἰησοῦν,
1723 1384 1771 1410 καὶ
1782 1383 1834 1418 τὴν

1041 1439 1088 1466 τοῦ
1104 1435 1278 1471 Μονογενοῦς
1295 1433 1417 1466 εὐδοξίαν
1434 1430 1588 1468 περιῆφθαι
1609 1430 1647 1461 ὡς
1664 1429 1752 1464 ἑτέρῳ
1767 1429 1834 1463 παρ’

1043 1485 1125 1513 αὐτὸν
1147 1483 1320 1519 ὑπάρχοντι,
1348 1479 1476 1514 καθάπερ
1496 1477 1604 1509 Παῦλος
1624 1477 1638 1503 ὁ
1655 1474 1836 1511 Σαμοσατεὺς

1044 1532 1092 1560 καὶ
1106 1530 1257 1565 Νεστόριος
1271 1525 1480 1564 βλασφημοῦσιν
1493 1544 1500 1557 ,
1527 1523 1585 1551 ἀλλ’
1602 1523 1650 1558 οὐχ
1663 1522 1711 1548 ἕνα
1726 1521 1773 1548 καὶ
1790 1521 1836 1547 τὸν

1043 1578 1124 1605 αὑτὸν
1149 1576 1278 1612 ὁμολογεῖ
1301 1575 1365 1601 Υἱον
1390 1571 1524 1608 μονογενῆ
1545 1570 1613 1597 Θεὸν
1629 1569 1715 1602 Λόγον
1732 1567 1837 1603 Κύριον

1050 1621 1153 1659 Ἰησοῦν
1177 1621 1313 1657 Χριστὸν,
1341 1621 1355 1647 ὸ
1380 1618 1503 1650 τοιοῦτος
1531 1616 1608 1652 παρὰ
1632 1616 1742 1642 πάντων
1763 1614 1834 1649 Χρι-

1045 1669 1161 1697 στιανῶν
1178 1666 1363 1703 ἀναθεματιξέ
1369 1665 1398 1692 σθ
1404 1675 1437 1693 ω.

1080 1716 1117 1743 Z’.
1148 1715 1183 1741 Εί
1204 1723 1247 1745 τις
1271 1713 1310 1746 ὡς
1333 1712 1378 1739 διὰ
1400 1710 1522 1745 σωλῆνος
1545 1708 1595 1742 τῆς
1616 1706 1756 1742 Παρθένου
1777 1705 1838 1732 δια-

1030 1754 1179 1797 “δραμεῖν,
1205 1758 1275 1786 ἀλλά
1292 1757 1330 1793 μὴ
1345 1758 1374 1784 ὲν
1388 1757 1457 1791 αὐτῇ
1472 1753 1673 1782 διαπεπλάσθαι
1688 1751 1774 1784 λέγει,
1792 1750 1838 1776 θε-

1045 1795 1113 1839 ῗίιῶς
1127 1815 1157 1832 τε
1173 1805 1231 1840 ἅμα
1247 1805 1295 1832 καὶ
1308 1802 1501 1839 ἀνθρωπίνως,
1519 1798 1620 1830 θεῖκῶς
1636 1797 1685 1832 μὲν
1700 1798 1741 1824 ὅτι
1754 1795 1841 1831 χωρὶς

1047 1852 1160 1887 ἀνδρὸς,
1185 1850 1369 1887 ἀνθρωπίνως
1381 1848 1409 1874 δὲ
1424 1848 1465 1874 ὅτι
1481 1846 1557 1882 νόμῳ
1570 1845 1715 1880 κυήσεως,
1737 1842 1842 1877 ὁμοίως

1047 1897 1136 1928 ἄθεος.

1085 1943 1127 1969 H’.
1155 1941 1189 1969 Εἴ
1209 1949 1252 1973 τις
1275 1938 1435 1976 προσώποις
1456 1937 1548 1969 δυσὶν,
1571 1937 1630 1971 ἦτοι
1645 1934 1842 1964 ὑποστάσεσιν,

1048 1990 1099 2021 τὰς
1124 1989 1153 2015 ὲν
1177 1989 1235 2020 τοῖς
1260 1985 1454 2020 εὺαγγελικοῖς
1478 1982 1694 2019 συγγράμμασιν
1717 1979 1844 2015 διανέμει

1050 2035 1157 2072 φωνὰς,
1183 2035 1200 2071 ἢ
1222 2033 1269 2060 ἐπὶ
1288 2031 1401 2068 Χριστῷ
1418 2030 1495 2066 παρὰ
1509 2030 1563 2056 τῶν
1580 2028 1665 2062 ἁγίων
1677 2025 1844 2061 λεγομένας,

1050 2083 1067 2119 ἢ
1086 2081 1152 2118 παρ’
1165 2079 1253 2108 αὑτοῦ
1270 2079 1337 2115 περὶ
1350 2077 1446 2109 αὐτοῦ,
1465 2076 1590 2111 ἀνάθεμα
1603 2075 1684 2101 έστω.

1087 2129 1126 2156 Θ’.
1147 2127 1182 2155 Et
1194 2135 1236 2159 τις
1252 2127 1303 2162 οὺχ
1317 2125 1446 2161 ὁμολογεῖ
1462 2123 1513 2158 τῆς
1526 2122 1654 2156 θεότητος
1669 2119 1717 2146 καὶ
1730 2119 1780 2154 τῆς
1794 2118 1844 2144 ἀν-

1039 2173 1232 2210 ’θρωπότητος
1247 2171 1296 2198 τοῦ
1312 2168 1433 2206 Χριστοῦ
1453 2169 1517 2204 μίαν
1531 2165 1601 2194 εἴναι
1615 2166 1664 2201 τὴν
1680 2164 1844 2195 ὑπόστασιν,

1017 2227 1039 2254 ι)
1054 2221 1112 2256 ἦτοι
1129 2219 1158 2246 ἓν
1173 2218 1332 2254 πρόσωπον,
1345 2215 1473 2251 ἀνάθεμα
1486 2214 1566 2241 ἔστω.

1086 2266 1113 2294 l’.
1129 2265 1164 2292 Εῐ
1172 2274 1215 2297 τις
1227 2264 1275 2291 δύο
1289 2263 1384 2298 φύσεις
1396 2262 1445 2288 τοῦ
1458 2257 1630 2293 Μονογενοῦς
1642 2256 1718 2291 λέγει
1730 2255 1784 2290 πρὸ
1793 2255 1845 2289 τῆς

1051 2313 1188 2344 ὲνὼσεως,
1207 2311 1272 2346 μίαν
1284 2309 1314 2337 δὲ
1329 2309 1399 2345 μετὰ
1410 2308 1460 2343 τὴν
1471 2307 1580 2337 ἕνωσιν,
1594 2305 1643 2339 τῆς
1654 2302 1782 2337 θεότητος
1795 2300 1846 2327 καὶ

1051 2360 1102 2394 τῆς
1117 2357 1219 2394 σαρκὸς
1232 2355 1316 2384 αὑτοῦ
1331 2355 1413 2390 φύσιν
1426 2352 1606 2383 ἀναπλάττει,
1623 2348 1748 2383 ἀνάθεμα
1760 2347 1844 2373 ἔστω.

1086 2405 1138 2432 lA'.
1155 2392 1200 2431 VE!
1216 2411 1258 2434 τις
1278 2402 1327 2437 οὐχ
1340 2400 1470 2436 ὁμολογεῖ
1484 2398 1533 2430 τὰς
1547 2396 1595 2423 δύο
1609 2395 1707 2431 φύσεις
1721 2393 1771 2428 τῆς
1783 2392 1846 2419 θεό-

1053 2459 1134 2486 τητος
1158 2450 1207 2476 καὶ
1228 2448 1279 2484 τῆς
1299 2446 1513 2483 ἀνθρωπότητος
1543 2444 1584 2474 είς
1609 2441 1673 2477 μίαν
1692 2439 1846 2466 ὑπόστασιν

1054 2495 1220 2532 συνδραμεῖν
1233 2514 1240 2526 ,
1267 2494 1317 2520 ἕνα
1337 2501 1369 2519 τε
1391 2492 1436 2518 τὸν
1456 2489 1576 2527 Χριστὺν
1598 2487 1779 2516 ἀποτελέσαι,
1798 2484 1848 2511 καὶ

1055 2543 1085 2570 ὲν
1101 2530 1272 2578 ἀμφοτέραις
1285 2539 1346 2570 ταῖς
1360 2537 1474 2573 φύσεσιν
1488 2534 1654 2569 ἁσυγχύτοις
1669 2531 1717 2559 καὶ
1729 2530 1848 2566 ἀδιαιρέ-

1055 2595 1113 2618 τοις
1123 2575 1419 2620 αὐτον-γνωρίζεσθαι,
1436 2582 1498 2608 καθ’
1508 2581 1522 2608 δ
1537 2580 1642 2607 τέλειον
1657 2579 1686 2604 ἐν
1701 2575 1847 2612 ἀνθρωπό-

1055 2641 1118 2669 ¹ιητι
1133 2632 1179 2658 τὸν
1194 2632 1276 2658 αὑτὸν
1291 2628 1492 2666 ὁμολογοῦμεν,
1509 2627 1558 2654 καὶ
1570 2626 1630 2657 ὲνὺς
1642 2624 1691 2651 καὶ
1703 2622 1749 2650 τοῦ
1762 2621 1847 2649 αὑτοῦ

1057 2668 1091 2705 τὰ
1106 2678 1235 2714 θαύματα
1251 2677 1298 2704 καὶ
1313 2675 1347 2703 τά
1360 2675 1435 2710 πάθη
1447 2671 1517 2701 εἶναι
1531 2670 1710 2706 πιστεύομεν,
1722 2668 1848 2703 ἀνάθεμα

1058 2724 1138 2750 ἔστω.

1093 2769 1186 2797 Ταῦτά
1210 2769 1285 2795 ἐστιν
1315 2759 1339 2795 a'
1359 2766 1435 2801 παρὰ
1459 2764 1507 2800 τῆς
1529 2763 1605 2794 θείας
1626 2761 1739 2798 Γραφῇς
1762 2759 1850 2787 ἐδιδά-

1059 2816 1183 2852 χθημεν·
1213 2815 1300 2841 ταῦτα
1323 2814 1372 2849 τῆς
1394 2811 1540 2846 καθολικῆς
1557 2807 1722 2843 Ἐκκλησίας
1751 2806 1786 2833 τὰ
1807 2805 1849 2832 δό-

1061 2871 1152 2898 γματα
1163 2870 1169 2877 ·
1188 2859 1267 2888 αὗται
1288 2860 1343 2886 τῶν
1364 2858 1494 2894 Πατέρων
1516 2858 1543 2883 αἱ
1557 2854 1733 2891 παραδόσεις,
1749 2852 1806 2879 τῶν
1821 2860 1849 2879 τι
