1966 3089
116 153 187 186 1145

602 148 786 180 EPISTOLA
804 146 1026 179 DOGMATICA
1046 147 1096 177 AD
1115 146 1272 178 ZOILUM.

1682 133 1770 174 ms"

117 207 185 236 ιιατὰ
205 206 301 243 καιρέιν
327 206 357 232 ἐν
379 205 411 240 τῇ
433 204 500 240 ἁγίᾳ
520 203 567 231 τοῦ
586 203 653 231 Θεοῦ
676 202 827 239 Ἐκκλησία
847 202 905 229 διαρ

964 203 1034 230 ribus
1046 202 1076 229 in
1089 206 1184 230 sancta
1196 201 1244 229 Dei
1255 200 1379 228 Ecclesia
1390 198 1618 235 praecellentium.
1628 197 1753 225 illorum-

115 253 297 290 πρεψάντων,
325 251 372 278 καὶ
396 251 451 278 τῶν
473 252 502 277 ὲν
522 252 584 282 ταῖς
606 251 700 285 ἁγίαις
715 250 828 285 τέτρασι
862 257 909 283 γε·

114 300 238 336 νομένων
263 299 396 331 συνόδοις,
411 298 466 325 τῶν
487 297 653 332 τριακοσίων
679 297 746 324 δέκα
769 297 815 323 καὶ
836 295 909 322 ὀκτὼ

114 347 169 374 τῶν
190 348 219 374 ὲν
238 346 368 381 Νικαιῳ,
394 345 443 372 καὶ
464 344 520 371 τῶν
542 344 641 371 ἑκατὸν
662 344 833 379 πεντήκοντα
853 342 909 369 τῶν

115 395 144 421 ὲν
158 391 439 423 Κωνσταντινοπόλει,
458 388 507 418 καὶ
520 392 574 418 τῶν
586 391 615 417 ὲν
630 390 738 426 Ἐφέσῳ
749 389 820 416 κατὰ
834 388 910 424 πρώ-

114 449 167 474 την
178 440 256 473 τάξιν
273 438 491 474 συνειλεγμένων
505 437 662 470 διακοσίων,
674 438 722 464 καὶ
734 436 788 462 τῶν
802 437 829 462 ἐν
840 435 910 462 Χαλ-

115 485 209 520 κηδόνι
238 484 389 518 ἑξακοσίων
414 483 582 519 τριάκοντα.
610 483 709 514 οἵτινες
732 483 816 518 νόμος
833 482 910 513 ὄντες

115 532 165 566 τῆς
181 531 357 566 Ἐκκλησίας,
375 531 440 562 τοὺς
454 530 525 557 κατὰ
538 530 635 564 καιρὸν
649 529 824 564 ἀναφυέντας
836 529 911 564 αἰρε-

116 578 227 609 τικοὺς,
255 576 302 603 καὶ
324 575 360 602 τὰ
388 575 500 602 ἐκείνων
526 575 634 611 μυσερὰ
665 567 791 610 δογματα
810 577 843 610 τῇ
861 573 909 601 τοῦ

117 623 197 658 ἁγίου
209 623 367 658 Πνεύματος
380 623 526 658 συνεργείᾳ.
540 621 760 658 τῆςῈκκλησῐας
770 621 908 654 ἐξέῧαλον.

117 671 149 696 Oi
171 670 199 696 δὲ
221 669 271 703 τῆς
291 668 433 700 εὐσεϐείας
451 668 553 706 ἐχθροὶ,
569 668 619 703 τὴν
635 661 856 703 ὲπισπορὰνντῶν
869 667 910 699 Ct—

118 715 218 748 ζανίων
241 715 288 742 τοῦ
309 715 435 741 διαϐόλου
461 715 639 749 κατέχοντες,
664 706 911 747 καὶλτοῗςάγαοοῖς

120 761 276 796 σπέρμασιν
291 760 450 786 ἀκολουθεῖν
467 759 504 794 μὴ
519 759 688 795 βουλόμενοι,
705 755 749 786 ἀεὶ
762 759 790 785 δὲ
800 762 910 795 προφα-

120 806 279 841 σιζόμενοι,
313 806 414 837 παντὸς
442 806 610 840 ἀποροῦντες
637 802 750 840 λόγουμ
767 802 808 837 είς
831 804 910 831 τοῦτο

119 850 326 884 καταφεύγουσι
354 851 384 877 τὸ
396 851 487 885 λέγειν
497 851 742 887 πατροπαράδοτον
755 850 827 886 ἔχειν
837 851 911 878 διδα-

121 895 249 928 σκαλίαν,
272 897 320 922 καὶ
336 895 439 931 ταύτην
454 897 598 923 ἀπολιπεῖν
615 897 652 932 μὴ
666 896 808 931 δύνασθαι,
824 897 911 923 πατέ-

122 951 172 976 ρας
185 942 303 977 ἕχοντες,
327 943 351 968 ot
374 942 423 977 μὲν
445 943 499 969 ἀπὸ
514 943 664 978 Νεστορίου
685 943 793 970 Παῠλόν
807 952 847 975 τε,
866 944 914 970 καὶ

121 988 270 1020 Φωτεινὸν,
297 988 344 1015 καὶ
368 988 550 1024 Μάρκελλον,
579 989 628 1016 καὶ
653 989 718 1021 τοὺς
741 988 776 1016 τὰ
800 989 914 1016 ἐκείνων

122 1035 327 1069 φρονήσαντας·
343 1035 367 1060 oi
380 1034 409 1060 δὲ
423 1034 569 1069 Ἀκέφαλοι
584 1034 709 1070 Εὑτυχέα
723 1043 764 1066 τε,
780 1034 826 1061 καὶ
837 1034 914 1061 Διόσ-

122 1089 215 1116 κορον,
231 1081 278 1107 καὶ
293 1081 428 1115 Τιμόθεον
443 1081 488 1108 τὸν
501 1081 643 1117 Αῖλουρον,
660 1081 706 1108 καὶ
719 1082 782 1112 τοὺς
796 1081 830 1107 τὰ
841 1080 914 1107 ὲκεί-

123 1135 176 1152 νων
188 1126 392 1161 φρονήσαντας·
407 1125 432 1152 οἳ
444 1127 477 1162 τῇ
486 1126 688 1161 Ἀπολιναρίου,
702 1126 749 1154 καὶ
759 1127 912 1162 Μανιχαίου

123 1173 172 1200 καὶ
197 1172 358 1200 Βαλεντίνου
387 1173 471 1210 μανίᾳ
500 1173 718 1209 ἠκολουθηκότες
742 1173 913 1209 ἐδείχθησαν.

124 1219 156 1247 Οἱ
169 1217 216 1246 οὖν
233 1219 320 1246 ταῦτα
332 1219 459 1254 λέγοντες
470 1241 478 1253 ,
505 1219 563 1252 πῶς
582 1220 728 1252 Ἰουδαίους
741 1229 772 1247 τε
790 1221 837 1247 καὶ
849 1221 913 1247 ’Ἑλ-

123 1265 208 1301 ληνας
220 1266 289 1301 πρὸς
299 1266 516 1301 Χριστιανισμδν
525 1266 691 1302 ὁδηγήσουσι
710 1266 758 1298 ,τὰ
771 1266 916 1302 παραπλή-

126 1321 172 1340 σια
195 1311 305 1344 τούτοις
325 1312 545 1348 προϐαλλόμενοι
567 1313 616 1339 καὶ
631 1313 770 1348 λέγοντες,
788 1313 818 1339 οὑ
835 1313 915 1348 μόνον

125 1358 381 1394 πατροπαράδοτον,
398 1358 467 1385 ἀλλὰ
483 1359 530 1386 καὶ
545 1358 638 1394 πολλῷ
650 1359 753 1386 τούτων
767 1359 914 1386 παλαιοτέ-

126 1413 176 1439 ραν
199 1403 352 1439 κεκτῆσθαι
376 1404 426 1439 τὴν
447 1404 593 1437 ἀσέσειαν;
619 1404 701 1430 ὐθεν
721 1404 915 1441 προτρέπομεν

125 1450 175 1485 τὴν
190 1450 329 1485 ὑμετέραν
344 1449 486 1484 θεοφιλίαν
507 1449 749 1486 διαμαρτύρασθαι
765 1450 855 1477 πάντα
868 1449 915 1478 ἄν-

125 1495 236 1531 Θρωπον
260 1495 431 1530 φοϐούμενον
454 1495 501 1522 τὸν
525 1496 648 1531 Κύριον,
675 1497 722 1522 καὶ
741 1496 831 1532 κρίσιν
846 1495 914 1522 Θεοῦ

960 257 1014 285 que
1029 250 1058 277 in
1087 253 1208 284 quatuor
1230 246 1359 278 conciliis
1382 245 1487 273 sanctis
1510 247 1751 280 congregatorum,

961 300 1150 324 trecentorum
1180 294 1276 322 decem
1304 297 1333 320 et
1357 297 1419 320 octo
1445 292 1474 319 in
1500 291 1624 323 Nicazno,
1641 295 1752 317 centum

961 341 1162 378 quinquaginta
1175 340 1204 367 in
1222 338 1542 374 Constantinopolitano,
1568 337 1752 364 ducentorum
1800 342 1806 345 '

961 388 1052 424 prima
1079 387 1202 414 sessione
1224 385 1253 412 in
1283 384 1434 419 Ephesino,
1454 388 1704 416 sexeentorumque
1725 386 1753 408 et

962 434 1073 470 triginta
1088 435 1117 460 in
1141 431 1372 463 Chalcedonensi,
1388 430 1435 466 qui
1449 437 1511 457 cum
1526 429 1582 457 sint
1606 435 1704 457 norma
1723 427 1753 463 (Ι.

961 481 1021 517 Dei)
1037 481 1180 512 Ecclesize,
1194 477 1313 506 diversis
1324 477 1498 512 temporibus
1518 478 1684 511 apparentes
1698 474 1754 501 hae-

961 527 1075 559 reticos,
1089 532 1242 559 eorumque
1260 523 1344 558 impia
1370 523 1509 558 dogmata,
1524 521 1673 556 adjuvante
1689 519 1753 554 Spio

961 572 1016 599 ritu
1039 575 1145 602 sancto,
1175 569 1209 596 ab
1237 568 1362 596 Ecclesia
1390 568 1545 603 ejeeerunt.
1570 565 1670 593 Hostes
1687 572 1753 592 vero

961 616 1114 653 religionis,
1130 615 1298 643 zizaniorum
1315 621 1409 642 semen
1425 613 1594 640 diabolicum
1606 612 1753 640 habentes.

961 672 1013 692 nec
1031 664 1113 691 bonis
1126 662 1279 695 seminibus
1294 660 1409 695 obsequi
1432 659 1566 689 volentes,
1584 665 1693 692 semper
1706 665 1755 684 au-

960 708 1016 737 tem
1029 714 1126 736 causas
1144 707 1290 742 ﬁngentes,
1305 713 1401 733 omnes
1413 704 1535 731 rationes
1555 702 1754 738 despicientes.

961 752 990 784 in
1006 756 1059 783 hoc
1074 754 1239 790 confugiunt
1252 758 1282 781 nt
1297 753 1391 780 dicant
1406 759 1434 779 se
1448 745 1577 778 traditam
1590 757 1605 776 a
1624 748 1755 776 Patribus

961 802 1065 830 habere
1079 801 1243 831 doctrinam,
1261 806 1351 833 neque
1365 797 1439 824 illam
1454 795 1647 829 derelinquere
1659 801 1754 829 posse,

962 850 1028 878 dum
1045 850 1142 876 Patres
1150 847 1266 879 habent,
1285 845 1331 872 alii
1347 852 1362 872 a
1377 842 1516 875 Nestorio,
1540 841 1668 872 Paulum,
1684 840 1756 867 l‘ho-

964 898 1065 928 tinum,
1079 895 1239 924 Marcellum
1255 892 1413 926 similiaque
1432 890 1595 925 opinantes;
1624 886 1756 921 Accphaii

963 951 1030 972 vero
1058 942 1223 978 Eutychem,
1255 932 1430 970 Dioscorum,
1450 936 1636 964 "Timotheum
1664 932 1756 960 Felem

963 990 1120 1024 similiaque
1139 988 1302 1023 opinantes;
1320 985 1366 1013 alii
1386 988 1479 1011 autem
1508 979 1682 1017 Apollinarii,
1699 978 1756 1005 Ma-

963 1036 1062 1065 nichaei
1074 1034 1270 1068 Valentinique
1287 1031 1401 1059 insanire
1410 1029 1596 1064 obsequentes
1609 1026 1665 1053 noti
1680 1029 1755 1052 sunt.

963 1083 1014 1117 Qui
1027 1083 1110 1118 igitur
1127 1082 1164 1109 ita
1186 1081 1293 1110 dicunt,
1310 1077 1450 1113 quomodo
1464 1075 1575 1104 Iudaeos
1588 1073 1756 1106 Griecosque

964 1130 998 1158 ad
1008 1127 1250 1156 Christianismum
1266 1125 1416 1162 adducent,
1431 1122 1474 1149 his
1499 1120 1599 1148 similia
1613 1118 1756 1154 proferen~

964 1179 1006 1202 tes
1024 1178 1106 1208 atque
1121 1175 1277 1199 asserentes
1294 1177 1350 1197 non
1369 1161 1452 1195 modo
1475 1175 1491 1193 a
1516 1164 1647 1192 Patribns
1672 1161 1758 1189 tradi-

965 1225 1032 1252 tam,
1047 1219 1095 1247 sed
1115 1219 1197 1246 etiam
1214 1217 1301 1244 multo
1322 1215 1379 1243 illis
1401 1212 1590 1248 antiquiorem
1606 1217 1684 1236 suam
1704 1208 1756 1235 im-

963 1265 1097 1301 pietatem
1113 1262 1229 1291 tenere?
1253 1261 1332 1289 Unde
1354 1260 1520 1287 charitatcm
1544 1260 1665 1283 vestram
1692 1253 1758 1280 hor-

966 1317 1057 1340 tamur
1079 1315 1110 1338 ut
1126 1307 1307 1337 obtestcmini
1322 1307 1482 1342 quicunque
1499 1303 1580 1331 timet
1594 1301 1756 1330 Dominum,

964 1359 1070 1393 Deique
1086 1356 1238 1384 imminens
1254 1354 1404 1390 judicium,
1421 1360 1456 1379 ne
1475 1349 1612 1378 doctrinis
1627 1347 1711 1375 variis
1728 1349 1758 1373 ct

965 1392 1120 1439 peregrinis
1137 1401 1321 1430 abducantur,
1350 1398 1398 1425 sed
1415 1403 1510 1424 veram
1539 1392 1758 1422 immaculatam-

965 1438 1020 1485 que
1036 1450 1116 1477 [idem
1131 1447 1233 1478 edocti,
1247 1448 1396 1473 accurrant
1411 1443 1444 1471 ad
1463 1445 1586 1470 sanctam
1599 1438 1648 1467 Dei
1661 1438 1758 1466 catho-

965 1495 1050 1523 licam
1068 1499 1096 1522 et
1111 1490 1289 1528 apostolicam
1308 1489 1475 1521 Ecclesiam,
1491 1488 1517 1514 in
1528 1494 1582 1521 qua
1598 1485 1693 1513 eadem
1711 1491 1760 1519 per

124 1540 308 1576 ἀναμένοντα,
323 1540 448 1576 διδαχατς
461 1540 599 1573 ποικίλαις
613 1541 660 1568 καὶ
672 1531 765 1574 ξέναις
776 1542 813 1577 μὴ
826 1551 913 1577 παρα-

968 1542 1129 1569 universum
1159 1539 1253 1566 orbem
1287 1546 1302 1564 a
1326 1536 1374 1564 Dei
1403 1534 1597 1563 sacerdotibus
1628 1531 1760 1559 doctrina

126 1587 277 1623 φέρεσθαι,
302 1587 371 1616 ἀλλὰ
385 1587 599 1622 διδασκομένους
613 1587 662 1623 τὴν
675 1588 760 1623 ὀρθὴν
775 1588 822 1615 καὶ
835 1588 898 1622 ἀμώ
908 1603 914 1608 -

969 1587 1122 1623 apostolica
1141 1583 1318 1620 przedicatur.

129 1621 215 1671 μητον
232 1635 341 1668 πίστιν,
361 1621 543 1672 προστρέχειν
558 1636 592 1671 τῇ
627 1621 698 1672 άγίᾳ-
725 1621 773 1662 τοῦ
803 1621 873 1663 Θεοί)
889 1621 1021 1672 καθολικῇ
1048 1635 1095 1662 καὶ
1115 1631 1284 1666 ἁποστολικῇ
1311 1627 1480 1665 Ἐκκλησία,
1508 1622 1573 1663 ένῇ
1600 1621 1757 1659 συμφώνως

126 1686 199 1713 κατὰ
225 1682 316 1713 πεῖσαν
337 1681 387 1721 τὴν
408 1682 574 1718 οἰκουμένην
598 1682 675 1718 παρὰ
698 1682 754 1708 τῶν
776 1683 823 1709 τοῦ
845 1682 914 1709 Θεοῦ
933 1683 1031 1717 ἱερέων
1046 1681 1062 1716 ή
1077 1678 1246 1714 ἀποστολικὴ
1259 1675 1422 1704 διδασκαλία
1436 1673 1616 1710 κηρύττεται.

130 1783 1132 1798 W

291 1857 690 1908 ΙΟΥΣἸἹΝΙΑΝΟΥ
725 1864 840 1907 ΤΟΥ
876 1855 1303 1923 ΕΥΣΕΒΕΣΤΑΤΟΥ
1340 1850 1610 1902 ΒΑΣΙΛΕΩΣ

213 1951 260 1980 ΕΚ
275 1953 344 1981 ΤΗΣ
361 1953 451 1982 ΠΡΟΣ
467 1955 592 1982 ΖΩῐΛΟΝ
613 1955 682 1982 TON
697 1954 890 1981 AFIQTATON
912 1954 913 1957 “

964 1951 1141 1978 ΤΡΙΑΡΧΙΙΝ
1158 1947 1419 1977 ΑΛΕΞΑΝΔΡΕΙΔΣ
1443 1943 1670 1973 ΔΟΓΜΑἸἿΚΗΣ

810 2001 1004 2030 summa:
1024 2000 1074 2036 (ι).

929 2086 977 2094 σ-,ν

394 2159 746 2204 JUSTINIANI
785 2157 1036 2203 PIISSIMI
1074 2152 1488 2202 IMPERATORIS

229 2255 285 2286 EX
306 2255 504 2287 EPISTOLA
530 2254 774 2286 DOGMATICA
801 2254 856 2284 AD
879 2253 1032 2285 ZOILUM
1059 2250 1337 2283 ALEXANDRUE
1363 2247 1662 2280 SANCTISSIMUM

796 2304 1104 2335 PATliIARCHAM.

431 2388 484 2423 (Ea;
498 2377 629 2415 Thesauro
648 2386 752 2415 Nicena
768 2386 935 2419 Chroniataa,
944 2394 988 2421 ap.
1003 2385 1065 2418 MAI,
1084 2384 1176 2420 Spicil.
1196 2383 1272 2411 Rom.
1288 2389 1307 2411 ι.
1326 2384 1370 2418 ιν,
1388 2383 1462 2418 tos.)

935 2465 971 2473 ..ο

165 2528 215 2562 Εἷς
236 2527 284 2557 οὖν
302 2530 378 2556 ἐστιν
397 2529 411 2555 ὁ
431 2529 566 2565 Χριστὸς,
592 2530 644 2556 οὐκ
668 2530 846 2566 ἀνῃρημένης
867 2530 913 2566 τῆς

1002 2529 1082 2565 _Unus
1097 2533 1139 2557 est
1153 2537 1220 2565 ergo
1233 2528 1372 2561 Christus,
1397 2536 1454 2556 non
1475 2527 1584 2555 sublata
1599 2531 1761 2555 naturarum

129 2577 187 2604 τῶν
201 2577 310 2612 φύσεων
322 2576 454 2611 διαφορᾶς
468 2575 513 2602 διὰ
525 2575 575 2610 τὴν
587 2575 728 2610 ἄφραστον
741 2577 852 2609 ἕνωσιν,
870 2577 922 2604 Λδ-

130 2632 179 2658 γος
191 2623 251 2651 νοού
257 2632 336 2659 μενος
353 2623 400 2650 καὶ
413 2622 555 2657 ἄνθρωπος
566 2621 754 2657 θεωρούμενος
764 2630 771 2637 ·
789 2622 851 2649 οὔτε
866 2623 921 2658 γὰρ

130 2671 147 2705 ἡ
169 2670 266 2702 ἓνωσις
293 2670 425 2706 σύγχυσιν
448 2668 655 2702 ἀπειργάσατο,
682 2667 743 2695 οὔτε
766 2668 783 2700 ἡ
803 2668 921 2704 διαφορὰ

129 2716 185 2743 τῶν
209 2718 238 2744 ἐν
260 2716 334 2751 αὐτῷ
353 2715 454 2743 οὐσιῶν
475 2715 563 2750 τομὴν
578 2714 667 2742 είτουν
681 2714 818 2750 διαίρεσιν
830 2715 920 2742 ἐπιδέ-

168 2792 206 2829 (ι)
217 2793 290 2821 Citat
301 2792 354 2835 hoc
371 2793 519 2835 scriptum.»
528 2792 793 2835 sunntllustinian‘u-s
819 2792 846 2820 in
855 2791 920 2835 ilio

131 2836 183 2869 guo
196 2827 362 2869 :opuswioa
375 2827 456 2869 nobis
464 2828 540 2869 cdito
555 2828 625 2868 Coll.
641 2831 695 2869 rat.
710 2827 800 2869 t.‘\’ll,
815 2836 841 2863 p.
855 2827 916 2855 509.

130 2864 203 2893 Citat
215 2863 309 2891 rursus
326 2863 431 2898 Agatho
446 2871 517 2898 papa
530 2864 557 2890 in
573 2863 687 2899 epistola
711 2863 744 2890 ad
768 2863 916 2899 imperato-

975 2575 1135 2604 differentia
1150 2583 1200 2610 per
1218 2574 1389 2602 ineﬂ‘ahilem
1413 2574 1557 2606 unionem,
1570 2573 1691 2602 Verbum
1704 2581 1763 2602 cre-

973 2623 1049 2650 ditus
1071 2622 1211 2657 homoque
1242 2621 1328 2649 visus.
1348 2620 1407 2648 Nec
1430 2625 1525 2648 autem
1550 2619 1617 2648 unio
1646 2620 1764 2649 commi‘

974 2669 1095 2697 stionem
1111 2668 1242 2702 exclusit,
1261 2675 1313 2695 nec
1329 2667 1487 2694 diﬂ'erentia
1501 2667 1720 2695 substantiarum
1733 2667 1763 2694 in

974 2723 1008 2743 eo
1027 2715 1190 2744 scissionem
1214 2719 1263 2743 aut
1282 2713 1448 2742 divisionem
1474 2713 1607 2742 admittit.
1632 2713 1761 2740 Miracula

972 2801 1016 2856 ge?
1041 2793 1154 2855 ﬁgpcil.
1189 2792 1274 2821 Lahh.
1294 2796 1312 2818 ι.
1328 2793 1370 2826 \‘l,
1400 2801 1425 2828 p.
1452 2791 1513 2819 665.
1539 2789 1645 2818 —-Vid.
1670 2796 1763 2826 supra,

989 2837 1004 2856 ο
1019 2848 1024 2854 .
1113 2849 1119 2855 .

989 2837 1024 2856 01.
1041 2837 1119 2855 llJl.
