1966 3089
178 187 229 218 τὰς
238 185 293 214 τῶν
307 185 356 214 δύο
369 185 476 222 φύσεων
493 187 635 222 ἐνεργείας
652 187 698 214 ἐπὶ
711 187 761 222 τῆς
777 188 842 221 μιᾶς
855 187 974 214 ὕποστὼ
989 191 1010 218 Α

179 242 249 265 σιως
260 234 320 268 ἤτοι
331 233 379 261 τοῦ
390 234 449 266 ἑνὸς
461 235 608 271 προσώπου
621 234 741 270 Χριστοῦ
752 234 800 261 τοῦ
812 234 880 261 Θεοῦ
892 235 908 269 ἡ
913 234 972 269 μῶν

180 279 365 315 παραδίδωσι;
397 281 450 307 Kal
474 281 539 315 μετ’
560 281 668 314 ὀλίγα·
695 277 763 307 Εἶτα
786 279 820 306 δι’
835 280 908 316 ἡμᾶς
923 279 971 306 ἇν-

179 326 290 362 θρωπος
313 325 460 361 γενόμενος
490 326 589 362 ὁρατὸς
615 327 660 353 καὶ
678 326 841 362 ψηλαφητὺς
855 326 969 361 γέγονε·

179 373 227 400 καὶ
255 373 298 400 διὰ
321 373 377 399 τῶν
402 372 482 400 θείων
504 381 534 399 τε
559 373 606 399 καὶ
626 373 805 408 ἀνθρωπίνων
824 372 972 408 ἐνεργειῶν

180 419 350 455 φανερωθεὶς
372 419 504 455 ὑπάρχειν
526 420 555 446 ὲν
574 419 682 454 θεότητι
704 420 752 447 καὶ
765 419 968 456 ἀνθρωπότητι,

179 466 296 493 δέδωκεν
319 467 385 501 ἡμῖν
400 466 547 500 γινώσκειν
559 466 600 493 ὅτι
625 468 654 493 ὲν
664 465 705 498 οἷς
727 466 863 500 ἐγνώσθη,
875 466 904 499 ὲξ
921 466 970 493 αὺ-

180 511 234 539 τῶν
249 512 410 540 συνίσταται
419 521 426 528 ·
439 512 511 539 οὕτω
525 513 581 548 γὰρ
592 513 638 540 καὶ
647 513 672 540 οἰ
688 513 762 548 ἅγιοι
776 513 899 548 Πατὲρες
915 513 970 548 ἀμ-

180 558 300 594 φοτέρας
316 558 367 590 τὰς
382 559 473 594 φωνὰς
490 558 701 594 ὁμολογοῦντες,
718 560 842 586 τουτέστι
859 560 908 586 καὶ
921 559 971 595 τὴν

179 605 211 631 ὲκ
230 604 358 640 θεότητος
383 605 431 631 καὶ
453 604 666 641 ἀνθρωπότητος
682 606 717 633 δι’
730 606 867 641 ἑκατέρας
880 606 972 633 αὐτῶν

880 129 1005 161 BULLA
1023 130 1164 161 AUREA.

1750 129 1819 163 1150

1024 189 1059 216 Et
1075 189 1157 224 paulo
1171 193 1227 225 post
1243 198 1252 217 :
1267 189 1384 222 Deinde,
1403 194 1518 226 propter
1541 197 1593 217 nos
1615 189 1699 218 homo
1715 189 1818 222 factus.

1025 235 1144 264 visibilis
1168 236 1378 272 tractabilisque
1393 236 1483 265 factus
1499 241 1552 265 est.
1574 236 1700 272 Cumque
1716 235 1820 264 divinis

1026 288 1110 319 atque
1132 283 1262 311 humanis
1276 283 1429 312 virtutibus
1444 284 1472 312 in
1495 283 1643 312 divinitate
1667 291 1700 310 ac
1719 283 1820 310 huma—

1024 331 1112 358 nitate
1133 338 1194 358 esse
1210 331 1397 366 apparuisset,
1410 331 1492 358 nobis
1503 330 1727 366 cognoscendum
1742 328 1821 357 dedit

1024 382 1054 402 se
1074 382 1109 402 ex
1131 374 1200 409 ipsis
1227 374 1384 402 subsistere
1401 375 1505 410 quibus
1527 375 1685 410 patefactus
1705 378 1759 401 est.
1773 373 1820 401 Sic

1023 428 1090 457 ergo
1114 422 1201 448 sancti
1225 421 1321 448 Patres
1348 421 1398 448 has
1420 421 1516 449 ambas
1534 428 1618 449 voces
1644 419 1818 452 conﬁtentes.

1025 475 1109 495 unam
1132 467 1241 495 scilicet
1256 466 1291 494 de
1312 467 1416 495 deitate
1430 473 1514 502 atque
1538 468 1654 495 alteram
1669 467 1704 494 de
1718 466 1818 494 huma—

1024 514 1121 547 nitate,
1140 521 1174 542 ex
1189 517 1308 549 utraque
1323 513 1514 541 inconcretam
1533 519 1617 549 atque
1643 513 1818 541 individuam

1024 559 1208 587 (nconomiam
1235 559 1329 594 magni
1361 559 1410 587 Dei
1443 559 1533 587 nostri
1570 558 1725 587 Salvator-is
1751 558 1818 586 Jesu

1024 605 1127 634 Christi
1158 605 1283 633 tradunt.

180 654 210 680 τὸ
224 653 377 688 ἅσύγχυτόν
390 662 420 680 τε
441 654 488 681 καὶ
520 654 675 690 ἀδιαίρετον
692 656 742 691 τῆς
774 655 934 690 οἰκονομίας
950 654 998 681 τοῦ
1020 654 1139 690 μεγάλου
1163 654 1233 681 Θεοῦ
1260 654 1308 681 καὶ
1330 654 1457 690 Σωτῆρος
1478 654 1559 692 ἡμῶν¹
1583 653 1673 689 Ἰησοῦ
1696 651 1817 689 Χριστοῦ

180 709 218 727 πα
222 700 386 736 ραδιόόασιν.

1713 797 1812 806 -ρ

180 879 590 924 ΧΡΥΣΟΒΟΥΛΟΝ
625 880 739 924 ΤΟΥ
775 878 1053 924 ΑΟΙΔΙΜΟΥ
1091 878 1358 922 ΒΑΣΙΛΕΩΣ
1395 877 1811 925 ΙΟΥΣΤΙΝΙΑΝΟΥ,

501 975 521 1001 0
541 973 742 1002 ΕΔΩΡΗΣΑΤΟ
762 973 817 1000 ΕΙΣ
839 973 909 1000 TON
933 972 1003 999 ΤΟΥ

1025 972 1106 999 ΣΙΝΑ
1125 971 1237 999 ΟΡΟΥΣ
1257 970 1473 999 ΗΓΟΥΜΕΝΟΝ
1491 971 1499 987 ¹

401 1111 724 1174 DECRETUM
764 1129 977 1175 iLLUST

1024 1129 1208 1174 lSSIMI
1246 1127 1597 1175 JUSTINIANI

620 1228 762 1259 DATUM
786 1228 841 1258 AD
871 1227 1062 1258 ABBATEM
1089 1227 1242 1258 MONTIS
1265 1226 1384 1257 SINAI.

641 1310 847 1344 (TISCHBNDOBF,
857 1309 992 1338 Anecdota
1005 1317 1083 1337 sacra
1098 1313 1122 1336 et
1134 1309 1260 1346 profana,
1274 1317 1301 1344 p.
1317 1307 1373 1344 56.)

217 1459 246 1484 Et
260 1458 290 1485 δὲ
303 1459 350 1484 καὶ
364 1456 478 1493 ἀνδράσι
497 1459 554 1489 τοῖς
569 1457 732 1494 περιδεξίοις
761 1459 801 1490 εἰς
819 1449 972 1495 ὑπηρεσίαν

1059 1458 1088 1488 Si
1098 1459 1174 1487 viros
1188 1459 1236 1494 qui
1250 1459 1362 1495 regibus
1377 1458 1542 1494 adjuvandis
1554 1459 1636 1495 periti
1647 1463 1723 1493 sunt,
1734 1464 1817 1496 atque

180 1504 235 1530 τῶν
251 1504 384 1539 βασιλέων
400 1504 410 1519 ⁵
427 1504 568 1539 ἀρχόντων
590 1504 854 1540 καταστρατηγῆσαι
868 1505 877 1520 ³
893 1505 908 1540 ἢ
925 1505 975 1530 πό-

180 1551 249 1577 λεων
262 1550 411 1585 διοικήσεις
429 1550 635 1585 ἐγχειρισθῆναι
660 1551 676 1586 ἢ
702 1550 784 1582 λαοὺς
801 1550 938 1586 ὁδηγῆσαι
955 1551 972 1586 ἢ

180 1597 228 1624 καὶ
257 1596 314 1624 ἄλλ’
337 1597 406 1624 ἄττα
431 1596 545 1623 τοιαῦτα
570 1596 580 1612 ⁸
597 1596 728 1632 πράττειν
757 1596 911 1630 δεδομένοις
934 1595 973 1631 τῷ

180 1642 276 1678 κράτει
290 1641 340 1676 τῆς
357 1641 411 1668 τῶν
423 1635 563 1676 Ῥωμαῖων
579 1641 668 1676 ἀρχῆς
684 1641 835 1675 φαινόμενα
848 1641 973 1675 χρήσιμα

178 1689 264 1724 τιμὴν
284 1689 428 1723 ὲπιμετρεῖ
453 1688 502 1723 τὴν
525 1688 720 1723 προσήκουσαν
733 1687 789 1714 τῶν
817 1687 949 1722 ὑπηκόων
962 1687 972 1703 ⁵

179 1737 237 1764 ὅσοι
266 1736 448 1772 εὐγνώμονες,
468 1735 659 1771 εἰσηγούμενοι
676 1735 777 1762 δίκαιοι
802 1734 837 1762 ἂν
864 1733 920 1761 εἷεν
938 1734 974 1761 τὰ

179 1782 229 1816 τῆς
243 1783 385 1819 ὑποθήκης
399 1782 502 1809 τούτων
520 1782 630 1817 βλέπειν
641 1782 671 1808 τὸ
686 1781 774 1817 πέρας
789 1781 973 1816 ἐπιδεχόμενα

179 1829 293 1865 ἀνδράσι
308 1830 416 1864 σεμνοῖς
432 1828 479 1856 καὶ
493 1828 543 1864 βίῳ
556 1828 602 1854 καὶ
617 1828 710 1864 τρόπῳ
722 1828 769 1854 καὶ
779 1827 839 1862 Θεῷ
855 1827 972 1862 πλησιά-

179 1876 272 1907 ζουσιν
287 1876 307 1909 ε,
320 1876 370 1911 οὐχ
385 1876 436 1902 ὅσα
451 1875 506 1902 τῶν
521 1875 593 1902 κατὰ
603 1875 637 1901 τὰ
654 1874 743 1906 ὲκτδς,
764 1873 967 1906 συντεινόντων,

178 1922 248 1950 ἀλλὰ
263 1921 381 1958 κρείττω
405 1921 450 1948 καὶ
466 1922 506 1953 εἰς
531 1921 620 1957 ψυχὴν
642 1921 726 1956 αὐτὴν
749 1920 971 1956 παραπέμποντα

177 1969 227 2004 τὴν
249 1968 393 2003 ὠφέλειαν,
413 1968 512 2004 μᾶλλον
529 1968 557 1995 δὲ
583 1967 631 1994 καὶ
653 1967 733 1994 τοῦτο
755 1969 866 1995 κάκεῖνο
891 1975 970 2002 περι-

178 2014 329 2050 ποιούμενα
345 2014 451 2046 τούτοις
475 2015 507 2041 ὲκ
527 2014 577 2049 τῆς
592 2013 695 2040 ἄνωθεν
709 2013 799 2045 δεξιᾶς
818 2012 970 2047 προϐαλλο-

180 2061 265 2096 μένης
276 2062 333 2092 τοῖς
344 2060 544 2096 αὐτοκράτορσι
559 2068 566 2074 ·
578 2060 638 2091 πῶς
661 2060 712 2086 οὔκ
726 2059 758 2086 ἂν
773 2059 815 2094 εἴη
831 2058 885 2085 τῶν
904 2059 970 2085 καθ-

178 2107 299 2143 ηκόντων
324 2107 462 2139 ὲτιικλινὲς
484 2106 565 2133 ὠτίον
589 2106 732 2142 βραϐεύειν
758 2107 806 2132 καὶ
829 2106 869 2137 εἰς
892 2098 970 2138 τ’έλος

179 2140 255 2188 ἀγειν
274 2153 346 2189 ἅπερ
363 2153 533 2189 αἰτήσαιντο.
551 2140 629 2179 Eilis
645 2152 692 2178 καὶ
719 2152 800 2184 ἄλλος
818 2153 851 2187 τῇ
877 2151 969 2188 δεήσει
983 2140 1004 2169 C

176 2200 290 2234 τιμᾶται
311 2200 341 2226 τὺ
357 2190 479 2233 εὔλογον,
495 2199 545 2234 οὐχ
564 2199 640 2230 ὅπως
655 2198 699 2224 διὰ
712 2198 763 2234 τὴν
776 2197 879 2224 τούτων
890 2198 900 2213 ⁷
920 2206 970 2225 πα-

178 2245 321 2281 ράκλησιν,
338 2245 394 2272 ἀλλ’
410 2245 460 2281 ἤδη
477 2246 524 2272 καὶ
545 2244 607 2272 καθ’
623 2244 690 2271 αὐτὸ
706 2244 736 2270 τὸ
750 2244 868 2279 πρᾶγμα
882 2243 967 2275 ἀξίως

177 2291 233 2327 ἔχει
249 2292 259 2308 ⁸
271 2292 409 2326 γενέσθαι,
425 2291 576 2327 τηνικαῦτα
591 2291 637 2317 καὶ
653 2290 756 2325 μᾶλλον
767 2291 829 2320 ταῖς
841 2290 966 2324 αἱτήσεσι

176 2337 280 2365 τούτων
308 2338 464 2364 ἐπαινετέον
491 2338 556 2369 τοὺς
572 2337 694 2368 ἄνακτας
711 2336 759 2363 καὶ
785 2336 939 2370 παρεκτέον
955 2336 965 2351 ³

176 2383 249 2419 ᾇπερ
262 2383 392 2416 ἐθέλοιεν,
410 2383 442 2409 ἵν’
458 2380 512 2409 εἷεν
527 2383 557 2409 οὐ
573 2382 653 2418 μόνον
666 2382 768 2413 αὐτοῖς,
787 2381 856 2409 ἀλλὰ
870 2381 967 2416 καὶτῷ

175 2429 275 2466 δικαίῳ
287 2429 360 2457 κατὰ
374 2430 404 2455 τὸ
416 2429 489 2461 εἰκὸς
501 2429 677 2465 χαριζόμενοι
693 2429 726 2455 ίθ.
740 2427 827 2455 Τοῦτο
844 2428 892 2454 καὶ
904 2427 967 2463 ἄρτι

175 2478 208 2512 τῇ
229 2475 353 2512 βασιλείᾳ
376 2484 428 2510 μου
443 2475 575 2510 πάρεστιν
603 2475 666 2501 ἰδεῖν
689 2474 898 2509 ὲκτελούμενον,
913 2474 966 2500 δω-

177 2524 296 2561 ρουμένη
312 2525 369 2555 τοῖς
392 2524 421 2549 ὲν
434 2522 473 2557 τῷ
488 2522 545 2558 ὄρει
561 2523 626 2548 Σινᾶ
641 2522 726 2558 τιμὴν
740 2522 790 2557 τὴν
805 2522 968 2557 ὑπέρτιμον⁶

175 2571 254 2597 τοῦτο
279 2571 329 2606 μὲν
352 2570 386 2597 δι’
400 2569 507 2596 ἱκεσίαν
526 2569 560 2605 ἢν
581 2569 730 2604 ἐποιήσατο
754 2569 825 2604 πρὸς
841 2569 891 2604 ἐμὲ
917 2569 937 2584 ¹¹
955 2569 970 2594 ό

1025 1506 1166 1533 exercitus
1178 1506 1297 1538 ducere,
1313 1505 1395 1533 urbes
1414 1506 1620 1539 administrare,
1640 1511 1737 1541 gentes
1751 1507 1820 1534 diri-

1025 1560 1100 1587 gere,
1118 1557 1146 1580 et
1160 1552 1297 1588 quidquid
1320 1552 1508 1580 Romanorum
1532 1553 1651 1588 imperio
1668 1553 1818 1581 utilitatem

1024 1599 1133 1632 afferat,
1148 1599 1263 1634 exsequi
1280 1599 1392 1632 callent,
1405 1599 1482 1635 justo
1494 1599 1600 1627 honore
1608 1604 1818 1635 prosequuntur

1025 1650 1161 1682 quotquot
1169 1646 1273 1673 civium
1281 1645 1353 1674 bene
1363 1645 1487 1673 sentiunt
1497 1646 1654 1681 :quomodo
1663 1646 1817 1681 principes.

1024 1694 1071 1729 qui
1086 1701 1200 1728 scopum
1215 1693 1396 1721 consiliorum
1414 1700 1429 1720 a
1445 1692 1512 1720 viris
1529 1693 1698 1720 venerandis
1711 1697 1740 1720 et
1758 1692 1816 1720 vita

1023 1747 1101 1774 mque
1130 1747 1164 1767 ac
1192 1739 1317 1766 moribus
1352 1739 1410 1766 Deo
1446 1738 1585 1766 similibus
1618 1738 1817 1773 prodeuntium

1021 1785 1095 1820 justa
1113 1784 1192 1811 lance
1212 1783 1369 1818 ponderare
1395 1783 1489 1810 valent
1503 1803 1510 1814 ,
1535 1783 1717 1810 consiliorum
1729 1803 1736 1815 ,
1755 1791 1818 1817 qua;

1023 1838 1079 1857 non
1092 1830 1126 1856 ad
1153 1829 1291 1856 exteriora
1306 1832 1443 1864 spectant.
1465 1829 1513 1856 sed
1535 1828 1729 1863 praestantiora
1753 1835 1817 1859 sunt

1022 1879 1051 1903 et
1074 1876 1172 1903 anima
1194 1874 1247 1911 ipsi
1270 1878 1399 1909 prosunt,
1429 1875 1485 1902 imo
1509 1883 1595 1903 unum
1626 1880 1655 1902 et
1686 1875 1816 1909 alterum,

1021 1922 1130 1949 favente
1160 1921 1284 1956 potentia
1308 1921 1412 1953 divina,
1435 1925 1577 1956 praestant,
1604 1921 1756 1955 quomodo,
1772 1921 1816 1948 in-

1021 1975 1115 2002 quam,
1125 1975 1179 1994 non
1193 1966 1292 1994 deceat
1300 1974 1394 2002 seges,
1414 1967 1523 1994 facilem
1539 1967 1665 2002 przebere
1676 1975 1772 1995 aurem
1788 1973 1817 1995 et

1021 2021 1083 2049 quae
1103 2018 1241 2048 petuntur
1266 2013 1300 2040 ad
1325 2014 1409 2040 linem
1436 2013 1615 2049 perducere?
1637 2014 1774 2042 Cmterum
1792 2015 1815 2042 si

1021 2060 1062 2088 rei
1076 2060 1156 2087 home
1178 2060 1268 2095 majus
1281 2060 1419 2088 accrescit
1438 2060 1560 2095 pretium
1577 2068 1592 2087 a
1606 2060 1745 2095 precibus,
1759 2067 1814 2087 non

1021 2105 1087 2140 quia
1105 2105 1144 2132 illi
1158 2105 1302 2140 petierint,
1319 2105 1366 2132 sed
1383 2105 1458 2140 quod
1476 2112 1521 2132 res
1539 2113 1588 2140 per
1602 2113 1630 2132 se
1642 2109 1765 2140 spectata
1780 2105 1814 2132 ad

1021 2151 1151 2179 allectum
1168 2151 1282 2186 perduci
1309 2156 1460 2184 mereatur,
1487 2151 1575 2178 multo
1590 2151 1684 2186 potius
1707 2151 1814 2187 princi-

1022 2206 1087 2233 pum
1098 2202 1150 2230 est,
1163 2198 1294 2232 precibus
1312 2198 1424 2225 illorum
1440 2198 1574 2225 accedere
1586 2202 1683 2232 etquae
1697 2206 1814 2233 rogave-

1022 2245 1079 2272 rint
1092 2249 1235 2280 praestare,
1254 2249 1285 2272 ut
1298 2253 1354 2272 non
1372 2245 1454 2272 modo
1465 2245 1531 2277 illis,
1545 2245 1594 2272 sed
1608 2245 1815 2280 etiamjustitiaa

1019 2291 1200 2318 satisfaciant.
1231 2291 1290 2319 Hoc
1310 2299 1386 2319 nunc
1409 2291 1478 2318 mihi
1503 2291 1640 2326 contingit
1664 2291 1759 2319 videre
1776 2291 1815 2319 fa-

1019 2344 1106 2370 ctum,
1126 2338 1191 2365 dum
1207 2338 1343 2373 insignem
1363 2339 1465 2366 montis
1478 2338 1552 2366 Sina:
1567 2338 1814 2368 incolislionorem

1021 2381 1126 2414 tribuo,
1150 2382 1317 2410 sanctissimi
1336 2390 1368 2410 ac
1389 2391 1497 2410 summe
1513 2383 1663 2410 venerandi
1676 2388 1817 2418 metropoa

1020 2428 1076 2456 lita:
1099 2427 1279 2456 Ptolemaidis
1292 2429 1423 2463 precibus
1437 2433 1591 2464 permotus.
1602 2428 1730 2464 iniquum
1739 2429 1812 2457 enim

1020 2474 1134 2501 omnino
1148 2474 1255 2506 censui,
1278 2475 1351 2509 iusta
1369 2475 1476 2509 petenti
1490 2474 1564 2501 haud
1579 2475 1675 2502 faciles
1689 2475 1814 2510 praebere

1019 2529 1111 2552 aures.
1137 2525 1184 2548 aut
1210 2520 1349 2556 denegare
1375 2529 1437 2556 qua:
1459 2521 1535 2556 justo
1552 2521 1686 2548 damnum
1710 2521 1813 2549 all'erre

1019 2568 1198 2597 videbantur.
1227 2567 1362 2595 Praeterea
1384 2575 1464 2595 mons
1484 2567 1542 2600 ille,
1562 2576 1597 2596 ex
1620 2576 1682 2596 mea
1700 2568 1813 2604 quidem

811 2626 930 2654 VARIE
953 2625 1158 2654 LECTIONES.

212 2675 218 2688 ‘
236 2673 302 2700 Cod.
321 2674 418 2702 Dresd.
435 2674 564 2708 Ὀρισμδς
578 2673 626 2700 τοῦ
640 2673 771 2708 βασιλέως
793 2673 995 2706 Ἰουστινιανοῦ,

175 2707 238 2744 illa
252 2709 312 2736 cod.
329 2710 425 2742 Dresd,
440 2718 453 2736 a
467 2707 555 2744 prima
569 2707 650 2736 manu
666 2709 746 2741 ;cod.
763 2709 839 2743 Lips.
861 2713 888 2737 et
903 2713 1044 2737 corrector
1055 2707 1158 2736 codicis
1174 2709 1269 2735 Dresd.
1297 2710 1336 2740 εἰς
1361 2709 1507 2744 ὑπηρετῶν
1524 2707 1666 2743 βασιλέων.

446 2745 522 2778 ἧσαι.
561 2744 571 2760 ⁸
586 2744 654 2772 Cod.
666 2744 763 2772 Dresd.
778 2745 794 2779 ἢ
811 2744 879 2771 ἄλλα
894 2745 926 2770 τὰ
944 2744 1075 2776 retains;
1091 2748 1185 2779 postea
1204 2744 1276 2771 idem
1292 2744 1431 2777 δεομένοις
1447 2752 1498 2779 pro
1513 2744 1676 2778 δεδομένοις.

175 2741 270 2779 presd.
285 2741 522 2778 καταστρατῆσαι.
561 2744 571 2760 ⁸
586 2744 654 2772 Cod.
666 2744 763 2772 Dresd.
778 2745 794 2779 ἢ

176 2777 272 2814 llresd.
288 2787 342 2806 om.
360 2777 414 2805 τῶν
428 2777 566 2814 ὑπηκόων.

176 2813 185 2826 ⁸
204 2810 300 2841 Ἔκειι
317 2814 352 2841 ita
367 2810 541 2850 Dresd..'non
565 2815 648 2842 habet
669 2815 742 2850 Lips.

176 2857 269 2883 μενον.
307 2850 327 2865 "
344 2849 410 2877 Cod.
426 2851 519 2877 Dresd.
536 2852 601 2886 πρῦς
619 2859 662 2886 με.

623 2781 632 2795 ⁸
646 2779 715 2807 Cod.
735 2780 809 2815 Lips.
830 2779 1022 2813 πλησιάζουσι.

797 2816 805 2831 ⁸
821 2815 857 2842 lta
884 2815 958 2849 Lips.
985 2814 1083 2847 habet;
1101 2815 1198 2842 Drcsd.
1222 2815 1367 2850 παρητέον.

1018 2673 1048 2700 ὃν
1073 2674 1201 2708 ἐποίησεν
1219 2673 1263 2699 διὰ
1289 2673 1320 2699 τὸ
1350 2673 1523 2700 θεοῆάδιστον
1549 2674 1611 2708 ὅρος
1638 2673 1669 2700 τὸ
1694 2672 1813 2700 Σίναιον.

1018 2717 1044 2736 )r
1055 2709 1158 2736 codicis
1174 2709 1269 2735 Dresd.
1297 2710 1336 2736 ei:
1361 2709 1507 2736 ὑπηρετῶν
1525 2709 1666 2736 Βασιλέων.
1718 2708 1729 2724 ³
1743 2707 1811 2736 Cod.

1764 2716 1811 2736 οα.

1091 2748 1185 2779 postea
1204 2744 1276 2771 idem
1292 2743 1431 2777 δεομένοις
1447 2752 1498 2779 pro
1513 2744 1676 2778 δεδομένοις.
1716 2743 1727 2759 ⁸
1741 2743 1810 2771 Cod.

1077 2780 1085 2794 '
1103 2779 1212 2805 Τούτων
1242 2787 1275 2806 ex
1297 2779 1358 2807 cod.
1386 2779 1484 2807 Dresd.
1516 2784 1578 2812 est;
1601 2779 1676 2812 Lips.
1697 2778 1809 2809 omittit.

1420 2788 1484 2807 'esa.
1516 2788 1578 2812 est;
1601 2788 1676 2841 nugs.
1697 2788 1808 2809 omum.

1420 2815 1440 2830 ”
1455 2815 1575 2849 Uterque
1598 2822 1629 2841 co
1651 2822 1684 2842 ex
1701 2814 1808 2849 χαριζό.
