1966 3089
215 139 286 173 1150
884 130 991 162 AGAP]

1079 128 1223 159 )IACONI
1786 121 1797 154 1
1805 121 1855 154 160

213 197 371 230 Phalaride,
395 197 517 232 Agapeto
540 198 566 221 et
586 193 686 221 Basilio
711 190 871 219 Macedone.
898 188 995 216 Eidem
1021 186 1209 214 Hendreichio
1234 189 1421 213 memorantur
1443 189 1554 219 quoque
1584 181 1701 210 Andreae
1723 180 1855 209 Wernerl

214 245 273 281 (qui
301 228 398 272 Latine
420 228 515 272 vertit,
544 239 668 275 Magdcb.
696 237 722 268 8.
762 237 802 264 uti
827 236 912 263 etiam
938 234 1038 262 Petrus
1063 232 1215 267 Bizarrus),
1239 231 1359 259 Conradi
1381 229 1574 262 Rittershusii,
1596 228 1674 262 Lips.
1700 228 1782 261 1611,
1806 229 1854 256 12.

213 276 255 320 ἑὸ.
271 290 407 323 Bercovii,
422 295 450 318 et
464 288 577 317 ilenrici
593 286 708 315 Kitschii
724 285 862 313 editiones
878 283 954 318 Lips.
972 280 1132 316 1615,1[ίι.
1148 280 1227 311 1610,
1241 280 1268 306 Α.
1286 287 1330 314 ap.
1352 278 1489 313 Adclung.
1506 277 1525 304 1.
1543 276 1594 313 c.].

251 322 536 374 ExpositiorCapitum
554 333 796 370 paraeneticorum,
811 337 874 358 cum
895 329 967 356 notis
989 327 1122 362 Stephani
1133 325 1314 360 Sehteningii,
1334 323 1522 355 Franeckerm,
1539 323 1618 355 1608,
1635 322 1674 355 8.,
1689 329 1752 350 cum
1763 322 1854 350 sancti

214 381 268 414 Nili
283 367 522 412 admonitiodibus
536 367 564 409 et
578 380 671 408 libello
683 379 720 406 De
738 376 898 408 virtutibus,
917 375 964 410 qui
976 373 1121 401 Aristoteli
1136 372 1269 400 tribuitur
1284 370 1352 407 [rec.
1368 371 1484 402 Gorlitz,
1502 369 1583 401 1679,
1598 367 1638 404 8].

186 451 191 465 ,
249 430 317 460 Cum
333 429 461 458 versione
484 427 599 463 duplici,
613 424 867 456 dissertationibus,
887 421 1033 456 exemplis,
1056 419 1257 455 quaestionibus
1280 426 1329 453 per
1348 417 1498 453 Georgium
1524 416 1690 448 Draudium,
1720 414 1852 444 Francof.

215 480 295 513 1615,
311 480 328 507 4
341 488 349 513 ς
364 483 391 506 et
412 476 492 509 1659,
508 477 534 504 4.
842 505 844 508 τ

250 508 428 554 ιη’Λυὲιπὶο
444 522 623 550 Bibliotheca:
632 521 745 548 Patrum
760 519 907 549 Ducaeano,
923 516 1012 544 Paris.
1027 515 1106 547 162.1,
1123 514 1247 542 fol.tom.
1265 513 1298 544 ll,
1311 519 1372 547 pag.
1389 511 1458 544 562;
1475 516 1502 538 et
1513 515 1580 539 tom.
1591 509 1639 538 ΧΠ
1654 509 1724 537 Bibl.
1742 508 1855 537 Patrum

215 575 394 606 Morelliame,
410 572 497 600 Paris.
517 570 596 603 16M,
617 577 645 604 p.
659 569 721 596 607.

251 619 364 655 Agapetl
386 602 492 645 Sclieda
507 615 582 650 regia
605 602 632 641 et
645 612 737 640 Basilii
757 610 915 640 Macedonis
930 609 1138 637 adhortationes
1159 607 1193 635 ad
1217 607 1338 634 Leonem
1355 604 1455 636 lilium,
1475 611 1538 631 cum
1569 603 1696 631 versione
1716 602 1855 629 recensita

217 676 231 694 a
246 646 407 694 Bgrnhardo
429 646 773 693 DamkeiHamburgensi,
798 657 900 684 additis
914 656 974 692 ejus
992 655 1066 681 notis
1088 653 1143 690 [sat
1164 650 1308 687 copiosis],
1323 649 1407 677 Basil.
1425 648 1503 681 1655,
1530 647 1546 674 8
1565 646 1644 683 [usus
1679 654 1790 682 quoque
1812 651 1857 673 est

256 734 263 740 .
281 713 380 740 Colon.
397 711 489 740 1517i.

256 734 263 740 .
374 732 380 738 .
434 711 464 737 17
483 729 489 736 .
659 729 661 731 .

218 713 369 795 “Agaga?
380 709 487 784 8:15)ch
515 753 588 790 regia
615 755 758 788 repurgata
785 750 892 778 mendis
915 755 942 777 et
961 748 1106 783 explanata
1122 755 1138 774 a
1160 746 1191 774 P.
1205 745 1320 774 Guerin.
1346 744 1435 772 Paris.
1459 742 1538 770 1655.
1555 742 1581 769 8.
1602 741 1682 769 Eum.
1708 740 1856 778 Inscriptio

218 810 247 836 in
261 789 367 836 Biniau.
383 805 470 834 Calai.
493 808 559 830 tom.
580 802 624 835 lll,
646 801 700 828 vol.
722 801 742 832 l,
765 807 827 834 pag.
849 799 894 831 99,
914 802 975 825 est:
994 795 1108 834 Agapeti
1133 795 1230 830 Capita
1245 792 1430 821 admonitoria
1449 799 1531 823 LXXII,
1549 790 1582 817 ad
1606 790 1753 818 Justinian.
1775 789 1857 824 imp.,

218 858 267 885 Gr.
288 861 316 884 et
335 855 393 882 Lat.
415 861 448 880 ex
463 850 635 879 correctione
653 853 680 876 et
697 856 760 876 cum
775 847 968 882 explanatione
988 846 1019 872 P.
1038 844 1153 872 Guerin.
1171 843 1257 870 Paris.
1273 842 1338 870 Seb.
1350 841 1504 876 Cramoisy,
1525 840 1605 870 1655,
1623 840 1650 866 8.

253 916 289 921 ——
302 898 444 935 Expositio
464 895 647 925 admonitoria
665 902 727 921 cum
755 892 950 928 explanatione
970 890 1098 918 familiari
1119 896 1218 916 vocum
1241 887 1379 920 omnium,
1396 892 1453 914 aut.
1466 885 1548 913 Cuid.
1578 885 1741 917 Britonello,
1766 884 1855 912 Paris.

219 949 300 982 1651,
321 947 337 975 8
353 946 497 982 (Adelung.
513 952 545 972 ex
560 943 628 970 bibl.
645 941 729 976 Regia
750 939 862 975 Paris).

255 975 391 1033 hla'ittai‘re
412 992 438 1019 in
518 990 551 1017 T.
578 990 606 1017 in
624 975 710 1015 Indic.
733 995 760 1022 p.
780 987 824 1017 11,
852 985 919 1012 citat
941 983 1024 1010 aliam
1048 982 1116 1010 edit.
1141 982 1255 1016 Agapcti
1279 979 1422 1015 Expositio
1442 977 1637 1010 admonitoria,
1656 977 1704 1005 Gr.
1716 984 1779 1004 eum
1794 975 1855 1004 Lat.

217 1031 344 1069 versione
359 1045 387 1068 et
406 1038 600 1074 explanatione
617 1035 700 1063 Guid.
721 1033 879 1064 Britonelli,
902 1036 957 1059 etc.
979 1030 1066 1058 Paris.
1086 1037 1130 1065 ap.
1141 1029 1184 1058 Jo.
1207 1029 1323 1061 Libert.,
1343 1028 1422 1056 1659.
1440 1028 1466 1054 8.
1481 1027 1564 1054 HAHL.

255 1088 323 1115 Cum
340 1086 418 1122 notis
432 1067 489 1112 lac.
506 1082 653 1113 Brunonis,
674 1086 701 1108 et
718 1079 781 1112 lilii,
793 1079 850 1106 Jac.
863 1077 1001 1105 Pancratii
1018 1074 1288 1113 Brunonis,vLipsia:
1305 1079 1333 1101 et
1348 1073 1472 1100 Norimb.
1492 1072 1570 1104 1669,
1588 1071 1613 1098 8.
1628 1069 1670 1106 [Υ.
1686 1077 1747 1105 qua).
1763 1067 1855 1096 notavi

218 1135 246 1163 in
258 1134 363 1162 Introd.
380 1133 406 1160 in
424 1132 492 1159 llist.
510 1131 529 1157 Ι.
546 1129 594 1157 Gr.
613 1128 646 1160 ll,
668 1132 739 1162 part.
761 1135 779 1160 ι,
800 1133 862 1161 pag.
878 1123 955 1160 106.]

254 1171 392 1207 Brunonis
413 1177 482 1205 edit.
509 1175 626 1210 repetita
645 1178 687 1201 est
711 1177 738 1201 et
760 1160 840 1200 aucta
861 1171 890 1198 in
916 1178 976 1205 seq.
1002 1168 1147 1197 editione:
1172 1167 1287 1203 Agapeti
1318 1166 1455 1194 Sehedam
1475 1165 1578 1200 regiam
1604 1168 1806 1199 praeceptorum
1822 1160 1857 1187 de

219 1227 311 1255 ofﬁcio
325 1225 390 1253 boni
404 1222 537 1259 principis
552 1221 586 1248 ad
607 1221 800 1255 imperatorem
821 1217 971 1245 Justinian.
995 1215 1149 1247 recensuit,
1173 1215 1247 1241 notis
1272 1213 1329 1241 Jac.
1349 1217 1376 1240 et
1398 1213 1456 1241 Jac.
1483 1212 1610 1240 Pancrat.
1639 1210 1811 1241 Brunonum,
1827 1212 1856 1236 et

220 1273 288 1304 suis,
305 1257 500 1303 iudicibusque
518 1266 649 1294 instruxit
665 1265 706 1292 Jo.
722 1263 868 1299 Augustin.
884 1260 1050 1289 Groebelius.
1068 1260 1144 1295 Lips.
1161 1259 1204 1287 Jo.
1219 1258 1285 1286 Chr.
1307 1258 1429 1290 Martini,
1451 1257 1531 1289 1753,
1548 1257 1574 1284 8.
1594 1257 1678 1284 ﬂant.

849 1319 960 1354 Agapeti
977 1319 1101 1345 editiones
1116 1317 1230 1345 Lntime.

256 1389 336 1425 Apud
354 1386 514 1416 Baronium,
530 1384 564 1411 ad
580 1391 605 1410 a.
620 1382 651 1410 C.
668 1376 730 1413 5‘27,
744 1389 772 1407 n.
787 1380 803 1406 4
823 1387 882 1414 seq.

256 1419 288 1464 in
309 1434 469 1462 Bibliotheca
488 1431 612 1461 Patrum,
632 1429 729 1456 .Paris.
753 1427 832 1459 1575,
858 1426 937 1459 1621,
955 1430 1024 1453 tom.
1046 1425 1080 1458 ll,
1097 1433 1125 1460 p.
1140 1425 1203 1458 ⁵565,
1227 1429 1310 1460 atque
1330 1425 1359 1452 in
1379 1425 1441 1453 aliis
1453 1423 1627 1451 editionibus
1640 1419 1857 1454 Parisiensibus,

221 1480 391 1512 Coloniensi,
407 1484 435 1507 et
449 1478 570 1512 denique
586 1476 613 1503 in
627 1474 806 1510 Lugdunensi
824 1478 898 1500 tomo
910 1473 958 1500 1X.

257 1527 296 1554 Ex
311 1525 409 1554 Albani
421 1523 516 1552 Torini
528 1521 654 1549 versione
670 1519 753 1546 Basil.
768 1518 848 1548 15-11.
861 1518 888 1549 8,
909 1517 944 1545 ad
958 1517 1063 1545 calcem
1076 1514 1244 1547 Onosandri,
1263 1514 1336 1550 apud
1350 1514 1502 1543 Robertum
1513 1514 1634 1543 Winter.

258 1575 298 1603 Ex
310 1572 474 1608 Mctapbrasi
493 1570 604 1598 heroica
617 1567 739 1596 Menradi
749 1566 887 1598 Moltheri,
905 1565 1052 1600 Bagenoaa,
1067 1563 1147 1594 1527,
1161 1563 1188 1590 8.

258 1624 298 1651 Ex
318 1622 445 1650 versione
461 1624 489 1647 et
502 1626 563 1646 cum
578 1617 693 1645 sclioliis
707 1614 802 1643 Jacobi
819 1613 956 1649 Huggelii,
970 1611 1112 1644 Mulhusii,
1124 1610 1204 1643 1560,
1216 1610 1243 1638 8.

259 1672 299 1699 Ex
317 1670 445 1698 versione
459 1667 554 1696 Joaelx.
570 1665 683 1697 Axonii,
699 1663 840 1694 Graviani,
858 1662 999 1696 Antwerp.
1020 1660 1099 1693 1561,
1116 1659 1143 1686 8.

259 1719 334 1746 italae
351 1717 415 1744 Sax.
433 1715 511 1746 1595,
528 1713 554 1742 8.
570 1713 604 1740 ad
622 1712 664 1740 Jo.
679 1710 898 1746 Sigismundum,
910 1708 1100 1735 marchionem
1120 1706 1406 1741 Brandenburgicum,
1425 1705 1519 1733 studio
1532 1706 1575 1734 lo.
1591 1705 1705 1738 Olearii,
1722 1704 1860 1741 adjunctis

224 1765 362 1801 capitibus
380 1762 546 1797 Augustam:
561 1758 680 1786 confess.
698 1762 725 1785 et
742 1756 805 1783 libri
822 1755 994 1783 Concordize.

260 1799 433 1848 lAphorismis
455 1816 527 1835 Lxxu
544 1806 723 1833 distributum
746 1803 852 1830 Latinis
880 1803 1013 1829 versibus
1025 1801 1112 1837 elegis
1127 1800 1249 1828 reddidit
1267 1800 1326 1828 Ede
1349 1799 1520 1833 Neuhusius,
1535 1799 1764 1834 Steinl'urtianus,
1781 1799 1860 1833 1605,

225 1860 352 1890 Francof.
366 1860 382 1887 8
395 1868 402 1892 ;
419 1865 482 1885 cum
494 1855 603 1884 Ottonis
613 1853 762 1882 Castnanni
778 1852 930 1888 Systemate
948 1851 1082 1878 doctrina!
1097 1850 1218 1885 vitatque
1234 1849 1364 1885 politicae.

789 1910 912 1943 Gallicos,
924 1910 1086 1947 Hispaniam,
1100 1909 1274 1938 Germaniae.

261 1979 375 2010 Gallice,
391 1985 405 2004 a
423 1977 530 2004 Joanne
552 1974 640 2005 Picot,
665 1971 753 1999 Paris.
774 1969 853 2002 1565,
875 1969 901 1997 8.
922 1968 993 1996 Hinc
1015 1968 1055 2003 ab,
1066 1967 1236 2003 Hieronymo
1259 1967 1467 2000 Beneventano,
1482 1966 1550 1994 ibid.
1565 1966 1591 1994 8.
1614 1966 1683 1993 Tum
1705 1965 1864 2001 Pardulpho

225 2024 337 2054 Prateio
362 2023 532 2056 interprete,
550 2018 638 2053 Lugd.
667 2016 747 2048 1570,
763 2015 789 2042 8.
818 2015 909 2049 Atque
928 2022 962 2041 ex
988 2013 1120 2049 versione
1143 2012 1276 2040 Ludovici
1307 2012 1386 2043 Xlll.
1418 2012 1513 2041 Gallia:
1540 2012 1623 2048 regis.
1655 2012 1702 2040 Lee
1732 2017 1865 2048 precepte:

226 2072 389 2106 d'Agupetut
405 2078 419 2096 a
435 2068 589 2099 Justinien,
609 2073 656 2094 sur
680 2072 731 2091 une
758 2063 862 2090 uersion
873 2062 986 2095 Latine,
1001 2070 1052 2097 par
1073 2061 1096 2088 le
1117 2062 1156 2088 τοί
1175 2061 1254 2088 Louis
1277 2060 1354 2094 XIII,
1375 2068 1407 2087 en
1424 2069 1466 2088 ses
1487 2060 1574 2093 legans
1589 2061 1749 2088 ordinairu.
1773 2061 1864 2089 Paris.

231 2119 309 2150 1612,
334 2118 360 2145 8.

264 2165 428 2202 Hispaniae,
454 2171 505 2199 per
521 2161 753 2196 Christophorum
779 2159 926 2194 Mosquera
952 2158 987 2186 de
1011 2158 1156 2194 Figueroa.
1183 2157 1293 2185 Madrit.
1318 2156 1405 2189 1596,
1429 2157 1456 2183 4.
1479 2156 1576 2192 Βρςιαε
1599 2164 1667 2192 para
1689 2156 1729 2183 los
1750 2163 1802 2191 que
1820 2164 1868 2191 go-

227 2223 349 2244 menum.

262 2257 436 2289 Germanice,
454 2254 574 2283 Martino
589 2253 702 2281 Mollero
731 2252 882 2287 interprete
894 2272 901 2284 ,
928 2250 1036 2278 Gorlitii
1050 2271 1058 2283 ,
1085 2248 1154 2277 1590
1175 2248 1244 2285 μιῇ,
1259 2247 1353 2283 1594],
1371 2247 1451 2280 1605,
1469 2248 1496 2276 8.
1512 2248 1547 2274 Ει
1563 2255 1597 2274 ex
1613 2247 1741 2274 versione
1763 2246 1867 2273 Nicolai

225 2305 339 2340 Glajeri,
355 2303 448 2330 Brem.
468 2301 546 2334 1619,
560 2300 595 2333 ιι;
610 2307 673 2327 cum
692 2298 776 2326 laude
788 2297 947 2333 philomela:
966 2301 994 2324 et
1009 2296 1134 2324 Luciano
1155 2295 1189 2323 de
1207 2295 1345 2322 calumnia
1361 2302 1393 2322 ac
1410 2294 1502 2321 tabula
1522 2293 1642 2321 Cebetis.
1658 2293 1739 2320 Fasti.
1761 2292 1869 2327 Regen-

228 2338 437 2380 tendliichlein,
451 2347 636 2381 Wittenberg.
653 2345 730 2377 1550,
743 2345 770 2372 ι.
787 2344 1004 2371 Ρηεῑειιίοειυοιο

1091 2342 1169 2369 aabet
1180 2341 1239 2369 Nic.
1256 2340 1423 2368 Krumbacb.
1437 2340 1516 2368 Conf.
1531 2339 1653 2374 Beitrdge
1666 2347 1716 2366 ιω·
1727 2338 1867 2366 ltritischeu

227 2398 345 2427 Historia
359 2396 406 2422 der
421 2394 562 2422 deutschen
580 2392 710 2428 Sprache,
724 2397 790 2422 etc.,
809 2395 880 2426 part.
895 2398 922 2421 x,
939 2397 1000 2424 pag.
1014 2388 1063 2415 901
1079 2395 1138 2422 seq.
1154 2391 1182 2415 et
1199 2387 1234 2414 de
1253 2386 1304 2413 hac
1318 2386 1435 2420 aliisque
1461 2386 1578 2420 interpr.
1602 2392 1726 2420 german.
1749 2383 1806 2410 vid.
1831 2383 1868 2410 cl.

227 2448 319 2480 liegen
335 2444 363 2470 in
379 2442 529 2470 Litteratur
542 2439 589 2466 der
602 2438 743 2465 deutschen
760 2437 907 2465 Ucbersem.
921 2435 968 2463 der
983 2434 1120 2465 Griechen,
1135 2438 1203 2461 tom.
1224 2432 1246 2464 Ι,
1260 2440 1322 2468 pag.
1339 2431 1373 2459 48
1394 2439 1470 2466 seqq.
1492 2431 1566 2459 Idem
1581 2431 1609 2458 in
1625 2430 1760 2466 Nachtrag
1773 2438 1806 2456 au
1823 2429 1869 2456 der

228 2476 387 2524 Lit—teratur,
404 2492 458 2516 etc.
477 2487 591 2522 Erlang.
606 2486 686 2516 1801,
704 2484 731 2513 8.
746 2491 773 2518 p.
788 2483 822 2510 15
841 2484 882 2517 (ut
894 2483 949 2517 jam
968 2489 1051 2516 supra
1068 2479 1186 2515 monui),
1207 2482 1334 2506 recenset
1346 2478 1501 2506 versionem
1520 2485 1644 2512 german.
1661 2476 1689 2504 in
1707 2476 1869 2506 Griechische

228 2522 431 2573 Epracltftbung,
449 2536 516 2565 etc.,
532 2531 651 2560 Cbthen.
672 2529 751 2561 1620,
769 2528 795 2555 8.
812 2543 847 2548 -—
862 2528 891 2554 In
910 2527 1020 2554 Memor.
1037 2526 1191 2560 Beitrﬂgen,
1209 2528 1264 2551 etc.
1280 2523 1367 2550 altera
1391 2523 1444 2558 (vel
1460 2523 1552 2557 potius
1566 2522 1661 2557 tertia)
1676 2522 1746 2550 edit.
1764 2522 1870 2551 Molleri

227 2571 350 2615 vers-ian.
363 2582 450 2619 germ.
467 2589 531 2610 eum
547 2586 621 2608 textu
640 2579 736 2607 Graeco
751 2581 779 2605 et
794 2577 890 2605 Latina
909 2577 1084 2610 interpretat.
1102 2575 1252 2609 Agapetus,
1266 2572 1296 2600 ll.
1312 2580 1337 2600 e.
1360 2571 1617 2609 Regentenbftchlein
1630 2592 1637 2604 ,
1652 2576 1719 2604 etc.,
1733 2572 1871 2607 prodiisse

228 2632 342 2662 dicitur,
363 2631 443 2663 1648,
470 2630 551 2657 8..—-
568 2629 609 2655 Ab
627 2634 766 2664 anonymo
782 2626 913 2668 German.
929 2632 1028 2652 versus
1045 2628 1089 2651 est
1103 2623 1226 2655 libellus.
1243 2621 1372 2651 Erancal'.
1387 2625 1416 2649 et
1429 2621 1505 2655 Lips.
1523 2621 1604 2654 1782,
1620 2621 1647 2648 8.

264 2680 379 2715 Anglice
407 2683 507 2706 vchus
526 2683 568 2706 est
591 2677 703 2705 libellus
725 2684 740 2703 a
762 2675 864 2703 Thom.
888 2673 1010 2710 Paynell.
1034 2672 1169 2704 Londini,
1178 2678 1223 2707 ap.
1236 2670 1345 2699 -Thom.
1362 2669 1510 2697 Berthelet.
1529 2669 1573 2702 12,
1589 2670 1649 2697 sine
1665 2669 1730 2696 anni
1746 2673 1822 2697 nota.
1837 2684 1872 2690 -—

228 2727 413 2756 Introduction
434 2731 460 2753 to
495 2726 641 2760 wifedome,
657 2725 758 2752 Banket
780 2723 811 2759 of
828 2722 969 2758 Sapience,
984 2721 1037 2748 and
1053 2724 1171 2756 precepts
1185 2719 1215 2755 of
1228 2718 1374 2755 Agapetus.
1396 2717 1517 2750 London,
1542 2717 1649 2754 printed
1672 2718 1714 2753 for
1735 2718 1872 2746 Abraham

231 2774 319 2806 Vecte,
337 2773 398 2800 sine
409 2772 473 2799 anni
492 2771 608 2804 indicio,
624 2773 668 2799 1-6.
681 2775 741 2799 —et
752 2771 836 2798 Laud.
852 2771 878 2796 in
891 2768 1047 2796 [αἰσίμη-διε
1063 2768 1091 2794 in
1107 2767 1149 2792 the
1162 2766 1243 2792 house
1257 2764 1384 2800 ofThom.
1401 2763 1543 2796 Berthelet,
1560 2763 1639 2796 1550,
1653 2762 1766 2790 η.-γ.
1784 2762 1871 2799 Bring-

229 2825 358 2854 gemann,
371 2817 441 2848 Viw,
459 2821 525 2848 etc.,
543 2824 570 2851 p.
592 2816 656 2843 112.

266 2863 306 2890 De
319 2862 410 2890 Italica
428 2862 565 2895 versione,
582 2862 679 2890 Venet.
697 2862 777 2904 1545,
797 2861 858 2891 8.V.
870 2860 996 2895 Paitoni,
1015 2858 1122 2888 Bibliot.
1140 2857 1210 2893 deglt'
1227 2857 1360 2885 autori—
1374 2855 1558 2891 volgariuati,
1581 2855 1602 2890 I,
1624 2862 1685 2891 pag.
1701 2854 1729 2883 8.
