1966 3089
187 163 253 196 illis

788 162 919 193 CAPITA
941 161 1218 193 ADMONITORIA.

1749 166 1816 199 1166

185 221 319 255 φυλάκὴα,
344 221 390 247 καὶ
416 220 468 246 τῶν
497 220 555 246 κατ’
583 218 664 245 κὺτοῦ
699 218 860 244 λιλῖςὼντων
884 218 975 244 ἐκδιώ-

1039 226 1123 245 ξοτιιηι
1149 219 1197 253 qui
1221 218 1370 246 adversum
1396 219 1485 254 ipsum
1516 219 1666 252 insaniunt,
1686 221 1814 250 latratum

185 268 232 302 ξῃς
257 267 305 303 τὴν
322 266 437 301 ὑλακὴν,
453 266 505 292 ὑπὸ
526 265 579 292 τῶν
607 265 690 291 αὐτοῦ
708 265 745 300 (ὓ)
764 264 973 300 βασιλευόμενος

185 314 285 349 νόμων,
304 313 351 344 καὶ
365 312 419 339 τῶν
432 312 484 338 ὑπὸ
500 312 530 338 σὲ
551 311 702 345 βασιλεύων
718 311 848 346 ἐννόμως.

491 357 616 384 ΚΕΦΑΛ.
632 358 669 382 B‘.

227 404 271 434 Ὧς
283 404 453 439 κυΰερνήτης
470 404 605 438 ἀγρυπνεί
621 403 664 429 διὰ
682 401 794 434 παντὸς,
810 403 824 429 ὁ
837 402 884 429 τοῦ
897 402 975 437 βασι-

184 451 253 482 λέως
281 451 474 485 πολυόμματος
493 449 565 480 νοῦς,
586 449 755 483 διακατέχων
774 447 905 482 ἀσφαλῶς
924 448 976 482 τῆς

185 498 315 532 εὐνομίας
327 497 391 528 τοὺς
403 497 510 528 οἴακας,
524 496 572 524 καὶ
585 496 782 530 ἀπωθούμενος
795 495 916 530 ἰσχυρῶς
926 495 977 530 τῆς

186 543 301 579 ἀνομίας
314 544 378 575 τοὺς
389 542 505 578 ῥύακας,
520 542 563 571 ἵνα
578 543 608 570 τὸ
625 542 729 577 σκάφος
741 543 790 577 τῆς
802 541 976 577 παγκοσμίου

187 590 327 621 πολιτείας
348 590 386 626 μὴ
401 590 555 627 περιπίπτῃ
572 589 695 624 κύμασιν
714 589 834 620 ἀδικίας.

495 646 619 673 ΚΕΦΛΛ.
637 646 673 674 Γ¹.

223 694 301 720 θεῖον
324 692 442 728 μάθημα
461 693 509 721 καὶ
531 691 641 726 πρῶτον
658 693 682 717 oi
699 691 849 726 ἄνθρωποι,
864 690 893 717 τὸ
908 691 978 724 γνῶ-

187 739 231 766 ναί
253 748 314 766 τινα
341 739 438 765 ἑαυτὸν
454 738 505 773 (7),
520 737 714 773 διδασκόμεθα.
745 738 774 764 ὐ
800 738 854 773 γὰρ
880 738 978 768 ἑαυτὸν

187 786 280 819 γνοὺς,
295 785 431 819 γνώσεται
446 785 514 811 Θεόν
527 794 533 799 ·
548 785 615 811 Θεὸν
629 785 657 811 δὲ
673 785 688 811 ὁ
703 785 794 819 γνοὺς,
808 784 977 820 ὁμοιωθήσε-

188 840 233 858 ται
248 831 307 867 Θεῷ
321 839 327 846 ³
342 831 542 866 ὁμοιωθήσεται
565 831 594 858 δὲ
617 830 688 866 Θεῷ,
704 832 718 856 ὁ
733 829 807 862 ἄξιος
832 830 979 865 γενόμενος

187 878 256 905 Θεοῦ
269 886 275 892 ·
290 877 365 910 ἄξιος
380 877 408 904 δὲ
420 877 525 911 γίνεται
543 877 622 909 Θεοῦ,
638 878 653 904 ὁ
669 878 752 912 μηδὲν
770 877 882 911 ἀνάξιον
896 878 978 913 πράτ-

1027 264 1173 292 cobibcres
1193 274 1198 291 :
1227 265 1315 300 ipsius
1335 265 1557 300 obtemperando
1572 266 1688 301 legibus,
1703 276 1734 295 ac
1750 270 1818 296 sub-

1027 309 1100 336 ditos
1114 309 1163 337 tibi
1182 311 1302 346 regendo
1316 311 1449 347 legitime.

1361 357 1438 385 CAP.
1455 358 1488 385 ll.

1060 402 1118 430 Ceu
1137 403 1319 438 gubernator,
1336 405 1433 439 vigilat
1456 413 1543 440 usque
1556 407 1627 434 adeo
1644 408 1820 442 imperatoris

1026 449 1238 476 oculatissimus
1258 450 1427 483 intellectus,
1444 452 1591 480 continens
1606 453 1723 482 ﬁrmiter
1735 456 1821 490 acqui-

1030 495 1094 522 tatis
1112 495 1233 528 clavum,
1255 499 1338 531 atque
1363 497 1506 532 expellens
1525 499 1638 526 fortiter
1651 501 1821 535 impetuosos

1029 542 1184 576 iniquitatis
1210 542 1321 575 ﬂuctus,
1343 547 1374 570 ut
1396 551 1431 571 ne
1451 545 1549 580 cymba
1564 547 1711 574 mundana.-
1727 547 1820 582 reipuv

1029 587 1107 617 ι)ιὶοα-
1124 587 1249 619 illidatur
1268 588 1399 616 ﬂuctibus
1410 589 1578 625 iniquitatis.

1353 644 1428 673 CAP.
1451 645 1495 673 Ill.

1069 688 1197 716 Divinum
1222 690 1422 717 documentum
1446 696 1475 718 et
1501 692 1686 726 potissimum,
1706 703 1756 722 nos
1770 696 1821 723 bo—

1030 733 1128 766 mines,
1152 739 1183 761 ut
1203 740 1352 770 cognoscat
1375 744 1404 764 sc
1429 737 1560 772 quisque,
1596 739 1738 768 docemur.
1769 742 1821 774 Qui

1029 779 1103 808 enim
1124 780 1248 815 seipsum
1276 782 1414 817 cognovit,
1445 788 1595 817 cognoscet
1612 784 1718 812 Deum:
1736 787 1821 814 Deum

1033 833 1099 852 vero
1122 826 1169 860 qui
1192 827 1279 859 novit,
1303 827 1504 855 assimilabitur
1524 829 1580 856 Deo
1602 831 1822 860 :assimilabitur

1033 875 1124 899 autem
1142 872 1208 905 Deo,
1226 873 1272 908 qui
1290 873 1390 909 dignus
1405 874 1493 902 factus
1508 875 1565 902 Deo
1580 881 1622 904 est
1635 886 1642 903 :
1657 877 1757 912 dignus
1772 880 1822 906 de-
1842 908 1845 911 ,

189 932 242 950 των
257 909 336 955 Θεού,
357 909 431 950 ἀλλὰ.
444 923 550 958 φρονῶν
572 923 622 959 μὲν
643 909 677 950 τά
699 909 792 957 αὐτοῦ,
810 909 900 951 λαλῶν
918 909 945 950 δὲ
960 925 978 952 ἃ

1039 918 1115 953 iique
1131 918 1161 945 tit
1180 919 1246 950 Deo,
1261 919 1308 954 qui
1323 919 1394 946 nihil
1410 920 1551 955 indignum
1567 926 1659 956 patrat
1675 909 1730 951 [leo
1748 932 1755 950 ι
1774 925 1821 951 scd

189 970 292 1006 φρονεῖ,
309 968 393 995 ποιῶν
404 968 432 999 δὲ
449 968 466 999 ἃ.
478 968 565 999 λαλεῖ.

489 1069 615 1096 ΚΕΦᾹΛ.
642 1069 679 1095 Δ¹.

231 1115 293 1142 Ἐπὶ
309 1115 449 1151 προγόνων
460 1116 584 1151 εὐγενείᾳ
601 1117 695 1151 μηδεὶς
707 1116 914 1152 ἐναϐρυνέσθω,·
927 1126 979 1152 πη-

189 1162 235 1189 λὸν
251 1163 304 1198 γὰρ
318 1162 411 1197 ἔχουσι
435 1162 536 1193 πάντες
559 1162 606 1188 τοῦ
627 1162 721 1196 γένους
744 1163 916 1199 προπάτορα,
932 1164 979 1189 καὶ

189 1210 214 1235 al
225 1209 254 1235 ἐν
267 1208 397 1244 πορφύρᾳ
410 1209 457 1235 καὶ
471 1208 562 1243 βύσσῳ
580 1207 765 1243 καυχώμενοι,
784 1209 832 1235 καὶ
848 1210 872 1235 οί
885 1210 914 1236 ἐν
928 1218 978 1236 πε-

191 1255 236 1290 νίᾳ
251 1256 298 1281 καὶ
309 1255 379 1289 νόσῳ
393 1255 555 1290 τρυχόμενοι
571 1255 620 1290 (8),
634 1256 680 1281 καὶ
697 1257 721 1281 οἱ
736 1255 890 1290 διαδήματα
901 1264 980 1290 περι-

191 1301 324 1336 κείμενοι,
340 1301 388 1326 καὶ
412 1301 437 1328 oi
461 1300 506 1326 διὰ
531 1300 636 1335 δόματα
657 1300 695 1335 (9)
722 1301 915 1335 προκείμενα.
934 1301 980 1336 Μὴ

191 1347 284 1373 τοίνυν
307 1347 347 1377 είς
372 1345 484 1380 πήλινον
509 1344 710 1380 ὲγκειυχώμεθα
733 1345 830 1383 γένος,
853 1346 910 1373 ἀλλ’
933 1347 980 1373 ἐπὶ

175 1400 180 1405 ’
191 1401 244 1429 Ιχρη
249 1392 356 1428 στότητι
372 1400 401 1418 σε
406 1391 569 1426 μνυνώμεοά
584 1401 598 1417 τ
603 1392 704 1427 ρόπων.

487 1449 612 1475 ΚΕΦΑΛ.
634 1448 672 1476 E’.

229 1495 310 1527 Ἴσοι,
326 1491 349 1521 ὦ
373 1494 516 1526 εὐσεϐείας
536 1494 695 1523 Θεότευκτον
719 1493 840 1529 ἄγαλμα,
857 1494 898 1521 ὅτι
925 1495 981 1531 ὅσῳ

195 1542 321 1577 μεγάλων
335 1541 459 1576 ἡξιώθης
474 1541 551 1576 παρὰ
563 1541 632 1568 Θεοῦ
644 1541 766 1576 δωρεῶν,
782 1542 903 1577 τοσούτῳ
922 1543 980 1577 μεί-

1028 964 1077 999 qui
1098 969 1129 991 ut
1151 965 1254 1000 cogitat
1276 973 1338 1000 quae
1358 966 1446 1000 ipsius
1467 971 1543 999 sunt,
1570 969 1608 995 ita
1627 974 1682 1002 tam
1698 971 1823 1005 loquitur

1029 1018 1090 1049 quae
1103 1011 1215 1046 cogitat,
1229 1020 1310 1047 quam
1324 1012 1389 1041 facit
1400 1021 1461 1047 quae
1475 1013 1609 1050 l0quitur.

1356 1069 1432 1098 CAP.
1451 1071 1495 1100 IV.

1065 1113 1199 1150 Majorum
1225 1115 1372 1144 nobilitate
1397 1124 1432 1144 ne
1455 1118 1519 1152 quis
1541 1125 1572 1145 se
1590 1118 1675 1154 jactct
1695 1128 1702 1145 :
1729 1120 1823 1148 limum

1030 1159 1104 1186 enim
1125 1159 1229 1187 habent
1246 1168 1344 1188 omnes
1355 1161 1467 1196 generis
1480 1167 1634 1196 auctorem,
1649 1169 1677 1191 et
1694 1165 1740 1199 qui
1759 1174 1824 1200 pur-

1030 1213 1101 1240 pura
1123 1205 1260 1242 byssoque
1287 1211 1409 1243 turgcnt,
1433 1213 1461 1236 et
1482 1209 1530 1244 qui
1553 1215 1716 1245 paupertate
1730 1217 1758 1239 et
1775 1213 1825 1239 ad?

1030 1258 1110 1278 versa
1132 1251 1290 1280 valetudine
1320 1252 1489 1288 afﬂiguntur,
1522 1258 1577 1282 tam
1597 1256 1646 1290 qui
1667 1256 1824 1286 diademate

1031 1295 1153 1323 redimiti
1186 1302 1260 1331 sunt,
1285 1306 1368 1333 quam
1389 1300 1438 1334 qui
1464 1301 1672 1330 emendicandte
1701 1305 1826 1338 pecunia

1031 1347 1114 1369 causa
1133 1346 1360 1376 prosternuntur.
1380 1344 1420 1372 Ne
1443 1345 1529 1380 igitur
1549 1346 1718 1375 lutulentum
1737 1349 1825 1384 jacte-

1032 1394 1094 1415 mus
1109 1395 1206 1422 genus,
1218 1389 1266 1417 sed
1284 1397 1394 1423 morum
1410 1386 1569 1427 integritate
1582 1393 1760 1431 gloriemur“

1362 1446 1438 1474 CAP.
1454 1447 1487 1476 ν.

1068 1490 1154 1522 Scito,
1170 1498 1187 1518 ο
1210 1491 1321 1526 pietatis
1340 1491 1475 1520 divinitus
1492 1493 1656 1522 fabricatum
1672 1498 1824 1532 specimen,

1033 1536 1097 1571 quia
1118 1542 1223 1572 quanto
1247 1538 1399 1573 majoribus
1427 1539 1529 1575 dignus
1557 1541 1669 1570 habitus
1700 1551 1741 1575 es.
1776 1545 1826 1571 tri,

192 1589 269 1621 ζονος
297 1587 416 1622 ἀμοιϐῆς
436 1587 579 1622 ὀφειλέτης
609 1587 744 1622 ὑπάρχεις
773 1588 857 1623 αὐτῷ.
875 1588 980 1615 Οὐκοῦν

1039 1583 1136 1610 buente
1156 1583 1223 1616 Deo,
1246 1584 1421 1615 muneribus,
1444 1588 1520 1613 tanto
1542 1587 1662 1621 majores
1676 1588 1703 1617 ei
1723 1590 1826 1624 gratias

193 1635 292 1666 ἀπόδος
311 1634 350 1668 τῷ
370 1631 502 1673 εὐεργέτῃ
526 1634 557 1660 τὸ
571 1634 652 1669 χρέος
664 1635 715 1669 τῆς
732 1634 922 1671 εὐχαριστίας,
942 1636 982 1672 τῷ

193 1680 359 1716 λαμϐάνοντι
371 1681 402 1706 τὸ
418 1680 497 1718 χρέος
511 1680 549 1711 ὡς
569 1681 659 1715 χάριν,
673 1681 722 1707 καὶ
738 1681 788 1717 τὴν
804 1682 916 1718 χάριτος
931 1683 981 1717 χά-

194 1736 237 1762 ριν
265 1726 434 1754 ἀντιδιδόντι.
448 1726 534 1758 Αὐτὸς
551 1727 606 1761 γὰρ
629 1727 673 1753 ἀεὶ
691 1727 738 1753 καὶ
754 1727 874 1764 χαρίτων
891 1728 980 1764 ἄρχει,

193 1773 239 1800 καὶ
254 1773 291 1805 ὡς
306 1774 385 1809 χρέος
403 1773 453 1804 τὰς
470 1773 586 1808 χάριτας
602 1773 764 1800 ἀποδίδωσιν
778 1782 784 1788 ·
805 1774 983 1810 εὐχαριστίαν

192 1819 221 1846 δὲ
242 1819 319 1852 ζητεί
335 1819 502 1854 παρ’ὴμῶν,
522 1819 553 1845 οὐ
572 1818 620 1854 τὴν
646 1819 690 1846 διὰ
710 1820 841 1855 ῥημάτων
870 1820 982 1855 ἀγαθῶν

194 1866 345 1902 προφορὰν,
361 1866 430 1893 ἀλλὰ
445 1865 494 1901 τὴν
508 1865 554 1894 διὰ.
568 1867 741 1905 πραγμάτων
762 1867 883 1894 εὐσεϐῶν
900 1877 982 1903 προτ-

194 1913 290 1948 φοράν.

495 1998 620 2024 ΚΕΨΑΛ.
641 1998 689 2032 q'.

229 2045 313 2073 Οὐδὲν
329 2045 416 2076 οὕτως
437 2044 581 2079 εὐδόκιμον
605 2044 752 2078 ἐργάζεται
778 2043 933 2079 ἄνθρωπον,
944 2045 981 2077 ib;

193 2092 323 2119 δύνασθαι
347 2091 404 2127 (l0)
441 2090 490 2126 μὲν
517 2091 535 2117 ἂ
562 2090 687 2124 βούλεται
716 2090 857 2125 πράττειν,
889 2091 932 2117 ἀεὶ
954 2090 982 2116 δὲ

194 2137 371 2175 φιλάνθρωπα
399 2137 446 2164 καὶ
466 2135 608 2171 βούλεσθαι
637 2136 684 2164 καὶ
704 2136 846 2171 πράττειν.
873 2135 982 2172 Ἐπειδὴ

193 2185 282 2214 τοίνυν
299 2185 331 2210 ὲκ
353 2183 422 2210 Θεοῦ
443 2191 486 2209 σοι
508 2182 670 2217 κεχάρισται
697 2181 823 2217 δύναμις,
838 2179 872 2217 ἧς
896 2181 983 2208 ἐδεῖτο

192 2231 226 2258 δι’
242 2232 343 2266 ἡμᾶςή
360 2231 450 2266 ἀγαθή
472 2237 519 2257 σου
545 2229 683 2265 βούλησις,
700 2229 788 2256 πάντα
813 2229 860 2256 καὶ
885 2228 981 2264 βούλου

194 2277 241 2303 καὶ
266 2277 381 2312 πρᾶττε,
394 2277 431 2308 ὡς
451 2277 564 2313 ἀρέσκει
590 2275 630 2311 τῷ
657 2274 758 2310 ταύτην
778 2283 820 2301 σοι
842 2274 980 2306 δεδωκότι,

492 2333 621 2360 ΚΕΦΑΛ.
643 2333 680 2360 Ζ’,

228 2379 290 2405 Τῶν
315 2379 445 2413 ἐπιγείων
463 2379 612 2414 χρημάτων
629 2379 644 2404 ὁ
659 2378 776 2410 ἄστατος
798 2377 912 2410 πλοῦτος
928 2378 982 2405 τῶν

194 2424 336 2459 ποταμίων
367 2424 510 2459 ῥευμάτων
540 2426 665 2460 μιμεῖται
697 2424 743 2451 τὸν
769 2424 870 2460 δρόμον
886 2433 892 2439 ·
914 2424 982 2459 πρὸς

193 2471 284 2506 ὀλίγον
302 2471 352 2505 μὲν
368 2471 505 2506 ὲπιῤῥέων
515 2472 571 2502 τοῖς
584 2471 656 2506 ἔχειν
674 2470 815 2506 νομίξουσι
827 2479 835 2486 ·
857 2471 983 2506 μετ’ὀλί-

193 2525 241 2551 γον
251 2516 278 2543 δὲ
288 2525 325 2543 πα
330 2516 462 2552 ραρῤέων,
472 2517 512 2547 είς
521 2515 616 2548 ἄλλους
627 2516 785 2552 ἀπέρχεται.
799 2517 886 2548 Μόνος
896 2517 925 2543 δὲ
935 2518 984 2553 τῆς

194 2563 317 2595 εὐποιίας
335 2565 349 2589 ὁ
365 2562 511 2597 θηταυρὸς,
528 2561 641 2596 μόνιμός
658 2562 715 2588 ἐστι
727 2563 785 2594 τοῖς
801 2563 982 2598 κεκτημένοις

195 2609 275 2636 αὐτόν
286 2616 292 2624 ·
313 2609 367 2636 τῶν
382 2608 436 2644 γὰρ
454 2607 566 2642 ἀγαθῶν
580 2607 669 2643 ἔργων
682 2608 711 2635 αἱ
729 2609 840 2644 χάριτες
853 2610 901 2636 ἐπὶ
918 2610 981 2642 τοὺς

195 2655 340 2687 ποιοῦντας
357 2655 624 2689 ἑκαναπρέφουσιν,

1035 1628 1137 1656 referre
1165 1629 1260 1657 debes.
1289 1630 1361 1666 Ergo
1391 1631 1477 1659 redde
1509 1631 1680 1662 benefactori
1701 1635 1824 1664 debitam

1032 1675 1182 1710 gratiarum
1203 1676 1350 1709 actionem,
1362 1678 1517 1712 acceptanti
1542 1678 1667 1707 debitum
1689 1685 1722 1708 ut
1742 1683 1826 1709 meri.

1033 1726 1103 1754 tum,
1136 1725 1164 1749 et
1189 1722 1326 1750 beneﬁcio
1356 1723 1523 1751 beneficium
1555 1726 1729 1761 rependenti.
1764 1728 1825 1763 ipse

1032 1767 1106 1794 enim
1133 1774 1244 1801 semper
1267 1772 1295 1795 et
1321 1767 1464 1797 beneficiis
1484 1770 1563 1805 prior
1582 1777 1767 1806 promeretur,
1795 1779 1825 1804 et

1033 1816 1064 1839 ut
1083 1812 1208 1841 debitum
1230 1812 1365 1842 beneﬁcia
1388 1820 1516 1850 repensat
1530 1824 1538 1843 :
1554 1817 1704 1852 gratiarum
1729 1823 1824 1848 autem

1033 1858 1171 1886 actionem
1190 1858 1276 1894 exigit
1292 1867 1307 1886 a
1327 1859 1419 1892 nobis,
1435 1869 1490 1888 non
1502 1870 1563 1897 qua:
1578 1863 1728 1892 verborum
1746 1865 1824 1893 blalh

1032 1905 1130 1935 dorum
1143 1904 1308 1939 prolatione,
1321 1905 1369 1938 sed
1379 1913 1440 1944 qua:
1454 1915 1547 1937 rerum
1559 1909 1666 1944 piarum
1681 1910 1824 1940 oblatione

1033 1950 1188 1990 peragitur.

1357 1999 1434 2028 CAP.
1451 2000 1495 2032 Vl.

1067 2045 1149 2073 Nulla
1163 2053 1207 2073 res
1219 2045 1289 2074 adeo
1301 2046 1549 2080 commendabilem
1564 2047 1656 2080 reddit
1671 2048 1822 2084 hominem,

1033 2095 1064 2117 ut
1082 2099 1163 2125 posse
1181 2092 1293 2126 quidem
1307 2099 1369 2128 qua:
1389 2092 1457 2120 velit
1471 2092 1592 2126 cllicere,
1608 2102 1719 2129 semper
1729 2101 1822 2126 autem

1033 2135 1153 2164 humana
1169 2141 1198 2165 et
1215 2137 1285 2169 velle
1308 2143 1337 2167 et
1360 2145 1441 2173 agerc
1459 2146 1466 2166 :
1484 2139 1615 2173 quoniam
1638 2140 1723 2175 igitur
1736 2148 1751 2168 a
1767 2141 1823 2169 Dco

1035 2181 1084 2209 tibi
1098 2182 1200 2215 donata
1213 2188 1255 2213 est
1268 2182 1387 2213 facultas
1402 2191 1457 2219 qua
1477 2183 1618 2220 indigebat
1640 2191 1755 2223 propter
1772 2195 1823 2219 nos

1034 2227 1106 2257 bona
1127 2232 1173 2257 tua
1194 2229 1332 2260 voluntas,
1354 2229 1447 2256 omnia
1471 2232 1499 2256 et
1519 2229 1588 2257 velis
1599 2234 1626 2258 ct
1641 2238 1715 2266 agas,
1740 2236 1822 2268 prout

1033 2274 1059 2301 ci
1071 2273 1161 2313 placet
1173 2274 1220 2309 qui
1233 2282 1294 2306 eam
1307 2274 1357 2305 tibi
1374 2275 1461 2307 dedit.

1354 2330 1431 2358 CAP.
1446 2330 1502 2359 νη.

1067 2375 1253 2405 Terrenarum
1270 2383 1354 2411 opum
1375 2376 1518 2408 instabiles
1530 2376 1634 2405 divitia:
1646 2377 1823 2409 fluviatilium

1034 2421 1174 2449 undarum
1204 2422 1348 2452 imitantur
1368 2431 1480 2451 cursum
1500 2431 1506 2450 :
1530 2423 1670 2454 modicum
1690 2424 1763 2452 enim
1783 2426 1824 2453 af-

1035 2467 1125 2496 ﬂuunt
1146 2468 1190 2496 his
1214 2469 1261 2504 qui
1290 2469 1392 2497 habere
1420 2478 1449 2497 se
1473 2477 1522 2501 eas
1546 2469 1728 2503 arbitrantur,
1760 2480 1824 2505 mox

1035 2523 1102 2543 vero
1130 2515 1280 2544 retinentes
1298 2516 1333 2546 ad
1357 2516 1427 2545 alios
1451 2515 1598 2548 accedunt.
1622 2515 1824 2557 Solus_autem

1036 2561 1226 2590 beneﬁcentiae
1252 2563 1400 2593 thesaurus
1420 2562 1528 2594 stabilis
1553 2563 1825 2597 est‘possidcntibus

1034 2616 1099 2636 eum
1122 2617 1130 2636 :
1149 2608 1284 2636 bonarum
1309 2609 1384 2637 enim
1412 2609 1552 2641 actionum
1574 2609 1705 2642 meritum
1725 2611 1759 2643 ad
1773 2619 1824 2639 au:

1034 2661 1125 2684 ctorcs
1141 2659 1326 2690 rctorquetur.

957 2716 1073 2745 NOT/E.

232 2760 270 2796 (ὃ)
291 2761 364 2787 Ὑπὸ
376 2761 435 2788 τῶν
459 2760 562 2788 αὑτοῦ.
578 2760 624 2788 Sic
641 2759 769 2796 rhabetttr
784 2761 810 2787 in
841 2762 984 2790 codicibus

197 2796 298 2830 Regiis.
314 2797 344 2823 In
358 2796 442 2823 editis
457 2804 523 2823 vero
540 2796 593 2822 ὑπὸ
606 2795 653 2823 τοῦ
679 2795 772 2823 αὑτοῦ.
793 2796 912 2824 ΒΛΝΒῌΠ.

232 2832 270 2865 t7)
285 2830 325 2868 Τὸ
335 2831 457 2868 γνῶναί
469 2840 535 2858 τινα
547 2831 668 2859 ἑαυτόν.
679 2831 710 2859 ln
738 2831 834 2859 codice
851 2832 936 2868 Regio
952 2833 981 2860 Β.

195 2866 232 2893 Τὸ
246 2867 346 2898 γνῶναι
365 2866 485 2897 ἑαυτούς.
504 2868 540 2893 In.

230 2901 269 2935 (Β)
289 2901 527 2936 1pvzdjlsl'0t.lta
543 2902 629 2930 codex
655 2901 757 2939 Regius
772 2902 802 2933 B.
831 2902 980 2939 Pcrpcram

1037 2765 1064 2791 in
1078 2763 1161 2790 inlitis
1174 2763 1352 2798 τρυχώμενοι.
1376 2763 1413 2791 In.

1076 2799 1113 2833 (9)
1129 2799 1255 2832 Δόμιιτα.
1269 2799 1314 2826 Sic
1327 2807 1359 2826 ex
1377 2799 1472 2826 codice
1490 2799 1573 2834 Regio
1591 2799 1619 2826 Β,
1634 2799 1783 2834 Perperam
1797 2799 1823 2828 iu

1037 2834 1123 2872 editis
1141 2834 1265 2872 δῶματα,
1283 2839 1355 2860 utex
1368 2839 1497 2872 contextu
1511 2839 1643 2872 apparet.
1721 2870 1727 2872 _
1768 2867 1772 2872 _

1072 2869 1128 2902 (l0)
1146 2869 1193 2905 ᾮς
1208 2869 1366 2905 δύνασθαι.
1381 2871 1409 2896 ln
1428 2869 1572 2897 codicibus
1602 2870 1694 2905 Regiis
1721 2869 1817 2904 legitur

1033 2904 1070 2935 ὡς
1088 2905 1118 2930 τὸ
1127 2903 1264 2930 δύναποάι.
1277 2905 1314 2931 Ιι).
