1966 3089
166 104 234 136 1173

770 114 903 145 CAPITA
924 114 1200 147 ADMONITORIA.

1721 120 1789 154 Ilii

164 166 220 195 τοῖς
234 163 366 201 ὑπηκόοις
377 166 526 202 φανήσεται
545 167 575 195 τδ
595 171 765 206 παρανομεῖν
777 171 827 198 ούκ
843 171 950 198 ἀκίνδυ-

1014 179 1091 207 egum
1124 174 1377 208 praevaricationem
1411 175 1527 211 periculi
1559 186 1613 206 non
1631 186 1711 207 ‘esse
1740 180 1791 206 im-

163 218 208 236 VOV
211 230 218 238 ο

444 271 570 299 ΚΕΦΑΛ.
599 273 667 299 Kll’.

201 314 273 341 Ἴσον
293 314 332 350 τῷ
358 315 540 352 πλημμελεῖν,
554 318 639 354 τὸμὴ
655 318 771 346 κωλύειν
783 320 846 351 τοὺς
863 319 952 355 πλημ·

166 359 316 394 μελοῦντας
335 361 454 396 λογίζου.
481 363 542 391 Κᾶν
569 364 624 400 γάρ
645 363 888 401 τιςπολιτεύηται
904 366 953 401 μὲν

165 405 313 441 ὲνθέσμως,
330 408 460 444 ἀνέχηται
475 410 504 436 δὲ
520 410 575 437 τῶν
590 411 719 446 βιούντων
734 412 874 447 ἁθέσμως,
892 421 953 438 συν-

166 452 247 485 εργὸς
261 452 315 478 τῶν
335 454 428 481 κακῶν
449 457 523 492 παρὰ
545 456 605 488 Θεῷ
620 458 758 493 κρίνεται·
776 459 800 485 εἰ
819 459 847 485 δὲ
861 452 953 493 βούλει

166 496 261 528 διττῶς
280 497 443 533 εὐδοκιμεῖν,
461 502 507 528 καὶ
523 503 586 534 τοὺς
605 503 640 529 τὰ
665 503 796 530 κάλλιστα
810 504 954 537 ποιοῦντας

167 543 297 578 προτίμα,
311 545 425 577 καὶτοῖς
439 547 474 573 τὰ
487 548 613 583 χείριστα
626 548 727 584 δρῶσιν
740 549 864 585 ὲπιτίμα.

456 646 581 675 ΚΕΦΑΑ.
602 649 666 675 ΚΘ.

202 689 268 715 Δίαν
284 691 433 726 συμφέρειν
448 693 643 728 ὑπολαμϐάνω,
659 695 690 721 τὸ
707 695 818 730 φεύγειν
834 697 883 729 τὰς
901 698 956 724 τῶν

168 734 261 761 κακῶν
278 736 493 772 συνδιαιτήσειςο
510 739 555 765 τὸν
572 740 626 776 γὰρ
641 741 757 768 συνόντα
775 742 891 769 πάντοτε
906 744 955 771 ἀν-

167 779 288 815 θρώποις
297 784 459 818 πονηροῖς,ἢ
470 784 587 821 παθεῐνῆ
605 787 701 821 μαθεῖν
712 788 820 824 ἀνάγκη
830 797 857 815 τι
874 798 957 825 πονη-

1003 227 1114 247 munem
1119 240 1125 247 .

1294 279 1369 307 CAP.
1390 280 1508 308 XXVIII.

1037 324 1166 357 Peccare,
1188 325 1428 353 ctnoncoliibere
1454 331 1609 361 peccantes,
1636 327 1716 354 idem.
1730 335 1791 354 esse

1003 375 1108 404 putato.
1126 371 1153 398 Si
1167 372 1230 405 quis
1241 372 1315 399 enim
1331 372 1359 400 iu
1371 372 1481 400 civitate
1502 374 1585 400 vitam
1600 374 1713 408 quidem
1734 374 1792 408 ipse

1005 415 1130 443 traducat
1156 424 1255 452 aeque,
1279 418 1378 446 toleret
1406 423 1499 447 autem
1524 419 1650 448 viventes
1680 421 1790 455 inique,

1004 462 1095 490 socius
1119 463 1255 490 malorum
1276 465 1348 499 apud
1373 465 1458 492 Deum
1481 465 1623 500 judicatur
1643 476 1649 493 :
1666 467 1739 502 quod
1768 468 1790 495 si

1004 508 1073 535 velis
1093 508 1220 536 bifariam
1236 510 1383 544 approbari
1397 531 1404 543 ,
1421 516 1451 538 ut
1477 512 1664 546 pulcherrima
1682 522 1793 548 quoque

1005 558 1131 588 gerentes
1148 554 1264 588 honora,
1281 556 1319 583 ita
1334 557 1476 584 teterrima
1488 562 1628 592 patrantes
1650 564 1794 588 contume.

1005 599 1041 627 lia
1056 601 1166 629 aﬂicito.

1304 662 1379 690 CAP.
1394 663 1490 690 XXIX.

1041 705 1179 740 Expedire
1197 706 1344 735 admodum
1363 709 1483 736 arbitror
1498 709 1619 745 effugere
1644 717 1794 746 pravorum

1007 750 1186 778 contubernia
1205 761 1211 779 :
1229 753 1275 787 qui
1304 753 1378 780 enim
1400 761 1463 781 eum
1485 755 1646 784 hominibus
1662 755 1795 790 improbis

1007 802 1115 830 semper
1134 801 1268 829 versatur,
1283 806 1346 825 eum
1362 799 1404 826 vel
1422 800 1477 833 pati
1503 800 1545 827 vel
1565 800 1673 828 discere
1693 802 1795 828 malum

168 826 256 878 ρόνίὁ
270 827 298 854 δὲ
322 829 378 860 τοῖς
405 830 519 863 ἀγαθοῖς
540 832 703 867 συνδιάγων,
726 834 742 869 ἢ
763 834 880 870 μίμησιν
901 836 956 862 τῶν

1014 839 1111 874 iliquid
1127 848 1238 869 necesse
1252 846 1294 869 est
1308 851 1314 869 :
1331 844 1378 877 qui
1394 852 1459 871 vero
1475 852 1528 871 una
1537 852 1600 872 eum
1613 845 1693 873 bonis
1710 846 1794 881 degit,

168 872 258 900 καλῶν
273 873 471 909 ἐκδιδάσκεται,
492 876 508 912 ἢ
533 878 646 912 μείωσιν
668 878 724 906 τῶν
748 880 844 907 κακῶν
859 881 957 908 ἐκπαι-

167 921 287 949 δεύεται.
845 922 849 923 ν

468 982 593 1010 ΚΕΦΑΛ.
615 983 657 1011 A'.

209 1028 371 1064 Ἐγκόσμιον
394 1029 446 1055 ὑπὸ
469 1029 538 1056 Θεοῦ
564 1030 719 1063 πιστευθεὶς
740 1031 889 1066 βασιλείαν,
906 1041 957 1067 μη-

168 1073 225 1099 Sevi.
247 1074 305 1108 χρῶ
329 1073 382 1100 τῶν
400 1074 528 1108 πονηρῶν
553 1074 620 1109 πρὸς
646 1074 694 1105 τὰς
710 1075 764 1102 τῶν
786 1074 957 1110 πραγμάτων

167 1119 326 1154 διοικήσεις.
343 1117 392 1145 Ὧν
408 1119 463 1154 γὰρ
478 1119 511 1146 ἃν
528 1120 628 1146 ἐκεῖνοι
641 1120 733 1152 κακῶς
744 1120 956 1155 διαπράξωνται,

170 1167 248 1200 λόγον
266 1167 359 1202 ὑφέξει
375 1166 434 1202 Θεῷ
448 1167 463 1193 ὁ
476 1166 526 1201 τὴν
544 1167 622 1202 ἰσχὺν
643 1167 737 1198 αὐτοῖς
750 1167 884 1200 δεδωκώς.
901 1169 959 1196 Μει
974 1168 979 1186 I

169 1212 204 1240 τὰ
224 1213 324 1248 πολλῆς
341 1211 387 1240 οὖν
404 1212 557 1246 ἐξετάσεως
570 1214 600 1241 αἱ
608 1214 662 1242 τῶν
673 1215 811 1250 ἀρχόντων
827 1215 958 1250 προϐολαὶ

170 1261 348 1294 γίνέσθωσαν.

460 1364 586 1392 ΚΕΦΑΛ.
608 1365 669 1392 AA'.

207 1412 278 1437 Ἴσον
302 1410 406 1445 νομίζω
430 1411 524 1443 κακον,
538 1411 587 1438 καὶ
604 1411 658 1438 τῶν
679 1411 784 1447 ἐχθρῶν
805 1410 958 1445 θυμοῦσθαι

169 1458 229 1485 ταῖς
254 1456 444 1492 κακουργίαις,
470 1457 518 1484 καὶ
544 1457 597 1483 τῶν
622 1457 708 1492 φίλων
732 1457 876 1491 θέλγεσθαι
897 1459 959 1489 ταῖς

1009 886 1051 913 vel
1066 886 1248 915 imitationem
1263 888 1443 916 honestorum
1458 889 1600 924 educetur,
1617 892 1659 919 vel
1677 892 1797 921 diminu-

1009 933 1111 960 tionem
1124 933 1255 961 vitiorum
1271 935 1416 963 condiscit.

1309 991 1384 1020 CAP.
1405 992 1490 1020 XXX.

1044 1034 1193 1063 Terrarum
1219 1037 1295 1064 orbis
1316 1046 1331 1064 a
1349 1038 1404 1065 Deo
1430 1046 1492 1065 cum
1516 1039 1657 1067 creditum
1684 1041 1734 1068 tibi
1760 1042 1797 1069 sit

1009 1089 1132 1115 regnum,
1147 1089 1213 1109 cave
1227 1091 1261 1110 ne
1283 1083 1380 1118 aliquo
1392 1084 1480 1112 utaris
1500 1093 1533 1112 ex
1547 1085 1639 1120 pravis
1654 1086 1687 1112 ad
1704 1095 1796 1113 rerum

1009 1125 1261 1156 administrationes
1274 1137 1280 1156 :
1296 1137 1356 1164 quae
1373 1129 1447 1156 enim
1460 1129 1500 1157 illi
1512 1138 1654 1166 perperam
1669 1131 1796 1162 fecerint,

1009 1179 1104 1200 eorum
1118 1172 1254 1201 rationem
1277 1175 1373 1203 reddet
1385 1176 1440 1204 Deo
1455 1176 1503 1211 qui
1523 1177 1655 1212 peccandi
1683 1177 1797 1204 laculla-

1009 1223 1064 1246 tem
1085 1219 1150 1254 ipsis
1165 1220 1321 1249 indulserit.
1336 1221 1429 1257 Magna
1446 1223 1530 1259 igitur
1541 1228 1569 1252 et
1588 1224 1713 1259 diligenti
1733 1233 1796 1252 cum

1009 1267 1227 1301 perscrutatione
1262 1269 1473 1304 magistratuum
1504 1271 1694 1306 promotiones
1720 1272 1796 1304 Iiaut,

1009 1317 1128 1347 oportet.

1306 1374 1382 1403 CAP.
1402 1375 1499 1402 XXXI.

1044 1418 1159 1454 Equale
1175 1428 1237 1447 reor
1251 1427 1313 1447 esse
1332 1421 1448 1452 malum,
1464 1425 1493 1448 et
1510 1420 1685 1448 inimicorum
1700 1427 1800 1447 exean-

1010 1467 1122 1494 descere
1138 1466 1259 1501 ﬂagitiis,
1271 1471 1299 1494 et
1309 1467 1460 1494 amicorum
1477 1467 1627 1495 demulceri
1644 1466 1796 1494 blanditiis.

170 1502 337 1534 κολακείαις.
356 1503 402 1528 Δεῖ
424 1503 478 1538 γὰρ
501 1503 569 1538 πρὸς
584 1504 734 1540 ἑκατέρους
746 1504 878 1538 γενναίως
893 1504 956 1531 ἀνθ-

1014 1512 1125 1546 Uportet
1135 1512 1209 1539 enim
1228 1513 1354 1547 utrisque
1370 1513 1509 1545 resistere,
1525 1521 1576 1540 nec
1592 1520 1707 1548 usquam
1723 1521 1738 1539 a
1752 1513 1800 1540 de-

171 1549 307 1582 ίστασθαι,
323 1549 431 1575 καὶτοῦ
451 1549 604 1585 πρέποντος
625 1550 759 1585 μηδαμῶς
779 1551 957 1584 ἀφίστασθαι,

170 1595 241 1630 μήτε
252 1595 301 1630 τὴν
315 1595 456 1630 ἀλόγιστον
474 1597 586 1623 ἐκείνων
598 1596 760 1632 δυσμένειαν
776 1597 957 1632 ἀμυνόμενον,

169 1642 240 1676 μήτε
255 1642 306 1678 τὴν
329 1642 498 1670 ἐπίπλαστον
512 1645 616 1671 τούτων
640 1645 783 1680 εὐμένειαν
807 1645 957 1681 ἀμειϐόμε-

169 1696 224 1714 νον.

461 1755 588 1782 ΚΕΦΑΛ.
607 1755 668 1782 AB'.

211 1799 292 1833 Ἦγοῦ
319 1799 432 1831 τούτους
458 1798 528 1828 εἶναι
555 1801 650 1836 φίλους
682 1802 892 1837 ἀληθεστάτους,
921 1803 958 1839 μὴ

169 1846 233 1877 τοὺς
260 1846 439 1878 ἐπαινοῦντας
463 1846 570 1874 ἅπαντα
583 1848 616 1874 τὰ
635 1849 712 1883 παρὰ
732 1849 779 1875 σοῦ
808 1849 956 1883 λεγόμενα,

169 1891 238 1918 ἀλλά
252 1892 316 1923 τοὺς
331 1893 421 1928 κρίσει
437 1893 530 1928 δικαίᾳ
541 1894 630 1921 πάντα
644 1894 775 1929 πράττειν
791 1896 957 1927 σπουδάζον-

169 1947 230 1970 τας,
255 1938 302 1964 καὶ
325 1939 523 1974 συνηδομένους
543 1939 592 1974 μὲν
614 1939 661 1966 ἐπὶ
684 1942 739 1972 τοῖς
753 1942 956 1976 χρηστοτέροις,

168 1985 417 2017 ἑπιστυγνάζοντας
441 1985 471 2011 δὲ
494 1985 542 2012 ἐπὶ
563 1987 618 2017 τοῖς
642 1986 784 2017 ἐναντίοις.
801 1983 881 2013 Οὗτοι
903 1987 956 2022 γὰρ

168 2030 254 2062 ὅντως
269 2030 473 2065 ἀψευδεστάτης
485 2031 578 2065 φιλίας
590 2032 742 2059 δεικνύουσι
760 2033 921 2068 τεκμήριον.

461 2087 586 2114 ΚΕΦΛΛ.
604 2088 665 2114 ar'.
876 2101 881 2106 ~

205 2131 251 2167 Μὴ
264 2131 457 2167 μεταϐαλλέτω
472 2141 512 2158 σοι
526 2133 574 2167 τὴν
588 2133 776 2169 μεγαλόφρονα
786 2133 901 2168 γνώμην.
907 2133 958 2168 τῆς

1010 1566 1074 1586 core
1092 1557 1245 1591 discedere,
1263 1566 1354 1593 neque
1370 1558 1588 1585 irrationabilem
1602 1566 1699 1585 eorum
1713 1558 1799 1585 male-

1010 1604 1159 1632 volentiam
1176 1604 1347 1636 ulciscendo.
1359 1612 1449 1640 neque
1461 1604 1586 1632 ﬂctitiam
1600 1604 1699 1632 horum
1716 1603 1801 1633 bene-
1834 1609 1840 1612 κ

1010 1651 1160 1680 volentiam
1174 1651 1390 1681 remunerando.

1304 1753 1381 1781 GAP.
1401 1753 1512 1780 XXXII.

1046 1799 1179 1827 Existima
1207 1799 1366 1827 verissimus
1382 1799 1498 1831 amicos,
1527 1806 1582 1825 non
1610 1798 1658 1831 qui
1685 1797 1800 1824 laudent

1011 1846 1102 1873 omnia
1117 1853 1178 1880 qua:
1192 1845 1320 1873 dicantur
1332 1845 1381 1872 abs
1395 1849 1431 1878 te,
1444 1844 1492 1872 sed
1506 1844 1554 1879 qui
1578 1843 1646 1871 nihil
1664 1851 1719 1870 non
1733 1843 1800 1870 inte-

1010 1899 1059 1926 gro
1074 1891 1178 1926 judicio
1197 1890 1288 1918 Iacere
1306 1890 1488 1921 contendunt,
1509 1890 1567 1917 sive
1580 1894 1610 1916 ut
1626 1889 1800 1924 gratulentur

1011 1938 1073 1970 tibi,
1089 1937 1211 1970 sirbene;
1227 1937 1383 1970 tristcntur,
1402 1937 1424 1964 si
1438 1941 1534 1964 contra
1555 1943 1702 1971 perperam
1721 1935 1800 1964 dixe-

1011 1984 1049 2010 ris
1064 1983 1198 2011 fecerisve
1212 1992 1218 2009 :
1235 1983 1263 2010 bi
1287 1983 1361 2010 enim
1383 1990 1478 2010 revera
1500 1981 1536 2009 ab
1550 1982 1626 2009 omni
1637 1981 1735 2009 fraude
1749 1982 1799 2010 ab-

1011 2028 1151 2057 horrentis
1164 2028 1292 2056 amicitia:
1304 2035 1361 2063 pra)
1372 2035 1401 2055 se
1415 2027 1508 2055 ferunt
1522 2027 1652 2062 insignia.

1292 2084 1369 2112 CAP.
1392 2083 1511 2113 XXXIII.

1046 2133 1085 2160 Ne
1101 2137 1190 2160 mutet
1205 2131 1254 2160 tibi
1269 2133 1470 2167 magnanimam
1484 2135 1604 2159 mentem
1618 2134 1734 2158 terrena:
1749 2130 1800 2157 Im-

171 2179 293 2212 ὲπιγείου
307 2179 410 2215 ταύτης
424 2178 583 2210 δυναστείας
594 2180 610 2205 ὸ
623 2179 715 2213 ὕγκος,
729 2179 786 2206 ἀλλ’
806 2180 844 2211 ὠς
861 2179 956 2214 ἐπίκη-

1014 2179 1054 2214 ius
1069 2179 1213 2213 potestatis
1224 2177 1394 2213 amplitudo;
1406 2177 1455 2205 sed
1479 2180 1510 2203 ut
1529 2176 1656 2211 fragilem
1671 2181 1700 2203 et
1715 2175 1799 2203 cadu-

172 2235 219 2260 ρον
233 2225 331 2253 διέπων
352 2226 449 2262 ἀρχὴν,
462 2225 597 2261 ἄτρεπτον
613 2225 657 2261 ἔχε
677 2226 722 2253 τὸν
755 2227 817 2253 νοῦν
837 2227 866 2253 ὲν
887 2226 958 2262 πρά-

171 2281 258 2306 γμασι
275 2274 412 2307 τρεπτοῖς,
431 2272 501 2307 μήτε
523 2273 553 2299 ὲν
573 2273 633 2303 ταῖς
645 2272 788 2307 εὐθυμίαις
807 2272 957 2307 ὲξυψούμε-

171 2326 226 2351 νος,
242 2319 311 2354 μήτε
324 2320 352 2345 ἐν
365 2319 424 2350 ταῖς
435 2318 565 2354 ἀθυμίαις
576 2318 800 2354 ταπεινούμενος.

464 2419 588 2446 ΚΕΦΛΛ.
608 2417 667 2446 ΛΔ”.

208 2464 313 2498 Ὥσπερ
327 2463 425 2498 χρυσὸς
441 2464 534 2490 ἄλλοτε
551 2465 637 2496 ἄλλως
659 2465 711 2491 ὑπὸ
736 2465 784 2497 τῆς
799 2465 896 2500 τέχνης
913 2474 960 2500 με.

170 2510 388 2545 τατυποὺμενος,
405 2510 534 2545 καὶπρὸς
556 2511 673 2546 διάφορα
689 2511 812 2546 κοσμίων
832 2512 890 2546 εἴδη
908 2520 958 2546 με-

171 2556 377 2591 ταποιούμενος,
395 2556 463 2591 ὅπερ
487 2557 545 2583 ἐστὶ
569 2556 701 2590 διαμένει,
712 2557 759 2583 καὶΙ
782 2557 887 2592 τροπὴν
910 2557 958 2592 οὐχ

172 2601 319 2636 ὑπομένει⁸
348 2601 420 2628 οὕτω
443 2602 490 2629 καὶ
516 2601 607 2633 αὐτὸς,
633 2601 810 2628 εὐκλεέστατε
836 2602 957 2636 βασιλεῦ,

172 2648 254 2683 ἄλλην
268 2647 298 2680 ἐξ
314 2648 398 2682 ἄλλης
413 2647 536 2683 ἀμείϐων
551 2647 648 2683 ἀρχὴν,
668 2647 773 2681 φθάσας
787 2648 815 2674 δὲ
837 2648 884 2675 καὶ
908 2649 958 2675 αὺ-

172 2693 221 2728 τὴν
236 2695 284 2729 τὴν
303 2695 433 2721 ἀνωτάτω
454 2695 547 2729 τιμὴν,
566 2695 579 2720 ὁ
599 2693 679 2725 αὐτὸς
695 2693 842 2729 διαμένεις,
861 2695 911 2721 οὐκ
930 2695 958 2721 ἐν

173 2740 228 2770 τοῖς
246 2741 335 2771 αὐτοῖς
350 2740 489 2774 πράγματι
502 2751 518 2774 1,
539 2740 718 2767 ἀναλλοίωτον
735 2741 802 2775 ’ἔχων
817 2741 844 2767 ὲν
858 2741 894 2776 τῷ
907 2750 957 2768 κοι-

173 2783 212 2820 λῷ
229 2787 258 2814 ιδ
274 2787 411 2822 φρόνημα.

1012 2230 1074 2249 cum
1104 2230 1202 2257 regens
1230 2222 1436 2257 principatum,
1470 2221 1671 2249 immutabilem
1696 2221 1798 2248 habeto

1011 2270 1181 2297 intellectum
1207 2269 1234 2295 in
1260 2268 1343 2296 rebus
1368 2262 1574 2296 mutabilibus:
1597 2266 1683 2294 nimia
1708 2274 1799 2302 neque

1011 2315 1106 2342 lwtitia
1130 2315 1275 2342 sublimem
1294 2318 1321 2343 te
1334 2314 1485 2347 extollens,
1501 2320 1592 2348 neque
1607 2312 1739 2340 maestitia
1759 2313 1799 2340 vi-

1010 2361 1128 2389 lescens.

1297 2418 1372 2446 CAP.
1394 2418 1512 2446 XXXIV.

1023 2486 1027 2490 .
1046 2465 1131 2493 Sicuti
1148 2473 1245 2493 aurum
1262 2466 1387 2501 quamvis
1404 2465 1486 2493 modo
1500 2465 1551 2497 sic,
1566 2463 1648 2491 modo
1659 2464 1740 2491 aliter
1762 2463 1797 2489 ab

1010 2515 1069 2538 arte
1078 2511 1300 2546 transﬁguretur,
1324 2515 1408 2546 atque
1422 2510 1455 2537 ad
1468 2509 1561 2538 varias
1570 2514 1796 2536 ornamentorum

1009 2558 1116 2592 species
1127 2558 1348 2590 transformetur,
1361 2562 1504 2592 permanet
1518 2557 1648 2584 tamenid
1657 2556 1730 2591 quod
1744 2561 1795 2587 est.

1010 2612 1060 2631 nec
1071 2603 1250 2631 mutationem
1268 2603 1387 2638 patitur;
1406 2602 1447 2630 sie
1464 2602 1522 2637 ipse
1534 2610 1657 2637 quoque,
1670 2602 1795 2636 inclytis-

1009 2650 1078 2677 sime
1088 2649 1250 2684 imperator.
1267 2648 1332 2676 licet
1346 2648 1420 2676 aliud
1430 2657 1464 2676 ex
1478 2648 1533 2675 alio
1550 2656 1599 2683 per
1610 2647 1712 2683 gradus
1725 2647 1797 2674 obti-

1009 2696 1104 2723 nueris
1129 2694 1250 2729 regimen
1265 2716 1272 2727 ,
1299 2694 1514 2730 pervenerisque
1537 2693 1571 2721 ad
1588 2693 1677 2728 ipsum
1699 2700 1795 2727 διηπο-

1008 2749 1083 2768 mum
1105 2741 1255 2773 honorem,
1283 2741 1355 2768 idem
1386 2745 1476 2768 tamen
1505 2745 1660 2775 permaaes,
1689 2746 1742 2765 non
1769 2738 1795 2765 in

1010 2787 1112 2814 eisdem
1142 2788 1234 2820 rebus,
1262 2787 1462 2815 inalterabilem
1489 2786 1634 2814 continens
1663 2784 1690 2812 in
1707 2783 1794 2812 olliciu

1009 2841 1139 2860 animum.
