1966 3089
260 116 327 150 1179

553 171 631 200 CAP.
651 171 746 199 XLIX.

294 220 360 253 Qum
375 216 495 246 subditis
516 217 601 245 verbo
616 218 695 252 quasi
715 218 774 252 lege
798 217 966 252 praiseribis,
985 217 1044 245 haec

259 270 287 291 ιιι
302 264 474 299 praeveniens
503 263 593 298 reipsa
609 262 782 298 praastiteris,
796 268 826 289 ut
840 260 931 289 verbis
942 262 1044 297 quibus

258 309 427 344 persuades,
457 309 563 344 integra
584 316 694 343 quoque
718 309 774 336 vita
799 308 964 343 astipuletur
983 308 1045 335 :sic

258 356 331 395 enim
357 355 575 383 commendabile
591 360 668 382 tuum
684 355 855 382 asseverabis
879 354 1042 390 imperium,

257 401 280 429 si
295 405 322 428 et
336 400 511 427 ratiocineris
537 407 593 427 non
618 399 678 427 sine
701 406 796 434 opere,
808 403 835 427 et
848 400 973 435 opercris
988 407 1045 427 non

257 446 317 474 sine
341 445 459 473 ratione.

581 503 657 531 CAP.
677 503 708 530 L.

288 550 343 578 Eos
359 551 421 586 plus
434 557 506 582 ama,
519 549 703 577 Serenissime
725 549 888 583 Imperator,
919 548 1044 583 accipere

255 595 303 622 abs
324 600 349 622 te
365 594 497 622 beneﬁcia
515 594 562 629 qui
575 594 739 629 supplicant,
757 601 838 628 quam
851 593 899 620 tibi
912 593 959 627 qui
976 601 1043 619 cou-

257 642 371 668 tenduut
388 641 488 668 oll‘errc
503 647 618 667 munera
643 648 649 666 :
670 639 714 666 bis
742 639 816 666 enim
839 637 950 666 debitor
972 638 1043 666 refc-

255 686 333 712 rendi
361 686 475 721 gratiam
510 684 645 717 eﬂieeris;
674 683 714 711 illi
749 690 816 710 vero
833 683 902 710 dant
928 683 1042 716 vadem,

254 731 439 759 vindicantem
463 731 516 758 sibi
539 737 710 765 quaecunque
723 737 789 764 erga
805 729 945 764 supplices
974 736 1042 755 con-

255 777 360 809 tuleris,
394 782 423 804 et
452 780 677 804 remunerantem
698 775 778 802 bonis
809 775 1044 802 retributiouibus

255 828 329 851 tuam
343 827 396 851 tam
414 823 488 858 piam
501 830 583 858 quam
599 822 797 857 perbumanam
810 821 1004 849 intentionem.

588 889 665 917 CAP.
679 889 721 917 LI.

1056 859 1079 886 Β

287 935 359 962 Solis
381 935 505 970 profecto
524 939 618 970 partes
639 938 714 967 sunt,
740 933 881 961 illustrare
897 932 983 960 radiis
997 940 1044 959 or—
1082 957 1084 969 δ

254 982 316 1009 luem
336 991 342 1008 :
355 981 489 1016 principis
499 988 565 1009 vero
580 981 670 1007 virtus
681 984 722 1007 est
738 987 891 1015 egenorum
904 978 1041 1006 misereri.

253 1028 338 1054 Porro
357 1027 404 1054 illo
418 1027 518 1054 clarior
528 1031 571 1053 est
591 1027 752 1061 imperator,
764 1025 812 1060 qui
829 1025 891 1060 pius
906 1029 948 1052 est
966 1033 972 1051 :
997 1024 1043 1052 ille

254 1081 373 1108 namque
387 1073 462 1100 cedit
476 1071 636 1100 succedenti
657 1072 747 1104 nocti;
764 1071 811 1098 hic
825 1074 917 1098 autem
934 1069 1042 1105 rapaci-

254 1119 303 1146 tati
323 1126 471 1153 pravorum
490 1126 546 1146 non
563 1118 692 1145 concedit
709 1117 867 1153 indulgetve
878 1108 1041 1151 quidquam,

259 1165 306 1192 sed
318 1165 422 1192 lumine
438 1164 564 1192 veritatis
576 1164 729 1199 iniquitatis
746 1164 855 1191 occulta
870 1163 1003 1198 coarguit.

574 1262 651 1291 CAP.
669 1262 725 1290 ιιι,

286 1310 395 1338 Priores
408 1309 520 1344 quidem
534 1313 561 1337 te
577 1310 760 1344 imperatores
769 1307 943 1342 principatus
959 1306 1041 1334 ador-
1064 1307 1069 1317 "

253 1355 344 1387 navit;
367 1359 395 1381 tu
412 1362 478 1382 vero
495 1361 570 1387 cum,
597 1353 835 1388 prmstautissime,
860 1353 1042 1380 illustriorem

254 1399 422 1433 reddidisti,
450 1399 663 1427 mansuetudine
694 1404 852 1433 temperans
875 1397 1042 1433 diluensque

253 1450 392 1473 austeram
422 1445 567 1480 potestatis
591 1445 702 1476 molem,
719 1443 900 1478 bonitateque
925 1444 1042 1471 vincens
1068 1438 1069 1443 ¹

254 1492 415 1518 adeuntium
444 1495 470 1518 te
485 1491 672 1518 formidinem.
688 1490 862 1525 Quapropter
892 1495 946 1518 tuae
963 1498 1041 1518 serc-
1067 1489 1071 1503 ³

254 1538 350 1565 uitatis
373 1541 484 1575 portum
500 1537 621 1564 subeunt
641 1545 754 1569 omnes,
781 1537 828 1572 qui
851 1536 1042 1564 misericordia

256 1584 380 1618 indigent
408 1583 592 1617 ﬂuctibusque
614 1583 785 1618 paupertatis
803 1582 929 1615 liberati,
952 1587 1044 1618 gratos

257 1630 372 1664 hymnos
387 1628 421 1656 ad
437 1633 462 1656 tc
476 1629 625 1657 missitant.

561 1684 637 1713 CAP.
657 1685 724 1712 Llll.

290 1732 428 1764 Qaantum
445 1734 582 1765 potestate
597 1730 706 1757 creteris
718 1720 871 1761 antecellis,
886 1732 990 1756 tantum
1005 1730 1045 1756 fa-

257 1777 309 1804 ctis
326 1778 408 1804 etiam
430 1775 549 1803 emicare
564 1780 627 1802 ante
653 1775 722 1802 alios
736 1774 842 1802 enitere
864 1783 872 1802 ε
890 1775 1046 1810 persuasis-

257 1824 357 1850 simum
369 1821 443 1850 enim
454 1821 524 1848 habe
536 1828 595 1848 eam
612 1821 662 1847 abs
675 1825 700 1847 te
715 1820 850 1855 postulari
865 1821 1046 1848 honestonnu

257 1869 456 1904 operationem.
477 1875 537 1901 qua:
555 1867 738 1902 magnitudini
753 1867 856 1894 virium
870 1868 1047 1903 proportione

258 1915 434 1950 respondeat.
453 1914 488 1941 Ut
505 1914 589 1948 igitur
604 1922 619 1940 a
636 1914 692 1940 Deo
715 1915 794 1948 quasi
819 1922 869 1949 per
891 1922 1046 1949 pneconem

257 1962 347 1988 victor
368 1960 530 1992 declarcris,
547 1968 648 1987 corona
665 1960 759 1987 invicti
776 1961 884 1995 imperii
903 1966 950 1988 tuo
965 1962 1046 1996 capiti

258 2006 384 2041 imposita
397 2026 404 2038 ,
420 2014 550 2033 coronam
565 2006 648 2033 etiam
665 2006 854 2034 beneﬁcentia:
864 2014 927 2042 erga
947 2015 1048 2041 paupe-

257 2059 302 2079 res
314 2051 462 2086 aequirito.

569 2107 645 2135 CAP.
663 2107 728 2134 LIV.

291 2154 487 2188 Contemplare
506 2153 577 2181 beuc
609 2154 769 2188 priusquam
787 2153 901 2181 mandes
914 2162 975 2188 quac
991 2153 1047 2182 lit-ri

905 114 1066 148 AGAPETI
1087 116 1240 148 DIACONI
1274 111 1275 114 ¹

1060 175 1084 203 Α

1818 114 1882 147 1180

1386 174 1509 200 ΚΕΦΛΛ.
1528 173 1595 200 MB'.

1135 219 1166 246 Ἃ
1180 220 1235 251 τοῖς
1249 219 1381 255 ὑπηκόοις
1396 219 1556 255 νομοθετεῖς
1568 219 1612 246 διὰ
1630 219 1685 246 τῶν
1704 217 1807 252 λόγωνι
1825 219 1886 245 ταῦ-

1096 273 1130 292 τα
1146 265 1291 301 προλαὸὼν
1314 265 1457 298 ὑπέδειξας
1470 266 1514 293 διὰ
1527 266 1581 292 τῶν
1592 265 1697 302 ἔργων·
1713 264 1758 292 ινα
1774 265 1828 296 τοῖς
1843 264 1884 290 λό-

1096 320 1154 344 γοις
1171 310 1212 344 οἷς
1237 312 1352 346 πείθεις,
1375 313 1423 340 καὶ
1440 312 1560 349 χρηστὸς
1584 311 1804 347 συναγωνίζηται
1820 312 1884 347 βίος.

1096 359 1174 386 Οὕτω
1199 360 1253 395 γὰρ
1278 359 1423 395 εὐδόκιμον
1451 360 1577 394 ἀποφανῇ
1605 367 1652 385 σου
1668 358 1698 384 τὸ
1719 359 1828 393 κράτος,
1840 360 1886 385 καὶ

1095 405 1182 438 λέγων
1202 405 1376 441 πρακτικῶς,
1391 406 1439 433 καὶ
1454 405 1583 440 πράττων
1597 404 1727 438 λογικῶς.

1396 504 1523 531 ΚΕΦΑΛ.
1545 503 1588 530 N’.

1132 549 1218 577 Πλέον
1243 549 1351 584 ἀγάπα,
1370 550 1481 584 βασιλεῦ
1506 549 1685 585 γαληνότατε,
1700 550 1765 580 τοὺς
1779 549 1885 584 λαμϐά-

1097 604 1152 623 νειν
1180 595 1257 632 παρὰ
1283 596 1331 623 σοῦ
1359 597 1476 632 χάριτας
1504 595 1697 627 ἱκετεύοντας,
1726 595 1798 630 ἥπερ
1824 595 1886 626 τοὺς

1097 642 1299 675 σπουδάζοντας
1314 643 1419 678 δωρεάς
1436 651 1477 669 σοι
1494 642 1673 678 προσφέρειν.
1687 641 1749 672 Τοῖς
1766 641 1815 676 μὲν
1831 641 1885 675 γὰρ

1096 687 1240 724 ὀφειλέτης
1261 689 1381 724 ἀμοιϐῆς
1399 689 1580 716 καθίστασαι·
1599 689 1622 716 οι
1647 688 1674 714 δέ
1691 697 1732 714 σοι
1752 688 1798 714 τὸν
1821 687 1886 713 Θεὸν

1096 733 1237 770 ὀφειλέτην
1255 735 1374 768 ποιοῦσι,
1397 735 1444 761 τὸν
1468 733 1655 769 οἰκειούμενον
1676 732 1711 759 τὰ
1735 733 1772 764 εἰς
1789 733 1885 764 αὐτοὺς

1095 780 1236 815 γινόμενα,
1266 781 1314 807 καὶ
1340 780 1524 816 ἀμειϐόμενον
1541 780 1660 814 ἀγαθαῖς
1675 779 1827 806 ἀντιδόσεσι
1841 778 1885 805 τὸν

1097 825 1220 861 φιλόθεον
1246 827 1294 853 καὶ
1309 826 1498 862 φιλάνθρωπόν
1513 834 1560 852 σου
1580 825 1691 852 σκοπόν.

1383 883 1508 911 ΚΕΦΛΛ.
1525 881 1589 909 ΝΑ’.

1136 928 1225 955 Ἠλίου
1241 929 1289 963 μὲν
1300 928 1381 964 ἔργον
1395 930 1465 962 ἐστὶ,
1481 929 1512 956 τὺ
1525 928 1720 963 καταλάμπειν
1733 928 1795 959 ταῖς
1806 928 1885 955 ἀκτῖ-

1095 983 1121 1001 σι
1150 974 1198 1010 τὴν
1224 975 1329 1002 κτίσιν·
1348 975 1465 1006 ἄνακτος
1483 975 1512 1001 δὲ
1538 974 1635 1010 ἀρετὴ,
1659 974 1689 1000 τὸ
1713 974 1801 1000 ἐλεεῖν
1829 974 1885 1006 τοῖς

1084 1021 1231 1059 ηδεομένοις
1248 1022 1314 1057 (16).
1333 1021 1469 1048 Κάκείνου
1484 1021 1512 1047 δὲ
1528 1020 1727 1056 φανερώτερος,
1743 1021 1757 1046 ὁ
1771 1019 1886 1054 εὐσεϐὴς

1084 1062 1221 1102 ’βασιλεύς
1232 1076 1238 1083 ·
1255 1069 1268 1095 ὁ
1284 1068 1334 1103 μὲν
1347 1068 1403 1103 γὰρ
1420 1068 1558 1106 ὑποχωρεῖ
1581 1067 1614 1097 τῇ
1636 1067 1745 1102 διαδοχῇ
1758 1067 1808 1100 τῆς
1839 1075 1886 1092 νυ-

1093 1114 1157 1145 κτός
1168 1123 1174 1128 ·
1189 1115 1203 1140 ὁ
1221 1115 1248 1141 δὲ
1261 1115 1291 1141 οὐ
1308 1116 1470 1151 παραχωρεί
1483 1116 1516 1150 τῇ
1535 1116 1694 1150 συναρπαγῇ
1713 1114 1768 1140 τῶν
1781 1113 1883 1145 κακῶν,

1093 1160 1161 1186 ἀλλὰ
1175 1161 1213 1195 τῷ
1229 1162 1300 1195 φωτὶ
1312 1161 1361 1196 τῆς
1373 1161 1505 1196 ἀληθείας
1518 1161 1655 1196 ἐξελέγχει
1669 1161 1703 1187 τὸ.
1716 1160 1825 1195 κρυπτὰ
1835 1160 1886 1194 τῆς

1093 1205 1209 1238 ἀδικίας.

1385 1264 1510 1290 ΚΕΦΛΛ.
1531 1263 1594 1290 NB’.

1129 1309 1198 1340 Τοὺς
1214 1309 1263 1344 μὲν
1277 1309 1331 1345 πρὸ
1355 1309 1401 1336 σοῦ
1426 1310 1545 1345 βασιλεῖς
1559 1311 1575 1345 ἡ
1590 1310 1662 1345 ἀρχὴ
1675 1309 1885 1343 κατεκόσμησε’

1068 1383 1071 1386 ,
1094 1357 1126 1383 σὺ
1140 1356 1168 1382 δὲ
1179 1357 1290 1391 ταύτην,
1303 1356 1443 1392 κράτιστε,
1459 1356 1641 1393 φαιδροτέραν
1656 1357 1798 1391 ἐποίησας.
1815 1357 1888 1390 ἡμε-

1096 1402 1187 1437 ρὸτητι
1203 1401 1305 1436 κιρνῶν
1321 1402 1371 1436 τῆς
1388 1402 1514 1433 ἐξουσίας
1528 1401 1574 1428 τὸν
1593 1401 1687 1435 ΰγκον,
1704 1402 1751 1427 καὶ
1768 1400 1888 1435 χρηστός

1093 1456 1155 1483 τητι
1170 1447 1251 1473 νικῶν
1266 1447 1320 1473 τῶν
1332 1447 1500 1482 προσιόντων
1520 1455 1561 1473 σοι
1579 1446 1625 1473 τὸν
1636 1447 1730 1481 φόΰον.
1747 1447 1828 1473 Ὅθεν
1848 1446 1888 1480 τῷ

1095 1493 1184 1528 λιμένι
1207 1493 1258 1527 τῆς
1285 1492 1334 1527 σῆς
1353 1492 1537 1528 γαληνότητος
1562 1492 1664 1524 πάντες
1691 1492 1890 1528 προσορμῶειν

1096 1540 1120 1566 οἱ
1136 1539 1229 1570 ἐλέους
1254 1539 1389 1573 δεόμενοι,
1416 1539 1464 1565 καὶ
1486 1538 1541 1566 τῶν
1569 1539 1700 1574 κυμάτων
1726 1538 1776 1573 τῆς
1791 1539 1890 1570 πενίας

1095 1585 1342 1621 ἀπαλλαττόμενοι,
1354 1584 1582 1621 εὐχαριστηρίους
1593 1584 1695 1620 ὕμνους
1709 1593 1749 1611 σοι
1763 1583 1891 1618 ἀναπέμ-

1096 1640 1203 1658 πουσιν.

1392 1688 1517 1715 ΚΕΦᾹΛ.
1533 1687 1597 1716 ΝΡ.

1132 1733 1214 1760 Ὅσον
1235 1735 1268 1769 τῇ
1286 1733 1430 1768 δυναστείᾳ.
1448 1733 1556 1759 πάντων
1582 1731 1772 1767 ὑπερανέχεις.
1794 1730 1891 1757 τοσοῦ-

1097 1788 1141 1806 τον
1155 1779 1202 1806 καὶ
1224 1781 1280 1811 τοῖς
1294 1779 1385 1814 ἔργοις
1407 1779 1597 1814 ὑπερλάμπειν
1615 1778 1749 1811 ἀγωνίζου
1766 1785 1772 1792 ·
1791 1776 1890 1803 ἀναλος

1097 1824 1198 1860 γαῦσαν
1213 1826 1267 1861 γὰρ
1286 1826 1324 1860 τῷ
1341 1825 1450 1860 μεγέθει
1468 1826 1519 1860 τῆς
1534 1825 1675 1860 δυνάμεως
1693 1824 1742 1859 τὴν
1755 1823 1893 1859 ἐργασίαν

1097 1873 1151 1898 τῶν
1161 1872 1252 1900 καλῶν
1268 1871 1441 1899 ἀπαιτεῖσθαι
1457 1871 1651 1907 προσδόκησον.
1667 1871 1725 1896 ’Ίνα
1735 1871 1825 1896 τοίνυν
1839 1878 1895 1896 πι-

1099 1919 1134 1954 ρὰ
1147 1919 1215 1945 Θεοῦ
1241 1919 1445 1954 ἀνακηρυχθῇς,
1463 1918 1533 1952 μετὰ
1546 1917 1591 1944 τοῦ
1608 1917 1740 1951 στεφάνου
1757 1917 1806 1951 τῆς
1820 1916 1892 1951 ἀητ-

1098 1965 1179 2000 τήτου
1194 1964 1342 1998 βασιλείας,
1357 1963 1457 1998 κτῆσαι
1473 1963 1520 1990 καὶ
1535 1963 1565 1989 τὺ
1584 1962 1693 1997 στέμμα
1710 1961 1761 1996 τῆς
1774 1961 1828 1988 τῶν
1844 1969 1894 1987 πε-

1099 2009 1185 2044 νήτων
1201 2009 1337 2040 εὐποιίας.

1382 2109 1508 2135 ΚΕΦΛᾹ.
1534 2107 1595 2134 Μ’.

1135 2158 1254 2184 Σκέπτου
1270 2157 1336 2193 πρὶν
1349 2155 1502 2183 ἐπιτάττειν
1516 2155 1533 2181 ἃ
1548 2154 1646 2185 θέλξις,
1659 2154 1704 2179 ἵνα
1719 2152 1897 2188 προστάττῃς

256 2201 324 2227 velis
342 2210 348 2227 :
364 2200 404 2227 sic
421 2200 467 2227 fiet
482 2204 513 2226 ul.
528 2207 637 2234 semper
653 2200 807 2234 prudenter
817 2200 916 2235 jubeas
929 2209 990 2236 qua:
1007 2201 1044 2228 fas

1103 2205 1241 2240 ἐμφρόνως
1263 2204 1281 2231 ἃ
1311 2204 1390 2239 οέμις
1406 2211 1412 2218 ”
1441 2201 1561 2228 εὑόλιΘον
1584 2201 1639 2235 γάρ
1657 2199 1687 2226 τὺ
1698 2200 1746 2234 τῆς
1768 2199 1899 2233 γλώττης

256 2245 475 2272 estzlubrieum
506 2244 578 2271 enim
607 2249 650 2271 est
680 2244 895 2272 instrumentum
934 2245 1045 2280 linguze,

257 2291 462 2326 maximumque
472 2291 552 2318 aﬂ‘ert
566 2289 769 2325 negligentibus
781 2291 935 2325 periculum
952 2299 958 2317 :
972 2291 1046 2326 quod

257 2338 279 2364 si
296 2337 369 2372 pium
390 2337 561 2364 intellectum
585 2336 661 2363 velut
674 2335 806 2363 musicam
824 2337 862 2363 illi
878 2336 1045 2370 pracfereris,

257 2383 388 2410 (minibus
403 2382 552 2410 harmonia‘
570 2382 693 2409 numeris
713 2382 906 2409 concinnatum
925 2382 1048 2409 modula—

257 2428 332 2455 bitur
354 2427 451 2454 melos.

576 2484 653 2511 CAP.
672 2484 726 2510 LV.

293 2532 412 2559 Acutum
428 2531 541 2567 quidem
557 2539 617 2558 esse
635 2535 743 2565 oportet
758 2530 911 2564 principem
933 2537 994 2557 cum
1020 2529 1047 2556 in

258 2578 321 2604 aliis
334 2583 391 2605 tum
406 2576 448 2605 vel
467 2578 587 2606 maxime
606 2577 633 2604 iu
649 2576 816 2612 proferendo
830 2576 864 2603 de
879 2575 961 2602 rebus
976 2575 1047 2602 dilli-

260 2623 372 2651 ('illimis
389 2624 495 2659 judicio
511 2634 517 2651 :
537 2624 642 2652 lentum
664 2627 756 2650 autem
775 2622 853 2649 valde
875 2622 908 2648 ad
925 2622 1046 2649 irascen-

259 2669 336 2696 dum.
359 2670 390 2697 Et
404 2670 533 2703 quoniam
552 2669 709 2696 omnimoda
728 2669 775 2695 irre
799 2668 921 2695 absentia
953 2675 1047 2702 asper-

260 2716 360 2743 nabilis
388 2720 446 2747 est,
480 2721 506 2742 et
536 2716 669 2743 irascatur
700 2716 901 2748 mediocriter,
936 2720 963 2742 (ιι
994 2722 1047 2741 ιιοιι

1100 2252 1226 2286 ὖργανον,
1243 2252 1289 2277 καὶ
1304 2251 1430 2285 μέγιστον
1448 2247 1565 2283 παρέχει
1584 2248 1638 2277 τοῖς
1652 2245 1784 2280 ἀμελοῦσι
1801 2245 1899 2272 κίνδυ-

1101 2306 1155 2324 νον.
1172 2297 1202 2323 Εἰ
1217 2297 1244 2322 δὲ
1258 2296 1304 2323 τὸν
1317 2295 1417 2330 εὐσεϐῆ
1433 2292 1562 2328 λογισμὸν
1580 2292 1617 2324 ὡς
1633 2291 1767 2326 μουσικὴν
1781 2291 1900 2324 ἐπιστή-

1103 2351 1156 2374 σεις
1167 2342 1250 2377 αὐτῷ,
1265 2342 1294 2368 τὸ
1308 2341 1493 2376 παναρμόνιον
1508 2339 1556 2375 τῆς
1579 2337 1680 2373 ἀρετῆς
1692 2337 1899 2372 ἁνακροὺσεται

1104 2390 1192 2424 μέλος.

1386 2476 1409 2502 Κ
1415 2475 1500 2502 ΕΦΛΛ
1505 2495 1512 2502 .
1542 2475 1564 2501 Ν
1569 2471 1604 2500 E'.

1143 2525 1219 2557 Ὀξὺν
1242 2525 1291 2559 μὲν
1307 2520 1386 2554 εἴναι
1398 2523 1450 2558 χρὴ
1464 2522 1529 2558 περὶ
1549 2522 1638 2548 πάντα
1652 2521 1698 2547 τὴν
1712 2520 1833 2551 ἄνακτα,
1851 2518 1901 2544 καὶ

1104 2571 1219 2607 μάλιστα
1231 2571 1295 2606 περὶ
1308 2570 1357 2601 τὰς
1370 2569 1475 2604 κρίσεις
1487 2568 1542 2594 τῶν
1559 2566 1697 2602 δυσχερῶν
1709 2564 1903 2601 πραγμάτων,

1104 2618 1200 2653 βραδὺν
1215 2617 1242 2643 δὲ
1259 2617 1319 2643 λίαν
1335 2617 1374 2648 εἰς
1389 2615 1473 2650 ὀργὴν
1489 2613 1702 2640 ὲπιδείκνυσῦιιι.
1724 2610 1840 2645 Ἐπειδὴ
1854 2611 1904 2636 καὶ

1102 2665 1131 2691 τὸ
1149 2663 1235 2698 πάντη
1256 2662 1390 2697 ἀόργητον
1406 2660 1643 2694 εὐκαταφρόνητον
1654 2680 1660 2691 ,
1680 2661 1728 2685 καὶ
1746 2656 1906 2692 θυμοῦσθω

1105 2710 1233 2747 μετρίως,
1250 2709 1297 2736 καὶ
1310 2708 1347 2744 μὴ
1359 2707 1516 2743 θυμούσθιη·
1534 2707 1564 2733 τὸ
1581 2707 1639 2742 μὲν,
1655 2706 1696 2732 ἵνα
1715 2705 1769 2732 τῶν
1784 2705 1905 2741 φαύλων

1017 2783 1130 2811 NOTAE.

299 2836 354 2869 (16)
375 2836 411 2862 Τὸ
440 2837 534 2863 ἐλεεῖν
563 2839 621 2872 τοῖς
638 2841 799 2874 δεσμώτης.
815 2841 877 2869 Mss.
900 2841 965 2870 Reg.
983 2849 1007 2867 τ.
1024 2841 1046 2867 ἒ,
1069 2839 1132 2871 τοὺς
1149 2838 1304 2873 δεομένους.
1325 2836 1441 2863 ΒΑΜυιι.
