1966 3089
90 128 157 164 1181

694 138 828 172 ΕΑΡΙΤΑ
848 142 1113 175 ADMONITOBIA
1120 168 1127 175 .

1658 147 1726 180 1182

87 189 137 220 τὰς
157 189 244 240 ὁρμὰς
258 189 408 229 ἀναστέλλῃ
421 200 428 209 ·
441 193 470 220 τὸ
485 193 514 221 δὲ
528 212 534 227 ,
552 195 596 222 ῐνα
612 196 661 228 τὰς
676 197 804 234 ἀφορμὰς
827 200 871 226 τῶν

933 202 1066 230 irascatur
1085 206 1195 238 oportet
1212 212 1218 229 :
1237 203 1303 230 illud
1319 222 1326 236 ,
1356 209 1386 231 ut
1415 212 1564 239 pravorum
1590 205 1722 240 impetum

88 235 216 271 χρηστῶν
230 237 370 274 ἀνιχνεύῃ.

369 339 495 369 mea.
522 342 595 375 Νσν,

126 379 170 410 Ἓν
181 382 220 418 τῷ
232 383 341 419 ἀκριϐεῖ
350 384 400 420 τῆς
413 386 527 421 καρδίας
544 396 591 413 σου
605 387 798 425 βουλευτηρίῳ,
817 391 879 417 gm-

85 428 176 463 μελῶς
191 429 317 457 κατανόει
331 430 385 458 τῶν
398 432 532 459 συνόντων
550 441 591 459 σοι
609 434 672 465 τοὺς
687 435 816 469 τρόπους,
833 437 877 464 ἴνα

83 474 222 511 γινώσκῃς
235 476 358 510 ἀκριϐῶς
371 476 418 504 καὶ
435 478 499 510 τοὺς
510 479 540 505 ἐν
554 479 649 516 ἀγάπῃ
662 476 877 516 Θερατιεύοντας,

82 521 131 547 καὶ
145 522 208 553 τοὺς
223 522 252 548 ὲν
263 522 355 559 ἀπάτῃ
371 525 570 557 κολακεύοντας
579 535 586 541 ·
600 527 694 554 πολλοὶ
706 528 763 563 γὰρ
774 530 877 557 εὐνοεῖν

82 567 313 603 ὑποκρινόμενοι,
350 571 457 606 μεγάλα
484 574 547 606 τοὺς
581 576 762 609 πιστεύοντας
792 587 877 606 κατα-

82 613 245 643 ϐλάπτουσιι

367 670 493 702 ΚΕΦΛΛ.
521 672 583 704 NZ’.

117 728 203 762 Λόγον
225 728 345 762 ἀκούσας
379 728 519 767 ὠφελῆσαι
548 734 709 770 δυνάμενον,
735 733 772 772 μὴ
796 735 882 772 μόνον’

933 249 1114 283 comprimat;
1143 249 1196 277 hoc
1209 269 1216 283 ,
1235 255 1265 276 ιιι
1283 249 1484 285 propensiones
1507 250 1642 278 bonorum
1659 259 1710 286 per

933 294 1059 329 vestiget.
1318 305 1324 310 ·

1260 350 1337 378 CAP.
1355 350 1422 378 LVI.

968 393 997 424 In
1017 396 1154 431 exquisita
1176 395 1216 423 tui
1232 396 1325 424 cordis
1347 396 1425 422 curia
1443 395 1590 430 diligenter
1616 395 1722 429 perspi-

932 442 998 475 eito,
1023 443 1246 470 conversantium
1262 447 1353 470 tecum
1369 450 1462 469 mores
1478 446 1510 469 ut
1526 450 1676 477 pernoscas
1691 441 1737 468 ad-

931 488 1074 520 amussim,
1094 492 1123 515 et
1136 495 1206 522 quos
1219 488 1340 516 cliaritas
1352 488 1445 515 colere
1463 487 1616 522 compellit,
1631 491 1661 515 et
1676 487 1724 522 qui

932 534 981 562 tibi
1005 540 1054 569 per
1081 534 1205 562 fraudein
1233 534 1406 561 adulantur:
1422 534 1549 569 plerique
1572 532 1649 561 enim
1673 540 1724 567 per

931 580 1153 608 benevolentiam
1179 581 1340 609 simulantes
1350 601 1358 611 ,
1373 588 1472 616 magno
1484 580 1659 607 credentibus
1674 579 1722 606 de-

931 627 1063 655 trimento
1078 631 1151 654 sunt.

1241 679 1314 711 CAP.
1340 680 1421 710 LVII.

965 739 1126 770 Sermonem
1147 750 1209 770 cum
1228 742 1308 770 audis
1321 743 1418 777 juvare
1429 741 1580 771 valentem,
1596 747 1631 765 nc
1645 738 1720 765 auri—

78 773 268 822 dixpﬁAroG'rov,
285 776 353 803 ἀλλὰ
368 778 414 822 καὶ
425 779 525 813 πράξει
536 779 660 816 διαδέχου
670 790 676 797 ·
694 779 766 810 οὕτω
779 784 833 820 γὰρ
845 786 871 811 τὲ

930 789 981 815 bns
1001 789 1093 820 modo,
1110 795 1206 815 verum
1227 788 1310 815 etiam
1328 795 1413 822 opere
1430 786 1552 821 eXcipito
1568 795 1574 812 :
1591 785 1630 813 sic
1646 785 1720 812 enini

78 819 128 845 τοῦ
147 819 280 854 βασιλέως
292 819 451 856 ἀγλαΐζεται
464 822 575 860 κράτος,
589 826 653 853 ὃταν
667 827 683 863 ἢ
696 829 761 865 παρ’
775 819 871 857 ἑαυτοῦ

930 834 1106 869 imperatoris
1136 839 1287 862 exornatur
1316 833 1522 867 decoraturque
1555 831 1719 864 dominium,

77 865 114 891 τὰ
129 865 223 893 δέοντα
240 869 349 904 συνορᾷ,
364 866 380 904 ἦ
396 871 462 906 παρ’
478 872 557 898 ἄλλου
579 873 723 909 εὑρεθέντα
739 876 871 911 μηδαμῶς

930 888 991 907 cum
1005 880 1049 907 vel
1071 888 1104 908 ex
1121 888 1150 908 se
1173 880 1331 911 considerat
1349 887 1410 914 qua:
1431 878 1556 906 facienda
1578 882 1660 910 sunt,
1678 877 1720 904 vel

77 913 201 961 ἶτςιρορᾷ,
215 913 283 940 ἀλλὰ
305 915 435 949 μανθάνει
453 917 503 953 μὲν
521 918 743 956 ἁνεπαισχύντως
757 942 764 953 ,
780 923 871 950 ἐπιτε-

930 926 960 953 ab
973 926 1027 953 alio
1040 930 1150 961 reperta
1164 935 1219 953 non
1243 926 1363 961 despicit
1377 946 1384 957 ,
1408 925 1457 952 sed
1486 930 1544 952 tum
1559 924 1642 951 discit
1661 923 1720 951 sine

79 955 122 984 λεῖ
137 958 165 984 δὲ
178 959 380 995 ἀνυπερθέτως.

371 1015 499 1048 ΚΕΦΛΛ.
515 1011 596 1050 Νιιιζ

122 1070 284 1109 ’Δκρόῆολις
302 1074 352 1111 μὲν
369 1076 534 1113 ἀπορθήτοις
548 1079 666 1114 τείχεσιν
682 1076 872 1118 ἢσφαλιὰμένη

81 1122 248 1155 καταφρονεῖ
261 1121 316 1148 τῶν
338 1123 555 1158 πολιορκούντων
569 1125 654 1156 αὐτὴν
672 1127 813 1163 πολεμίων
828 1117 873 1164 δή

78 1166 197 1202 εὐσεϐὴς
206 1168 234 1193 δὲ
244 1167 365 1202 βασιλεία.
374 1170 451 1205 ὑμῶν
462 1171 659 1206 ἐλεημοσύναις
669 1176 871 1211 τετειχισμένη,

78 1213 129 1238 καὶ
144 1215 310 1249 προσευχαῖς
330 1218 584 1254 περιπδργουμένη,
594 1220 746 1255 ’ἀήττητος
767 1220 873 1255 γίνεται

78 1258 138 1289 τοῖς
151 1258 207 1284 τῶν
223 1259 329 1294 ἐχθρῶν
351 1260 468 1296 βέλεσιν,
483 1262 594 1299 ἀοίδιμα
617 1266 677 1291 κατ’
692 1266 784 1293 αὐτῶν
801 1267 874 1300 ἐγεί-

79 1311 169 1338 ρουσα
183 1303 312 1340 τρόπαια.

368 1360 494 1391 ΚΕΦΑΛ.
513 1360 588 1397 NR?

117 1417 227 1452 Χρῆσαι
244 1418 358 1451 δεόντως
370 1422 402 1455 τῇ
415 1421 490 1448 κάτω
505 1419 646 1459 βασιλείᾳ,
662 1424 706 1450 ἴνα
721 1424 822 1460 κλίμαξ
834 1430 875 1453 σοι

79 1461 197 1497 γένηται
220 1464 269 1499 τῆς
295 1464 352 1491 ἅνω
372 1466 513 1499 εὐδοξίας·
540 1468 564 1494 oi
588 1468 643 1504 γὰρ
661 1469 763 1505 ταύτην
784 1471 874 1503 καλῶς

77 1506 256 1541 διοικοῦντες,
279 1508 350 1544 μετὰ
365 1511 468 1547 ταύτης
490 1512 620 1549 κάκείνης
634 1514 783 1548 ἀξιοῦνται.
801 1517 874 1543 Ταύ-

77 1561 131 1588 την
150 1555 179 1582 δὲ
203 1555 334 1583 διοικοῦσι
355 1557 456 1591 καλῶς,
473 1560 498 1586 οἱ
519 1561 653 1595 πατρικὸν
675 1563 732 1593 τοῖς
753 1563 873 1598 ἀρχομὲ-
887 1554 908 1585 C

78 1605 137 1628 νοις
154 1599 369 1634 ἐπιδεικνύοντες
386 1602 486 1636 πόθον,
503 1604 552 1631 καὶ
568 1605 682 1640 ἀρχικὸν
698 1609 762 1642 παρ’
782 1609 871 1635 αὐτῶν

78 1643 327 1680 ἀντιλαμϐάνοντες
341 1647 423 1682 φόϐον
433 1656 440 1663 ·
455 1649 580 1682 ἀπειλαῖς
597 1651 647 1686 μὲν
664 1651 698 1678 τὰ
712 1653 872 1688 πταίσματα

77 1690 357 1726 προαναστέλλοντες,
385 1695 532 1730 τιμωρίαις
558 1696 587 1722 δὲ
601 1697 698 1732 πεῖραν
722 1697 812 1730 αὐτοῖς
841 1700 871 1726 οὐ

77 1735 276 1770 προσάγοντεςι

387 1792 514 1822 ΚΕΦΑΛ.
533 1792 571 1824 ε’.

121 1847 239 1882 ’ἱμάτιον
255 1850 426 1878 ἀπαλαίωτόν
440 1852 497 1878 ἐστι
511 1853 541 1878 τὸ
557 1853 607 1888 τῆς
620 1854 743 1887 εὐποιίας
761 1854 870 1892 περιὸό⁴

77 1892 155 1919 )αιον
169 1914 176 1925 ,
201 1895 245 1921 καὶ
264 1895 426 1932 ἀδιάφθορος
447 1899 558 1934 στολὴή
585 1900 653 1935 πρὸς
668 1902 731 1932 τοὺς
752 1903 870 1938 πένητας

77 1939 194 1974 στοργή.
214 1941 259 1966 Δεῖ
275 1938 320 1966 οὖν
336 1942 380 1968 τὸν
396 1942 557 1978 βουλόμενον
569 1944 688 1977 εὐσεϐῶς
703 1946 867 1982 βασιλεύειν,

75 1985 212 2015 τοιοᾶτοις
221 1985 351 2020 ἐνδύμασι
362 1987 506 2024 τὴνψυχὴν
519 1990 699 2023 καλλωπίζειν
711 2001 718 2007 ⁸
731 1993 878 2031 φιλοπτωῆ

76 2029 140 2063 χίας
154 2030 209 2065 γὰρ
220 2031 405 2067 ἠμφιεσμένος
419 2035 573 2070 πορφύραν,
589 2038 636 2063 καὶ
650 2038 777 2072 οὐρανίου
794 2029 879 2074 βασιλ

75 2075 153 2108 λείας
170 2078 356 2109 καταξιοῦται,

375 2138 396 2163 Κ
402 2137 499 2165 ΕΦΑΛ.
527 2137 586 2168 ΞΝ.

113 2191 255 2226 Σκῆπτρον
266 2191 403 2227 βασιλείας
416 2195 492 2230 παρὰ
503 2196 570 2222 Θεοῦ
582 2197 737 2232 δεξάμενος,
750 2200 866 2227 σκέπτου

73 2235 138 2269 πῷς
154 2237 262 2271 ἀρέσεις
281 2238 320 2273 τῷ
335 2239 440 2275 ταύτην
461 2250 502 2268 σοι
523 2241 650 2281 δεδωκότι
661 2252 667 2258 ·
686 2245 733 2270 καὶ
746 2245 783 2276 ὡς
798 2246 867 2274 πάν-

72 2290 131 2308 των
143 2282 191 2308 ἀνθ
196 2283 294 2318 ρώπων
307 2286 352 2311 ὑπ’
365 2286 449 2312 αὐτοῦ
463 2295 542 2322 προτι
547 2287 654 2322 μηθεὶς,
668 2289 748 2316 πλέον
761 2291 868 2318 πάντων

73 2328 189 2362 ἐπείγου
200 2332 414 2366 καταγεραίρειν
425 2333 518 2361 αὐτόν.
529 2334 616 2361 Τοῦτο
626 2335 655 2361 δὲ
666 2336 751 2371 γέρας
760 2338 868 2372 ἡγεῖται

74 2374 227 2409 μέγιστον,
255 2375 287 2402 ἂν
313 2377 350 2408 ὡς
378 2378 458 2404 αὑτὸν
483 2379 547 2410 τοὺς
576 2379 622 2406 ὑπ’
648 2381 731 2408 αὑτοῦ
753 2383 867 2410 διαπλα-

73 2420 190 2452 σοέντας
204 2422 280 2456 ὁρᾷς,
297 2423 342 2448 καὶ
358 2423 394 2454 ὡς
411 2425 500 2459 χρεὼν
516 2426 666 2462 καταϐολὴν
682 2428 729 2459 τὰς
745 2429 868 2462 εὐποιίας

72 2464 129 2500 πλη
134 2466 191 2500 poi;
195 2485 202 2493 .

368 2569 492 2596 ΚΕΦΑΛ.
514 2571 572 2598 EB’.

111 2614 226 2649 Τρὲχειν
255 2615 305 2650 μὲν
319 2616 360 2648 είς
378 2617 427 2652 τὴν
442 2617 498 2644 ἅνω
514 2618 640 2653 βοήθειαν
657 2621 708 2651 itii;
723 2622 865 2657 ἅνθρωπος

73 2659 188 2692 ὀφείλει,
213 2661 228 2687 ὸ
242 2662 379 2697 σωτηρίας
397 2663 558 2698 γλιχόμενος
574 2673 580 2678 ·
596 2665 610 2690 ὀ
625 2664 751 2698 βασιλεὺς
770 2667 797 2693 δὲ
812 2669 865 2703 πρὸ

75 2705 196 2738 πάντων,
214 2706 251 2737 ὡς
267 2709 408 2744 μεριμνῶν
425 2710 495 2745 ὑπὲρ
513 2711 630 2738 πάντων.
655 2712 722 2739 Ὑπὸ
735 2713 781 2739 τοῦ
797 2714 863 2741 Θεοῦ

77 2749 132 2783 γὰρ
155 2750 368 2787 φυλαττόμενος,
397 2756 521 2788 καὶτοὺς
546 2757 691 2792 πολεμίους
712 2761 863 2794 καταγωνί‹

78 2797 120 2826 ζεῖ
128 2806 151 2822 ιι
178 2799 305 2831 γενναίως
319 2822 324 2832 ,

78 2843 228 2873 σπουδάς-»ς

344 2804 390 2828 κί”ι
410 2805 471 2835 τοὺς
494 2805 608 2836 εἰκίονς
636 2808 862 2842 κκῖςιτνςνλῖζῖταῑ

925 973 1103 1005 verecundia,
1123 977 1180 1001 tum
1201 973 1365 1007 exsequitur
1379 973 1438 999 sine
1462 971 1648 999 cunctatione.

1231 1031 1307 1059 CAP.
1322 1028 1414 1058 LVIII.

960 1089 1015 1117 Arx
1029 1090 1142 1125 quidem
1155 1089 1350 1117 munitissimis
1370 1087 1515 1116 'mmnibus
1546 1087 1636 1114 cincta
1653 1094 1717 1114 eon-

885 1139 891 1163 Τ
925 1136 1025 1164 temnit
1040 1136 1202 1163 obsidentes
1219 1144 1248 1162 se
1263 1135 1358 1162 hostes
1375 1143 1381 1161 :
1399 1135 1474 1169 piuin
1490 1138 1582 1160 autem
1593 1137 1716 1160 vestrum

924 1181 1083 1215 imperium,
1099 1189 1162 1209 cum
1182 1187 1211 1208 et
1231 1180 1399 1208 liberalitate
1416 1187 1481 1215 erga
1500 1179 1616 1206 miseros
1633 1179 1717 1205 veluti

925 1235 1005 1255 muro
1022 1228 1145 1255 cinctum
1168 1231 1197 1255 et
1210 1235 1323 1262 precum
1343 1226 1468 1253 turribus
1494 1225 1716 1257 corroboratuin,

924 1274 962 1301 sit
976 1274 1122 1306 invictum,
1135 1274 1219 1301 nullis
1231 1273 1353 1300 hostium
1365 1273 1427 1299 telis
1439 1272 1565 1307 pervium
1581 1271 1611 1298 ﬁt
1628 1280 1635 1298 :
1648 1279 1711 1306 pra:-

923 1319 996 1346 clara
1010 1323 1037 1347 et
1054 1319 1174 1347 celebria
1188 1323 1286 1347 contra
1300 1326 1348 1345 cos
1366 1318 1477 1353 erigens
1498 1322 1610 1352 tropica.

1249 1372 1326 1403 CAP.
1344 1374 1414 1403 LIX.

961 1428 1044 1460 Utere
1060 1434 1090 1459 ut
1110 1434 1222 1467 oportet
1235 1438 1320 1467 regno
1335 1432 1389 1459 boe
1404 1431 1535 1458 interiore
1551 1450 1558 1462 ,
1590 1434 1620 1456 ut
1644 1429 1716 1456 scala

926 1477 974 1505 tibi
996 1478 1043 1505 ﬁat
1059 1478 1212 1513 superioris
1226 1478 1362 1506 claritatis
1379 1487 1386 1505 :
1404 1478 1452 1512 qui
1473 1477 1550 1504 enim
1571 1477 1626 1503 hoc
1641 1480 1714 1503 recte

924 1523 1091 1558 gubernant,
1113 1524 1157 1551 illa
1182 1532 1292 1559 quoque
1307 1523 1483 1559 postmodum
1497 1522 1573 1557 digni
1594 1529 1711 1549 censere

926 1573 980 1596 tur.
1008 1569 1065 1597 lloc
1086 1574 1179 1597 autem
1207 1574 1282 1597 recte
1307 1569 1482 1604 gubernant,
1499 1568 1548 1603 qui
1571 1572 1712 1602 paternam

923 1615 1043 1643 subditis
1055 1616 1206 1643 ostendunt
1222 1616 1398 1649 eharitatem,
1415 1620 1443 1642 ct
1455 1615 1573 1650 principi
1588 1614 1713 1641 debitum

923 1661 958 1688 ab
974 1662 1040 1696 ipsis
1057 1662 1196 1696 recipiunt
1222 1662 1351 1688 timorem
1366 1671 1372 1688 ε
1391 1661 1486 1696 itaque
1504 1662 1587 1689 minis
1601 1659 1711 1694 quidem

923 1708 989 1735 vitia
1009 1713 1204 1742 compescunt;
1231 1707 1362 1743 supplicii
1392 1711 1484 1735 autem
1509 1714 1621 1734 sensum
1647 1705 1710 1740 ipsis

923 1752 1084 1788 neutiquam
1101 1753 1240 1789 inﬂigunt.

1238 1806 1314 1834 CAP.
1343 1807 1400 1834 LX.

957 1862 1158 1890 Vestimentuin
1184 1871 1238 1890 non
1264 1869 1441 1892 veteraseens
1466 1869 1508 1890 est
1523 1864 1710 1891 beneﬁcentia

922 1907 1084 1939 amictus,et
1099 1908 1260 1943 incorrupta
1282 1910 1351 1936 stola
1365 1914 1407 1936 est
1425 1909 1546 1936 charitas
1560 1917 1624 1943 erga
1638 1917 1705 1943 pau-

921 1961 1009 1988 peres.
1026 1943 1111 1989 Igitur
1130 1960 1241 1989 oportet
1257 1955 1304 1989 qui
1320 1955 1363 1989 pie
1377 1963 1493 1990 regnare
1507 1955 1577 1987 vult,
1608 1955 1707 1981 talium

921 1998 1146 2026 indumentorum
1174 2000 1384 2035 pulchritudine
1407 2000 1525 2027 animant
1553 2007 1709 2033 exornare;

920 2044 1024 2071 amoris
1039 2044 1113 2071 enim
1131 2045 1157 2072 in
1172 2046 1274 2080 egenos
1287 2047 1335 2080 qui
1361 2045 1477 2072 indutus
1507 2050 1551 2073 est
1577 2052 1709 2080 purpura,

921 2090 1041 2118 cmlestis
1054 2099 1166 2126 quoque
1182 2092 1258 2127 regni
1275 2100 1389 2127 compos
1398 2091 1526 2119 eﬂicitur.

1249 2147 1324 2176 CAP.
1346 2148 1414 2175 LXI.

957 2203 1102 2238 Sceptrum
1121 2203 1229 2238 imperii
1242 2212 1304 2232 cum
1316 2211 1331 2231 ιι
1347 2203 1403 2231 Deo
1413 2204 1579 2238 susceperis,
1592 2204 1708 2238 cogitato

920 2248 1085 2283 quibusnam
1112 2249 1203 2277 modis
1231 2250 1353 2284 placebis
1376 2250 1401 2277 ci
1429 2250 1475 2284 qui
1499 2250 1525 2276 id
1542 2250 1591 2277 tibi
1611 2250 1699 2277 dedit:

921 2302 1038 2328 Clllllqtle
1048 2294 1179 2322 clunibus
1190 2295 1350 2322 hominibus
1364 2296 1398 2322 ub
1410 2304 1444 2323 eo
1451 2296 1489 2323 sis
1502 2296 1641 2330 prinlatus,
1655 2302 1707 2330 prie

920 2340 1052 2368 omnibus
1068 2348 1133 2368 eum
1148 2341 1286 2368 honorare
1308 2342 1418 2369 festina.
1445 2343 1529 2370 Porro
1544 2342 1572 2369 id
1588 2342 1646 2376 ipse
1660 2343 1706 2369 lio-

919 2391 1124 2414 nestanientum
1153 2387 1306 2414 arbitratur
1337 2388 1510 2420 maximum,
1540 2388 1562 2415 si
1594 2389 1706 2423 perinde

920 2432 996 2458 illum
1023 2440 1054 2459 ac
1078 2437 1192 2460 (ueteres
1208 2433 1243 2460 ab
1259 2441 1292 2460 eo
1314 2434 1447 2460 formatos
1468 2435 1597 2468 accipias.
1625 2440 1705 2470 atque

921 2481 950 2503 ut
963 2477 1049 2504 debiti
1072 2479 1273 2506 cxsolutioncm
1294 2479 1483 2507 benefaciendi
1504 2488 1604 2507 munus
1620 2480 1704 2507 adun-

919 2523 1003 2556 pleas.

1235 2580 1311 2607 CAP.
1327 2581 1406 2608 LXII.

955 2625 1107 2654 Recurrerc
1117 2631 1150 2654 ad
1164 2636 1314 2662 supernum
1330 2629 1462 2656 auxilium
1476 2629 1632 2656 cunrliorno
1645 2630 1705 2664 qni-

918 2671 958 2699 vis
978 2671 1062 2700 debet
1074 2693 1081 2705 ,
1099 2681 1148 2708 pro
1164 2674 1253 2701 salute
1279 2683 1386 2711 rogans,
1402 2679 1458 2703 tum
1470 2681 1533 2702 ante
1547 2683 1642 2703 omnes
1657 2677 1705 2702 im-

918 2723 1046 2752 pcrator,
1074 2725 1169 2754 utpote
1185 2722 1231 2755 qui
1250 2729 1300 2756 pro
1327 2723 1455 2750 omnibus
1482 2723 1617 2750 sollicitus
1641 2727 1703 2750 est:

916 2773 979 2790 l‘lltll
1011 2766 1086 2793 enim
1113 2775 1126 2792 ιι
1159 2767 1213 2794 [leo
1243 2769 1418 2799 custoditur,
1450 2774 1503 2796 tam
1540 2769 1631 2795 hostes
1658 2776 1703 2801 ge-

916 2819 1014 2838 nerosa
1039 2822 1120 2840 manu
1148 2815 1285 2846 (It‘Ilt‘IIltl,
1316 2822 1394 2848 quam
1423 2823 1487 2842 suos
1519 2815 1613 2842 sedulo
1630 2822 1704 2841 ςοιιι-

916 2863 1013 2884 ιιιιιῐιιι.
