1966 3089
147 161 158 193 Ῑ
165 162 216 194 225

745 159 794 189 DE
813 157 953 188 SECTIS.
974 169 1008 174 --
1027 157 1108 187 ACT.
1127 157 1178 187 IV.

1709 158 1777 193 12-26

141 222 191 256 ςὴν
220 218 371 254 ύπερόολὴν
395 217 444 253 τῆς
463 217 599 249 ὲνὼσεως,
625 216 673 243 καὶ
708 216 737 243 τὸ
760 217 825 251 μίαν
849 215 927 250 φύσιν

983 215 1108 247 nimiam,
1124 219 1151 241 et
1164 221 1246 241 unam
1270 215 1340 242 adeo
1361 218 1490 243 naturam
1503 217 1776 256 statueret;Christi
1800 250 1804 254 Α

141 265 240 300 λέγειν,
255 265 307 291 οὐκ
323 264 417 298 ἔλεγεν
437 264 581 299 ὁμοούσιον
595 262 662 298 ἡμῖν
676 263 746 297 μετὰ
768 262 818 297 τὴν
834 262 932 288 ἕνωσιν

140 313 172 339 τὸ
182 311 272 345 σῶμα.
290 310 384 344 Τούτῳ
397 309 436 344 τῷ
463 310 582 344 Earust
595 308 736 344 γνώριμος
753 306 787 344 ἦν
803 307 933 338 Εὐσέϐιος

140 357 154 382 6
168 355 310 390 Δορυλέων
336 355 497 386 ἐπίσκοπος.
517 356 572 382 Καὶ
587 356 670 390 γνοὺς
682 355 712 388 ἐξ
733 355 816 381 αὐτοῦ
828 355 857 381 τὸ
870 355 932 388 δόγ-

143 410 180 437 μα
195 401 286 432 τοῦτο,
303 401 450 435 ἀνήγγειλε
464 401 618 436 Φλαῦιανῷ,
639 401 744 434 λέγων·
764 402 809 426 Δεῖ
822 408 851 426 σε
871 401 932 426 ἐπι-

140 446 254 481 τιμῆσαι
271 446 309 482 τῷ
334 447 458 481 Εὑτυχεῖ,
477 446 582 473 τοιοῦτο
607 446 650 480 δότ
660 455 697 482 μα
712 446 877 480 εἰσφέροντι,
890 446 933 472 ἵνα

142 493 180 528 μὴ
207 493 361 528 διαστραφῇ
386 494 403 527 ή
429 493 521 525 πίστις
558 493 646 529 ἡμῶν.
672 494 700 521 '0
714 492 761 520 οὖν
785 493 933 525 Φλαϐιανδς

140 539 244 565 τούτων
260 539 392 570 ἀκούσας,
409 540 547 574 συνήγαγε
563 540 626 571 τοὺς
643 539 725 567 αὐτοῦ
743 540 853 566 συνόδου
871 540 932 566 ἐπι-

142 585 259 616 σκόπους
276 585 313 616 ὡς
332 586 397 620 περὶ
412 585 445 616 λ’,
463 586 511 612 καὶ
533 585 678 620 ἠρώτησεν
701 586 748 612 ἐπὶ
767 585 858 611 αὐτῶν
887 585 933 610 τὶν

142 631 259 666 Εὐτυχῆ,
283 631 372 665 λέγων
384 651 392 664 ,
413 632 455 658 ὅτι
477 631 634 667 Ὀμολογεῖς
649 631 681 658 τὸ
703 632 782 667 σῶμα
800 631 848 658 τοῦ
865 632 932 666 Χρι-

141 676 205 703 στοῦ
227 677 369 712 ὁμοούσιον
392 679 469 713 ἡμῖν,
489 678 565 714 καὶῆ
592 678 642 711 οὖ;
665 679 694 705 '0
710 679 738 706 δὲ
753 679 930 714 ἀπεκρίνατο.

139 723 180 748 ὅτι
209 722 298 757 Μέχρι
323 722 373 756 μὲν
402 722 451 757 τῆς
483 723 603 758 σήμερον
633 723 681 758 οὐχ
705 723 878 758 ὡμολόγουν·
898 723 931 749 δι’

141 769 212 802 ὑμᾶς
229 769 256 794 δὲ
273 768 408 803 ὁμολογῶ.
423 768 510 795 Τοῦτο
538 768 566 795 δὲ
584 769 676 803 ἔλεγεν
703 769 841 805 εἰρωνείᾳ,
866 770 930 796 Ἀπ-

144 814 272 847 εκρίνατο
287 814 356 849 πρὸς
371 814 453 840 αὑτὸν
465 814 480 840 6
494 813 644 846 Φλαϐιανός
654 823 662 830 ο
672 815 727 850 Οὐχ
743 815 823 850 ἡμεῖς
835 817 929 850 ἐσμεν.

139 860 164 885 οἱ
185 859 272 886 ταῦτα
290 867 331 885 σοι
350 859 476 893 λέγοντες
500 860 652 895 ὁμολογεῖν,
678 861 737 887 ἀλλ’
754 862 778 888 οἱ
796 861 927 897 Πατέρες.

984 268 1087 295 corpus
1106 260 1189 287 unius
1206 268 1268 288 esse
1285 261 1430 288 nobiscum
1448 267 1555 289 natura:
1567 266 1629 297 post
1645 263 1775 292 unionem
1789 263 1795 271 ’

984 304 1111 339 negabat.
1125 304 1194 332 Huic
1215 305 1332 341 Eutychi
1356 306 1454 334 notitia
1472 313 1535 334 cum
1552 307 1673 335 Eusebio
1688 309 1775 344 Dory-

984 351 1092 378 leorum
1120 350 1252 384 episcopo
1283 350 1483 384 intercedebat,
1507 352 1554 386 qui
1582 352 1635 380 hoc
1662 354 1723 389 ejus
1741 362 1775 381 cx

985 397 1102 431 ipsemet
1117 395 1257 423 intellecto
1269 395 1406 432 dogmate,
1422 405 1479 424 rem
1496 397 1529 424 ad
1544 397 1703 426 Flavianum
1714 407 1776 426 ver-

984 440 1027 467 bis
1046 440 1122 467 hisce
1140 439 1240 466 detulit
1259 448 1264 465 :
1283 440 1469 475 lucrepandus
1494 441 1543 468 tibi
1558 441 1707 478 Eutyches,
1724 443 1775 470 hu-

981 484 1103 520 jusmodi
1129 484 1266 519 dogmatis
1291 489 1390 511 auctor
1403 494 1410 517 ;
1424 493 1457 512 ne
1471 486 1539 513 ﬁdes
1551 492 1646 514 nostra
1662 496 1775 522 perver-

985 535 1068 558 tatur.
1101 530 1207 562 Quibus
1241 529 1352 562 auditis,
1382 531 1528 559 Flavianus
1549 532 1696 568 episcopos
1718 541 1775 561 sua:

983 576 1097 604 ditionis
1115 576 1149 603 ad
1174 575 1208 602 50
1220 576 1311 610 coegit
1326 596 1333 607 ,
1350 576 1438 611 iisque
1455 577 1636 611 praesentibus
1655 578 1773 606 interro-

983 624 1056 659 gavit
1079 623 1231 658 Eutychem
1249 641 1257 653 ,
1294 621 1434 649 Christiue
1457 629 1558 656 corpus
1576 623 1698 658 ejusdem
1713 632 1773 651 csse

984 667 1127 694 nobiscunt
1147 665 1309 693 substantiae
1325 665 1468 697 fateretur,
1487 673 1522 692 an
1548 666 1619 693 non?
1637 667 1684 694 ille
1708 676 1773 695 vero

983 713 1167 748 responderit,
1177 713 1311 740 hactenus
1323 711 1350 738 id
1364 720 1393 739 se
1405 712 1516 747 quidem
1528 712 1641 741 minime
1653 713 1756 741 lassum
1765 737 1771 744 .

982 761 1030 788 sed
1057 761 1180 795 ipsorum
1201 763 1293 786 tamen
1318 765 1402 785 causa
1431 765 1505 785 nunc
1527 759 1653 786 conﬁteri
1675 761 1772 794 :quod

982 813 1047 833 sane
1058 812 1106 840 per
1117 804 1322 831 simulationem
1336 803 1370 830 ab
1385 810 1419 830 eo
1431 803 1633 838 proferebatur.
1645 804 1771 833 Vicissim

983 851 1130 878 Flavianus
1145 850 1249 881 dicere,
1266 857 1322 877 non
1339 850 1414 884 ipsos
1428 857 1488 877 esse
1501 850 1549 885 qui
1561 850 1621 879 haec
1632 859 1695 879 eum
1707 860 1758 879 con
1771 867 1773 869 ›

141 906 170 931 lii
183 903 229 932 οὖν
244 887 394 939 ὁμολογεῖς,
411 887 614 940 habendast-av
631 887 695 937 τοὺς
710 906 747 942 μὴ
764 887 927 940 061107563;

981 896 1207 931 literijuberent,
1221 895 1270 923 sed
1287 899 1380 930 patres
1392 904 1398 922 :
1411 895 1529 931 ideoque
1543 897 1567 925 si
1581 898 1772 931 conﬁteretur,

139 951 246 982 ζον-τας.
272 951 301 977 '0
313 951 340 977 δὲ
356 949 415 977 εἷπε
432 951 500 986 πρὸς
515 952 607 983 αὐτὸν,
623 953 664 979 ὃτι
684 953 727 984 Ὠς
744 951 831 984 εἷπον,
849 954 929 988 μέχρι

139 997 187 1032 τῆς
202 997 322 1032 σήμερον
334 997 382 1032 οὐχ
394 997 549 1032 ὡμολόγουν
566 997 646 1025 τοῦτο
655 1006 662 1013 ·
674 998 709 1025 δι’
721 999 794 1033 ὑμᾶς
805 999 833 1025 δὲ
847 998 927 1032 λέγω.

139 1044 196 1069 Οὐκ
212 1043 397 1077 ἀναθεμάτιξέ
412 1051 488 1070 τινα·
507 1043 556 1070 ἐὰν
570 1044 625 1078 γὰρ
641 1045 835 1079 ἀναθεματίζω
854 1045 926 1077 τινὰ,

138 1089 201 1119 τοὺς
217 1088 338 1123 πατέρας
357 1097 408 1123 μου
427 1088 627 1124 ἀναθεματίζω,
644 1090 691 1116 καὶ
699 1091 750 1124 τὴν
765 1090 846 1124 ἁγίαν
860 1090 930 1124 Γρα-

139 1137 203 1169 φήν.
224 1134 296 1170 Αὕτη
310 1135 364 1170 γάρ
379 1136 454 1161 ἐστιν
466 1136 482 1170 ἡ
496 1135 625 1169 λέγουσα,
643 1137 685 1162 ὅτι
706 1136 755 1162 οὐκ
772 1136 846 1162 ἔστιν
862 1137 928 1171 ἡμῖν

138 1179 281 1215 ὁμοούσιον
296 1181 326 1206 τὸ
344 1181 425 1215 σῶμα
439 1181 487 1207 τοῦ
513 1180 646 1216 Χριστοῦ.
664 1181 757 1208 Ταῦῖα
775 1181 897 1213 ἀκούσας
914 1182 928 1207 6

138 1226 301 1259 Φλαδιανὶις,
326 1226 451 1253 καθεῖλεν
466 1227 547 1253 αὐτὸν
559 1227 613 1254 ἀπὸ
627 1227 678 1262 τῆς
695 1226 926 1262 τερεσΰυτερείας,

139 1273 186 1300 xei.
206 1273 254 1299 τοῦ
270 1272 340 1299 εἷναι
366 1272 447 1299 αὐτὸν
468 1273 698 1310 ἁρχιμανδρίτην,
717 1273 811 1305 εἰπὼν,
825 1274 864 1300 ὅτι
877 1274 928 1300 οὐκ

139 1317 196 1345 ἐστι
213 1317 273 1344 κατ’
291 1317 415 1354 ἀνάγκην
430 1318 531 1349 πίστις.

174 1449 277 1476 Τούτου
298 1449 327 1476 δὲ
347 1448 570 1483 καθαιρεθέντος,
587 1438 688 1484 γράφει
702 1449 716 1476 6
727 1448 876 1481 Φλαῧιανδς
889 1449 928 1485 τῷ

139 1495 236 1523 Λέοντι
256 1494 368 1530 Ῥώμης
383 1494 528 1530 ἐπισκόπῳ
544 1495 595 1530 τὴν
614 1495 792 1531 καθαίρεσιντ
810 1496 856 1524 καὶ
881 1496 928 1523 ἀνι

140 1542 270 1577 τιγράφει
283 1541 352 1576 πρὸς
365 1541 447 1589 αὑτὸν
471 1541 557 1574 Λέων,
575 1542 616 1568 ὅτι
631 1541 723 1574 καλῶς
738 1542 820 1569 αὑτὸν
835 1542 927 1570 καοεϊ-
941 1558 963 1589 c

139 1587 179 1613 λε.
207 1587 336 1614 Καλεῖται
351 1584 399 1613 οὖν
419 1588 436 1622 ὴ
452 1587 581 1622 ἐπιστολὴ
608 1587 678 1623 αὕτη
693 1588 782 1623 Τόμος
800 1588 925 1621 Λέοντος,

140 1631 204 1667 περὶ
221 1628 252 1658 οὗ
273 1631 491 1666 ἀμφιϐάλλουσιν
515 1633 540 1658 oi
570 1631 774 1668 διακρινόμενοι
800 1634 926 1668 λέγοντες

140 1676 225 1711 αὐτὴν
241 1676 334 1708 κακῶς
345 1676 428 1712 ἔχειν.
450 1676 480 1703 '0
500 1677 529 1703 δὲ
544 1676 667 1712 Εὑτυχὴς
683 1676 753 1712 μετὰ
764 1677 814 1712 τὴν
828 1676 926 1704 καθαί-

141 1731 217 1758 ρεσιν
245 1722 364 1757 συνεχῶς
391 1722 556 1758 ἐνετύγχανε
568 1722 608 1758 τῷ
626 1723 744 1758 βασιλεῖ,
764 1722 853 1757 λέγων
866 1723 924 1758 ἠδι-

139 1767 242 1802 κῆσθαι
265 1767 318 1794 ὑπὸ
336 1766 500 1794 Φλαὸιανοῦ.
525 1768 580 1794 Καὶ
602 1767 664 1794 τότε
693 1767 802 1795 κελεύει
818 1768 832 1794 6
848 1767 926 1803 βασι-

139 1814 204 1846 λεὺς
227 1813 377 1845 Θεοδόσιος,
403 1812 530 1847 γενέσθαι
549 1814 578 1840 ὲν
601 1813 707 1849 Ἐφέσῳ
731 1812 926 1850 οἱκουμενικὴν

142 1859 261 1892 σύνοδον,
278 1859 321 1885 ἵνα
338 1859 478 1893 κρίνωσιν,
495 1859 521 1884 εί
537 1858 629 1890 καλῶς
644 1858 771 1886 καθεῖλεν
786 1860 800 1885 ὁ
810 1859 927 1886 Φλαϐια-

141 1905 186 1936 νὸς
201 1905 245 1931 τὸν
259 1905 376 1940 Εὐτυχῆ,
395 1905 412 1940 ἢ
425 1904 467 1932 οὗ.
489 1905 638 1940 Ἐπέτρεψε
654 1905 682 1931 δὲ
694 1905 743 1941 τὴν
761 1906 850 1932 ’πᾶσαν
868 1905 926 1940 κρί-

141 1959 184 1977 σιν
206 1951 345 1986 Διοσκόρῳ
361 1950 400 1986 τῷ
419 1951 562 1986 ὲπισκόπῳ
577 1950 793 1986 Ἀλεξανδρείας.
808 1951 925 1986 Γενομέ-

141 2005 189 2031 νης
205 1997 232 2023 δὲ
246 1997 295 2031 τῆς
319 1996 438 2029 συνόδου,
452 1997 560 2032 πρῶτον
584 1997 634 2031 μὲν
648 1997 749 2024 ἄτοπον
774 1997 902 2033 ἐποίησεν
913 1998 927 2023 6

140 2043 294 2078 Διόσκορος.
312 2042 401 2069 Μόνον
416 2043 470 2078 γὰρ
482 2043 588 2076 ἀνέγνω
601 2043 635 2069 τὰ
650 2043 834 2078 πεπραγμένα
856 2043 926 2069 Φλα-

140 2087 246 2119 6ιανοῡ,
268 2087 318 2113 οὐκ
344 2087 420 2114 εῐασε
441 2087 469 2113 δὲ
484 2087 565 2114 αὐτὸν
585 2087 772 2122 συνηγορῆσαι
787 2088 891 2120 αὐτοῖς,
909 2088 925 2122 ἢ

121 2161 126 2165 ,
141 2134 280 2169 ἐρωτῆσαι
299 2133 380 2160 αὑτὸν
392 2133 419 2160 τί
437 2141 514 2165 ποτε,
530 2133 596 2168 περὶ
615 2129 652 2159 ὧν
665 2132 849 2168 ἅμφιῦάλλειν
867 2133 925 2158 ὲνό-

143 2179 214 2214 μιζε.
239 2179 369 2214 Δεύτερον
386 2178 424 2212 δὲ,
442 2178 503 2205 οὐδὲ
519 2178 566 2205 τὸν
591 2179 747 2213 κατήγορον
775 2178 923 2213 Εὐτυχοῦς,

979 942 1157 970 anathemate
1171 941 1312 968 diversum
1327 941 1479 969 sentientes
1503 948 1706 971 exsecraretur.
1723 944 1772 971 llle

980 988 1109 1015 Flaviano
1142 987 1310 1022 respondere
1342 995 1389 1020 se,
1418 988 1650 1021 quemadmodum
1691 994 1773 1017 antea

979 1033 1106 1065 dixisset,
1120 1032 1154 1059 ad
1172 1040 1235 1059 eum
1250 1031 1323 1059 diem
1336 1032 1363 1058 id
1380 1033 1494 1059 minime
1509 1033 1664 1061 confessum
1677 1042 1684 1060 :
1698 1034 1773 1069 ipso-

980 1087 1040 1106 rum
1061 1083 1150 1105 tamen
1163 1078 1251 1113 gratia
1263 1077 1411 1105 facturum.
1422 1078 1565 1106 Neminem
1580 1079 1693 1107 interim
1704 1088 1771 1107 ana-

980 1125 1160 1152 thematizare
1180 1134 1186 1151 :
1204 1125 1307 1159 quippe
1330 1124 1352 1152 si
1369 1124 1421 1152 hoc
1445 1125 1550 1152 faceret
1563 1146 1570 1158 ,
1598 1126 1771 1154 anathemate

979 1171 1075 1198 Patres
1091 1175 1311 1202 exsecraturum,
1327 1170 1454 1205 ipsasque
1465 1179 1556 1199 sacras
1570 1171 1699 1206 Litteras,
1711 1181 1772 1208 qua».

979 1217 1019 1244 sic
1032 1218 1191 1250 loquantur,
1209 1221 1240 1244 ut
1253 1216 1356 1244 Christi
1371 1224 1472 1251 corptts
1488 1217 1610 1252 ejusdem
1626 1219 1772 1246 nobiscum

979 1271 1039 1290 esse
1055 1263 1216 1290 substantiae
1237 1267 1348 1296 negent.
1365 1263 1472 1296 Quibus
1494 1263 1606 1297 auditis,
1622 1264 1656 1291 ab
1674 1264 1771 1292 ordine

979 1309 1218 1345 presbyterorum,
1234 1313 1263 1336 et
1289 1308 1514 1336 archimandritee
1538 1317 1653 1337 munere
1665 1310 1772 1337 Flavia-

980 1362 1033 1382 nus
1047 1363 1110 1382 eum
1124 1355 1262 1387 removit,
1275 1362 1338 1382 cum
1354 1355 1467 1390 quidem
1479 1355 1596 1388 diceret,
1617 1356 1697 1383 tidem
1715 1364 1769 1384 non

979 1401 1126 1428 admittere
1139 1401 1321 1428 coactionem.

1016 1446 1073 1474 VII.
1084 1446 1142 1474 Hoc
1154 1446 1189 1473 ab
1204 1445 1294 1473 oﬂicio
1306 1450 1425 1476 remoto.
1441 1445 1589 1474 Flavianus
1600 1446 1634 1474 ad
1650 1446 1769 1475 Leonem

979 1492 1136 1520 Romanum
1161 1491 1323 1527 episcopum
1335 1491 1369 1519 de
1388 1491 1509 1518 hominis
1522 1491 1694 1526 depositione
1705 1500 1770 1527 per-

979 1537 1088 1566 scribit.
1098 1537 1258 1572 Respondet
1268 1537 1334 1570 Leo,
1347 1537 1399 1564 rite
1409 1537 1611 1572 depositionem
1624 1537 1697 1565 illam
1709 1546 1770 1566 esse

978 1584 1078 1612 factam
1094 1592 1100 1610 :
1115 1591 1178 1618 qua:
1190 1583 1302 1618 quidem
1318 1583 1434 1618 epistola
1447 1582 1550 1610 Tomus
1562 1582 1662 1611 Leonis
1677 1584 1772 1619 appel-

978 1630 1030 1658 lari
1047 1631 1127 1663 solet,
1145 1630 1179 1658 de
1195 1637 1251 1664 quo
1279 1629 1414 1664 ancipites
1435 1634 1500 1657 sunt
1512 1637 1608 1656 eorum
1621 1629 1670 1664 qui
1686 1629 1771 1657 Hasi-

979 1681 1067 1705 tantes
1092 1676 1223 1704 dicuntur
1238 1675 1402 1708 sententiae,
1430 1675 1502 1703 male
1517 1680 1702 1710 comparatam
1725 1676 1769 1703 di-

978 1724 1109 1751 centium.
1126 1722 1264 1757 Eutyches
1278 1726 1370 1749 autem
1386 1721 1421 1748 ab
1435 1721 1524 1749 oﬂicio
1536 1726 1668 1754 remotus,
1684 1723 1771 1758 impe-

978 1772 1097 1796 ratorem
1118 1767 1197 1794 adire
1215 1766 1326 1800 crebro,
1348 1766 1457 1801 sibique
1471 1766 1570 1794 factam
1598 1775 1613 1794 a
1639 1768 1769 1796 Flaviano

978 1814 1107 1850 injuriam
1120 1813 1224 1840 dicere.
1242 1812 1418 1847 Quapropter
1431 1813 1580 1847 imperator
1597 1813 1769 1841 Theodosius

977 1859 1107 1895 generale
1123 1858 1271 1885 concilium
1289 1857 1389 1892 Ephesi
1409 1857 1484 1885 coire
1497 1858 1589 1893 jubet,
1607 1858 1633 1884 in
1651 1866 1706 1893 quo
1721 1866 1768 1886 co-

977 1909 1177 1941 gnosceretur,
1204 1908 1315 1930 rectene
1342 1903 1488 1930 Flavianus
1509 1903 1659 1938 Eutychum
1686 1904 1769 1938 depo-

977 1952 1089 1983 suisset,
1109 1958 1144 1978 an
1171 1958 1238 1977 non.
1253 1949 1413 1977 Uuiversam
1442 1957 1506 1976 vero
1530 1957 1620 1977 causa:
1635 1950 1768 1985 cognitio-

977 2005 1040 2025 nem
1052 1997 1185 2024 Dioscoro
1195 1995 1326 2030 episcopo
1335 1994 1522 2022 Alexandrino
1541 1996 1662 2023 mandat.
1675 1996 1768 2031 Itaque

977 2047 1071 2070 coacta
1086 2041 1328 2077 synodo,primum
1342 2041 1396 2068 hoc
1406 2041 1525 2068 absurde
1536 2041 1684 2069 Dioscorus
1695 2042 1750 2076 egit
1759 2063 1766 2073 ,

977 2089 1051 2123 quod
1065 2092 1141 2122 gesta
1156 2087 1278 2114 Flaviani
1293 2087 1426 2114 duntaxat
1447 2087 1565 2122 legebat,
1583 2095 1633 2114 nec
1649 2088 1769 2122 patroci-

977 2131 1016 2159 nii
1031 2132 1138 2166 copiam
1155 2131 1179 2157 ei
1198 2131 1325 2162 iaciebat,
1342 2136 1390 2158 aut
1405 2131 1592 2166 interrogandi
1608 2132 1641 2159 de
1659 2133 1692 2159 iis
1707 2142 1768 2168 quae

977 2177 1061 2204 dubia
1076 2181 1252 2212 putarentur.
1268 2176 1401 2208 Alterum.
1420 2176 1492 2211 quod
1508 2182 1697 2205 accusatorem
1713 2179 1768 2205 Eu-

141 2224 270 2251 Εὺσέειον
287 2225 361 2252 εἴασε
378 2224 525 2260 παρελθείν
543 2225 582 2255 εἰς
595 2224 644 2259 τὴν
660 2223 751 2259 κρίσιν
764 2231 770 2239 ·
789 2223 857 2251 ἀλλὰ
875 2233 925 2250 κα-

980 2223 1068 2258 tychis
1088 2222 1239 2249 Eusebium
1262 2221 1358 2249 adesse
1374 2222 1480 2256 judicio
1496 2223 1608 2250 minime
1626 2224 1768 2258 permitte—

139 2270 364 2306 ταψηφισάμενος
380 2270 543 2302 Φλαειανοῦ,
568 2270 693 2297 καθεῖλεν
717 2269 816 2296 αὐτόν’
833 2270 878 2296 τὸν
898 2270 927 2296 δὲ

141 2316 249 2351 Εὐτυχῆ
265 2316 385 2348 ἐδέξατο,
395 2316 443 2342 καὶ
459 2316 571 2350 ἐποίησε
583 2315 665 2342 πάλιν
680 2313 867 2350 πρεσϐύτερον
881 2315 927 2340 καὶ

140 2361 368 2397 ἁρχιμανδρίτην.
386 2361 487 2387 Τούτου
508 2361 655 2395 γενομένου
669 2379 676 2392 ,
694 2358 802 2394 διελύθη
828 2361 844 2394 ὴ
865 2359 928 2385 σύν-

139 2407 211 2438 οδος.
229 2407 284 2433 Καὶ
298 2405 480 2437 ἀποθανόντος
492 2406 653 2438 Memno-3,
665 2405 830 2438 ἀπελθόντες
845 2407 868 2431 oi
883 2414 926 2432 ro-

140 2450 297 2486 ποτηρηταὶ
318 2450 365 2476 τοῦ
387 2449 496 2484 Ῥώμης
515 2451 666 2477 ἐπισκόπου
691 2451 782 2485 (αὐτὸς
810 2450 864 2485 γὰρ
881 2451 926 2476 οὐ·

139 2497 235 2523 δέποτε
257 2495 400 2531 εὑρίσκετο
421 2497 461 2525 εἰς
474 2495 605 2530 σύνοδον),
617 2496 787 2531 ἀπήγγειλαν
802 2495 876 2530 αύτῷ
893 2496 927 2522 τὰ

139 2542 284 2576 γενόμενα.
308 2540 341 2567 'U
357 2540 386 2566 δὲ
397 2539 528 2573 ἀκούσας,
545 2540 731 2574 ἠγανάκτησε,
746 2541 793 2568 καὶ
807 2541 924 2576 προσέρ-

139 2595 217 2622 χεται
230 2585 446 2620 οὒα).εντινιανῷ
471 2585 510 2620 τῷ
530 2585 639 2620 Ῥώμης
653 2585 768 2619 βασιλεῖ,
791 2587 861 2622 ὑπὲρ
877 2586 924 2613 τοῦ

140 2632 279 2666 ἐκδίκησιν
292 2631 388 2658 παθεῖν
400 2639 406 2646 ·
428 2631 491 2662 τοὺς
502 2630 616 2665 χρόνους
632 2631 685 2665 γὰρ
700 2631 832 2662 ἐκείνους,
847 2631 925 2666 βασι-

139 2678 202 2708 λεὺς
214 2676 254 2708 εἷς
264 2675 297 2713 ἦν
321 2678 349 2704 ἐν
369 2677 473 2713 Ῥώμῃ,
491 2676 538 2703 καὶ
552 2673 591 2707 εἷς
604 2676 632 2702 ὲν
646 2676 792 2712 Βυζαντίῳ.
811 2677 926 2704 Οὐαλεν-

139 2723 257 2754 τινιανδς
267 2721 313 2749 οὖν
324 2723 486 2758 ὸχλούμενος
502 2722 554 2749 ὑπὸ
565 2722 681 2753 Λέοντος
695 2721 742 2748 τοῦ
757 2723 835 2750 πάπα
847 2744 853 2754 ,
864 2725 929 2759 γρά-

141 2777 187 2802 φει
207 2768 339 2804 Θεοδοσίῳ
354 2769 393 2804 τῷ
407 2769 515 2804 Μικρῷ,
530 2769 574 2796 ἶνα
589 2768 724 2804 ἐπιτρέψῃ
751 2768 858 2794 σύνοδον
882 2778 927 2803 γε-

141 2813 245 2844 νέσθαι,
262 2815 289 2839 ὲν
339 2815 452 2847 γνῶναι,
467 2815 490 2840 εί
513 2814 603 2846 καλῶς
623 2814 731 2850 ἔκρινεν
747 2814 924 2848 ὸΔιόσκορος,

142 2860 158 2894 ἢ
173 2859 213 2885 οὗ.
238 2858 266 2885 ’0
285 2860 312 2885 δὲ
326 2860 463 2890 Θεοδόσιος
479 2860 652 2895 ἀντέγραψεν
667 2860 753 2895 αὐτῷ,
767 2860 854 2894 λέγων
865 2881 872 2890 ,
885 2862 925 2888 ὅτι

301 2906 434 2936 Ρλτιιοι..
452 2907 510 2936 Gn.
527 2906 696 2938 LXXXVI.

979 2268 1025 2295 bat
1042 2277 1048 2293 :
1063 2267 1111 2295 sed
1125 2267 1180 2294 lata
1192 2267 1328 2294 sententia
1337 2271 1432 2293 contra
1445 2267 1615 2300 Flavianum,
1625 2276 1687 2295 mox
1704 2277 1767 2296 cum

978 2314 1144 2345 abdicabat,
1171 2312 1292 2340 admisso
1320 2312 1353 2339 ad
1382 2313 1603 2340 communionem
1634 2314 1766 2349 Eutyche,

978 2368 1061 2395 quem
1075 2359 1187 2394 quidem
1200 2364 1228 2386 et
1244 2359 1270 2385 in
1288 2359 1413 2386 ordinem
1441 2359 1675 2394 presbyterorum.
1692 2365 1720 2387 et
1740 2362 1767 2388 in

978 2406 1201 2434 archimandritae
1217 2405 1307 2432 locutu
1325 2406 1455 2432 restituit.
1476 2404 1531 2431 Hoc
1546 2410 1668 2440 peracto,
1684 2407 1766 2433 tinem

981 2452 1103 2488 synodus
1126 2452 1231 2479 imbuit.
1258 2451 1381 2485 Cumque
1393 2451 1465 2478 diem
1481 2451 1626 2479 Flavianus
1642 2452 1765 2483 obiissct.

980 2499 1092 2526 domum
1105 2498 1219 2533 proiecti
1230 2498 1324 2524 vicarii
1336 2498 1450 2524 Romani
1463 2498 1586 2533 episcopi
1600 2499 1646 2533 qui
1663 2500 1748 2534 synod
1760 2509 1775 2523 η

979 2552 1034 2572 non
1053 2545 1231 2574 interfuerat,
1245 2551 1417 2578 quaecunque
1436 2544 1612 2576 accidissent,
1627 2546 1768 2574 renuntia-

979 2596 1054 2618 runt.
1066 2591 1114 2618 lile
1128 2590 1212 2618 rebus
1231 2589 1305 2617 hisce
1319 2589 1436 2624 cognitis
1447 2590 1657 2622 excandescere,
1667 2590 1768 2619 Roma-

981 2643 1046 2662 num
1067 2635 1219 2669 principem
1243 2633 1463 2661 Valentinianum
1490 2634 1578 2668 adire,
1600 2643 1655 2669 quo
1678 2635 1770 2661 vinci-

981 2686 1052 2708 ctam
1076 2685 1187 2715 caperet
1203 2689 1209 2706 :
1226 2679 1327 2714 quippe
1351 2680 1568 2714 tempOribusiis
1590 2689 1660 2708 unus
1675 2681 1767 2708 Romae

979 2729 1130 2761 imperator
1147 2731 1216 2758 erat,
1233 2725 1303 2752 alter
1318 2725 1451 2760 Byzantii.
1468 2726 1675 2753 Valentinianus
1702 2734 1767 2761 ergo

977 2773 1022 2799 cui
1048 2772 1104 2799 Leo
1136 2779 1205 2806 papa
1233 2771 1367 2798 molestus
1397 2776 1483 2803 esset;
1496 2771 1652 2798 Theodosio
1665 2771 1766 2799 minori

977 2817 1091 2848 scribit,
1105 2816 1238 2852 synodum
1260 2815 1355 2843 haberi
1367 2817 1488 2851 juberet,
1509 2817 1536 2843 in
1551 2823 1605 2850 qua
1618 2823 1766 2849 cognosce-

979 2867 1055 2889 retur
1067 2882 1074 2894 ,
1105 2865 1215 2888 rectene
1239 2860 1387 2888 Diuscorus
1404 2869 1437 2888 au
1455 2861 1525 2887 male
1538 2860 1698 2893 judicasset.
1714 2859 1766 2889 Re-

1570 2906 1609 2934 39
