1966 3089
233 155 302 188 1243

864 155 1019 185 LEONTII
1038 155 1241 187 BYZANTINI

1796 153 1867 184 1‘2“

233 214 295 240 dem
307 212 397 239 omnis
414 211 541 239 discreta:
554 211 716 246 quantitatis
733 211 865 238 duntaxat
886 219 946 238 esse
966 219 1018 238 nu-

1087 213 1231 246 εγόμενον·
1251 211 1346 246 ὥσπερ
1367 210 1484 245 λέγομεν
1507 208 1667 243 πεντάπηχυ
1693 206 1792 240 ξύλον,
1806 207 1867 238 καὶ,

233 267 352 290 merum.
374 258 421 285 sed
439 265 502 285 eum
519 258 637 292 reperiri
649 258 682 284 de
702 258 843 285 continuis
855 256 964 292 quoque
977 258 1018 284 di-

234 311 325 333 ctum:
339 304 572 340 quemadmodum
588 304 693 338 lignum
716 304 839 338 quinque
865 303 1022 330 cubitorum

234 354 363 384 dicimus,
379 358 416 384 et,
446 357 477 379 ut
503 352 665 379 Aristoteles
696 351 797 382 tradit,
832 355 940 385 tempus
962 357 1023 377 esse

235 406 383 426 numerum
403 403 504 425 motus.
523 397 629 432 Quippe
656 402 764 430 tempus
785 397 906 430 appellat
925 403 1022 422 nume-

189 440 196 445 ’
236 452 308 475 run,
333 444 407 478 quod
436 443 506 470 citra
537 442 753 468 controversiam
780 446 822 468 est
849 441 1021 467 continuum.

237 490 341 524 Duplex
369 489 453 524 igitur
474 495 607 516 numerus
631 493 682 519 est,
714 492 772 514 tum
799 487 936 518 discretae,
964 491 1023 513 tum

236 535 386 565 continuae,
415 542 464 560 ceu
493 534 567 567 loqui
596 533 728 564 solemus,
745 532 919 566 quantitatis.
944 531 1023 565 Quod

237 580 259 607 si
283 579 485 606 subtilitatibus
509 578 643 605 utendum
667 578 729 608 erit,
750 585 804 604 non
835 585 949 604 necesse
971 581 1022 608 est,

236 634 288 653 nos
301 626 438 652 binarium
452 625 486 651 de
502 624 656 658 quantitate
673 623 804 651 continua
828 623 932 655 dicere,
961 631 1023 650 cum

237 671 271 698 de
281 670 392 697 Christo
414 669 569 704 loquimur:
596 669 698 704 quippe
715 669 877 696 continuum
905 672 958 700 est,
974 676 1020 695 cu-

235 716 281 750 jus
298 719 391 750 partcs
419 714 574 742 communis
599 714 732 741 terminus
750 714 902 748 conjungit.
921 714 956 740 At
977 721 1024 740 ve-

237 768 269 788 ro
286 760 314 787 in
328 752 472 786 divinitate
492 759 614 793 cogitare
627 764 720 793 partes
735 779 741 791 ,
759 763 788 785 ut
803 757 957 785 communis
971 761 1026 785 ter-

238 806 330 833 minus
354 813 401 832 eas
423 813 485 832 cum
509 812 626 838 corpore
655 804 820 839 conjungat;
846 811 881 831 ne
897 803 1025 838 tingendo

239 850 351 884 quidem
363 849 459 876 facile:
478 857 541 876 nam
561 849 723 876 continuum
740 848 774 875 de
798 848 865 875 solis
889 849 1026 883 magnitu-

239 897 352 923 dinibus
374 895 486 922 dicitur.
516 895 652 922 Nimirum
669 895 703 922 de
726 894 880 929 quantitate
906 893 1024 922 discreta

239 950 374 970 numerus
396 942 440 969 hic
455 942 543 976 accipi
559 941 651 968 debet.
669 941 777 968 Etenim
797 941 949 968 discretum
968 948 1025 969 non

240 989 352 1016 omnino
366 987 468 1015 dicitur
484 988 510 1014 id
527 987 600 1022 quod
610 994 722 1022 prorsus
738 990 780 1014 est
791 991 945 1021 separatum
957 995 963 1019 ;
977 987 1024 1014 sed

241 1036 322 1061 etiam
357 1034 534 1068 conjunctum
562 1036 589 1059 et
606 1031 724 1063 unitum,
753 1031 826 1066 quod
842 1036 932 1058 tamen
947 1039 1024 1058 suam

242 1079 388 1113 quamdam
407 1078 539 1104 rationem
555 1085 606 1111 qua
620 1077 783 1107 secernitur,
807 1077 926 1104 retinet:
941 1077 1025 1103 veluti

242 1132 344 1158 corpus
358 1124 521 1151 continuum
544 1122 671 1151 dicimus.
698 1127 726 1148 et
747 1122 914 1153 discretum;
939 1121 1027 1147 ('onli-

1074 258 1112 290 ὥς
1140 267 1220 293 φησιν
1246 257 1446 293 Ἀριστοτέλης,
1464 257 1505 284 ὅτι
1527 256 1622 291 χρόνος
1648 255 1723 281 ἐστὶν
1747 253 1868 289 ἀριθμὸς

1074 306 1218 340 κινήσεως.
1240 304 1370 340 Ἀριθμὸν
1384 304 1438 339 γὰρ
1455 302 1567 329 ἐκάλεσε
1590 301 1636 328 τὸν
1652 301 1748 336 χρόνον
1766 300 1868 332 συνεχῆ

1073 351 1137 377 ὅντα
1158 350 1383 385 ὡμολογημένον.
1405 348 1498 379 Διττδς
1512 347 1558 374 οὖν
1574 348 1587 374 ὁ
1604 346 1731 382 ἀριθμὸς,
1749 346 1798 372 καὶ
1819 346 1868 370 ἐπὶ

1073 396 1119 422 τοῦ
1153 396 1346 430 διωρισμένου,
1360 395 1407 420 καὶ
1429 394 1476 420 int
1503 393 1549 420 τοῦ
1572 392 1702 427 συνεχοῦς
1715 390 1868 425 λεγομένου

1076 442 1169 469 ποσοῦ.
1180 443 1210 470 El
1222 442 1249 468 δὲ
1259 442 1299 467 δεῖ
1312 443 1358 468 καὶ
1370 440 1514 477 ἀκριϐείας
1526 439 1664 474 γενέσθαι,
1676 439 1706 465 οὐ
1720 438 1779 464 δέον
1791 437 1869 463 ἐστὶν

1075 489 1148 524 ἡμᾶς
1173 488 1223 522 τὴν
1243 487 1327 513 δυάδα
1351 487 1399 513 ἐπὶ
1424 485 1472 512 τοῦ
1490 485 1621 520 συνεχοῦς
1636 483 1756 519 ἀριθμοῦ
1774 482 1869 515 λέγειν

1075 534 1122 559 ἐπὶ
1136 533 1182 559 τοῦ
1203 532 1321 567 Χριστοῦ
1337 540 1343 547 ·
1361 531 1474 566 συνεχὲς
1496 531 1550 565 γάρ
1571 531 1644 556 ἐστιν
1658 550 1664 561 ,
1677 527 1706 556 οὖ
1730 529 1763 554 τὰ
1785 528 1870 562 μόρια

1075 578 1163 609 κοινὸς
1178 579 1240 613 ὅρος
1256 578 1396 604 συνάπτει.
1410 577 1502 612 Μύριοι
1520 576 1549 602 δὲ
1565 576 1692 610 ἐννοῆσαι
1709 575 1756 600 ἐπὶ
1773 573 1870 607 656:1;-

1074 632 1131 655 τος,
1148 623 1190 649 ἵνα
1216 624 1264 649 καὶ
1284 624 1372 653 κοινὸς
1393 623 1456 657 ὅρος
1475 622 1546 648 αὑτὰ
1561 621 1630 656 πρὸς
1646 621 1675 647 τὸ
1701 620 1781 653 σῶμα
1807 627 1871 644 συν-

1076 669 1142 705 άψῃ.
1154 669 1212 695 οὐδὲ
1228 669 1327 695 πλάσαι
1345 669 1449 704 ῥᾴδιον
1461 668 1491 694 τὸ
1505 668 1559 701 γὰρ
1575 666 1686 701 συνεχὲς
1706 665 1751 691 ἐπὶ
1778 664 1871 699 μόνων

1078 714 1200 749 μεγεθῶν
1217 714 1336 748 λέγεται.
1360 714 1429 741 Ἀλλ’
1446 714 1492 740 ἐπὶ
1513 713 1561 740 τοῦ
1581 711 1763 748 διωρισμένου
1781 709 1870 736 ποσοῦ

1076 759 1135 785 δέον
1149 759 1375 794 παραλαμϐάνειν
1385 759 1502 786 ἐνταῦθα
1511 758 1557 785 τὸν
1570 758 1697 792 ἀριθμόν.
1711 755 1870 790 Διωρισμέ-

1077 813 1122 830 νον
1145 805 1199 839 γάρ
1217 806 1289 831 ἐστιν
1310 805 1341 831 οὐ
1363 805 1470 836 πάντως
1486 805 1517 832 τὸ
1537 803 1664 835 καθάπαξ
1684 802 1871 838 διῃρημένον,

1076 849 1145 877 ἀλλὰ
1160 852 1207 876 καὶ
1223 851 1372 885 ἡνωμένον,
1387 850 1456 885 πλὴν
1472 851 1519 877 τὸν
1535 850 1635 876 οἰκεῖον
1658 849 1736 882 λόγον
1757 849 1872 882 διακρι-

1042 887 1061 913 Β
1077 895 1188 930 νόμενον
1202 895 1378 927 ἀποσώζονται
1391 904 1397 910 ·
1417 895 1511 931 ὥσπερ
1525 896 1555 922 τδ
1570 896 1650 930 σῶμα
1663 894 1775 928 συνεχὲς
1791 893 1873 927 λέγο-

1080 949 1140 975 μεν,
1152 942 1199 967 καὶ
1213 942 1392 976 διωρισμένον
1406 950 1412 957 ’
1429 942 1539 976 συνεχὲς
1556 941 1616 976 μὲν,
1633 939 1700 967 καθὸ
1712 939 1872 970 διαστάσεις

1080 987 1173 1019 ἁπλῶς
1186 987 1242 1022 ἔχει
1256 996 1263 1003 ·
1280 988 1458 1022 διωρισμένον
1472 988 1510 1019 δὲ,
1523 987 1590 1014 καθὸ
1599 988 1673 1022 τρεῖς
1690 988 1744 1012 εἱσι
1761 985 1874 1012 διαστά-

1079 1041 1136 1063 σεις
1146 1040 1152 1048 ·
1171 1033 1261 1060 καίτοι
1281 1034 1331 1060 οὐκ
1363 1034 1416 1060 εἰσὶ
1429 1034 1627 1068 διεσπαρμέναι
1642 1033 1689 1059 ἀπ’
1704 1031 1831 1067 ἀλλήλων
1845 1032 1874 1057 αἱ

1078 1078 1243 1111 διαστάσεις,
1257 1079 1326 1106 ἀλλὰ
1338 1079 1382 1106 διὰ
1394 1080 1473 1105 τοῦτο
1486 1079 1669 1115 διωρισμένας
1686 1077 1774 1108 αὐτὲις
1788 1077 1871 1110 λέγο-

1082 1131 1141 1157 μεν,
1159 1124 1252 1158 ἐπειδὴ
1268 1124 1372 1159 ἑκάστη
1387 1124 1478 1151 αὐτῶν
1493 1125 1558 1150 ἴδιον
1571 1123 1649 1157 λόγον
1666 1122 1736 1158 ἔχει.

242 1177 330 1198 nuum
354 1168 484 1204 quidem,
509 1171 645 1202 quatenus
659 1166 844 1194 dimensiones
865 1166 1026 1201 simpliciter
1046 1166 1145 1200 habet;
1165 1168 1316 1196 discretum
1333 1177 1409 1202 vero,
1429 1174 1568 1204 quatenus
1586 1174 1642 1197 tres
1669 1173 1735 1196 sunt
1759 1169 1873 1196 dimen-

243 1218 352 1246 siones:
369 1216 444 1250 atqui
468 1222 523 1242 non
548 1215 665 1241 invicem
696 1222 712 1240 a
732 1221 761 1240 se
784 1213 898 1240 divulsae
917 1217 981 1240 sunt
996 1213 1183 1243 dimensiones
1196 1236 1203 1248 ,
1219 1216 1266 1243 sed
1295 1216 1397 1244 idcirco
1422 1216 1556 1244 discretas
1583 1216 1701 1244 dicimus
1714 1236 1721 1249 ,
1740 1216 1878 1251 quoniam

243 1261 375 1298 quaelibet
389 1268 483 1288 earum
498 1267 575 1287 suam
595 1260 728 1286 rationem
744 1258 837 1286 habet.

276 1309 321 1336 1V.
347 1308 382 1335 At
407 1308 471 1342 quia
491 1306 633 1333 nonnullis
653 1305 766 1332 omnino
790 1305 904 1332 discreti
927 1313 1029 1332 nomen

244 1356 341 1383 audire
357 1354 502 1381 molestum
532 1357 591 1384 est,
618 1360 679 1386 age,
696 1351 796 1378 omissa
812 1352 950 1378 solutione
966 1351 1028 1382 hac,

245 1400 393 1435 caeleroqui
408 1400 489 1430 bona.
512 1397 691 1433 subjiciamus
708 1397 801 1424 aliam.
825 1396 973 1424 Sciendum
987 1405 1032 1424 er-

246 1456 290 1483 go.
312 1447 438 1482 pluribus
468 1445 557 1472 modis
584 1452 669 1470 unum
697 1443 769 1470 dici:
800 1443 901 1477 quippe
930 1443 1031 1470 dicitur

247 1500 331 1519 unum
354 1498 479 1520 numero.
499 1494 529 1515 ut
546 1489 689 1516 Socrates:
709 1491 737 1514 et
761 1495 845 1514 unum
873 1488 974 1521 specie,
1002 1492 1031 1515 ut

1125 1306 1234 1341 Ἐπειδὴ
1253 1307 1281 1333 δέ
1297 1315 1370 1339 τινες
1384 1307 1610 1342 δυσχεραίνουσιν
1627 1307 1695 1339 ὅλως
1712 1307 1761 1335 τοῦ
1782 1308 1880 1344 διωρι-

1085 1352 1183 1386 σμένου
1196 1353 1353 1386 ἀκούοντες,
1373 1353 1440 1388 φέρε
1455 1353 1541 1389 αὐτὴν
1554 1355 1603 1389 τὴν
1617 1353 1694 1379 λύσιν
1705 1352 1736 1380 εὖ
1750 1354 1876 1389 ἔχουσαν

1084 1399 1228 1431 ἐάσαντες,
1262 1399 1346 1434 ἄλλην
1375 1400 1574 1434 ὲπαγάγωμεν.
1614 1400 1714 1426 Ἰστέον
1741 1398 1801 1430 οὖν.
1835 1401 1879 1426 ὅτι

1084 1444 1177 1479 ὥσπερ
1191 1443 1221 1470 τὸ
1237 1443 1265 1470 ἓν
1282 1444 1425 1479 πολλαχῶς
1438 1444 1583 1479 λεγόμενόν
1596 1445 1655 1471 ἐστι
1669 1453 1675 1460 ·
1697 1445 1809 1479 λέγεται
1821 1446 1878 1480 γὰρ

1084 1489 1113 1515 ἓν
1130 1489 1167 1524 τῷ
1179 1489 1297 1525 ἀριθμῷ,
1317 1490 1354 1521 ὡς
1370 1491 1384 1516 ὁ
1397 1490 1544 1525 Σωκράτης
1557 1498 1564 1505 ·
1577 1490 1624 1516 καὶ
1641 1490 1670 1517 ἓν
1682 1490 1721 1525 τῷ
1742 1491 1822 1522 εῖδει,
1839 1491 1879 1522 ὡς

247 1537 345 1563 homo:
364 1539 391 1562 ct
419 1541 504 1561 unum
524 1541 635 1568 genere,
661 1537 690 1559 ut
714 1532 825 1559 animal.
846 1532 977 1560 Similiter
1004 1538 1030 1559 ct

1084 1534 1241 1568 ἄνθρωπος’
1259 1535 1305 1560 καὶ
1321 1533 1349 1560 ἓν
1364 1535 1402 1569 τῷ
1417 1535 1501 1568 γένει,
1518 1535 1556 1566 ὡς
1575 1534 1606 1561 τὸ
1623 1534 1703 1567 ζῶον.
1726 1535 1811 1562 Ἀλλὰ
1830 1537 1879 1562 καὶ

247 1581 303 1608 duo
316 1580 442 1615 pluribus
459 1578 548 1605 modis
568 1578 739 1610 eﬂ‘eruntur;
757 1585 820 1604 nam
832 1577 962 1604 dicuntur
976 1578 1030 1604 duo

248 1633 374 1656 numero,
394 1630 423 1652 ut
445 1624 583 1655 Socrates,
602 1628 631 1650 et
643 1623 736 1650 Plato:
765 1627 792 1650 et
809 1623 901 1657 specie
920 1623 985 1654 duo,
1002 1627 1031 1649 ut

248 1674 330 1700 homo
357 1675 385 1698 ct
408 1678 509 1705 equus;
527 1673 554 1696 et
568 1677 668 1704 genere
695 1669 760 1700 duo,
790 1673 820 1696 ut
835 1669 987 1697 substantia
1004 1673 1031 1696 et

248 1720 350 1747 album.
367 1718 415 1745 llis
442 1718 479 1744 ita
506 1717 673 1748 constitutis,
700 1724 762 1743 cum
788 1716 842 1743 duo
865 1716 899 1743 de
921 1716 1032 1743 Christo

248 1766 375 1796 dicimus,
393 1772 446 1791 non
461 1771 524 1790 eum
539 1763 594 1789 duo
613 1762 733 1789 dicimus
759 1769 818 1789 esse
835 1769 967 1793 numero,
983 1762 1031 1788 sed

250 1819 333 1838 unum
352 1817 477 1840 numero,
500 1808 590 1843 specie
609 1808 673 1835 duo.
687 1807 765 1841 Quod
790 1812 881 1834 autem
903 1808 939 1834 ita
956 1807 1032 1842 loqui

249 1857 395 1892 possimus,
410 1855 492 1882 etiam
515 1855 573 1888 ipse
605 1854 727 1880 ostendit
749 1853 920 1884 Aristoteles.
938 1859 1032 1888 aperte

249 1898 292 1929 de.
308 1901 421 1928 materie
437 1908 469 1927 ac
485 1900 571 1927 forma
602 1899 707 1931 dicens,
723 1907 782 1926 esse
811 1899 856 1926 illa
874 1907 958 1926 unum
973 1899 1033 1933 qui-

249 1949 311 1975 dem
337 1954 469 1978 numero,
494 1946 542 1973 sed
568 1946 659 1980 specie
681 1945 745 1971 duo.
769 1945 892 1979 Itemque
923 1949 1034 1972 sanctus

250 1994 295 2020 ille
307 1992 466 2027 Gregorius,
483 1992 516 2019 de
533 1991 644 2018 Christo
661 1991 775 2018 dicens:
795 1991 918 2024 Utraque
934 1995 1032 2017 natura

250 2039 388 2073 copulata,
407 2045 492 2065 unum
513 2037 579 2071 quid
600 2042 655 2069 est;
672 2044 726 2063 non
747 2040 837 2062 tamen
864 2041 972 2068 natura,
985 2037 1032 2063 sed

250 2083 378 2110 coitione.
396 2083 497 2110 Verum
521 2082 566 2109 hic
588 2089 698 2109 rursum
722 2081 803 2108 nobis
829 2081 981 2116 objiciunt:
1005 2081 1032 2108 Si

251 2135 335 2154 unum
360 2133 388 2154 et
407 2127 462 2153 duo
476 2127 510 2153 de
538 2126 635 2153 eodem
659 2126 762 2158 dicitis,
783 2126 1033 2154 contradictionem

251 2172 445 2204 introducitis,
467 2172 591 2206 adeoque
603 2172 836 2206 deprehendetur,
853 2173 895 2199 vel
913 2172 941 2199 id
961 2173 1033 2207 quod

1083 1581 1118 1607 τὰ
1133 1580 1179 1606 δύο
1194 1580 1294 1615 ὁμοίως
1308 1589 1314 1595 ·
1332 1581 1457 1615 λέγονται
1471 1581 1524 1616 γὰρ
1539 1581 1587 1607 δύο
1607 1581 1645 1616 τῷ
1668 1581 1792 1616 ἀριθμῷ,
1805 1583 1846 1614 ὠς
1865 1585 1878 1609 ὁ

1085 1626 1233 1661 Σωκράτης
1244 1647 1251 1658 ,
1271 1627 1318 1653 καὶ
1332 1627 1444 1653 Πλάτων
1456 1636 1462 1643 ·
1485 1627 1533 1653 καὶ
1548 1627 1595 1653 δύο
1610 1626 1650 1662 τῷ
1671 1627 1751 1659 εῖδει,
1771 1628 1811 1659 ὡς
1831 1629 1880 1656 ἄν-

1085 1673 1194 1708 θρωπος
1210 1673 1257 1699 καὶ
1273 1673 1355 1704 ἵππος
1366 1681 1373 1688 ⁵
1386 1675 1432 1700 καὶ
1446 1673 1492 1700 δύο
1506 1673 1544 1709 τῷ
1559 1674 1650 1708 γένει,
1666 1674 1705 1705 ὡς
1725 1675 1807 1700 οὐσία
1826 1677 1878 1702 καὶ

1084 1719 1201 1752 λευκόν.Ῑ
1216 1719 1325 1745 Τούτων
1350 1717 1396 1746 οὖν
1415 1719 1502 1751 οὕτως
1525 1721 1652 1756 ἐχόντων,
1665 1721 1731 1746 ὅταν
1746 1721 1878 1755 εἴπωμεν

1085 1765 1119 1792 τὰ
1136 1765 1182 1791 δύο
1197 1766 1243 1791 ἐπὶ
1257 1765 1303 1792 τοῦ
1316 1766 1445 1801 Χριστοῦ,
1459 1767 1490 1792 οὐ
1505 1766 1544 1801 τῷ
1563 1767 1672 1802 ἀριθμῷ
1689 1767 1808 1803 λέγομεν
1824 1768 1878 1795 αὖ·

1086 1810 1130 1836 τὸν
1145 1810 1202 1843 δύο,
1219 1811 1275 1837 ἁλλ’
1286 1811 1334 1838 ’ἐνα
1358 1812 1406 1846 μὲν
1421 1812 1459 1846 τῷ
1479 1812 1598 1847 ἀριθμῷ,
1611 1812 1656 1839 δύο
1675 1813 1703 1838 δὲ
1727 1813 1768 1848 ’τῷ
1796 1813 1879 1839 εἴδει.

1088 1856 1147 1882 Ὀτι
1161 1856 1190 1882 δὲ
1205 1856 1342 1892 δυνάμεθα
1354 1857 1442 1889 οὓτως
1454 1858 1553 1891 εἰπεῖν,
1566 1857 1642 1893 δηλοί
1653 1859 1698 1885 καὶ
1713 1860 1727 1885 ὁ
1750 1859 1880 1894 Ἀριστο-

1086 1901 1176 1935 τέλης,
1192 1903 1255 1937 περὶ
1271 1903 1319 1937 τῆς
1336 1902 1402 1934 ὕλης
1417 1903 1522 1929 καὶτοῦ
1539 1903 1625 1934 εἴδους
1640 1904 1768 1938 φανερῶς
1776 1906 1878 1937 εἰπὼν,

1086 1945 1127 1971 ὅτι
1145 1946 1231 1973 ταῦτα
1245 1947 1274 1973 ἓν
1292 1948 1340 1981 μέν
1366 1949 1419 1974 εἱσι
1436 1948 1474 1984 τῷ
1488 1949 1665 1984 ὰριθμῷ,ὃύο
1684 1949 1712 1976 δὲ
1731 1950 1772 1984 τῷ
1797 1951 1879 1978 εῖδει.

1094 1991 1123 2017 ’0
1143 1991 1171 2017 δὲ
1193 1991 1269 2026 ἅγιος
1291 1993 1456 2027 Γρηγόριος,
1476 1993 1604 2028 περὶτοῦ
1626 1994 1746 2028 Χριστοῦ
1775 1994 1879 2028 λέγων,

1089 2036 1159 2062 ὥστε
1173 2037 1209 2063 To
1229 2038 1433 2072 συναμφότερον
1457 2038 1495 2071 ἓν,
1510 2039 1540 2065 οὐ
1561 2041 1593 2074 τῇ
1607 2039 1697 2073 φύσει,
1714 2041 1747 2074 τῇ
1764 2041 1794 2067 δὲ
1816 2049 1881 2067 συν-

1087 2081 1148 2116 όδῳ.
1161 2082 1229 2117 Πρὸς
1242 2083 1320 2109 τοῦτο
1328 2084 1408 2110 πάλιν
1421 2085 1604 2120 ὲπαποροῦσιν
1619 2086 1693 2120 ἡμῖν,
1703 2086 1818 2113 ὅτιἙττὶ
1832 2087 1880 2114 τοῦ

1088 2127 1171 2154 αὑτοῦ
1187 2128 1216 2154 τὸ
1227 2128 1255 2154 ἓν
1266 2129 1400 2162 λέγοντες,
1416 2130 1464 2156 καὶ
1477 2130 1511 2156 τὰ
1523 2130 1571 2156 δύο
1583 2131 1728 2165 ἀντίφασιν
1737 2132 1879 2165 εἰσάγετε·

1088 2174 1135 2200 καὶ
1161 2174 1370 2209 εὑρεθήσεταιῆ
1393 2175 1407 2201 ὃ
1424 2174 1535 2208 λέγετε.
1550 2176 1655 2210 ψευδὲς,
1685 2176 1701 2209 ἢ
1731 2176 1881 2211 ἀντίφασις

252 2218 351 2249 dicitis,
377 2225 436 2245 esse
454 2217 552 2245 falsum
567 2238 574 2250 ,
593 2218 637 2245 vel
665 2218 911 2245 contradictionem
932 2219 1030 2253 pariter

1087 2219 1315 2253 cuvalqesdwaa.
1336 2220 1406 2254 Πρὸς
1424 2220 1504 2247 τοῦτο
1532 2221 1661 2255 λέγομεν,
1677 2222 1718 2247 ὅτι
1745 2222 1778 2247 οὗ
1807 2223 1881 2249 κατά

252 2271 311 2290 esse
339 2270 443 2290 veram.
473 2262 514 2289 Ad
536 2263 588 2289 hoc
611 2263 826 2297 respondemus,
848 2271 903 2290 non
938 2264 1035 2291 eodem

253 2314 380 2343 respectu
404 2317 498 2336 veram
526 2316 598 2341 esse,
626 2308 674 2336 sed
688 2309 817 2342 diverso;
832 2310 906 2343 quod
923 2310 1036 2338 minime

251 2354 401 2381 absurdum
417 2359 468 2381 est.

288 2399 318 2425 ν.
334 2398 482 2426 Sciendum
495 2403 586 2426 autem
615 2400 759 2427 universas
774 2401 946 2436 obiectiones
955 2401 1037 2428 hasce

252 2453 306 2472 non
320 2453 380 2472 esse
392 2444 520 2479 proprias
544 2444 748 2479 llzcsitantium,
762 2446 810 2474 sed
830 2447 903 2480 quod
916 2454 962 2474 eas
985 2446 1038 2473 Ne-

253 2491 382 2518 storianis
403 2491 540 2523 suﬂurati,
566 2492 646 2519 nobis
658 2496 822 2527 proponant.
840 2492 908 2519 Nam
921 2492 959 2518 illi
971 2492 1038 2519 duas

255 2543 385 2570 personas
407 2541 433 2563 et
453 2536 522 2564 duos
539 2535 664 2564 Christos
693 2537 828 2569 dicentes,
852 2537 1038 2564 communiter

254 2583 312 2609 luce
327 2582 464 2614 omnibus,
496 2582 563 2609 duas
588 2587 700 2610 naturas
724 2583 766 2609 vel
792 2582 893 2614 unitas,
918 2583 962 2609 vel
978 2587 1039 2617 post

255 2628 397 2658 unionem,
415 2628 611 2655 eonlltentibus
636 2628 804 2663 objiciebant
819 2637 826 2655 :
840 2629 868 2656 Si
894 2629 963 2656 duas
977 2637 1038 2656 esse

256 2679 367 2700 naturas
380 2673 483 2704 dicitis,
500 2674 583 2700 etiam
604 2675 673 2701 duas
695 2682 828 2709 personas
851 2675 1036 2702 iutroducitis.

255 2719 359 2752 Nempe
390 2718 492 2744 idcirco
529 2722 556 2745 et
590 2719 739 2747 absurdum
767 2720 835 2747 illud
868 2725 921 2747 tam
959 2721 1039 2748 nobis

256 2770 338 2797 quam
348 2762 543 2788 Ilmsitantihus
555 2772 604 2797 per
619 2765 668 2791 has
692 2764 864 2799 obiectiones
881 2765 1036 2799 colligitur:

257 2815 320 2834 cum
335 2806 403 2833 nihil
428 2807 480 2833 talc
507 2807 676 2835 Nestoriuuis
695 2809 810 2841 accidat,
837 2809 883 2836 sed
899 2817 913 2836 c
928 2809 1037 2837 di\crsu

261 2851 384 2887 ipsorum
409 2852 555 2886 sententia,
581 2854 653 2888 quod
685 2855 741 2881 lucc
766 2855 1067 2888 attinet,continue-1

1087 2266 1116 2291 τὸ
1143 2265 1209 2291 αὐτὸ
1239 2265 1387 2300 ἀληθεύει·
1417 2266 1486 2293 ἀλλὰ
1515 2267 1574 2293 κατ’

1087 2310 1196 2336 ἄτοπον.

1611 2267 1692 2299 ἄλλο,
1722 2267 1795 2302 ὅπερ
1829 2269 1882 2295 οὐκ

1130 2397 1225 2423 Ὶστέον
1242 2398 1269 2424 δὲ
1283 2417 1290 2430 ,
1304 2398 1344 2424 ὅτι
1363 2399 1447 2424 πᾶσαι
1464 2399 1491 2425 αἱ
1508 2398 1621 2434 ἀπορίαι
1643 2396 1724 2425 αὗται
1747 2399 1800 2425 οὑκ
1825 2401 1880 2426 εἰσὶ

1087 2443 1141 2469 τῶν
1156 2443 1370 2478 διακρινομένων
1386 2444 1458 2475 ἴδιαι,
1471 2444 1529 2471 ἀλλ’
1544 2445 1598 2471 ἀπὸ
1615 2444 1669 2470 τῶν
1682 2445 1880 2480 Νεστοριανῶν

1088 2488 1245 2523 κλέψαντες,
1260 2489 1409 2525 ἀποροῦσιν
1424 2491 1490 2525 ἡμῖν
1505 2491 1599 2522 αὐτάς.
1623 2490 1738 2517 Ἐκεῖνοι
1760 2491 1819 2526 γὰρ
1834 2492 1880 2518 δύο

1088 2535 1222 2569 πρόσωπα
1236 2535 1283 2561 καὶ
1296 2536 1342 2562 δύο
1357 2537 1493 2571 Χριστοὺς
1504 2537 1673 2570 δοξάζοντες,
1689 2537 1791 2570 κοινῶς
1809 2539 1880 2574 πρὸς

1088 2582 1192 2612 πάντας
1219 2582 1282 2612 τοὺς
1306 2581 1434 2616 λέγοντας
1451 2582 1498 2608 δύο
1516 2582 1622 2616 φύσεις,
1637 2583 1692 2609 εἴτε
1713 2583 1878 2615 ἑνωθεῐσας,

1089 2628 1143 2653 εἴτε
1168 2627 1236 2661 μετὰ
1260 2627 1309 2663 τὴν
1331 2628 1439 2659 ἕνωσιν,
1453 2628 1574 2663 ἠπόρουν
1598 2629 1683 2660 αὑτὰς
1696 2649 1702 2661 ,
1719 2630 1762 2655 ὅτι
1779 2629 1812 2656 El
1834 2630 1879 2657 δύο

1089 2673 1184 2707 φύσεις
1195 2673 1299 2706 λέγετε,
1316 2675 1362 2701 καὶ
1380 2674 1426 2700 δύο
1445 2676 1579 2709 πρένσωπα
1603 2675 1742 2708 εἰσάγετε.
1768 2676 1878 2710 Ἀμέλει

1088 2719 1121 2745 δι’
1140 2719 1205 2745 αὐτὸ
1229 2719 1275 2745 καὶ
1295 2720 1326 2745 τὸ
1350 2720 1449 2746 ἄτοπον
1470 2721 1590 2755 συνήχθη
1611 2721 1677 2755 ἡμῖν
1704 2729 1734 2746 τε
1755 2722 1805 2747 καὶ
1824 2723 1878 2752 τοῖς

1088 2766 1305 2801 διακρινομένοις
1318 2766 1350 2792 ἐκ
1365 2766 1467 2793 τούτων
1478 2767 1530 2793 τῶν
1543 2767 1674 2802 ἀποριῶν.
1689 2767 1753 2798 Τοῖς
1775 2765 1876 2797 Nigro-

1092 2812 1192 2845 ριανοῖς
1205 2812 1232 2837 δὲ
1247 2811 1338 2838 οὐκέτι
1350 2812 1380 2838 τὸ
1394 2813 1487 2846 ὅμοιον
1504 2813 1633 2845 συνάγετε
1647 2820 1652 2826 ·
1669 2811 1738 2838 ἀλλὰ
1754 2813 1804 2838 καὶ
1817 2812 1876 2838 τοῦ-

1090 2856 1195 2883 ναντῖον
1226 2857 1393 2892 ἔσχυρεζετιι
1422 2858 1454 2884 τὰ
1485 2857 1573 2884 αὐτῶν
1597 2857 1657 2884 ὅσον
1682 2856 1737 2883 ἀπὸ
1764 2859 1878 2884 τοὲτων.
