1966 3089
109 177 184 212 19.45

700 171 748 201 DE
769 171 908 201 SECTIS.
927 184 960 190 —
982 173 1063 203 ACT.
1082 173 1150 204 VII.

1666 171 1736 205 1246

115 232 264 268 ’Δπυροῦοι
286 231 314 257 δὲ
337 231 401 265 ἡμῖν
428 230 474 256 καὶ
495 229 576 262 ἄλλην
601 227 663 254 τινὰ
688 228 816 261 ἀπορίαν,
835 226 895 260 ἥτις

950 231 1002 253 tur.
1028 227 1167 262 Objiciunt
1196 228 1277 255 nobis
1300 232 1329 255 et
1349 228 1432 255 aliato
1459 226 1658 260 diflicultalem,
1674 237 1736 263 qua:

110 280 166 306 ἰδία
196 278 244 313 μὲν
267 276 356 303 αὐτῶν
387 276 471 306 εστιν,
485 275 525 304 si;
544 271 734 307 Νεστοριανῶν
758 272 785 298 δὲ
808 271 896 305 δόγμα

111 321 393 358 κσταλήγειΠΕπειδὴ
413 320 467 355 γὰρ
496 319 570 353 λέγει
591 318 660 354 πρὺς
686 318 784 348 αὖτοὺς
802 317 818 351 ὴ
839 318 897 342 Ἐκ-

112 369 273 404 xit-noluit:
286 368 317 393 Et
332 367 426 400 λέγετε
439 365 581 399 ἀσύγχυτσ.
595 364 629 390 τὰ
646 363 792 394 ὲνωθέντα,
810 362 895 387 καὶτὸ

111 415 161 450 μὲν
175 413 306 448 παθητὸν,
321 412 350 439 τὸ
369 412 396 438 δὲ
413 410 527 442 ἀπαθὲς,
544 410 590 436 καὶ
615 408 722 444 ὁρατὸν,
739 408 786 434 καὶ
812 407 896 441 ἀόρα-

109 469 166 491 τον,
181 459 228 486 καὶ
247 458 444 493 περίγραπτον,
464 456 511 482 καὶ
524 455 748 489 ἀπερίγραπτον,
767 452 814 478 καὶ
831 453 895 485 θνη-

109 505 166 536 τὸν,
178 504 224 530 καὶ
239 503 383 534 ἀθάνατον,
400 502 446 528 καὶ
461 502 510 527 ὅσα
523 499 635 526 τοιαῦτα
646 520 653 530 ,
669 499 697 531 ἐξ
713 498 835 531 ἀνάγκης
850 497 896 523 δύο

109 549 205 583 φύσεις
216 549 341 582 εΞσάγετε
354 556 360 562 “
382 547 554 580 ἀντιλέγουσι
568 545 638 580 πρὸς
653 543 751 575 ταῦτα,
765 544 805 569 ὅτι
821 542 896 568 οὐδὲν

109 597 220 626 ἄτοπον,
239 595 286 620 καὶ
312 593 453 627 ἁσύγχυτα
484 590 652 626 ὁμολογῆσαι
680 589 714 615 τὰ
744 588 894 615 ὲνωθέντα·

109 642 157 668 καὶ
178 641 207 666 τὸ
227 641 275 674 μὲν
289 639 418 673 παθητὸν,
434 638 463 664 τὸ
481 638 508 663 δὲ
526 637 641 668 ἀπαθὲς,
660 635 707 662 καὶ
727 635 789 668 μίαν
814 634 896 668 φύσιν

109 688 156 713 ἐπὶ
171 686 259 712 αὐτῶν
275 693 282 700 ·
304 685 351 712 καὶ
366 685 457 711 λοιπὸν
473 683 663 718 παραφέρουσι
679 683 747 717 πρὸς
760 681 852 707 πίστιν
866 681 896 706 τὸ

110 733 285 768 παράδειγμα
311 731 357 757 τοῦ
381 729 535 765 ἀνθρώπου.
569 729 635 755 Ἰδοὺ
662 728 726 762 γὰρ,
757 730 856 761 φασιν,
877 728 894 761 ἡ

109 778 183 811 ψυχὴ
199 778 245 802 καὶ
259 777 290 802 τὸ
301 776 380 810 σῶμα
391 774 554 808 ἀσυγχύτως
565 773 656 808 ὴνώοη
672 773 718 798 ἐπὶ
733 772 780 798 τοῦ
792 771 896 805 ἀνθρώ-

110 832 174 849 που.
191 822 246 849 Καὶ
257 822 288 848 τὸ
305 822 354 856 μὲν
366 821 472 856 ὁρατὸν,
487 821 516 846 τὺ
530 820 558 846 δὲ
573 820 688 854 ἀόρατον
699 827 706 833 '
722 818 769 844 καὶ
787 817 895 852 θνητὸν,

110 869 156 894 καὶ
182 868 325 898 ἀθάνατον,
341 867 386 893 καὶ
410 866 444 891 τὰ
467 865 551 892 ἄλλα·
577 864 624 891 καὶ
637 865 711 898 ὅμως
729 864 760 889 οὺ
780 863 896 896 λέγομεν

109 914 157 940 δύο
183 914 288 948 φύσεις,
304 912 372 939 ἀλλὰ
396 912 460 946 μίαν
477 911 557 945 φύσιν
579 909 626 936 τοῦ
649 907 805 944 ἀνθρώπου.
824 907 896 942 Πρὸς

109 959 195 986 ταῦτα
218 959 298 984 πάλιν
322 958 447 991 λέγουσιν
463 957 487 983 οἱ
507 956 561 982 ἀπὸ
583 955 633 990 τῆς
656 954 829 987 συνόδου,ὂτι
847 953 894 979 Ὃν

109 1005 209 1039 τρόπον
226 1004 319 1038 λέγετε
337 1002 470 1034 σώζεσῡαι
486 1003 532 1028 ἐττί
547 1001 593 1028 τοῦ
617 1000 763 1036 ἀνθρώπου
776 1001 811 1025 τὰ
830 1000 895 1024 ἑνω-

110 1051 190 1076 οέντα
217 1051 286 1084 μετὰ
311 1049 361 1083 τὴν
384 1049 491 1080 ἕνωσιν,
508 1047 554 1074 καὶ
575 1047 606 1073 τὸ
625 1047 673 1082 μὲν
690 1045 804 1080 θνητὸν,
822 1045 852 1070 τὸ
867 1044 895 1070 δὲ

110 1096 158 1122 καὶ
172 1095 317 1127 ἀθάνατον,
335 1095 381 1121 καὶ
396 1094 479 1120 τᾶλλα
496 1094 585 1119 πάντα
601 1100 608 1106 ·
627 1092 698 1118 οὕτω
712 1091 828 1125 λέγομεν
849 1090 896 1116 ἐπὶ

109 1142 156 1168 τοῦ
183 1142 300 1176 Χριστοῦ
320 1148 327 1155 °
351 1140 438 1168 ταῦτα
463 1140 492 1167 δὲ
520 1139 609 1167 πάντα
639 1139 686 1165 δύο
711 1137 819 1173 φύσεώς
843 1137 896 1163 εἰσι

109 1186 288 1220 γνωριστικά.

146 1321 217 1356 Πρὸς
231 1321 316 1347 ταῦτα
331 1321 356 1346 οἱ
373 1320 420 1354 μὲν
431 1320 484 1345 ὰπὸ
500 1318 615 1345 Γαῖανοῦ
632 1319 708 1345 οὐδὲν
725 1319 897 1353 εὑρίσκουσιν

111 1369 209 1394 εἰπεῖν.
229 1366 440 1401 Ὀμολογοῦντες
464 1365 519 1400 γὰρ
533 1365 676 1399 ὰσύγχυτα
697 1361 767 1390 εῖναι
781 1364 817 1390 τὰ
830 1365 898 1390 ἑνω-

112 1413 202 1444 (θέντα,
223 1413 273 1439 οὐκ
297 1413 438 1446 ἀνέχονται
464 1411 531 1443 ὅλως
557 1411 617 1437 οὐδὲ
639 1410 773 1446 διαφορὰν
798 1411 897 1442 εἰπεῖν,

111 1459 165 1485 οὐδ’
188 1458 255 1489 ὅλως
274 1458 301 1484 τὸ
310 1458 357 1483 δύο
370 1458 502 1491 ὀνομάσαι
514 1477 521 1489 ,
539 1456 596 1483 ἀλλ’
617 1457 646 1483 ἓν
663 1465 688 1482 τι
710 1456 744 1482 τὰ
764 1456 899 1482 ἑνωθέντα

113 1503 182 1538 μετὰ
200 1503 247 1537 τὴν
267 1503 364 1529 ἕνωσιν
382 1503 518 1536 λέγουσιν.
541 1502 572 1528 Οἱ
585 1502 613 1528 δὲ
633 1502 804 1528 θεοδοσιανοὶ
816 1521 823 1534 ,
839 1502 898 1536 ἦτοι

111 1550 165 1576 ἀπὸ
182 1550 312 1584 Σεϐήρτυ,
331 1549 482 1584 εὑρήκασιν
495 1549 602 1579 ἑαυτοῖς
614 1547 779 1581 ἀπολογίαν.
794 1547 840 1573 καὶ
855 1547 898 1573 λέ-

110 1605 212 1630 γουσιν,
222 1595 261 1621 ὃτι
269 1595 364 1629 Ἡμεῖς
374 1593 558 1628 ὁμολογοῦμεν
569 1593 683 1627 διάφορα
693 1591 762 1618 εἶναι
774 1592 807 1619 τὰ
818 1592 898 1627 μέρη,

110 1642 140 1667 τὸ
155 1641 183 1666 δὲ
203 1640 377 1674 ἀποτέλεσμα
392 1639 432 1666 ἓν,
452 1639 558 1673 Ὥσπερ
585 1636 631 1664 οὖν
655 1639 702 1664 καὶ
718 1639 763 1664 ἐπὶ
788 1638 834 1666 τοῦ
853 1639 900 1664 ἀν-

111 1687 220 1722 Ορὼπου
247 1686 363 1720 διάφορά
386 1686 439 1711 εἱσι
463 1685 497 1711 τὰ
526 1684 636 1719 μέρη,ἦ
653 1692 683 1710 τε
709 1684 783 1719 ψυχὴ
802 1684 850 1712 καὶ
871 1684 900 1710 τὸ

112 1733 202 1768 σῶμα,
227 1732 257 1759 τὸ
277 1733 305 1758 δὲ
325 1732 499 1766 ἀποτέλεσμα
522 1731 561 1758 ἓν,
583 1731 728 1758 Βούλονται
748 1731 803 1765 γὰρ
829 1731 900 1756 κατὰ

111 1779 201 1805 πάντα
225 1776 408 1812 μεθαρμόζειν
432 1776 463 1802 τὸ
490 1775 667 1810 παράδειγμα
690 1775 737 1802 τοῦ
754 1774 899 1810 ἀνθρώπου

111 1824 157 1850 ἐπὶ
177 1822 224 1849 τοῦ
248 1821 383 1857 Χριστοῦο
404 1819 464 1848 εἶτα
481 1821 575 1853 ἐπειδὴ
593 1820 755 1856 συνῄσθοντο
786 1820 900 1851 ἑαυτοὺς

111 1871 151 1900 εἰς
163 1869 193 1894 τὸ
210 1868 297 1902 δόγμα
310 1868 359 1902 τῆς
375 1867 484 1893 συνόδου
508 1867 689 1901 ἐμπεσόντας,
703 1866 749 1892 ἐπὶ
764 1866 858 1901 ἔτερόν
872 1876 899 1892 τι

114 1913 326 1950 μεταϐιϐάζουσι
342 1913 388 1939 τὴν
415 1913 504 1946 λόγον,
522 1912 568 1938 καί
583 1920 676 1946 φασιν,
691 1912 731 1938 ὅτι
748 1912 898 1947 Διαφόρους

111 1959 207 1993 φύσεις
219 1959 308 1993 φαμὲν
319 1959 399 1993 ἡμεῖς
414 1957 467 1984 τῶν
485 1957 593 1992 μερῶν·
609 1957 657 1983 τοῦ
671 1957 699 1983 δὲ
710 1957 898 1989 ἀποτελέσμα-

111 2015 157 2038 τος
168 2027 174 2039 ,
192 2007 267 2041 μίαν.
283 2006 322 2041 Τῇ
347 2007 436 2040 μέντοι
452 2004 553 2038 συνόδῳ
565 2004 630 2039 περὶ
647 2003 694 2030 τοῦ
709 2003 897 2037 ἀποτελέσμα-

111 2061 156 2082 τος
183 2050 216 2087 ἦν
235 2052 249 2077 ὁ
270 2051 360 2085 λόγος.
382 2051 453 2085 Πρὸς
478 2049 524 2081 οὓς
540 2049 656 2084 λέγομεν
668 2069 674 2080 ,
691 2050 733 2075 ὅτι
747 2049 896 2076 Ψεύδεσοε.

111 2097 165 2124 Ἦν
172 2098 225 2132 γὰρ
239 2097 302 2133 περὶ
316 2096 363 2122 τοῦ
376 2096 597 2131 ἀποτελέσματος
609 2096 658 2130 οὐχ
670 2097 684 2122 ό
699 2095 779 2130 λόγος
787 2098 820 2130 τῇ
835 2104 897 2121 συν-

111 2143 173 2177 όδῳ,
198 2142 266 2168 ἀλλὰ
291 2142 355 2176 περὶ
371 2140 424 2167 τῶν
449 2140 540 2175 μερῶν
557 2147 563 2155 ·
583 2140 629 2166 καὶ
646 2139 725 2166 τοῦτο
748 2140 828 2175 δῆλον
845 2140 898 2166 ἀπὸ

112 2188 217 2214 πολλῶν
241 2189 308 2214 ἐστι.
325 2186 436 2222 Πρῶτον
458 2186 512 2212 ἀπὸ
531 2186 585 2211 τῶν
605 2185 761 2212 Γαῖανιτῶν.
785 2186 897 2211 Ἐκεῖνοι

112 2235 165 2269 γὰρ
177 2233 206 2260 τὸ
227 2234 338 2268 ἀρχαῖον
350 2233 438 2267 δόγμα
461 2231 640 2265 φυλάττοντες
648 2251 654 2262 ,
677 2231 748 2257 οὕτω
767 2231 898 2265 μάχονται

112 2281 158 2307 νῦν
173 2281 205 2315 τῇ
225 2279 336 2313 συνόδῳ,
351 2279 388 2310 ὼς
400 2277 446 2304 δύο
457 2278 574 2312 λεγούσῃ
590 2277 625 2303 τὰ
641 2277 712 2311 μέρη
728 2285 735 2292 ⁸
753 2277 831 2303 αὐτοὶ
844 2277 898 2312 γὰρ

112 2328 159 2353 καὶ
177 2327 211 2353 τὰ
227 2326 297 2361 μέρη
311 2325 340 2351 ἓν
357 2333 383 2351 τι
398 2324 539 2359 βούλονται
556 2322 624 2350 εἶναι
641 2324 710 2358 μετὰ
725 2323 774 2357 τὴν
790 2323 898 2350 ἕνωσιν.

118 2372 187 2399 Ἀλλ’
205 2372 270 2402 ἴσως
284 2371 394 2404 λέγουσι
417 2371 485 2405 πρδς
510 2370 589 2396 τοῦτο
604 2370 629 2395 οἱ
650 2368 838 2400 Θεοδοσιανοὶ,
859 2369 899 2395 ὅτι

111 2418 190 2453 οὐχί⁸
214 2417 244 2443 οὺ
264 2415 319 2451 γὰρ
336 2416 361 2442 οἱ
382 2415 521 2442 Γαῖανῖταί
539 2416 607 2442 εἰσιν
622 2416 647 2441 οἱ
669 2415 849 2449 φυλάττοντες
870 2415 900 2440 τὸ

111 2465 224 2500 ἀρχαῖον
250 2463 348 2497 δόγμα,
375 2461 444 2488 ἀλλὰ
470 2461 569 2496 μᾶλλον
592 2462 682 2496 ἡμεῖς.
718 2461 798 2487 Ἀλλὰ
819 2461 899 2487 πάλιν

112 2510 178 2546 πρὸς
191 2509 270 2536 τοῦτο
281 2508 407 2543 λέγομεν,
420 2507 460 2533 ὅτι
472 2507 502 2533 Εἰ
514 2508 561 2533 καὶ
575 2507 611 2542 μὴ
624 2507 677 2534 ἀπὸ
685 2507 739 2533 τῶν
751 2508 770 2533 Γ
771 2507 898 2534 aiam-uim

112 2553 257 2580 πιστοῦσοε
271 2552 361 2585 τοῦτο,
379 2551 436 2578 ἀλλ’
451 2550 498 2578 οὖν
514 2552 568 2577 ἀπὸ
584 2551 638 2578 τῶν
647 2553 804 2586 Ἀκεςράλων
820 2553 900 2587 ἀνάγ-

112 2609 147 2634 κη
175 2600 247 2634 ὑμᾶς
265 2598 345 2625 τοῦτο
370 2597 570 2624 πιστώσασθαι.
592 2597 706 2624 Ἐκεῖνοι
722 2599 775 2633 γὰρ
793 2600 900 2634 ἀρχαιό-

111 2654 187 2680 τεροι
201 2645 278 2680 ὑμῶν
292 2645 340 2671 καὶ
355 2644 410 2671 τῶν
423 2643 573 2670 Γαῖανιτῶν
590 2644 715 2679 φανερῶς
728 2644 814 2676 ὄντες,
830 2645 900 2672 οὕτω

115 2693 246 2726 μάχονται
260 2694 293 2728 τῇ
309 2692 422 2727 συνόδῳ,
436 2691 473 2723 ὡς
483 2691 529 2718 δύο
541 2690 657 2727 λεγούσῃ
667 2692 700 2718 τὰ
714 2693 795 2726 μέρη.
807 2693 901 2718 Ἐπει-

113 2746 147 2763 τα
164 2738 212 2763 καὶ
228 2738 282 2764 ἀπὸ
303 2729 440 2773 lio-rupit;
454 2736 625 2771 πιπούμεοα
651 2737 738 2763 τοῦτο.
756 2737 827 2772 Πρὸς
847 2739 900 2773 γὰρ

114 2782 160 2808 τὸν
171 2782 278 2818 Εὐτυχῆ
294 2784 410 2810 ἐποιεῖτο
425 2783 476 2810 τὸν
491 2783 598 2818 λόγονὴ
616 2783 732 2814 σύνοδος,
749 2784 822 2814 ὅστις
837 2785 900 2818 περὶ

113 2827 169 2854 τῶν
193 2828 284 2862 μερῶν
302 2829 467 2864 ἠμφισϐήτει
481 2850 488 2861 ,
508 2830 545 2865 μὴ
569 2829 656 2862 λέγων
673 2830 737 2864 ὑμῖν
759 2829 901 2864 όμοούσιον

114 2871 186 2902 εἶναι
204 2873 234 2900 τὸ
256 2873 344 2910 σῶμα,
368 2875 412 2907 Ὠς
427 2873 472 2903 οὖν
487 2875 555 2911 πρὸς
569 2876 671 2902 ἐκεῖνον
695 2874 843 2910 ποιουμένη
857 2875 901 2903 τὸν

948 273 1125 307 peculiariter
1146 274 1269 308 ipsorum
1302 274 1412 308 quidem
1430 279 1491 311 est;
1509 273 1557 300 sed
1583 273 1610 299 in
1638 273 1736 301 Nesto-

950 317 1089 344 rianorum
1103 318 1199 353 dogma
1215 318 1327 346 desinit.
1353 319 1421 346 Cum
1442 318 1515 345 enim
1537 318 1570 345 ad
1595 318 1668 352 ipsos
1696 319 1734 345 ait

949 363 1083 395 Ecclesia,
1098 364 1120 390 si
1139 364 1215 391 unita
1231 365 1323 391 dicant
1340 365 1495 397 inconfusa,
1520 368 1547 391 et
1573 372 1658 390 unum
1671 372 1735 399 pas-

949 409 1040 441 sibile,
1070 410 1186 436 alterum
1207 410 1343 444 passionis
1368 419 1480 445 expers;
1501 419 1586 437 unum
1611 416 1735 446 aspecta-

949 455 1016 486 hile,
1031 456 1148 482 alterum
1161 456 1372 490 inaspectabile;
1387 465 1472 484 unum
1482 458 1735 492 circumscriptum,

949 501 1065 527 alterum
1098 509 1153 528 non
1182 502 1438 536 circumscriptum;
1476 511 1560 530 unum
1600 505 1735 535 mortale.

949 547 1065 572 alterum
1080 546 1249 575 immortale:
1269 556 1385 582 qumque
1400 549 1453 575 alia
1476 556 1540 576 sunt.
1556 550 1716 584 ltujusmodi
1728 571 1735 584 ,

949 591 1017 618 duas
1031 593 1187 619 necessario
1201 597 1315 619 naturas
1330 601 1377 620 eos
1402 594 1594 622 introducere:
1621 603 1735 630 respon-

949 637 1015 664 dent
1029 638 1068 664 illi
1082 638 1202 664 vicissim
1230 639 1332 665 nullam
1349 639 1549 666 absurditatem
1564 647 1625 666 esse
1643 641 1738 667 incon-

949 683 1010 710 fusa
1035 684 1160 711 conﬁteri
1185 684 1273 715 unita,
1287 685 1429 719 nihiloque
1447 686 1539 712 minus
1564 694 1649 712 unum
1673 694 1736 721 pas-

949 729 1040 760 sibile,
1059 729 1175 756 alterum
1201 729 1338 764 passionis
1352 737 1468 764 expers;
1496 735 1524 758 et
1539 739 1620 758 unam
1640 732 1668 758 in
1697 731 1738 758 eis

949 779 1091 802 naturam:
1117 775 1191 809 quod
1219 776 1258 802 uti
1282 776 1409 810 probent,
1435 777 1555 804 hominis
1581 777 1737 812 exemplum

949 820 1104 854 proferunt.
1127 821 1179 853 En,
1208 821 1347 856 inquiunt,
1375 830 1476 856 corpus
1499 826 1527 849 et
1554 823 1645 849 anima
1668 823 1738 850 citra

950 865 1139 892 confusionem
1163 866 1191 892 in
1221 866 1332 894 homine
1348 867 1426 893 unita
1455 871 1529 900 sunt,
1557 875 1641 894 unum
1663 876 1739 903 aspe-

947 910 1056 942 ctabile,
1082 911 1200 938 alterum
1235 912 1450 945 inaspectabile;
1483 920 1570 939 unum
1601 913 1736 946 mortale,

946 956 1063 983 alterum
1080 957 1251 990 immortale;
1266 957 1374 992 aliaque
1390 958 1454 985 talia
1475 966 1483 985 :
1511 966 1566 985 non
1581 963 1672 986 tamen
1689 967 1738 987 na-

947 1001 1101 1028 turasduas
1126 1001 1257 1033 dicimus,
1276 1002 1323 1029 sed
1349 1010 1432 1029 unam
1459 1002 1579 1030 hominis
1597 1007 1735 1031 naturam-

946 1047 986 1074 Ad
997 1055 1029 1074 ea
1045 1047 1141 1082 synodi
1152 1051 1302 1074 sectatores
1312 1047 1435 1075 vicissim
1451 1049 1629 1082 respondent,
1642 1058 1738 1084 quem-

948 1093 1096 1120 admodum
1119 1093 1171 1128 ipsi
1190 1093 1279 1121 salvas
1298 1102 1360 1121 esse
1388 1102 1434 1121 res
1448 1091 1487 1121 'in
1508 1094 1620 1122 homine
1635 1096 1737 1127 unitas,

948 1145 1008 1174 post
1033 1139 1162 1166 unionem
1189 1139 1302 1172 factam,
1327 1140 1436 1172 dicant,
1471 1140 1621 1175 nihiloque
1645 1142 1738 1169 minus

949 1193 1033 1211 unum
1057 1192 1119 1212 esse
1145 1186 1272 1218 mortale,
1288 1186 1408 1213 alterum
1440 1186 1606 1218 immortale,
1630 1186 1738 1220 aliaque

948 1231 1057 1263 omnia,
1077 1231 1116 1258 sic
1134 1230 1167 1258 de
1191 1230 1303 1258 Christo
1315 1238 1344 1258 se
1369 1239 1480 1266 quoque
1503 1231 1597 1266 loqui;
1626 1235 1653 1258 at
1679 1232 1737 1259 haae

948 1275 1040 1302 omnia
1051 1275 1169 1302 duarum
1182 1279 1347 1302 naturarum
1365 1283 1426 1303 esse
1439 1276 1551 1303 indicia.

985 1321 1027 1348 Vl.
1043 1321 1117 1348 Nihil
1139 1321 1171 1348 ad
1189 1321 1247 1348 haec
1265 1321 1395 1349 Gaianita:
1411 1321 1483 1356 quod
1498 1321 1600 1353 dicant,
1619 1321 1737 1348 habent.

949 1365 1016 1393 Cum
1045 1367 1117 1393 enim
1147 1366 1223 1393 unita
1241 1367 1381 1394 fateantur
1405 1367 1559 1398 inconfusa,
1574 1367 1688 1394 omnino
1703 1375 1738 1394 ne

950 1412 1099 1439 discrimen
1117 1413 1228 1447 quidem
1255 1413 1366 1447 aliquod
1388 1413 1480 1440 dicere
1509 1414 1656 1446 sustinent,
1675 1414 1739 1440 nul-

950 1457 1011 1484 love
1036 1458 1116 1485 modo
1143 1459 1227 1485 duum
1242 1466 1335 1485 vocem
1367 1458 1537 1486 admittere:
1571 1459 1619 1486 sed
1654 1467 1738 1486 unutn

951 1503 1080 1538 quiddam
1114 1505 1200 1535 unita,
1223 1509 1283 1539 post
1308 1504 1450 1536 unionem,
1474 1504 1544 1532 facta
1576 1505 1682 1532 dicunt.
1705 1505 1740 1532 At

952 1549 1146 1582 Theodosiani,
1166 1550 1209 1577 vel
1223 1550 1270 1585 qui
1287 1559 1301 1577 a
1317 1550 1418 1578 Severo
1430 1556 1504 1582 sunt,
1524 1551 1739 1578 satisfactionem

952 1596 1003 1622 sibi
1017 1596 1161 1630 quamdam
1176 1597 1351 1629 invenerunt,
1367 1605 1452 1632 seque
1466 1597 1563 1624 dicunt
1577 1598 1657 1624 fateri
1677 1606 1740 1632 par-

952 1646 994 1669 tes
1009 1650 1068 1669 esse
1086 1642 1221 1675 diversas,
1239 1648 1267 1670 at
1285 1651 1369 1670 unum
1391 1643 1538 1670 edoctum:
1558 1643 1738 1678 quemadmo-

951 1688 1016 1715 dum
1035 1693 1063 1715 et
1079 1689 1106 1715 in
1123 1689 1233 1716 homine
1265 1693 1357 1724 partes
1378 1689 1494 1717 diversa:
1518 1690 1583 1719 sint.
1597 1690 1687 1717 anima
1711 1694 1740 1716 et

950 1743 1062 1768 corpus,
1077 1739 1105 1761 at
1117 1743 1201 1762 unum
1217 1735 1357 1762 effectum.
1370 1735 1437 1762 Nam
1451 1743 1500 1769 per
1516 1736 1607 1762 omnia
1620 1735 1739 1762 hominis

950 1781 1103 1815 exemplum
1111 1781 1143 1807 ad
1154 1781 1292 1808 Christum
1302 1782 1509 1808 accommodare
1518 1782 1614 1808 volunt
1623 1790 1629 1807 :
1640 1781 1738 1808 deinde

949 1831 1037 1853 semet
1050 1827 1301 1854 animadvertentcs
1318 1828 1343 1854 in
1358 1827 1455 1863 synodi
1471 1827 1568 1861 dogma
1584 1827 1737 1861 prolapsos,

949 1873 982 1900 ad
994 1873 1068 1900 aliud
1080 1873 1231 1900 orationem
1259 1873 1438 1904 transferunt,
1457 1879 1541 1906 seque
1556 1871 1678 1898 diversas
1697 1871 1740 1898 di-

950 1925 1012 1944 cere
1024 1918 1142 1952 partium
1158 1923 1271 1945 naturas
1282 1918 1369 1949 aiunt,
1382 1917 1473 1945 eﬂ'ecti
1486 1924 1567 1943 unam
1584 1925 1590 1943 :
1604 1924 1667 1944 cum
1681 1924 1740 1952 syn-

949 1963 1019 1989 odus
1031 1962 1064 1989 de
1077 1962 1176 1990 cﬁ'eeto
1195 1963 1286 1990 locuta
1309 1963 1356 1989 sit.
1369 1962 1424 1989 Nos
1443 1967 1534 1989 autent
1544 1962 1740 1996 respondemus

948 2016 996 2036 eos
1011 2009 1133 2036 mentiri.
1153 2009 1211 2036 Non
1227 2009 1300 2035 enim
1315 2008 1436 2043 synodus
1451 2008 1484 2035 de
1497 2007 1596 2035 effecto
1606 2007 1740 2042 loqueba-

949 2058 1004 2085 tur,
1019 2054 1065 2081 sed
1084 2054 1118 2081 de
1144 2054 1270 2088 partibus
1287 2063 1293 2080 :
1308 2054 1382 2088 quod
1409 2053 1520 2088 quidem
1546 2061 1580 2080 ex
1610 2053 1739 2088 pluribus

948 2105 1064 2127 constat.
1079 2100 1200 2126 Primum
1219 2099 1341 2126 indicant
1359 2100 1411 2126 hoc
1433 2099 1485 2134 ipsi
1502 2098 1645 2126 Gaianitre.
1671 2099 1738 2126 Nam

948 2146 1091 2180 antiqnmn
1109 2145 1146 2172 illi
1165 2146 1261 2179 dogma
1279 2146 1443 2177 retinentes,
1462 2145 1498 2172 ita
1513 2153 1589 2172 nunc
1604 2146 1737 2181 synodum

949 2197 1117 2227 oppugnant,
1138 2193 1215 2226 quasi
1232 2199 1293 2226 qua:
1307 2195 1399 2226 partes
1414 2191 1482 2217 duas
1495 2191 1568 2218 dicat
1584 2202 1590 2218 :
1609 2200 1671 2219 eutn
1687 2191 1737 2226 ipsi

914 2248 935 2274 ι)
952 2241 1013 2272 post
1028 2237 1155 2263 unionem
1175 2241 1266 2270 partes
1283 2244 1392 2270 quoque
1405 2236 1491 2263 velint
1508 2243 1591 2262 unutn
1608 2235 1737 2269 quiddam

948 2291 1018 2311 esse.
1038 2283 1171 2310 Fortassis
1188 2282 1222 2309 ad
1240 2282 1292 2309 hoc
1312 2282 1498 2309 Tlicodosiani
1517 2281 1736 2315 respondebunt,

949 2338 1119 2365 nequaquam
1133 2330 1281 2362 Gaianitas,
1295 2330 1342 2357 sed
1358 2338 1386 2357 se
1407 2330 1501 2364 potius
1527 2329 1587 2356 illos
1602 2337 1673 2360 esse,
1690 2329 1738 2364 qui

950 2377 1092 2410 antiquum
1122 2376 1219 2411 dogma
1245 2376 1390 2403 retineant.
1408 2377 1462 2403 Nos
1487 2384 1552 2402 vero
1569 2383 1680 2402 rursum
1697 2384 1739 2402 re-

951 2422 1127 2457 spondemus,
1142 2422 1164 2449 si
1191 2422 1306 2449 maxime
1322 2430 1376 2449 non
1390 2432 1404 2448 a
1421 2422 1554 2449 Gaianitis
1577 2421 1628 2456 ipsi
1657 2421 1738 2448 fidem

951 2469 1023 2496 illam
1040 2468 1218 2502 sumpserint,
1238 2473 1326 2495 tamen
1349 2476 1410 2495 esse
1433 2475 1557 2496 necesse.
1573 2471 1604 2494 ut
1618 2467 1653 2494 ab
1670 2466 1739 2494 Ace-

953 2515 1041 2549 phalis
1055 2515 1221 2549 acceperint.
1235 2514 1301 2541 Nam
1318 2514 1355 2540 illi
1377 2513 1521 2540 manifesto
1539 2512 1740 2540 Theodosianis

953 2561 1126 2588 etGaianitis
1150 2561 1328 2595 antiquiores.
1350 2560 1385 2586 ita
1411 2560 1545 2595 synodum
1568 2564 1736 2594 oppugnant,

954 2606 1030 2640 quasi
1050 2614 1110 2640 qure
1134 2611 1226 2640 partes
1241 2606 1308 2633 duas
1327 2606 1426 2633 tradat.
1442 2605 1515 2632 Idem
1532 2609 1559 2632 et
1579 2613 1628 2640 per
1652 2605 1738 2640 Euty-

955 2651 1033 2677 chem
1046 2651 1145 2678 docere
1158 2658 1311 2685 possumus.
1325 2651 1431 2677 Etenim
1448 2651 1577 2677 adversus
1587 2650 1737 2685 Eutychem

954 2697 1075 2732 synodus
1091 2697 1135 2723 illa
1151 2696 1234 2723 verba
1248 2696 1417 2730 proferebat,
1434 2696 1512 2730 cujus
1525 2699 1584 2722 erat
1599 2695 1634 2721 de
1649 2694 1737 2729 parti-

955 2743 1005 2769 bus
1018 2742 1218 2773 controversia,
1233 2742 1361 2771 dicentis,
1376 2749 1476 2775 corpus
1495 2749 1549 2768 non
1565 2748 1625 2767 esse
1643 2739 1738 2766 nobis—

953 2795 1014 2813 eum
1037 2787 1117 2814 unius
1148 2787 1330 2818 substantizc,
1352 2787 1467 2820 ideoque
1484 2786 1577 2812 verbis
1599 2785 1633 2811 ad
1661 2784 1738 2811 illum

954 2832 1077 2865 directis,
1095 2837 1122 2859 ct
1141 2833 1197 2867 ipsa
1224 2832 1328 2859 scilicet
1349 2832 1382 2859 de
1406 2831 1528 2866 partibus
1552 2831 1715 2865 loquebatur
1729 2852 1737 2863 ,

955 2884 1009 2903 non
1039 2877 1071 2904 dc
1100 2877 1208 2905 cﬂecto.
1241 2878 1375 2905 Pl‘il‘lCl‘L‘il
1405 2877 1456 2904 nisi
1483 2875 1534 2903 ltoc
1561 2875 1737 2911 admiscritis,
