1973 3098
101 150 170 182 1253

694 150 741 179 DE
762 150 898 180 SECTIS.
920 163 952 168 σε
974 151 1051 180 ᾹΕΤ,
1075 151 1155 181 VIII.

1657 155 1726 187 125$

100 209 154 242 ρῶς
166 206 226 234 εἷπε
242 207 306 241 μίαν
320 205 400 241 φύσιν
414 205 461 232 τοῦ
476 205 542 232 Θεοῦ
559 206 644 240 Λόγου
660 207 884 242 σεσαρκωμένην.

943 211 1052 234 sanctus
1069 207 1114 233 ille
1130 206 1249 241 Cyrillus
1265 215 1348 234 unam
1366 211 1495 235 naturam
1521 208 1567 235 Dei
1586 208 1727 238 Sermonis

101 254 170 289 Πρὸς
186 252 264 280 τοῦτο
278 252 410 287 λέγομεν,
427 252 467 278 ὅτι
479 251 662 286 ὁμολογοῦμεν
680 252 726 277 τὸν
739 252 816 285 ἅγιον
829 252 886 278 Κύ-

99 300 188 335 ριλλον
218 299 296 326 τοῦτο
332 298 491 333 εἰρηκέναι·
522 298 582 324 ἀλλ’
616 298 694 323 οὐδὲν
718 298 887 324 ἐναντιοῦται

97 346 177 372 τοῦτο
197 346 236 381 τῷ
255 345 380 379 δόγματι.
405 345 442 371 Οὐ
464 345 518 380 γὰρ
536 342 596 370 εἷπε
611 344 659 370 τοῦ
679 345 797 379 Χριστοῦ
824 345 888 380 μίαν

99 391 181 426 φύσιν
195 390 418 425 σεσαρκωμένην,
433 390 500 416 ἀλλὰ
520 390 584 424 μίαν
599 390 679 424 φύσιν
693 390 739 416 τοῦ
753 389 820 416 Θεοῦ
835 389 888 415 Λό-

99 445 148 469 γου
171 435 402 470 σεσαρκωμὲνην,
427 435 476 468 τὴν
499 434 582 467 ἄλλην
603 433 684 467 φύσιν
710 433 807 468 δηλῶν.
834 433 888 459 Καὶ

98 482 140 506 ὅτι
152 481 201 514 τὴν
216 480 300 514 ἄλλην
312 479 437 513 βούλεται
451 478 572 513 δηλῶσαι
589 478 680 511 φύσιν,
692 478 732 510 τῷ
744 478 831 504 εἰπεῖν
845 486 889 503 σε·

99 525 280 561 σαρκωμένην
293 533 300 540 ”
320 525 400 559 δῆλον
424 523 469 556 ἀφ’
485 520 522 549 ὧν
545 523 641 549 ἑαυτὸν
661 524 838 557 ἐπεξηγεῖται
860 524 889 549 ἐν

97 573 131 606 τῇ
150 571 217 605 πρὸς
232 569 380 596 Σούκενσον
394 568 509 603 δευτέρᾳ
528 568 656 603 ἐπιστολῆ
675 568 763 602 λέγων
774 577 780 584 ”
794 569 824 594 Εἰ
840 569 889 603 μὲν

98 618 154 652 γὰρ
170 617 232 652 μίαν
247 615 328 650 φύσιν
342 615 465 646 εἰπόντες
482 614 529 641 τοῦ
542 614 610 640 Θεοῦ
625 614 725 649 Λόγου,
741 616 890 649 σεσιγήκα-

101 671 161 698 μεν,
174 662 223 688 οὐκ
236 660 430 695 ἐπενεγκόντες
446 660 485 693 τὸ,
503 661 741 695 σεσαρκωμένην
752 669 758 675 ·
774 661 831 687 ἀλλ’
850 659 890 693 οἷς

100 710 152 743 ἔξω
164 709 256 740 θέντες
274 709 324 744 τὴν
343 707 499 743 οἰκονομίαν
511 727 519 740 ,
532 705 566 741 ἦν
581 708 674 738 αὐτοῖς
688 707 760 742 τάχα
776 716 826 733 που
844 707 891 733 καὶ

100 756 150 781 οὐκ
163 754 295 785 ἀπίθανος
313 755 327 780 ὁ
341 753 420 787 λόγος
439 752 684 788 προσποιουμένοις
701 753 805 787 ἐρωτᾷν
815 772 822 783 ,
838 752 889 778 ποῦ

101 802 131 828 τὸ
145 802 245 829 τέλειον
262 802 290 828 ἐν
305 800 508 836 ὰνθρωπότητι,
519 799 536 834 ἢ
549 799 608 830 πῶς
628 799 782 834 ὑφέστηκεν
799 800 816 834 ἠ
829 798 890 824 καθ’

102 847 174 880 ἡμᾶς
185 846 398 880 οὐσία;Ἐπειδὴ
411 845 439 871 δὲ
454 845 502 871 καὶ
513 846 530 879 ἡ
548 845 576 870 ὲν
589 844 779 879 ἀνθρωπότητι
789 843 890 870 τελειό-

938 253 1108 279 incarnatain
1126 257 1220 286 aperte
1245 252 1355 280 dixerit.
1379 254 1419 280 Ad
1439 254 1493 281 hoc
1516 255 1726 289 respondentes.

937 298 1018 325 fateri
1037 306 1087 324 nos
1115 299 1141 325 id
1168 306 1182 324 a
1203 304 1297 326 sancto
1312 299 1415 335 Cyrillo
1439 300 1542 327 dictum
1559 309 1565 327 :
1581 301 1629 328 sed
1654 301 1726 328 idem

937 343 1006 369 nihil
1019 343 1131 370 omnino
1143 345 1286 371 sententiae
1304 349 1404 372 nostra:
1421 346 1561 379 refragari.
1579 345 1636 372 Non
1653 347 1726 373 enim

938 389 1041 416 Christi
1054 395 1179 416 naturam
1194 398 1276 417 uuam
1293 391 1461 418 incantatam
1477 392 1565 423 dixit,
1577 393 1625 419 scd
1645 400 1728 419 unam

938 441 1066 463 naturam
1082 437 1129 464 Dei
1148 437 1288 464 Sermonis
1313 438 1500 471 incarnalam;
1517 439 1646 465 videlicet
1661 438 1729 464 alte-

940 490 996 508 ram
1013 483 1087 509 illam
1104 488 1229 510 naturam
1242 483 1385 510 denotans.
1399 484 1514 518 thuod
1527 485 1640 511 alteram
1653 484 1726 510 illam

940 527 1096 562 signiﬁcare
1111 529 1240 561 voluerit,
1256 528 1320 555 dum
1334 527 1500 556 incarnatam
1519 530 1566 560 ait,
1579 537 1613 556 ex
1629 529 1661 556 iis
1673 537 1729 556 ma-

939 572 1069 599 nifestum
1086 578 1127 600 est
1141 573 1242 607 quibus
1272 574 1391 608 seipsum
1414 574 1442 600 in
1458 574 1577 600 secunda
1599 573 1633 600 ad
1656 573 1728 600 Suc-

940 624 1048 644 cessum
1064 619 1180 652 epistola
1201 619 1333 650 declarat,
1349 619 1478 652 inquiens
1493 618 1590 651 :Quod
1606 619 1627 645 si
1644 626 1728 645 unam

941 663 989 690 Dei
1017 663 1159 690 Sermonis
1190 669 1315 691 naturam
1339 665 1463 692 dicentes
1491 664 1728 693 obticuissemus,

941 717 992 736 nec
1018 709 1135 736 verbum
1166 709 1255 741 illud,
1284 711 1470 741 incantatam,
1493 709 1727 743 subjecissemus.

942 754 1065 789 adeoque
1084 755 1317 790 dispensationem
1330 755 1416 790 ipsam
1428 756 1504 782 velut
1518 756 1707 782 omisissemus
1721 763 1728 780 :

941 800 1057 827 fortasse
1078 801 1228 834 probabilis
1243 805 1317 828 esset
1342 801 1463 835 ipsorum
1485 801 1591 832 oratio,
1607 807 1730 835 quaerere

943 847 976 873 de
992 847 1074 873 nobis
1087 855 1143 881 prae
1160 855 1189 874 se
1204 847 1364 877 ferentium,
1380 846 1426 873 ubi
1445 847 1482 874 sit
1497 847 1541 874 illa
1551 847 1686 881 perfectio
1702 847 1730 873 in

101 901 162 928 της,
178 892 226 919 καὶ
242 893 292 924 τῆς
306 892 369 919 καθ’
384 892 458 927 ἡμᾶς
479 891 573 922 οὐσίας
596 891 613 926 ἡ
631 891 747 925 δήλωσις
767 889 890 916 εἰσκεκο-

943 892 1110 918 humanitate
1125 912 1132 923 ,
1164 893 1206 919 vel
1233 893 1372 927 quomodo
1396 892 1552 919 substantia
1578 900 1659 926 quam
1679 899 1729 918 nos

103 947 198 974 μισται
212 938 256 965 διὰ
270 938 301 964 τὸ
320 937 411 972 λέγειν
432 937 647 972 σεσαρκωμὲνην
659 945 665 951 ·
688 935 891 962 παυσάσθωσαν

101 984 257 1020 καλαμίνην
280 984 377 1020 ῥάϐδον
398 983 505 1014 ἑαυτοῖς
519 983 735 1017 ὑποστήσαντες.
755 981 824 1011 Τοὺς
838 979 891 1015 γὰρ

102 1031 284 1061 ἐκϐάλλοντας
294 1030 344 1064 τὴν
368 1028 524 1062 οἰκονομίαν
537 1049 544 1061 ,
568 1027 616 1054 καὶ
638 1026 824 1062 ἀρνουμένους
842 1025 891 1060 τὴν

104 1077 252 1113 σάρκωσιν,
275 1074 309 1110 ἦν
332 1075 364 1102 τὸ
387 1073 563 1108 ἐγκαλεῖσθαι
579 1073 704 1103 δικαίως,
726 1071 892 1106 ἀφαιρουμέ-

103 1131 165 1154 νους
192 1122 238 1148 τὸν
265 1121 330 1147 Υίὺν
356 1120 405 1155 τῆς
432 1120 538 1149 τελείας
559 1118 778 1153 ἀνθρωπότητος.
805 1117 835 1143 Εἰ
864 1116 892 1143 δὲ

104 1170 182 1205 ἔφην,
204 1170 232 1196 ὲν
246 1168 284 1203 τῷ
303 1167 494 1202 σεσαρκῶσθαι
511 1165 602 1199 λέγειν
620 1165 711 1196 αὐτὸν,
728 1165 819 1199 σαφής
834 1164 891 1189 ἐστι

102 1216 152 1242 καὶ
165 1214 349 1250 ἀναμφίλογος
360 1215 376 1248 ἡ
390 1212 522 1248 ὁμολογία
535 1211 593 1244 τοῦ,
606 1211 647 1238 ὅτι
663 1212 773 1245 γέγονεν
787 1209 892 1244 ἄνθρω-

105 1268 154 1293 πος
167 1270 173 1276 ·
191 1261 266 1287 οὐδὲν
278 1260 318 1286 ἔτι
341 1258 439 1286 κωλύει
465 1260 549 1290 νοεῖν,
572 1259 610 1289 ὡς
631 1255 671 1289 εἷς
692 1257 822 1291 ὑπάρχων
846 1255 892 1282 καὶ

107 1306 186 1341 μόνος
200 1306 214 1332 ὁ
234 1304 361 1340 Χριστὸς,
383 1303 464 1334 αὐτὸς
485 1303 552 1334 Θεός
575 1303 633 1328 ἐστι
656 1302 704 1328 καὶ
727 1301 869 1336 ἄνθρωπος
883 1309 890 1315 ·

102 1351 199 1386 ὥσπερ
212 1352 240 1377 ὲν
255 1351 361 1384 θεότητι
373 1349 486 1381 τέλειος,
502 1348 573 1374 οὕτω
588 1348 635 1374 καὶ
658 1349 687 1374 ἐν
701 1347 748 1373 ἀνθ
755 1347 893 1381 ρωπὸτητι

107 1397 217 1427 τέλειος.
246 1396 394 1431 Ὀρθότατα
412 1395 450 1426 δὲ,
468 1395 514 1421 καὶ
533 1394 602 1421 πάνυ
625 1393 743 1424 συνετῶς
765 1394 781 1428 ἡ
800 1393 833 1428 σὴ
847 1402 892 1420 τε·

106 1444 210 1479 λειότης
222 1443 266 1470 τον
284 1442 348 1478 περὶ
361 1441 409 1467 τοῦ
425 1441 559 1476 σωτηρίου
575 1439 679 1470 πάθους
699 1439 834 1466 ἐκτίθεται
847 1439 892 1465 λό-

107 1499 166 1524 γον,
181 1490 231 1516 οὐχ
254 1489 333 1515 αὐτὸν
357 1488 403 1514 τὴν
429 1487 560 1522 μονογενῆ
580 1487 644 1512 Υίὸν
658 1485 705 1511 τοῦ
720 1485 802 1517 Θεοῦ,
824 1485 893 1512 καθὸ

107 1537 206 1562 νοεῖται
225 1535 273 1561 καὶ
289 1534 345 1560 ἐστι
358 1533 435 1564 Θεὸς,
456 1532 551 1559 παθεῖν
565 1532 604 1563 είς
617 1531 685 1557 ἰδίαν
701 1531 781 1564 φύσιν
794 1530 828 1557 τὰ
845 1530 891 1557 τοῦ

109 1582 234 1615 σώματος
256 1577 495 1613 διισχυριζομένη·
517 1577 615 1603 παθεῖν
637 1577 665 1603 δὲ
687 1576 768 1602 αὐτὸν
793 1575 892 1610 μᾶλλον

107 1627 139 1662 τῇ
154 1627 232 1660 χοῐκῇ
246 1625 335 1659 φύσει.
351 1624 424 1649 Ἔδει
439 1623 503 1658 γὰρ,
519 1623 572 1648 ἔδει
584 1622 677 1656 σαφῶς
688 1621 830 1656 ἀμφότερα
842 1620 894 1646 σώ-

109 1671 202 1703 ζεσθαι
222 1669 261 1704 τῷ
284 1669 323 1695 ἑνὶ
336 1669 394 1695 κατ’
416 1668 546 1703 ἀλήθειαν
562 1667 629 1701 Υῖῴ,
648 1667 695 1693 καὶ
713 1666 743 1692 τὸ
777 1665 814 1700 μὴ
841 1666 894 1692 πά-

109 1725 183 1752 σχειν
207 1715 314 1747 θεῖκῶς,
331 1715 377 1740 καὶ
396 1715 425 1740 τὺ
441 1713 567 1747 λέγεσθαι
583 1712 680 1739 παθεῖν
696 1711 890 1747 ἀνθρωπίνως

109 1763 125 1797 ἡ
141 1761 221 1788 αὑτοῦ
236 1761 289 1795 γὰρ
302 1760 417 1786 πέπονθε
435 1759 513 1794 σάρξ.

942 938 1085 969 tradimus,
1104 938 1258 965 subsistat?
1274 937 1328 964 Sed
1350 939 1480 972 quoniam
1501 942 1528 965 et
1549 939 1608 972 ipsa
1630 938 1657 964 in
1679 937 1731 964 hu-

942 983 1073 1010 manitate
1087 983 1232 1018 perfectio,
1248 988 1276 1010 et
1289 983 1450 1010 substantiae
1463 992 1545 1018 quam
1565 991 1616 1010 nos
1642 983 1729 1010 tradi-

942 1036 1014 1060 mus,
1038 1028 1206 1063 signilicalio
1232 1036 1282 1064 per
1297 1029 1413 1056 verbum
1438 1029 1529 1061 istud,
1546 1030 1728 1060 incantatam,

941 1075 1142 1108 comprehensa
1152 1079 1202 1101 est
1220 1095 1226 1106 ,
1248 1075 1329 1102 inniti
1363 1075 1518 1102 arundinea
1536 1075 1634 1102 baculo
1655 1076 1729 1102 desi-

942 1124 1018 1146 nant.
1035 1120 1102 1147 Nam
1117 1120 1353 1155 dispensationem
1370 1121 1538 1156 rejicicn-tes,
1555 1126 1583 1149 et
1600 1122 1730 1148 incarna-

941 1165 1044 1192 tionem
1058 1170 1197 1200 negantes,
1214 1166 1311 1193 merito
1329 1174 1543 1199 accusaremur;
1560 1175 1610 1194 ceu
1628 1167 1727 1194 Filium

942 1211 1063 1246 perfecta
1080 1212 1250 1239 humanitate
1277 1213 1436 1246 spoliantes.
1454 1213 1489 1240 At
1503 1220 1570 1240 vero
1587 1214 1610 1240 si
1628 1213 1729 1245 dicam,

942 1257 970 1284 in
985 1265 1019 1284 eo
1046 1258 1119 1292 quod
1141 1258 1230 1292 ipsum
1256 1259 1428 1286 incarnatum
1454 1260 1529 1293 dixi,
1552 1261 1729 1295 perspicuam

943 1302 1111 1337 minimeque
1141 1303 1296 1338 ambiguam
1323 1312 1384 1331 esse
1408 1304 1631 1337 confessionem,
1655 1305 1730 1340 quod

943 1348 1025 1374 homo
1041 1350 1129 1375 factus
1141 1349 1176 1375 sit
1192 1369 1198 1380 ,
1213 1349 1281 1375 nihil
1307 1353 1350 1376 cst
1373 1350 1506 1384 amplius,
1521 1351 1594 1385 quod
1607 1351 1730 1385 cogitare

943 1397 1027 1427 vetet,
1052 1393 1191 1420 Christum
1204 1402 1289 1421 unum
1302 1399 1329 1421 et
1345 1395 1466 1428 unicum,
1484 1396 1587 1430 pariter
1602 1400 1629 1423 et
1643 1396 1728 1423 Deum

942 1443 970 1466 ct
989 1439 1129 1468 hominem
1149 1448 1228 1467 esse:
1248 1444 1278 1466 ut
1296 1440 1448 1475 perfectum
1464 1441 1490 1468 in
1511 1442 1673 1474 divinitate,
1690 1441 1730 1468 sic

943 1484 1026 1511 etiam
1042 1484 1194 1519 perfectum
1214 1486 1241 1512 in
1256 1486 1437 1513 humanitate.
1466 1487 1629 1514 Rectissime
1651 1494 1729 1518 vero,

943 1534 971 1557 et
997 1531 1144 1558 admodum
1163 1531 1271 1558 erudite.
1287 1531 1420 1565 perfectio
1447 1536 1493 1558 tua
1517 1532 1670 1560 doctrinam
1696 1533 1730 1559 de

944 1577 1070 1611 passione
1084 1577 1197 1604 salutari
1210 1578 1333 1612 exponit,
1346 1586 1408 1604 cum
1417 1586 1472 1604 non
1484 1578 1572 1612 ipsum
1583 1579 1729 1613 unigenam

942 1622 990 1650 Dei
1006 1623 1115 1655 Filium,
1135 1627 1272 1657 quatenus
1287 1623 1450 1658 intelligitur
1463 1627 1491 1650 et
1513 1628 1556 1651 est
1572 1625 1653 1656 Deus,
1668 1633 1730 1659 pas-

942 1676 1003 1696 sum
1019 1669 1046 1695 in
1067 1674 1164 1696 natura
1184 1677 1243 1702 sua,
1265 1677 1326 1704 qua:
1342 1669 1445 1696 eadunt
1462 1670 1489 1696 in
1511 1678 1627 1705 corpus,
1659 1670 1731 1698 aflir-

944 1722 1002 1741 mas
1014 1723 1020 1741 :
1031 1715 1077 1742 sed
1092 1715 1183 1750 potius
1198 1723 1261 1742 cum
1278 1720 1375 1742 natura
1391 1720 1497 1743 terrena
1512 1724 1632 1751 passum.
1645 1717 1732 1751 Opor-

946 1761 1019 1788 tebat
1032 1762 1117 1793 enim,
1135 1762 1280 1796 oportebat
1296 1766 1413 1795 utraque
1430 1763 1575 1789 manifesto
1584 1763 1657 1789 salva
1670 1770 1731 1790 esse

109 1810 158 1837 uni
175 1816 271 1843 reapse
287 1808 374 1840 Filio;
392 1812 447 1835 tum
474 1811 504 1833 ut
530 1805 683 1833 divinitatis
696 1811 823 1840 respectu
839 1813 895 1832 non
913 1813 1064 1841 pateretur,
1079 1813 1135 1836 tum
1165 1815 1195 1835 ut
1219 1809 1380 1836 humanitus
1392 1817 1452 1837 esse
1467 1817 1565 1844 passus
1576 1810 1729 1837 diceretur:

109 1857 210 1891 quippe
225 1861 289 1882 caro
308 1854 393 1888 ipsius
412 1861 490 1887 passa
505 1850 567 1878 luit.

150 1902 247 1929 Ίστέον
260 1900 297 1930 δὲ.
313 1901 353 1926 ὅτι
372 1899 479 1934 πρῶτος
497 1899 525 1924 ἐν
542 1896 690 1932 ὀρθοδόξοις
705 1897 746 1928 τὸ,
764 1897 827 1932 μίαν
844 1897 894 1931 φύ-

110 1956 151 1974 σιν
170 1947 217 1972 τοῦ
239 1945 306 1971 Θεοῦ
330 1945 415 1977 Λόγου
446 1943 667 1980 σεσαρκωμὲνην,
693 1940 768 1969 εἶπεν
784 1943 798 1969 ὁ
819 1943 895 1977 ἅγιος

110 1992 252 2028 Κύριλλος.
271 1991 314 2016 Ἐν
331 1989 480 2025 ὀρθοδόξοις
490 1989 517 2015 δὲ
535 1989 658 2023 εἴπομεν,
675 1982 768 2023 ἐπειδὴ
785 1990 799 2014 ὁ
818 1989 896 2014 Ἀπο-

109 2038 229 2072 λινὰριος
246 2035 374 2066 πολλάκις
387 2035 464 2068 ἔλεγε
478 2033 556 2060 τοῦτο
569 2041 576 2048 ⁸
593 2033 653 2059 ὅθεν
670 2034 716 2060 καὶ
736 2033 865 2068 ἐνομίσθη
882 2034 896 2059 ὁ

110 2084 187 2117 ἅγιος
206 2081 338 2116 Κύριλὶος
357 2079 430 2115 παρὰ
451 2080 505 2105 τῶν
516 2079 697 2105 ’Λνατολικῶν
727 2079 754 2105 ‘A
759 2080 895 2114 πολιναριυ

110 2128 174 2163 στὴς
189 2125 268 2158 εἶναι,
282 2127 331 2152 οὐκ
342 2124 374 2160 ἦν
387 2126 425 2153 δέ.
438 2126 506 2151 Οὐδὲ
520 2126 574 2160 γὰρ
590 2125 649 2151 δέον
663 2127 721 2151 ἐστὶ
734 2125 833 2156 πάντα,
845 2127 895 2153 ὅσα

109 2174 234 2206 λέγουσιν
246 2173 269 2198 οἱ
284 2172 427 2206 αἱρετικοὶ,
446 2171 554 2202 πάντως
578 2171 615 2206 μὴ
638 2171 763 2206 δέχεσθαι
780 2180 786 2186 ·
807 2171 843 2198 τὰ
867 2171 895 2197 δὲ

980 1898 1024 1925 ΠΙ.
1042 1898 1190 1925 Sciendum
1216 1901 1308 1925 autem
1332 1897 1450 1932 primum
1477 1897 1549 1924 inter
1563 1898 1732 1928 ortltodoxos

946 1942 1078 1978 Cyrillum
1093 1943 1239 1978 protulisse
1258 1944 1371 1971 verbum
1399 1944 1483 1971 illud:
1502 1952 1582 1971 unam
1604 1949 1732 1974 naturam

946 1988 995 2015 Dei
1017 1988 1158 2016 Sermonis
1180 1990 1360 2017 incarnatam.
1384 1990 1459 2016 Inter
1482 1990 1650 2018 orthodoxos
1665 1992 1733 2020 dici-

945 2041 1007 2061 mus
1039 2033 1168 2069 quoniam
1186 2035 1285 2070 saepius
1316 2035 1370 2062 hoc
1390 2035 1545 2069 Apolinaris
1572 2037 1731 2072 repetebat;

947 2079 1019 2106 unde
1032 2080 1146 2111 factum,
1165 2084 1196 2106 ut
1213 2084 1323 2107 sanctus
1336 2080 1456 2116 Cyrillus
1472 2088 1520 2115 pro
1548 2081 1733 2115 Apolinarista

947 2126 983 2152 sit
1000 2125 1111 2153 habitus
1127 2125 1161 2152 ab
1178 2125 1383 2158 Orientalibus,
1413 2134 1476 2153 cum
1502 2126 1564 2153 talis
1577 2135 1632 2154 non
1648 2131 1730 2154 esset.

945 2171 1002 2198 Nec
1019 2170 1093 2198 enim
1112 2178 1224 2198 necesse
1243 2176 1285 2198 est
1304 2172 1395 2198 omnia
1408 2192 1415 2204 ,
1439 2180 1612 2207 quacunque
1637 2173 1734 2200 dicunt

109 2219 183 2245 κακὰ
210 2218 422 2245 ἀποϐάλλεσθαι.
454 2217 648 2253 Παραφέρουσι
673 2218 701 2244 δὲ
732 2218 779 2245 καὶ
799 2219 892 2253 ἑτέραν

948 2216 1081 2249 ιιιητθιίοὶ,
1095 2217 1209 2243 omnino
1224 2225 1279 2244 non
1297 2218 1422 2250 admitti;
1441 2219 1511 2245 mala
1525 2218 1638 2252 quidem
1656 2219 1733 2254 rejici

109 2266 210 2300 χρῆσιν
229 2265 266 2296 ὡς
284 2265 337 2290 ἀπὸ
354 2264 401 2290 τοῦ
420 2264 556 2298 μακαρίου
577 2263 699 2294 Ἰουλίου,
716 2265 845 2299 κειμένην
864 2266 892 2292 ἐν
907 2291 911 2298 ,

108 2312 142 2345 τῇ
158 2309 225 2345 πρὸς
241 2310 378 2336 Διονύσιον
391 2310 436 2335 τὸν
451 2309 581 2344 Κορίνθου
594 2309 742 2335 ἐπίσκοπον
753 2310 891 2345 ἐπιστολῇ,

107 2354 142 2392 ἦς
160 2356 270 2392 ἡάρχὴ,
285 2354 424 2389 Θαυμάζω
449 2355 673 2388 πυνθανόμενος
699 2356 767 2387 περί
794 2363 892 2383 τινων.

108 2403 163 2430 Καὶ
176 2402 249 2428 ἐστιν
267 2403 283 2436 ἡ
300 2402 395 2436 χρῆσις
414 2400 525 2435 τοιαύτη
539 2410 545 2415 ·
569 2400 690 2435 Ἀνάγκη
701 2402 765 2435 γὰρ,
787 2400 833 2426 δύο
847 2401 892 2426 λέ-

107 2456 209 2484 γοντας
232 2447 331 2478 αὐτοὺς
355 2446 460 2480 φύσεις,
479 2447 528 2481 τὴν
544 2447 591 2481 μὲν
610 2448 782 2482 προσκυνεῖν.
800 2447 848 2482 τὴν
865 2448 892 2473 δὲ

109 2495 148 2530 μὴ
166 2494 330 2530 προσκυνεῖν
344 2501 351 2507 ·
365 2493 411 2519 καὶ
427 2493 466 2524 εἰς
489 2492 537 2527 μὲν
555 2492 629 2520 θείαν
645 2494 834 2528 βαπτίζεσθαι,
853 2496 893 2525 εἰς
915 2521 918 2523 λ

106 2540 136 2567 δὲ
156 2540 204 2574 τὴν
228 2539 403 2574 ἀνθρωπίνην
426 2538 463 2572 μὴ
487 2537 688 2571 βαπτίζεσθαι·
709 2539 756 2564 καὶ
769 2539 850 2573 ἕτερα
865 2539 893 2564 οὲ

107 2586 192 2613 πολλὰ
207 2587 294 2612 κεῖται
310 2587 338 2611 ἐν
354 2585 386 2619 τῇ
403 2584 530 2618 ἐπιστολῇ
554 2583 649 2619 ταύτῃ.
676 2584 770 2618 Ἡμεῖς
791 2585 817 2611 δὲ
838 2584 892 2610 ἀπὸ

107 2631 212 2658 πολλῶν
226 2631 410 2665 διελέγχομεν,
425 2629 462 2664 μὴ
481 2627 552 2656 εἶναι
571 2631 619 2662 τὴν
635 2630 778 2664 ἐπιστολὴν
793 2630 892 2665 ταύτην

105 2677 153 2704 τοῦ
169 2677 303 2712 μακαρίου
325 2676 445 2705 Ἰουλίου,
460 2675 528 2702 ἀλλὰ
541 2674 588 2701 τοῦ
603 2675 800 2709 Ἀπολιναρίου.
812 2676 891 2710 Πρῶ-

105 2730 152 2748 τον
165 2721 224 2756 μὲν,
242 2722 282 2748 ὅτι
298 2722 323 2747 εῖ
338 2730 378 2752 τις
392 2720 513 2756 ἀκριϐῶς
529 2720 670 2754 σκοπήσοι,
690 2720 765 2745 οὐδὲν
780 2721 892 2754 φέρεται

106 2765 154 2792 τοῦ
172 2766 307 2800 μακαρίου
330 2766 451 2792 Ἰουλίου.
476 2765 556 2791 Ἀλλὰ
576 2767 623 2791 καὶ
641 2765 668 2791 cl
691 2765 759 2790 ἑπτὰ
783 2766 892 2791 ἐπιστο-

105 2810 162 2842 λαὶ,
176 2809 209 2840 ἃς
223 2809 346 2843 λέγουσιν
367 2810 435 2836 εῖναι
452 2811 545 2842 αὑτοῦ,
566 2811 610 2836 τοῦ
639 2810 825 2846 ’Λπολιναρίου
853 2813 891 2837 εἰ-

107 2856 162 2884 σίν.
181 2855 305 2888 Ἔπειτα,
319 2856 358 2882 ὅτι
376 2856 504 2892 μνησθεὶς
523 2858 550 2882 ἐν
563 2857 630 2892 αὐτῇ
645 2858 675 2891 τῇ
694 2857 818 2892 ἐπιστολῇ
836 2857 889 2883 σώ-

948 2260 1060 2287 dehent.
1072 2261 1197 2288 Atl'erunt
1206 2261 1280 2288 aliud
1293 2261 1524 2296 quoquedictum,
1538 2262 1614 2289 velut
1626 2270 1642 2289 a
1654 2263 1732 2289 beato

946 2306 1019 2332 Julio
1028 2306 1191 2340 profectum.
1205 2306 1278 2341 quod
1291 2308 1405 2334 exsistat
1417 2307 1445 2334 in
1458 2308 1576 2341 epistola
1586 2308 1687 2342 scripta
1698 2308 1732 2335 ad

948 2351 1107 2386 Dionysium
1122 2352 1247 2378 Corinthi
1263 2353 1431 2388 episcopum,
1447 2353 1526 2388 cujus
1543 2353 1650 2380 initium
1667 2358 1709 2380 est
1723 2363 1730 2381 :

946 2397 1029 2423 Miror
1041 2398 1072 2423 de
1084 2397 1242 2432 quibusdam
1262 2398 1382 2425 audiens.
1399 2398 1502 2433 Estque
1518 2398 1620 2425 dictum
1636 2399 1732 2434 hujus-

946 2443 1053 2470 cemodi
1069 2452 1075 2470 :
1090 2443 1207 2471 Necesse
1217 2447 1327 2478 esteos,
1342 2452 1404 2471 cum
1420 2444 1488 2471 duas
1498 2449 1611 2471 naturas
1625 2445 1729 2477 dicunt,

947 2497 1028 2516 unam
1044 2488 1159 2516 adorare
1170 2509 1177 2522 ,
1205 2489 1319 2516 alteram
1334 2497 1389 2516 non
1406 2489 1543 2522 adorare;
1568 2497 1601 2516 ac
1618 2490 1644 2516 in
1659 2490 1731 2517 divi-

945 2545 1008 2563 nam
1023 2536 1134 2571 quidem
1150 2537 1296 2572 baptizari,
1310 2541 1338 2564 at
1361 2538 1389 2564 in
1407 2537 1555 2564 humanam
1569 2545 1625 2564 non
1641 2537 1730 2572 bapti-

945 2582 1000 2608 zari
1016 2590 1023 2608 :
1038 2582 1146 2616 aliaque
1172 2581 1249 2616 plura
1273 2581 1367 2608 isthaac
1387 2581 1502 2616 epistola
1527 2582 1660 2609 continet.
1676 2582 1730 2610 Sed

945 2635 996 2655 nos
1008 2627 1177 2662 argumentis
1192 2626 1320 2661 pluribus
1334 2627 1527 2654 convincimus
1538 2647 1545 2659 ,
1576 2635 1630 2654 non
1655 2627 1729 2655 illam

944 2674 1087 2709 epistolam
1111 2680 1171 2700 esse
1198 2673 1271 2700 beati
1302 2673 1376 2699 illius
1394 2672 1459 2701 Julii
1474 2693 1481 2705 ,
1499 2673 1547 2700 sed
1563 2673 1728 2708 Apolinaris.

944 2719 1066 2746 Primum
1082 2727 1115 2746 ex
1132 2727 1166 2746 eo
1189 2719 1262 2754 quod
1281 2719 1304 2746 si
1327 2718 1390 2754 quis
1405 2727 1464 2746 eam
1478 2719 1619 2746 subtiliter
1636 2719 1729 2745 consi-

944 2765 1037 2795 deret.
1052 2765 1121 2791 nihil
1135 2765 1245 2792 Juliano
1260 2765 1372 2800 dignum
1395 2765 1506 2792 nomine
1522 2764 1623 2791 habeat
1638 2773 1644 2790 ι
1662 2763 1729 2798 quin

942 2817 969 2839 et
978 2817 1085 2847 septem
1098 2813 1150 2840 illm
1164 2813 1287 2847 epistola:
1299 2821 1368 2848 quas
1380 2814 1440 2848 ejus
1452 2820 1511 2840 esse
1524 2812 1629 2842 dicunt,
1656 2811 1729 2845 Apo-

943 2859 1037 2885 linaris
1057 2863 1130 2885 sunt.
1147 2859 1261 2892 Deinde,
1286 2859 1359 2893 quod
1377 2860 1404 2886 in
1422 2858 1517 2885 eadem
1534 2856 1651 2892 epistola
1665 2863 1727 2883 corn
