1973 3098
142 158 205 191 2257

747 161 795 190 DE
815 160 955 190 SECTIS.
977 172 1011 177 —
1029 161 1110 191 ACT.
1131 161 1181 190 IX.

1697 163 1764 195 ιὲεκς

138 217 237 253 ἤγαγεν
257 216 341 252 αὐτὴν
361 217 375 243 ὁ
389 217 525 251 μακάριος
540 216 673 252 Κύριλλος
687 217 758 243 κατὰ
772 217 921 252 Θεοδώρου,

976 217 1050 252 quod
1065 217 1162 245 beatus
1179 218 1296 253 Cyrinus
1315 218 1380 246 illud
1397 224 1491 246 contra
1516 219 1691 247 Theodorum
1710 229 1763 247 non

139 263 181 290 καὶ
200 262 324 290 ἐντεῦθεν
337 263 425 297 δῆλον.
440 261 612 298 Θεοδώρητος
627 263 681 298 γὰρ
697 263 767 297 ὑπὲρ
783 263 920 298 Θεοδώρου

137 309 231 344 λέγων,
252 309 414 344 ἀνατρέπων
428 309 518 339 πασας
540 308 590 340 τὰς
613 309 736 344 χρήσεις,
762 309 827 340 ὅσας
851 317 921 344 παρ-

138 357 222 392 ήγαγε
235 357 293 383 κατ’
311 355 392 383 αὐτοῦ
406 357 420 382 ὁ
432 356 509 390 ἅγιος
522 355 656 391 Κύριλλος
681 355 735 382 ἀπὺ
756 356 811 382 τῶν
837 356 922 390 ἁγίων

137 404 274 438 Πατέρων,
288 403 406 438 οὐδαμοῦ
423 403 524 437 ταύτης
544 404 593 437 τῆς
619 402 745 437 χρήσεως
775 403 921 438 μέμνηται.

143 448 220 475 Ἀλλὰ
237 449 345 482 λέγουσι
368 449 435 483 πρὸς
456 448 546 480 τοῦτο,
577 449 619 475 ὅτι
648 449 811 483 κακούργως
838 449 922 483 αὐτὴν

137 496 281 531 παρείασεν
305 495 503 530 ὁΘεοδώρητος
517 503 523 510 ·
543 495 579 530 μὴ
608 494 755 528 δυνάμενος
780 496 834 530 γὰρ
855 495 923 530 πρὸς

137 543 218 577 αὐτὴν
231 542 404 576 ἀντιϐλέψαι,
421 542 458 573 ὡς
472 542 543 568 πάνυ
560 542 692 577 φανερὰν,
708 541 780 568 ἑκὼν
800 541 925 576 παρέλει-

136 582 183 614 πεθκ
199 589 294 624 αὑτήν.
314 588 385 624 Πρξις
408 588 487 614 τοῦτο
513 588 640 622 λέγομεν,
667 588 708 614 ὅτι
736 587 863 614 τοσοῦτον
892 587 922 614 οὐ

136 635 311 669 παρέδραμεν
327 635 412 669 αὐτὴν
429 635 560 669 κειμένην
578 635 646 667 ἐκεῖ⁷
667 635 708 661 ὅτι
721 634 767 660 τοῦ
787 635 922 669 μακαρίου

136 680 268 716 Κυρίλλου
286 682 315 707 ὲν
331 680 420 712 ἄλλοις
438 681 675 716 εἰρηκότος,¹Αλλὰ
696 681 759 716 μίαν
777 680 858 715 φύσιν
877 680 923 707 τοῦ

136 727 200 754 Θεοῦ
212 728 300 761 Λόγου
316 729 528 763 σεσαρκωμὲνην
540 749 547 761 ,
563 729 585 754 εἰ
603 728 660 763 ᾔδη
679 728 728 762 τὴν
745 728 842 762 χρῆσιν
857 727 924 753 ταώ-

135 783 182 810 την
200 774 330 810 κειμένην
346 776 421 809 παρὰ
446 775 484 810 τῷ
506 775 632 809 μακαρίῳ
653 774 791 810 Κυρίλλῳ,
810 775 847 805 ὡς
870 774 924 800 ἀπο

134 822 179 849 τοῦ
196 822 274 855 ἁγίου
297 821 456 848 Ἀθαναττίου
477 821 699 856 προενεχῦεῐσαν,
715 821 765 847 οὐκ
790 821 822 846 ἂν
839 820 924 852 οὕτως

135 868 246 905 ἀμαθῶς
262 869 374 904 ἔμελλεν
392 869 480 895 εἰπεῖν
493 876 499 882 ·
517 868 564 899 Τίς
580 877 620 894 σοι
634 867 687 894 τῶν
707 867 837 902 [Ιῖτέρων
862 865 922 893 εἷπε

975 263 1156 297 produxerit,
1172 271 1206 290 ex
1229 271 1262 291 co
1279 272 1388 299 quoque
1415 265 1591 292 manifestum
1617 270 1669 292 est.
1697 265 1762 292 Nam

974 309 1168 336 Theodoretus
1182 309 1228 344 qui
1240 309 1414 337 Theodorum
1431 311 1606 342 defendebat,
1621 311 1764 338 universas

974 355 1153 382 auctoritates
1169 356 1307 387 refutans,
1325 364 1504 391 quascunque
1518 361 1630 384 sanctus
1645 357 1763 392 Cyrillus

974 405 1070 428 contra
1087 401 1263 428 Theodorum
1287 402 1320 428 de
1336 402 1439 429 sanctis
1453 402 1579 430 Patribus
1593 404 1763 438 protulerat.

973 454 1109 481 nusquam
1123 447 1207 482 hujus
1217 448 1283 475 dicti
1298 448 1433 476 meminit.
1445 449 1479 475 At
1489 449 1562 476 enim
1572 449 1616 476 isti
1630 449 1762 480 referunt.

975 500 990 519 a
1005 492 1181 521 Theodoreto
1195 494 1292 520 callide
1305 494 1449 521 omissum.
1465 494 1542 527 Quod
1554 496 1626 522 enim
1642 495 1764 522 adversis

973 546 1034 566 eam
1050 539 1243 566 auctoritatem
1259 540 1347 567 oculis
1364 540 1486 574 aspicere
1512 549 1565 567 non
1593 546 1686 576 posset
1700 562 1706 574 ,
1734 547 1765 568 ιιι

974 584 1122 611 admodum
1139 586 1249 620 planam
1274 591 1301 612 et
1322 591 1442 620 apertam
1455 607 1463 617 ,
1480 586 1583 613 idcirco
1606 593 1703 621 sponte
1729 589 1764 614 ah

975 631 1034 666 ipso
1051 632 1274 666 prtetermissam.
1291 632 1501 666 Respondemus
1512 653 1518 664 ,
1540 637 1644 660 tantum
1668 634 1764 660 abesse

975 682 1006 704 ut
1017 685 1076 704 eam
1090 677 1280 704 Thcodoretus
1292 677 1328 704 ibi
1343 678 1457 713 positam
1472 679 1613 713 praeterire
1630 680 1745 706 voluerit
1757 701 1763 710 ,

975 728 1077 750 uteum
1093 723 1190 750 beatus
1207 723 1252 750 ille
1265 723 1383 758 Cyrillus
1396 724 1460 751 alibi
1477 724 1604 757 di\issct,
1619 725 1705 752 Unam
1719 734 1764 752 na-

976 774 1063 796 turam
1080 770 1128 797 Dei
1149 770 1290 797 Sermonis
1303 771 1472 798 ineat-natant
1484 792 1491 803 ,
1509 772 1531 798 si
1547 772 1657 807 quidem
1672 773 1767 801 scivis-

975 821 1017 843 set
1034 816 1226 843 Theodoretus
1242 816 1268 843 id
1289 817 1405 844 verbum
1433 818 1506 852 quod
1537 819 1609 853 apud
1633 819 1765 854 Cyrillum

975 868 1078 894 exstat,
1094 871 1127 890 ex
1149 868 1243 891 sancto
1258 864 1409 892 Athanasio
1431 865 1544 892 citatum
1559 886 1566 898 ,
1592 874 1765 902 nequaquam

137 916 199 952 μίαν
214 916 295 951 φύσιν
309 915 357 942 τοῦ
380 915 446 942 Θεοῦ
465 915 551 948 Λόγου
580 914 791 949 σεσαρκωμὲνην
807 923 813 947 ;
845 913 923 939 Ἀλλὰ

976 910 1043 936 adeo
1056 914 1158 937 temere
1170 910 1296 937 dicturus
1313 910 1493 944 fuerit2Quis
1504 912 1552 939 tibi
1568 913 1680 940 Patrqu
1697 914 1765 940 dixit

135 963 240 997 λέγουσι
255 963 346 994 πάλιν,
360 963 401 989 ὄτι
422 962 548 988 τοσοῦτον
574 961 632 996 ᾔδει
663 961 747 996 αὐτὴν
773 960 922 995 εἰρημένην

135 1009 171 1044 τῷ
188 1009 258 1044 ἁγίῳ
278 1009 438 1044 Ἀϐανασίῳ.
455 1009 495 1034 ὅτι
513 1006 589 1033 εἶπεν
606 1016 612 1022 ·
640 1008 683 1038 Ὠς
708 1009 731 1034 οἱ
749 1008 868 1042 Πατέρες
885 1007 924 1033 εὶ-

136 1056 245 1091 ρήκασι.
268 1054 338 1089 Πρὸς
358 1053 438 1080 τοῦτο
450 1053 576 1087 λέγομεν,
590 1052 631 1078 ὅτι
650 1053 764 1084 ἕκαστος
780 1052 888 1078 σπεύδει
905 1053 923 1079 ἃ

135 1102 206 1135 λέγει
234 1101 320 1133 δεῖξαι
343 1101 406 1131 τοὺς
429 1099 555 1134 Πατέρας
581 1098 737 1133 εἰρηκότας.
765 1099 789 1125 εἰ
816 1099 863 1125 καὶ
884 1099 922 1134 μὴ

135 1147 284 1179 αὐτολεξεὶ,
300 1147 368 1172 ἀλλὰ
383 1146 507 1181 δυνάμει.
525 1145 719 1181 Παραφέρουσι
736 1145 764 1171 δὲ
776 1145 822 1171 καὶ
838 1144 923 1179 ἄλλην

134 1194 230 1228 χρῆσιν
245 1192 298 1218 ἀπὸ
318 1191 466 1226 Ἐρεχθίου,
490 1191 564 1222 ὅστις
589 1190 716 1217 οὐδέποτε
740 1189 861 1225 ¹ἠκούσθη
883 1191 923 1221 εἰς

135 1240 271 1273 Πατέρας,
297 1237 344 1267 καὶ
371 1237 509 1269 τοσοῦτον,
536 1237 577 1263 ὅτι
609 1235 742 1271 Τιμοθέου
769 1235 922 1270 γράψαντος

135 1286 205 1312 κατὰ
220 1285 271 1318 τῆς
290 1283 412 1315 συνόδου,
442 1283 489 1309 καὶ
516 1282 724 1316 παραγαγόντος
747 1283 845 1316 χρῆσιν
869 1281 922 1307 ἀπὸ

141 1330 294 1366 Ἐρεχοίου,
320 1328 411 1363 Κύρος
438 1327 452 1354 ὁ
473 1328 571 1356 οἰκεῖος
602 1326 790 1362 πρεσὸὑτερος
820 1325 922 1361 ἔγραψε

134 1378 201 1412 προς
215 1376 307 1406 αὑτῖν,
321 1375 362 1401 ὅτι
380 1373 493 1400 Ἥοελόν
508 1382 537 1399 σε
561 1373 761 1408 διορθώσασθαι
779 1372 867 1400 τοῦτο.
895 1372 923 1400 Ὀ

134 1424 186 1459 γὰρ
215 1422 351 1458 Ἐρὲχθιος
378 1420 504 1448 οὐδέποτε
526 1419 646 1456 ἠκούσθη
667 1420 706 1451 εἰς
722 1420 856 1455 Ματέρας.
878 1419 924 1446 Ἐν

134 1470 236 1501 τούτοις
248 1471 263 1505 ἡ
281 1469 391 1504 Θεωρία.

977 965 1058 983 unam
1072 961 1197 983 naturam
1210 957 1258 984 Dei
1276 956 1419 985 Sermonis
1436 958 1605 985 inearnatam
1615 959 1626 985 ?
1638 959 1764 986 Vicissim

976 1003 1122 1038 ingerunt,
1154 1008 1208 1030 tam
1227 1011 1288 1030 esse
1306 1008 1412 1031 eertum
1427 1025 1433 1035 ,
1449 1004 1563 1031 scivisse
1588 1005 1628 1032 sic
1642 1006 1764 1032 locutum

975 1049 1174 1081 Athanasium,
1191 1053 1221 1076 ut
1233 1049 1316 1076 etiam
1328 1050 1428 1077 dixerit
1445 1060 1450 1077 :
1467 1050 1703 1084 Quemadmodum
1719 1053 1766 1080 Pa-

976 1102 1032 1125 tres
1043 1098 1127 1125 locuti
1139 1103 1215 1125 sunt.
1232 1098 1288 1126 Nos
1301 1103 1396 1126 contra
1407 1107 1545 1134 quemque
1554 1099 1673 1127 dicimus
1686 1101 1764 1131 eniti,

975 1149 1006 1170 ut
1022 1144 1149 1170 ostendat
1163 1152 1177 1171 a
1191 1144 1322 1172 Patribus
1338 1151 1370 1171 ea
1386 1144 1491 1179 prolata
1507 1150 1568 1179 qua:
1590 1145 1647 1179 ipse
1662 1145 1762 1175 tradat.

974 1188 997 1216 si
1015 1197 1070 1215 non
1086 1189 1183 1216 iisdem
1198 1190 1300 1222 verbis,
1316 1190 1412 1217 saltem
1432 1190 1458 1217 vi
1483 1191 1631 1218 verborum
1656 1192 1763 1220 eadem.

976 1234 1134 1262 Producunt
1151 1240 1178 1262 et
1191 1235 1273 1263 aliam
1286 1236 1479 1264 auctoritatem
1491 1245 1523 1264 ex
1542 1237 1703 1269 Erechthio.
1715 1245 1767 1265 eu-

972 1281 1017 1316 jus
1033 1281 1105 1309 inter
1121 1282 1216 1309 Patres
1236 1289 1286 1309 nec
1307 1282 1432 1309 auditum
1446 1286 1488 1309 est
1503 1291 1622 1318 unquam
1639 1291 1739 1311 nomen
1757 1293 1763 1299 ·

975 1327 1043 1355 adeo
1060 1328 1183 1362 quidem,
1206 1333 1236 1356 ut
1261 1337 1323 1356 cum
1336 1329 1499 1356 Timotheus
1519 1334 1613 1356 contra
1630 1329 1764 1365 synodum

975 1373 1176 1408 scripsisset,et
1184 1375 1378 1402 auctoritatem
1385 1374 1528 1402 Erechthii
1541 1375 1652 1402 citasset
1661 1396 1667 1407 ,
1678 1375 1765 1410 Cyrus

975 1419 1023 1455 qui
1043 1420 1114 1455 apud
1129 1420 1218 1455 ipsum
1233 1421 1385 1456 presbyteri
1400 1421 1461 1448 loco
1474 1425 1562 1453 esset,
1586 1421 1630 1448 his
1650 1421 1683 1448 ad
1701 1429 1764 1448 eum

976 1467 1070 1494 verbis
1095 1467 1311 1502 perscripserit:
1328 1467 1435 1495 Mallem
1463 1467 1516 1494 hoc
1550 1471 1576 1495 te
1613 1467 1763 1502 corrigere.

976 1511 1042 1538 Nam
1060 1511 1200 1539 Erechthii
1228 1520 1328 1539 nomen
1354 1513 1425 1540 inter
1437 1513 1531 1540 Patres
1554 1513 1678 1541 auditum
1694 1521 1765 1540 nun-

975 1565 1057 1592 quam
1074 1557 1134 1584 luit.
1156 1558 1218 1584 Haec
1231 1558 1432 1586 consideranda
1448 1558 1605 1586 veniebant.

133 1672 318 1703 Recitantur
331 1669 469 1710 quadam
481 1670 574 1701 verba
586 1670 698 1709 synodi
711 1670 982 1708 Chalcedonensis,
999 1681 1066 1711 qum
1081 1672 1235 1710 putabunt
1250 1673 1438 1704 Ilrrsitantes
1448 1684 1510 1705 sum
1521 1675 1630 1706 hmrrsi
1643 1678 1761 1716 furere.

433 1734 557 1761 ΠΡΑΞΙΣ
585 1734 622 1760 Θ¹.

176 1782 285 1817 Ἐπειδὴ
300 1781 328 1808 δὲ
346 1781 391 1808 καὶ
405 1781 505 1813 λέξεών
522 1790 603 1807 τινων
623 1781 805 1816 πραττόμενοι
826 1781 857 1807 ἐκ
876 1780 921 1808 τοῦ

133 1829 197 1864 ὅρου
213 1829 263 1863 τῆς
282 1828 402 1860 συνόδου,
421 1827 652 1861 ἐπιλαμϐάνονται
668 1827 753 1861 αὐτῆς
767 1835 774 1841 ”
794 1827 862 1862 φέρε
877 1827 923 1853 καὶ

133 1877 235 1908 ταύτας
253 1877 404 1910 ὲκΟέμενοι,
423 1874 470 1901 καὶ
500 1873 557 1905 πῶς
582 1873 813 1908 ἐπιλαμϐάνονται
834 1872 923 1899 αὐτῶν

134 1924 268 1954 είπόντες,
281 1922 394 1956 ὕστερον
409 1922 458 1952 τὰς
488 1920 555 1955 πρὸς
579 1919 680 1950 ταύτας
698 1919 855 1954 ἀνατροπὰς
879 1919 925 1944 ὲπ-

132 1970 292 2004 αγάγωμενι.
310 1968 365 2002 Τῆς
391 1967 500 1994 συνόδου
523 1966 613 1992 τοίνυν
640 1965 769 1999 εἰπούσης
786 1973 792 1980 ·
825 1964 924 2000 Ἤρκει

135 2015 186 2050 μὲν
199 2013 246 2041 οὖν
266 2015 304 2045 εἰς
322 2013 415 2047 ἐντελῆ
431 2013 480 2047 τῆς
495 2012 637 2042 εὐσεϐείας
655 2012 804 2045 ἐπίγνωσιν
824 2011 854 2037 τὸ
882 2019 924 2037 σο-

133 2061 184 2096 φὸν
199 2062 278 2087 τοῦτο
289 2060 335 2087 καὶ
348 2060 481 2094 σωτήριον
494 2059 542 2093 τῆς
559 2059 634 2089 θείας
650 2058 762 2093 χάριτος
778 2057 922 2092 σύμῦολονο

132 2107 197 2142 περί
212 2115 241 2132 τε
257 2106 311 2141 γὰρ
339 2105 386 2132 τοῦ
416 2104 532 2139 ΙΙατρδς,
561 2104 607 2130 καὶ
633 2104 680 2130 τοῦ
704 2102 779 2134 Υἱοῦ,
806 2102 852 2129 καὶ
876 2102 923 2128 τοῦ

133 2153 212 2187 ἁγίου
231 2153 386 2188 Πνεύματος
403 2151 556 2178 ἐκδιδάσκει
570 2151 600 2177 τὸ
616 2151 728 2182 τέλειον,
744 2150 791 2176 καὶ
807 2149 854 2176 τοῦ
870 2149 925 2175 Κυ-

134 2199 193 2236 ρίου
210 2199 259 2234 τὴν
273 2197 479 2232 ἐνανθρώπησιν
495 2198 551 2228 τοῖς
567 2197 669 2227 πιστῶς
681 2195 835 2230 δεχομένοις
852 2203 923 2230 παρ-

133 2247 251 2279 ίστησιν.
272 2244 348 2270 Ἔστι
363 2244 390 2269 is
406 2244 466 2269 λίαν
494 2242 650 2277 ὐπόψυχρος
665 2243 680 2276 ὴ
697 2240 824 2274 ἐπιλαὸἠ.
844 2241 923 2276 Πρῶ-

131 2303 178 2321 τον
197 2284 244 2328 μὲν
256 2294 309 2328 γὰρ
323 2292 449 2318 τοσοῦτον
464 2291 493 2317 οὐ
524 2291 618 2326 φρονεῖ
644 2288 678 2316 τὰ
695 2288 854 2324 Νεστορίου,
884 2288 925 2314 ὃτι

139 2342 267 2375 Ἰωάννης
295 2348 336 2370 τις
358 2338 497 2372 Ᾱὶγεὼτης
523 2336 707 2372 πρεσϐύτερος
731 2334 922 2370 Νεστοριανδς.

132 2384 388 2422 ἐπιλαμϐανόμενος
405 2385 455 2417 τῆς
469 2383 578 2409 συνόδου
596 2382 688 2416 φησὶν,
707 2382 748 2408 ὅτι
773 2380 841 2415 αὕτη
862 2380 922 2406 σύν-

130 2434 192 2464 οδος
209 2431 374 2466 Κυριλλιανή
390 2431 457 2458 ἐστι,
474 2429 522 2455 καὶ
541 2429 576 2455 τὰ
591 2428 695 2454 ἐκείνου
718 2428 821 2462 φρονεῖ.
843 2427 875 2453 Εἰ
895 2426 922 2452 δὲ

127 2476 166 2514 ἦν
195 2474 384 2511 Νεστοριανη,
411 2474 460 2499 οὐκ
486 2472 519 2499 ἂν
547 2473 625 2499 τοῦτο
651 2470 724 2508 εἶχεν
750 2472 764 2498 ὁ
797 2471 923 2505 Ἰωάννης

129 2525 232 2551 εἰπεῖν.
253 2523 370 2548 Ἔπειτα
385 2521 409 2547 εἰ
420 2520 474 2546 ἀπὸ
490 2519 543 2545 τῶν
557 2519 683 2545 τοιούτων
695 2519 794 2552 λέξεων
807 2518 924 2552 ἐπιλαμ-

129 2571 260 2599 ϐάνονται
277 2571 327 2605 τῆς
343 2567 463 2598 συνόδου,
479 2563 551 2593 διατί
567 2566 604 2600 μὴ
617 2565 663 2592 καὶ
678 2566 730 2592 τῶν
757 2566 842 2600 ἁγίων
869 2566 925 2592 Πα-

128 2618 220 2652 τέρων
239 2614 492 2650 ὲπιλαμὸἀνονται;
513 2611 568 2638 Καὶ
586 2611 662 2638 αὐτοὶ
687 2610 741 2646 γὰρ
761 2611 846 2638 πολλὰ
870 2620 925 2637 τοι-

128 2661 204 2688 αῦτα
214 2659 353 2694 εἰρήκασι.
373 2657 443 2691 Φησὶ
457 2657 511 2691 γὰρ
525 2657 539 2682 ὀ
556 2655 690 2691 μακάριος
703 2655 835 2691 Κύριλλος
847 2657 875 2683 ἐν
885 2655 924 2691 τῷ

128 2707 174 2738 εἰς
187 2704 326 2740 Ζαχαρίαν
340 2704 385 2730 τὸν
403 2703 546 2738 προφήτην
564 2702 750 2737 ὑπομνήματι,
764 2699 794 2728 οὗ
811 2703 827 2737 ἡ
839 2702 923 2737 ἁρχὴ,

128 2751 317 2786 Προφητεύει
334 2751 392 2785 μὲν
405 2751 421 2777 ὁ
435 2749 519 2784 ἅγιος
546 2750 706 2783 Ζαχαρίας,
721 2749 819 2780 οὓτως·
833 2749 880 2775 Δεῖ
894 2748 925 2784 δὴ

127 2799 189 2834 ἄρα
204 2795 250 2823 οὖν
265 2795 392 2822 τοιούτων
408 2796 570 2830 ἁποεροιτᾷν,
584 2795 632 2821 καὶ
655 2795 691 2827 ὡς
719 2795 751 2821 ἐκ
775 2795 827 2829 γῆς
851 2794 926 2821 ἀλλο-

125 2844 213 2883 τρίας
229 2843 277 2878 τῆς
293 2842 489 2876 ἀπεψυγμένης
508 2842 554 2868 καὶ
568 2842 669 2876 νεκρᾶς
694 2841 739 2867 τοῦ
765 2841 811 2868 νοῦ
837 2840 927 2867 διαοέο

128 2900 204 2924 seu);
223 2889 392 2926 μεταφοιτᾷν
407 2889 446 2920 είς
459 2888 539 2921 Σιὼν,
555 2888 628 2915 τοῦτ’
645 2889 718 2915 ἐστιν
745 2890 785 2920 εἰς
807 2889 837 2915 τὸ
861 2889 927 2924 ἁλη-

277 2938 411 2969 PA'l'ltUL.
434 2938 491 2969 Gn.
516 2937 671 2969 LXXXVI.

1267 1735 1369 1762 ACTIO
1399 1736 1444 1762 IX.

1010 1780 1078 1813 Quia
1094 1788 1158 1808 vero
1176 1788 1258 1808 voces
1286 1781 1368 1808 etiam
1396 1782 1543 1810 nonnullas
1570 1785 1709 1819 carpendo
1731 1786 1764 1812 de

975 1827 1072 1862 synodi
1093 1826 1253 1854 deﬁnitione
1264 1847 1271 1857 ,
1287 1828 1420 1862 synodum
1435 1828 1520 1863 ipsam
1535 1831 1739 1864 reprehendunt
1757 1841 1763 1858 :

976 1878 1073 1908 age,et
1086 1873 1141 1900 iliis
1150 1873 1292 1908 expositis,
1309 1874 1354 1900 ubi
1368 1875 1598 1908 quemadmodum
1613 1885 1659 1904 eas
1669 1886 1764 1913 repre-

975 1920 1115 1951 hendant,
1147 1920 1380 1953 indicaverimus;
1400 1921 1435 1948 ita
1459 1921 1559 1949 deinde
1584 1922 1765 1952 refutatiuncs

976 1971 1085 1993 nostras
1097 1966 1286 2001 subjiciamus.
1308 1966 1409 2002 Synodi
1424 1967 1505 1994 verba
1520 1972 1583 1995 sunt
1599 1978 1604 1995 :
1625 1969 1766 1998 Suilicerct

975 2011 1087 2047 quidem
1104 2011 1137 2038 ad
1156 2011 1305 2046 perfectam
1324 2012 1432 2046 pietatis
1448 2012 1633 2048 cognitionem
1653 2019 1679 2041 et
1699 2023 1765 2042 (on-

977 2057 1170 2090 ﬁrmationcm,
1180 2058 1232 2085 hoc
1241 2058 1381 2085 eruditum
1396 2066 1427 2085 ac
1440 2059 1550 2086 salubre
1563 2059 1661 2087 divinze
1673 2063 1765 2095 gratiae

976 2103 1140 2138 symbolum,
1157 2103 1230 2138 quod
1244 2107 1271 2130 ct
1289 2103 1437 2138 perfectam
1455 2103 1488 2131 de
1501 2104 1593 2136 Patre,
1607 2110 1634 2132 et
1646 2106 1723 2138 Filio,
1738 2111 1766 2134 et

976 2149 1080 2184 Spiritu
1096 2154 1191 2177 sancto
1219 2149 1371 2176 doctrinam
1388 2151 1481 2181 tradit.
1502 2156 1530 2178 et
1547 2152 1764 2180 incarnationem

975 2196 1086 2224 Domini
1110 2196 1229 2223 ﬁdeliter
1245 2196 1446 2230 excipienlihus
1461 2197 1582 2224 exhibet.
1601 2198 1646 2225 Est
1674 2203 1764 2226 autem

976 2252 1041 2272 sane
1050 2253 1131 2279 qualn
1141 2244 1239 2279 frigida
1253 2244 1440 2279 reprehensio.
1457 2245 1549 2272 Primo
1572 2250 1675 2273 tantum
1688 2247 1765 2274 abest

976 2296 1007 2319 ut
1017 2300 1079 2319 cum
1090 2291 1217 2319 Nestorio
1232 2291 1350 2323 sentiat,
1365 2291 1521 2319 utJoannes
1529 2293 1639 2327 quidam
1653 2293 1764 2328 JEgeota

977 2339 1119 2374 presbyter
1133 2337 1325 2370 Nestorianus,
1340 2338 1473 2373 synodum
1491 2339 1706 2373 reprehendens,
1724 2339 1766 2367 di-

977 2389 1053 2412 ceret
1068 2392 1128 2412 eam
1141 2383 1275 2420 synodum
1288 2391 1347 2410 esse
1363 2384 1535 2420 Cyrillianam
1549 2405 1556 2416 ,
1582 2389 1610 2412 et
1633 2393 1646 2412 a
1671 2385 1763 2421 Cyl-illi

976 2429 1112 2457 sententia
1126 2435 1208 2456 stare.
1223 2429 1300 2462 Quod
1319 2429 1340 2456 si
1361 2430 1533 2460 Nestoriana.
1554 2437 1693 2464 nunquam
1714 2430 1765 2457 hoc

975 2475 1096 2504 Joannes
1111 2475 1156 2502 ille
1172 2475 1297 2502 dixisset.
1319 2475 1424 2502 Deinde
1439 2475 1461 2502 si
1478 2480 1590 2511 propter
1606 2476 1763 2511 hujusmodi

976 2530 1058 2550 voces
1080 2522 1215 2557 synodum
1238 2521 1457 2556 reprehendunt,
1477 2529 1527 2548 cur
1542 2521 1638 2549 itidem
1656 2527 1766 2550 sanctos

976 2576 1086 2604 quoque
1100 2569 1195 2596 Patres
1209 2575 1262 2594 non
1276 2567 1502 2602 reprehendunt?
1513 2568 1581 2596 Nam
1596 2572 1624 2595 ct
1637 2568 1674 2596 illi
1686 2568 1765 2604 plura

977 2614 1042 2642 talia
1069 2614 1255 2650 protulerunt.
1282 2613 1389 2641 Etenim
1411 2613 1508 2641 beatus
1524 2614 1568 2641 ille
1591 2613 1709 2650 Cyrillus
1738 2615 1765 2642 in

978 2661 1176 2689 commentario
1192 2660 1353 2688 Zachariam
1380 2665 1468 2687 vatem
1494 2661 1651 2689 declarante
1664 2683 1670 2694 ,
1685 2663 1765 2696 cujus

975 2707 1085 2735 initium
1101 2717 1106 2734 :
1120 2708 1287 2735 Vaticinatur
1301 2707 1407 2743 quidem
1417 2711 1524 2735 sanctus
1540 2707 1586 2734 ille
1602 2707 1763 2741 Zacharias;

975 2754 1015 2782 sic
1030 2754 1067 2781 ait
1086 2763 1092 2781 :
1110 2753 1313 2782 Discedendum
1329 2753 1412 2789 igitur
1425 2762 1439 2781 ιι
1463 2754 1574 2786 talibus,
1595 2759 1623 2782 et.
1636 2762 1650 2781 a
1664 2754 1764 2781 mentis

975 2800 1120 2828 aﬂ'ectione
1135 2800 1222 2836 rigida
1231 2803 1406 2835 mortuaque,
1415 2801 1492 2828 velut
1500 2809 1514 2829 c
1525 2806 1596 2828 terra
1608 2800 1764 2836 peregrina,

976 2846 1175 2874 transeundum
1191 2846 1224 2873 ad
1243 2847 1366 2878 Sionem,
1378 2847 1430 2874 hoc
1441 2851 1493 2878 est,
1507 2846 1540 2873 ad
1555 2847 1698 2874 veritatem
1713 2867 1720 2876 ,
1735 2851 1767 2874 ut

977 2893 1122 2920 Ecelcsiam
1135 2892 1236 2919 Christi
1255 2893 1474 2925 consideremus,
1495 2893 1520 2919 in
1538 2901 1589 2927 qua
1608 2892 1766 2926 constituti,

1549 2940 1588 2970 ῐιΟ
