1973 3098
138 165 168 198 12
173 165 201 198 61

736 165 784 194 DE
802 165 942 195 SECTIS.
957 178 989 182 -
1010 166 1092 196 ACT.
1128 167 1165 196 Χ.

1701 165 1769 198 1262

135 234 222 253 παντα
248 223 361 258 ἐγίνετο.
385 221 470 249 Πάλιν
487 221 514 248 ὲν
528 221 613 256 ἑτέρῳ
631 230 637 237 ·
655 221 695 248 ὅτι
713 220 771 247 Κᾶν
785 221 822 255 μὴ
837 221 919 255 ἡττή-

981 221 1096 249 iicatur:
1111 230 1165 250 non
1183 223 1254 250 enim
1276 223 1349 258 quod
1363 231 1418 251 non
1433 227 1502 255 erat,
1517 224 1594 258 quasi
1615 225 1636 251 si
1650 233 1771 260 praesens

136 281 199 307 ματι
215 270 322 305 φύσεως
348 268 488 296 συνέϐαινε
504 268 538 295 τὰ
560 268 702 303 λεγόμενα,
721 267 778 294 ἀλλ’
793 267 921 300 ἐπιδείξει

135 317 278 352 ὑπάρξεως
293 316 399 350 ἐγίνετο
412 314 446 342 τὰ
461 313 602 349 γινόμενα.

973 271 1056 295 esset.
1071 267 1200 301 protulit:
1217 275 1249 295 ac
1261 268 1283 295 si
1299 269 1389 304 specie
1407 273 1488 296 tenus
1507 268 1614 302 tierent,
1629 279 1689 305 qua:
1711 271 1768 298 ﬁeri

975 312 1155 345 dicebantur;
1170 314 1272 349 quippe
1285 319 1383 342 natura
1397 320 1425 342 et
1438 323 1502 343 vere
1535 316 1626 343 omnia
1655 316 1767 344 ﬁebant.

136 363 240 393 Rursus
251 363 315 392 alibi
327 372 334 390 :
345 363 405 390 Non
417 362 526 389 defectu
536 365 640 388 natura;
651 364 742 387 tamen
770 358 944 390 accidebant,
966 367 1026 394 qua!
1042 359 1227 392 dicebautur;
1244 360 1291 387 sed
1309 369 1371 396 quae
1405 361 1509 390 ﬁebant
1549 363 1770 391 demonstrandae

135 418 215 438 causa
231 409 393 438 substantiae
407 408 519 436 ﬁebant.

169 459 251 485 Ὥστε
271 458 295 485 ei
315 457 361 484 τὸν
381 456 461 484 αὐτὸν
478 457 547 491 ἡμῖν
559 456 660 491 τρόπον
676 455 805 490 ἔπασχεν,
821 454 851 480 οὐ
883 452 925 479 δυ-

136 502 240 538 νάμεθα
263 503 351 528 εἰπεῖν
372 501 439 528 αὐτὸ
456 500 604 535 ἄφθαρτον,
624 499 719 534 ὥσπερ
739 498 843 526 οὐδὲτὸ
857 498 925 533 ὴμέ-

135 558 223 585 τερον.
254 549 309 574 Καὶ
335 546 493 582 ἀποροῦμεν
519 545 648 580 τοιαύτην
673 544 800 580 ἀπορίαν,
828 544 867 570 ὅτι
894 543 925 569 Εἰ

135 597 273 632 ἄφθαρτον
283 595 374 628 λέγετε
385 595 415 621 τὸ
425 594 504 629 σῶμα
512 593 559 621 τοῦ
566 593 696 629 Χριστοῦ,
712 594 762 620 οὐκ
773 593 846 619 ἔστιν
859 593 925 628 ἡμῖν

135 642 286 678 ὀμοούσιον,
306 641 331 667 εἰ
350 641 380 667 τὸ
398 640 447 675 μὲν
462 638 509 666 τοῦ
531 638 649 674 Χριστοῦ
664 637 802 673 ἄφθαρτον
814 637 881 668 ἐστι,
896 636 928 663 τὸ

137 689 162 716 δὲ
179 688 315 724 ἡμέτερον
343 685 474 721 φθαρτόν.
491 685 573 712 Ἀλλὰ
588 684 656 719 πρὸς
676 683 756 710 τοῦτο
774 683 927 710 ἀντείποιεν

138 735 167 763 ἃν
185 734 232 762 καὶ
250 733 338 766 αὐτοὶ,
361 733 402 759 ὅτι
421 732 469 758 ’ον
484 731 585 766 τρόπον
615 730 684 765 μετὰ
712 729 761 764 τὴν
778 729 927 756 ἀνάστασιν

137 781 273 816 ιφθαρτον
287 778 412 812 λέγοντες
423 777 454 804 τὸ
474 776 554 812 σῶμα
571 776 619 803 τοῦ
636 774 767 811 Χριστοῦ,
784 774 928 809 ὁμοούσιον

136 827 228 861 λέγετε
241 824 307 852 αὐτὸ
317 822 397 854 εἶναι,
414 823 459 850 τὸν
474 822 556 850 αὑτὸν
579 821 680 857 τρόπον
701 821 748 848 καὶ
774 821 857 856 ἡμεῖς
875 819 927 855 πρὸ

1011 451 1042 478 ll.
1054 450 1237 488 Quapropter,
1247 452 1270 480 si
1279 453 1376 482 eodem
1393 455 1537 483 nobiscum
1548 455 1630 485 modo
1644 459 1768 492 patieba-

977 500 1034 529 tur,
1053 506 1107 524 non
1124 506 1270 533 possumus
1282 500 1306 527 ei
1325 508 1426 536 corpus
1441 502 1653 538 incorruptibile
1665 505 1770 533 tribue—

976 551 1014 575 re,
1032 544 1112 572 sicuti
1128 553 1163 572 ne
1179 546 1259 574 nobis
1273 547 1396 581 quidem.
1410 548 1540 583 Adeoque
1566 550 1620 577 tale
1637 551 1768 586 quiddam

976 590 1017 617 eis
1029 591 1175 626 objicimus
1189 600 1195 619 ε
1225 592 1253 621 Si
1267 593 1369 621 Christi
1387 602 1487 629 corpus
1501 595 1712 631 incorruptibile
1727 598 1770 626 di-

977 635 1049 667 citis,
1068 637 1252 672 nonejusdem
1271 643 1313 666 est
1325 639 1469 668 nobiscum
1487 641 1667 669 substantiae:
1681 651 1770 677 quan-

977 681 1013 708 do
1027 689 1127 717 corpus
1146 683 1219 711 illius
1233 684 1588 720 incorruptibile,nostrum
1604 692 1645 715 est
1672 695 1770 716 corru-

979 728 1086 763 ptibile.
1105 729 1158 757 Sed
1175 730 1300 758 fortassis
1317 732 1350 759 ad
1363 732 1415 759 hoc
1427 733 1477 767 ipsi
1493 733 1614 761 vieissim
1628 733 1749 762 infcrcut
1761 757 1769 767 ,

977 780 1033 807 quo
1058 773 1139 801 modo
1157 782 1208 801 nos
1224 783 1239 802 a
1260 777 1464 804 resurrectione
1489 777 1592 805 Christi
1608 785 1710 812 corpus
1726 779 1770 806 in—

978 820 1159 854 corruptibile
1184 821 1319 855 dicentes,
1350 823 1532 851 nihilominus
1557 824 1681 859 ejusdem
1710 832 1770 852 esse

136 860 182 908 τῆς
195 871 370 902 ἀναστάσεως
383 869 522 905 ἄφθαρτον
535 869 671 902 λέγοντες,
694 867 838 902 ὁμοούσιον
859 866 926 901 ἡμῖν

981 864 1122 892 uobiscum
1138 866 1297 895 substantiae
1314 868 1454 896 tradamus
1469 877 1476 895 :
1495 869 1592 896 eodem
1616 877 1645 897 se
1660 877 1769 905 quoque

136 917 321 954 ὁμολογοῦμεν
336 913 417 943 εἶναι.
438 915 536 950 Ἡμεῖς
555 915 583 941 δὲ
607 914 736 949 λέγομεν,
761 914 801 940 ὅτι
819 913 850 939 Εἰ
878 913 926 938 καὶ

136 964 273 1000 ἄφθαρτον
286 962 353 989 αὐτὸ
367 961 554 996 ὁμολογοῦμεν
573 960 643 994 μετὰ
657 959 708 994 τὴν
722 958 881 988 ἀνάστασιν,
894 958 924 984 οὺ

134 1012 167 1046 τῇ
181 1010 260 1046 φύσει
273 1009 390 1043 λέγομεν
404 1006 469 1034 αὐτὸ
487 1006 637 1041 ἄφθαρτον,
660 1005 693 1039 τῇ
707 1004 736 1030 δε
762 1003 866 1039 χάριτι.
896 1003 925 1029 ΙΞὶ

135 1057 162 1084 δὲ
175 1055 395 1088 εῐπωσιν,”Εστω
403 1054 450 1080 καὶ
463 1053 517 1088 πρὸ
532 1052 581 1086 τῆς
595 1051 770 1081 ἀναστάσεως
783 1051 816 1084 τῇ
835 1050 925 1085 χάριτι

135 1103 271 1138 ἄφθαρτον
285 1110 292 1117 ·
307 1101 435 1135 λέγομεν,
452 1099 493 1126 ὅτι
514 1099 550 1124 Οὐ
570 1098 708 1132 συγχωρεῖ
721 1096 799 1123 τοῦτο
815 1097 849 1122 τὰ
862 1095 926 1130 περὶ

135 1149 180 1176 τοῦ
200 1147 319 1184 Χριστοῦ
332 1147 467 1181 λεγόμενα
480 1154 487 1160 ⁸
508 1144 561 1182 πρὸ
583 1145 633 1179 μὲν
649 1143 703 1179 γὰρ
731 1143 780 1178 τῆς
807 1142 925 1168 ἀναστά-

136 1204 203 1227 σεως
217 1193 385 1228 λέγεταικαὶ
404 1192 543 1227 πεινῆσαι,
566 1190 615 1218 καὶ
639 1189 760 1225 διψῆσαι.
791 1189 845 1215 Καὶ
868 1187 926 1218 πῶς

136 1242 167 1270 ἂν
182 1242 225 1275 εῐη
239 1241 269 1267 τὺ
280 1239 367 1267 ταῦτα
378 1237 520 1269 πεπονθὸς,
541 1236 681 1271 ἄφθαρτον
697 1243 704 1268 ;
725 1235 803 1262 Μετὰ
826 1234 854 1260 δὲ
877 1233 925 1268 τὴν

135 1287 285 1315 ἀνάστασιν
298 1285 375 1312 οὐδὲν
386 1283 440 1311 τῶν
451 1282 580 1316 τοιούτων
591 1280 692 1308 ἔπαθεν
704 1289 711 1296 ·
723 1280 759 1311 ὡς
770 1279 858 1314 δῆλον,
873 1278 925 1313 πρὸ

136 1335 185 1370 μὲν
202 1334 252 1368 τῆς
263 1331 450 1364 ἀναστάσεως,
470 1329 590 1365 φθαρτὸν
603 1326 676 1355 εἶναι
691 1327 722 1354 τὸ
743 1326 834 1361 σῶμα,
855 1325 924 1360 μετὰ

134 1381 163 1408 δὲ
181 1380 231 1416 τὴν
253 1380 413 1410 ἀνάστασιν,
428 1377 576 1412 ἄφθαρτον.
604 1375 636 1402 Et
661 1374 715 1409 γὰρ
743 1373 790 1400 καὶ
814 1372 923 1405 λέγεται

135 1427 233 1462 φαγεῖν
259 1425 328 1460 μετὰ
350 1424 400 1459 τὴν
421 1424 579 1454 ἀνάστασιν,
605 1421 684 1448 τοῦτο
709 1420 743 1447 δι’
770 1418 925 1453 οἰκονομίαν

699 1466 750 1477 :ttt

134 1520 190 1550 τοῖς
207 1517 343 1553 μαθηταῖς
358 1515 451 1548 αὑτοῦ,
469 1515 510 1541 ὅτι
525 1513 606 1545 αὑτός
623 1514 697 1540 ἐστιν
720 1513 734 1538 ὁ
754 1510 872 1542 ἀναστὰς
892 1511 924 1536 ἐκ

135 1565 239 1600 νεκρῶν
253 1572 259 1578 ·
276 1563 305 1590 ὃν
319 1562 419 1598 τρόπον
446 1561 569 1591 καὶτοὺς
581 1560 683 1590 τύπους
706 1559 761 1585 τῶν
786 1557 858 1592 ἥλων
884 1557 927 1583 λέ-

135 1619 213 1646 γεται
229 1608 363 1641 ἐπιδεῖξαι
383 1608 486 1638 αὐτοῖς.
505 1606 602 1633 Καίτοι
616 1606 697 1641 ἡμεῖς
711 1604 787 1630 οὐδὲν
806 1604 859 1630 τῶν
875 1602 928 1637 πρὸ

134 1657 186 1693 τῆς
197 1656 374 1685 ἀναστάσεως
388 1653 484 1682 παθῶν
498 1652 669 1687 ἀνιστάμεθα
677 1651 793 1686 ἔχοντες.
803 1649 928 1684 Ἀτταρχὴ

135 1702 164 1729 δὲ
179 1702 229 1736 τῆς
245 1702 278 1728 ὲκ
289 1699 395 1736 νεκρῶν
412 1698 490 1734 ἡμῶν
508 1697 683 1728 ἀναστάσεως
695 1698 709 1723 ὁ
726 1696 852 1731 Χριστό;.
875 1696 929 1721 Καὶ

137 1748 212 1784 ὅμως
223 1748 305 1778 αὑτὸς
324 1745 424 1782 εὑρέθη
442 1746 511 1780 ἔχων
526 1753 531 1758 ·
549 1744 587 1775 ὡς
603 1743 692 1778 δῆλον,
711 1743 751 1769 ὅτι
774 1743 807 1769 δι’
830 1743 929 1768 οἰκονο-

139 1795 204 1829 μίαν
222 1793 302 1820 τοῦτο
317 1793 439 1827 γέγονεν.
457 1791 569 1826 Ἀμέλει
594 1790 654 1816 οὐδὲ
679 1790 752 1824 λέγει
779 1790 795 1824 ἡ
823 1788 928 1823 Γραφὴ,

137 1841 179 1867 ὅτι
194 1840 347 1875 ἐπείνησεν,
361 1838 419 1865 ἀλλ’
436 1839 477 1865 ὃτι
499 1838 610 1871 ἔφαγεν.
631 1836 794 1870 Ἑπιστῆσαι
813 1835 841 1861 δὲ
859 1835 928 1866 δέον,

138 1888 179 1915 ὃτι
191 1886 382 1922 παραφέρουσι
404 1885 517 1920 χρήσεις
541 1883 617 1915 τινὰς
633 1883 687 1910 ἀπὸ
717 1883 771 1909 τῶν
802 1882 930 1917 Ματέρων

138 1934 277 1969 ἄφθαρτον
295 1933 325 1959 τὺ
342 1932 422 1967 σῶμα
444 1931 491 1958 τοῦ
511 1929 632 1966 Χριστοῦ
656 1929 811 1964 λεγούσας·
837 1929 931 1963 ὥσπερ

138 1980 188 2007 καὶ
202 1980 246 2006 τὸν
259 1979 394 2014 μακάριον
413 1977 549 2013 Κύριλλον
579 1976 692 2003 εἰπόντα
731 1976 772 2002 ὅτι
798 1975 854 2009 Οὐχ
882 1975 932 2001 ὑπ-

139 2026 248 2058 εδέξατο
272 2024 391 2060 φθαρτὸν
417 2025 434 2059 ἡ
458 2023 505 2050 τοῦ
534 2023 621 2057 Λόγου
639 2023 706 2058 σάρξ
723 2031 730 2038 ·
748 2023 810 2048 ὅταν
831 2021 859 2047 δὲ
882 2021 931 2052 τὰς

137 2071 266 2103 τοιαύτας
284 2070 468 2106 παραγάγωσι
486 2070 609 2104 χρήσεις,
637 2068 796 2103 ἑπισκὲῴαι,
827 2068 868 2094 ὅτι
886 2067 932 2101 ὁμ-

138 2118 246 2153 ώνυμόν
254 2119 311 2144 ἐστι
321 2117 406 2152 τὸτῆς
419 2116 520 2151 φθορᾶς
532 2115 626 2150 ὄνομα.
641 2115 756 2148 Λέγεται
767 2116 821 2150 γὰρ
833 2113 930 2149 φθορὰ,

138 2164 156 2199 ἡ
173 2162 307 2198 παντελὴς
328 2162 448 2192 διάλυσις
467 2160 514 2187 τοῦ
537 2160 662 2195 σώματος
685 2161 724 2190 εἰς
744 2159 777 2186 τὰ
801 2160 929 2194 στοιχεῖα,

138 2209 168 2243 ἐξ
188 2205 226 2235 ὧν
249 2208 377 2243 συνετέθη
392 2216 399 2223 ·
418 2208 465 2234 καὶ
481 2207 591 2241 λέγεται
606 2206 702 2241 φθορὰ,
720 2206 755 2232 τὰ
771 2205 929 2239 ἀνθρώπινα
949 2217 968 2243 ο

137 2255 226 2283 ταῦτα
239 2255 323 2290 πάθη,
338 2254 411 2281 τοῦτ’
431 2254 489 2280 ἔστι
503 2253 534 2279 τὸ
553 2254 660 2288 πεινῇν,
690 2252 737 2278 καὶ
761 2252 853 2287 διψῆν,
882 2252 929 2278 καὶ

137 2302 189 2328 ὅσα
205 2301 329 2327 τοιαῦτα.
344 2300 428 2326 Ὅταν
449 2297 494 2325 οὖν
511 2297 576 2333 εἴπῃ
590 2306 631 2329 τις
646 2297 701 2323 τῶν
721 2297 860 2332 Πατέρων,
889 2297 930 2323 ὅτι

138 2347 188 2381 οὐχ
207 2346 338 2381 ὑπέμεινε
356 2345 460 2380 φθορὰν
474 2345 505 2371 τὸ
519 2344 598 2379 σῶμα
622 2343 669 2371 τοῦ
696 2342 825 2377 Χριστοῦ.
853 2342 931 2368 τοῦτο

138 2393 226 2426 λέγει,
244 2392 285 2417 ὅτι
301 2392 329 2417 οὗ
345 2391 467 2425 διαμπὰξ
481 2390 561 2425 ἐλύθη
579 2399 586 2405 '
607 2391 677 2425 ὅπερ
694 2389 794 2423 ἀληθὲς
809 2389 888 2423 δῆλον
902 2388 931 2420 ἐξ

138 2435 178 2466 ὧν
192 2437 390 2471 ἀντιλέγουσιν.
409 2437 454 2462 Ἐν
471 2436 577 2468 πολλοῖς
601 2436 655 2471 γὰρ
675 2435 727 2470 προ
749 2435 798 2470 τῆς
815 2434 931 2461 ἀναστά-

140 2494 210 2516 aeu);
227 2484 347 2519 φθαρτὸν
363 2483 429 2508 αὐτὸ
444 2482 563 2515 λέγουσι,
582 2482 649 2516 μετὰ
667 2481 756 2516 δὲτὴν
771 2481 928 2511 ἀνάστασιν,

138 2531 289 2567 ἄφθαρτον.
305 2529 357 2556 Καὶ
371 2528 491 2555 τοσαῦτα
511 2528 558 2562 μὲν
573 2528 636 2562 περὶ
650 2527 808 2554 Γαῖα-ντῶν.

980 911 1061 938 modo
1075 911 1199 940 (licentes
1215 913 1287 941 idem
1299 919 1363 942 ante
1383 915 1614 943 resurrectionem
1643 916 1770 944 incorru-

980 957 1076 992 ptibile
1105 959 1286 987 nihilominus
1315 961 1437 996 ejusdem
1456 969 1516 989 esse
1543 962 1686 990 nobiscum
1705 963 1770 990 sub-

981 1005 1091 1032 stantia:
1114 1005 1205 1033 fateri.
1236 1007 1336 1034 Verum
1357 1015 1407 1035 nos
1427 1008 1768 1043 respondemuszEtiamsi

980 1056 1038 1085 post
1058 1053 1288 1080 resurrectionem
1308 1054 1517 1089 incorruptibile
1544 1055 1695 1088 fateamur,
1715 1064 1769 1083 non

980 1102 1071 1124 tamen
1100 1105 1114 1124 a
1141 1098 1222 1126 nobis
1245 1099 1456 1136 incorruptibile
1493 1106 1592 1129 natura
1623 1102 1689 1134 dici,
1721 1103 1768 1130 sed

979 1144 1075 1178 gratia.
1093 1145 1121 1172 Si
1135 1146 1322 1182 subiecerint:
1337 1147 1423 1174 litiam
1448 1152 1512 1175 ante
1537 1150 1768 1176 resurrectionem

981 1191 1192 1227 incorruptibile
1205 1201 1254 1228 per
1267 1194 1383 1228 gratiam
1404 1200 1463 1221 esto
1481 1203 1487 1220 :
1511 1194 1630 1222 dicimus
1645 1203 1700 1222 non
1718 1195 1770 1222 hoc

979 1244 1011 1263 ca
1029 1237 1189 1271 permittere
1211 1245 1271 1271 qua:
1293 1238 1326 1264 de
1346 1238 1457 1266 Christo
1477 1239 1626 1266 traduntur
1643 1248 1650 1266 :
1666 1241 1769 1267 etenim

980 1287 1043 1309 ante
1058 1283 1289 1310 resurrectionem
1303 1289 1330 1311 et
1344 1285 1477 1311 esuriissc
1490 1285 1602 1316 dicitur,
1615 1291 1642 1313 et
1655 1286 1766 1313 sitiisso.

979 1327 1038 1361 Quo
1053 1333 1144 1355 autent
1164 1329 1244 1356 modo
1267 1330 1478 1365 iurorruptihile
1498 1331 1597 1362 fuerit.
1615 1333 1687 1366 quod
1703 1333 1768 1361 taiia

979 1381 1089 1408 passum
1104 1375 1168 1400 est?
1186 1374 1219 1401 At
1236 1380 1297 1409 post
1316 1377 1548 1403 resurrectionem
1564 1377 1633 1404 nihil
1649 1378 1703 1405 tale
1720 1386 1767 1405 ac-

979 1419 1066 1446 cidit:
1095 1420 1167 1447 unde
1196 1425 1287 1455 potest
1313 1426 1376 1448 ante
1410 1423 1642 1451 resurrectionem
1668 1432 1768 1459 corpus

978 1465 1063 1493 fuisse
1078 1467 1268 1502 corruptibili),
1279 1474 1340 1503 post
1351 1470 1582 1497 resurrectionem
1600 1471 1765 1507 incorrupti-

978 1512 1115 1540 bile.Nam
1128 1514 1200 1548 quod
1224 1515 1313 1542 edisse
1326 1521 1387 1550 post
1411 1517 1644 1544 resurrectionem
1654 1518 1767 1552 dicitur,

979 1559 1006 1586 id
1029 1567 1094 1587 vero
1109 1568 1158 1595 per
1175 1561 1408 1595 dispensationem
1427 1562 1509 1591 fecit:
1525 1565 1655 1599 nonquia
1673 1573 1769 1592 revera

978 1606 1108 1638 csuriret,
1121 1606 1167 1633 sed
1182 1607 1220 1633 uti
1232 1607 1375 1642 discipulis
1387 1609 1444 1636 suis
1459 1609 1629 1643 ostenderet,
1646 1611 1769 1646 seipsum

979 1660 1039 1679 esse
1065 1653 1111 1687 qui
1140 1653 1173 1680 de
1202 1654 1318 1681 mortuis
1336 1655 1532 1683 rcsurrexisset
1551 1665 1558 1682 ε
1577 1665 1631 1692 quo
1655 1658 1769 1693 quidem

980 1698 1062 1725 modo
1077 1698 1218 1725 clavorum
1238 1707 1350 1735 quoque
1374 1701 1519 1729 cicatrices
1541 1702 1582 1730 eis
1601 1708 1770 1732 monstrasse

980 1742 1093 1770 dicitur.
1113 1744 1195 1778 Atqui
1211 1752 1261 1772 nos
1279 1745 1315 1772 ita
1330 1754 1509 1782 resurgemus
1527 1753 1556 1775 ut
1575 1756 1671 1776 earum
1699 1752 1769 1779 nulli

980 1789 1139 1824 passionum
1151 1790 1262 1817 obnoxii
1272 1791 1359 1818 simus
1367 1812 1373 1822 ,
1384 1800 1453 1826 quas
1463 1798 1526 1820 ante
1536 1796 1769 1826 resurrectionem

980 1836 1150 1870 experimur.
1165 1836 1275 1863 Interim
1294 1837 1423 1871 primitiae
1441 1840 1653 1868 resurrectionis
1669 1849 1771 1870 nostrte

982 1882 1014 1909 de
1029 1883 1145 1909 mortuis
1157 1883 1285 1910 Christus
1298 1888 1340 1911 est
1350 1905 1356 1914 .
1373 1889 1397 1911 et
1413 1890 1503 1913 tamen
1518 1886 1574 1914 haec
1587 1887 1631 1915 ille
1644 1895 1771 1923 repertus

982 1932 1022 1956 est
1040 1929 1141 1956 habere
1162 1938 1168 1955 :
1187 1929 1221 1956 de
1244 1938 1299 1964 quo
1323 1931 1499 1958 manifestum
1517 1939 1559 1960 est
1588 1933 1614 1960 id
1635 1942 1695 1962 esse
1721 1945 1770 1971 per

982 1973 1216 2008 dispensationem
1234 1975 1345 2002 factum.
1361 1976 1395 2003 Et
1414 1977 1524 2012 quidem
1550 1978 1692 2015 Scriptura
1717 1991 1770 2010 non

982 2019 1050 2046 dicit
1064 2028 1126 2046 eum
1142 2020 1283 2051 csuriisse,
1296 2021 1343 2048 sed
1359 2023 1524 2051 comedisse.
1542 2024 1691 2054 Sciendum
1704 2035 1771 2054 vero

982 2065 1099 2100 proferri
1117 2066 1150 2092 ab
1166 2067 1205 2092 eis
1223 2067 1354 2101 quasdam
1370 2069 1479 2096 Patrum
1496 2072 1676 2100 auctoritates
1688 2094 1694 2103 .
1711 2082 1772 2108 qum

983 2111 1194 2146 incorruptibile
1211 2112 1312 2140 Christi
1334 2121 1435 2148 corpus
1449 2114 1558 2150 dicunt;
1577 2117 1648 2145 sicut
1671 2123 1698 2146 et
1719 2119 1772 2156 Cy—

984 2158 1075 2184 rillum
1098 2158 1214 2192 allegant
1233 2179 1239 2189 ,
1271 2158 1314 2185 his
1346 2160 1459 2188 verbis:
1487 2161 1559 2188 Nihil
1589 2166 1772 2198 corruptibilc

984 2203 1105 2238 suscepit
1132 2211 1198 2230 caro
1222 2203 1374 2231 Sermonis.
1400 2205 1454 2232 Sed
1479 2207 1591 2241 quoties
1613 2209 1770 2242 huiusmodi

983 2250 1162 2276 auctoritates
1179 2250 1332 2284 proferunt,
1345 2251 1577 2280 considerandum
1589 2255 1674 2286 venit,
1687 2258 1772 2291 aequi-

982 2303 1080 2322 tocum
1106 2304 1166 2323 esse
1193 2297 1395 2331 eorrruptionis
1416 2299 1590 2327 vocabulum.
1615 2301 1682 2329 Nam
1709 2310 1771 2330 cor-

982 2342 1073 2376 ruptio
1085 2341 1187 2368 dicitur
1199 2343 1278 2377 plena
1291 2343 1437 2371 dissolutio
1448 2346 1571 2380 corporis
1584 2347 1610 2374 in
1623 2348 1770 2380 elementa.

982 2386 1016 2414 de
1023 2386 1124 2421 quibus
1134 2389 1316 2421 compositum
1330 2389 1381 2416 fuit
1391 2398 1396 2416 :
1407 2390 1557 2426 itidemque
1565 2394 1771 2428 corruptionem

983 2440 1112 2459 vocamus
1129 2433 1289 2461 all‘ectiones
1305 2435 1363 2461 sive
1382 2437 1526 2470 passiones
1544 2438 1603 2466 illas
1625 2439 1771 2474 humanas,

983 2482 1015 2505 ut
1041 2478 1160 2511 esurire,
1178 2479 1266 2512 sitire,
1283 2488 1398 2515 quaeque
1415 2487 1479 2509 sunt
1496 2484 1555 2519 ejus
1580 2485 1688 2520 generis
1707 2487 1771 2515 alia.

983 2524 1051 2552 Cum
1075 2533 1140 2560 ergo
1158 2526 1268 2553 Patrum
1295 2527 1395 2563 aliquis
1417 2528 1520 2557 dixerit
1541 2530 1645 2559 Christi
1671 2541 1773 2570 corpus

138 2587 197 2606 non
213 2578 378 2606 sustinuisse
394 2575 611 2611 corruptionem,
627 2576 679 2603 hoc
698 2576 827 2602 nimirum
847 2575 924 2606 dicit,
945 2582 1000 2601 non
1018 2582 1131 2608 prorsus
1164 2574 1250 2601 fuisse
1284 2576 1449 2603 dissolutum
1474 2579 1568 2612 :quod
1594 2579 1661 2608 sane
1676 2589 1772 2610 verum

139 2634 220 2659 esse,
244 2626 278 2654 de
302 2624 450 2654 contrariis
466 2631 563 2651 eorum
588 2623 670 2650 dictis
695 2628 779 2657 patet.
795 2622 927 2650 Pluribus
946 2623 1019 2649 enim
1038 2622 1065 2648 iu
1086 2622 1154 2649 locis
1170 2626 1233 2649 ante
1251 2625 1480 2652 resurrectionem
1513 2627 1603 2662 ipsum
1634 2637 1695 2657 esse
1709 2638 1772 2658 εοιι-

140 2672 274 2709 ruptihile
290 2672 415 2705 tradunt,
430 2675 493 2706 post
513 2669 748 2696 resurrectionem
764 2667 985 2703 incorruptibilc.
1002 2667 1121 2695 Tantum
1137 2667 1171 2695 de
1186 2667 1330 2695 Gaianitis.

177 2721 209 2747 Ol
227 2720 256 2746 δὲ
278 2720 420 2754 ’Δγνοηταὶ
440 2719 530 2746 πάντα
553 2716 746 2752 ὁμολογοῦντες
768 2716 806 2748 ὡς
822 2717 846 2742 οἰ
864 2716 930 2742 Θεο-

138 2766 270 2798 δοσιανοὶ,
286 2767 324 2796 εἰς
337 2766 415 2792 τοῦτο
429 2763 620 2800 διαφωνοῦσιν,
636 2763 710 2789 ὅτιοί
728 2763 776 2797 μὲν
789 2761 928 2788 Θεοδοσιαα

138 2812 182 2839 νοὶ
197 2811 227 2838 οὐ
241 2811 365 2846 λέγουσιν
385 2812 491 2845 ἀγνοεῖν
506 2810 536 2837 τὺ
555 2809 724 2845 ἀνθρώπινον
737 2808 783 2834 τοῦ
798 2806 927 2843 Χριστοῦ·

137 2857 165 2884 οὶ
180 2857 219 2889 δὲ,
234 2857 352 2891 ἀγνοεῖν.
366 2857 443 2883 Κατὰ
454 2856 543 2883 πάντα
557 2856 622 2891 γὰρ,
635 2855 727 2890 φασὶν,
747 2853 836 2880 ἔοικεν
851 2853 927 2888 ἡμῖν.

138 2902 172 2930 Ει
187 2902 215 2930 δὲ
230 2902 482 2938 ἀγνοοῦμενὴμξῖς,
500 2901 620 2937 δηλονότι
647 2901 694 2928 καὶ
716 2900 796 2931 αὐτὸς
823 2899 927 2934 ἠγνόει.

1021 2716 1064 2742 lll.
1082 2715 1212 2750 Agnoeta:
1230 2723 1295 2743 vero
1312 2717 1475 2746 conﬁtentes
1492 2720 1583 2747 omnia
1602 2728 1662 2755 qua:
1680 2721 1772 2749 Theo-

983 2762 1090 2789 dosiaui
1103 2782 1110 2794 ,
1128 2761 1286 2797 discrepant
1307 2763 1335 2790 in
1351 2763 1414 2795 hcc,
1428 2765 1501 2800 quod
1515 2765 1618 2794 Christi
1643 2767 1772 2796 humani-

983 2813 1065 2835 tatem
1082 2808 1207 2843 ignorare
1222 2808 1407 2838 Theodosiani
1422 2818 1542 2847 negant,
1569 2813 1623 2841 illis
1647 2813 1773 2850 ignorare

982 2854 1194 2882 allirmantibus.
1209 2854 1294 2882 Aiunt
1305 2857 1379 2883 enim
1397 2865 1447 2892 per
1463 2859 1556 2886 omnia
1567 2859 1708 2888 Christum
1725 2868 1770 2888 no-

982 2900 1024 2928 bis
1044 2900 1202 2927 assimilari.
1218 2899 1297 2935 Quod
1318 2903 1341 2930 si
1365 2909 1417 2930 nos
1438 2905 1610 2944 ignoremus,
1629 2912 1657 2935 et
1681 2909 1773 2945 ipsum
