1973 3098
137 156 205 188 ιῖὓθ

662 154 811 185 CONTRA
832 154 991 185 NESTOR.
1014 155 1060 185 ET
1081 155 1241 184 EUTYCII.

1695 149 1764 180 1270

131 214 220 246 σοφῶν
237 211 325 245 πάντη
345 211 458 242 ἑαυτοὺς
475 210 605 242 παλαιοὺς
619 210 672 237 τῶν
687 211 772 244 ἁγίων
788 211 919 246 Πατέρων

985 211 1053 246 iqui
1081 219 1155 238 nunc
1174 214 1238 237 sunt
1262 209 1412 244 sapientes,
1433 217 1462 236 se
1485 210 1598 244 penitus
1613 209 1762 244 ignntcut:

131 261 229 289 πόνους
253 257 455 292 ἀγνωμοσύνη,
475 257 559 283 πολὺν
576 256 654 283 ὄκνον
668 258 786 287 ἐνεποίει
806 258 839 292 τῇ
865 257 921 284 δια-

130 306 190 341 νοίᾳ
205 313 256 340 μου
271 303 340 338 πρὸς
363 304 393 329 τὸ
419 303 606 338 πειθαρχήσαι
630 303 669 336 τῷ
683 303 853 338 ἐπιτάγματι
871 303 922 337 τῆς

131 351 253 386 ἀγάπης.
267 348 319 381 Οὓς
343 350 397 383 γὰρ
425 349 462 384 μὴ
485 349 617 376 πέπεικεν
635 349 669 376 τὰ
693 349 762 384 μετὰ
786 349 923 384 τοσαύτης

131 398 242 433 χάριτος
257 397 304 423 καὶ
321 396 416 430 σοφίας
433 395 512 428 Θεοῦ,
537 396 620 422 ἔτιδὲ
642 396 689 422 καὶ
713 395 762 429 τῆς
785 395 855 422 κατὰ
875 396 924 430 τὴν

132 445 184 477 ἔξω
202 443 366 478 φιλοσοφίαν
381 443 544 478 ἀκρότητος,
567 443 614 469 καὶ
632 443 682 477 τῆς
699 442 782 477 ἄλλης
800 442 924 473 παιδείας

131 490 277 517 ἐκτεθέντα
295 489 483 523 συντάγματα,
500 489 558 520 πῶς
576 489 608 516 ἂν
622 490 636 515 ὁ
658 489 762 524 βραχὺς
773 485 862 522 οὗτος,
878 489 926 516 καὶ

132 536 185 562 ἀπὸ
202 535 304 571 μικρᾶς
333 534 538 569 προφερόμενος
568 534 688 566 διανοίας
726 534 774 561 καὶ
801 533 925 569 γλώττης

133 582 256 608 πείοειεν
271 581 349 614 λόγος
359 589 367 613 ς

168 673 264 707 Ὅμως
278 673 320 708 (οὐ
335 673 390 708 γὰρ
405 674 461 704 τοῖς
479 675 696 709 κεκρατημένοις
715 675 861 709 ἐγχειρεῖν,
877 674 926 708 τῆς

130 718 158 745 δὲ
171 718 226 745 τῶν
241 719 421 752 ὑγιαινόντων
437 720 591 753 ἀσφαλείας
611 720 777 754 ποιήσασθαι
798 720 928 754 πρόνιιαν

131 764 323 799 ὲπιτετάχασι)
341 765 508 800 πειθαρχεῖν
522 766 550 792 δὲ
565 766 646 801 φιλίῳ
662 766 863 801 προστάγματι,
880 765 928 792 νῦν

131 811 156 836 εί
172 812 220 836 καὶ
234 810 272 845 μὴ
285 809 419 846 πρότερον
436 811 571 846 ἔγνωμεν.
587 811 643 837 Καὶ
659 813 732 845 τρεῖς
746 812 809 842 τοὺς
827 812 930 843 πάντας

130 856 226 890 λόγους
237 857 435 893 συνετάξαμεν
449 854 487 885 ὧν
509 859 523 884 ὁ
538 859 587 894 μὲν
601 859 718 893 πρῶτος,
729 859 778 893 τῆς
790 859 929 885 ἁντιθέτου

134 904 181 930 καὶ
198 903 377 938 ψευδωνύμου
404 903 533 938 γνώσεως
555 905 703 937 Νεστορίου
727 913 756 931 τε
775 905 823 931 καὶ
843 905 930 931 Εὑτυ-
948 899 965 924 κ

132 950 196 984 χοῦς
214 949 243 975 ἐν
256 949 348 984 ταύτῷ
364 950 414 982 τὰς
432 950 627 986 ἁνϐυποφορὰς
641 953 687 978 καὶ
701 951 751 982 τὰς
769 952 930 987 ὑπαπαντή-

133 1001 190 1025 σεις
206 988 405 1029 κεφαλαιωδῶς
423 997 559 1032 περιέχει,
579 997 671 1030 σχεδὸν
686 1006 712 1023 τι
728 999 757 1023 ὲν
769 997 871 1032 ὀλίγοις
882 999 931 1030 τὰς

133 1039 225 1073 πάσας
248 1042 340 1069 αὐτῶν
364 1043 528 1077 περικλεέων
551 1045 753 1080 ὲπαπορήσεις·
773 1045 820 1071 ἐπὶ
843 1053 931 1079 κεφα-

132 1086 217 1113 λαίων
243 1087 271 1114 δὲ
288 1088 335 1115 τὸν
350 1089 433 1115 αὑτὸν
450 1090 626 1125 πεποιήμεθα
649 1091 738 1125 λόγον,
753 1091 871 1117 ἑκάστου
886 1092 933 1126 δη-

133 1133 199 1168 λαδὴ
211 1133 374 1168 κεφαλαίου,
393 1135 428 1161 τὰ
443 1135 488 1161 ὑπ’
504 1135 572 1162 αὐτὸ
589 1136 775 1172 ἀναφέρεσθαι
791 1136 928 1171 δυνάμενα

134 1178 318 1214 περιέχοντος.
339 1179 371 1206 'H
387 1180 415 1206 δὲ
431 1180 573 1216 ἐπιγραφὴ
601 1181 670 1215 πρὸς
683 1182 729 1208 τὸν
745 1182 927 1217 ὑποκείμενον

133 1224 235 1251 σκοπὸν
251 1225 366 1260 καιρίως
379 1225 511 1258 τέθειται,
528 1227 579 1260 τῆς
595 1228 665 1254 κατὰ
680 1227 729 1263 τὴν
743 1227 861 1264 θεότητα
879 1228 925 1254 τοῦ

133 1269 254 1304 Χριστοῦ
268 1271 314 1297 καὶ
328 1271 526 1307 ἀνθρωπότητα
539 1273 664 1303 ἐναντίας
677 1273 816 1307 δοκήσεως
827 1274 928 1301 Νεστο-

135 1315 193 1350 ρίου
207 1324 237 1341 τε
252 1317 300 1342 καὶ
313 1317 462 1352 Εὑτυχοῦς,
477 1317 587 1353 ἔλεγχος
604 1319 650 1345 καὶ
665 1319 816 1355 ἀνατροπὴ·
834 1320 926 1356 ἐπειδὴ

973 258 1090 285 alterunt
1101 264 1175 290 vero,
1183 256 1255 292 quod
1264 257 1378 283 istorum
1387 256 1491 290 ingrata
1498 256 1631 283 memoria
1641 260 1763 283 veterqu
1778 255 1780 257 ’

973 304 1098 331 laborum
1113 311 1184 338 quos
1199 303 1285 330 sancti
1301 303 1395 330 Patres
1416 306 1599 337 susceperunt
1613 324 1620 335 ,
1649 303 1763 329 multam

975 350 1113 384 pigritiam
1127 349 1219 376 animo
1241 356 1301 376 meo
1324 349 1356 375 ad
1375 349 1560 376 ohedicndum
1574 349 1658 384 jussis
1673 349 1765 376 chari—

975 396 1040 424 tatis
1068 396 1210 423 afferebat.
1229 396 1336 428 Quibus
1349 396 1423 423 enim
1450 404 1505 422 non
1530 400 1677 423 suaserunt
1703 395 1763 422 libri

976 446 1052 470 tanta
1068 442 1115 470 Dei
1134 442 1221 478 gratia
1233 447 1260 469 et
1277 442 1422 476 sapientia,
1438 451 1468 469 ac
1482 450 1590 470 summo
1605 443 1687 469 etiam
1704 442 1767 477 phi-

976 488 1110 523 losophia)
1132 492 1160 515 et
1184 488 1299 515 aliarum
1319 488 1530 523 disciplinarum
1558 489 1651 516 studio
1668 491 1764 524 scripti

976 539 1004 562 et
1024 535 1103 568 editi,
1124 535 1263 569 quomodo
1280 535 1324 562 hic
1339 543 1417 562 meus
1428 535 1508 562 exilis
1521 543 1613 563 sermo
1630 545 1663 563 ex
1678 536 1768 563 tenui<

977 586 1032 608 tate
1051 586 1108 608 tum
1125 582 1241 613 mentis,
1269 587 1326 608 tum
1356 582 1455 616 linguae
1481 582 1622 616 profectus
1651 583 1767 610 suadere

978 626 1099 660 poterit?

1013 673 1101 700 Jussis
1129 678 1219 700 tamen
1239 673 1381 701 benevolis
1395 694 1402 706 ,
1420 674 1473 701 etsi
1490 681 1544 700 non
1573 674 1651 708 prius
1666 694 1671 703 ,
1696 683 1768 701 nunc

980 719 1090 746 tandem
1105 728 1202 754 parere
1216 719 1409 752 decrevimus;
1422 728 1476 747 non
1489 720 1561 747 enim
1576 721 1719 755 jusserunt
1741 725 1771 747 ut

980 774 1075 793 eorum
1090 767 1136 800 qui
1154 766 1260 793 robusti
1278 771 1342 793 sunt
1357 770 1385 793 et
1396 772 1473 793 recte
1485 767 1585 797 valent,
1607 773 1701 793 curam
1720 766 1768 794 ha-

981 812 1121 839 beremus.
1141 812 1208 839 Tres
1226 811 1318 846 itaque
1336 812 1424 839 libros
1440 812 1603 847 scripsimus
1617 832 1624 842 .
1651 819 1769 847 quorum

982 859 1088 893 primus
1104 859 1248 886 contrariae
1261 858 1356 885 etfalsi
1368 858 1486 885 nominis
1501 858 1635 890 Scienliae,
1654 858 1774 886 Nestor-ii

981 904 1152 939 etEutycbis
1167 905 1274 938 objecta
1290 908 1317 931 et
1332 905 1460 938 opposita
1471 904 1627 931 summatim
1638 904 1772 936 continet,

983 950 1078 984 paucis
1095 958 1191 977 omnes
1211 950 1268 977 fere
1284 957 1379 976 corum
1403 949 1571 984 quaestiones
1592 949 1775 984 comprehen-

981 998 1051 1024 dens
1079 997 1279 1032 Distinguimus
1305 986 1560 1024 autem'librumin
1572 996 1672 1030 capita,
1692 995 1728 1022 ita
1744 999 1775 1022 ut

982 1044 1199 1078 unumquodque
1215 1047 1297 1078 caput
1310 1051 1342 1070 ea
1369 1042 1525 1070 contineret
1548 1050 1610 1077 quae
1630 1042 1665 1069 ad
1684 1042 1773 1077 ipsum

982 1089 1080 1117 referri
1094 1093 1232 1124 potri-ant.
1251 1089 1398 1123 Inscriptio
1413 1092 1505 1116 autem
1523 1088 1606 1123 hujus
1634 1088 1700 1116 libri
1726 1096 1774 1116 ac—

985 1136 1157 1164 commodata
1170 1135 1203 1162 ad
1223 1135 1392 1170 propositam
1410 1142 1468 1162 rem
1483 1135 1635 1170 subjectam
1649 1134 1774 1162 adhibita

981 1187 1034 1215 est,
1053 1182 1199 1209 contrarize
1211 1181 1284 1208 inter
1296 1188 1325 1208 se
1338 1180 1458 1208 ﬁctionis
1472 1181 1592 1208 Nestorii
1605 1184 1632 1208 et
1643 1179 1776 1216 Eutychis

981 1227 1053 1255 circa
1062 1227 1232 1253 divinitatem
1243 1234 1274 1254 ac
1287 1226 1486 1253 humanitatem
1500 1225 1602 1253 Christi
1610 1225 1773 1257 conlutatio,

982 1274 1044 1308 quia
1064 1273 1133 1300 alter
1156 1272 1341 1303 divinitatem,
1352 1272 1422 1299 alter
1432 1271 1631 1299 humanitatem
1643 1271 1775 1306 speciosis

982 1320 1142 1346 nominibus
1151 1319 1204 1351 usi,
1213 1322 1244 1345 ut
1256 1319 1367 1353 utrique
1376 1317 1466 1346 visum
1481 1322 1534 1350 est,
1547 1318 1638 1346 ﬁctam
1650 1317 1774 1345 tradunt.

134 1361 148 1387 ὀ
160 1360 211 1395 μὲν
225 1362 275 1396 τὴν
290 1361 406 1398 Θεότητα
426 1363 547 1399 δοκήσει,
563 1366 576 1392 ὀ
590 1365 617 1391 δὲ
641 1365 690 1401 τὴν
712 1365 921 1401 ἁνθρωπότητα,
943 1368 1014 1392 κατά
1027 1367 1056 1391 τὸ
1072 1366 1162 1396 αὐτοῖς
1175 1365 1281 1397 δοκοῦν,
1298 1365 1356 1400 μετ’
1372 1364 1519 1399 εὐπρεπῶν
1549 1364 1603 1391 τῶν
1635 1365 1776 1400 ὀνομάτων

134 1408 352 1442 δογματίζουσιν.

179 1453 206 1480 '0
222 1453 250 1479 δὲ
264 1453 391 1489 δεύτερος
407 1455 475 1490 πρδς
486 1457 549 1487 τοὺς
561 1457 594 1482 ὲκ
610 1455 663 1483 τῶν
679 1457 822 1492 ἡμετέρων
842 1466 929 1493 προσ-

138 1500 268 1535 θεμένους
281 1502 315 1536 τῇ
333 1502 548 1539 κατεφθαρμένῃ
565 1502 655 1538 ἐννοίᾳ
675 1502 729 1530 τῶν
751 1503 931 1538 Ἀφθαρτοδο-

137 1548 229 1584 κητῶν
237 1549 422 1576 ἀποτείνεται-
431 1550 541 1582 τούτους
555 1550 608 1586 γὰρ
622 1551 669 1578 καὶ
686 1552 804 1586 μάλιστα
819 1552 932 1584 δικαίως

1019 1455 1163 1483 Secundus
1182 1456 1252 1482 liber
1264 1459 1307 1482 est
1330 1455 1358 1481 in
1374 1462 1421 1482 eos
1450 1454 1496 1489 qui
1515 1462 1548 1482 ex
1564 1456 1665 1483 nostris
1683 1463 1777 1484 acces-

985 1505 1081 1528 serunt
1095 1499 1128 1527 ad
1143 1504 1300 1534 corruptam
1316 1499 1483 1527 setttentiam
1494 1507 1591 1527 eorum
1615 1500 1662 1535 qui
1676 1508 1777 1536 corpus

984 1548 1088 1575 Christi
1110 1547 1321 1583 incorruptibile
1342 1551 1406 1574 ante
1430 1547 1660 1575 resurrectionem
1686 1548 1777 1575 trade-

138 1594 170 1622 ἆν
184 1603 227 1626 τις
244 1595 391 1628 ἐλέγξειεν,
417 1595 550 1632 διαφορὰν
575 1597 777 1632 ἐπισταμένους
798 1598 844 1624 καὶ
868 1599 931 1625 ίδιό-

985 1595 1058 1627 bant,
1074 1594 1120 1630 qui
1135 1602 1168 1621 ex
1178 1602 1211 1622 eo
1225 1594 1315 1621 vocati
1330 1597 1395 1621 sunt
1404 1593 1669 1628 Ἀφθαρτοδοκῆται.
1680 1593 1778 1622 Iustis-

139 1649 224 1676 τητας
239 1641 287 1667 καὶ
303 1641 445 1676 ἐνεργείας
461 1642 508 1669 τοῦ
527 1643 586 1675 ἐνὸς
603 1643 650 1670 καὶ
672 1643 754 1678 μόνου
769 1644 874 1679 Κυρίου
887 1646 932 1671 καὶ

139 1686 206 1713 Θεοῦ
222 1687 269 1714 καὶ
290 1687 418 1723 Σωτῆρος
435 1688 515 1726 ἡμῶν
534 1689 623 1723 Ἰησοῦ
643 1690 774 1725 Χριστοῦ.
792 1690 861 1722 Τοὺς
879 1690 933 1725 γὰρ

140 1735 209 1770 προς
223 1736 273 1767 τὰς
294 1735 391 1770 φύσεις
414 1737 654 1770 ἁντιστατοῦντας,
678 1740 727 1766 καὶ
751 1739 781 1765 τὸ
803 1739 933 1773 διάφορον

139 1781 228 1808 αὐτῶν
240 1782 427 1817 ἀρνουμένους
450 1783 519 1818 μετὰ
540 1784 590 1819 τὴν
611 1783 719 1817 ἕνωσιν,
744 1785 879 1820 ἰδιότητάς
904 1794 933 1811 τε

141 1827 188 1854 καὶ
209 1828 350 1863 ἐνεργείας
366 1830 416 1861 τὰς
442 1830 471 1856 ὲν
489 1830 585 1862 αὐταῖς
607 1831 737 1865 coemo;
756 1832 932 1866 συγχέοντας,

141 1874 170 1900 οὐ
190 1874 291 1908 μᾶλλον
313 1875 437 1910 γελῶμεν
454 1877 503 1910 τῆς
518 1877 708 1909 ἀπαιδευσίας,
724 1877 740 1912 ἢ
763 1878 934 1912 οίκτείρομεν

140 1920 190 1954 τῆς
205 1920 343 1953 ἀσεϐείας,
372 1923 436 1957 περὶ
456 1923 503 1949 τοῦ
529 1923 632 1957 τρόπου
657 1923 854 1959 διαποροῦντας
879 1924 935 1950 τῶν

144 1965 210 2001 μηδὲ
234 1967 460 2002 ὁμολογουμένων
484 1969 586 2002 αὐτοῖς,
601 1969 670 2004 μηδὲ
687 1970 746 1996 κατ’
761 1969 853 2001 αὐτοῖς
867 1970 934 1996 ὑπο-

142 2012 277 2046 κειμένων
293 2012 413 2046 φύσεων.
437 2013 600 2040 Ὑποθέσοαι
618 2014 672 2050 γὰρ
688 2014 742 2040 ἔδει
767 2014 873 2050 πρῶτον
886 2015 934 2041 αὑ.-

142 2058 198 2088 τοῖς
223 2057 273 2092 τὴν
288 2057 369 2092 φύσιν
394 2058 445 2093 τῆς
467 2058 595 2092 θεότητος
609 2059 656 2086 τοῦ
672 2060 803 2096 Χριστοῦ,
824 2061 872 2087 καὶ
886 2062 935 2096 τὴν

143 2103 225 2137 φύσιν
250 2104 300 2139 τῆς
322 2104 383 2131 κατ’
400 2105 481 2131 αὐτὸν
500 2105 712 2141 ὰνΟρωπότητος
738 2105 807 2134 εἷναί
831 2116 860 2135 τε
888 2108 936 2135 καὶ

144 2150 327 2183 φυλάττεσθαι
357 2151 425 2186 μετὰ
448 2151 498 2187 τὴν
513 2152 620 2186 ἕνωσιν,
637 2155 684 2180 καὶ
707 2153 792 2186 οὕτως
806 2155 871 2190 περὶ
885 2155 935 2189 τῆς

144 2196 317 2231 προσάλληλα
334 2197 437 2224 τούτων
462 2199 596 2233 σχέσεως,
619 2200 667 2226 καὶ
693 2201 740 2227 τοῦ
763 2201 866 2236 τρόπου
886 2203 936 2238 τῆς

145 2241 555 2280 ὕπάρξεωρπολυπραγμονεϊν·
573 2246 720 2282 διαλογικῷ
735 2247 763 2274 δὲ
779 2249 936 2283 χαρακτῆρι

143 2288 368 2323 διεσχημάτισται
388 2288 465 2324 οὗτος
480 2293 494 2319 6
510 2292 598 2326 λόγος,
613 2293 702 2326 οὐδὲν,
721 2292 759 2325 ὡς
774 2291 864 2327 οἶμαι,
880 2293 935 2320 τῶν

144 2333 355 2361 λυσιτελούντων
373 2344 403 2362 τε
430 2337 477 2363 καὶ
495 2337 620 2372 ὁρώντων
637 2338 677 2369 είς
692 2337 742 2373 τὴν
757 2338 804 2365 τοῦ
822 2347 936 2373 προκει-

148 2380 228 2415 μένου
246 2380 360 2415 ζήτησιν
380 2383 551 2411 καταλιπών.
572 2385 617 2416 Ὠς
633 2384 665 2412 ἂν
687 2385 715 2412 δὲ
736 2385 773 2420 μὴ
789 2385 936 2420 συγχεθείη

147 2426 179 2451 τὰ
202 2425 347 2460 πρόσωπα,
372 2427 404 2454 τὸ
430 2428 480 2461 μὲν
504 2429 551 2456 τοῦ
570 2430 765 2465 διαποροῦντος
789 2433 937 2468 πρόσωπον

147 2471 312 2506 ὀστερέσκῳ,
325 2472 355 2499 τὸ
367 2473 395 2499 δὲ
409 2474 456 2500 τοῦ
470 2474 519 2506 τὰς
532 2475 622 2507 λύσεις
638 2477 787 2511 ἐπάγοντος
801 2478 839 2513 τῷ
855 2487 936 2505 σταυ-

148 2518 246 2552 ροειδεῖ
259 2520 513 2558 κατεσημηνάμεθα
537 2521 624 2556 τύπῳ.
652 2523 707 2549 Καὶ
726 2524 806 2550 τοῦτο
835 2525 863 2551 δὲ
888 2525 938 2552 οὐκ

148 2563 253 2597 ἀλόγως
264 2563 459 2601 πεπράχαμεν,
482 2567 540 2593 ἀλλ’
559 2568 654 2603 ἀστέρι
680 2569 730 2603 μὲν
749 2569 798 2604 τὴν
812 2571 938 2605 ἀμυδρὰν

148 2610 195 2636 καὶ
210 2611 368 2643 ἀτράνωτον
380 2612 485 2638 ἐκείνου
505 2613 605 2647 γνῶσιν
623 2615 828 2651 ὺπῃνιξάμεθα·
852 2617 898 2644 τὸν
911 2618 938 2644 δὲ

147 2655 197 2689 τὴς
210 2656 340 2690 ἀληθείας
360 2657 544 2693 ὑπασπιστὴν,
561 2658 599 2693 τῷ
615 2660 739 2695 τροπαίῳ
758 2661 804 2687 τοῦ
821 2663 938 2697 σταυροῦ

149 2700 372 2737 καθωπλίσαμεν.
392 2704 612 2740 Ἐπιγέγραπται
621 2703 667 2732 οὖν
678 2706 726 2733 καὶ
735 2703 810 2738 οὗτος
821 2708 834 2733 ὁ
848 2708 937 2741 λόγος,

150 2745 225 2780 Πρὸς
247 2748 316 2781 τοὺς
331 2749 364 2781 ἐξ
385 2750 469 2783 ἡμῶν
483 2751 707 2786 προσθεμένους
721 2752 757 2785 τῇ
779 2756 939 2788 κατεφθαρ-

148 2789 225 2826 μένῃ
245 2791 345 2827 γνώμῃ
361 2793 419 2820 τῶν
438 2795 720 2830 Ἀφθαρτενδοκητῶν
734 2795 884 2831 διάλογος.

985 1639 1053 1666 sime
1072 1643 1164 1666 autem
1186 1642 1251 1666 sunt
1267 1638 1295 1665 hi
1313 1637 1481 1670 accusandi,
1506 1637 1553 1672 qui
1570 1637 1654 1665 unius
1668 1638 1778 1666 Domini

984 1689 1012 1712 et
1025 1686 1070 1712 Dei
1082 1693 1113 1712 ac
1123 1685 1273 1712 Salvatoris
1288 1684 1378 1711 nostri
1388 1683 1453 1712 Jesu
1462 1682 1565 1711 Christi
1580 1683 1776 1716 diﬁ‘ercntiam.

984 1734 1012 1757 et
1036 1730 1236 1764 proprietates,
1258 1735 1288 1758 et
1307 1729 1484 1765 operationes
1499 1729 1600 1756 sciunt.
1626 1729 1680 1757 Eos
1702 1730 1776 1758 cuitu

985 1777 1031 1811 qui
1049 1776 1156 1803 naturis
1171 1776 1365 1807 adversantur,
1381 1780 1410 1803 et
1424 1783 1520 1803 earum
1534 1769 1717 1803 diﬁ‘ercntiam
1730 1784 1779 1804 nc-

986 1827 1051 1856 gant
1074 1826 1134 1856 post
1153 1822 1293 1853 unionem,
1313 1829 1344 1848 ac
1359 1821 1542 1856 proprietates
1562 1826 1590 1849 et
1609 1822 1732 1849 actiones
1749 1822 1777 1850 in

986 1868 1028 1895 eis
1042 1868 1174 1895 scelerate
1198 1867 1380 1900 confundunt,
1397 1875 1453 1895 non
1470 1867 1556 1902 magis
1571 1867 1694 1895 ridemus
1713 1876 1778 1903 pro—

986 1918 1047 1949 pter
1058 1914 1205 1946 inseitiam,
1216 1922 1297 1949 quant
1310 1914 1436 1941 dolemus
1450 1918 1478 1942 et
1491 1914 1656 1942 miseramur
1665 1920 1779 1950 propter

986 1960 1165 1995 impietatem,
1188 1962 1234 1995 qui
1248 1961 1281 1988 de
1297 1960 1379 1988 modo
1400 1960 1511 1988 unionis
1523 1964 1684 1987 naturarum
1698 1960 1780 1988 dubi-

987 2010 1062 2037 tant,
1087 2016 1156 2041 quas
1171 2015 1262 2042 neque
1280 2007 1457 2040 concedunt,
1481 2014 1571 2042 neque
1587 2011 1694 2042 ponunt
1706 2015 1777 2035 esse.

986 2052 1136 2087 Oportebat
1151 2054 1224 2081 cnim
1238 2054 1356 2088 primum
1377 2054 1497 2089 positum
1516 2061 1577 2081 esse
1592 2059 1620 2080 et
1639 2054 1722 2081 ﬁxum
1739 2054 1779 2089 ip-

987 2099 1035 2129 sis.
1055 2107 1115 2126 esse
1140 2105 1168 2126 et
1189 2100 1292 2127 servari
1307 2105 1370 2135 post
1384 2099 1516 2127 unionem
1531 2103 1658 2126 naturam
1679 2099 1779 2126 divini-

988 2146 1052 2172 tatis
1065 2145 1178 2178 Christi,
1196 2151 1223 2173 et
1236 2151 1364 2173 naturam
1387 2146 1568 2174 humanitatis
1591 2146 1670 2181 ejus;
1697 2151 1779 2181 atque

988 2191 1025 2218 ita
1051 2191 1190 2226 inquirere
1207 2196 1301 2226 postea
1316 2192 1455 2226 quomodo
1470 2199 1500 2219 se
1517 2191 1720 2218 habeantinter
1738 2199 1776 2223 se.

987 2239 1016 2263 et
1032 2237 1171 2270 quomodo
1199 2237 1263 2263 sint.
1292 2237 1380 2272 Hujus
1402 2237 1468 2264 libri
1485 2237 1573 2272 stylus
1591 2236 1779 2264 conformatus

987 2285 1028 2309 est
1044 2282 1265 2316 indisputatione
1275 2287 1303 2310 et
1315 2283 1434 2318 dialogo,
1450 2283 1587 2317 nihilque,
1605 2287 1635 2310 ut
1645 2283 1777 2315 arbitror,

987 2327 1113 2354 relictum
1125 2333 1166 2355 est
1176 2336 1272 2355 eorum
1297 2337 1359 2364 quae
1371 2329 1403 2356 ad
1418 2329 1587 2364 propositam
1600 2329 1778 2364 quaestionem

988 2373 1150 2408 spectabant
1173 2378 1202 2401 et
1224 2374 1369 2402 commoda
1384 2379 1472 2402 erant.
1490 2375 1530 2402 Ne
1549 2379 1641 2402 autem
1657 2382 1780 2410 persona:

988 2419 1243 2453 confunderentur,
1261 2428 1379 2456 persona
1397 2421 1552 2448 dubitantis
1568 2421 1653 2448 habet
1673 2422 1778 2449 stellam

989 2465 1147 2501 insignitam
1160 2475 1166 2493 :
1180 2475 1297 2501 persona
1315 2468 1448 2495 solventis
1466 2467 1654 2495 dubitationes
1668 2467 1779 2503 ﬁguram

988 2513 1088 2540 crucis.
1099 2513 1190 2541 Necid
1203 2513 1313 2549 quidem
1325 2514 1428 2542 factum
1442 2520 1484 2542 est
1496 2519 1610 2542 temere.
1628 2514 1694 2541 Nota
1706 2515 1778 2542 enim

989 2559 1073 2586 stellae
1089 2559 1275 2594 signiﬁcamus
1296 2565 1418 2593 tenuem,
1434 2564 1462 2588 et
1476 2569 1530 2588 non
1550 2561 1712 2595 explicatam
1735 2569 1781 2588 co-

989 2604 1139 2639 gnitionem
1156 2613 1281 2640 persona:
1304 2606 1474 2639 dubitantis;
1492 2606 1663 2634 defensorem
1688 2611 1778 2633 autem

990 2651 1114 2678 veritatis
1135 2655 1238 2686 tropch
1260 2653 1352 2680 crucis
1369 2652 1547 2680 armavimus.
1573 2653 1722 2681 Estautem
1739 2653 1780 2680 iu-

990 2697 1110 2731 scriptus
1135 2698 1179 2725 hic
1199 2698 1286 2731 liber,
1304 2698 1434 2726 Adversus
1454 2708 1496 2726 eo:
1515 2699 1559 2735 qui
1584 2708 1615 2726 ex
1637 2701 1732 2727 nostris
1754 2708 1781 2726 se

991 2743 1171 2777 adjunxurmtt
1186 2744 1220 2771 ad
1238 2750 1391 2780 corruptum
1405 2747 1562 2773 sententiam
1585 2745 1780 2780 Aplitlmrlodw

991 2793 1118 2819 rotarum.
1139 2789 1164 2816 id
1183 2794 1225 2818 est
1241 2799 1336 2818 eorum
1360 2791 1407 2826 qui
1421 2799 1522 2826 corpus
1536 2790 1639 2818 Christi
1657 2795 1720 2818 ante
1736 2797 1780 2817 re-

990 2836 1189 2862 mrrertionrm
1208 2837 1419 2871 incorruptibile
1435 2837 1520 2864 fuisse
1543 2841 1688 2864 senserunt
1701 2857 1708 2870 ,
1721 2836 1780 2864 (ἓὶιτ

990 2881 1076 2915 lngus.
