1973 3098
190 125 258 159 1275

824 124 979 156 LEONTII
1000 125 1204 156 BYZANTINI

1760 125 1834 157 i276

188 181 269 209 vinus
279 179 322 208 vir
336 178 571 215 ἐναντιεδοκήτας,
584 176 612 207 id
628 183 680 212 est,
697 179 845 209 contraria:
860 179 981 208 ﬁctionis

1041 181 1104 212 ίεῖος
1116 179 1186 215 ἀνὴρ
1196 179 1268 206 οὕτω
1282 179 1415 214 κέκληκεν
1426 180 1752 215 (ὁ),Ἐναντιοδοκήι-ας
1767 182 1835 208 ἐκα-

186 232 315 256 auctores
325 227 480 255 contrarios
497 226 643 262 appellavit
656 235 664 260 ;
677 225 716 253 illi
727 225 838 261 quidem
851 225 981 253 divinita-

188 280 245 303 tem
262 274 291 301 in
308 273 453 302 Salvatore
467 273 529 301 ficte
541 273 637 300 dicunt
651 272 701 308 (5),
719 272 747 299 hi
766 279 834 299 Vero
852 271 981 299 humani-

188 325 285 349 tatem.
309 320 454 348 Nestorius
483 319 686 354 beneplaeitum
702 324 730 346 et
752 319 913 353 dignitatem
930 326 981 353 pro

188 367 301 395 ﬁctione
317 366 471 394 divinitatis
482 366 605 394 defendit
619 374 626 398 ς
642 365 782 401 Eutychos
806 373 917 392 carnem
937 365 983 392 in-

188 413 338 445 effabilem,
351 421 402 448 pro
413 412 533 440 naturali
553 417 581 440 et
596 417 701 439 nostra.
726 411 772 439 Sic
789 411 914 439 honestis
930 419 981 439 no-

190 459 314 486 minibus
324 463 351 486 et
364 458 457 486 verbis
469 457 588 487 decoris.
602 462 730 492 tanquam
747 457 818 484 ﬁctis
830 457 980 489 coloribus,

190 503 345 531 fmditatem
360 503 509 530 contraria:
520 502 631 537 quidem
650 503 812 537 impietatis,
827 502 876 530 sed
889 507 982 530 tamen

188 549 316 584 mqualis,
333 549 482 577 honestare
496 549 635 576 nituntur.
653 548 736 581 Quasi
760 548 884 575 studium
901 548 982 576 nobis

187 595 227 621 sit
237 595 375 630 elegantia
387 595 530 622 nominum
542 595 648 626 utendi,
664 599 693 622 et
709 603 763 621 non
775 594 868 629 potius
883 594 982 621 faciem

191 639 318 667 veritatis
335 648 399 667 rere
414 647 529 667 auream
556 639 730 674 aspiciendi,
759 648 812 674 qua
839 640 909 667 nihil
939 643 982 666 est

192 687 349 719 amabilius,
365 687 492 722 quamvis
517 686 586 713 nihil
610 687 723 722 elegans
751 691 779 714 et
806 686 981 722 splendidum

191 733 315 761 accedat.
336 734 393 761 Nec
404 734 479 761 enim
494 733 667 761 ornamentis
684 733 806 769 indiget,
823 741 885 768 quae
902 738 984 760 natu.

192 780 243 808 rali
272 781 485 815 pulchritudine
520 780 709 815 splendescit;
741 788 793 808 nec
818 780 982 812 verborum,

193 827 273 860 quasi
295 827 501 862 pigmentorum
533 827 624 856 fucata
655 833 683 856 et
708 827 797 855 fallaci
820 827 922 862 specie.
949 827 982 854 Hi

192 872 278 908 igitur
290 881 384 901 secum
405 879 433 902 et
452 883 517 902 eum
532 876 650 903 veritate
666 878 831 910 pugnantes,
843 873 946 900 bellum
958 872 985 899 in

191 926 251 946 eam
266 927 317 954 per
333 920 473 948 contraria
490 921 582 956 partiti
599 925 674 953 sunt,
697 920 802 948 eisdem
818 918 987 954 propositio-

191 964 275 992 nibus
291 965 326 992 ad
342 974 422 993 suum
452 971 570 1002 uterque
594 967 676 994 linem
702 966 868 998 abutentes,
902 965 940 992 ita
955 968 986 992 ut

191 1013 339 1040 consensio
354 1013 504 1048 impietatis
527 1014 666 1042 eontrar‘ie
679 1013 907 1041 dissentientium
928 1021 984 1040 uno

189 1064 356 1094 argumento
368 1061 494 1088 veritatis
507 1069 522 1088 a
542 1061 690 1096 discipulis
709 1061 835 1095 ejusdem
857 1060 985 1087 veritatis

188 1104 382 1138 convellatur,
399 1109 429 1133 et
449 1107 600 1134 concordia
619 1107 766 1142 pravitatis
779 1106 922 1141 copiosam
942 1105 986 1132 vi-

187 1149 307 1178 ctoriam
320 1151 411 1186 pariat
427 1159 434 1178 :
449 1152 551 1186 quibus
573 1153 647 1180 enim
671 1151 846 1188 argumentis
867 1151 985 1180 alterum

190 1195 310 1224 istorum
326 1197 373 1232 qui
397 1197 540 1232 impietate
565 1198 684 1226 connexi
710 1201 794 1229 sunt,
820 1197 985 1228 refellimus,

188 1241 295 1279 eisdem
309 1243 392 1270 etiam
407 1244 525 1272 alterum
541 1244 623 1272 simul
640 1244 831 1271 refutavimus.

1032 225 1129 260 τέρους
1145 224 1280 256 καλέσας’
1294 225 1318 251 οἱ
1340 224 1390 259 μὲν
1409 224 1464 260 γὰρ
1478 226 1528 260 τὴν
1545 225 1671 260 Θεότητα,
1691 226 1716 252 οἱ
1733 226 1761 252 δὲ
1782 225 1835 262 τὴν

1033 271 1234 307 ἀνθρωπότητα
1253 271 1364 306 δοκήσει
1380 270 1509 306 λέγουσιν
1525 269 1595 299 εἶναι
1610 272 1639 298 ἐν
1652 271 1692 307 τῷ
1709 272 1833 308 Σωτῆρι,

1033 316 1103 351 πλὴν
1123 317 1184 343 ὅσον
1209 316 1350 352 ἑκάτερος,
1374 318 1388 344 6
1414 317 1464 352 μὲν
1488 317 1539 353 τὴν
1567 318 1693 344 εὐδοκίαν
1714 318 1762 345 καὶ
1780 318 1834 353 τὴν

1032 362 1125 396 ἀξίαν,
1144 363 1205 390 ἀντὶ
1224 363 1274 398 τῆς
1288 362 1359 390 κατὰ
1377 363 1428 398 τὴν
1449 363 1565 400 θεότητα
1583 365 1736 398 φαντασίας
1749 374 1755 380 ·
1775 366 1789 392 ό
1803 365 1834 392 δὲ

1032 408 1083 444 τὴν
1102 409 1222 444 ἄρρητον
1243 408 1343 443 σάρκα,
1366 408 1428 435 ἀντὶ
1448 409 1499 444 τῆς
1524 410 1604 444 φύσει
1625 410 1673 436 καὶ
1692 409 1834 446 ἡμετέρας

1034 455 1245 490 προσίσχονται,
1266 455 1435 491 εὐπρεπέσιν
1470 455 1586 491 ὀνόμασι
1614 456 1662 483 καὶ
1698 457 1836 492 εὐφήμοις

1035 502 1174 538 ῥήμασιν,
1201 501 1296 538 ὥσπερ
1324 501 1469 538 χρώμασιν
1497 502 1695 534 ὲπιπλάστοις,
1723 504 1753 530 τὸ
1783 503 1836 537 τῆς

1034 548 1158 579 ἐναντίας
1177 548 1236 583 μὲν,
1254 548 1316 584 ῐσης
1333 548 1363 575 δὲ
1384 549 1514 581 ἀσεϐείας
1535 548 1655 581 δυσειδὲς
1677 549 1837 585 ἀποσεμνύ-

1033 603 1090 621 νειν
1114 593 1327 630 ἐπιχειροῦντες.
1353 595 1460 622 Ὠσανεὶ
1489 594 1586 622 τούτου
1610 595 1836 631 ἐσπουδασμένου

1033 641 1100 676 ἡμῖν
1115 639 1214 672 κάλλος
1230 641 1326 667 ἀσκεῖν
1343 640 1496 675 ὀνομάτων,
1522 641 1581 668 ἀλλ’
1599 641 1630 668 οὐ
1648 641 1678 668 τὸ
1696 642 1746 676 τῆς
1766 642 1836 677 ἀλη-

1034 686 1110 718 θείας
1122 686 1240 722 χρυσοῦν
1253 686 1340 719 ὅντως
1355 687 1504 722 πρόσωπον
1520 686 1694 720 ἐποπτεύειν,
1709 684 1743 723 ἧς
1757 687 1837 714 οὐδὲν

1034 733 1252 769 ἐρασμιώτερον,
1284 733 1335 760 κᾶν
1357 733 1388 759 τδ
1413 733 1463 768 τῆς
1492 733 1594 766 λέξεως
1624 734 1763 769 εὐπρεπὲς
1787 734 1836 760 καὶ

1034 779 1148 814 φαιδρὸν
1165 778 1202 814 μὴ
1227 780 1326 814 προσῇ.
1347 778 1424 814 Μηδὲ
1451 779 1506 815 γὰρ
1534 779 1721 814 κομμωτικῶν
1748 779 1837 816 αὐτὴν

1039 825 1215 860 προσδεῖσθαι
1229 825 1478 861 καλλωπισμάτων,
1495 825 1605 861 φυσικῷ
1625 825 1719 852 κάλλει
1734 825 1838 861 λελαμ-

1040 871 1212 907 πρυσμένην,
1231 871 1279 898 καὶ
1295 871 1378 908 μηδὲν
1398 871 1530 907 δεομένην
1544 871 1595 906 τῆς
1611 872 1646 899 ἐκ
1664 872 1720 899 τῶν
1740 872 1837 908 ῥημά-

1039 925 1093 942 των
1101 915 1175 943 ὥσπε
1181 925 1195 952 ρ
1205 917 1443 952 προστριμμάτων
1451 917 1594 953 ἁπατηλῆς
1604 918 1836 954 ἐπιμορςρώσεως.

1039 959 1118 988 Οὗτοι
1134 962 1166 997 δὴ
1191 961 1237 989 οὖν
1254 963 1362 994 ἑαυτοῖς
1385 971 1416 990 τε
1441 964 1488 990 καὶ
1511 965 1544 999 τῇ
1563 963 1677 1000 ἀληθείᾳ
1691 964 1839 1000 ἀπομαχό-

1040 1017 1128 1044 μενοι,
1144 1009 1188 1036 διά
1210 1010 1265 1036 τῶν
1279 1009 1410 1036 ἐναντίων
1429 1010 1475 1037 τδν
1491 1010 1552 1036 κατ’
1565 1010 1652 1045 αὐτῆς
1671 1010 1838 1046 ἐμερίσαντο

1039 1055 1167 1091 πόλεμον,
1192 1057 1253 1087 ταῖς
1274 1057 1371 1089 αὐταῖς
1400 1057 1567 1093 προ-τάσσειν
1589 1057 1719 1093 ἑκάτερος
1744 1057 1838 1085 αὐτῶν

1039 1100 1108 1136 πρὸς
1119 1101 1165 1127 τὸν
1180 1101 1246 1128 ῐδιον
1270 1101 1462 1137 ἀποχρώμενοι
1479 1101 1598 1128 σκοπόν·
1623 1101 1695 1129 ὥστε
1718 1101 1769 1136 τὴν
1791 1101 1838 1129 διὰ

1039 1147 1095 1174 τῶν
1105 1146 1236 1174 ἐναντίων
1247 1156 1278 1174 συ
1284 1147 1420 1182 μφωνίαν,
1431 1149 1471 1174 ἑνὶ
1482 1148 1521 1184 τῷ
1528 1148 1578 1184 τῆς
1590 1148 1720 1184 ἀληθείας
1731 1148 1838 1184 ἐλέγχῳ

1042 1193 1109 1228 πρὸς
1122 1193 1178 1219 τῶν
1195 1194 1342 1229 γνωρίμων
1367 1194 1455 1229 αὐτῆς
1477 1195 1691 1229 ἀνατρέπεσθαι,
1718 1194 1767 1221 καὶ
1790 1195 1837 1229 γί-

1041 1240 1135 1267 νεσθαι
1151 1240 1311 1276 περιουσίαν
1331 1240 1422 1275 νίκης,
1435 1240 1485 1275 τῆς
1502 1241 1636 1276 πονηρίας
1653 1241 1703 1276 τὴν
1721 1249 1838 1276 συμφω-

191 1289 262 1317 νίαν.
288 1288 335 1322 Οἷς
358 1290 412 1325 γὰρ
432 1291 465 1317 ἂν
489 1290 603 1327 θάτερον
625 1290 679 1317 τῶν
707 1290 777 1317 κατὰ
795 1291 844 1325 τὴν
876 1288 1004 1316 ἀσέϐειαν
1025 1288 1280 1323 συμπεπλεγμένων
1312 1287 1533 1323 ἀνα-τρέψαιμεν,
1557 1288 1663 1320 τούτοις
1686 1288 1837 1316 συνανατι-

191 1342 311 1370 τραπται
326 1334 372 1360 καὶ
388 1335 402 1361 ὀ
416 1334 520 1370 ἕτερος.

227 1379 277 1406 Est
294 1384 386 1406 autem
401 1379 602 1406 advertendum
622 1379 694 1407 idem
707 1379 835 1407 evenisse
848 1379 922 1407 circa
943 1379 987 1406 in-

1082 1375 1181 1402 Ὶστέον
1194 1375 1259 1411 γὰρ,
1276 1376 1314 1408 ὠς
1333 1376 1431 1403 ταὺτδν
1448 1377 1566 1405 πέπονθε
1589 1378 1654 1414 περὶ
1666 1379 1717 1414 τὴν
1729 1381 1837 1409 οἰκονο-

189 1425 384 1452 carnationem
403 1425 520 1460 Eutychi
551 1425 589 1459 (ιι)
607 1433 669 1452 cum
687 1425 830 1459 Nestorio,
856 1425 930 1460 quod
956 1426 984 1453 in

1041 1421 1106 1457 μίαν
1124 1421 1248 1457 Εὐτυχῆς
1261 1421 1330 1456 πρὸς
1343 1423 1503 1459 Νεστόριον,
1521 1423 1535 1450 ὃ
1551 1425 1616 1460 περί
1633 1425 1683 1460 τὴν
1695 1425 1838 1461 οεολογίαν

192 1469 332 1498 Trinitate
347 1469 468 1498 Sabellio
483 1477 546 1498 cum
560 1470 642 1504 Ario;
658 1471 698 1498 illi
714 1471 789 1499 enim
811 1479 860 1506 per
875 1475 986 1499 contra-

194 1517 235 1545 ria
256 1517 284 1544 in
299 1517 403 1544 malum
413 1518 519 1553 aequale
528 1517 703 1546 ceciderunt.
722 1518 860 1547 Sabellius
872 1519 985 1554 quidem

193 1567 311 1599 propter
327 1563 523 1595 substantiam,
543 1564 571 1591 in
589 1572 673 1591 unam
690 1564 851 1600 hypostasin
868 1565 987 1593 coniun-

192 1610 237 1638 dit
251 1609 413 1645 hypostases
426 1618 433 1642 ;
450 1610 534 1637 Arius
547 1618 613 1637 vero
628 1616 741 1646 propter
755 1611 917 1646 hypostases
930 1631 938 1644 ,
952 1611 988 1639 si-

197 1654 254 1682 mul
269 1662 332 1682 cum
348 1653 390 1682 eis
400 1655 584 1683 substantiam
594 1656 700 1683 divisit.
714 1656 748 1683 Hi
757 1665 824 1684 vero
835 1664 986 1684 converse:

195 1700 344 1728 Nestorius
363 1701 477 1736 quidem
494 1701 596 1729 dividit
619 1706 735 1730 naturas
758 1702 784 1729 in
804 1702 987 1738 hypostases;

197 1746 336 1782 Eutyches
348 1755 416 1774 vero
427 1747 590 1776 commiscet
607 1751 721 1775 naturas
731 1748 761 1775 in
773 1752 912 1776 naturam.
927 1748 990 1781 Qui-

198 1793 251 1820 bus
262 1793 336 1820 enim
351 1792 590 1828 disputationibus
609 1798 637 1821 et
648 1794 821 1830 argumentis
835 1802 849 1822 a
863 1795 990 1830 superio-

197 1849 260 1868 rum
276 1847 432 1878 temporum
447 1842 609 1870 hominibus
625 1843 747 1871 Trinitas
761 1843 848 1871 divisa
868 1848 920 1875 est,
933 1844 989 1872 eis-

195 1887 261 1914 dem
278 1895 293 1915 a
312 1888 512 1922 posterioribus
523 1889 717 1922 oeconomiam,
741 1888 769 1916 id
787 1893 839 1922 est,
861 1889 990 1917 incarna-

197 1934 302 1962 tionem
325 1935 469 1962 confusam
490 1943 551 1975 esse
577 1935 740 1970 reperimus.
767 1935 874 1969 Quibus
897 1942 990 1964 autem

197 1987 272 2007 nunc
294 1980 476 2007 (nconomiam
501 1980 646 2014 dividunt,
679 1981 723 2008 his
751 1981 790 2008 illi
815 1981 991 2009 divinitatem

196 2024 383 2052 confundunt.
412 2025 468 2060 Age
483 2033 560 2061 ergo,
576 2026 751 2061 proferamus
765 2027 791 2054 in
804 2027 925 2055 medium
940 2036 989 2056 eo-

196 2078 260 2097 rum
276 2070 442 2105 sophisticas
455 2072 680 2107 propositiones,
708 2079 735 2100 et
753 2078 883 2109 tanquam
903 2075 930 2102 in
948 2076 991 2110 ju-
1009 2093 1031 2120 Β

195 2115 283 2148 dicio,
304 2115 402 2144 demus
417 2118 508 2145 locum
526 2118 753 2146 accusationibus
768 2126 883 2153 eorum;
907 2124 991 2154 atque

198 2163 237 2189 ita
249 2170 311 2198 qua:
323 2162 426 2190 frustra
449 2169 545 2191 contra
566 2165 712 2192 veritatem
727 2172 797 2191 vane
818 2166 994 2201 excogitave-

198 2214 275 2239 runt.
291 2209 398 2241 diluere
413 2211 587 2238 conabimur.

236 2296 398 2324 Aiuntenim
406 2305 412 2322 :
421 2295 449 2323 Si
459 2295 528 2323 duas
537 2300 650 2323 naturas
659 2295 749 2323 inuno
756 2295 868 2324 Christo
878 2304 938 2324 esse
952 2297 994 2324 di-

199 2343 275 2374 citis,
288 2347 388 2370 natura
398 2347 489 2370 autem
501 2351 555 2370 non
571 2342 684 2370 estsine
694 2342 914 2378 bypostasi,du."e
926 2352 993 2379 ergo

199 2394 284 2416 erunt
300 2389 472 2425 hypostases.
488 2389 579 2416 Unum
591 2392 684 2416 autem
698 2393 741 2416 est
754 2389 910 2424 utriusque,
925 2390 993 2421 dixi.

199 2440 354 2468 certamen,
368 2436 496 2470 quamvis
512 2435 574 2462 ﬁnis
591 2435 627 2462 sit
645 2434 788 2462 differens.
805 2435 847 2462 Illi
862 2435 948 2467 enim,
965 2435 993 2462 id

205 2485 257 2513 est,
270 2481 440 2513 Nestoriani,
452 2485 481 2508 ut
492 2489 554 2508 cum
563 2480 671 2508 naturis
682 2480 844 2515 hypostases
857 2480 992 2513 inferant;

204 2527 250 2554 alii
268 2528 379 2559 vero,id
392 2533 445 2559 εει,
465 2527 639 2563 Eutychiani,
658 2530 687 2553 ut
704 2534 753 2561 per
769 2526 930 2562 hypostascs
946 2535 995 2554 na-

206 2579 282 2601 turas
293 2573 374 2601 etiam
393 2575 534 2604 tollerent.
554 2575 651 2602 eodem
669 2577 831 2608 argumento
855 2573 898 2601 usi
919 2579 992 2600 sunt.

203 2618 257 2646 Sed
272 2618 396 2651 audiant,
412 2619 459 2654 qui
476 2619 608 2655 Eutychis
620 2623 713 2654 partes
726 2623 892 2653 sequuntur.
907 2616 995 2646 Nobis

203 2665 278 2692 enim
296 2672 383 2692 unum
402 2673 548 2692 commune
576 2670 715 2693 certamen
741 2667 837 2690 contra
861 2669 994 2698 utrosque

248 2755 286 2790 (b)
303 2754 397 2782 Schol.
429 2753 456 2781 in
473 2762 557 2789 marg.
592 2756 656 2790 περὶ
685 2755 732 2782 τοῦ
751 2755 823 2782 ἀδεᾶ
841 2754 942 2782 Mku
957 2753 1034 2789 φησι.

245 2831 282 2865 (3)
305 2831 397 2867 Aliter
418 2830 575 2867 depingitur
597 2831 717 2867 i'iionnus
748 2833 796 2858 iste
816 2841 830 2859 τι
855 2832 955 2867 (lyrilln
977 2833 1002 2859 in

210 2864 270 2892 Vita
283 2865 371 2892 sancti
382 2865 460 2892 Saba
473 2870 498 2891 ct
517 2865 603 2893 sancti
615 2866 746 2899 Quit-iaci.
762 2867 794 2894 τι
805 2864 924 2895 nunriis.

1038 1468 1183 1500 Σαὸέλλιος
1200 1469 1269 1504 πρὸς
1281 1469 1326 1496 τὸν
1337 1470 1464 1505 Ἀρειονι
1484 1470 1584 1496 ἐκεῖνοί
1601 1479 1631 1497 τε
1647 1471 1702 1508 γὰρ
1718 1472 1763 1500 διὰ
1781 1474 1838 1501 τῶν

1038 1514 1181 1547 ἐναντίων,
1196 1515 1236 1547 εἰς
1259 1515 1290 1542 τὸ
1305 1513 1364 1543 ἴσον
1389 1516 1475 1543 κακὸν
1504 1517 1764 1552 ἐμπεπτώκασιν”ό
1787 1521 1838 1556 μὲν

1038 1560 1081 1586 διὰ
1100 1560 1149 1593 τὴν
1172 1561 1266 1588 οὐσίαν
1291 1563 1332 1594 είς
1362 1563 1427 1597 μίαν
1454 1563 1606 1590 ὑπόστασιν
1635 1565 1759 1600 συγχέων
1786 1566 1838 1599 τὰς

1039 1607 1214 1640 ὑποστάσεις,
1226 1609 1240 1634 ὁ
1253 1608 1281 1635 δὲ
1293 1608 1337 1635 διὰ
1353 1608 1402 1641 τὰς
1413 1609 1577 1640 ὑποστάσεις
1591 1610 1754 1646 συνδιαιρῶν
1768 1612 1837 1638 ταύ-

1039 1661 1101 1684 ταις
1122 1653 1170 1679 καὶ
1191 1654 1240 1688 τὴν
1257 1653 1362 1682 οὐσίαν.
1384 1655 1440 1681 Καὶ
1465 1651 1538 1682 οὗτοι
1556 1655 1584 1682 δὲ
1602 1655 1632 1682 τὸ
1652 1657 1801 1689 ἀνάπαλιν,
1822 1657 1838 1683 6

1042 1699 1092 1734 μὲν
1106 1699 1199 1732 τέμνει
1219 1699 1268 1732 τὰς
1286 1700 1382 1735 φύσεις
1405 1701 1445 1732 είς
1469 1701 1648 1734 ὑποστάσεις,
1668 1703 1682 1729 6
1701 1702 1730 1728 δὲ
1756 1703 1838 1739 φύριι

1041 1745 1092 1777 τὰς
1108 1745 1203 1779 φύσεις
1218 1746 1258 1778 εἰς
1276 1746 1367 1781 φύσιν.
1378 1747 1454 1773 Καὶό
1471 1747 1522 1781 μὲν
1537 1748 1671 1783 ποιεῖτὴν
1686 1747 1837 1775 ὑπόστασιν

1041 1791 1216 1825 ὑποστάσεις,
1233 1793 1246 1819 6
1261 1792 1289 1819 δὲ
1309 1792 1359 1824 τὰς
1377 1792 1474 1827 φύσεις
1489 1794 1529 1824 si;
1544 1793 1625 1828 φύσιν
1647 1794 1771 1829 ἀναχέει.
1790 1791 1838 1826 Οἷς

1041 1836 1096 1872 γὰρ
1117 1837 1292 1873 προϐλήμασι
1314 1838 1510 1874 διαιρουμένην
1535 1838 1588 1865 ὑπὸ
1616 1839 1671 1866 τῶν
1695 1840 1839 1876 προτέρων

1042 1883 1115 1910 ἔστιν
1138 1883 1201 1910 ίδεῖν
1226 1884 1275 1920 τὴν
1301 1885 1415 1919 Τριάδα,
1435 1885 1542 1918 τούτοις
1573 1886 1761 1921 συγχεομένην
1786 1886 1840 1913 ὑπὸ

1042 1929 1096 1956 τῶν
1123 1929 1246 1964 ὑστέρων
1275 1930 1444 1965 εὑρίσκομεν
1473 1931 1523 1966 τὴν
1548 1932 1720 1967 οἰκονομίαν·
1744 1929 1784 1964 οἷς
1811 1932 1840 1960 δὲ

1042 1974 1176 2010 διαιροῦσι
1201 1974 1250 2010 τὴν
1279 1976 1439 2010 οἰκονομίαν
1459 1976 1485 2002 οἱ
1510 1977 1575 2009 νῦν,
1601 1977 1710 2009 τούτοις
1739 1979 1840 2005 ἐκεῖνοι

1044 2020 1189 2055 συγχέουσι
1202 2022 1252 2055 τὴν
1267 2021 1394 2057 θεότητα.
1407 2022 1476 2057 Φέρε
1497 2022 1529 2057 δὴ
1555 2020 1602 2050 οὗν
1622 2023 1672 2055 τὰς
1691 2023 1840 2059 προτάσεις

1043 2067 1192 2098 αὑτῶντάς
1209 2068 1371 2100 σοφιστικὰς
1390 2068 1432 2100 είς
1455 2068 1535 2103 μέσον
1552 2068 1591 2104 τῷ
1613 2069 1685 2104 λόγῳ
1708 2070 1841 2105 παρατά-

1045 2121 1156 2148 γωμεν,
1185 2114 1232 2140 καὶ
1255 2113 1351 2149 ὥσπερ
1367 2115 1396 2140 ἐν
1412 2114 1601 2151 δικαστηρίῳ,
1629 2115 1723 2151 χώραν
1747 2116 1842 2148 αὺτοῖς

1044 2158 1099 2185 τῶν
1111 2159 1172 2186 καθ’
1189 2159 1267 2194 ἡμῶν
1283 2160 1466 2195 ἐγκλημάτων
1479 2161 1612 2193 ἐνδόντες,
1626 2161 1698 2188 οὕτω
1711 2161 1840 2188 διαλῦσαι

1045 2206 1096 2237 τὰς
1122 2207 1239 2241 ματαίας
1267 2207 1357 2233 αὐτῶν
1385 2207 1456 2234 κατά
1484 2208 1533 2243 τῆς
1562 2209 1690 2244 ἀληθείας
1717 2209 1840 2242 ἐπινοίας

1046 2253 1246 2288 πειρασόμεθα.

1079 2299 1149 2325 Φασὶ
1165 2299 1278 2335 γάρ-ΕΞ
1304 2299 1351 2326 δύο
1369 2299 1464 2333 φύσεις
1492 2300 1540 2327 ἐπὶ
1562 2300 1610 2327 τοῦ
1635 2302 1694 2333 ἐνὸς
1719 2302 1840 2337 Χριστοῦ

1045 2353 1123 2379 φατε,
1146 2345 1197 2371 οὐκ
1213 2345 1269 2372 ἔστι
1291 2345 1320 2372 δὲ
1339 2345 1420 2379 φύσις
1439 2346 1645 2380 ἀνυπόστατος,
1669 2348 1717 2375 δύο
1738 2348 1792 2384 ἄρα
1807 2349 1841 2376 ἂν

1044 2389 1099 2417 εἷεν
1113 2390 1160 2416 καὶ
1177 2391 1205 2416 αἱ
1221 2390 1388 2422 ὑποστάσεις
1400 2398 1407 2404 ”
1425 2388 1465 2422 εἷς
1476 2391 1505 2418 δέ
1520 2392 1593 2419 ἐστιν
1606 2392 1784 2428 ἀμφοτέροις,
1803 2394 1842 2426 ὡς

1047 2434 1126 2470 ἔφην,
1153 2434 1238 2469 ἁγὼν,
1262 2434 1313 2461 κᾶν
1329 2435 1342 2461 6
1365 2433 1494 2473 σκοπδςῇ
1512 2436 1651 2472 διάφορος.
1667 2438 1698 2464 0i
1721 2439 1770 2472 μὲν
1785 2440 1841 2473 γὰρ

1048 2479 1092 2506 ἵνα
1106 2481 1163 2511 ταῖς
1179 2479 1279 2513 φύσεσι
1292 2481 1514 2515 συνεισαγάγωσι
1535 2481 1585 2514 τὰς
1605 2483 1771 2514 ὑποστάσεις
1784 2503 1791 2513 ,
1817 2484 1841 2509 οἱ

1047 2527 1075 2553 δὲ
1095 2527 1138 2553 ἵνα
1153 2527 1196 2554 διὰ
1211 2527 1264 2554 τῶν
1280 2529 1458 2555 ὐποστάσεων
1473 2530 1519 2555 καὶ
1533 2529 1582 2561 τὰς
1601 2529 1696 2564 φύσεις
1713 2531 1840 2563 ἁνέλωτι,

1048 2573 1087 2608 τῷ
1106 2572 1180 2608 αὑτῷ
1207 2573 1357 2609 κέχρηνται
1371 2574 1557 2611 προϐλήματι.
1579 2575 1649 2601 Ἀλλ’
1669 2575 1844 2602 ἁκουέτωσσν

1049 2619 1096 2645 καὶ
1111 2619 1179 2654 προς
1202 2619 1281 2654 ἡμῶν
1301 2620 1325 2646 οἱ
1340 2621 1388 2655 τῆς
1402 2621 1540 2655 Εὑτυχοῦς
1558 2621 1654 2656 μοίρας
1673 2629 1679 2636 ·
1691 2621 1705 2647 ὁ
1724 2621 1773 2656 μὲν
1790 2622 1844 2656 γάρ

1048 2672 1089 2691 τις
1107 2665 1194 2696 κοινὸς
1214 2665 1280 2700 ἡμῖν
1293 2665 1361 2700 πρὸς
1379 2666 1539 2701 ἑκατέρους,
1553 2666 1608 2693 ὁδὶ
1625 2666 1689 2698 ἴδιός
1702 2667 1760 2692 ἐστι
1777 2667 1844 2701 πρῖς

1061 2833 1251 2896 μὲί)ΒΕτιί1ι›ιη
1276 2833 1357 2861 habet
1386 2833 1412 2860 in
1431 2833 1500 2860 libro
1517 2833 1554 2861 D:
1573 2833 1658 2865 arctis,
1670 2837 1724 2860 act.
1743 2832 1769 2866 Ι,
1785 2840 1845 2868 pag.

1075 2870 1084 2895 ἒ
1113 2890 1115 2894 .
1155 2877 1211 2895 ass.

1057 2870 1115 2895 4'36.
1134 2870 1211 2895 Raris.
