1973 3098
137 163 201 198 1277

663 159 812 189 CONTRA
833 155 992 188 NESTOR.
1011 156 1059 186 ET
1079 154 1242 185 EUTYCH.

1701 146 1770 180 1278

131 218 242 248 τούτους
257 215 341 249 ἀγών.
363 214 396 241 Τί
407 214 435 241 δὲ
449 215 526 249 ὑμεῖς
543 222 626 248 (pars;
642 213 715 242 Μίαν
727 213 819 243 ἁπλῶς
833 211 917 246 lsi-rat.

978 213 1037 241 est;
1052 208 1195 243 proprium
1213 214 1280 234 vero
1293 209 1390 233 contra
1407 205 1467 232 hos.
1484 203 1556 238 Quid
1568 211 1617 231 vos
1625 211 1692 231 vero
1700 203 1770 231 dici-

132 263 231 298 φὺσιν;
249 262 298 294 Οὒ,
322 261 416 296 φασὶν,
432 259 499 287 ἀλλὰ
521 261 585 295 μίαν
600 258 825 294 σεσαρκωμένην.
839 258 923 284 Οὐδὲν

131 309 158 335 δὲ
180 307 279 334 κωλύει
298 307 345 333 καὶ
372 305 549 341 χαριέστερον
569 305 634 339 ὑμῖν
654 303 858 338 συμπλακῆναι,
875 302 923 337 τὴν

133 354 182 388 μὲν
196 353 228 388 δὴ
258 352 322 388 μίαν
344 351 378 387 ἦν
406 360 476 386 φατε
503 350 551 377 τοῦ
579 350 664 384 Λόγου
693 349 775 384 φύσιν
795 349 923 380 λαϐόντες

132 399 230 434 ἔχομεν
250 399 316 434 παρ’
329 397 415 433 ὑμῶν.
431 397 498 432 Περὶ
512 397 541 424 δὲ
557 397 608 431 τῆς
627 396 725 432 ἐτέρας
740 395 810 421 ἔστω
829 395 845 430 ἡ
867 395 924 421 δια-

133 445 224 480 μάχη⁶
246 444 280 480 ἠν
300 443 381 478 φύσιν
400 443 450 478 μὲν
476 443 575 478 ἑτέραν
595 441 671 476 παρὰ
698 441 746 476 τὴν
768 440 815 467 τοῦ
834 440 922 474 Λόγου

131 491 220 526 φαμὲν
235 491 334 526 ἡμεῖς,
353 489 422 524 σὰρξ
441 489 468 515 δὲ
493 489 561 524 πρὸς
583 488 659 523 ὑμῶν
674 487 815 514 καλεῖσθαι
839 486 921 521 φιλεῖ.

131 538 163 563 Τί
180 544 248 571 φατε
262 536 388 572 περὶτῆς
401 535 504 571 σαρκὸς
525 535 645 569 eadem;
662 533 718 569 ἔχει
734 533 825 568 φύσιν,
842 533 858 568 ἢ
875 533 922 559 οὺ-

132 583 233 618 σίαν,ῆ
253 583 337 618 μέρος
352 590 384 616 γε
408 581 535 616 φύσεωςς
558 580 605 607 τοῦ
627 581 656 607 δὲ
675 581 770 612 πόσου,
792 580 870 614 ὑμεῖς
890 579 923 606 ἂν

129 630 202 664 εἴητε
222 629 323 664 κύριοι,
351 628 406 654 εἴτε
429 628 528 663 ἥμισυ,
541 626 597 653 εἴτε
617 626 719 661 τρίτον,
738 625 794 652 εἴτε
816 634 842 652 τι
859 625 923 652 ἄλλο

131 675 317 711 ποστημόριον
332 674 425 701 καλεῖν
439 673 542 700 θέλετε.
564 673 619 699 Καὶ
634 672 679 699 ἵνα
697 671 736 708 τῷ
757 671 832 707 αὐτῷ
858 671 923 705 ὑμῖν

129 721 275 756 χρήσωμαι
293 721 424 755 σχήματι,
448 719 506 745 ἐστι
526 718 595 754 σὰρξ
620 717 754 749 ἁνούσιος,
775 717 791 753 ἢ
814 717 923 751 φύσεως

129 767 261 801 ἂμοιρος;
287 767 343 793 Καὶ
366 765 424 798 πῶς
447 766 480 792 ἂν
506 764 698 800 ἁποφεὺξεσθε
720 763 768 799 τὴν
786 764 922 798 ὑμετέραν

127 812 261 848 ἁπορίανς
274 813 307 840 Et
322 812 372 847 μὲν
388 812 444 848 γάρ
459 813 520 838 ἐστι
534 810 603 846 σὰρξ
625 810 761 847 ἀνούσιος,
777 810 793 844 ἢ
815 810 922 844 φύσεως

127 858 221 890 ἐκτὸς,
248 857 354 891 δείξατε
377 858 420 890 τίς
435 857 513 890 οὖσα,
530 857 577 885 καὶ
597 857 655 888 πῶς
670 856 770 892 ἔχουσα
792 856 921 891 τυγχὰνει

976 257 1010 283 tis
1025 263 1107 282 unam
1125 258 1251 281 naturam
1276 260 1338 280 esse
1350 253 1361 278 ?
1374 252 1446 284 Nan,
1463 251 1605 286 inquiunt,
1622 251 1669 278 sed
1684 257 1768 277 unam

975 301 1239 330 ineariiataiii.Nihil
1256 304 1348 327 autem
1375 298 1505 334 prohibet
1532 297 1599 332 quin
1625 296 1768 324 vobiscum

974 350 1185 384 conjungamur.
1202 348 1289 375 Unam
1307 347 1400 380 itaque
1416 349 1541 372 naturam
1557 343 1658 376 Verbi,
1684 350 1767 379 quam

975 395 1078 427 dicitis,
1095 403 1110 422 a
1126 394 1204 422 vobis
1233 393 1324 421 datam
1341 397 1370 419 et
1393 398 1552 419 concessam
1575 395 1712 418 tenemus.
1729 389 1767 415 De

974 443 1061 470 altera
1078 447 1169 470 autem
1188 446 1287 469 natura
1300 440 1510 470 contendamus,
1529 447 1612 473 quam
1639 443 1765 465 naturam

974 490 1055 516 aliam
1072 497 1132 516 esse
1150 488 1268 516 dicimus
1291 490 1391 522 praeter
1407 491 1534 513 naturam
1550 484 1651 517 Verbi,
1677 491 1738 518 quae
1751 491 1766 510 ο

974 536 1053 563 vobis
1070 535 1124 562 dici
1141 535 1220 562 solet.
1233 533 1303 567 Quid
1322 533 1356 560 de
1374 532 1425 559 hac
1440 539 1522 558 carne
1540 530 1656 558 dicitis?
1671 529 1768 556 habet—

974 590 1009 609 ne
1021 587 1161 613 naturam,
1176 580 1219 608 vel
1237 579 1430 610 substantiam,
1460 581 1508 605 aut
1532 581 1637 612 partem
1654 575 1766 611 quidem

974 627 1099 656 naturae?
1109 631 1245 662 quantum
1257 629 1348 653 autem
1362 624 1472 655 habeat,
1486 623 1514 650 in
1527 627 1617 650 vestra
1629 625 1766 656 potestate

973 677 1025 706 est,
1042 672 1100 700 sive
1116 671 1269 703 dimidiam,
1281 672 1338 698 sive
1354 670 1462 697 tertiam
1481 667 1666 704 partem,sive
1682 667 1766 693 aliam

974 718 1116 745 minimam
1132 721 1238 753 partem
1252 724 1352 744 vocare
1371 716 1449 743 libet.
1467 715 1500 742 Et
1519 719 1548 741 ut
1564 713 1660 741 eadem
1679 712 1766 738 forma

974 764 1184 799 argumentandi
1201 764 1343 791 vobiscum
1360 767 1432 794 utar,
1448 766 1528 788 estne
1550 767 1614 787 caro
1629 757 1765 788 ἁνούσιος,

974 810 1002 837 id
1015 815 1068 843 est,
1087 818 1186 845 expers
1200 810 1372 841 substantizn,
1387 809 1428 835 vel
1442 815 1540 842 expers
1558 805 1681 833 natum?
1693 804 1767 837 Quo-

974 857 1056 884 modo
1067 863 1189 884 nostram
1205 856 1386 892 qumstionem
1402 853 1557 889 etl‘ugictis?
1569 852 1677 880 Etenim
1689 851 1711 879 si
1724 853 1767 878 est

126 903 207 939 αὕτη,
223 904 272 931 καὶ
286 905 365 939 ἡμεῖς
381 903 540 939 στέρξομεν.
557 903 588 929 Et
602 903 631 929 δὲ
646 904 694 937 τῆς
712 902 830 937 ἐσχάτης
842 901 916 928 ἐστὶν

970 911 1032 931 caro
1057 912 1156 938 expers
1181 903 1352 934 substantiat,
1379 901 1422 929 vel
1446 905 1525 927 extra
1541 904 1687 930 naturam.
1718 897 1766 925 de-

125 949 256 984 ἀμαθίας,
278 949 369 985 σάρκα
385 948 572 981 ὑποτίθεσθαι,
588 949 638 975 οὐκ
653 947 735 975 οὖσαν
758 947 831 973 τοῦθ’
852 947 921 982 ὅπερ

125 995 173 1021 καὶ
196 994 318 1028 λέγεται,
339 994 356 1030 ἦ
372 994 403 1021 οὑ
418 994 569 1029 λεγομένην
585 994 653 1029 ὅπερ
670 994 755 1026 ἐστὶν,
779 993 839 1024 πῶς
854 994 920 1020 ἀπο-
934 1009 939 1012 -

125 1039 257 1074 φεύξεσθε
273 1041 306 1076 ἣν
330 1041 397 1076 ἡμῖν
412 1040 491 1067 αὐτοὶ
515 1040 699 1076 προεΰάλεσθε
718 1039 870 1075 πρότασινς
888 1040 920 1066 Εἰ

125 1087 180 1122 γὰρ
208 1087 260 1113 οὑκ
284 1087 343 1113 ἔστι
359 1086 428 1122 σὰρξ
455 1086 596 1119 ἀνούσιος,
625 1086 749 1113 τουτέστι
767 1085 848 1120 ςύσιν
871 1085 920 1112 οὐκ

124 1133 225 1168 ἔχουσα
238 1153 245 1165 ,
263 1133 313 1159 οὑκ
340 1132 399 1160 ἐστι
421 1132 450 1159 δὲ
470 1132 551 1167 φύσις
570 1132 757 1163 ἀνυπόστατος
770 1152 776 1164 ,
798 1133 848 1159 οὐκ
867 1131 920 1167 ἄρα

122 1179 202 1206 ἔσται
220 1178 288 1214 σὰρξ
301 1178 487 1209 ἀνυπόστατος
498 1186 504 1193 ·
522 1178 581 1214 ὥρα
598 1177 629 1214 δὴ
643 1177 690 1204 οὖν
707 1178 779 1213 ὑμᾶς
795 1178 811 1214 ἦ
829 1178 920 1205 τέλεον

123 1223 368 1250 ἀποσκευάσασθαι
380 1223 482 1260 σαρκὸς
495 1224 546 1259 τὴν
559 1223 652 1259 φύσιν,
666 1224 682 1259 ἢ
698 1224 745 1250 δύο
757 1225 920 1256 ὑποστάσεις

122 1270 224 1304 διδόναι
238 1270 277 1306 τῷ
303 1271 415 1307 Κυρίῳ,
440 1271 511 1298 κατὰ
528 1270 577 1307 τὴν
602 1272 739 1307 ὑμετέραν
758 1271 919 1306 νομοθεσίαν

122 1316 171 1351 τὴν
184 1317 352 1351 φάσκουσαν,
366 1316 423 1344 Οὐκ
438 1317 495 1344 ἐστι
514 1317 594 1352 φύσις
606 1318 800 1349 ἀνυπόστατος.
818 1318 851 1345 Εἰ
865 1318 920 1354 γὰρ

122 1363 172 1389 οὐκ
193 1363 252 1390 ἔστι
278 1363 359 1399 φύσις
383 1364 588 1397 ἀνυπόστατος,
613 1363 695 1398 φύσιν
714 1364 742 1391 δὲ
767 1364 814 1390 τοῦ
831 1364 919 1398 Λόγου

120 1409 224 1443 λέγετε,
248 1410 297 1437 καὶ
323 1410 473 1437 ὑπόστασιν
496 1410 551 1445 ἄρα
578 1410 617 1445 τῷ
640 1410 719 1445 Λόγῳ
737 1410 847 1437 δώσετε.
866 1411 920 1437 Καὶ

121 1455 181 1482 ἐστι
206 1455 301 1483 λοιπὸν
318 1457 382 1492 περὶ
401 1456 452 1492 τῆς
469 1456 571 1492 σαρκὸς
588 1456 619 1482 τὸ
636 1457 813 1492 ζητούμενον,
838 1457 862 1483 εὶ
880 1457 917 1492 μὴ

121 1502 168 1528 καὶ
185 1501 255 1537 αῦτη
270 1503 320 1538 τὴν
336 1502 416 1536 φύσιν
429 1502 531 1537 ἔχουσα
545 1502 595 1536 τὴν
611 1501 690 1534 ἰδίαν,
719 1501 844 1533 ἀξιοῦται
870 1501 918 1527 καὶ

120 1549 173 1583 τῆς
191 1548 318 1584 κλήσεως
331 1557 338 1564 ·
351 1548 398 1576 καὶ
411 1548 515 1584 ταύτης
535 1557 567 1583 γε
578 1548 710 1583 τυχοῦσα,
723 1547 780 1583 ἔχοι
797 1548 843 1574 καὶ
867 1547 917 1582 τὴν

121 1595 288 1622 ὑπόστασιν¹
314 1595 331 1631 ἢ
357 1596 394 1632 μὴ
424 1595 598 1630 ἐχουσα,τὴν
620 1595 768 1622 ὑπόστασιν
797 1595 844 1622 καὶ
866 1594 916 1630 τὴν

120 1641 203 1676 φύσιν
236 1642 448 1677 προσαπολέσει.
481 1642 560 1669 Οὕτω
591 1641 640 1676 μὲν
671 1639 718 1668 οὖν
745 1642 825 1675 ὑμεῖς
855 1642 917 1672 ταῖς

120 1687 236 1719 οἰκείαις
252 1687 381 1723 ἀπορίαις
395 1688 531 1724 ἐνέχεσθε,
545 1688 593 1715 καὶ
605 1687 681 1715 οὐδὲν
698 1687 776 1723 παρὰ
790 1687 870 1714 τοῦτο
887 1687 916 1714 τὸ

121 1733 275 1768 πανοῦργον
299 1734 372 1768 ὑμᾶς
399 1734 451 1766 ἔξω
475 1734 530 1760 τῶν
553 1733 674 1761 εὐθυνῶν
700 1734 860 1768 πεποίηκεν,
878 1729 916 1760 ὧν

120 1780 193 1815 ἡμᾶς
205 1779 373 1816 ὲγρὰψασθε.
388 1781 437 1807 Ἕν
455 1780 495 1807 ἔτι
516 1781 571 1807 τῶν
588 1781 701 1815 ἀπόρων
724 1779 914 1813 ὲπιλύσαντες,

120 1825 218 1852 πολλοῦ
232 1834 303 1858 τινος
317 1826 387 1858 ἄξιοι
416 1826 562 1861 φανεῖσθε·
579 1826 603 1852 εἰ
618 1826 669 1852 οὑκ
688 1825 745 1852 ἐστι
764 1825 846 1860 φύσις
867 1826 915 1852 ἀν-

120 1871 281 1904 υπόστατος,
297 1872 329 1899 ἐκ
345 1872 392 1899 δύο
406 1872 436 1899 δὲ
453 1872 560 1907 φύσεων
574 1871 732 1906 ὁμολογεῖτε
743 1871 789 1898 τὸν
801 1871 914 1907 Κύριον,

120 1918 153 1945 ὲκ
167 1918 215 1945 δύο
226 1918 280 1954 ἄρα
295 1919 372 1946 ἔσται
383 1919 430 1946 καὶ
445 1918 622 1945 ὑποστάσεων
633 1926 641 1934 '
657 1918 704 1945 καὶ
719 1917 762 1950 τίς
778 1917 870 1945 λοίπδν
882 1918 914 1953 τῇ

121 1964 269 2000 Νεπορίου
282 1965 415 2002 διαιρέσει
431 1965 581 1997 ὑπεύθυνος
602 1964 761 2000 γεγένηται,
783 1965 847 2000 ὑμῖν
861 1973 916 1991 πα-

108 2011 300 2047 ,ραχωροῦμεν
327 2013 450 2039 σκοπεῖν.
472 2012 550 2039 Οὕτω
575 2013 624 2048 μὲν
640 2010 688 2039 οὖν
709 2012 792 2048 ὑμᾶς,
808 2012 856 2038 καὶ
871 2011 916 2039 διὰ

121 2057 222 2085 τούτων
239 2058 465 2094 ἀπεπεμψάμεθα
476 2067 484 2074 ·
509 2060 564 2091 τοῖς
584 2059 613 2086 δὲ
636 2059 669 2086 ὲκ
686 2058 834 2094 διαμέτρου
849 2058 916 2094 ὑμῖν

120 2104 302 2139 ἀποσφαλεῖσι
318 2106 369 2140 τῆς
382 2104 523 2140 ἀληθείας,
541 2105 613 2133 οὕτω
627 2106 807 2141 διαλεξόμεθα
817 2115 824 2121 ·

156 2195 194 2222 Οὺ
212 2195 321 2229 ταὺτδν,
335 2192 358 2223 ὦ
379 2193 464 2229 οὗτοι,
482 2197 633 2229 ὑπόστασις
653 2198 700 2224 καὶ
722 2198 913 2231 ὲνυπόστατον,

120 2241 217 2277 ὥσπερ
225 2242 318 2278 ἕτερον
331 2243 411 2270 οὐσία
422 2243 470 2270 καὶ
484 2243 606 2270 ἑνούσιον
616 2251 622 2258 ·
639 2244 655 2279 ἡ
671 2243 719 2278 μὲν
729 2244 784 2279 γὰρ
798 2244 915 2270 ὑπόστα-
931 2242 952 2269 D

121 2296 163 2318 σις
177 2288 222 2314 τὸν
236 2288 298 2315 τινὰ
321 2288 407 2324 δηλοῖ,
425 2288 456 2315 τὸ
469 2288 499 2315 δὲ
513 2289 698 2315 ἐνυπόστατον
725 2288 774 2324 τὴν
799 2289 894 2316 οὐσίαν
904 2297 911 2304 ·

119 2334 168 2360 καὶ
182 2334 199 2368 ὴ
225 2334 275 2368 μὲν
294 2334 455 2367 ὑπόστασις,
477 2335 625 2370 πρόσωπον
639 2334 766 2369 ἀφορίζει
792 2335 848 2366 τοῖς
863 2343 913 2370 χα-

120 2381 345 2414 ρακτηριστικοῖς
361 2379 503 2415 ίδιώμοιοί⁹
521 2381 551 2406 τὸ
567 2380 596 2407 δὲ
614 2381 806 2414 ἐνυπόστατον,
829 2380 860 2407 τὺ
876 2381 913 2416 μὴ

118 2423 189 2452 εἶναι
208 2425 274 2452 αὐτὸ
291 2425 464 2460 συμϐεϐηκὸς
492 2426 578 2461 δηλοῖ,
599 2426 614 2453 ὃ
636 2428 665 2453 ἐν
691 2426 778 2463 ἑτέρῳ
801 2427 858 2463 ἔχει
883 2428 915 2454 τὸ

119 2470 211 2505 εἶναι,
240 2472 287 2498 καὶ
311 2472 360 2499 οὑκ
375 2473 404 2499 ὲν
431 2472 523 2507 ἑαυτῷ
548 2472 702 2509 θεωρεῖται.
731 2474 862 2501 Τοιαῦται
885 2474 914 2500 δὲ

120 2519 206 2545 πᾶσαι
217 2518 245 2545 αἱ
264 2517 419 2552 ποιότητες,
430 2517 461 2543 αἴ
476 2525 506 2543 τε
521 2517 661 2549 οὒσιώδεις
676 2519 722 2545 καὶ
738 2518 914 2550 ὲπουσιώδεις

119 2564 307 2600 καλούμεναι,
337 2560 375 2591 ὧν
400 2563 531 2599 οὐδετέρα
567 2564 641 2590 ἐστὶν
671 2564 762 2597 οὐσία,
789 2567 913 2592 τουτέστι

120 2611 237 2646 πρᾶγμα
258 2609 394 2646 ὑφεστὼς,
417 2609 476 2636 ἀλλ’
491 2609 505 2636 ὃ
524 2609 569 2635 ἀεὶ
583 2609 645 2644 περὶ
666 2609 716 2645 τὴν
738 2610 831 2638 οὐσίαν
846 2611 912 2639 θεων

121 2657 221 2691 ρεῖται,
240 2656 277 2688 ὡς
292 2655 392 2692 χρῶμα
412 2656 441 2682 ὲν
457 2653 574 2690 σώματι,
600 2655 648 2681 καὶ
663 2654 701 2687 ὡς
725 2656 865 2692 ἐπιστήμη
884 2657 913 2683 ἐν

119 2701 204 2737 ψυχῇ.
217 2702 247 2729 '0
259 2703 348 2730 τοίνυν
357 2702 456 2736 λέγων,
470 2701 528 2728 Οὐκ
538 2701 612 2728 ἐστιν
624 2702 704 2737 φύσις
715 2702 911 2735 ἀνυπόστατος,

121 2747 219 2782 ἀληθὲς
233 2750 281 2784 μὲν
292 2749 367 2783 λέγει
379 2757 386 2764 ⁸
401 2749 432 2776 οὑ
451 2749 504 2785 μὴν
517 2748 604 2784 ὀρθῶς
620 2748 812 2784 συμπεραίνει,
831 2749 860 2776 τὺ
875 2750 911 2784 μὴ

121 2795 306 2823 ἀνυπόστατον
318 2797 442 2831 συνάγων
459 2798 498 2829 είς
511 2797 541 2823 τὸ
554 2796 703 2823 ὑπόστασιν
717 2794 787 2823 εἶναι
799 2805 804 2811 ·
818 2797 912 2832 ὥσπερ

122 2841 156 2867 ὰν
170 2842 245 2873 εῐτις
263 2842 300 2877 μὴ
319 2841 388 2869 εἶναι
400 2843 474 2877 λέγοι
492 2844 571 2878 σῶμα
584 2844 798 2878 ἀσχημάτιστον,
814 2844 913 2878 ἀληθὲς

123 2885 226 2922 λέγων·
244 2887 337 2915 ἔπειτα
364 2889 476 2924 συνάγοι
493 2890 542 2917 οὐκ
562 2890 648 2926 ὀρθῶς
669 2890 698 2917 τὸ
726 2890 818 2925 σχῆμα
837 2891 912 2926 ςῶμα

974 953 1136 981 monstrate,
1150 957 1211 984 quae
1229 953 1280 980 est,
1297 951 1325 975 et
1340 946 1478 982 quomodo
1497 946 1555 973 lizec
1567 945 1659 974 habet.
1677 948 1703 971 et
1715 950 1766 970 nos

972 995 1192 1029 acquiescemus.
1203 994 1251 1022 Sin
1267 999 1359 1021 autem
1372 991 1626 1020 extreimeiuscitizc
1640 995 1692 1021 est,
1710 998 1765 1024 quo

972 1041 1055 1068 modo
1080 1041 1220 1076 eti‘ugielis
1234 1061 1241 1073 ,
1271 1048 1353 1076 quam
1374 1039 1425 1074 ipsi
1443 1039 1524 1066 nobis
1547 1037 1764 1072 propositionem

972 1088 1112 1122 objicitis?
1134 1087 1163 1115 Si
1175 1087 1249 1115 enim
1268 1095 1322 1114 non
1342 1091 1385 1114 est
1399 1094 1464 1114 caro
1480 1092 1579 1120 expers
1589 1083 1763 1115 subSIantite,

973 1134 999 1161 id
1018 1138 1069 1165 est,
1093 1142 1148 1161 non
1172 1134 1276 1161 habens
1293 1138 1420 1161 naturam
1434 1153 1441 1164 ,
1470 1140 1525 1159 non
1541 1135 1583 1158 est
1600 1136 1692 1159 autent
1716 1138 1764 1158 na-

972 1185 1032 1207 tura
1051 1180 1110 1207 sine
1133 1179 1270 1215 hypostasi
1284 1201 1291 1212 ,
1319 1187 1374 1206 non
1392 1182 1433 1206 est
1453 1179 1537 1214 igitur
1557 1185 1622 1205 caro
1637 1178 1696 1204 sine
1713 1177 1763 1212 hy-

971 1227 1084 1261 postasi.
1099 1226 1214 1261 Oportet
1230 1234 1294 1260 ergo
1318 1233 1386 1256 vos,
1413 1229 1461 1252 aut
1487 1230 1613 1251 naturam
1638 1231 1653 1250 a
1680 1231 1764 1250 carne

971 1272 1081 1306 penitus
1097 1280 1250 1304 removere,
1265 1276 1313 1299 aut
1326 1271 1394 1298 duas
1408 1271 1569 1306 hypostases
1580 1269 1698 1296 Domino
1716 1268 1764 1295 tri-

971 1318 1056 1345 buere
1071 1317 1222 1345 secundum
1239 1318 1326 1353 legem
1342 1320 1470 1349 vestram,
1485 1323 1546 1350 qua;
1556 1314 1623 1342 dicit
1633 1321 1687 1342 non
1702 1320 1763 1341 esse

971 1370 1097 1393 naturam
1123 1365 1182 1392 sine
1198 1363 1348 1399 hypostasi.
1363 1361 1472 1390 Etenim
1490 1361 1512 1389 si
1532 1369 1586 1388 non
1603 1364 1646 1388 est
1663 1365 1764 1387 natura

971 1413 1028 1439 sine
1045 1411 1196 1447 hypostasi,
1213 1415 1340 1438 naturam
1356 1414 1448 1437 autem
1462 1409 1546 1436 Verbi
1562 1408 1665 1440 dicitis,
1678 1407 1764 1443 hypo-

970 1459 1065 1486 stasim
1091 1465 1157 1492 ergo
1170 1457 1260 1485 Verbo
1283 1456 1397 1483 dabitis.
1419 1455 1454 1483 Et
1469 1455 1635 1490 relinquitur
1647 1453 1763 1489 quaestio

970 1505 1003 1532 de
1017 1513 1111 1533 carne.
1131 1504 1228 1532 Utrum
1253 1504 1275 1531 si
1292 1511 1348 1531 non
1363 1502 1448 1530 habet
1464 1502 1605 1537 propriam
1620 1505 1761 1531 naturam,

970 1556 1085 1579 vocetur
1100 1559 1175 1584 caro,
1187 1554 1215 1578 et
1227 1556 1333 1582 vocata.
1350 1549 1450 1577 habeat
1464 1548 1548 1576 etiam
1571 1547 1740 1583 hypostasim
1751 1555 1766 1580 ς’

968 1602 1016 1626 aut
1027 1606 1081 1625 non
1092 1598 1198 1625 habens
1211 1596 1391 1632 hypostasim,
1401 1596 1484 1623 etiam
1500 1598 1626 1622 naturam
1640 1593 1760 1621 amittat.

969 1643 1014 1672 Sic
1028 1644 1113 1679 igitur
1133 1651 1181 1670 vos
1192 1643 1294 1671 vestris
1311 1641 1533 1670 dubitatiouibus
1546 1640 1665 1669 convicti
1681 1639 1758 1667 estis.

968 1693 1002 1720 Et
1018 1692 1092 1720 nulla
1105 1691 1226 1719 versutia
1241 1699 1290 1718 vos
1301 1695 1378 1718 extra
1394 1697 1490 1724 puenas
1501 1696 1597 1716 eorum
1611 1686 1758 1716 criminum

967 1737 1001 1765 de
1014 1738 1116 1772 quibus
1133 1745 1182 1764 nos
1207 1736 1375 1767 accusastis,
1397 1743 1458 1763 esse
1479 1734 1571 1762 faciet.
1589 1734 1622 1761 Et
1639 1733 1661 1761 si
1677 1741 1759 1761 unam

967 1784 1149 1819 quaestionem
1164 1783 1312 1815 solveritis,
1326 1790 1426 1817 magno
1441 1782 1546 1808 honore
1557 1779 1633 1816 digni
1646 1786 1760 1815 appare-

967 1830 1044 1857 bitis.
1061 1829 1089 1857 Si
1109 1837 1163 1856 non
1179 1833 1222 1856 est
1236 1833 1334 1855 natura
1353 1827 1412 1855 sine
1424 1826 1567 1863 hypostasi
1578 1847 1585 1858 ,
1602 1834 1636 1853 ex
1651 1825 1764 1853 duabus.

967 1881 1058 1904 autem
1077 1875 1183 1903 naturis
1194 1883 1255 1902 esse
1271 1873 1417 1901 Dominum
1436 1872 1605 1903 conceditis,
1619 1876 1661 1899 est
1675 1870 1761 1906 igitur

966 1931 1000 1951 ex
1016 1923 1124 1951 duabus
1140 1921 1344 1958 hypostasibus.
1357 1920 1424 1953 Quis
1437 1919 1520 1954 igitur
1535 1922 1650 1953 propter
1660 1917 1764 1945 Nesto-

967 1969 1001 1996 rii
1017 1969 1181 1996 divisionem
1202 1968 1387 2003 hypostaseon
1403 1973 1466 1993 reus
1483 1964 1577 1996 fuerit,
1603 1963 1683 1991 vobis
1697 1971 1763 1998 per-

966 2014 1260 2050 mittimusjmlicium.
1275 2013 1320 2040 Sic
1333 2019 1399 2047 ergo
1411 2019 1459 2038 vos
1471 2011 1516 2038 his
1533 2009 1703 2045 argumentis
1714 2016 1763 2036 re-

966 2063 1054 2090 victos
1074 2061 1248 2089 dimittimus.
1276 2060 1344 2087 Cum
1376 2060 1409 2087 iis
1434 2063 1525 2086 autem
1546 2058 1593 2092 qui
1619 2056 1762 2084 contrario

966 2109 1049 2136 modo
1065 2113 1148 2143 atque
1174 2116 1224 2135 nos
1250 2115 1265 2134 a
1291 2106 1406 2134 veritate
1421 2106 1564 2135 aberrant,
1575 2103 1616 2131 sic
1631 2103 1759 2138 disputa~

967 2155 1069 2183 bimus.

1002 2201 1062 2229 Non
1074 2204 1117 2228 est
1132 2200 1204 2228 idem
1223 2197 1641 2236 hypostasis,ctenhypostaton,
1658 2196 1685 2223 id
1703 2200 1763 2229 est,

966 2249 1040 2284 quod
1053 2253 1094 2276 est
1109 2249 1136 2276 in
1152 2247 1337 2278 subsistente;
1356 2246 1428 2273 sicut
1444 2245 1517 2272 aliud
1531 2250 1574 2272 est
1589 2244 1763 2274 substantia,

966 2297 993 2320 et
1012 2293 1086 2320 aliud
1109 2299 1169 2320 esse
1193 2292 1220 2318 in
1237 2291 1406 2320 substantia,
1424 2289 1445 2316 si
1465 2289 1578 2324 quidem
1599 2287 1763 2323 hypostasis

966 2337 1085 2372 aliquem
1117 2344 1201 2363 unum
1224 2335 1362 2366 declarat;
1381 2342 1441 2361 esse
1457 2333 1761 2368 autemenhypostatotr

966 2382 1089 2410 declarat
1114 2381 1307 2413 substantiam,
1324 2379 1372 2407 sed
1389 2387 1442 2406 non
1463 2379 1583 2413 aliquem
1600 2386 1684 2404 unum
1699 2387 1705 2404 :
1726 2382 1758 2404 et

967 2429 1121 2465 hypostasis
1137 2427 1248 2463 quidem
1266 2434 1410 2462 personam
1428 2425 1524 2452 deﬁnit
1539 2423 1761 2459 proprietatibus.

965 2475 1184 2511 designantihus:
1193 2476 1392 2511 euhypostaton
1400 2479 1467 2499 vero
1479 2470 1616 2506 signiﬁcat
1626 2478 1681 2497 non
1694 2477 1754 2496 esse

965 2523 1103 2554 accidens,
1127 2521 1200 2556 quod
1220 2521 1248 2548 in
1266 2521 1319 2547 alio
1346 2520 1427 2546 habet
1451 2522 1480 2545 ut
1497 2518 1544 2550 sit,
1563 2521 1590 2544 et
1609 2524 1663 2544 non
1679 2516 1706 2543 in
1726 2523 1760 2543 se

965 2569 1098 2596 cernitur.
1116 2566 1275 2602 Cujusmodi
1292 2570 1356 2594 sunt
1369 2573 1465 2592 (nunt-5
1478 2564 1636 2599 qualitates,
1650 2567 1677 2589 et
1694 2570 1759 2597 qua?

965 2616 1160 2644 substantiales
1178 2616 1261 2642 etiam
1282 2613 1425 2645 dicuntur,
1449 2620 1482 2639 cx
1505 2612 1606 2646 quibus
1623 2610 1697 2638 nulla
1713 2614 1755 2636 est

964 2661 1129 2694 substantia,
1147 2661 1173 2688 id
1196 2665 1248 2693 est,
1271 2667 1316 2687 res
1337 2667 1385 2694 per
1409 2666 1437 2686 se
1460 2658 1606 2689 exsistens,
1624 2657 1672 2684 scd
1694 2663 1757 2690 quae

964 2716 1073 2743 semper
1097 2708 1171 2735 circa
1198 2707 1381 2734 substantiam
1406 2705 1545 2735 cernitur,
1573 2709 1602 2730 ut
1625 2703 1701 2730 color
1727 2701 1754 2727 in

964 2762 1089 2789 corpore.
1113 2757 1140 2781 et
1164 2752 1279 2780 scientia
1306 2751 1333 2779 iu
1359 2751 1459 2779 anima.
1486 2750 1536 2783 Qui
1564 2749 1646 2784 igitur
1666 2747 1751 2774 dicit:

964 2801 1022 2827 Non
1043 2804 1084 2828 est
1104 2804 1202 2827 natura
1219 2800 1278 2826 sine
1304 2798 1458 2834 hypnstasi,
1479 2805 1574 2824 verum
1598 2795 1679 2827 dicit;
1700 2802 1753 2821 oon

965 2851 1056 2875 tamen
1076 2851 1149 2874 recte
1172 2846 1322 2877 concludit,
1346 2854 1407 2872 cum
1431 2843 1573 2872 concludit
1606 2841 1678 2870 ιυιιιιί
1699 2849 1752 2867 non

964 2897 1006 2920 est
1021 2893 1079 2920 sine
1097 2892 1235 2927 Inpostasi
1253 2891 1410 2927 hypostasin
1432 2898 1507 2918 esse:
1524 2894 1550 2916 ut
1568 2889 1589 2915 si
1609 2896 1669 2923 quis
1681 2886 1753 2914 dicat
