1973 3098
142 170 205 203 Ῑὲἱδί

627 183 631 187 ’
672 173 819 203 CONTRA
842 174 1001 205 Νὶίὅῐωὶ.
1023 176 1069 205 E'l'
1090 177 1138 207 Εἴ
1150 177 1252 207 l'i'Cll.

1701 175 1768 208 1289.

138 227 323 262 παράδειγμα,
341 227 387 253 τοῦ
412 227 480 262 αὐτῇ
499 228 529 262 τῇ
546 227 623 263 οὐσίᾳ
645 227 690 254 τὸν
703 228 790 262 Λόγον
806 228 914 263 ήνὼσθα

979 230 1037 257 istis
1063 231 1134 258 male
1159 231 1280 264 feriatis,
1309 237 1338 259 ιιι
1361 231 1536 266 imperfectas
1561 237 1677 265 vocent,
1705 241 1768 262 cum

136 273 175 309 τῷ
199 273 229 306 ἐξ
245 273 324 308 ἡμῶν
344 272 450 308 σώματι
467 273 514 300 καὶ
535 273 596 307 μηδ’
611 273 642 300 ἄν
662 281 730 299 ποτε
744 275 829 309 χωρὶς
844 274 928 300 αὑτοῦ

135 319 334 354 τεῡεωρῆηὒαι,
354 320 377 345 εἰ
393 320 439 346 καὶ
455 319 536 350 σώζοι
559 320 610 346 κάν
624 321 656 355 τῇ
671 319 766 346 ἐνώσει
784 320 814 346 τὸ
836 321 928 354 διάψο-

137 375 193 401 ρον,
206 366 301 400 ὥσπερ
318 366 414 401 ἀμέλει
432 367 478 392 καὶ
492 367 506 392 ὁ
521 366 610 397 κοινὸς
625 366 778 401 ἄνθρωπος.
798 366 842 392 Ἑν
857 367 928 393 οὐδε-

137 416 246 449 ποτὲρῳ
262 414 316 449 γὰρ
333 413 501 448 συγχυθέντα
514 414 638 447 φαίνεται
652 413 687 440 τὰ
704 413 844 448 ἰδιώματα.
859 413 926 440 Οὖτε

136 460 189 494 γὰρ
206 459 235 491 ἐξ
258 459 373 494 ἀοράτου
399 459 415 494 ἢ
441 458 587 490 ἀθανάτου,
608 458 695 494 ὁρατὴ
711 459 756 484 καὶ
781 459 865 494 θνητὴ
881 459 927 493 γέ-

136 512 214 538 γονεν
230 505 246 538 ὴ
269 505 390 538 ἡμετέρα
410 504 493 538 ψυχὴ,
510 503 570 530 οὔτε
592 505 643 539 μὴν
658 505 671 530 ὁ
685 504 772 537 Λόγος
796 505 892 539 ὁρατὸς
909 505 924 540 ἢ

136 549 243 584 Ονητὺς,
261 550 360 584 καίπερ
377 551 405 576 ἑν
419 550 508 584 ὀρατῴ
532 551 577 576 καὶ
601 549 691 585 θνητῷ
707 549 813 585 σώματι
830 551 878 585 τῆς
896 559 926 577 τε

137 597 271 630 ἡμετέρας
287 596 376 630 ψυχῆς
393 597 439 621 καὶ
455 596 499 622 τοῦ
517 596 602 629 Λόγου
622 596 824 631 γεγενημένων.
841 597 925 628 Σὼςει

134 642 187 675 γὰρ
200 641 367 673 ἁνελλειπῶς
378 643 432 667 τῶν
443 643 502 676 εἱρη
509 642 596 677 μένων
613 643 752 677 ἑκάτερον,
771 643 785 668 ὅ
798 651 825 668 τε
836 643 925 674 κοινὸς

134 688 275 723 ἄνθρωπος
288 690 301 714 ὀ
326 690 357 714 ἐκ
377 689 465 722 ψυχῆς
482 689 528 715 καὶ
550 689 686 724 σώματος,
705 690 718 715 ὅ
735 698 763 715 τε
782 690 877 724 Σωτὴρ
894 690 924 715 ἐκ

134 735 259 770 θεότητος
271 736 317 761 καὶ
330 735 540 770 ἅνθρωπὸτητος
558 736 687 767 ὑποστάς.
703 737 734 762 Οἱ
748 736 776 762 δὲ
792 737 821 762 οὐ
840 735 900 762 καθ’
911 735 925 762 ὂ

133 781 231 813 ἔοικεν,
252 781 319 807 ἀλλὰ
343 781 404 807 καθ’
419 781 432 806 ὃ
457 781 570 808 ἀπέοικε
590 781 759 816 λαμϐάνουσι
781 782 812 807 τὸ
832 781 924 816 rupit.

133 827 241 861 δειγμα,
258 828 305 853 καὶ
320 827 514 862 κακοσχολοῦσι
533 828 597 863 περὶ
617 829 665 860 τὰς
685 828 814 859 πεύσεις·
830 828 924 863 ὥσπερ

132 873 164 898 ἂν
175 873 199 898 εἰ
217 873 262 899 καὶ
277 873 306 898 τὸ
317 874 429 906 ἡλιακὸν
446 875 619 908 ἀπαύγασμα
642 874 720 908 ἡμῶν
735 874 922 908 παραλαμϐα-

979 275 1081 310 alioqui
1099 284 1154 303 non
1172 276 1238 307 sint,
1254 276 1406 303 secundum
1431 277 1566 304 rationem
1585 279 1721 310 essentne,
1739 283 1769 306 ut

979 326 1072 356 postea
1084 322 1354 355 demonstrabimus;
1371 322 1418 348 sed
1433 330 1600 357 sumpStmus
1614 326 1767 358 exemplum

978 367 1011 394 ad
1035 367 1231 395 declarandum
1248 376 1309 394 esse
1324 368 1444 395 Verbum
1466 368 1516 403 ipsi
1534 369 1696 396 substantite
1710 369 1769 396 uui-

979 418 1036 440 tum
1051 434 1058 445 ,
1082 414 1190 448 corpori
1216 414 1322 441 scilicet
1341 422 1374 441 ex
1398 415 1478 441 nobis
1494 419 1622 448 sumpto,
1645 418 1674 441 et
1696 423 1767 442 nun-

975 467 1058 496 quam
1092 460 1152 487 sine
1185 468 1218 487 eo
1245 461 1340 492 cerni,
1366 461 1493 495 quamvis
1518 466 1610 488 servet
1631 461 1714 488 etiam
1740 461 1766 488 in

977 508 1080 533 unione
1111 505 1317 538 differentiam;
1346 506 1418 532 sicut
1450 506 1533 533 etiam
1568 511 1661 533 servat
1691 514 1768 533 com-

977 552 1069 585 munis
1086 551 1177 578 homo.
1203 551 1232 578 lu
1255 555 1354 578 neutro
1376 551 1450 577 enim
1476 555 1629 578 cernuntur
1654 551 1767 578 confuse

976 597 1170 632 proprietates.
1189 597 1245 624 Nec
1264 597 1338 624 cuitu
1363 605 1396 624 ex
1419 596 1551 624 invisibili
1574 601 1601 623 et
1618 597 1767 623 immortali

976 643 1047 670 facta
1069 647 1112 669 est
1138 643 1229 669 anima
1268 648 1362 669 nostra
1389 642 1539 669 invisibilis
1569 647 1597 669 et
1629 642 1764 668 mortalis.

975 689 1069 723 Neque
1094 689 1215 715 Verbum
1240 688 1342 715 factum
1365 693 1407 715 est
1431 688 1539 715 visibilc
1570 691 1598 714 et
1636 688 1763 719 mortale,

975 736 1100 770 quamvis
1116 735 1143 761 in
1165 743 1282 769 corpore
1299 735 1400 762 visibili
1424 739 1452 761 et
1475 734 1592 761 mortali.
1614 734 1766 768 Utrumque

974 781 1048 808 enim
1065 781 1201 807 dictorum
1223 785 1312 807 servat
1333 781 1438 815 integre
1459 788 1536 807 suam
1558 780 1764 814 proprietatem,

975 826 1047 853 sicut
1075 826 1220 860 utriusque
1245 827 1356 859 Quatura
1385 826 1518 860 postulat;
1551 825 1634 851 homo
1659 825 1766 851 scilicet

974 872 1130 899 communis
1151 879 1184 898 ex
1203 871 1294 898 anima
1315 876 1343 898 et
1362 878 1478 905 corpore
1501 875 1642 901 constans,
1660 874 1687 896 et
1710 869 1765 896 Sal-

131 919 230 944 νόντων
251 919 296 944 ἐπὶ
319 919 365 944 τοῦ
383 919 469 952 Λόγου
486 920 531 945 καὶ
554 919 601 946 τοῦ
627 920 745 953 Πατρὶς,
762 919 805 945 διὰ
817 922 847 945 τι)
866 927 913 944 συν

975 922 1054 944 vator
1074 917 1102 944 in
1126 917 1269 944 divinitate
1287 922 1314 943 et
1338 916 1509 943 humanitate
1533 915 1697 942 subsistens.
1718 914 1763 941 Isti

132 966 200 998 α’ρές
227 966 330 999 τεξκαὶ
350 966 493 998 συναῖδιον,
519 966 718 1001 ἐπηρεάζουσιν
741 967 805 1001 ἡμῖν
822 966 860 997 ὡς
888 965 919 991 τὸ

132 1011 317 1038 ἀνυπόστατον
337 1011 423 1046 ταύτῃ
438 1013 700 1044 κατασκευάζουσιν.

973 971 1039 990 vero
1063 963 1220 996 exemplum
1244 962 1404 996 accipiunt,
1431 970 1486 989 non
1512 967 1649 996 quatenus
1674 961 1763 988 simito

973 1013 1026 1040 est.
1047 1009 1095 1035 sed
1116 1013 1253 1043 quatenus
1273 1007 1415 1035 dissimile.
1439 1007 1472 1034 Et
1491 1008 1562 1034 male
1583 1007 1715 1034 feriantur
1735 1007 1762 1034 iu

130 1058 188 1084 suis
213 1058 486 1092 percontationibus,
509 1062 539 1084 ut
561 1066 624 1085 cum
650 1065 701 1084 nos
725 1057 902 1093 splendorem
932 1055 998 1084 solis
1024 1054 1143 1088 exempli
1166 1061 1248 1081 causa
1272 1054 1300 1080 in
1332 1053 1423 1080 Verbo
1441 1058 1469 1080 et
1491 1053 1570 1080 Patre
1598 1054 1764 1097 assumimus

130 1109 243 1139 propter
262 1105 486 1139 conjunctionem
511 1109 588 1131 ortus
607 1104 763 1139 splendoris
788 1111 851 1131 cum
888 1103 956 1135 sole,
977 1109 1028 1129 nos
1047 1105 1158 1133 vexant,
1182 1100 1260 1135 quasi
1288 1100 1340 1128 hac
1363 1101 1469 1128 ratione
1486 1100 1618 1128 faciamus
1640 1100 1762 1127 Verbum

128 1158 183 1177 non
199 1151 349 1178 subsistere
367 1159 416 1186 per
433 1159 473 1178 se.

164 1197 225 1223 ’Ότι
241 1197 269 1222 δὲ
293 1197 346 1223 οὐδ’
365 1198 378 1223 ὁ
401 1197 544 1232 ἄνθρωπος
563 1197 593 1230 ἐξ
610 1197 713 1223 ἀτελῶν
734 1198 790 1223 ἐστι
815 1196 916 1232 μερῶν,

129 1243 198 1269 κατὰ
210 1251 241 1276 γε
258 1243 303 1269 vim
319 1242 364 1269 τοῦ
380 1243 437 1275 πῶς
457 1241 527 1269 εἶναι
546 1243 660 1279 θατέρου
674 1243 762 1276 λόγον,
779 1244 803 1269 εί
819 1244 865 1269 καὶ
880 1243 917 1274 ὡς

127 1289 194 1323 πρὸς
212 1290 273 1323 ὅρον
291 1289 337 1315 τοῦ
349 1289 409 1326 ὅλου
427 1289 584 1324 ἀνθρώπου,
601 1289 646 1316 τὸν
656 1289 703 1315 τοῦ
717 1289 778 1316 ὸλου
796 1289 830 1315 τὰ
846 1289 916 1324 μέρη

126 1335 215 1368 λόγον,
228 1335 266 1366 ὡς
281 1335 342 1362 ὅλου
364 1336 414 1361 οὐκ
430 1335 595 1370 ἐπιδέχεται,
619 1333 670 1361 ὧδε
697 1335 731 1361 ἂν
758 1335 864 1369 μάθοις.
884 1334 917 1361 Τί

126 1381 180 1416 γὰρ
192 1381 277 1407 λείποι
289 1383 321 1416 τῇ
332 1381 416 1416 ψυχῇ,
428 1381 564 1416 χωριστὴν
578 1381 677 1417 ἐχούσῃ
692 1382 737 1408 καὶ
751 1381 819 1408 ἰδίαν
832 1380 916 1416 ζωὴν,

127 1427 194 1461 πρὸς
209 1427 239 1453 τὸ
256 1426 325 1454 εἶναι
341 1428 435 1454 οὐσίαν
456 1427 601 1462 ἀσώματον
623 1427 815 1462 αὖτοκίνητονς
837 1427 917 1453 τοῦτο

125 1474 178 1507 γὰρ
191 1472 275 1507 αὐτῆς
291 1473 366 1507 δηλοῖ
380 1474 425 1499 καὶ
439 1473 468 1499 τὸ
485 1473 618 1499 ἀθάνατον
639 1472 685 1498 καὶ
705 1472 735 1498 τὸ
752 1471 915 1507 ἀνώλεθρον.

125 1519 157 1544 Τί
176 1519 203 1545 δὲ
227 1519 265 1554 τῷ
292 1518 398 1554 σώματι
419 1519 488 1554 πρὸς
507 1519 537 1544 τὸ
549 1517 618 1545 εἶναι
643 1518 741 1553 mitia;
769 1516 799 1545 οὗ
816 1518 848 1552 δὴ
869 1518 916 1544 καὶ

1006 1192 1084 1226 Quod
1107 1196 1198 1219 autem
1223 1200 1313 1227 neque
1343 1192 1425 1219 homo
1449 1200 1482 1220 ex
1507 1193 1678 1228 imperfectis
1701 1201 1764 1228 par—

972 1239 1045 1266 tibus
1059 1238 1229 1273 compositus
1240 1243 1281 1266 est
1297 1239 1448 1266 secundum
1466 1240 1600 1266 rationem
1619 1240 1762 1274 cujusdam

971 1284 1097 1312 essentia:
1113 1285 1276 1311 alterutrius
1298 1285 1396 1319 partis,
1422 1286 1548 1319 quamvis
1576 1286 1666 1320 quoad
1695 1286 1763 1312 deli-

971 1331 1104 1358 nitioncm
1126 1331 1210 1359 totius
1236 1331 1356 1358 hominis
1372 1340 1426 1358 non
1449 1331 1588 1366 recipiunt
1613 1336 1705 1366 partes
1720 1341 1762 1359 ra-

972 1377 1075 1405 tionem
1095 1378 1178 1405 totius
1193 1382 1322 1412 tanquam
1342 1377 1436 1409 totius,
1462 1378 1502 1404 sic
1525 1377 1672 1412 intelliges.
1689 1378 1761 1411 Quid

968 1424 1041 1451 enim
1058 1424 1136 1451 deest
1150 1425 1250 1452 animae
1265 1424 1378 1451 habenti
1402 1429 1556 1459 separatam
1577 1429 1605 1452 et
1618 1425 1760 1461 propriam

967 1470 1064 1502 vitam,
1080 1470 1115 1497 ad
1132 1470 1194 1503 hoc,
1211 1475 1240 1498 ut
1252 1471 1287 1498 sit
1301 1471 1454 1498 substantia
1465 1471 1637 1506 incorporea,
1652 1480 1762 1507 semper

968 1516 1099 1543 mobilis?
1117 1516 1175 1544 lloc
1189 1517 1263 1544 enim
1279 1516 1402 1544 declarat
1414 1517 1597 1545 immurtalem
1614 1526 1675 1546 esse
1686 1527 1758 1551 eam,

124 1566 295 1597 ἀποδιδάντες
321 1566 366 1592 τὸν
388 1566 450 1601 ὅρον
479 1566 555 1599 φασὶ,
582 1564 662 1599 σῶμα
681 1563 751 1592 εἶναι
775 1565 805 1591 τὸ
833 1565 913 1600 τριχῇ

967 1566 994 1589 et
1015 1562 1129 1590 interire
1145 1571 1200 1590 non
1223 1570 1313 1597 posse.
1334 1563 1405 1596 Quid
1422 1571 1518 1591 rursus
1540 1564 1616 1591 deest
1638 1567 1758 1600 corpori,

123 1612 275 1643 διαστατὸν,
295 1612 311 1647 ἦ
326 1611 406 1647 σῶμα
419 1613 533 1646 φυσικὸν
545 1612 691 1646 ὀργανικὸν
707 1611 821 1646 δυνάμει
840 1607 913 1647 ζωῆν

123 1656 202 1691 ἔχειν’
226 1657 351 1691 ἑκάτεροι
376 1656 430 1691 γὰρ
453 1657 507 1682 τῶν
530 1657 601 1690 ὅρων
626 1657 673 1683 ἐπὶ
702 1656 748 1682 τοῦ
777 1657 912 1692 ἡμετέρου

123 1702 249 1737 σώματος
276 1702 385 1732 οἰκείως
415 1702 583 1736 ἀρμόσουσιν
602 1711 609 1718 ·
638 1703 688 1729 οὐκ
716 1702 797 1737 ἀτελῆ
824 1703 913 1729 τοίνυν

121 1747 208 1774 ταῦτα
224 1748 284 1775 καθ’
300 1748 384 1775 ἑαυτὰ
401 1748 607 1783 λαμϐανόμενα,
624 1750 648 1775 εἰ
665 1749 712 1775 καὶ
728 1748 811 1784 ἀτελῆ
833 1749 914 1776 πάλιν

121 1795 263 1829 λέγονται,
286 1795 323 1827 ὼς
350 1795 419 1830 πρὶς
441 1795 491 1830 τὴν
517 1795 564 1821 τοῦ
592 1796 653 1822 ὅλου
683 1797 713 1822 ἐν
732 1793 753 1829 ᾧ
779 1796 815 1822 τὰ
841 1796 911 1830 μέρη

123 1843 283 1872 ὑπόστασιν
300 1841 387 1877 τούτῳ
406 1842 461 1877 γὰρ
475 1842 513 1878 τῷ
528 1843 609 1878 λόγῳ,
623 1844 672 1869 οὐκ
685 1843 716 1869 ἂν
728 1843 845 1878 ἁμάρτοι
858 1851 911 1874 τις,

121 1889 167 1914 καὶ
182 1888 210 1913 τὸ
226 1887 296 1914 κατὰ
309 1887 426 1922 Χριστὸν
442 1888 614 1922 ἑρμηνεύσας
631 1888 791 1922 μυστήριον.
805 1888 912 1919 ’Λτελὲς

120 1934 186 1969 γὰρ.
201 1934 253 1960 κᾶν
269 1935 305 1964 ὡς
321 1934 387 1965 Θεὸς
419 1934 532 1968 γυμνὸς,
548 1935 564 1969 ἢ
589 1934 733 1969 ἅνθρωπος
748 1934 826 1968 ψιλὸς
841 1935 911 1969 λαμ-

120 1979 236 2014 δίει-θηται
248 1987 254 1994 ·
267 1979 303 2010 ὡς
321 1979 445 2006 ἐντεῦθεν
457 1980 545 2006 διττὸν
562 1978 633 2006 εἶναι
648 1980 693 2006 τὸν
709 1980 759 2014 τῆς
773 1980 910 2015 τελειότη-

120 2032 165 2055 τος
180 2025 252 2059 ὅρον,
275 2024 323 2050 καὶ
348 2025 393 2051 τὸν
419 2025 468 2060 μὲν
493 2025 588 2056 ἁπλῶς
608 2025 748 2058 λέγεσθαι,
766 2026 813 2052 τὶν
829 2025 857 2052 δὲ
882 2026 910 2052 ἐν

120 2071 211 2105 σχέσει
226 2070 399 2106 θεωρεῖσθαι,
419 2071 488 2097 κατᾶ
509 2072 554 2097 τὸν
571 2071 657 2106 μέγαν
678 2072 838 2107 Γρηγόριον.
860 2073 911 2099 Τέ-

119 2117 187 2148 λειος
211 2118 260 2151 μὲν
275 2118 329 2152 γάρ
345 2119 419 2144 ἐστιν
434 2119 448 2144 ὁ
461 2117 549 2152 λόγος,
569 2119 616 2145 καὶ
637 2119 758 2153 πλήρης,
775 2119 820 2146 καὶ
839 2128 910 2155 παρ-

119 2163 228 2195 εκτιχδς
247 2164 417 2199 τελειότητος
429 2172 436 2180 ⁸
458 2164 549 2190 τελεία
562 2165 590 2190 δὲ
603 2165 649 2190 καὶ
668 2166 683 2199 ὴ
698 2164 745 2191 τοῦ
764 2165 909 2200 ἀνθρώπου

117 2208 201 2244 ψυχὴ,
218 2209 254 2240 ὡς
271 2210 339 2244 πρὸς
354 2210 400 2236 τὸν
417 2211 480 2245 ὅρον
495 2210 544 2245 τῆς
559 2210 711 2246 ὑπάρξεως.
730 2211 800 2237 Ἀλλ’
822 2212 883 2238 οὐδὲ
896 2213 910 2239 ὁ

117 2255 203 2288 Λόγος
230 2256 332 2287 τέλειος
352 2257 480 2291 Χριστὸς,
507 2257 559 2283 κᾶν
583 2257 684 2289 τέλειος
709 2258 752 2292 εἴη
767 2257 843 2290 Θεὸς,
870 2258 908 2293 μὴ

117 2301 167 2336 τῆς
192 2301 401 2337 ἀνθρωπὸτητος
435 2302 509 2338 αὐτῷ
536 2293 774 2338 συντεταγμένη;’
800 2303 861 2330 οὔτε
891 2306 908 2338 ὴ

116 2346 190 2382 ψυχὴ
205 2347 305 2379 τέλειος
319 2348 471 2384 ἄνθρωπος,
489 2349 539 2376 κᾶν
555 2349 661 2376 τελείαν
679 2349 735 2384 ἔχει
750 2350 854 2383 οὐσίαν,
870 2351 907 2386 μὴ

116 2392 162 2419 τοῦ
180 2393 305 2429 σώματος
327 2394 394 2430 αὐτῇ
419 2397 674 2430 συνεπινοουμένου.
706 2397 762 2423 Καὶ
786 2397 864 2423 τοῦτο
879 2397 907 2423 δὲ

116 2440 366 2475 παρασημήνασθαι
380 2441 443 2476 χρὴ,
459 2442 499 2469 ὅτι
513 2444 569 2474 τοῖς
579 2443 634 2469 τῶν
651 2444 820 2479 πραγμάτων
834 2444 907 2478 ὅροις

113 2487 139 2512 ct
155 2488 246 2522 χρόνοι
271 2487 301 2513 οὐ
323 2488 656 2523 συμπαραλαμϐάνονται,
675 2489 770 2524 ὥσπερ
793 2490 854 2516 οὐδὲ
880 2490 906 2516 ot

115 2534 202 2562 τόποι.
219 2534 280 2560 Τῶν
295 2535 351 2569 γὰρ
364 2530 401 2559 ὧν
413 2535 463 2560 οὐκ
487 2534 550 2561 ἄνευ
573 2536 620 2561 καὶ
643 2535 723 2570 μόνον
747 2535 826 2569 λόγον
856 2535 906 2560 ἐπ-

115 2582 235 2615 έχουσιν.
254 2580 315 2608 Ἐτι
341 2582 394 2613 πᾶς
419 2581 480 2617 ὅρος
507 2580 553 2607 τοῦ
579 2581 626 2607 νῦν
649 2582 810 2618 πράγματός
833 2582 906 2607 ἐστιν

150 2661 205 2693 (ιο)
224 2661 360 2697 Duplicem
371 2669 434 2689 esse.
448 2660 693 2697 anlettrdetinitio
724 2660 901 2697 perfectionis

116 2697 142 2723 in
163 2696 282 2725 Christo.
298 2698 385 2725 altera
402 2697 518 2730 simplex
536 2696 626 2725 dicta:
646 2697 732 2722 altera
751 2696 777 2722 in
793 2696 902 2722 habitu-

115 2733 179 2758 dine
194 2732 310 2766 simplex
328 2733 361 2759 ad
395 2732 566 2759 divinitatem
597 2731 677 2758 νοιδί
704 2735 827 2765 sper-tat:
858 2731 902 2758 illa

115 2775 176 2802 qum
190 2767 215 2793 in
235 2767 395 2794 habitudine
421 2767 558 2800 consistit,
576 2767 698 2802 pertitet
716 2766 749 2793 ad
773 2766 904 2792 unionem

117 2801 196 2827 Verbi
210 2809 271 2828 cum
284 2802 463 2830 humanitate.
482 2802 550 2829 Tun.

152 2837 207 2866 (15)
222 2837 275 2864 [lac
292 2842 378 2864 autem
407 2838 588 2864 adnotandum
617 2842 663 2863 est.
686 2837 804 2864 Advorte
832 2836 904 2871 quod

115 2872 289 2899 definitiones
308 2871 495 2899 noniuferunt
517 2873 598 2899 sitnnl
617 2881 679 2899 cum
707 2872 830 2899 delinitis
843 2873 902 2899 loca

117 2911 142 2935 et
160 2912 300 2942 tempora;
316 2915 367 2935 nec
394 2908 467 2935 enim
483 2916 544 2943 qua:
567 2908 748 2939 definiuntur,
773 2911 901 2935 constant

927 2235 948 2263 ί)

967 1612 996 1634 ιιι
1015 1607 1053 1635 sit
1078 1608 1196 1643 corpus?
1221 1607 1295 1643 quod
1323 1609 1435 1643 quidem
1460 1609 1507 1643 qui
1521 1609 1667 1641 definiunt,
1681 1611 1759 1639 aiunt

965 1661 1026 1682 esse
1057 1662 1159 1690 corpus
1185 1654 1286 1689 triplici
1306 1655 1499 1687 dimensione;
1523 1660 1571 1683 aut
1591 1664 1693 1692 corpus
1709 1666 1758 1685 na-

965 1702 1054 1729 turale
1081 1702 1240 1737 organicum
1264 1704 1399 1737 potestate
1419 1702 1504 1730 vitam
1530 1703 1651 1737 habens;
1680 1710 1758 1732 utra-

964 1755 1018 1783 que
1044 1748 1118 1775 enim
1148 1747 1274 1776 definitio
1305 1754 1368 1783 apte
1399 1750 1546 1777 conveniet
1569 1752 1679 1785 corpori
1711 1760 1758 1779 no-

964 1799 1034 1826 stro;
1059 1803 1114 1821 non
1137 1799 1203 1822 sunt
1223 1795 1307 1829 igitur
1329 1795 1489 1830 imperfecta
1506 1801 1614 1830 sumpta
1641 1805 1691 1831 per
1715 1805 1755 1830 se,

964 1841 1074 1867 tametsi
1104 1841 1266 1875 imperfecta
1295 1841 1445 1875 dicuntur,
1471 1843 1561 1877 quoad
1589 1843 1756 1878 hypostasim

964 1886 1059 1918 totius,
1088 1886 1115 1913 in
1145 1894 1200 1921 quo
1224 1891 1289 1913 sunt
1306 1892 1421 1921 partes;
1452 1888 1504 1915 hac
1533 1889 1607 1915 enim
1638 1890 1755 1921 ratione,

963 1939 1018 1959 non
1034 1933 1183 1965 aberrabit,
1200 1934 1246 1968 qui
1265 1934 1347 1960 etiam
1369 1935 1530 1969 mysterium
1548 1935 1651 1963 Christi
1670 1935 1757 1963 inter-

963 1977 1132 2012 pretabitur.
1159 1978 1356 2015 Imperfectum
1375 1979 1449 2006 enim
1473 1984 1533 2012 est,
1563 1980 1585 2007 si
1610 1981 1652 2007 vel
1685 1981 1757 2008 Deus

962 2023 1056 2051 nudus
1083 2024 1144 2051 sine
1169 2024 1359 2057 humanitate,
1391 2026 1433 2052 vel
1461 2026 1543 2053 homo
1574 2026 1639 2053 item
1664 2027 1756 2055 nudus

962 2069 1022 2098 sine
1036 2071 1180 2098 divinitate
1193 2076 1330 2104 sumatur,
1348 2076 1379 2099 ut
1393 2072 1459 2100 hinc
1473 2078 1605 2107 appareat
1617 2073 1755 2108 duplicent:

961 2124 1023 2144 esse
1051 2117 1106 2152 (12)
1134 2117 1314 2152 perfectionis
1343 2118 1534 2146 definitionem
1562 2119 1589 2146 in
1621 2119 1753 2151 Clu-isto;

962 2170 1058 2195 unam,
1077 2171 1139 2197 qua:
1155 2163 1318 2198 simpliciter
1338 2164 1462 2197 dicitur;
1489 2165 1614 2195 alteram.
1636 2174 1697 2200 quae
1724 2165 1753 2192 in

962 2208 1126 2236 habitudine
1137 2211 1271 2242 cernitur,
1279 2210 1430 2237 secundum
1443 2218 1569 2246 magnum
1581 2211 1752 2246 Gregorium.

963 2255 1119 2283 Perfectum
1140 2264 1260 2291 namque
1282 2261 1324 2284 est
1347 2257 1486 2289 Verbum,
1510 2262 1538 2284 et
1569 2258 1699 2292 plenum,
1727 2263 1755 2285 et

963 2302 1089 2337 prtebeus
1105 2303 1319 2337 perfectionem:
1347 2303 1469 2338 perfecta
1492 2309 1584 2330 autem
1603 2308 1645 2331 est
1660 2304 1752 2332 anima

963 2349 1094 2381 hominis,
1114 2354 1246 2384 quantum
1263 2351 1296 2377 ad
1321 2350 1511 2377 definitionem
1534 2351 1663 2378 essentia:
1685 2359 1749 2379 suaa.

961 2396 1014 2423 Sed
1036 2401 1127 2423 tamen
1143 2404 1232 2431 neque
1247 2396 1369 2424 Verbum
1388 2401 1431 2424 est
1450 2397 1590 2432 perfectus
1613 2397 1750 2429 Christus,

960 2450 1015 2469 non
1043 2443 1119 2469 unita
1144 2442 1329 2475 humanitate,
1361 2443 1487 2477 quamvis
1511 2443 1651 2478 perfectus
1679 2444 1752 2471 Deus

960 2488 1008 2519 sit;
1026 2496 1077 2515 nec
1092 2489 1182 2515 anima
1198 2489 1337 2523 perfectus
1351 2489 1434 2516 homo
1448 2494 1500 2520 est,
1515 2489 1579 2516 licet
1598 2489 1750 2524 perfectam

960 2534 1144 2562 substantiam
1171 2534 1281 2567 habeat,
1304 2543 1419 2569 corpore
1445 2544 1499 2562 non
1523 2535 1605 2562 simul
1633 2543 1695 2563 cum
1719 2544 1750 2563 ca

961 2581 1089 2616 cogitato.
1115 2580 1172 2608 Hoc
1196 2585 1288 2608 autem
1315 2581 1500 2608 adnotandum
1519 2585 1562 2608 est
1585 2581 1651 2618 (15),
1677 2582 1750 2616 quod

955 2669 986 2688 ex
1007 2662 1061 2693 his,
1077 2661 1202 2696 quamvis
1222 2661 1248 2688 in
1262 2661 1320 2688 his:
1332 2660 1471 2688 hominem
1485 2661 1557 2688 enim
1572 2660 1746 2691 definientes,

956 2697 1057 2723 animal
1076 2697 1209 2723 rationale
1238 2697 1353 2724 mortale
1368 2696 1502 2729 dicimus;
1522 2697 1633 2731 quando
1654 2701 1748 2723 autem

957 2736 1052 2758 natum
1079 2732 1124 2761 sit.
1144 2736 1191 2758 aut
1207 2733 1253 2758 ubi
1279 2733 1403 2763 exsistat,
1430 2740 1485 2758 non
1514 2731 1750 2765 subjicimus:es-

959 2767 1075 2802 sentiam
1090 2767 1162 2794 enim
1179 2768 1305 2795 animalis
1319 2768 1408 2795 solum
1435 2766 1631 2802 significamus,
1646 2765 1750 2794 relictis

961 2801 1015 2828 illis
1027 2810 1088 2836 qua:
1101 2802 1126 2828 iu
1143 2802 1216 2829 oumi
1230 2811 1258 2830 re
1276 2809 1370 2830 creata
1386 2801 1532 2837 COIIjtlltCiC
1545 2801 1747 2837 intelliguntur:

960 2845 1020 2870 qua:
1031 2835 1095 2864 sunt
1110 2841 1218 2872 tempus
1231 2843 1258 2865 et
1283 2839 1380 2865 locus:
1400 2835 1460 2866 sine
1489 2843 1612 2872 tempore
1637 2841 1664 2862 et
1688 2835 1749 2862 loco

957 2872 1026 2898 nihil
1041 2880 1132 2934 ierunt
1143 2878 1297 2900 rreatarum
1308 2874 1402 2902 dicere
1416 2877 1463 2901 aut
1482 2871 1635 2906 inteltigere
1653 2878 1749 2903 [:ussir

957 2914 1025 2934 mus.
1054 2915 1077 2934 ι).

956 2914 1025 2934 mus.
1043 2914 1077 2934 ID.
