1973 3098
148 157 159 186 1
166 156 217 189 ἓὸὅ

678 157 824 188 CONTRA
846 157 1005 189 NESTOR.
1025 159 1073 190 ET
1092 159 1252 190 EUTYCH.

1705 163 1772 195 1286

145 218 270 254 σώματος
296 217 395 252 κρᾶσιν
421 212 443 249 ᾦ
463 213 628 246 συνδέδεται,
651 214 699 240 καὶ
718 213 772 240 τῶν
789 214 879 240 τόπων
891 212 931 243 οἷς

987 220 1048 240 cum
1061 221 1176 248 corpore
1193 213 1248 248 (15)
1265 221 1394 248 cumquo
1411 214 1537 250 colligata
1552 221 1605 249 est,
1621 223 1648 246 et
1660 226 1771 255 propter

145 265 176 291 ἂν
206 264 363 299 ενδιαιτῴτο
387 262 435 297 τὴν
468 261 602 298 ἰδιότητα·
629 261 744 296 πάσχειν
770 260 824 295 γὰρ
841 260 934 292 ἁπλῶς

145 311 294 345 πεφυκυῖα,
311 310 357 336 καὶ
376 310 421 335 τοῦ
434 308 536 335 τοιοῦδε
549 307 653 339 πάθους
668 307 727 332 ἐστὶ
739 306 863 341 δεκτική.
880 306 935 332 Καὶ

144 356 369 391 περιγέγραπται
400 355 449 389 μὲν
468 353 508 389 τῷ
522 353 595 388 λόγῳ
616 353 667 387 τῆς
681 351 836 388 ὑπάρξεως.
854 353 934 387 Περι-

142 402 298 438 γράφεσθαι
314 400 342 427 δὲ
358 400 469 434 λέγεται
484 399 629 434 δευτέρως,
642 399 693 433 τὴν
707 398 736 424 ἐν
752 397 934 433 περιγραπτῷ

148 448 255 483 σώματι
280 447 380 481 ἔχουσα
400 446 550 480 διαγωγήν.
572 445 675 479 Πάσχει
696 444 719 471 δ’
740 444 773 470 ἂν
797 444 844 470 καὶ
864 443 934 473 κατὰ

142 494 209 520 Θεὸν
230 493 264 519 τὰ
282 492 353 523 θεῖα,
377 492 477 526 ἥκιστα
501 491 550 526 μὲν
565 490 608 517 διὰ
625 490 655 516 τὸ
672 489 761 525 σῶμα.
780 490 842 520 Πῶς
861 490 933 524 γὰρ;

142 541 156 566 ὃ
172 548 204 574 γε
227 539 274 565 καὶ
300 537 447 564 ἀντιτείνει
477 536 618 567 πολλάκις·
638 535 708 561 ἀλλά
734 535 767 561 δι’
784 535 868 569 αὑτὴν
886 535 935 561 καὶ

140 586 191 620 τὴν
207 584 294 619 αὐτῆς
317 583 409 619 φύσιν,
426 582 473 609 τοῦ
499 582 549 616 μὲν
569 581 769 617 ἐπιθυμητικοῦ
794 581 934 617 ἐρωτικῶς

142 631 210 667 πρὸς
236 630 283 656 τὸν
303 629 369 656 Θεὸν
393 628 614 663 ἀνατεταμένον·
644 627 691 653 τοῦ
717 627 745 654 δὲ
774 627 934 662 θυμοειδοῦς

140 676 310 714 άρῥενωπῶς
330 674 530 710 τετονωμένου,
544 675 593 700 καὶ
611 672 732 705 axium};
744 673 782 708 τῷ
797 673 934 710 ἐπιθυμη-

139 722 209 758 τικῷ
226 722 441 757 συντεταμένου·
458 721 505 748 τοῦ
534 720 564 747 δὲ
585 718 741 753 λογιστικοῦ
760 718 808 749 τὰς
833 719 934 750 ἀΰλους

141 770 274 804 ἐμφάσεις
291 768 397 799 ἀσκῐως
417 767 577 802 δεχομένου,
596 765 643 791 καὶ
659 763 781 796 ἐνοειδῶς
795 764 933 799 ὲλλαμπο-

142 817 234 851 μένου.
253 815 308 841 Καὶ
325 814 416 846 καλῶς
435 812 546 849 εἴρηταί
558 820 613 839 τινι
626 811 681 838 τῶν
696 811 749 847 πρὸ
762 811 841 846 ἡμῶν
855 811 934 848 ἀνδρὶ

140 862 263 897 θεοσόφῳ
281 861 330 895 tc)'
352 858 399 892 Εἷς
426 858 508 890 πόθος
527 857 631 891 ἀγαθὸς
658 857 705 885 καὶ
721 857 830 889 αἰώνιος
850 858 864 884 ὁ
882 858 934 893 τῆς

140 908 257 942 ἀληθοῦς
272 907 400 942 γνώσεως
419 906 574 940 ἐφιέμενος.
597 904 710 936 Ταύτας
735 904 791 940 γὰρ
812 905 860 931 καὶ
883 905 931 940 ῥυ-

141 954 221 980 πῶσα
233 953 282 984 τὰς
296 952 437 987 δυνάμεις,
452 952 483 977 ὲν
494 950 580 986 κακίᾳ
601 951 649 976 καὶ
669 950 697 975 ὲν
715 949 840 984 ἀγνωσία
860 949 934 983 γίνε-

138 1010 195 1030 ται.
211 1002 257 1027 καὶ
268 1000 318 1026 οὒκ
339 1000 371 1025 ὲκ
385 997 434 1024 τοῦ
460 996 587 1032 σώματος
606 996 656 1028 τὰς
682 996 782 1027 κακίας
799 996 864 1030 ἔχει,
881 996 932 1022 κᾶν

139 1055 212 1077 τινες
231 1045 321 1072 αὐτῶν
341 1044 385 1071 διὰ
398 1044 446 1070 τοῦ
463 1043 591 1078 σώματος
605 1036 788 1069 ἐκτελοῦντάι·
805 1038 840 1068 ὧν
856 1041 933 1068 οὐδὲν

139 1094 152 1119 ὁ
168 1092 215 1118 τοῦ
231 1091 299 1118 Θεοῦ
327 1090 413 1124 Λόγος
433 1088 535 1122 δέξαιτ’
550 1089 583 1115 ἄν
601 1097 678 1118 ποτε,
698 1087 833 1124 ἄτρεπτος
847 1087 885 1114 ὢν
898 1089 932 1124 τῇ

139 1138 220 1172 φύσει
238 1138 285 1164 καὶ
300 1136 491 1167 ἀναλλοίωτος.
511 1135 547 1161 Οὐ
565 1135 615 1169 μὲν
637 1134 681 1161 διὰ
703 1134 734 1160 τὸ
756 1133 862 1164 ἀπαθὲς
882 1133 932 1168 τῆς

140 1183 267 1218 φύσεως,
295 1181 443 1217 ἀνθρώπου
470 1180 550 1215 φύσει
581 1178 767 1206 συνάπτεσθαι
794 1178 933 1209 οὑσιωδῶς

140 1229 353 1264 παραιτήσεται·
374 1227 418 1254 ἴνα
439 1227 476 1262 μὴ
496 1225 588 1261 μέλλοι
606 1224 692 1257 πάθος
714 1224 813 1259 ἀληθὲς
834 1222 931 1260 εἷναιὴ

139 1275 326 1310 παραίτησις,
347 1273 394 1300 καὶ
419 1272 457 1308 τῷ
486 1271 636 1298 δεδοικέναι
657 1272 686 1297 ὲν
710 1270 828 1302 ἐκείνοις
853 1270 932 1304 γενέ-

141 1322 214 1353 σθαι,
232 1322 261 1348 ὲν
276 1318 317 1352 οἷς
331 1320 359 1346 at
378 1319 432 1346 τῶν
446 1317 600 1345 σπουδαίων
615 1317 701 1352 ψυχαὶ
724 1316 807 1343 αὑτὸν
821 1316 932 1352 ἔχουσαι

140 1367 237 1403 βοηθὸν
251 1367 299 1393 καὶ
317 1365 502 1400 συλλήπτορα,
513 1364 590 1390 οὑδὶν
606 1363 638 1389 ὲκ
653 1363 700 1389 τοῦ
712 1361 839 1397 σώματος
856 1362 932 1398 εἱλή-

140 1422 205 1447 φασι
219 1412 330 1448 βλάϐος,
353 1411 421 1437 ἀλλὰ
442 1410 489 1436 καὶ
508 1409 609 1444 μᾶλλον
631 1408 691 1444 Θεῷ
714 1408 932 1444 πεπλουτήκασι,

138 1457 178 1493 τῷ
192 1458 298 1492 σώματι
314 1458 438 1491 συνεργῷ
452 1454 521 1490 πρὸς
537 1453 636 1489 ἀρετὴν
650 1453 700 1479 οὐκ
715 1452 855 1486 ἀντιπάλῳ
866 1461 933 1488 χρη-

141 1512 266 1539 σαμεναι.

178 1602 187 1618 ι
206 1592 235 1619 Εἰ
252 1591 354 1623 τελεία,
370 1590 487 1625 (pacti/pl)
498 1587 545 1615 τοῦ
561 1587 652 1622 Λόγου
666 1587 828 1620 ὑπόστασις,
841 1587 931 1614 τελεία

139 1638 168 1665 δὲ
182 1638 262 1673 καὶὴ
285 1637 333 1664 τοῦ
361 1635 508 1672 ἀνθρώπου
533 1635 563 1662 ὃν
585 1634 726 1666 ἀνέλαϐεν,
743 1634 877 1669 ἄτρεπτος
903 1633 932 1660 δὲ

140 1689 186 1713 καὶ
200 1687 214 1713 ὁ
227 1685 313 1720 Λόγος
331 1684 487 1720 μεμένηκεν
499 1703 507 1715 ,
520 1682 708 1713 ἁναλλοιώτως
724 1681 752 1708 δὲ
770 1681 818 1707 καὶ
832 1682 847 1715 ἡ
864 1680 933 1716 σὰρξ

139 1731 330 1763 διασέσωσται,
344 1729 402 1762 πῶς
419 1730 449 1755 οὑ
463 1728 509 1755 δύο
521 1728 611 1762 λέγειν
627 1727 794 1757 ὑποστάσεις
808 1726 931 1758 εὐσεϐὲς,

142 1777 203 1812 μηδ’
238 1775 371 1810 ὁποτέρας
387 1774 597 1809 συγκεχυμένης
613 1782 620 1806 ;
639 1783 648 1799 ι
672 1773 794 1799 Ἐοἰκασι
820 1772 850 1799 δέ
886 1781 931 1806 μοι

140 1820 378 1856 κακουργόταταῆ
404 1819 582 1854 ἀμαθέστατα
601 1818 768 1854 προσφέρειν
795 1818 843 1849 τὰς
864 1818 932 1844 πεύ-

142 1876 209 1898 σεις.
222 1868 278 1894 Καὶ
288 1867 343 1902 γὰρ
355 1866 392 1897 ὡς
407 1866 441 1893 ἂν
458 1866 483 1892 εί
499 1865 537 1900 μὴ
551 1864 838 1900 προδιαστειλαμένων
853 1864 931 1899 ἡμῶν

144 1914 176 1941 ιὰ
191 1914 257 1949 περὶ
270 1913 317 1939 τοῦ
329 1911 445 1943 τελείου,
458 1911 518 1943 πῶς
528 1911 562 1937 ἂν
572 1910 679 1944 λέγοιτο
694 1911 740 1936 καὶ
752 1910 765 1936 ὅ
777 1919 803 1936 τι
817 1909 912 1941 διττῶς
921 1917 930 1926 ·

141 1960 254 1996 προσέτι
269 1960 297 1987 δὲ
314 1960 360 1987 καὶ
377 1958 442 1994 περὶ
457 1958 505 1984 τοῦ
527 1957 632 1993 κυρίως
658 1956 862 1991 σημαινομένου
882 1956 932 1992 τῆς

140 2007 336 2038 ὑποστάσεως,
373 2004 586 2041 μεταδαίνουσιν
611 2003 665 2030 ἀπὸ
692 2002 743 2038 τῆς
772 2002 818 2029 τοῦ
842 2002 930 2036 Λόγου

142 2053 260 2088 φύσεως,
276 2053 325 2088 τῆς
341 2052 389 2078 καὶ
403 2051 434 2078 τὸ
445 2050 536 2078 κοινὸν
551 2049 740 2085 σημαινούσης
751 2050 801 2084 τῆς
813 2048 929 2083 φύσεως,

142 2099 215 2136 μετὰ
224 2099 272 2126 τοῦ
289 2099 355 2126 ἰδίου
370 2098 421 2133 τῆς
437 2097 615 2128 ὑποστάσεως
625 2104 632 2111 ·
653 2095 741 2130 Λόγου
755 2096 810 2131 γὰρ
826 2095 931 2131 ἔφαμεν

141 2144 240 2180 φύσιν,
251 2144 301 2179 οὐχ
323 2143 416 2174 ἁπλῶς
432 2142 524 2176 φύσιν,
540 2142 588 2168 ἐπὶ
604 2142 634 2168 τὸ
653 2141 717 2168 ἴδιον
732 2141 815 2168 αὑτοῦ
833 2150 931 2176 σημαι-

139 2191 254 2226 νόμενον
269 2191 317 2225 τῆς
330 2190 516 2221 ὑποστάσεως.
530 2188 586 2215 Καί
599 2196 665 2222 φασι
680 2187 787 2214 τελείαν
802 2185 871 2214 εἶναι
883 2187 930 2214 τοῦ

987 260 1184 294 proprietatem
1201 260 1325 287 locorum
1340 261 1367 287 in
1383 261 1484 296 quibus
1499 261 1573 298 degit
1585 268 1613 291 et
1629 271 1773 300 Versatur;

987 305 1051 339 quia
1070 306 1145 333 enim
1168 305 1331 341 simpliciter
1349 306 1474 334 innatum
1494 313 1534 336 est
1554 309 1580 336 ei
1601 311 1672 344 pati,
1693 312 1775 347 hujus

985 351 1125 385 passionis
1133 359 1217 386 capax
1227 355 1279 379 est.
1292 351 1510 389 Circumscripta
1522 355 1605 382 etiam
1614 361 1655 383 est
1669 358 1774 385 ratione

985 396 1152 424 exsistentia:
1167 397 1237 432 (16).
1251 397 1358 425 Dicitur
1370 398 1471 426 deinde
1489 399 1612 427 secundo
1630 401 1711 428 modo
1723 403 1776 429 cir-

986 442 1154 476 cumscripta
1171 450 1243 474 esse,
1260 447 1396 477 quatenus
1411 443 1480 470 vivit
1493 445 1520 471 in
1531 452 1647 480 corpore
1657 447 1777 474 cireum-

985 487 1099 522 scripto.
1123 488 1248 516 Aﬁicitur
1274 489 1357 516 etiam
1383 489 1536 517 secundum
1563 491 1649 518 Deum
1673 493 1775 520 divinis

985 532 1081 564 rebus,
1091 541 1265 568 nequaquam
1296 542 1362 562 vero
1377 540 1492 570 propter
1509 544 1620 571 corpus.
1632 538 1775 572 Quomodo

984 579 1058 605 enim
1079 584 1193 614 propter
1207 588 1318 615 corpus,
1339 581 1412 615 quod
1431 589 1623 616 saepenumero
1650 586 1775 613 rcsistit‘l

984 625 1051 659 quin
1068 626 1159 660 potius
1176 630 1289 661 propter
1305 635 1333 654 se
1348 632 1376 654 et
1391 632 1521 655 naturam
1539 637 1628 662 suam,
1642 639 1704 658 cum
1725 640 1774 659 cu-

986 670 1088 705 piditas
1118 672 1230 707 quidem
1257 680 1352 700 amore
1377 681 1441 708 erga
1466 674 1552 701 Deum
1578 677 1773 711 protenditur;

985 716 1022 744 ita
1048 725 1114 745 vero
1135 717 1255 746 viriliter
1274 719 1414 751 roborata,
1438 724 1466 746 et
1489 728 1544 748 non
1568 720 1685 754 inﬂexa,
1711 731 1774 750 cum

984 763 1136 798 cupiditate
1152 764 1302 799 conspirat.
1320 766 1400 792 [latio
1415 771 1506 793 autem
1523 775 1619 794 eorum
1639 777 1700 803 qua:
1719 778 1774 796 ιιιιιι

985 809 1124 841 videntur,
1140 811 1389 846 contemplationes
1410 813 1466 847 (17)
1490 812 1549 840 sine
1568 813 1773 843 inumbrationc

985 859 1012 882 et
1023 855 1192 884 obscuritate
1205 857 1314 892 recipit,
1326 862 1354 885 ct
1369 858 1448 885 unice
1461 859 1643 887 illuminatur.
1658 861 1775 890 Pulchre

984 906 1048 928 ante
1072 910 1123 929 nos
1146 911 1160 930 a
1185 903 1304 938 quodam
1325 905 1448 938 sapiente
1476 906 1579 933 dictum
1604 912 1667 935 est:
1685 909 1774 937 Unum

984 947 1151 975 desiderium
1168 949 1281 979 bonum,
1294 953 1322 977 et
1341 954 1475 977 aeternum
1490 959 1545 986 quo
1567 960 1632 980 vera
1654 955 1777 989 cognitio

984 992 1200 1026 concupiscitur.
1216 993 1270 1020 llas
1288 995 1425 1027 potentias
1443 995 1551 1023 animus
1571 997 1619 1031 qui
1638 998 1774 1030 sordidat,

984 1038 1012 1065 in
1027 1039 1096 1066 vitio
1117 1044 1145 1065 et
1170 1039 1324 1074 ignorantia
1351 1045 1497 1074 versatur,
1523 1045 1551 1068 et
1573 1050 1627 1069 non
1652 1051 1685 1070 ex
1711 1051 1774 1070 cor-

984 1092 1049 1118 pore
1069 1084 1134 1112 vitia
1157 1085 1244 1117 ducit,
1272 1086 1399 1121 quamvis
1415 1087 1539 1121 quaedam
1563 1096 1597 1115 ex
1631 1089 1697 1124 ipsis
1726 1098 1776 1124 per

984 1136 1086 1164 corpus
1109 1135 1274 1164 patrantur:
1300 1139 1334 1157 ex
1356 1132 1459 1166 quibus
1479 1133 1547 1159 nihil
1565 1141 1685 1168 unquam
1707 1134 1775 1162 Ver-

983 1174 1048 1201 bum
1073 1175 1121 1202 Dei
1150 1176 1272 1211 recipere
1299 1181 1401 1211 potest,
1433 1186 1495 1205 cum
1523 1179 1559 1206 sit
1592 1184 1691 1207 natura
1721 1181 1774 1207 im-

983 1221 1126 1253 mutabile,
1161 1227 1190 1249 et
1226 1222 1401 1251 invariahile.
1434 1225 1496 1252 Non
1536 1229 1627 1253 tamen
1661 1234 1775 1262 propter

984 1266 1233 1302 impassibiiitatem
1259 1273 1366 1296 natura:
1387 1269 1528 1298 recusabit
1552 1271 1684 1298 unionem
1706 1273 1774 1299 sub—

983 1313 1138 1340 stantialem
1150 1321 1212 1341 cum
1228 1319 1327 1341 natura
1340 1314 1472 1347 humana,
1483 1323 1517 1342 ne
1531 1317 1667 1344 recusatio
1683 1318 1775 1352 passio

983 1365 1048 1385 vera
1060 1358 1120 1386 fore
1135 1359 1274 1393 videatur,
1287 1365 1315 1387 et
1329 1361 1420 1387 vereri
1437 1361 1464 1388 in
1477 1361 1532 1388 illis
1548 1369 1608 1389 esse
1633 1363 1659 1390 in
1673 1364 1776 1398 quibus

983 1405 1081 1432 animat
1098 1405 1287 1433 studiosorum
1302 1406 1362 1441 ipso
1379 1406 1504 1441 adjutore
1520 1407 1586 1434 nihil
1607 1408 1775 1437 incommodi

982 1459 1015 1479 ex
1053 1460 1168 1488 corpore
1200 1457 1354 1487 ceperunt,
1390 1454 1445 1480 imo
1488 1454 1574 1489 magis
1612 1455 1668 1483 Deo
1700 1456 1774 1491 pleni

983 1499 1096 1525 fuerunt
1120 1503 1230 1526 utentes
1244 1507 1361 1533 corpore
1390 1508 1443 1527 nou
1471 1500 1640 1535 adversario,
1659 1502 1707 1529 sed
1725 1502 1774 1530 ad-

944 1561 965 1589 c
979 1545 1083 1580 jutore.

1022 1601 1030 1616 ι
1047 1591 1076 1618 Si
1102 1590 1241 1626 perfecta,
1262 1591 1400 1626 inquiunt,
1425 1597 1467 1619 est
1496 1592 1651 1628 hypostasis
1673 1593 1773 1625 Verbi.

982 1641 1010 1663 et
1033 1637 1153 1671 perfecta
1179 1637 1244 1664 item
1267 1637 1387 1665 hominis
1401 1646 1483 1673 quem
1504 1640 1645 1674 suscepit,
1674 1640 1775 1668 mansit

982 1686 1073 1709 autem
1101 1681 1222 1710 Verbum
1250 1683 1440 1717 immutabile,
1468 1692 1533 1712 caro
1553 1685 1636 1712 etiam
1664 1691 1775 1715 servata

981 1733 1024 1755 est
1057 1728 1245 1762 invariabilis;
1273 1730 1412 1765 quomodo
1439 1738 1494 1757 non
1516 1735 1558 1759 est
1583 1732 1658 1765 pium
1680 1731 1774 1759 dicere

982 1774 1051 1801 duas
1070 1775 1242 1810 hypostases,
1259 1779 1360 1803 neutra
1379 1775 1674 1804 confusahV’identur
1704 1777 1773 1805 mihi

983 1819 1061 1846 valde
1085 1820 1222 1847 malitiose
1247 1824 1275 1847 et
1302 1820 1414 1847 indocte
1440 1822 1608 1855 percontari.
1630 1822 1773 1857 Siquidem

982 1866 1061 1900 quasi
1087 1873 1138 1893 nos
1163 1873 1219 1893 non
1250 1866 1328 1900 prius
1358 1867 1567 1897 distinxerimus
1598 1869 1772 1903 perfectum,

982 1911 1121 1946 quomodo
1146 1912 1255 1940 dicatur
1286 1917 1314 1940 et
1335 1913 1409 1948 quod
1434 1913 1605 1947 dupliciter;
1640 1919 1772 1949 praetcrea

958 1952 964 1958 “
982 1958 1077 1990 etiam,
1097 1958 1162 1993 quid
1184 1959 1295 1994 proprie
1311 1958 1447 1994 signiﬁcet
1462 1959 1628 1994 hypostasis,
1653 1960 1772 1988 transfe—

983 2008 1049 2030 runt
1074 2012 1103 2032 se
1123 2012 1138 2031 a
1163 2010 1262 2032 natura
1289 2005 1391 2038 Verbi,
1418 2013 1479 2040 quae
1514 2011 1661 2034 commune
1687 2007 1772 2034 etiam

981 2055 1087 2077 natum
1118 2058 1180 2078 cum
1222 2051 1392 2086 proprietate
1421 2051 1578 2087 hypostasis
1611 2051 1771 2087 signiﬁcat-

981 2095 1065 2122 Verbi
1087 2095 1163 2122 enim
1189 2099 1318 2123 naturam
1338 2095 1460 2123 diximus
1475 2104 1530 2123 non
1544 2095 1708 2131 simpliciter
1724 2105 1774 2125 na-

982 2146 1088 2175 turam;
1103 2141 1283 2175 transferunt,
1296 2142 1419 2177 inquam,
1435 2150 1464 2170 se
1480 2142 1515 2170 ad
1531 2143 1674 2178 proprium
1688 2143 1774 2179 signi-

982 2187 1092 2215 ﬁcatum
1114 2188 1280 2223 hypostasis,
1292 2193 1321 2216 et
1342 2188 1420 2215 aiunt
1441 2188 1592 2223 perfectam
1610 2196 1670 2216 esse
1686 2189 1773 2224 hypo-

140 2237 229 2272 Λόγου
266 2236 315 2271 τὴν
343 2235 510 2267 ὑπόστασιν,
526 2234 597 2261 οὕτω
630 2233 776 2265 καλοῦντες
805 2233 854 2270 τὴν
882 2234 929 2260 τοῦ

984 2233 1076 2261 stasim
1097 2233 1198 2261 Verbi:
1216 2234 1257 2261 sic
1267 2238 1398 2262 vocantes
1408 2239 1536 2262 naturam
1552 2234 1612 2261 Filii
1628 2234 1771 2269 αὐτοτελῆ,

141 2283 246 2318 Κυρίου
258 2281 406 2314 αὐτοτελῆ
421 2281 514 2316 φύσιν,
529 2281 579 2316 τὴν
595 2280 645 2307 οὐκ
657 2279 741 2314 ἄλλην
755 2279 839 2306 οὖσαν
853 2280 928 2315 παρὰ

139 2329 190 2364 τὴν
204 2329 252 2355 τοῦ
266 2329 374 2364 Πατρός
385 2336 391 2343 ·
407 2329 447 2364 τῷ
458 2325 706 2362 χαρακτηριστικῷ
720 2325 749 2352 δὲ
765 2326 814 2360 τῆς
829 2326 929 2361 ἰδιότη-

139 2383 185 2406 τος
207 2374 257 2409 τῆς
280 2374 350 2400 κατὰ
371 2374 421 2409 τὴν
438 2373 566 2407 γέννησιν
593 2372 672 2407 μόνον
692 2371 884 2406 διαξέρουταν,
899 2372 929 2398 τδ

141 2421 239 2456 ἰδίωμα
253 2419 470 2455 κατηγοροῦντες
483 2419 544 2444 ἀντὶ
559 2417 606 2444 τοῦ
619 2419 647 2444 ἐν
661 2414 683 2451 ᾧ
696 2417 726 2444 τὸ
749 2417 847 2452 ἰδίωμα
859 2425 865 2432 ’
882 2419 930 2444 καὶ

139 2466 190 2499 τὴν
206 2465 299 2500 σχέσιν
311 2465 360 2498 τὴν
374 2463 442 2498 πρὸς
454 2462 567 2496 ἄλληλα,
589 2462 649 2488 ἀντὶ
669 2461 724 2488 τῶν
750 2462 780 2488 ὲν
798 2459 838 2493 οἷς
860 2463 929 2498 αὑτὴ

140 2512 343 2547 κατηγορεῖται.
363 2510 423 2536 Τῶν
440 2509 496 2542 γὰρ
510 2509 652 2543 ὀνομάτων
663 2528 670 2540 ,
687 2509 722 2534 τὰ
740 2508 789 2543 μὲν
806 2508 858 2542 τῆς
878 2509 929 2543 φύ-

141 2566 211 2589 σεως
235 2558 289 2584 τῶν
309 2556 501 2590 ὑποκειμένων
528 2555 587 2581 ἐστὶ
614 2554 763 2588 δηλωτικὰ,
779 2554 814 2580 τὰ
830 2554 860 2580 δὲ
878 2556 928 2590 τῆς

141 2605 261 2638 σχέσεως
279 2603 333 2630 τῶν
354 2604 526 2638 πραγμάτων
552 2603 609 2627 ἔστι
629 2599 809 2634 γνωριστικά.
822 2600 883 2626 Τῶν
902 2602 930 2628 δὲ

143 2651 300 2687 ιιτερινοοιδῶν
320 2651 388 2686 πρὸς
414 2650 448 2676 τὰ
476 2647 588 2683 ὁμοειδῆ
610 2645 829 2673 ὲπαλλάττουσαν
855 2647 929 2673 ἐστιν

177 2723 212 2758 (c)
224 2723 316 2751 Schol.
334 2723 402 2758 Περὶ
417 2721 565 2757 Εὑαγρίου.

178 2780 234 2814 (l5)
248 2779 358 2814 Propter
367 2780 492 2807 unionem
507 2787 566 2807 cum
580 2786 698 2814 corpore.
717 2777 766 2805 Διὰ
778 2777 826 2813 τὴν
836 2779 933 2813 κρᾶσιν

143 2816 191 2841 τοῦ
206 2815 341 2876 militum;
360 2823 387 2850 q.
420 2815 448 2842 d.
466 2820 578 2850 propter
600 2814 759 2841 mis-tionem
786 2820 848 2840 cum
869 2821 930 2840 cor-

145 2856 219 2876 bore.
264 2857 307 2876 ιῖιι.

154 2856 219 2876 mre.
240 2856 307 2876 Ἰιῖιιι

154 2856 219 2876 ηοω.
240 2856 307 2876 ἰιῖιιη

145 2856 152 2882 ι
182 2885 235 2920 μοι
256 2884 365 2911 (latione
379 2886 543 2912 eminentiae.
565 2884 726 2920 ’Υπάρξεως
738 2883 820 2919 λόγῳ.
839 2883 876 2911 Ιι).

981 2279 1008 2306 id
1023 2284 1075 2312 est,
1094 2288 1144 2315 per
1159 2287 1188 2308 se
1205 2280 1366 2315 perfectam,
1380 2289 1441 2316 quae
1468 2288 1523 2308 non
1546 2284 1589 2308 est
1603 2281 1655 2308 alia
1674 2287 1773 2316 praeter

980 2330 1107 2352 naturam
1118 2326 1217 2357 Patris,
1225 2325 1416 2362 designatione
1429 2327 1608 2362 proprietatis
1618 2328 1772 2355 secundum

979 2371 1184 2407 generationem
1210 2372 1299 2399 solum
1327 2372 1470 2406 diﬂ‘erens,
1500 2373 1684 2408 praedicantes
1707 2382 1772 2408 pro-

984 2418 1128 2452 prietatem
1142 2425 1192 2453 pro
1206 2426 1239 2446 eo
1266 2418 1293 2446 in
1309 2427 1363 2453 quo
1381 2423 1424 2446 est
1436 2419 1605 2454 proprietas;
1623 2423 1651 2446 et
1662 2419 1774 2447 habitu-

983 2463 1077 2492 dinem
1097 2469 1257 2492 naturarum
1286 2465 1360 2493 inter
1386 2473 1414 2493 se
1438 2474 1488 2500 pro
1505 2466 1537 2493 iis
1552 2466 1580 2493 in
1599 2465 1701 2501 quibus
1716 2465 1774 2494 haec

983 2510 1119 2538 habitudo
1145 2511 1322 2546 praedicatur.
1336 2511 1454 2539 Nomina
1474 2512 1549 2539 enim
1565 2512 1618 2539 alia
1633 2512 1775 2540 declarant

982 2561 1108 2584 naturam
1134 2557 1341 2592 subjectorum,
1371 2558 1424 2585 alia
1460 2558 1651 2585 habitudinem
1680 2566 1773 2585 rerum

983 2603 1144 2632 ostendunt.
1161 2603 1264 2631 Eorum
1280 2607 1371 2631 autem
1388 2611 1449 2638 quae
1469 2604 1561 2639 specie
1579 2604 1722 2636 dili‘crunt,
1739 2603 1776 2631 ad

983 2657 1014 2676 ea
1038 2657 1098 2684 quae
1121 2649 1245 2685 ejusdem
1266 2650 1367 2685 speciei
1384 2655 1458 2684 sunt,
1472 2650 1580 2678 diversa
1595 2654 1772 2678 estcommu-

1025 2779 1079 2813 (17)
1088 2777 1337 2814 Contemplationrs.
1359 2778 1469 2810 Ἀΰλους
1483 2778 1618 2814 ἐμφάσεις
1631 2780 1710 2814 vorat
1722 2776 1774 2808 τὰς

982 2813 1100 2852 θεωρίας
1123 2814 1177 2852 τῷν
1199 2812 1427 2852 Ἲάορέιτωνταῆτοι
1441 2814 1495 2852 τῷν
1523 2813 1560 2848 μὴ
1585 2812 1772 2852 βλεπομένων,

983 2849 1409 2876 εοιιςὶάρι-ιιιῑοιιοεἱητίςξὺὶίίιιιη
1427 2849 1469 2876 vel
1490 2856 1544 2875 non
1568 2849 1773 2882 apparentium,

985 2889 1013 2911 ut
1024 2889 1135 2912 sanctus
1148 2885 1249 2912 Paulus
1261 2885 1309 2912 ait.
1324 2885 1360 2912 to.
