1973 3098
127 178 195 212 1289

659 182 808 212 CONTRA
828 180 988 211 NESTOR.
1006 180 1053 209 ET
1073 180 1234 210 EU'I‘YCH.

1688 179 1757 212 iam
1775 219 1779 222 ,

124 237 331 273 διακεκριμένος
342 257 348 268 ,
365 237 409 263 διὰ
424 237 472 273 τὴν
490 237 556 272 πρὸς
574 237 608 264 τὰ
623 238 722 265 ἑαυτοῦ
741 238 810 273 μέρη
837 236 912 272 πρώ-

969 243 1046 270 quam
1059 240 1132 263 totus
1149 243 1180 262 ex
1199 236 1333 270 partibus,
1347 236 1638 273 propterpartieslstras
1649 239 1756 266 medios

123 292 173 317 την
188 283 290 318 σχέσιν,
306 283 435 319 δευτέραν
451 285 569 310 ποιεῖται
584 284 653 319 πρὸς
667 284 738 310 αὐτὰ
757 283 911 310 κοινωνίαν.

127 330 207 356 ’Ὥστε
223 330 270 356 καὶ
288 331 301 356 ὁ
315 330 432 365 Χριστὸς
449 330 517 365 πρὸς
534 330 608 365 ἡμᾶς
619 330 665 356 καὶ
679 329 748 364 πρὸς
762 329 806 355 τὸν
824 328 913 355 Πατέ-

128 384 172 410 ρα,
187 376 225 406 ὡς
240 375 300 406 ὅλος
311 374 348 401 ὢν
359 376 392 401 ὲκ
406 375 508 411 μερῶν,
526 375 569 401 διὰ
582 376 616 402 τὰ
628 375 726 401 ἑαυτοῦ
748 374 818 409 μέρη
834 382 913 409 μεσι-

125 420 199 447 τεύει
225 422 281 452 τοῖς
305 420 410 455 ἄκροις,
428 421 497 452 ὅλως
525 421 573 456 μὲν
600 421 751 451 ὑπόστασις
777 420 815 446 ὢν
845 420 914 455 πρὸς

125 468 211 502 ἡμᾶς,
234 467 303 502 μετὰ
328 467 376 501 τῆς
407 466 537 502 Θεότητος
561 467 605 494 διὰ
624 467 674 501 τὴν
701 466 912 502 ἀνθρωπότητα,

125 513 370 548 ὲπαλλαττομένων
392 513 447 539 τῶν
474 513 546 539 κατὰ
573 513 624 548 τὴν
651 512 788 548 διὰκρισίν
811 520 841 538 τε
867 511 915 538 καὶ

125 560 221 586 ἕνωσιν
241 560 369 594 σχέσεων,
386 556 425 592 ὧν
438 568 468 585 τε
487 559 554 594 πρὸς
578 559 674 586 ἑαυτὸν
698 558 742 588 διὰ
758 560 792 585 τὰ
816 558 913 585 ἑαυτοῦ

127 605 197 640 μέρη
214 605 283 640 ἔχων
297 605 479 640 γνωρίζεται,
497 605 543 631 καὶ
558 601 597 631 ὧν
610 605 680 640 πρός
693 613 724 630 τε
742 604 787 630 τὸν
805 604 915 641 ῌατέρα

125 652 172 677 καὶ
188 652 271 685 ἡμᾶς,
284 650 330 676 διὰ
343 651 391 686 τὴν
405 650 460 677 τῶν
475 650 566 686 μερῶν
582 650 651 685 πρὸς
667 650 701 677 τὰ
720 650 791 685 ἂκρα
817 650 914 676 οἰκειό-

124 705 194 731 τητα
204 696 346 732 κέκτηται.
356 697 542 731 Εύγνωμόνως
551 696 578 723 δὲ
586 697 641 722 τῶν
654 696 746 732 μερῶν
753 697 912 723 ἀκουστέον·

125 743 155 769 οὐ
172 742 227 776 γὰρ
243 742 281 773 ὡς
300 743 334 777 τῇ
355 743 435 776 φύσει
450 742 538 777 ἀτελῆ
554 742 630 773 ὄντα,
646 742 717 777 μέρη
731 742 819 769 ταῦτά
831 751 913 777 φημι,

125 788 183 814 ἀλλ’
200 788 239 819 ὡς
265 787 484 823 συμπληρωτικὰ
521 788 568 814 τοῦ
593 787 741 823 προσώπου
769 788 818 823 τῆς
845 790 916 815 κατὰ

125 835 242 870 Χριστὸν
267 835 454 866 ὑποστάσεως.
473 834 551 861 Οὕτω
577 834 632 869 γὰρ
658 834 802 869 Γρηγορίῳ
822 843 852 872 τε
870 835 916 861 καὶ

125 880 261 915 Κυρίλλῳ,
278 880 327 906 καὶ
350 880 381 906 τὸ
405 880 465 906 ὅλον
484 880 514 907 οὐ
535 880 585 914 μία
598 879 689 913 φύσις,
702 881 749 907 καὶ
761 879 853 911 ἁπλῶς
868 880 915 906 καί¹

124 926 193 961 πρὸς
207 934 242 957 τι,
256 925 285 951 τό
296 933 325 951 τε
338 925 431 956 ἀτελὲς
447 926 492 952 καὶ
503 924 534 951 τὸ
549 925 652 951 τέλειον
665 925 782 960 εἴρηται.

163 979 172 996 ι
188 970 219 996 Τί
233 968 279 996 οὖν
292 978 373 1004 φασιν
384 979 391 1003 ;
404 970 441 996 Οὐ
456 970 572 1004 λέγομεν
586 970 650 1005 μίαν
663 971 745 1005 φύσιν
758 971 916 1006 ἀνθρώπου,

126 1015 229 1049 καίπερ
246 1015 361 1049 διάᾳορα
380 1016 413 1041 τὰ
438 1015 600 1042 συνελθόντα
624 1016 822 1050 γινώσκοντεςς
839 1017 871 1043 Τί
885 1017 916 1052 δὴ

125 1058 173 1088 οὖν
187 1061 277 1095 λυπεῖ,
292 1060 387 1096 ὥσπερ
405 1058 455 1088 ὧδε
469 1061 519 1088 οὐκ
536 1062 579 1088 ἐπ’
597 1063 737 1097 ἀναιρέσει
752 1063 802 1098 τῆς
820 1063 916 1097 ἰδιότη-

124 1116 172 1139 τος
189 1107 244 1133 τῶν
261 1108 363 1142 μερῶν,
383 1107 463 1141 φύσιν
477 1107 615 1143 καλοῦμεν
636 1109 686 1140 τὰς
702 1108 808 1143 φύσεις,
824 1110 848 1136 εἰ
869 1110 917 1136 καὶ

126 1154 172 1181 ἐπὶ
186 1153 304 1189 Χριστοῦ
326 1154 356 1180 τὺ
375 1154 469 1189 ὅμοιον
484 1154 626 1185 ποιοῦντες
639 1155 791 1189 φαινόμεθα
805 1163 812 1187 ;
834 1155 915 1182 ’Δλλὰ

125 1199 287 1234 λαδορείσϐε
309 1200 374 1234 ἡμῖν
400 1199 448 1225 καὶ
463 1198 620 1235 διασύρετε,
636 1200 674 1230 ὼς
698 1200 831 1235 σύγχυσιν
855 1201 916 1227 ἐπι,

126 1245 231 1272 νοοῦσιν
256 1246 302 1271 ἐπὶ
329 1245 460 1280 Χριστοῦ,
477 1246 572 1281 ἐπειδὴ
596 1246 631 1272 τὰ
650 1247 720 1281 μέρη
741 1248 774 1282 τῇ
791 1247 838 1274 τοῦ
853 1246 914 1273 ὅλου

127 1290 297 1326 σημαίνομεν
310 1291 453 1326 ὀνομασίᾳ.
473 1300 482 1317 ι
498 1291 529 1317 EE
545 1291 594 1326 μὲν
610 1290 643 1318 τὰ
653 1292 728 1326 μέρη
737 1293 769 1327 τῇ
785 1292 832 1318 τοῦ
854 1292 915 1319 ὅλου

126 1336 219 1363 καλεῖν
232 1336 375 1362 ἐϐούλεσθε
392 1337 574 1372 προσηγορία,
589 1336 643 1363 ἔδει
657 1338 766 1369 πάντως
781 1339 853 1373 ὑμᾶς
867 1339 916 1365 καὶ

125 1382 156 1408 τὸ
168 1382 226 1408 ὅλον
241 1383 274 1418 τῇ
290 1382 344 1408 τῶν
357 1382 447 1417 μερῶν
457 1383 601 1418 γνωρίζειν
616 1384 758 1419 ὀνομασίᾳ,
773 1385 821 1410 καὶ
829 1384 917 1417 οὕτως

126 1428 214 1460 οὐδεὶς
245 1429 278 1455 ἂν
311 1426 345 1463 ἦν
368 1429 463 1462 φθόνος
493 1430 569 1464 ἡμῖν.
596 1430 690 1465 Σάρκα
715 1430 780 1465 at»)
810 1431 917 1464 ἀνορω-

126 1482 178 1501 πον
189 1473 335 1505 καλοῦντες
352 1474 451 1509 μᾶλλον
465 1475 510 1501 τὸν
525 1474 637 1510 Κύριον,
652 1475 683 1501 τὸ
697 1475 757 1501 ὅλον
770 1476 802 1502 ἐκ
818 1476 919 1511 μέρους

127 1519 293 1554 ἐσημαίνετέ
308 1519 351 1552 ἂν,
369 1518 427 1545 ἀλλ’
445 1519 475 1545 ού
501 1519 582 1553 φύσιν
613 1519 677 1554 μίαν
702 1519 751 1550 τὰς
768 1519 814 1545 δύο
835 1528 919 1555 προσ-

129 1566 323 1602 αγορεύοντες.
337 1566 471 1597 Πολλάκις
488 1566 542 1601 γὰρ
556 1566 586 1592 τὸ
602 1567 640 1602 μὴ
658 1567 856 1601 κυριολεκτεῖν,
871 1568 917 1593 καὶ

128 1612 262 1647 δόγματος
273 1611 420 1647 ἐργάζεται
435 1613 582 1646 διαφωνίαν
591 1620 598 1627 α
613 1613 674 1639 ὅθεν
690 1614 771 1647 ἡμεῖς
785 1613 856 1639 κατὰ
867 1613 916 1644 τὰς

129 1658 205 1689 ῦείας
225 1658 348 1693 Γραφὰς,
369 1658 414 1683 καὶ
438 1658 487 1688 τὰς
507 1658 764 1693 πατροπαραδότους
790 1658 916 1695 θεωρίας,

128 1703 258 1735 πολλάκις
283 1705 313 1729 τὸ
332 1703 392 1729 ὅλον
408 1704 440 1729 ὲκ
464 1703 575 1738 μέρους,
593 1704 640 1730 καὶ
664 1704 698 1730 τὰ
719 1704 788 1739 μέρη
812 1706 844 1740 τῇ
870 1704 917 1731 τοῦ

128 1750 188 1778 ὅλου
213 1751 311 1786 κλήσει
340 1748 592 1785 προσαγορεύομεν,
611 1749 674 1776 Υὶὸν
701 1750 844 1785 ἀνθρώπου
873 1750 917 1776 τὴν

129 1797 214 1831 Λόγον
228 1797 417 1831 ὀνομάζοντες,
432 1796 478 1822 καὶ
495 1795 599 1831 Κύριον
615 1796 665 1830 τῆς
684 1796 763 1830 δόξης
778 1795 917 1829 ἐσταυρῶη

129 1842 405 1877 σθαιὸμολογοῦντες.
415 1841 485 1867 Ἀλλ’
494 1841 524 1866 οὐ
539 1841 615 1876 παρὰ.
630 1840 708 1866 τοῦτο
732 1842 764 1875 τῇ
785 1841 918 1867 ὰντιδόιει

128 1889 183 1915 τῶν
204 1886 593 1923 ίδιωμάτων,ἀναιροῦμεντὸν
610 1886 673 1912 ἴδιον
689 1886 766 1919 λόγον
777 1887 824 1921 τῆς
841 1886 918 1912 aut.

130 1935 177 1961 50o
193 1935 221 1960 ὲν
237 1933 328 1969 ταυτῷ
343 1934 483 1968 ἰδιότητος.
494 1932 564 1966 Πρὸς
576 1932 603 1957 δὲ
623 1931 668 1958 καὶ
684 1931 728 1957 διὰ
739 1932 840 1966 κυρίων
851 1933 917 1966 ἡμῖν

128 1980 216 2008 ταῦτα
231 1981 285 2007 τῶν
300 1980 441 2015 ὀνομάτων
458 1978 639 2013 γνωρίζεται,
650 1978 700 2012 τὴν
715 1978 763 2011 μὲν
783 1978 917 2004 ἀντίδοσιν

128 2026 183 2053 τῶν
201 2025 353 2059 ἰδιωμάτων
366 2027 393 2051 ἐν
415 2026 449 2060 τῇ
473 2025 521 2059 μιᾷ
544 2023 693 2049 ὑποστάσει
711 2023 853 2058 οεωροῦσι,
867 2024 918 2058 τὴν

128 2073 157 2099 et
174 2072 293 2107 ἰδιότητα
309 2072 357 2107 τὴν
375 2072 404 2098 ὲν
422 2073 454 2106 τῇ
479 2070 614 2104 καινότητι
634 2070 662 2095 ἐν
677 2071 710 2104 τῇ
733 2070 847 2104 διαιρορᾷ
863 2069 917 2096 τῶν

129 2119 236 2154 φύσεων
254 2118 491 2153 ἐπιγινώσκουσιν.
510 2117 604 2151 Ὑμεῖς
619 2116 647 2142 δὲ
660 2116 698 2151 τῷ
714 2116 917 2151 παραδείγματι

130 2164 295 2199 κεχρημένοι
320 2163 366 2189 τοῦ
380 2162 537 2197 ἀνθρώπου,
553 2162 600 2188 καὶ
617 2161 692 2195 αὐτῷ
709 2160 748 2195 τῷ
774 2160 917 2196 πρωτοτό-

129 2218 173 2244 πῳ
201 2208 422 2244 συνδιαφοείρετε
446 2208 476 2234 τὸ
496 2207 684 2242 παράδειγμα.
698 2207 772 2234 Μίαν
795 2207 844 2241 μὲν
862 2208 917 2243 γὰρ

129 2253 275 2290 ἀνθρώπου
293 2254 373 2288 φύσιν
388 2253 503 2287 λέγομεν
515 2273 521 2283 ,
534 2253 583 2288 οὐχ
600 2252 638 2284 ὡς
656 2252 689 2279 ἂν
705 2252 783 2286 ὑμεῖς
799 2252 897 2287 φαίητε
909 2271 916 2285 ,
930 2259 956 2289 D

128 2301 168 2332 et;
185 2300 283 2327 ταυτὸν
294 2299 413 2338 »ἄγοντες
428 2299 477 2334 τὴν
493 2299 575 2333 φύσιν
591 2298 642 2333 τῆς
668 2298 770 2333 σαρκὸς
786 2299 818 2333 τῇ
835 2298 914 2334 οὐσίᾳ

128 2348 177 2382 τῆς
194 2347 291 2381 ψυχῆς,
307 2346 323 2381 ἢ
340 2346 370 2372 τὸ
387 2345 522 2375 ᾅνὰπαλιν
536 2354 541 2360 ·
558 2344 620 2371 οὔτε
644 2346 696 2380 μὴν
719 2344 748 2377 ἐξ
775 2345 917 2380 ἑκατέρων

129 2394 183 2420 οὐδ’
197 2394 331 2427 ὁποτέραν
341 2392 553 2419 ἀποτετελέσθαι
567 2392 668 2427 φαμέν.
683 2397 686 2398 ⁷

164 2439 247 2466 Φύσιν
267 2439 295 2465 δὲ
314 2438 416 2473 ταύτην
437 2438 586 2473 καλοῦμεν,
601 2438 632 2465 οὐ
647 2437 715 2473 πρὸς
730 2436 780 2472 τὴν
796 2436 850 2463 τῶν
867 2445 916 2471 με-

130 2485 186 2522 ρῶν
207 2486 299 2521 σχέσιν
314 2485 518 2515 ἀποδλέποντες
533 2484 630 2518 (οὐδεὶς
648 2484 701 2519 γὰρ
727 2484 786 2509 ἑστι
809 2483 888 2521 λόγος
904 2484 918 2509 ὁ

130 2533 161 2560 τὸ
184 2531 331 2567 ὲτεροφυὲς
352 2530 441 2557 αὐτῶν
454 2531 505 2556 κὰν
527 2531 560 2564 τῇ
576 2530 670 2556 ὲνώσει
691 2529 916 2564 λυμαινόμενος),

130 2579 199 2606 ἀλλὰ
221 2579 271 2612 τὴν
292 2577 343 2604 τοῦ
362 2575 479 2603 καθόλου
498 2576 544 2602 καὶ
564 2575 650 2606 εἴδους
669 2575 827 2610 σημασίαν,
847 2575 918 2601 κατὰ

130 2624 178 2651 τοῦ
194 2623 307 2659 μερικοῦ
325 2623 373 2650 καὶ
398 2622 463 2649 ἰδίου
486 2620 707 2656 κατηγοροῦμεν.
728 2620 838 2656 Ἐπειδὴ
851 2620 918 2655 γὰρ,

131 2669 223 2701 καθὼς
241 2670 265 2696 oi
278 2669 312 2696 τὰ
326 2668 424 2703 λογικὰ
435 2668 584 2703 σκέμματσ.
598 2666 785 2700 διακρίνοντες
800 2665 919 2701 παραδι-

131 2715 219 2747 δόασι,
233 2715 268 2741 τὰ
282 2714 333 2749 μὲν
344 2714 390 2741 ἐπὶ
406 2713 507 2748 μέρους
517 2712 644 2739 κοινωνεῖ
657 2712 714 2742 τοῖς
727 2709 868 2744 καθ’ὂλου,
886 2709 920 2736 τὰ

132 2761 163 2787 δὲ
177 2760 237 2787 καθ’
254 2760 314 2786 ὅλου
328 2760 523 2795 κατηγορεῖται
535 2757 606 2785 κατὰ
616 2757 671 2783 τῶν
682 2756 729 2782 ἐπὶ
742 2755 842 2791 μέρους
853 2763 861 2770 ·
873 2756 920 2782 καὶ

133 2805 188 2833 Ιτῶν
203 2805 251 2837 μὲν
264 2805 382 2839 ἀτόμων,
398 2804 527 2831 κοινωνία
541 2804 601 2830 ὲστὶ
623 2804 691 2839 πρὸς
712 2802 742 2829 τὺ
758 2800 827 2833 εἶδος
850 2801 920 2827 κατὰ

170 2848 215 2879 (19
230 2847 276 2879 20)
287 2847 499 2875 Cammunicalio
508 2848 611 2882 quidm:
619 2848 825 2876 individuorum.
835 2850 899 2876 Com
906 2863 917 2869 -

133 2882 491 2910 municatioindividuorum
500 2884 864 2917 adspcciemcslsecundum
876 2891 918 2911 σοι

292 2930 426 2961 Pariter.
447 2930 504 2961 Gn.
522 2930 690 2961 LXXXVI.

963 281 1097 309 estinter
1112 287 1236 309 extrema
1249 291 1254 315 ;
1274 291 1307 310 ex
1334 288 1400 318 toto
1413 272 1755 319 hypqﬂiisisprelatus'im

964 328 1084 362 Patrem,
1107 333 1222 363 propter
1244 329 1420 356 divinitatem
1443 336 1512 365 cum
1529 330 1755 365 ituntmtitatcjm

964 381 997 400 ex
1013 378 1070 401 toto
1100 374 1257 410 hypostasis
1272 376 1377 403 relatus
1391 375 1426 402 ad
1442 375 1504 412 nos,
1521 376 1647 411 preptcr“.
1658 377 1751 412 huma-

964 420 1081 452 nitatem
1097 428 1159 448 cum
1182 421 1336 454 divinitate,
1353 412 1520 456 permutatis
1545 422 1757 456 ltabiturlinihus

965 465 1118 493 secundum
1142 467 1348 495 distinctionem
1366 472 1395 494 et
1413 467 1639 509 unionemi'quas
1664 475 1756 495 secum

964 517 1081 546 propter
1103 517 1196 546 partes
1215 521 1279 539 suas
1308 513 1448 545 habet;et
1468 521 1537 547 quas
1556 522 1618 541 eum
1632 515 1710 542 Patre
1730 520 1758 541 et

965 558 1110 585 nobiscum
1138 559 1230 589 habet,
1258 563 1371 594 propter
1402 560 1623 591 convenientiam
1638 560 1757 594 partium

966 598 1033 629 cum.
1052 603 1195 630 extremis.
1209 603 1277 630 Cum
1300 610 1392 630 autem
1411 609 1502 639 partes
1517 605 1645 636 dicimus,
1662 605 1758 632 audire,

965 653 1074 682 oportet
1089 650 1240 683 prudenter
1255 659 1261 676 :
1274 658 1327 677 non
1343 651 1416 677 enim
1433 655 1525 685 partes
1545 651 1670 683 dicimus,
1696 656 1757 677 tam

966 700 1047 727 quam
1064 693 1239 728 imperfectas
1255 699 1364 727 natura,
1381 695 1429 722 sed
1445 700 1575 730 tanquam
1588 696 1759 730 complentes

967 746 1111 772 personam
1137 739 1292 775 hypostasis
1313 740 1427 768 Christi.
1449 741 1495 768 Sic
1509 741 1582 768 enim
1596 749 1611 768 a
1625 740 1759 776 Gregorio

966 789 994 811 et
1005 784 1107 820 Cyrillo
1124 785 1228 813 dictum
1245 790 1286 813 est
1296 791 1385 814 totum
1399 794 1454 814 non
1467 795 1521 814 una
1534 791 1643 821 natura,
1657 787 1759 814 etsim-

966 830 1085 865 pliciter,
1098 836 1126 859 et
1141 832 1173 858 ad
1200 832 1316 867 aliquid,
1332 836 1362 860 et
1381 833 1587 868 imperfectum,
1616 838 1644 861 et
1672 834 1760 869 perfe-

967 880 1051 904 ctum.

1005 965 1014 980 ι
1028 955 1099 988 Quid
1115 956 1199 991 igitur
1214 956 1311 984 aiunt?
1327 957 1424 984 Nonne
1440 957 1560 984 dicimus
1576 965 1658 984 unam
1680 962 1760 985 natu—

968 1010 1026 1029 ram
1053 1002 1184 1036 hominis,
1211 1003 1338 1038 quamvis
1362 1012 1561 1039 cognoscamus
1603 1004 1760 1031 diil'erentia

967 1056 1039 1081 esse,
1055 1057 1116 1083 qum
1131 1054 1233 1077 coeunt
1246 1050 1275 1077 in
1290 1051 1396 1077 unum?
1412 1050 1483 1083 Quid
1496 1058 1561 1085 ergo
1579 1050 1679 1081 obstat,
1692 1050 1759 1085 quin

967 1094 1039 1121 sicut
1058 1094 1104 1122 hic
1123 1102 1178 1122 non
1195 1095 1229 1122 ad
1252 1096 1405 1123 tollendutn
1422 1096 1620 1130 proprietatem
1637 1096 1758 1130 partium

967 1145 1080 1167 naturas
1091 1148 1222 1168 vocamus
1231 1145 1368 1173 naturam,
1381 1141 1486 1176 aliquid
1500 1141 1590 1168 simile
1606 1141 1633 1168 in
1647 1140 1760 1168 Christo

967 1185 1057 1213 facere
1078 1187 1239 1214 videamur?
1268 1187 1340 1220 Quin
1364 1183 1457 1222 potius
1475 1187 1600 1215 convicia
1613 1187 1715 1220 facitis,
1731 1192 1761 1214 et

968 1230 1084 1258 illuditis
1102 1232 1180 1266 quasi
1194 1231 1385 1259 confusionem
1400 1232 1427 1259 in
1438 1232 1548 1260 Christo
1561 1233 1759 1267 excogitemus,

968 1277 1032 1311 quia
1054 1282 1146 1311 partes
1168 1278 1352 1312 appellatione
1381 1278 1465 1305 totius
1487 1279 1683 1314 signiﬁcamus.
1700 1289 1709 1304 ι
1730 1279 1759 1306 Si

967 1322 1103 1349 volebatis
1127 1330 1224 1350 vocare
1251 1328 1342 1358 partes
1368 1324 1480 1351 nomine
1501 1323 1595 1356 totius,
1613 1325 1760 1359 oportebat

968 1368 1102 1402 proiecto,
1110 1374 1140 1396 ut
1150 1373 1236 1396 totum
1244 1370 1327 1396 etiam
1336 1369 1525 1397 nominatione
1532 1370 1654 1405 partium
1665 1370 1760 1397 decla-

968 1414 1078 1446 raretis,
1096 1419 1178 1449 atque
1194 1414 1231 1442 ita
1247 1415 1322 1442 nulla
1335 1415 1413 1442 vobis
1423 1415 1526 1442 invidia
1541 1420 1624 1442 esset.
1641 1416 1757 1443 Carnem

968 1464 1072 1491 autem.
1091 1461 1135 1488 vel
1158 1461 1299 1488 hominem
1327 1465 1457 1488 vocantes
1482 1461 1575 1496 potius
1599 1461 1758 1494 Dominum.

969 1511 1057 1534 totum
1080 1515 1114 1534 ex
1133 1511 1209 1542 parte
1229 1507 1432 1542 signiﬁcaretis,
1449 1512 1545 1534 etnon
1562 1508 1631 1534 duas
1648 1512 1761 1536 naturas

967 1557 1098 1580 vocantes
1118 1561 1211 1580 unam.
1228 1553 1305 1588 Smpe
1321 1553 1393 1581 enim
1412 1562 1467 1581 non
1481 1555 1593 1589 proprie
1610 1554 1686 1589 loqui
1701 1555 1760 1583 dis-

968 1599 1139 1633 crepantiam
1164 1599 1301 1634 dogmatis
1322 1599 1415 1626 edicit.
1436 1600 1513 1627 Unde
1532 1609 1583 1628 nos
1607 1601 1760 1629 secundum

969 1644 1135 1680 Scripturas,
1145 1649 1173 1672 et
1181 1646 1384 1680 speeulationes
1394 1654 1410 1673 ιι
1418 1646 1546 1674 Patribus
1556 1647 1680 1678 traditas.
1688 1655 1762 1683 saepe

969 1695 1058 1717 totum
1072 1699 1105 1717 ex
1120 1695 1208 1725 parte,
1227 1696 1254 1719 et
1266 1696 1373 1726 partem
1387 1692 1499 1719 nomine
1513 1693 1597 1720 totius
1614 1693 1760 1726 aiiieimus,

969 1745 1032 1764 cum
1058 1737 1179 1764 Verbum
1196 1737 1295 1764 Filium
1314 1738 1435 1765 hominis
1447 1739 1637 1772 nominamus;
1652 1744 1679 1767 et
1704 1740 1761 1767 Do-

968 1783 1075 1808 minum
1106 1783 1200 1817 gloria:
1225 1783 1388 1811 cruciﬁxum
1419 1785 1593 1812 conﬁtemur.
1622 1785 1675 1813 Sed
1704 1794 1761 1814 non

968 1833 1117 1863 propterea
1129 1830 1379 1857 communicatione
1393 1830 1554 1858 idiomatum
1565 1831 1687 1860 tollimus
1698 1841 1762 1867 pro—

969 1875 1057 1909 priam
1075 1876 1210 1902 rationem
1233 1877 1409 1910 proprietatis
1430 1877 1592 1904 alterutrius
1607 1878 1633 1904 in
1649 1879 1759 1906 eodem.

968 1921 1084 1953 Deinde,
1106 1921 1165 1948 hazc
1180 1922 1262 1948 etiam
1280 1922 1361 1949 nobis
1376 1930 1425 1957 per
1448 1924 1559 1958 propria
1581 1924 1692 1952 nomina
1710 1925 1760 1952 de-

969 1966 1119 1998 clarantur,
1136 1975 1197 1994 eum
1215 1968 1493 1995 communicationem
1509 1969 1620 2003 quidem
1642 1969 1759 1998 idioma—

969 2017 1028 2039 tum
1043 2013 1071 2039 in
1086 2021 1139 2040 una
1151 2014 1290 2049 hypostasi
1306 2015 1542 2049 contemplamur;
1561 2016 1761 2051 proprietatem

969 2066 1036 2085 vero
1052 2067 1113 2093 quae
1127 2064 1169 2087 est
1191 2060 1219 2086 in
1241 2060 1449 2092 communitate,
1465 2061 1491 2087 in
1505 2060 1663 2089 differentia
1678 2068 1762 2090 natu-

969 2113 1062 2132 rarum
1086 2107 1271 2141 agnoscimus.
1292 2107 1348 2134 Vos
1373 2112 1476 2139 autem,
1493 2113 1602 2135 utentes
1632 2110 1759 2144 exemplo

968 2151 1100 2184 hominis,
1117 2160 1179 2179 cum
1194 2153 1253 2188 ipso
1265 2157 1413 2189 prototypo
1427 2153 1582 2188 exemplum
1598 2154 1680 2181 simul
1698 2163 1760 2182 cor~

969 2198 1107 2233 rumpitis.
1132 2199 1219 2226 Unam
1233 2197 1314 2226 enim"
1327 2205 1454 2226 naturam
1479 2199 1599 2227 hominis
1621 2200 1756 2233 dicimus;

970 2252 1025 2271 non
1043 2248 1074 2272 ut
1088 2252 1137 2272 vos
1151 2245 1254 2277 dicitis.
1275 2245 1321 2280 qui
1336 2250 1464 2272 naturam
1478 2245 1577 2273 camis-
1587 2246 1615 2273 in
1632 2246 1761 2274 substan-

968 2292 1035 2319 tiam
1060 2293 1158 2320 animae
1182 2293 1302 2324 trahitis,
1320 2297 1351 2320 ut
1375 2293 1442 2320 ﬁant
1475 2292 1565 2324 idem;
1589 2297 1637 2319 aut
1662 2301 1759 2321 rursus

968 2342 1093 2365 naturam
1105 2338 1202 2366 animae
1216 2338 1242 2365 in
1258 2338 1439 2366 substantiam
1451 2338 1551 2369 carnis.
1567 2346 1617 2365 nec
1635 2346 1668 2365 ex
1677 2339 1759 2366 alter-

970 2387 1030 2410 utra
1048 2387 1250 2418 utrumcunque
1269 2382 1329 2410 ﬁeri
1343 2383 1471 2410 dicimus.

1004 2429 1135 2456 Naturam
1151 2433 1243 2456 autem
1260 2436 1391 2456 vocamus
1408 2429 1489 2461 hanc,
1507 2436 1561 2456 non
1576 2428 1716 2456 intuentes
1730 2429 1758 2455 in

969 2477 1160 2505 habitudinem
1187 2476 1307 2512 partium
1331 2485 1337 2503 :
1358 2476 1432 2503 nulla
1451 2477 1525 2503 enim
1541 2480 1582 2503 est
1599 2476 1680 2508 ratio,
1696 2484 1757 2511 qua:

969 2524 1158 2551 diversitatem
1168 2528 1273 2551 naturae
1284 2523 1403 2558 partium
1418 2522 1500 2549 etiam
1514 2522 1539 2549 in
1554 2521 1656 2549 unione
1666 2521 1747 2549 ludat

972 2567 1027 2595 Sed
1051 2567 1145 2600 potius
1170 2565 1399 2601 signiﬁcationem
1421 2565 1584 2593 universalis
1611 2570 1639 2593 et
1655 2566 1759 2599 speciei

971 2613 1005 2641 de
1032 2612 1193 2648 particulari
1208 2616 1233 2639 et
1254 2611 1365 2646 proprio
1385 2611 1564 2650 praedicamus
1580 2610 1665 2645 :quia
1687 2610 1760 2638 sicut

972 2658 1084 2686 tradunt
1098 2658 1143 2693 qui
1157 2657 1265 2692 regulas
1282 2656 1434 2684 disserendi
1448 2656 1617 2690 discernunt,
1635 2656 1759 2692 particu-

971 2703 1038 2730 laria
1053 2702 1164 2737 quidem
1176 2701 1380 2728 communicant
1389 2700 1600 2732 universalibus;
1610 2700 1759 2728 universa-

970 2748 1007 2775 lia
1018 2756 1084 2776 vero
1094 2747 1276 2782 praedicantur
1285 2746 1320 2774 de
1330 2747 1552 2782 particularibns;
1566 2752 1591 2773 et
1606 2746 1760 2774 communi-

971 2792 1044 2819 catio
1053 2791 1163 2825 quidem
1172 2790 1520 2826 individuorum“9-20)ad
1530 2789 1650 2824 speciem
1660 2789 1758 2822 relata,

972 2855 1072 2881 turam,
1082 2854 1171 2876 etnon
1187 2848 1337 2875 secundum
1351 2848 1561 2882 appellationem
1576 2855 1583 2875 :
1605 2847 1668 2881 quia
1682 2846 1759 2873 indi-

972 2885 1085 2912 viduum
1108 2884 1269 2911 naturaliter
1296 2883 1442 2918 participat
1460 2882 1591 2917 speciem,
1614 2889 1674 2916 quae
1693 2888 1755 2908 cum

1539 2927 1576 2959 41
