1973 3098
123 175 188 207 i293

647 183 795 214 CONTRA
810 185 969 218 NESTOR.
987 190 1035 219 ET
1055 191 1214 224 EUTYCH.

1672 200 1740 234 129i

119 234 203 259 ταῐον.
223 233 271 260 Διὰ
295 233 368 271 τιδὴ
389 234 475 263 ταῦτά
499 245 588 272 cantu;
608 238 668 265 Ὀτι
690 240 714 265 εἰ
729 240 824 272 δώσεις
839 241 887 276 μία

119 277 243 291 \1..--n-.
272 278 317 291 --ξς
339 280 418 291 Διηλη
438 282 479 291 νην
530 282 540 288 -
651 284 657 291 ι
721 285 726 291 ι
812 287 818 291 .
859 288 865 291 .

955 245 1124 287 conﬁtemini
1141 252 1205 275 ante
1222 257 1305 277 unam
1321 258 1381 278 esse
1395 257 1521 281 naturam
1543 255 1623 283 Verbi
1644 261 1672 283 ct
1689 258 1739 284 Pa-
1779 288 1780 291 η

118 277 244 311 λέγεσθαι
272 278 318 305 τοῦ
332 280 419 314 Λόγου
437 282 484 308 καὶ
511 282 562 317 τῆς
577 284 678 318 σαρκὸς
694 285 774 319 φύσιν
785 308 791 319 ,
807 287 902 321 ὁμολο-

116 325 189 356 γεῖτε
201 324 229 350 δὲ
246 324 294 359 μία
307 325 387 359 φύσις
401 324 470 353 εἶναι
488 328 534 353 τοῦ
550 329 638 362 Λόγου
655 331 701 356 καὶ
715 330 761 357 τοῦ
784 332 900 367 Πατρός·

115 368 215 395 δώσετε
231 370 284 405 ἄρα
303 371 367 406 μίαν
389 371 470 406 φύσιν
487 371 556 400 εἶναι
584 374 635 409 τῆς
661 376 762 410 σαρκὸς
779 378 826 404 καὶ
851 379 899 405 τοῦ

116 416 232 451 Πατρός.

153 482 163 499 ι
187 473 258 499 Ἀλλ’
280 473 309 500 οὐ
326 474 441 510 λέγομεν
452 495 459 507 ,
476 477 542 511 φασὶ
554 497 562 509 ,
578 478 616 512 τῷ
632 479 705 514 αὐτῷ
725 481 819 515 τρόπῳ
834 482 899 517 μίαν

113 519 253 554 ἑκατέρων
282 517 351 546 εἶναι
383 521 474 554 φύσιν,
497 523 553 549 ἀλλ’
573 524 619 550 ἐπὶ
650 525 698 559 μὲν
724 526 830 562 Harpe;
853 529 899 555 καὶ

113 564 179 592 Υἰοῠ
192 585 199 596 ,
214 565 253 600 τῷ
267 566 358 601 ταυτῷ
372 567 421 601 τῆς
439 568 546 602 φύσεως
557 590 564 601 ,
583 571 698 598 ἐνταῦθα
716 573 744 598 δὲ
769 574 807 608 τῷ
826 575 899 611 λόγῳ

111 611 161 646 τῆς
175 611 299 642 ὲνώσεως
311 621 319 631 ·
337 613 434 639 οὐκοῦν
447 615 476 640 οὐ
490 616 587 641 ταυτὸν
607 616 637 642 τὸ
658 619 690 652 τῇ
706 618 801 646 ὲνώσει
815 620 843 646 ἒν
856 621 900 647 λε-

110 656 237 691 γόμενον,
252 658 299 683 καὶ
313 657 343 684 τὺ
354 659 386 693 τῇ
403 658 483 692 φύσει
497 660 536 686 ἓν.
556 670 565 686 ι
584 660 616 687 Et
628 661 656 688 δὲ
669 663 698 688 οὺ
713 665 821 697 ταυτὸν,
837 668 898 694 κατ’

109 701 174 729 ἄλλο
186 702 236 737 μὲν
254 704 357 736 ἐκεῖνο,
375 705 435 730 καθ’
449 705 543 740 ἕτερον
565 706 593 733 δὲ
605 707 684 734 τοῦτο
696 716 703 724 ”
717 709 793 738 ἔσται
809 712 898 740 τοίνυν

109 747 140 773 τὸ
162 748 228 774 αὐτὸ
245 747 274 774 ἓν
290 751 336 775 καὶ
351 750 398 776 δύο
413 770 420 782 ,
438 750 467 777 ἓν
484 751 534 785 μὲν
553 754 585 788 τῇ
603 753 714 786 ἐνώσει,
729 755 775 782 δύο
789 757 817 783 δὲ
837 759 898 790 ταῖς

78 798 82 801 “
109 792 233 827 φύσεσιν,
245 794 276 820 Εἰ
286 794 314 821 δὲ
327 795 365 830 μὴ
378 796 469 828 τοῦτο,
481 797 558 824 ἔσται
572 799 601 824 τὸ
616 800 682 826 αὐτὸ
707 802 776 829 κατὰ
788 803 817 829 τὸ
831 804 898 830 αὐτὸ

108 840 155 866 καὶ
165 839 374 873 ὀμοούσιον,καὶ
386 842 566 878 ἑτεροούσιον,
582 845 630 871 καὶ
645 847 694 880 μία
708 847 798 881 φύσις,
809 850 855 876 καὶ
865 850 895 876 οὺ

108 885 157 920 μία
167 885 257 919 φύσις⁶
269 884 299 913 εὖ
311 888 337 913 τί
346 888 379 914 ἂν
390 888 496 922 γένοιτο
504 891 676 926 ἀτοπώτερον
686 902 693 926 ;
702 893 796 926 Οὕτως
806 895 894 932 ὑμίνή

62 936 67 940 ”
107 931 157 965 μία
168 931 248 965 φύσις
262 932 406 968 λεγομένη,
418 935 465 962 καὶ
480 935 529 970 τὴν
544 936 676 972 διαίρεσιν
690 939 738 965 οὐκ
753 939 892 975 ἐξέφυγεν,

107 977 139 1012 ἣν
148 977 205 1012 ἔχει
217 979 232 1013 ὴ
249 978 330 1012 φύσις
340 981 369 1006 ὲν
384 980 422 1014 τῷ
433 981 529 1016 πὶήοει
542 982 595 1009 τῶν
613 984 812 1012 κοινωνούντων
824 987 892 1023 αὐτῇ

106 1023 261 1058 προσώπων
271 1024 342 1059 (25),
360 1026 406 1052 καὶ
419 1026 468 1061 τὴν
484 1027 615 1063 σύγχυσιν
632 1032 839 1066 παρεισήγαγεν
864 1034 893 1059 ὲν

106 1069 144 1103 τῷ
166 1070 256 1105 ταυτῷ
280 1071 330 1106 τῆς
345 1071 477 1098 συνθέτου
494 1074 602 1108 φύσεως
617 1096 625 1108 ,
643 1076 673 1102 τὺ
685 1077 740 1104 οὐδ’
762 1079 893 1114 ὁπότερον

106 1115 159 1141 τῶν
173 1116 320 1151 ἡνωμένων
333 1120 401 1152 μετὰ
415 1121 465 1155 τὴν
480 1122 577 1148 ἕνωσιν
591 1124 793 1159 παραστήσασα
804 1133 811 1140 ·
826 1126 892 1160 ἡμῖν

105 1162 131 1188 δὲ
141 1163 270 1198 ἑκάτερα,
288 1165 335 1191 σὺν
349 1165 408 1201 Θεῷ
423 1168 517 1200 φᾶναι,
531 1168 622 1200 καλῶς
641 1170 823 1203 πεφύλακται,
842 1171 892 1198 καὶ

105 1208 134 1234 τὺ
148 1209 278 1244 διάφορον
294 1210 348 1236 τῶν
362 1211 520 1247 ἡνωμένων,
537 1214 588 1240 κὰν
600 1216 633 1250 τῇ
649 1215 745 1242 ἐνώσει
757 1217 795 1252 τῷ
810 1217 891 1253 διττῷ

103 1254 153 1288 τῆς
178 1255 284 1289 φύσεως
312 1258 646 1293 καταγγελλόμενον,καὶ
672 1262 703 1288 τὸ
727 1263 825 1290 ταυτὸν
843 1263 890 1290 τοῦ

104 1299 252 1333 προσώπου
263 1322 270 1333 ,
286 1302 330 1328 διὰ
343 1303 392 1337 τῆς
407 1311 462 1329 των
476 1306 625 1339 ὴνωμένων
643 1307 750 1341 φύσεων
769 1310 807 1342 εἰς
826 1310 891 1344 μίαν

104 1345 251 1372 ὑπόστασιν
264 1348 420 1383 συνδρομῆς
434 1350 733 1387 ἀνακεφαλαιούμενον.

140 1446 149 1461 ι
169 1435 266 1467 Καῡώς
281 1433 325 1462 σοι’
336 1437 408 1469 ἔδοξε
424 1438 615 1473 προδιεσξείλω
628 1442 675 1468 ἐπὶ
687 1443 734 1469 τοῦ
748 1444 810 1470 καθ’
824 1445 889 1472 ἓκα-

103 1489 165 1508 στον
179 1482 335 1516 ἀνθρώπου,
347 1483 393 1510 δύο
409 1484 536 1518 λέγεσθαι
551 1486 646 1520 φύσεις
658 1489 704 1514 καὶ
717 1490 782 1524 μίαν
793 1499 799 1506 ·
815 1491 845 1524 ἐξ
859 1489 888 1519 οὗ

101 1528 127 1554 τί
139 1529 298 1562 ἁκολουί]εῖ;
315 1529 351 1555 Τὸ
367 1530 413 1556 ἐπὶ
430 1531 548 1566 Χριστοῦ
569 1533 605 1568 μὴ
621 1534 667 1560 δύο
692 1536 774 1570 μόνον
794 1538 888 1571 φύσεις

102 1575 261 1610 ὁμολογεῖν,
279 1577 348 1603 ἀλλὰ
371 1579 418 1604 καὶ
433 1581 517 1614 τρεῖς.
548 1580 609 1612 Πῶς
631 1583 720 1610 τοίνυν
742 1585 771 1610 τὸ
793 1586 887 1621 ἕτερον

99 1622 316 1656 ὁμολογοῦντες,
351 1623 464 1659 θάτερον
495 1625 706 1661 ἀπαναίνεσθες,
738 1630 838 1666 καίπερ
869 1634 885 1668 ὴ

100 1668 208 1702 ἀνάγκη
224 1668 270 1695 τοῦ
287 1669 376 1703 λόγου,
393 1671 472 1697 τοῦτό
485 1680 514 1698 σε
530 1672 620 1707 λέγειν
638 1675 685 1701 καὶ
699 1675 736 1711 μὴ
754 1676 885 1712 βουλόμε-

99 1722 144 1740 νον
164 1715 336 1746 ἑξεὸιάσατο.
357 1726 365 1742 ι
382 1717 414 1742 Τί
429 1715 476 1744 οὖν
492 1719 572 1753 ἡμεῖς
596 1720 664 1754 πρὸς
680 1721 786 1756 ταῦτα;
807 1723 838 1750 Τί
853 1732 885 1758 γε

97 1761 202 1797 ἕτερον,
223 1762 239 1796 ἦ
252 1762 320 1797 ὅπερ
335 1763 380 1789 καὶ
397 1763 515 1798 ἁρμόζον
532 1765 608 1791 ἐστὶν
621 1767 722 1800 αὐτοῖς,
738 1768 778 1795 ὅτι
791 1771 885 1804 Σοφία

96 1805 197 1839 μωροῦ
211 1806 306 1837 ἐστιν,
319 1807 391 1833 κατὰ
406 1807 455 1842 τὴν
468 1808 592 1844 Γραφὴν,
610 1810 817 1843 ἀδιεξέταστοι
832 1816 884 1841 λό-

98 1861 162 1885 γοις
175 1852 246 1883 Τοὺς
255 1852 308 1887 γὰρ
318 1852 398 1884 ἰδίους
409 1853 503 1888 ὥσπερ
515 1855 544 1881 οὐ
556 1855 772 1892 διαμασώμενοι,
785 1860 832 1886 καὶ
841 1861 884 1888 διὰ

97 1895 176 1922 τοῦτο
189 1896 249 1922 οὐδὲ
269 1897 417 1928 πέπτοντες
433 1897 538 1931 λόγους,
552 1899 584 1924 ὲκ
599 1899 689 1926 κακῶν
704 1902 751 1936 τῆς
763 1902 884 1937 ἀμαθίας

98 1943 205 1968 σιτείων
229 1942 330 1977 ὲρυγὰς
357 1943 422 1978 ἡμῖν
444 1943 492 1969 καὶ
509 1944 622 1978 ἀτμοὺς,
645 1945 703 1977 πῶς
722 1946 754 1973 ἂν
772 1948 883 1980 ἀλύπως

98 1987 222 2022 εἰποιμι,
238 1988 286 2014 καὶ
310 1988 360 2014 ob'y.
381 1988 491 2019 εὐώδεις
514 1989 757 2025 ἀναπεμπάζουσι.
789 1993 883 2028 Πάσης

95 2033 151 2068 γὰρ
170 2033 310 2069 ζητήσεως
326 2034 357 2060 τὸ
378 2034 567 2070 ἀπορούμενον
588 2035 790 2073 διασκοπούσης
802 2059 808 2069 ,
827 2039 882 2065 κάκ

94 2077 150 2103 τῶν
176 2077 399 2113 ὁμολογουμένων
429 2078 505 2113 αὐτῷ
529 2080 781 2116 συμπεραινούσης,
801 2083 825 2108 οἱ
851 2083 881 2109 δὲ

95 2122 168 2157 (οὐδὲ
192 2123 245 2158 γάρ
276 2124 328 2149 εἰσι
344 2123 422 2157 σοφοὶ
434 2144 442 2157 ,
459 2124 496 2158 μὴ
510 2124 550 2150 δτι
573 2125 622 2160 τὴν
639 2126 827 2159 ἀπαιδευσίαν)
843 2128 881 2160 ὡς
896 2122 900 2125 ’

93 2167 246 2201 ἀμφίϐολον
256 2168 286 2194 τὸ
299 2168 515 2203 ὁμολογούμενον
527 2171 567 2202 εἰς
584 2170 724 2206 διάσκεψιν
735 2173 880 2208 προτιθέα-

94 2222 122 2239 σι
152 2233 159 2244 ,
178 2214 225 2240 καὶ
238 2214 268 2240 τὸ
286 2215 404 2249 φανερὸν
419 2215 457 2248 ὡς
474 2217 576 2250 ἀφανὲς
594 2218 809 2252 συλλογίζονται.
824 2220 880 2255 Τῆς

91 2259 147 2294 γὰρ
166 2259 310 2295 ἀνθρώπου
325 2261 443 2294 φύσεως,
460 2262 530 2288 κατὰ
546 2262 595 2295 τὰς
608 2264 700 2295 κοινὰς
715 2265 822 2292 πάντων
837 2267 879 2292 ὲν-

90 2304 176 2336 νοίας,
194 2304 242 2339 τὴν
252 2304 341 2340 ψυχὴν
354 2306 402 2332 καὶ
419 2306 448 2332 τὸ
462 2307 540 2341 σῶμα
552 2307 696 2343 δηλούσης,
714 2309 761 2335 καὶ
777 2317 876 2345 συσση-

92 2349 253 2385 μαινούσης,
269 2350 306 2381 ὡς
324 2351 452 2383 πολλάκις
468 2353 546 2387 ἔφην,
563 2353 602 2388 τῷ
620 2353 672 2389 ὅλῳ
690 2354 724 2381 τὰ
745 2355 814 2391 μέρη
826 2364 832 2372 ν
851 2357 876 2383 οἰ

89 2396 120 2422 δὲ
135 2396 165 2422 τὺ
180 2396 262 2422 πᾶσιν
276 2398 512 2433 παρακεχωρηκὸς
525 2399 575 2433 τῆς
587 2400 704 2433 ἐννοίας,
716 2401 754 2432 ὡς
773 2402 875 2438 ἄπορον

89 2440 276 2475 λαμὸάνουσιν
292 2449 300 2456 ·
314 2441 351 2472 ὡς
365 2441 397 2467 ἂν
417 2442 444 2468 εἴ
454 2451 524 2474 τινος
542 2444 619 2479 ἡμῶν
634 2446 851 2482 ἀποφαινομένου
865 2470 873 2482 ,

89 2486 131 2512 ὅτι
147 2486 259 2513 διπλοῦν
269 2495 295 2513 τι
311 2487 406 2521 χρῆμά
418 2488 491 2514 ἐστιν
506 2490 519 2515 ὸ
532 2489 685 2525 ἄνθρωπος,
701 2493 718 2528 ἦ
733 2494 814 2528 σῶμα
826 2496 875 2530 μό-

89 2539 136 2557 νον
149 2552 157 2563 ,
174 2531 189 2564 ἢ
205 2531 278 2567 ψυχὴ
301 2533 382 2567 μόνον
395 2542 402 2548 ·
419 2534 465 2559 καὶ
481 2533 525 2560 διὰ
546 2535 625 2562 τοῦτο
640 2536 746 2568 ἀξιοῦσι
766 2541 813 2566 καὶ
827 2541 874 2567 ἐπὶ

89 2576 209 2612 Χριστοῦ
234 2579 308 2613 τρεῖς
323 2577 412 2612 λέγειν
432 2577 539 2612 φύσεις,
557 2579 594 2611 ὡς
609 2581 657 2615 οὐχ
673 2582 769 2618 ἱκανῆς
790 2584 874 2621 οὔσης

88 2621 139 2653 τῆς
154 2622 298 2658 ἀνθρώπου
312 2623 420 2657 φύσεως
432 2625 633 2658 συνεπάγεσθαι
646 2626 729 2662 ἑαυτῇ
743 2628 777 2655 τὰ
790 2631 870 2666 μέρη,

89 2665 143 2691 Δύο
164 2666 217 2702 γὰρ
239 2670 334 2700 φύσεις
352 2667 468 2702 λέγομεν
483 2667 513 2693 οὐ
527 2667 594 2694 Θεοῦ
610 2668 657 2694 καὶ
679 2671 795 2704 σαρκὸς,
810 2672 872 2699 οὔτε

127 2771 139 2787 ⁸
152 2771 237 2799 Eccli.
252 2781 305 2806 xxi,
322 2775 366 2802 2i.

126 2854 184 2889 (ἳὸ)
195 2853 224 2881 in
241 2863 324 2892 marg.
339 2859 459 2886 τουτέστι
489 2859 542 2887 τῶν
555 2860 625 2887 ὅλων
637 2861 799 2897 ἀνθρώπων.

953 290 1003 318 tris
1024 300 1030 318 :
1048 284 1150 320 dabitis
1171 295 1254 329 igitur
1269 304 1351 324 unum
1372 305 1432 326 esse
1460 304 1585 328 naturam
1603 302 1695 329 carnis
1713 307 1741 330 et

952 337 1050 365 Patris.

988 478 997 494 ι
1017 469 1061 501 At,
1077 471 1218 506 inquiunt,
1236 481 1291 501 non
1307 475 1426 504 dicimus
1445 478 1542 506 eodem
1559 479 1640 508 modo
1657 490 1738 510 unam
1754 493 1758 496 ~

949 521 1008 542 esse
1035 516 1181 552 utriusque
1204 523 1346 555 naturam;
1362 523 1409 550 sed
1427 524 1453 550 in
1474 525 1555 552 Patre
1572 531 1597 554 et
1612 527 1681 554 Filio
1693 536 1739 556 ea-

949 559 1011 586 dem
1025 562 1131 589 rationc
1146 567 1267 598 naturae;
1285 566 1331 593 hic
1356 572 1447 595 autem
1466 569 1493 596 in
1504 570 1616 598 Christo
1631 573 1738 600 ratione

950 605 1073 640 unionis;
1090 616 1155 644 ergo
1170 617 1224 637 non
1242 615 1284 638 est
1301 611 1375 639 idem
1393 614 1466 648 quod
1479 616 1581 643 unione
1594 625 1679 645 unum
1693 618 1736 645 di-

948 651 1031 685 citur,
1045 657 1072 679 et
1100 655 1172 688 quod
1196 661 1296 684 natura
1322 666 1419 686 unum.
1441 669 1450 686 )
1466 660 1494 688 Si
1513 666 1604 689 autem
1623 671 1678 691 non
1695 669 1737 692 est

947 695 1031 730 idem,
1058 701 1210 728 secundum
1231 703 1305 730 aliud
1332 705 1443 739 quidem
1471 707 1557 741 illud;
1583 710 1737 738 secundum

945 750 1012 769 vero
1039 744 1112 771 aliud
1128 745 1180 773 hoc
1197 756 1203 773 :
1221 755 1305 782 quare
1331 750 1384 777 erit
1409 751 1482 778 idem
1508 761 1604 785 unum,
1621 758 1648 782 et
1662 755 1734 789 duo;

947 796 1032 815 unum
1050 790 1161 824 quidem
1182 793 1302 827 unione;
1321 795 1376 823 duo
1390 804 1457 824 vero
1473 799 1580 826 naturis
1599 808 1604 826 :
1622 801 1694 835 quod
1711 802 1736 829 si

946 841 1001 861 non
1026 834 1088 868 hoc,
1104 838 1158 864 erit
1174 838 1246 866 idem
1266 842 1418 870 secundum
1438 844 1511 872 idcm
1524 849 1552 872 et
1567 847 1650 874 unius
1667 848 1735 876 sub-

946 881 1065 914 stantia},
1076 887 1103 909 et
1113 883 1228 913 diversae
1240 887 1414 923 substantiae;
1425 898 1480 925 quo
1489 892 1554 926 quid
1568 901 1629 921 esse
1645 899 1735 929 potest

910 928 931 954 Β
946 926 1033 960 magis
1054 927 1222 957 absurdum?
1238 931 1284 960 Sic
1302 934 1381 961 vobis
1395 943 1449 962 una
1463 941 1572 970 natura,
1589 946 1670 973 quam
1689 941 1733 968 di-

944 971 1016 1005 citis,
1028 981 1084 1000 non
1097 975 1367 1011 cii'ugitdivisionem
1383 989 1463 1016 quam
1479 983 1561 1011 habet
1578 971 1676 1013 natura
1704 987 1733 1014 in

944 1018 1120 1048 multitudine
1146 1030 1325 1056 personarum
1338 1029 1602 1057 communicantium
1620 1031 1684 1066 ipsi,
1704 1037 1733 1060 et

944 1062 1134 1091 confusionem
1150 1066 1303 1095 introduxit
1316 1069 1343 1097 in
1361 1070 1505 1100 identitate
1529 1079 1635 1103 natura:
1657 1084 1733 1104 com-

944 1108 1039 1141 positae
1054 1129 1060 1140 ,
1088 1118 1139 1137 nec
1161 1112 1326 1141 alterutrum
1350 1117 1489 1144 unitorum
1513 1124 1576 1154 post
1600 1122 1732 1149 unionem

942 1151 1102 1181 exhibens:
1132 1156 1212 1183 nobis
1240 1163 1330 1186 autem
1355 1151 1522 1196 utrumque,
1549 1164 1596 1191 Dei
1631 1167 1729 1201 gratia.

942 1198 1058 1231 pulchre
1088 1206 1226 1230 servatum
1260 1209 1301 1232 est
1327 1211 1356 1233 ct
1377 1207 1536 1236 ditTe'rentia
1564 1198 1703 1239 unitorum
1720 1234 1728 1245 ,

942 1251 1023 1278 quam
1043 1247 1224 1280 praedicamus
1254 1251 1335 1279 etiam
1358 1253 1386 1279 in
1414 1255 1515 1282 unione
1547 1257 1665 1291 duplicis
1681 1267 1729 1286 na-

942 1292 1021 1322 tunc,
1032 1296 1059 1318 et
1076 1300 1129 1319 una
1146 1299 1227 1329 atque
1240 1297 1335 1324 eadem
1350 1306 1467 1332 persona
1485 1306 1599 1335 propter
1613 1310 1730 1330 concur-

941 1341 1002 1361 sum
1014 1335 1131 1364 duarum
1151 1343 1311 1368 naturarum
1333 1343 1474 1371 unitarum
1497 1345 1524 1372 in
1544 1354 1626 1374 unam
1642 1348 1729 1384 hypo-

941 1380 1045 1407 stasim.

980 1448 988 1464 ι
1007 1438 1083 1466 Sicut
1100 1441 1148 1467 tibi
1173 1442 1260 1469 visum
1277 1448 1328 1476 est.
1349 1446 1502 1480 explicasti,
1517 1448 1544 1475 in
1561 1457 1727 1486 unoquoque

940 1483 1052 1512 homine
1071 1486 1138 1513 duas
1155 1492 1278 1518 naturas,
1297 1493 1325 1516 et
1340 1498 1422 1518 unam
1438 1492 1554 1525 dici;ex
1570 1502 1624 1529 quo
1647 1497 1728 1530 quid-

939 1537 1002 1556 nam
1016 1531 1153 1565 sequitur,
1173 1532 1226 1560 nisi
1248 1534 1275 1560 in
1288 1535 1400 1563 Christo
1413 1545 1467 1564 non
1480 1538 1548 1566 duas
1560 1545 1664 1568 tantum
1678 1550 1727 1569 na.-

940 1579 1015 1603 turas
1039 1578 1176 1610 conliteri,
1193 1579 1240 1606 sed
1269 1581 1350 1608 etiam
1381 1584 1455 1610 tres?
1471 1584 1614 1617 Quomodo
1641 1589 1726 1624 igitur

940 1622 1055 1649 alterum
1070 1624 1242 1658 confitentes,
1254 1627 1370 1655 alterum
1385 1632 1535 1659 recusatis?
1545 1641 1607 1660 cum
1621 1635 1726 1669 alioqui

938 1669 1006 1696 ratio
1018 1673 1171 1700 necessaria
1183 1673 1234 1700 hoc
1245 1673 1324 1702 fateri
1334 1677 1459 1710 quamvis
1467 1679 1607 1708 nolentem
1616 1687 1722 1718 cogat»

936 1715 1008 1748 Quid
1026 1724 1076 1744 nos
1103 1718 1137 1745 ad
1162 1719 1319 1753 haec?Quid
1338 1722 1422 1754 aliud,
1437 1732 1518 1758 quam
1543 1727 1617 1761 quod
1632 1715 1664 1755 ni
1676 1737 1724 1756 eos

936 1762 1081 1789 convenit?
1099 1763 1236 1798 Sapientia
1257 1767 1324 1800 fatui
1335 1772 1383 1799 est,
1402 1774 1432 1796 ut
1449 1770 1487 1797 ait
1501 1770 1654 1806 Scriptura,
1667 1783 1724 1801 ser-

936 1814 1024 1834 mones
1049 1817 1100 1835 non
1121 1811 1229 1844 expensi
1259 1820 1340 1847 neque
1363 1815 1550 1844 considerati’.
1565 1817 1632 1845 Cum
1648 1821 1722 1848 enim

935 1860 1077 1881 sermones
1088 1862 1153 1883 suos
1165 1864 1220 1883 non
1234 1858 1381 1891 mandunt,
1393 1865 1420 1887 et
1435 1860 1538 1890 idcirco
1551 1871 1640 1899 neque
1654 1873 1722 1894 con~

935 1902 1074 1932 coquunt;
1101 1908 1135 1927 ex
1161 1902 1241 1929 malis
1269 1903 1339 1931 cibis
1366 1905 1531 1940 insipientia:
1552 1911 1722 1939 ructationes

934 1943 1013 1970 nobis
1038 1948 1066 1971 et
1089 1945 1191 1973 halitus
1211 1948 1360 1982 (quomodo
1377 1951 1450 1978 enim
1474 1953 1534 1980 sine
1560 1962 1664 1984 nausea
1693 1963 1722 1984 et

933 1988 1044 2016 fastidio
1059 1989 1189 2025 dicam?)
1205 2000 1260 2020 non
1279 1994 1350 2022 bene
1364 1995 1470 2024 olentes
1489 1999 1629 2029 emittunt.
1650 2002 1720 2030 Cum

932 2042 986 2062 non
1002 2036 1091 2063 omnis
1103 2038 1217 2071 quaestio
1238 2040 1310 2074 quod
1325 2041 1352 2068 in
1365 2042 1479 2070 dubium
1492 2046 1576 2079 venit,
1594 2049 1722 2076 conside-

932 2083 985 2112 ret,
998 2084 1027 2107 et
1038 2089 1071 2107 ex
1086 2083 1225 2110 concessis
1244 2085 1379 2113 rationem
1396 2089 1561 2123 concludat;
1584 2092 1628 2119 isti
1651 2094 1719 2128 (non

931 2125 1005 2152 enim
1028 2131 1094 2154 sunt
1119 2127 1257 2162 sapientes
1273 2131 1327 2157 nisi
1350 2132 1378 2159 in
1407 2133 1547 2169 inscitia),
1575 2138 1647 2171 quod
1676 2145 1718 2167 est

931 2171 965 2198 ab
980 2172 1109 2200 omnibus
1128 2181 1301 2208 concessum,
1321 2181 1449 2213 tanquam
1469 2180 1583 2209 dubium
1597 2184 1623 2211 in
1642 2193 1716 2219 quae-

930 2217 1020 2245 stione
1032 2223 1155 2253 ponunt;
1171 2224 1199 2247 et
1217 2222 1290 2255 quod
1311 2224 1497 2258 manifestum,
1517 2217 1717 2263 tanquam-oh-

930 2270 1042 2291 scurum
1054 2265 1198 2294 inducunt.
1212 2267 1352 2303 Siquidem
1365 2275 1463 2300 natura
1472 2273 1602 2308 hominis,
1617 2284 1716 2306 secun-

1251 2298 1258 2303 _
1450 2298 1463 2300 V.
1617 2298 1715 2306 -W....~

894 2298 917 2326 Ῑ)
931 2309 996 2337 dum
1013 2318 1174 2340 communes
1189 2314 1313 2342 omnium
1328 2317 1465 2351 notiones,
1482 2321 1599 2349 animam
1607 2328 1635 2350 et
1651 2331 1715 2352 cor-

931 2363 983 2390 pus
1005 2356 1157 2391 signiﬁcat;
1171 2363 1200 2385 et
1216 2360 1415 2395 con’signiﬁcat.
1433 2368 1464 2391 ut
1479 2372 1550 2400 saepe
1569 2367 1635 2400 dixi,
1650 2376 1712 2396 cum
1745 2358 1750 2395 ί

931 2405 988 2428 ιοιο
1003 2407 1105 2437 partes.
1126 2403 1172 2431 isti
1187 2412 1254 2432 vero
1269 2407 1342 2440 quod
1359 2416 1374 2435 a
1391 2410 1557 2444 cogitatione
1590 2414 1711 2442 omnium

929 2443 1053 2479 recessit,
1081 2453 1210 2484 tanquam
1236 2451 1351 2480 dubium
1375 2443 1594 2492 suniunt;quasi
1612 2461 1712 2496 aliquis

927 2495 1052 2519 nostrum
1073 2492 1198 2526 aﬂirmet,
1215 2496 1289 2530 quod
1309 2497 1391 2525 homo
1412 2505 1454 2527 est
1469 2501 1574 2536 aliquid
1598 2492 1710 2539 duplex.

925 2537 968 2564 vel
982 2544 1083 2572 corpus
1108 2539 1207 2572 solum,
1223 2541 1266 2568 vel
1295 2543 1386 2571 anima
1401 2545 1472 2578 sola;
1488 2551 1516 2574 et
1531 2548 1593 2576 ideo
1615 2550 1711 2579 volunt

925 2583 1017 2613 dicere
1033 2585 1062 2613 in
1073 2585 1182 2614 Christo
1194 2591 1250 2615 tres
1271 2593 1393 2623 naturas,
1408 2593 1486 2626 quasi
1504 2599 1604 2623 natura
1617 2596 1708 2626 homi-

923 2631 966 2658 nis
978 2639 1033 2659 non
1049 2633 1116 2660 satis
1129 2634 1165 2661 sit
1179 2634 1213 2661 ad
1228 2634 1402 2665 inferendum
1414 2646 1508 2667 secum
1521 2647 1621 2676 partes.
1634 2644 1707 2672 Duas

922 2676 996 2704 enim
1019 2682 1132 2707 naturas
1154 2679 1283 2715 dicimus,
1299 2689 1354 2710 non
1368 2683 1417 2712 Dei
1441 2690 1471 2713 et
1494 2688 1594 2720 carnis,
1616 2695 1706 2724 neque
