1973 3098
277 174 345 206 1295

910 175 1062 206 LEONTII
1083 175 1238 205 BYZANTI
1244 175 1284 205 XI

1836 168 1908 200 1296

276 230 326 257 Dei
340 230 483 261 ctaninne,
498 229 546 257 sed
561 229 608 256 Dei
624 235 651 257 et
664 230 792 258 hominis.
805 230 860 257 Nec
870 231 941 257 enim
953 230 1059 264 proprie

1116 229 1167 264 μὴν
1185 228 1252 254 Θεοῦ
1263 229 1310 254 καὶ
1325 227 1422 262 ψυχῆς.
1445 226 1512 253 ἀλλὰ
1529 225 1596 251 Θεοῦ
1614 224 1662 251 καὶ
1677 223 1834 259 ἀνθρώπου.
1852 225 1906 249 0-3-

275 279 318 302 est
336 279 432 301 natura
452 274 582 305 hominis,
600 277 699 301 natura
719 274 814 308 partis.
825 273 914 307 Quare
929 273 975 308 qui
991 272 1061 299 dixit

275 320 415 347 hominem
441 319 483 346 vel
509 324 634 346 naturam
664 319 794 351 hominis,
813 323 926 345 naturas
941 318 1062 345 declara-

274 366 333 399 vit;
353 366 400 401 qui
428 370 519 392 autem
547 365 689 393 Christum
718 364 881 397 nominavit,
907 372 996 398 neque
1012 371 1061 390 no-

276 419 337 438 men
358 416 464 439 certum
489 416 516 438 et
538 411 642 438 nostris
660 410 819 438 notionibus
840 410 994 445 subjectum
1013 417 1063 436 no-

275 457 401 490 minavit,
412 465 500 492 neque
517 465 573 484 rem
589 456 752 484 declaravit.

309 565 509 593 Declaranthoc
521 564 613 591 multa:
624 568 652 591 et
665 563 748 590 varia:
757 564 897 590 ctintcrsc
908 567 1061 597 pugnantes

274 612 308 639 de
322 619 355 637 eo
374 611 445 645 apud
460 610 632 638 Christianos
655 609 811 644 opiniones,
828 617 889 643 qua:
901 616 956 635 non
978 608 1062 635 exsti-

275 658 380 689 tissent,
397 657 419 684 si
435 658 526 684 statim
538 665 640 684 nomen
654 656 759 684 Christi
778 656 924 683 veritatem
936 655 975 682 rei
992 655 1061 682 sub-

272 706 351 740 jeetze
378 704 556 739 signiﬁcaret.
568 703 602 730 At
616 703 764 738 appellatio
774 702 896 730 hominis
906 701 1061 729 communis

273 755 324 782 cst,
341 755 369 778 et
393 750 522 777 omnibus
542 750 662 784 vulgata,
683 753 712 776 et
738 749 856 775 maxime
884 747 1058 775 Christianis.

272 796 378 823 Nomen
407 803 472 822 vero
498 794 602 822 Christi
626 794 715 821 simile
745 799 788 821 est
811 794 916 820 nomini
945 793 1013 820 artis
1033 797 1061 819 et

273 840 404 867 scicntia;
422 839 458 866 Ut
483 839 556 868 enim
578 839 624 865 illa
652 837 763 865 nomina
787 839 856 865 artis
879 841 908 865 et
935 837 1060 864 scientia:

272 887 312 913 illi
330 891 435 913 tantum
448 886 550 916 sciunt,
573 885 620 919 qui
643 885 716 912 illam
734 885 910 919 disciplinam
927 892 1059 919 percepe-

1115 274 1142 300 δὲ
1160 274 1215 310 γάρ
1241 275 1297 300 ἐστι
1340 272 1442 308 κυρίως
1460 270 1606 307 ἀνθρώπου
1626 270 1725 304 φύσις,
1747 271 1764 305 ἡ
1787 270 1836 296 τοῦ
1858 271 1907 304 μέ-

1114 329 1177 355 ρους
1206 320 1296 354 φύσις.
1325 319 1407 344 Ὥστε.
1446 319 1459 344 ὁ
1487 319 1572 344 εἰπὼν
1605 317 1748 352 ἄνθρωπον
1775 316 1791 351 ἢ
1821 315 1908 349 eniam

1112 366 1271 402 ἀνθρώπου,
1293 365 1343 396 τὰς
1359 364 1455 398 φύσεις
1473 363 1607 399 ἐδήλωσεν
1617 367 1625 378 '
1640 363 1654 389 ὁ
1667 364 1696 389 δὲ
1713 363 1832 398 Χριστὸν
1847 363 1908 388 ὀνο-

1114 412 1205 446 μάσας
1218 433 1225 443 ,
1247 411 1297 445 οὐχ
1310 411 1530 446 ὁμολογουμένην
1545 411 1592 437 καὶ
1606 411 1666 440 ταῖς
1682 409 1799 440 ἐννοίαις
1824 408 1908 444 ἡμῶν

1112 457 1329 488 ὑποπίπτουσαν,
1345 456 1406 483 οὔτε
1416 456 1511 492 κλῆσιν
1524 456 1681 491 ὠνόμασεν,
1691 455 1760 482 ὀὔτε
1784 450 1908 490 πρᾶγμα

1111 502 1273 538 δελὴλωκεν,

1146 565 1202 591 Καὶ
1223 564 1350 599 δηλοῦσιν
1369 565 1398 591 αί
1412 564 1537 600 διάφοροι
1559 565 1623 599 περὶ
1643 564 1726 591 αὐτοῦ
1740 564 1818 599 παρὰ
1835 565 1907 600 Χρι-

1113 612 1230 641 στιανοῖς
1241 610 1327 643 δόξαι,
1346 610 1442 636 πολλαί
1456 619 1486 636 τε
1503 610 1550 636 καὶ
1565 609 1684 636 ποικίλαι
1699 610 1887 645 τυγχάνουσαι
1898 631 1905 639 .

1112 659 1159 684 καὶ
1183 657 1313 692 ἀλλήλαις
1330 658 1530 693 διὰμαχόμεναι
1543 666 1549 672 '
1567 658 1618 684 οὐκ
1644 658 1678 684 ἂν
1701 657 1863 692 γενόμεναι,
1881 659 1906 683 εἰ

1111 703 1243 738 εὐθέωςή
1268 703 1315 730 τοῦ
1331 704 1451 738 Χριστοῦ
1475 704 1648 739 προσηγορία
1662 704 1713 738 τὴν
1728 703 1774 730 τοῦ
1791 703 1905 730 ὑποκει-

1113 751 1194 785 μένου
1218 750 1381 785 πράγματος
1408 749 1538 784 ἀλήθειαν
1557 748 1704 784 ἐσήμανεν.
1733 749 1834 785 Ἀλλ’ή
1854 751 1907 784 μὲν

1111 796 1257 831 ἀνθρώπου
1274 795 1453 831 προσηγορία,
1469 795 1546 830 κοινή
1559 795 1600 826 τίς
1613 797 1670 822 ἐστι
1688 788 1813 821 xui-1:551.
1825 795 1905 830 5581;-

1113 842 1299 877 μοσιευμένη,
1315 842 1364 877 οὐχ
1380 842 1480 876 ἥκιστα
1499 842 1527 868 δὲ
1547 842 1733 877 Χριστιανοῖς.
1764 841 1795 867 Ἦ
1810 841 1837 867 δὲ
1856 841 1905 867 τοῦ

1110 887 1229 922 Χριστοῦ
1246 887 1364 922 τεχνικῷ
1377 888 1425 914 καὶ
1441 887 1647 923 ἐπιστημονικῷ
1667 888 1830 922 προσέοικεν
1847 888 1907 913 ὀνό-

273 937 356 965 runt;
381 932 421 959 sic
436 932 471 958 iis
496 935 602 958 tantum
618 931 663 965 qui
682 931 710 957 in
733 930 835 957 divinis
855 930 957 958 eruditi
983 935 1059 963 sunt,

1114 943 1190 969 ματι.
1212 935 1256 966 Ὠς
1268 934 1323 969 γὰρ
1337 935 1429 972 ὲκςεῖνα
1440 935 1515 969 μόνοι
1525 934 1617 961 ἴσασιν
1632 935 1656 960 οἱ
1674 935 1723 969 τῆς
1733 934 1816 968 αὐτῆς
1837 943 1900 968 μετ-

272 979 374 1006 veritas
401 979 428 1005 in
447 978 499 1005 hoc
515 977 626 1004 nomine
649 976 752 1009 abdita,
769 976 914 1011 explanata
935 981 987 1004 est.
1005 977 1057 1004 Te-

271 1030 380 1052 slantur
409 1024 459 1059 ipsi
480 1031 575 1051 verum
597 1031 658 1050 esse
680 1022 754 1057 quod
787 1022 859 1054 dico,
881 1023 929 1057 qui
950 1030 1059 1057 semper

270 1071 412 1099 afﬁrmant
427 1079 460 1098 ex
480 1069 587 1097 duabus
599 1069 706 1096 naturis
719 1073 847 1096 constare
861 1068 1012 1100 Christum,
1031 1072 1059 1095 et

272 1123 412 1151 nunquam
438 1124 472 1143 ex
495 1115 584 1142 tribus
610 1114 729 1146 naturis,
746 1113 872 1148 quamvis
884 1113 1002 1140 animam
1016 1121 1059 1140 ra-

273 1163 356 1189 tionis
371 1161 620 1197 participem-earni
632 1159 735 1188 Christi
749 1159 883 1187 tribuunt.
894 1160 955 1187 Sint
965 1159 1058 1194 itaque

271 1209 316 1235 isti
337 1207 418 1243 primi
432 1211 559 1234 auctores
575 1210 603 1233 et
618 1206 702 1233 duces
719 1205 801 1240 hujus
811 1205 938 1237 inscitite,
950 1209 978 1232 et
993 1213 1059 1232 con-

273 1254 423 1281 ﬁtebuntur
451 1260 485 1280 ex
509 1252 596 1279 tribus
611 1259 675 1279 eum
701 1251 809 1278 naturis
821 1258 881 1278 esse
896 1259 903 1277 :
918 1254 947 1278 et
965 1259 1014 1278 nos
1030 1251 1058 1278 in

270 1307 305 1328 eo
328 1299 544 1334 acquiescemus,
562 1297 635 1332 quod
660 1297 825 1324 conﬁtemur
848 1304 880 1323 ca
904 1304 938 1323 ex
957 1296 1058 1330 quibus

271 1347 360 1373 factus
387 1349 439 1376 est,
462 1344 577 1375 servari,
591 1344 618 1370 in
647 1351 702 1377 quo
720 1342 777 1369 haec
802 1346 955 1369 noscuntur
970 1349 1031 1369 esse
1049 1350 1056 1368 :

271 1391 408 1427 siquidem
421 1398 475 1417 non
487 1397 519 1416 ex
539 1389 628 1416 tribus
640 1388 739 1422 solum,
750 1388 797 1415 sed
808 1396 840 1415 ex
855 1387 981 1422 pluribus
994 1395 1057 1414 eum

270 1445 334 1465 esse
357 1437 450 1464 dicere
475 1438 618 1470 eogentur,
646 1439 676 1461 ut
698 1433 967 1466 demonstrabimus;
993 1434 1057 1469 quia

271 1483 361 1511 adhuc
390 1489 482 1509 rerum
509 1481 625 1515 simplex
640 1485 668 1508 et
682 1479 818 1516 generalis
843 1480 919 1508 notio
936 1479 1011 1511 facit,
1028 1484 1058 1506 ut

270 1529 455 1564 cognitionem
471 1526 622 1554 habeamus
644 1526 813 1558 univ‘ersam,
826 1530 854 1553 et
886 1534 942 1553 non
968 1526 1057 1560 expli-

272 1579 360 1603 catam
385 1584 391 1601 :
413 1575 510 1601 horum
525 1579 615 1601 autem
636 1573 736 1601 divisio
751 1573 929 1609 cogitatione.
948 1573 981 1600 ad
993 1581 1055 1608 pcr-

1114 982 1256 1016 ειληχὸτες
1275 981 1401 1012 παιδείας
1413 1001 1420 1014 ,
1434 981 1506 1008 οὕτω
1539 981 1630 1016 μόνοις
1654 982 1709 1012 τοῖς
1736 980 1771 1006 τὰ
1786 980 1847 1006 οεία
1864 988 1907 1006 σο-

1113 1029 1183 1062 φοῖς,
1199 1028 1366 1062 τετράνωται
1380 1027 1443 1062 ἠ“ὲν
1458 1027 1497 1062 τῷ
1511 1027 1622 1061 ὀνόματι
1640 1026 1820 1062 κεκρυμμὲνη
1840 1026 1906 1060 ἁλή-

1113 1073 1184 1100 Οεια.
1207 1073 1383 1108 Ἀίαρτυροῦσι
1400 1073 1427 1099 δὲ
1446 1073 1493 1099 καὶ
1510 1072 1587 1099 αὐτοὶ
1609 1074 1641 1107 τῇ
1657 1072 1772 1107 ἀληθείᾳ
1790 1072 1839 1098 τοῦ
1859 1072 1907 1099 λό-

1112 1129 1172 1154 γου,
1200 1121 1232 1146 ὲκ
1259 1119 1306 1146 δύο
1338 1119 1387 1154 μὲν
1413 1119 1520 1153 φύσεων
1539 1118 1582 1144 ἀεὶ
1598 1117 1837 1152 διαϐεϐαιουμένοι
1859 1118 1906 1144 τὶν

1112 1165 1230 1201 Χριστὸν
1243 1186 1249 1197 ,
1269 1165 1329 1192 οὐδέ
1346 1173 1411 1192 ποτε
1426 1165 1454 1191 δὲ
1474 1164 1556 1191 αὑτὸν
1573 1165 1605 1190 ἐκ
1620 1164 1704 1199 τριῶν
1722 1164 1832 1197 φύσεων
1853 1173 1905 1190 κα-

1111 1211 1240 1242 λέσαντες
1254 1218 1260 1224 ·
1277 1211 1380 1244 καίπερ
1395 1209 1441 1236 καὶ
1453 1209 1541 1244 ψυχὴν
1555 1209 1667 1244 λογικὴν
1678 1229 1685 1240 ,
1702 1210 1736 1244 τῇ
1756 1210 1842 1244 σαρκὶ
1855 1209 1906 1235 τοῦ

1110 1255 1231 1291 Χριστοῦ
1253 1255 1442 1290 παρέχουσιν-
1472 1253 1534 1281 ἐπεὶ
1561 1253 1798 1288 καταρξάσϐωσαν
1825 1254 1906 1280 αὐτοὶ

1110 1302 1160 1337 τῆς
1179 1302 1367 1333 ἀπαιδευσίας,
1385 1301 1432 1329 καὶ
1449 1301 1482 1328 ἐκ
1507 1300 1591 1335 τριῶν
1606 1300 1688 1327 αὑτὸν
1703 1300 1905 1335 ὁμολογήσουσι

1111 1349 1229 1382 φύσεων,
1245 1348 1292 1374 καὶ
1306 1348 1387 1382 ἡμεῖς
1403 1356 1435 1381 γε
1454 1347 1603 1383 στέρξομεν
1617 1355 1624 1361 ·
1637 1347 1668 1373 τὰ
1686 1347 1714 1380 ἐξ
1733 1344 1771 1373 ὧν
1788 1347 1905 1381 γέγονεν

1110 1393 1304 1428 ὁμολογοῦντες
1325 1393 1518 1428 φυλάττεσθαι,
1535 1395 1563 1419 ὲν
1576 1393 1614 1428 τῷ
1627 1394 1655 1419 ἐν
1670 1391 1692 1427 ᾧ
1705 1393 1791 1420 ταῦτα
1801 1393 1904 1428 γνωρί-

1111 1439 1198 1472 ζεται,
1212 1440 1293 1466 ὁπότε
1305 1439 1355 1466 οὐκ
1370 1441 1401 1466 ἐκ
1416 1440 1500 1474 τριῶν
1516 1440 1605 1474 μόνον,
1620 1439 1687 1466 ἀλλὰ
1701 1440 1747 1466 καὶ
1760 1441 1794 1466 ὲκ
1811 1439 1903 1465 πλειὸο

1111 1494 1164 1512 νων
1181 1485 1261 1512 αὑτὸν
1281 1486 1371 1519 λέγειν
1397 1485 1627 1517 ὲκϐιασθήσονται
1640 1505 1648 1516 ,
1662 1485 1699 1515 ὡς
1716 1482 1796 1516 αὖθις
1815 1484 1903 1516 δείξο-

1113 1540 1162 1566 μεν
1177 1540 1184 1546 ·
1198 1531 1238 1558 ὃτι
1252 1531 1306 1557 τῶν
1321 1530 1492 1566 πραγμάτων
1507 1531 1524 1565 ἡ
1539 1530 1612 1565 ἁπλῆ
1630 1531 1676 1556 καὶ
1693 1529 1754 1556 καθ’
1769 1531 1832 1556 ὅλου
1844 1531 1903 1556 ἐπι-

1112 1577 1187 1612 ϐολὴ,
1200 1576 1303 1603 ἔννοιαν
1322 1577 1389 1612 ἡμῖν
1404 1575 1535 1611 ὁλοσχερῆ
1548 1577 1595 1602 καὶ
1609 1577 1764 1611 ἀτράνωτον
1779 1576 1900 1610 ἐμποιεῖ.

271 1620 370 1648 fectant
386 1620 569 1655 cognitionem
586 1626 637 1646 nos
651 1619 763 1646 adducit
785 1626 881 1645 eorum
907 1626 939 1645 ex
958 1618 1059 1653 quibus

1117 1623 1148 1649 'H
1172 1623 1200 1648 δὲ
1221 1623 1323 1648 τούτων
1339 1623 1400 1648 κατ’
1417 1623 1539 1649 ἐπίνοιαν
1562 1622 1695 1657 διαίρεσις
1710 1643 1717 1653 ,
1735 1624 1775 1653 εἰς
1797 1622 1901 1657 ἀκριϐῆ

272 1670 408 1693 constant.
436 1665 477 1693 0b
501 1666 571 1692 hanc
593 1672 703 1692 causam
728 1663 893 1691 divisionem
922 1664 1008 1691 totius
1030 1664 1057 1691 in

272 1715 365 1745 partes
387 1709 522 1742 facimus;
542 1709 665 1736 dividere
682 1713 774 1735 autem
791 1708 818 1734 in
834 1712 927 1742 partes
938 1709 1058 1742 partimn

272 1759 334 1789 post
367 1754 483 1788 primam
527 1753 710 1785 divisionem,
735 1753 884 1780 ridiculum
914 1757 964 1780 est.
998 1753 1058 1780 Non

270 1799 345 1826 enim
368 1799 423 1826 huc
445 1806 532 1833 usque
547 1799 657 1832 evadit,
673 1803 700 1825 et
717 1798 761 1825 hic
775 1798 848 1825 sistit
860 1818 868 1830 ,
887 1798 934 1826 sed
955 1798 983 1825 in
998 1799 1058 1825 inﬁ-

272 1846 361 1872 nitum
377 1844 561 1880 progreditur.

306 1954 390 1982 Verbi
411 1954 508 1989 gratia.
529 1960 559 1980 ut
581 1953 654 1988 quod
679 1953 741 1980 dico
767 1953 944 1988 intelligatur,
967 1959 1059 1988 partes

273 1999 392 2027 hominis
405 2003 469 2025 sunt
482 2005 581 2032 corpus
595 2002 622 2025 et
638 1997 746 2030 anima;
759 2002 850 2032 partes
866 2006 931 2025 vero
939 1998 1058 2032 partium

272 2044 379 2080 ejus,in
392 2044 481 2071 anima
495 2043 606 2078 quidem
621 2043 773 2070 substantia
788 2043 902 2075 rationis
911 2043 1058 2078 particeps,

273 2096 301 2118 et
322 2090 440 2125 qualitas
458 2090 619 2124 incorporea
635 2098 642 2122 ;
660 2095 688 2117 et
704 2089 761 2117 haec
785 2091 884 2124 partim
899 2095 941 2117 est
959 2090 1000 2117 vis
1014 2097 1058 2116 ra-

273 2135 424 2164 tiocinandi
439 2143 499 2170 qua
513 2139 555 2162 est
568 2135 706 2170 princeps,
726 2135 825 2170 partim
841 2135 986 2168 irascendi,
997 2142 1060 2169 par—

273 2183 322 2209 titn
336 2181 561 2216 concupiscendi,
571 2185 599 2208 et
613 2181 709 2208 harum
727 2182 845 2216 partium
863 2181 909 2208 illa
930 2181 1058 2215 princeps

272 2228 398 2255 notiones
412 2227 532 2260 format;
556 2231 583 2254 et
607 2227 719 2263 cogitat,
737 2233 765 2255 et
778 2228 902 2256 meminit
915 2248 923 2261 ,
948 2232 976 2255 et
993 2235 1058 2255 con-

272 2275 364 2305 sultat,
378 2278 406 2301 et
422 2273 560 2309 opinatur.
574 2274 641 2301 Pars
652 2273 788 2301 irascendi
803 2274 920 2308 appetit,
933 2278 960 2302 et
975 2274 1058 2301 decli-

273 2325 337 2354 nat;
355 2327 418 2354 pars
434 2319 647 2354 concupiscendi
664 2319 747 2347 habet
766 2320 923 2348 facultatem
945 2321 1057 2356 propul-

272 2366 362 2397 sandi,
379 2370 407 2392 ct
420 2363 566 2398 efﬁciendi,
579 2369 606 2392 et
622 2366 708 2393 multa
732 2366 783 2393 alia
797 2367 893 2394 subter
914 2367 964 2395 ista
985 2367 1055 2395 divi-

272 2412 386 2438 duntur.
403 2410 551 2437 Omittatur
565 2418 639 2438 nunc
664 2411 709 2438 illa
735 2411 859 2446 quaestio,
892 2417 982 2439 utrum
1004 2413 1059 2440 sint

273 2458 331 2485 inec
353 2462 481 2492 tanquam
496 2461 587 2492 partes
601 2457 630 2485 in
646 2458 747 2492 anima,
767 2466 801 2485 an
814 2463 942 2494 tanquam
963 2465 1060 2495 polen-

274 2504 328 2536 tiae,
346 2504 404 2530 sive
419 2503 580 2531 facultates:
601 2508 628 2531 et
650 2511 712 2538 quae
741 2504 800 2536 sic,
828 2510 856 2532 et
880 2513 943 2540 quae
971 2513 1060 2534 secus.

272 2550 332 2577 Non
356 2550 429 2576 enim
455 2550 513 2577 hmc
530 2549 636 2585 agimus
659 2558 743 2578 nunc.
762 2551 868 2578 Rursus
883 2551 983 2579 divisio
998 2560 1062 2580 cor-

274 2595 350 2630 poris
361 2595 389 2622 ﬁt
403 2595 430 2622 in
441 2600 531 2630 partes
546 2597 660 2630 similes,
677 2602 704 2624 et
720 2596 882 2631 dissimiles;
899 2603 926 2625 et
943 2599 1063 2626 dissimi-

274 2642 353 2673 lium.
369 2642 396 2668 in
411 2647 501 2677 caput,
519 2647 547 2669 et
559 2651 667 2675 manus,
681 2647 709 2670 et
719 2643 818 2678 pedes;
833 2648 860 2671 et
875 2643 933 2672 haec
949 2644 975 2671 in
988 2652 1061 2678 ossa,

275 2691 302 2715 et
318 2695 424 2719 carnes,
442 2692 469 2714 et
487 2695 603 2720 nervos;
629 2693 657 2715 et
681 2689 738 2716 hrcc
765 2697 861 2716 rursus
890 2691 916 2716 in
944 2696 1062 2725 quatuor

275 2732 425 2763 elementa;
450 2736 478 2757 et
498 2732 556 2758 haec
573 2732 600 2758 in
620 2733 763 2760 materiam
787 2737 815 2759 ct
832 2733 957 2760 formam.
977 2734 1062 2761 Multa

276 2777 358 2803 etiam
387 2777 438 2803 alia
468 2777 567 2804 medici
589 2779 817 2812 philosophantur
834 2780 867 2806 de
887 2779 1063 2808 facultatibus

277 2822 458 2853 naturalibus,
484 2831 517 2849 ex
541 2823 642 2857 quibus
669 2825 748 2851 aliam
776 2830 875 2853 vocant
906 2827 1061 2854 attraheudi

281 2865 445 2898 facultatem,
474 2869 553 2894 aliam
588 2869 741 2903 retinendi,
773 2871 852 2898 aliam
886 2872 1060 2906 immutandi,

1109 1668 1211 1702 γνῶσιν
1235 1669 1311 1702 ἡμᾶς
1337 1668 1397 1701 ἄγει
1427 1669 1481 1694 τῶν
1501 1669 1530 1701 ὲξ
1552 1665 1589 1694 ὧν
1613 1669 1823 1704 συνεστήκασιν.
1849 1669 1901 1694 Καὶ

1109 1713 1212 1749 ταύτης
1241 1714 1333 1740 ἕνεκεν
1355 1713 1404 1748 τὴν
1424 1714 1472 1740 τοῦ
1488 1714 1548 1740 ὅλου
1567 1715 1606 1746 εἰς
1623 1714 1656 1740 τὰ
1678 1715 1747 1749 μέρη
1762 1713 1901 1748 διάκρισιν

1110 1759 1261 1794 ποιούμεθα
1274 1767 1282 1775 ⁸
1300 1759 1329 1785 τὸ
1346 1759 1375 1786 δὲ
1389 1760 1430 1791 είς
1450 1760 1482 1786 τὰ
1498 1760 1568 1794 μέρη
1583 1759 1638 1786 τῶν
1660 1760 1751 1795 μερῶν
1768 1760 1838 1794 μετὰ
1852 1761 1900 1795 τὴν

1110 1805 1223 1841 πρώτην
1236 1805 1368 1840 διαίρεσιν
1383 1805 1530 1839 πειρᾶσθαι
1543 1805 1665 1840 τέμνειν,
1682 1805 1900 1838 καταγέλαστον.

1109 1850 1147 1877 Οὐ
1160 1850 1214 1886 γὰρ
1227 1851 1307 1886 μέχρι
1321 1850 1415 1877 τούτου
1427 1851 1543 1886 ἵστησιν,
1557 1851 1614 1877 ἀλλ’
1625 1852 1668 1877 ἐπ’
1682 1851 1796 1884 ἄπειρον
1811 1851 1900 1877 ἐκτεί-

1109 1905 1149 1923 νει
1167 1896 1216 1932 τὴν
1234 1897 1362 1932 θεωρίαν.

1149 1966 1181 1991 ’0
1192 1965 1220 1991 δὲ
1233 1965 1305 1999 λέγω
1321 1965 1441 1992 τοιοῦτόν
1454 1966 1514 1991 ἐστι
1545 1973 1553 1981 ·
1569 1961 1649 2000 Μέρη
1666 1965 1813 2001 ἀνθρώπου
1827 1967 1898 2002 ψυχὴ

1110 2010 1157 2036 καὶ
1169 2009 1259 2044 σῶμα,
1278 2010 1348 2045 μέρη
1359 2010 1386 2036 δὲ
1401 2010 1455 2035 τῶν
1468 2010 1560 2045 μερῶν
1573 2010 1656 2036 αὑτοῦ
1669 2010 1717 2037 ἐπὶ
1732 2011 1783 2045 μὲν
1795 2012 1896 2047 ψυχῆς,

1110 2055 1189 2081 οὐσία
1206 2055 1302 2089 λογικὴ
1316 2055 1361 2081 καὶ
1379 2055 1490 2090 ποιότης
1499 2055 1661 2090 ἀσώματος·
1678 2052 1716 2082 ὧν
1730 2055 1761 2082 τὸ
1776 2057 1826 2090 μὲν
1842 2057 1898 2091 ἡγε-

1112 2101 1233 2136 μονικὸν,
1260 2103 1290 2127 τὸ
1308 2101 1335 2127 δὲ
1358 2100 1483 2136 θυμικὸν,
1509 2101 1540 2127 τὸ
1561 2101 1590 2128 δὲ
1608 2101 1808 2136 ἐπιθυμητικόν
1824 2111 1831 2118 ·
1855 2104 1896 2130 καὶ

1110 2149 1213 2175 τούτων
1231 2148 1262 2174 τὸ
1291 2149 1339 2184 μὲν
1361 2149 1558 2183 ὲννοηματικὺν
1583 2149 1631 2176 καὶ
1665 2151 1895 2184 διανοηματικδν,

1114 2195 1328 2230 μνημονευτικόν
1343 2203 1372 2221 τε
1388 2196 1434 2221 καὶ
1454 2194 1626 2230 βουλευτικὸν
1649 2195 1696 2222 καὶ
1720 2196 1877 2227 δοξαστικὸν
1888 2218 1894 2227 ,

1110 2240 1141 2266 τὸ
1161 2240 1190 2266 δὲ
1205 2240 1347 2275 ὀρεκτικόν
1366 2249 1394 2267 τε
1407 2241 1454 2267 καὶ
1469 2241 1631 2275 ὲκκλητικὸν
1643 2261 1650 2272 ,
1663 2242 1693 2267 τὸ
1705 2241 1733 2267 δὲ
1747 2242 1897 2276 ἁμυντικόν

1075 2290 1097 2317 1)
1110 2295 1141 2312 τε
1157 2286 1204 2312 καὶ
1219 2286 1364 2321 δραστικὸν
1376 2307 1382 2319 ,
1398 2287 1446 2313 καὶ
1461 2287 1546 2314 πολλὰ
1561 2287 1644 2320 ἕτερα
1657 2287 1764 2319 τούτοις
1778 2287 1897 2314 ὑποδιαι-

1114 2332 1231 2367 ροῦνται.
1241 2332 1375 2366 ’Δφείσοω
1386 2333 1414 2359 δὲ
1429 2333 1464 2359 τὰ
1473 2332 1519 2359 νῦν
1532 2333 1636 2367 ζητεῖν,
1650 2333 1766 2368 πότερον
1777 2333 1815 2365 ὡς
1827 2334 1895 2368 μέρη

1112 2377 1198 2404 ταῦτά
1222 2378 1292 2404 εἰσιν
1311 2379 1340 2404 ὲν
1361 2379 1394 2414 τῇ
1412 2378 1486 2414 ψυχῇ
1499 2399 1506 2410 ,
1525 2379 1541 2414 ἢ
1557 2379 1594 2411 ὼς
1607 2379 1755 2414 δυνάμεις·
1773 2380 1821 2405 καὶ
1840 2379 1896 2406 τινα

1115 2424 1165 2459 μὲν
1186 2423 1289 2456 οὕτως,
1304 2424 1365 2451 τίνα
1383 2424 1412 2451 δὲ
1432 2424 1543 2460 ἑτέρως.
1567 2425 1604 2451 Οὐ
1621 2425 1674 2460 γὰρ
1692 2425 1741 2459 τῆς
1759 2425 1896 2459 παρούσης

1113 2469 1170 2496 ἐστὶ
1180 2469 1316 2504 σκέψεως·
1327 2469 1408 2496 πάλιν
1419 2471 1435 2504 ὴ
1446 2469 1493 2496 τοῦ
1507 2469 1633 2505 σώματος
1646 2469 1779 2504 διαίρεσις
1794 2470 1896 2504 γίνεται

1112 2516 1153 2546 εἰς
1163 2515 1314 2550 ὁμοιομερῆ
1337 2523 1367 2542 τε
1382 2516 1428 2542 καὶ
1443 2515 1630 2550 ἀνομοιομερῆ
1642 2523 1648 2530 ·
1671 2515 1720 2541 καὶ⁵
1733 2515 1836 2541 τούτων
1858 2515 1896 2541 ἔτι

1113 2560 1153 2592 εἷς
1166 2568 1195 2586 τε
1211 2560 1333 2596 κεφαλὴν
1350 2561 1396 2588 καὶ
1409 2562 1504 2597 χεῖρας
1518 2561 1564 2587 καὶ
1575 2561 1658 2592 πόδας
1673 2569 1680 2575 ·
1697 2561 1744 2586 καὶ
1757 2560 1844 2587 ταῦτα
1859 2561 1898 2591 είς

1112 2605 1189 2637 ὀστᾶ,
1206 2606 1254 2632 καὶ
1270 2606 1386 2641 σάρκας,
1405 2607 1450 2633 καὶ
1461 2606 1561 2641 νεῦραο
1575 2605 1720 2632 καὶταῦτα
1735 2606 1776 2636 εἰς
1788 2605 1823 2631 τὰ
1838 2605 1897 2631 eic-

1114 2658 1185 2684 σαρα
1201 2651 1319 2685 στοιχεῖα
1331 2659 1338 2666 ·
1355 2652 1402 2677 καί
1417 2650 1504 2676 ταῦτα
1518 2652 1558 2682 είς
1573 2650 1640 2685 ὓλην
1657 2651 1704 2676 καὶ
1719 2647 1800 2681 εἶδος.
1815 2650 1898 2676 nam

1113 2694 1141 2720 δὲ
1154 2694 1201 2720 καὶ
1218 2694 1299 2729 ἕτερα
1312 2695 1503 2729 φιλοσοφοῦσιν
1516 2695 1616 2730 ἰατρῶν
1630 2694 1725 2725 παῖδες
1739 2695 1805 2730 περὶ
1821 2695 1896 2721 δυνά-

1117 2748 1189 2774 μεων
1200 2741 1334 2774 φυσικῶν,
1345 2738 1382 2768 ὧν
1394 2741 1443 2777 τὴν
1460 2742 1510 2777 μὲν
1523 2741 1660 2776 ἑλκτικὴν,
1675 2741 1724 2775 τὴν
1732 2741 1760 2766 δὲ
1776 2741 1897 2767 καθεκτι-

1115 2785 1183 2820 κὴν,
1200 2785 1250 2821 τὴν
1265 2787 1293 2813 δὲ
1308 2786 1484 2820 ἀλλοιωτικὴν
1495 2807 1502 2820 ,
1520 2787 1569 2822 τὴν
1585 2786 1613 2813 δὲ
1633 2785 1818 2820 ἀποκριτικὴν
1839 2785 1896 2810 δνο-

1117 2831 1243 2866 μάςουσι.
1267 2826 1355 2859 Πολλὰ
1368 2832 1396 2858 δὲ
1420 2833 1467 2858 καὶ
1482 2833 1547 2867 περὶ
1569 2831 1724 2866 αἰσθήσεως
1741 2831 1790 2857 καὶ
1806 2838 1897 2864 grav-ru-

1116 2879 1187 2912 σίας,
1202 2880 1248 2906 καὶ
1263 2879 1310 2905 τοῦ
1325 2879 1482 2913 συνέχοντος
1497 2879 1528 2905 τὸ
1539 2875 1610 2912 ζῶον
1625 2876 1742 2910 ζωτικοῦ
1759 2877 1807 2904 καὶ
1822 2876 1896 2911 ὀργα-
