1973 3098
1658 172 1730 205 1298π

96 135 163 166 1297
623 144 772 176 CONTRA
790 147 949 180 NESTOR.
969 152 1017 182 ΕΤ
1035 154 1196 188 EUTYCH.

90 193 167 219 νικοῦ
190 194 354 230 πνεύματος,
372 197 477 232 ἐτέρου,
491 196 529 229 ὥς
541 207 618 232 φασι,
638 202 715 236 παρὰ
730 202 760 228 τὸ
775 203 869 238 λογικὺ

90 247 259 260 υπιιηνγωτηιμ

1658 193 1725 205 ᾸΕιΙυ

938 207 1019 236 aliam
1039 215 1212 242 secernendi.
1243 217 1325 246 Multa
1349 229 1415 247 vero
1432 224 1514 251 etiam
1540 227 1573 254 ds
1600 237 1682 258 sensu
1697 237 1725 260 et

90 239 270 275 ὑπάρχοντος.

124 373 231 409 Ὠσπερ
245 375 335 402 τοίνυν
348 377 456 413 ἀπόχρη
474 379 543 414 πρὸς
559 379 589 406 τὸ
603 382 778 417 παραστῆσαι
793 383 878 410 ταῦτα

89 418 178 445 πάντα
193 420 237 447 διὰ
252 421 298 447 τοῦ
315 423 403 457 σάρκα
416 425 512 457 εἰπεῖν,
527 426 543 461 ἢ
563 426 643 461 σῶμα
657 427 813 463 ἀνθρώπου,
831 430 878 456 καὶ

88 464 200 500 ἀπόχρη
233 466 313 492 πάλιν
338 467 382 493 διὰ
409 469 457 502 τῆς
481 469 594 505 λογικῆς
617 471 718 507 ψυχῆς,
740 473 774 500 τὰ
797 474 837 505 εἰς
860 474 878 501 ἂ

87 509 215 545 διῄρηται
233 512 303 546 μέρη
318 512 438 546 δηλῶσαι
460 515 501 548 (οὐ
524 515 578 550 γὰρ
601 517 770 551 τεχνολογεῖν
786 519 875 553 φίλον,

88 556 150 582 οὐδὲ
163 556 278 592 σύνηθες
291 561 346 590 τοῖς
362 562 477 595 πιστοῖς)
487 571 493 577 ·
510 562 597 594 οὕτως
612 564 721 600 ἀπόχρη
732 566 876 601 ἄνθρωπον

87 602 103 636 ἢ
121 602 202 636 φύσιν
216 604 361 638 ἀνθρώπου
376 607 522 642 εἰρηκότα,
541 609 629 636 πάντα
645 612 821 647 παραστῆσαί
846 622 875 640 τε

87 648 136 674 καὶ
153 648 284 683 δηλῶσαι,
297 651 331 678 τὰ
345 651 374 684 ἐξ
387 649 423 679 ὧν
438 655 602 690 συνέστηκεν
618 656 647 683 ὲν
658 655 699 689 οἷς
712 658 758 684 καὶ
773 660 875 694 γνωρί-

86 694 175 726 ζεται.
185 696 216 722 Οἱ
230 695 258 722 δὲ
272 697 321 732 οὐχ
338 699 379 724 ῑνα
391 699 436 725 τὺν
451 699 594 736 ἄνθρωπον
608 703 713 731 τέλειον
727 705 875 741 ἀποφήνω-

88 748 142 772 σιν,
168 740 225 767 ἀλλ’
244 742 286 769 ἵνα
309 743 355 770 τὸν
378 745 472 780 κύριον
496 750 733 784 συκοφαντήσωσι,
758 751 806 778 καὶ
826 753 876 787 τῆς

85 785 225 821 ἡμετέρας
246 787 329 833 αὺτδςν
345 789 547 823 ἀλλοτριώσωσι
574 793 683 827 φύσεως
697 804 704 811 ⁸
728 797 776 823 καὶ
795 797 811 832 ἦ

87 831 290 867 προσειληφότα
309 826 357 869 τὴν
379 836 466 872 ἀρχὴν
487 838 518 865 τὸ
533 826 667 876 ἡμέτερον
681 861 688 873 ,
705 842 721 877 ἦ
745 843 783 877 μὴ

87 878 245 911 φυλάξαντα
259 879 274 906 ὃ
284 881 348 915 παρ’
364 882 442 917 ἡμῶν
456 883 519 919 ἔσχε
533 885 582 920 τῆς
595 887 732 921 σωτηρίας
752 889 801 923 τῆς
819 890 872 917 πά·
890 886 910 913 Β

87 932 137 958 σης
154 924 262 959 (posse);
276 927 444 956 ἀδιάπτωτον
463 931 608 966 ἐνέχυρον,
623 933 656 959 τὰ
672 935 782 961 τοιαῦτα
799 937 875 970 σοφί-

85 969 188 1001 ζονται.
212 971 292 998 Ἀλλὰ
315 974 542 1008 μανθανέτωσαν,
559 977 599 1004 ὅτι
611 979 627 1012 ἡ
648 979 698 1013 μὲν
714 980 767 1006 τῶν
782 969 874 1017 μεριῦν

85 1015 225 1050 ὁμολογία,
241 1017 278 1049 ὡς
294 1017 372 1053 ἔφην,
388 1019 532 1056 γνώρισμα
547 1023 674 1058 τυγχάνει
688 1026 736 1060 τῆς
749 1026 795 1052 τοῦ
812 1015 874 1054 ὅλου

86 1061 225 1096 σωτηρίας
236 1070 244 1078 ο
268 1064 284 1098 ἠ
299 1063 327 1090 δὲ
339 1064 394 1091 τῶν
411 1067 502 1101 μερῶν
524 1068 564 1100 είς
580 1069 614 1096 τὰ
633 1070 703 1106 μέρη
717 1072 874 1109 ὑποδιαίρε-

87 1115 139 1137 σις,
152 1107 182 1133 οὐ
193 1108 361 1144 δογματικῆς
380 1111 439 1138 ἐστι
454 1114 612 1148 συντομίας,
628 1116 689 1142 οὐδὲ
705 1118 753 1144 τοῦ
779 1127 873 1147 συντε-

85 1161 141 1187 τμη
147 1153 228 1187 μένου
246 1154 316 1180 κατὰ
328 1155 358 1181 τὸ
366 1156 533 1191 Εὑαγγέλιον
547 1159 712 1193 λόγου,ὰλλὰ
724 1166 874 1201 σκεπτικῆς

85 1197 214 1234 θεωρίας.
233 1202 279 1227 καὶ
294 1203 427 1239 περιττῆς
446 1206 503 1236 τοῖς
523 1206 632 1239 πολλοῖς
653 1209 701 1235 xal.
720 1197 873 1247 δυσληπτου

85 1246 271 1280 τεχνολογίαις.
300 1248 378 1284 Μέρη
410 1250 460 1285 μὲν
485 1253 541 1285 γὰρ
575 1253 694 1288 Χριστοῦ
719 1246 873 1292 ἀσύγχυτα,

86 1291 184 1326 θεότης
215 1293 258 1319 καὶ
281 1293 470 1331 ἀνθρωπότης.
498 1297 578 1333 Ψυχὴ
603 1299 630 1326 δὲ
657 1301 704 1327 καὶ
730 1291 818 1338 σῶμα,
842 1305 873 1331 οὐ

88 1337 159 1372 μέρη
172 1338 304 1373 Χριστοῦ,
318 1340 386 1367 ἀλλὰ
403 1342 471 1377 μέρη
488 1343 535 1370 τοῦ
555 1345 656 1380 μέρους
669 1356 676 1363 ·
691 1344 727 1374 ὧν
740 1337 874 1383 δηλωθέν-

85 1391 140 1411 των
156 1382 201 1410 διὰ
223 1383 275 1419 τῆς
299 1384 406 1417 τελείας
433 1388 571 1422 σημασίας
584 1391 726 1425 τῆς’κατὰ
742 1382 792 1427 την
822 1395 873 1429 φύ-

87 1436 129 1454 σιν
161 1430 211 1464 τῆς
239 1430 450 1466 ἀνθρωπότητος
474 1454 481 1466 ,
503 1435 618 1471 περιττὴ
651 1437 667 1471 ἡ
702 1439 743 1469 είς
777 1440 873 1474 φύσεις

84 1473 139 1501 τῶν
164 1476 255 1511 μερῶν
281 1476 484 1512 ὑποδιαίρεσις⁹
500 1480 524 1506 ει
549 1481 585 1516 μὴ
608 1482 732 1516 μέλλοιεν
756 1487 803 1512 καὶ
823 1487 872 1522 τὴν

85 1518 182 1554 λοιπὴν
208 1522 321 1556 ἐπάγειν
339 1523 477 1559 διαίρεσιν
491 1527 550 1558 ταῖς
575 1527 807 1565 ὑποδιαιρέσεσιν,
826 1518 871 1566 al;

84 1563 133 1590 καὶ
149 1566 195 1592 ἐπὶ
206 1566 253 1593 τοῦ
272 1568 363 1594 κοινοῦ
375 1569 520 1604 ἀνθρώπου
531 1563 709 1608 ἐχρησάμεθα
724 1563 868 1614 πρότερον,

85 1612 122 1641 ὡς
134 1611 259 1638 ἐντεῦθεν
276 1612 313 1649 μὴ
330 1615 405 1648 τρεῖς
423 1615 484 1642 κατ’
502 1616 601 1649 αὐτοὺς
619 1619 703 1653 μόνας
715 1642 722 1653 ,
739 1611 870 1652 dilatant

84 1655 194 1689 πλείους
209 1659 407 1692 καταγγέλλειν
418 1660 467 1693 τὰς
479 1662 598 1697 Χριστοῦ
613 1665 709 1699 φύσεις
721 1687 729 1699 ,
742 1664 779 1695 ὧν
796 1670 822 1696 τί
836 1669 869 1696 ἂν

83 1701 188 1734 γένοιτο
202 1702 372 1739 γελοιότερον
385 1714 392 1739 ;

121 1755 131 1772 ‹
154 1746 263 1783 Ἐπειδὴ
290 1749 304 1776 ὁ
321 1750 374 1781 πᾶς
400 1751 541 1787 κεκίνηται
555 1755 683 1790 πόλεμος,
707 1757 755 1784 τοῦ
767 1759 868 1795 τρόπου

83 1792 131 1825 τῆς
145 1792 266 1824 ἐνώσεως
280 1795 356 1830 παρὰ
365 1796 421 1827 τοῖς
433 1797 542 1830 πολλοῖς
558 1800 753 1836 ἀγνοουμένου,
765 1792 812 1832 καὶ
825 1806 869 1833 διὰ

83 1837 160 1864 τοῦτο
180 1839 256 1873 παρὰ
271 1840 353 1867 πᾶσιν
367 1842 605 1879 ἀμφιϐαλλομένου
615 1866 622 1878 ,
639 1847 704 1882 περὶ
718 1849 820 1885 ταύτης
837 1859 868 1877 σε

84 1881 262 1918 φιλοσοφῆσαι
284 1886 348 1921 χρὴ,
373 1887 416 1914 ἵνα
434 1888 536 1916 εἰδέναι
558 1881 869 1929 ἐχοιμενγπότεροννκαὶ

83 1928 142 1954 κατ’
152 1929 234 1956 αὑτὸν
247 1930 278 1966 δὴ
293 1932 386 1960 τοῦτον
400 1933 597 1970 διαφωνοῦμεν,
610 1937 626 1973 ἢ
640 1939 734 1966 τούτου
751 1950 782 1975 γε
798 1951 868 1977 συμ-

83 1974 171 2008 φώνου
184 1976 250 2011 ἡμῖν
261 1977 338 2009 ὄντος
349 1979 414 2015 περὶ
426 1981 473 2007 τοῦ
485 1981 708 2019 ἀποτελέσματος
720 1974 766 2013 τοῧ
777 1988 809 2015 ὲκ
820 1974 869 2025 της

82 2018 206 2052 ἐνὼσεὼς
231 2022 304 2048 εστιν
327 2024 393 2058 ἡμῖν
416 2025 434 2059 ἡ
459 2026 572 2062 ζήτησις
584 2035 591 2042 ·
606 2018 653 2055 καὶ
672 2030 785 2066 πότερον
804 2018 868 2068 περλ

81 2063 136 2089 τῶν
160 2067 333 2102 πραγμάτων
348 2069 437 2097 αὐτῶν
450 2090 457 2102 ,
475 2071 490 2106 ἢ
509 2073 575 2108 περὶ
599 2074 653 2101 τῶν
677 2078 867 2112 σημαινουσῶν

82 2109 168 2138 ταῦτα
189 2112 296 2145 φωνῶν.
318 2114 397 2142 Οὕτω
419 2117 473 2152 γὰρ
493 2118 636 2154 εὐκρινοῦς
654 2109 867 2159 τῆς-ζητήσεως

82 2157 285 2193 γεγενημένης,
311 2161 359 2187 καὶ
384 2162 434 2197 τῆς
461 2163 515 2190 τῶν
535 2166 706 2201 πραγμάτων
737 2157 866 2205 ἀληθείας

82 2202 276 2238 ἁναφανείσης.
291 2207 304 2232 ό
315 2207 429 2241 ἀμαθῶς
444 2208 460 2244 ἢ
476 2210 582 2243 ἀσεϐῶς
597 2213 744 2248 ἀντιλέγων
757 2202 865 2252 δειχθήέ
882 2230 904 2257 ιν)

48 2276 50 2278 _
83 2249 195 2284 σεται,ῆ
207 2249 492 2290 διορΟωθησόμενος,ῆ
508 2257 536 2284 ὲν
550 2257 611 2294 δίκῃ
625 2249 864 2297 μεμφοησόμενος.

83 2295 138 2329 Τὴν
154 2296 251 2324 ἕνωσιν
271 2298 321 2331 τῆς
337 2299 463 2336 θεότητος
482 2303 549 2337 πρὸς
563 2304 613 2340 τὴν
630 2295 828 2344 ἀνθρωπότητα.
841 2311 865 2337 οξ

83 2341 132 2375 μὲν
154 2343 214 2369 κατ’
229 2344 324 2371 οὐσίαν
338 2366 344 2377 ,
361 2346 386 2372 οἱ
409 2347 438 2373 δὲ
453 2350 513 2374 κατ’
533 2349 690 2386 ἐνέργειαν,
708 2355 733 2380 οἱ
750 2341 866 2384 etiam

81 2386 194 2421 γνώμην
209 2389 375 2423 γεγενῆσθαι
387 2391 572 2428 ἀπεφήναντο.
594 2396 654 2423 Εἰσὶ
673 2398 702 2424 δὲ
721 2399 746 2425 οἳ
763 2401 810 2426 καὶ
822 2401 866 2427 εὑ-

80 2432 192 2459 >.ἀ6ειαν
214 2435 370 2470 περιττὴνῆ
387 2436 494 2471 ἔχοντες
515 2439 531 2475 ἦ
548 2441 767 2478 ὑποκρινόμενοι,
802 2447 866 2481 μηδ-

81 2475 168 2515 ετέρῳ
183 2480 237 2506 τῶν
249 2481 402 2516 εἰρημένων
419 2485 590 2524 προσέθεντο,
607 2475 727 2525 άῤῥητον
739 2475 767 2517 δὲ
781 2475 864 2528 abripi

81 2525 127 2550 καὶ
158 2525 379 2560 ἀκατονόμαστον
409 2532 572 2566 γεγενῆσθαι
599 2534 783 2570 ἀπεφήναντο,
809 2539 863 2566 εἴτε

80 2569 152 2596 οὕτω
163 2570 280 2605 ἔχοντες,
292 2574 347 2599 εἴτε
362 2573 403 2607 οὒ,
414 2576 476 2607 τοὺς
488 2576 614 2613 ἐλέγχους
626 2569 796 2618 ὑφορώμενοι
814 2587 863 2620 τῆς

80 2616 219 2649 ἀσεϐείας.
228 2618 407 2655 Ἑωράκαμεν
415 2621 469 2657 γὰρ
485 2624 531 2649 καὶ
540 2624 587 2650 νῦν
598 2634 684 2659 τινας,
695 2616 801 2657 οἳἺπάνυ

80 2661 129 2695 τήν
143 2671 173 2688 τε
191 2664 239 2691 καὶ
252 2667 451 2702 πεπατημένην
465 2668 514 2703 τὴν
532 2670 598 2705 περὶ
609 2673 659 2707 τῆς
674 2673 796 2707 ἑνώσεως
816 2661 864 2703 ἐκέ-

81 2715 155 2732 νοιαν
170 2708 288 2742 ἔχοντες,
298 2710 417 2747 ἄρρητον
430 2713 515 2749 αὐτὴν
524 2714 676 2749 ἐλεγον,ἴνα
690 2718 728 2754 μὴ
741 2720 863 2757 μόνοντῷ

81 2753 194 2788 ἐναντίῳ
208 2755 236 2781 τὺ
249 2757 369 2784 ἐναντίον
387 2761 615 2788 κατασκευάσωσι
641 2782 648 2794 ,
662 2765 786 2792 τουτέστι
824 2768 863 2802 τῷ

80 2797 192 2833 ἀρρήτῳ
206 2806 236 2826 το
252 2802 332 2835 ῥητὸν
342 2823 348 2835 ,
366 2803 432 2830 ἀλλὰ
448 2806 495 2832 καὶ
509 2807 572 2839 τοὺς
587 2808 716 2844 ἐλέγχους
731 2797 862 2840 ἐκκλίνωλ

79 2851 132 2869 σιν.
146 2842 250 2879 Ὥσπερ
263 2846 358 2880 ἀμέλει
384 2850 430 2876 καὶ
452 2850 551 2886 ἕτεροι,
564 2852 608 2879 ἐπὶ
626 2853 674 2890 τῆς
698 2856 797 2890 σαρκὶς
815 2858 860 2885 τοῦ

936 253 1091 289 phantasia,
1104 259 1176 286 etde
1192 261 1268 289 vitali
1282 269 1310 291 et
1319 267 1449 300 organica
1463 270 1561 304 spiritu
1573 282 1580 306 ;
1597 275 1642 309 qui
1656 284 1723 304 con—

935 299 1125 336 tinetanimal,
1141 306 1189 340 qui
1201 307 1272 335 alius
1284 299 1397 345 spiritus
1411 319 1464 346 est,
1478 299 1613 350 btaiunt:
1623 328 1723 354 praeter

934 345 1106 376 rationalem.

969 392 1046 421 Sicut
1063 403 1128 431 ergo
1145 397 1179 424 ad
1197 399 1374 434 signiﬁcanda
1398 405 1455 434 haec
1472 410 1564 437 omnia
1585 413 1653 440 satis
1678 419 1722 442 est

933 438 1025 467 dicere
1042 449 1163 476 carnem,
1177 446 1220 472 vel
1235 455 1335 483 corpus
1348 450 1484 487 hominis;
1503 459 1530 482 et
1545 465 1639 486 rursus
1654 461 1720 488 satis

933 489 975 511 est
986 487 1154 516 nominando
1169 490 1289 519 animam
1306 496 1478 531 rationalem,
1499 500 1638 531 declarare
1654 514 1719 539 par-

934 533 975 557 tes
989 531 1016 558 in
1039 540 1108 566 quas
1122 533 1210 562 divisa
1222 541 1283 570 est;
1301 545 1352 565 nec
1363 541 1436 567 enim
1453 542 1546 571 ﬁdeles
1562 546 1636 580 loqui
1651 531 1717 576 arti-

932 574 1024 603 ﬁciose
1044 584 1260 612 consueverunt.
1276 590 1329 609 nec
1342 583 1394 611 hoc
1409 586 1449 612 eis
1465 587 1569 621 placet;
1593 574 1632 618 sic
1652 594 1718 620 satis

929 625 970 648 est
986 622 1142 651 nominasse
1167 625 1319 661 hominem,
1336 629 1379 656 vel
1392 635 1516 659 naturam
1544 635 1664 665 hominis
1683 639 1716 665 ad

930 668 1092 698 declaranda
1107 672 1200 700 omnia
1224 682 1258 701 ex
1278 676 1378 710 quibus
1391 678 1559 713 compositus
1572 686 1624 713 est,
1645 688 1673 710 et
1688 684 1716 710 in

929 714 1030 748 quibus
1046 724 1106 744 esse
1121 720 1306 752 cognoscitur.
1337 721 1384 749 Isti
1402 728 1496 751 autem
1518 726 1581 753 talia
1595 729 1716 762 captioso

929 759 1090 794 loquuntur,
1113 771 1168 791 non
1188 769 1217 792 ιιι
1235 766 1374 794 hominem
1392 769 1542 803 perfectum
1559 774 1714 805 ostendant.

929 806 974 836 sed
988 812 1015 835 ut
1036 809 1181 837 Dominum
1208 812 1420 848 calumnientur,
1445 821 1474 844 et
1501 825 1564 845 cum
1589 827 1604 846 a
1627 821 1715 848 salute

929 856 1022 879 nostra
1036 853 1155 882 alienant
1168 863 1174 888 ;
1190 857 1267 891 quasi
1281 858 1324 885 vel
1335 866 1388 886 non
1403 863 1620 896 assumpsisseta
1635 866 1711 899 prin-

925 897 997 932 cipio
1013 899 1212 929 humanitatem
1232 909 1364 937 nostram,
1393 907 1435 933 vel
1452 915 1506 935 non
1524 915 1659 938 servasset
1674 912 1715 939 in-

926 944 1043 977 colume.
1059 946 1132 980 quod
1145 955 1178 974 ex
1188 949 1269 977 nobis
1285 950 1383 978 habuit
1397 953 1494 981 salutis
1515 955 1598 982 totius
1609 961 1715 985 natura;

925 990 1034 1025 pignus,
1061 993 1134 1026 quod
1153 994 1281 1022 excidere
1309 1004 1365 1023 non
1390 1002 1510 1032 poterat.
1538 1000 1591 1028 Sed
1613 1002 1711 1036 sciant,

926 1036 999 1070 quod
1022 1037 1159 1066 confessio
1180 1041 1311 1074 partium,
1336 1046 1367 1069 ut
1383 1043 1451 1077 dixi,
1477 1044 1558 1072 index
1573 1051 1615 1074 est
1637 1047 1712 1075 ineo-

925 1080 998 1109 lume
1012 1089 1072 1110 esse
1098 1087 1202 1117 totum;
1223 1085 1320 1113 iterata
1335 1095 1402 1114 vero
1426 1089 1544 1123 partium
1569 1090 1596 1117 in
1620 1095 1712 1126 partes

925 1124 1024 1153 divisio
1045 1135 1099 1154 non
1116 1133 1158 1155 est
1180 1129 1339 1164 dogmaticae
1361 1132 1513 1167 brevitatis,
1540 1124 1629 1170 neque
1655 1145 1712 1164 ser—

926 1171 1014 1199 monis
1028 1173 1179 1201 secundum
1200 1175 1378 1211 Evangelium
1393 1179 1508 1212 concisi,
1524 1181 1571 1208 sed
1585 1183 1711 1217 scepticae

925 1217 1121 1250 speculationis
1139 1223 1167 1246 et
1182 1219 1290 1248 artiﬁcii
1305 1224 1511 1257 supervacanei,
1527 1229 1555 1252 et
1573 1226 1710 1262 plerisque

926 1261 1046 1290 ditlicilis
1060 1264 1094 1293 ad
1109 1264 1327 1301 intelligendum.
1343 1269 1438 1297 Partes
1452 1271 1525 1297 enim
1541 1271 1644 1300 Christi
1656 1261 1711 1301 non

924 1307 1054 1341 confusae,
1068 1315 1132 1337 sunt
1147 1311 1278 1340 divinitas
1294 1318 1323 1341 et
1343 1314 1513 1349 humanitas;
1537 1318 1626 1344 anima
1644 1326 1716 1346 vero-

924 1357 952 1379 et
970 1360 1071 1388 corpus
1086 1363 1141 1382 non
1159 1361 1222 1384 sunt
1237 1363 1329 1392 partes
1348 1359 1462 1394 Christi,
1478 1362 1525 1389 sed
1540 1368 1631 1398 partes
1647 1373 1710 1399 par-

925 1398 978 1431 tis;
996 1399 1097 1434 quibus
1126 1400 1283 1435 declaratis,
1301 1412 1351 1438 per
1368 1405 1595 1440 signiﬁcationem
1618 1398 1709 1444 perfe-

923 1446 994 1471 ctam
1010 1444 1190 1474 hutnauilatis
1208 1449 1529 1485 naturalis,supervacua
1552 1458 1594 1480 est
1613 1454 1709 1481 subdi-

922 1489 993 1517 visio
1017 1490 1045 1517 in
1062 1495 1176 1520 naturas
1191 1495 1322 1528 partium,
1348 1496 1401 1523 nisi
1419 1501 1481 1532 post
1508 1498 1711 1534 subdivisioncs

923 1536 1026 1570 quibus
1041 1537 1119 1572 prius
1133 1538 1160 1566 in
1176 1539 1288 1568 homine
1303 1543 1441 1569 communi
1458 1544 1500 1571 usi
1519 1552 1625 1577 sumus,
1644 1546 1706 1572 reli-

921 1589 1003 1616 quam
1019 1582 1183 1612 divisionem
1197 1585 1283 1613 velint
1296 1586 1444 1621 inducere;
1462 1593 1492 1616 ut
1507 1589 1573 1617 hinc
1587 1598 1641 1617 non
1655 1595 1709 1618 tres

922 1631 1039 1660 tantum,
1058 1630 1209 1658 secundum
1232 1639 1290 1664 eos,
1316 1633 1364 1660 sed
1389 1634 1471 1661 ctiam
1487 1635 1580 1669 plures
1597 1641 1709 1663 naturas

921 1671 948 1698 in
964 1672 1074 1701 Christo
1089 1674 1211 1709 proﬁteri
1223 1681 1350 1711 oporteat
1363 1688 1368 1705 :
1383 1686 1437 1714 quo
1451 1680 1516 1714 quid
1536 1688 1596 1708 esse
1619 1686 1708 1716 potest

920 1717 1005 1753 magis
1015 1719 1137 1754 joculare
1148 1721 1160 1747 ?

958 1772 967 1789 ι
986 1763 1213 1800 Quandoquidem
1240 1769 1398 1797 universum
1424 1771 1526 1799 bellum
1546 1778 1650 1800 motum
1667 1779 1708 1802 cst

920 1809 954 1837 de
968 1811 1049 1839 modo
1065 1813 1174 1841 unionis
1197 1822 1280 1849 quem
1305 1816 1430 1852 plerique
1447 1818 1585 1853 ignorant,
1611 1823 1638 1846 ct
1665 1820 1707 1847 id-

919 1855 993 1883 circo
1014 1857 1143 1886 omnibus
1165 1858 1193 1886 in
1221 1859 1336 1887 dubium
1360 1862 1458 1895 venit;
1486 1863 1520 1890 de
1537 1863 1588 1891 hac
1605 1865 1706 1892 unione

919 1901 1108 1938 philosophari
1121 1908 1238 1939 oportet,
1265 1910 1294 1933 ut
1315 1907 1385 1934 scire
1401 1909 1546 1943 possimus,
1569 1915 1660 1936 utrum
1672 1910 1708 1937 de

920 1945 972 1974 hoc
988 1946 1047 1981 ipso
1063 1947 1274 1983 dissentiamus;
1293 1958 1327 1977 an
1343 1959 1408 1978 vero
1421 1952 1502 1979 nobis
1522 1952 1555 1979 de
1576 1953 1627 1979 hoc
1640 1961 1707 1980 con«

919 1992 1105 2022 sentientibus
1131 1995 1247 2029 quaestio
1270 1996 1316 2029 sit,
1344 1997 1409 2031 quid
1437 1998 1537 2025 cﬂiciat
1560 2000 1645 2032 unio;
1678 2004 1706 2026 et

919 2041 1011 2065 utrum
1027 2038 1061 2066 de
1081 2039 1165 2068 rebus
1182 2041 1249 2076 ipsis
1265 2042 1302 2070 sit
1319 2044 1517 2076 controversia,
1531 2053 1565 2072 an
1579 2045 1612 2072 de
1628 2047 1705 2073 voci.

918 2083 971 2111 hus
988 2092 1032 2112 res
1048 2085 1121 2119 ipsas
1141 2087 1368 2122 signiﬁcantibus.
1389 2089 1434 2117 Sic
1453 2091 1526 2118 enim
1551 2092 1703 2125 quaestione

919 2130 1049 2159 distincte
1064 2132 1168 2166 habita,
1197 2139 1223 2162 et
1247 2136 1364 2164 veritate
1390 2144 1483 2165 rerum
1506 2142 1627 2177 ostensa,
1653 2140 1702 2174 qui

919 2175 1046 2210 imperite
1061 2181 1109 2205 aut
1127 2179 1210 2214 impie
1224 2181 1399 2214 contradicit,
1416 2175 1537 2217 pateﬁet,
1555 2184 1596 2211 vel
1615 2185 1702 2211 corri—

917 2220 1033 2254 gendus,
1060 2222 1103 2249 vel
1132 2223 1159 2250 in
1181 2224 1286 2259 judicio
1304 2226 1512 2260 vituperandus.
1531 2237 1539 2253 I
1568 2228 1702 2256 Uuionem

918 2264 1070 2294 divinitatis
1080 2275 1143 2295 cum
1161 2268 1329 2298 humanitate
1346 2272 1391 2298 alii
1408 2273 1559 2300 secundum
1573 2274 1702 2301 substan-

919 2310 983 2338 tiam
999 2312 1099 2339 t‘actam
1116 2321 1177 2341 esse
1194 2315 1376 2349 afﬁrmarunt,
1395 2318 1608 2346 alii.secundum
1623 2327 1703 2347 ener-

917 2357 998 2391 giam,
1018 2358 1064 2386 alii
1076 2359 1227 2390 secundum
1247 2362 1427 2390 voluntatem.
1446 2364 1514 2391 Sunt
1538 2370 1629 2392 autem
1654 2367 1700 2401 qui

917 2401 1028 2428 nimiam
1059 2404 1240 2432 reverentiam
1267 2405 1294 2432 in
1324 2406 1410 2441 Deum
1437 2408 1481 2438 vel
1503 2408 1634 2437 habentes
1658 2412 1701 2438 vel

916 2446 1087 2480 simulantes,
1114 2449 1190 2477 nullo
1207 2457 1241 2477 ex
1263 2451 1307 2479 his
1335 2453 1417 2480 modo
1440 2453 1537 2482 factam
1562 2455 1700 2490 dixerunt,

916 2494 964 2520 sed
982 2494 1149 2524 ineﬁ‘abilcm
1163 2504 1224 2524 esse
1236 2502 1264 2524 et
1277 2505 1370 2526 carere
1386 2500 1496 2528 nomine
1511 2500 1704 2537 aﬁirmarunt;

916 2539 973 2566 sive
992 2539 1028 2567 ita
1054 2540 1198 2573 haberent,
1223 2543 1279 2570 sive
1305 2551 1370 2576 non,
1395 2547 1554 2575 metuebant
1578 2553 1651 2576 certe
1666 2557 1700 2576 ne

916 2585 1066 2619 impietatis
1077 2592 1268 2621 arguerentur.
1293 2589 1418 2617 Vidimus
1439 2592 1512 2618 cnim
1528 2593 1610 2620 etiam
1627 2603 1700 2623 nunc

915 2631 1058 2664 quosdam,
1078 2632 1125 2666 qui
1138 2640 1201 2659 cum
1218 2634 1358 2661 notionem
1373 2636 1482 2663 unionis
1496 2638 1572 2665 Hdde
1589 2647 1700 2674 expres-

914 2683 971 2703 sam
987 2682 1016 2704 ct
1032 2677 1122 2704 tritam
1150 2678 1293 2711 haberent,
1314 2681 1443 2716 ἄρρητον,
1462 2682 1489 2709 id
1507 2688 1548 2710 cst
1571 2684 1697 2713 inellahi-

914 2721 977 2753 lem,
997 2730 1057 2750 eam
1074 2723 1207 2752 vocabant
1221 2733 1227 2751 :
1242 2730 1271 2752 ut
1288 2734 1342 2752 non
1358 2727 1446 2754 soluat
1469 2731 1606 2757 contrario
1632 2739 1698 2758 con-

915 2769 1028 2796 trarium
1050 2769 1198 2803 eﬂicerent,
1232 2771 1258 2798 id
1279 2775 1330 2804 est,
1361 2773 1478 2801 dicendo
1495 2783 1553 2802 esse
1572 2777 1695 2804 ἰηρΠὶιὺὶ-

914 2814 976 2846 lem,
1002 2815 1137 2849 vulgatam
1153 2815 1284 2849 facerent,
1301 2817 1349 2844 sed
1375 2823 1406 2845 ut
1422 2825 1581 2850 argumenta
1599 2821 1698 2856 quibus

913 2859 1153 2894 redarguercntur,
1172 2860 1333 2896 elfugerent.
1349 2863 1425 2891 Sicut
1440 2864 1486 2891 alii
1503 2873 1579 2899 sane,
1598 2872 1625 2893 ut
1640 2875 1699 2894 rar—
