1973 3098
127 44 237 85 λβ

224 134 292 168 1209

855 132 1011 162 LEONTII
1031 131 1233 162 BYZANTINI

1784 123 1857 157 1300

174 204 181 208 ν
222 199 285 220 nem
299 191 405 219 Domini
420 190 505 226 magis
518 190 579 217 ﬁcte
596 197 737 224 apparere,
755 196 836 224 quam
857 189 883 216 in
903 196 935 216 ea
947 196 1010 215 con—
1027 200 1033 218 Α

1090 188 1166 223 υρίου
1184 188 1233 223 τὴν
1248 188 1400 223 φαντασίαν
1416 186 1579 222 κρατύνειν,
1606 186 1622 221 ἦ
1639 184 1688 221 τὴν
1717 183 1857 219 σύγχυσιν

223 238 358 265 fusionem
382 237 480 264 factam
504 244 564 264 esse
580 235 727 263 defendere
742 235 895 266 studerent,
922 235 1011 262 incar-

223 287 318 310 uatum
345 290 405 309 esse
429 285 460 308 ut
482 282 580 313 voluit,
607 285 634 308 et
657 284 686 307 ut
707 281 765 315 ipse
782 281 868 311 novit,
890 279 1009 306 aiebant.

224 328 284 356 Non
300 329 374 355 enim
393 333 423 354 ut
437 328 495 355 haec
507 327 635 362 probent,
649 327 682 353 ad
704 327 886 353 reverentiam
916 333 1013 353 revera

226 380 241 398 a
259 372 414 399 reverentia
428 373 544 399 alienam
561 380 590 399 se
609 371 764 401 conferunt,
791 371 894 405 alioqui
913 372 1014 398 veritas

225 417 279 443 lies
289 417 322 444 ad
340 418 433 444 lumen
449 424 529 443 suum
546 416 714 448 adduceret;
731 415 778 442 sed
793 419 823 442 ut
838 416 953 443 licenter
965 415 1015 442 im-

228 463 330 498 pietate
346 463 505 494 abutantur,
523 463 557 489 ad
583 463 698 489 honesta
725 462 854 493 nomina,
886 466 1014 496 tanquam

229 508 263 534 ad
281 508 515 543 propugnaculum
541 507 678 542 quoddam
701 507 822 533 validum
848 510 876 533 et
903 506 1017 540 inexpu-

229 554 338 588 gnabile
349 554 519 588 confugiunt.
530 553 600 580 Vere
616 553 688 580 enim
702 561 792 588 neque
807 552 862 580 dici
877 552 1017 580 necinth-

229 599 276 634 Iigi
290 602 380 634 potest
395 599 461 625 unio
477 598 627 633 secundum
643 599 834 630 substantiam,
853 603 881 625 et
892 598 1019 625 substan-

229 646 313 677 tialis,
336 650 365 672 et
385 645 413 672 in
437 645 586 681 bypostasi.
605 645 748 678 Quomodo
765 645 838 672 enim
854 653 913 679 qum
930 648 1021 671 tanto-

231 699 297 726 pere
318 692 469 719 secundum
494 697 622 718 naturam
644 691 785 723 diﬂ‘erunt,
806 696 834 719 ct
859 696 913 718 tam
940 691 1020 725 longe

232 737 345 769 distant,
369 738 440 764 inter
455 745 484 764 se
499 738 635 770 coierunt,
663 742 690 765 et
703 737 779 764 unita
799 745 853 764 non
874 741 937 764 sunt
954 744 1020 763 con-

234 783 294 809 fusa
317 782 371 817 (24)
386 792 392 815 ;
407 783 455 809 sed
471 782 563 817 potius
580 790 665 809 unum
684 786 735 813 est,
751 787 778 809 et
790 782 845 809 duo
860 776 1021 813 noscuntur,

233 831 263 854 et
286 835 338 854 nec
364 828 470 854 unitate
498 835 623 862 persona:
643 827 786 854 commisla
820 830 904 859 sunt;
933 834 1023 860 neque

234 878 346 908 propter
362 874 543 908 proprietates
557 878 715 900 naturarum
743 873 770 900 in
796 873 956 908 hypostases
981 872 1024 899 di-

234 919 293 946 visa
311 923 385 946 sunt.
406 919 469 946 llrec
486 919 541 946 sola
558 918 624 945 fides
638 919 722 955 capit,
751 922 779 945 et
804 917 924 945 Verbum
953 917 1024 944 divi-

235 971 313 996 num,
336 963 409 998 quod
423 971 476 990 non
502 962 728 998 pronuntiatione
748 962 833 994 vocis,
854 962 901 990 sed
924 962 1025 989 illumi-

235 1009 348 1038 natione
376 1010 565 1044 intelligentiae
596 1009 653 1036 haec
673 1009 816 1041 declarat;
844 1011 872 1036 et
900 1016 948 1035 eos
978 1008 1026 1043 qui

236 1055 311 1091 digni
346 1059 430 1089 sunt,
463 1055 587 1094 doctrina
615 1063 670 1082 non
700 1058 836 1087 sonante,
867 1054 915 1081 sed
945 1054 1027 1085 tacita

236 1102 340 1129 erudit.

271 1147 310 1174 De
325 1147 366 1174 eis
382 1147 466 1182 igitur
487 1147 534 1182 qui
557 1155 591 1175 ex
611 1147 766 1174 reverentia
781 1151 923 1182 aegrotant,
941 1146 1028 1173 donec

238 1192 304 1227 quid
316 1193 357 1220 eis
366 1193 537 1227 propositum
552 1193 596 1226 sit,
613 1201 668 1220 non
683 1197 724 1220 est
736 1192 922 1224 manifestum,
938 1199 1030 1227 neque

237 1239 353 1266 verbum
373 1238 529 1265 faciendum
538 1243 580 1265 est
593 1247 600 1271 ;
615 1237 663 1273 qui
676 1245 741 1265 vero
757 1246 848 1273 neque
859 1246 892 1265 ex
913 1237 1027 1270 lumine,

240 1284 264 1312 si
277 1284 304 1311 id
321 1284 394 1311 nacti
412 1288 485 1316 sunt,
505 1284 632 1311 ﬁduciam
649 1284 771 1319 capiunt,
798 1291 850 1311 nec
876 1283 950 1318 quod
971 1282 1031 1310 ani-

241 1336 300 1356 mas
317 1329 438 1356 tenebris
451 1329 632 1356 circumfusas
646 1329 765 1355 habeant
778 1347 784 1359 ,
801 1328 914 1358 moleste
928 1328 1029 1360 ferunt,

243 1380 371 1410 tanquam
397 1375 563 1402 insanabiles
585 1383 599 1402 a
626 1375 706 1402 nobis
717 1374 898 1409 rejiciantur:
919 1373 952 1401 de
970 1374 1031 1401 aliis

241 1427 309 1446 vero
332 1419 372 1447 sic
395 1419 570 1447 disseremus.
590 1419 642 1452 Qui
666 1419 795 1446 unionem
810 1426 864 1446 non
881 1419 1031 1446 secundum

244 1466 435 1497 substantiam,
452 1465 498 1492 sed
512 1466 663 1493 secundum
681 1466 868 1500 operationem
887 1470 934 1492 aut
947 1465 1032 1492 bene-

244 1512 387 1546 placitum,
404 1516 451 1538 aut
465 1511 544 1538 aliam
563 1511 709 1546 quamdam
723 1511 879 1545 hujusmodi
895 1510 1033 1538 habitudi—

246 1566 308 1585 nem
332 1557 430 1585 factam
455 1565 516 1585 esse
543 1557 674 1589 tradunt;
697 1557 730 1583 ad
753 1556 897 1583 veritatem
922 1556 1034 1591 quidem

246 1604 323 1631 nullo
345 1603 427 1630 modo
449 1603 571 1638 proxime
588 1602 740 1634 accedunt;
766 1602 939 1629 mendacium
956 1609 1033 1634 vero,

249 1649 320 1684 quod
333 1649 476 1683 multiplex
490 1653 541 1681 est,
560 1648 654 1683 partiti
669 1652 743 1680 sunt,
760 1647 821 1674 aliis
837 1647 917 1674 aliam
931 1652 1035 1682 partem

247 1695 308 1730 ejus
323 1694 515 1725 avellentibus,
530 1699 557 1720 et
579 1694 606 1720 in
620 1701 701 1720 unam
717 1692 920 1720 aberrationem
934 1700 949 1718 a
964 1692 1037 1718 veri-

248 1745 315 1773 tate,
337 1741 408 1768 inter
426 1748 455 1767 se
470 1739 633 1767 conciliatis.
651 1738 745 1771 Qualis
771 1738 843 1765 enim
865 1741 955 1772 potest
976 1745 1036 1764 esse

249 1787 309 1815 haec
324 1787 400 1819 unio,
416 1791 444 1813 ct
455 1785 594 1821 quomodo
610 1784 691 1820 digna
708 1785 819 1812 nomine
841 1783 952 1810 unionis
964 1782 1037 1810 illius

251 1840 334 1868 supra
348 1836 485 1865 naturam,
505 1836 532 1859 et
546 1839 607 1866 quae
619 1831 676 1858 sola
690 1833 732 1857 est
755 1833 815 1864 post
837 1829 923 1856 solam
937 1833 965 1855 et
983 1828 1038 1862 pri-

251 1886 334 1910 mam,
347 1886 408 1913 qua:
420 1886 474 1904 non
487 1877 597 1912 colligat
613 1884 666 1908 res,
679 1880 707 1902 et
723 1875 750 1902 in
767 1875 793 1902 id
808 1875 897 1909 ipsum
909 1873 1038 1901 adducit?

250 1922 329 1951 Unde
339 1922 467 1950 admirari
484 1922 558 1953 licet,
571 1920 656 1956 quod,
665 1927 727 1948 cum
740 1918 895 1954 bujusmodi
909 1918 1038 1945 unionem

252 1969 297 1996 isti
315 1968 495 2003 proﬁteantur
512 1972 540 1994 et
562 1967 712 1998 celebrent,
740 1965 808 1992 illud
833 1973 887 1992 non
912 1964 1040 1991 confusas

253 2023 314 2043 esse
329 2020 452 2047 naturas,
469 2018 498 2042 et
512 2014 578 2041 illud
591 2013 763 2041 immutabile
773 2019 868 2040 eorum
881 2015 1039 2046 opponunt;

254 2069 335 2096 quam
356 2061 431 2088 enim
458 2060 638 2087 mutationem
653 2059 787 2094 suspicari
801 2059 862 2094 jure
881 2062 996 2092 possunt
1013 2057 1041 2084 in

255 2107 390 2134 divisione
407 2114 510 2137 rerum,
525 2107 572 2141 qui
587 2105 736 2141 dignitates
756 2104 867 2138 quidem
880 2104 908 2130 in
922 2103 1041 2138 dignitao

255 2160 310 2181 tem
326 2153 500 2181 confundunt
514 2153 580 2188 (non
595 2152 668 2179 enim
685 2151 833 2186 dignitates
856 2149 975 2184 dignitas
992 2157 1043 2176 un-

1065 234 1273 266 σπουδάζοντες,
1286 232 1439 268 ὲσαρκώθη,
1451 232 1587 267 φασὶν,ὡς
1598 231 1740 266 ἠθέλησεν,
1757 229 1804 256 καὶ
1818 229 1858 260 ὡς

1067 279 1147 314 μόνος
1158 277 1228 306 οἶδεν
1242 279 1334 309 αὐτός.
1348 279 1385 305 Οὐ
1399 279 1452 313 γὰρ
1467 279 1512 304 ἴνα
1527 277 1615 303 ταῦτα
1628 277 1859 312 παραστήσωσιν,
1899 305 1901 307 μ

1066 324 1114 350 ἐπὶ
1136 324 1185 359 τὴν
1200 324 1285 356 ὅντως
1300 324 1435 358 ἀνευλαόῆ
1452 323 1586 358 χωροῦσιν
1599 322 1753 348 εὐλάἣειανη
1771 321 1788 356 ἦ
1800 320 1860 354 γὰρ

1068 371 1100 398 ἂν
1118 371 1186 406 πρὸς
1203 371 1232 398 τί)
1247 371 1347 406 ἑαυτῆς
1360 369 1411 406 ἦγε
1428 371 1484 405 φῶς
1498 370 1609 400 τούτους
1624 370 1640 404 ἡ
1656 367 1782 402 ἀλήθεια,
1798 366 1861 393 ἀλλ’

1068 417 1112 444 ἵνα
1123 419 1184 444 κατ’
1202 417 1327 450 ἐξουσίαν
1349 417 1553 451 ἀποκέχρηνται
1577 416 1611 450 τῇ
1633 414 1746 449 ἀσεϐείᾳ
1761 414 1809 439 ἐπὶ
1826 413 1860 439 τὸ

1070 463 1158 497 σεμνὰ
1186 463 1240 489 τῶν
1267 462 1416 496 ὀνομάτων,
1437 462 1474 492 ὡς
1500 461 1538 491 εἷς
1555 469 1581 486 τι
1603 459 1735 494 κρατερόν
1761 467 1790 483 τε
1812 458 1863 482 καί

1070 509 1207 536 ἀνάλωτον
1232 508 1362 543 φρούριον
1388 507 1618 541 καταφεύγουσιν.
1648 506 1785 540 "span-.9;
1804 503 1862 537 γὰρ

1071 555 1156 586 ὅντως
1173 555 1245 580 ἐστὶν
1280 553 1328 580 καὶ
1348 549 1506 587 ἀνεννόητος
1527 552 1593 587 μόνη
1609 552 1624 585 ἠ
1639 551 1698 576 κατ’
1712 550 1807 576 οὐσίαν
1831 556 1863 574 τε

1072 602 1118 627 καὶ
1134 599 1266 633 οὑσιώδης
1288 599 1334 625 καὶ
1356 599 1539 627 ἐνυπόστατος
1556 597 1663 628 ἓνωσις.
1680 596 1741 626 Πῶς
1760 595 1814 628 γὰρ
1827 593 1864 619 τὰ

1073 646 1199 674 τοσοῦτον
1215 646 1286 672 κατὰ
1300 645 1348 679 τὴν
1360 644 1440 678 φύσιν
1454 642 1686 677 παρηλλαγμένα,
1697 641 1746 666 καὶ
1759 639 1862 675 μακρῷ

1073 692 1241 729 διῳκισμένα
1261 691 1387 726 ἀλλήλοις
1416 699 1445 716 τε
1462 689 1573 724 συνείη,
1599 689 1645 714 καὶ
1674 687 1811 722 κραθέντα
1831 686 1864 712 οὒ

1076 737 1259 772 συγκέχυται;
1280 735 1348 762 ἀλλὰ
1365 735 1411 762 καὶ
1424 735 1496 761 ἔστιν
1509 735 1548 766 ἓν,
1564 735 1611 761 καὶ
1623 733 1788 768 γνωρίζεται
1803 732 1864 763 δύο,

1076 785 1123 810 καὶ
1139 782 1200 809 οὕτε
1212 782 1250 817 τῷ
1265 781 1401 817 μοναδικῷ
1418 781 1463 806 τοῦ
1480 780 1626 816 προσώπου
1647 779 1844 812 συμπέφυρται
1856 798 1865 810 ,

1077 827 1139 854 οὔτε
1160 826 1204 853 διὰ
1221 827 1269 857 τὰς
1286 825 1420 860 ἰδιότητας
1438 824 1492 850 τῶν
1514 824 1620 859 φύσεων
1635 825 1675 855 εἰς
1698 823 1866 854 ὑποστάσεις

1078 873 1227 909 μερίζεται.
1238 871 1331 898 Ταῦτα
1345 871 1434 902 πίστις
1443 872 1527 906 χωρεῖ
1540 871 1620 906 μόνη,
1630 871 1677 896 καὶ
1688 870 1766 903 λόγος
1781 869 1866 901 θεῖος,

1076 924 1090 949 ὸ
1105 922 1142 957 μὴ
1157 923 1185 948 ἐν
1197 921 1322 955 προφορᾷ
1335 919 1445 951 λέξεως,
1461 917 1518 944 ἀλλ’
1534 918 1562 943 ὲν
1577 918 1610 951 τῇ
1627 916 1687 943 κατ’
1698 916 1804 943 ἔννοιαν
1820 915 1869 940 ὲλ-

1077 967 1177 1002 λάμψει
1196 966 1301 1001 τρανῶν
1315 965 1412 996 ταῦτα,
1426 966 1474 990 καὶ
1489 964 1653 997 ἀφθέγκτοις
1675 961 1869 992 διδασκαλίαις

1080 1011 1267 1049 μυσταγωγῶν
1279 1012 1343 1042 τοὺς
1355 1010 1456 1042 ἀξίους.

1113 1137 1183 1168 Τοὺς
1209 1135 1257 1170 μὲν
1274 1131 1320 1161 οὖν
1339 1132 1402 1168 περὶ
1416 1133 1465 1166 τὴν
1476 1131 1619 1158 εὐλάϐειαν
1633 1129 1780 1160 νοσοῦντας
1790 1148 1797 1160 ,
1815 1128 1872 1160 ἕως

1079 1182 1152 1210 ἐστὶν
1173 1183 1187 1208 ὁ
1205 1181 1304 1211 σκοπὸς
1319 1179 1425 1214 ἄδηλος,
1442 1177 1503 1204 οὐδὲ
1515 1177 1595 1211 λόγου
1613 1175 1756 1207 ἁξιωτέον-
1776 1175 1800 1201 οἱ
1813 1173 1871 1209 γὰρ

1082 1231 1150 1264 μήτε
1174 1228 1204 1254 τδ
1230 1227 1289 1261 φῶς
1305 1223 1559 1261 παρρησιαζόμενοι
1574 1244 1581 1254 ,
1597 1221 1630 1249 ἂν
1645 1221 1741 1248 τούτου
1759 1220 1871 1254 τύχοιεν

1081 1275 1200 1311 ἔχοντες,
1215 1274 1283 1309 μήτε
1306 1271 1395 1306 σκότῳ
1407 1269 1635 1304 συγκαλυφθῆναι
1651 1267 1741 1293 αὐτῶν
1755 1266 1804 1296 τὰς
1816 1266 1871 1299 ψυ-

1081 1310 1132 1357 χὰς
1145 1318 1367 1355 δυσχεραίνοντες
1379 1337 1386 1348 ,
1400 1316 1438 1348 ὡς
1457 1315 1574 1346 ἀνιάτως
1587 1314 1694 1349 ἔχοντες
1706 1333 1713 1344 ,
1732 1311 1780 1338 καὶ
1801 1310 1873 1344 πρδς

1081 1356 1161 1402 ημῶν
1188 1363 1411 1392 διαπτυέσθωσαν
1427 1370 1434 1376 ·
1462 1361 1528 1396 περὶ
1552 1360 1579 1386 δὲ
1602 1359 1657 1386 τῶν
1679 1358 1777 1388 ἄλλων,
1799 1356 1874 1383 οὕτω

1083 1400 1279 1446 έίαλεξώμεθα.
1309 1410 1340 1436 Oi.
1363 1409 1412 1443 τὴν
1432 1408 1529 1434 ἕνωσιν
1546 1406 1583 1440 μὴ
1603 1404 1663 1432 κατ’
1680 1403 1787 1434 οὐσίαν,
1803 1400 1874 1428 ἀλλὰ

1084 1460 1144 1486 κατ’
1170 1457 1320 1492 ἐνέργειαν,
1341 1454 1358 1490 ἢ
1379 1453 1518 1483 εὐδοκίαν,
1533 1452 1549 1486 ἣ
1564 1451 1646 1485 ἄλλην
1665 1449 1726 1476 τινὰ
1742 1447 1875 1481 τοιαύτην

1086 1504 1178 1540 σχέσιν
1191 1490 1414 1537 δογματίσαντες,
1425 1498 1484 1525 κατ’
1500 1498 1578 1524 οὐδὲν
1594 1497 1643 1532 μὲν
1655 1490 1688 1530 τῇ
1699 1493 1816 1529 ἀληθείᾳ
1829 1495 1876 1526 ἐγ-

1085 1550 1210 1586 γίζουσι·
1237 1548 1268 1575 τὸ
1289 1548 1317 1574 δὲ
1334 1546 1431 1582 ψεῦδος
1455 1543 1614 1578 πολυσχιδὲς
1636 1541 1668 1568 ἂν
1697 1540 1873 1576 ἐμερίσαντο,

1085 1597 1176 1627 ἄλλοις
1199 1595 1282 1629 ἄλλην
1305 1593 1366 1620 τινὰ
1393 1592 1488 1627 μοῖραν
1508 1589 1590 1616 αὑτοῦ
1612 1587 1874 1623 παρασπασάμενοι,

1087 1643 1133 1670 καὶ
1149 1643 1189 1673 είς
1202 1641 1231 1667 ἓν
1245 1639 1373 1675 ἀλλήλοις
1391 1637 1515 1668 ἐλθόντες
1532 1637 1566 1671 τῇ
1584 1633 1729 1667 ἀποτεύξει
1742 1634 1792 1668 τῆς
1805 1632 1875 1666 ἀλη-

1087 1689 1173 1720 θείας.
1191 1687 1259 1714 Ποία
1277 1686 1332 1721 γὰρ
1349 1685 1382 1711 ἂν
1397 1684 1440 1719 εἴη
1453 1682 1534 1716 αὕτη,
1550 1681 1597 1708 καὶ
1611 1679 1670 1710 πῶς
1686 1679 1733 1705 τοῦ
1748 1678 1799 1712 τῆς
1813 1676 1877 1703 ἑνώ-

1089 1744 1157 1766 σεως
1173 1733 1235 1765 ἀξία
1249 1733 1391 1766 ὀνόματος,
1410 1729 1459 1764 τῆς
1471 1726 1628 1763 ὑπερφυοῦς
1642 1725 1689 1751 καὶ
1704 1725 1789 1760 μόνης
1807 1722 1878 1758 μετὰ

1087 1782 1138 1816 τὴν
1149 1779 1233 1814 μόνην
1246 1777 1293 1804 καὶ
1306 1775 1429 1812 πρώτην,
1441 1774 1458 1809 ἦ
1471 1773 1508 1808 μὴ
1519 1773 1553 1799 τὰ
1566 1772 1718 1806 πράγματα
1730 1768 1878 1816 cava—saucu-

1089 1813 1136 1854 καὶ
1149 1813 1190 1856 είς
1206 1813 1303 1850 ταύτὸν
1317 1822 1423 1856 ἄγουσα
1436 1829 1444 1853 ;
1458 1819 1542 1846 Ὅθεν
1557 1818 1606 1844 καὶ
1620 1815 1772 1851 θαυμάζειν
1787 1813 1878 1840 ἔπεισί

1091 1883 1136 1910 μοι
1160 1893 1167 1906 ,
1182 1872 1220 1899 ὅτ’
1236 1872 1269 1898 ἂν
1289 1869 1380 1897 αὐτῶν
1394 1868 1443 1904 τὴν
1457 1866 1585 1900 τοιαύτην
1602 1866 1698 1891 ἕνωσιν
1713 1861 1881 1898 πρεσϐευόν-

1090 1929 1154 1952 των,
1170 1919 1201 1945 τὺ
1222 1917 1375 1952 ἁσύγχυτον
1389 1913 1589 1950 προσρίπτεται
1611 1911 1659 1938 καὶ
1673 1910 1703 1936 τὸ
1718 1910 1856 1943 ἄτρεπτον
1871 1914 1879 1922 ’

1091 1966 1171 1992 ποίαν
1195 1964 1249 1999 γὰρ
1263 1961 1417 1997 ὑφορᾶσθαι
1439 1957 1544 1995 τροπὴν
1563 1957 1662 1988 αὐτοὺς
1676 1955 1780 1982 δίκαιον
1801 1953 1831 1979 ἓν
1846 1953 1879 1988 τῇ

1091 2010 1221 2045 διαιρέσει
1235 1998 1301 2035 ντῶν
1320 2005 1491 2042 πραγμάτων
1502 2024 1510 2036 ,
1527 2003 1577 2035 τὰς
1594 2001 1643 2037 μὲν
1663 2000 1740 2034 ἀξίας
1758 1999 1798 2045 είς
1816 1998 1881 2045 μίαν

1092 2055 1170 2089 ἀξίαν
1184 2055 1349 2089 συγχέοντας
1367 2052 1409 2087 (οὐ
1423 2050 1478 2085 γὰρ
1488 2049 1517 2076 αἱ
1531 2048 1603 2080 ἀξίαι
1619 2046 1691 2078 ἀξίαι
1705 2046 1766 2071 ποτ’
1783 2044 1816 2070 ἂν
1833 2044 1882 2077 γέ-

1093 2110 1180 2129 νοιντο
1193 2099 1366 2134 ἀσυγχύτως,
1383 2097 1479 2131 ὥσπερ
1493 2095 1554 2122 οὐδὲ
1569 2094 1597 2120 αί
1612 2093 1708 2128 φύσεις
1727 2091 1777 2126 μία
1799 2090 1882 2124 φύσις

1094 2145 1259 2183 ἀτρέπτως),
1273 2145 1321 2176 τὰς
1340 2144 1369 2170 δὲ
1390 2142 1485 2172 οὐσίας
1497 2139 1660 2176 χωρίζοντας
1673 2146 1680 2169 ;
1694 2138 1723 2164 οὐ
1735 2136 1790 2183 γὰρ
1809 2143 1882 2183 πρα-

254 2207 336 2234 quam
360 2199 420 2226 ﬁeri
440 2203 555 2233 possunt
581 2197 639 2224 sine
658 2196 830 2228 confusione,
860 2195 932 2222 sicut
953 2201 1033 2229 nequi

1095 2180 1208 2228 γμίὰτων
1219 2191 1327 2221 ἓνωσις,
1343 2189 1359 2223 ἦ
1385 2187 1435 2222 τῆς
1449 2186 1528 2220 ἀξίας
1545 2185 1652 2215 ἓνωσις.
1665 2183 1700 2209 Ἣ
1720 2181 1792 2208 οὓτω
1808 2181 1834 2214 γ’
1850 2180 1883 2207 ἂν

255 2250 362 2274 natum
386 2249 486 2272 natura
500 2244 559 2271 sine
582 2241 757 2277 mutatione),
788 2241 957 2268 substantias
977 2248 1044 2267 vero

257 2292 406 2329 separant?
422 2299 474 2319 nec
483 2291 556 2318 enim
569 2289 635 2317 unio
651 2296 743 2316 rerum
758 2292 800 2315 est
815 2287 881 2314 unio
893 2286 1043 2322 dignitatis.

257 2340 367 2375 Alioqui
392 2344 506 2366 cunctos
531 2337 578 2372 qui
607 2335 728 2362 divinam
759 2334 922 2369 dignitatem
955 2332 1045 2360 sortiti

258 2394 332 2422 sunt,
345 2386 373 2416 in
386 2393 472 2415 unum
487 2391 549 2412 cum
562 2383 655 2410 divina
667 2380 822 2409 substantia
835 2380 1044 2415 conjungemus,

259 2441 287 2463 et
302 2435 371 2462 duas
398 2437 509 2460 naturas
534 2437 595 2457 esse
625 2428 653 2455 in
679 2426 794 2461 singulis
812 2425 914 2453 sanctis
935 2423 1050 2451 docebi-

260 2489 322 2509 mus
337 2491 343 2507 :
361 2479 500 2515 quantitas
514 2476 588 2504 enim
609 2474 750 2510 dignitatis
768 2471 882 2500 omnino
897 2470 997 2498 dividit
1017 2477 1050 2496 ea

261 2535 323 2562 quae
344 2525 495 2554 secundum
524 2522 683 2558 dignitatem
699 2519 849 2550 diil‘erunt;
875 2516 924 2544 sed
948 2519 1049 2550 quanta

262 2573 357 2604 fuerit,
383 2575 489 2598 tantum
506 2569 654 2604 conjunget
672 2571 804 2592 naturas:
820 2570 871 2590 nec
883 2562 967 2601 _enim
989 2568 1050 2587 om-

264 2619 330 2647 nino
342 2625 388 2646 eas
400 2616 549 2651 separabit,
561 2622 616 2642 non
631 2615 757 2648 separato
769 2617 802 2637 eo
813 2608 886 2643 quod
899 2606 1050 2642 coniungit.

1096 2240 1142 2266 καὶ
1152 2239 1257 2268 πάντας
1265 2236 1328 2266 τοὺς
1337 2235 1387 2269 τῆς
1398 2233 1472 2264 θείας
1487 2231 1650 2266 λελογχότας
1664 2228 1752 2261 ἀξίας.
1765 2228 1805 2257 εἰς
1818 2235 1883 2253 ταυ-

1096 2283 1142 2310 τὸν
1161 2282 1273 2315 ἄξωμεν
1287 2281 1319 2313 τῇ
1333 2278 1394 2313 θείᾳ
1408 2276 1487 2311 οὐσίᾳ
1500 2295 1508 2306 .
1525 2275 1571 2301 καὶ
1588 2273 1633 2300 δύο
1648 2272 1743 2306 φύσεις
1763 2271 1805 2303 ἐφ’
1824 2270 1882 2296 ἑκάς

1099 2337 1161 2356 στου
1179 2327 1233 2354 τῶν
1255 2325 1339 2359 ἁγίων
1365 2322 1575 2357 δογματίσωμεν
1588 2327 1595 2334 ·
1619 2318 1649 2344 τὸ
1664 2318 1718 2351 γὰρ
1739 2316 1823 2342 ποσὸν
1836 2315 1884 2349 τῆς

1099 2374 1188 2406 ἀξίας,
1200 2373 1230 2398 οὐ
1245 2371 1332 2404 πάντη
1347 2368 1458 2404 χωρίζει
1470 2366 1505 2393 τὰ
1519 2364 1589 2392 κατὰ
1604 2364 1653 2399 τὴν
1665 2363 1744 2395 ἀξίαν
1756 2361 1883 2395 διάφορα,

1101 2419 1157 2446 ἀλλ’
1178 2417 1265 2451 ὁπόση
1283 2415 1315 2441 ἂν
1334 2414 1376 2448 εἴη
1387 2433 1394 2446 ,
1410 2412 1482 2438 κατᾶ
1502 2409 1630 2436 τοσοῦτον
1646 2407 1758 2441 συνάψει
1775 2405 1823 2431 καὶ
1836 2403 1885 2433 τὰς

1101 2465 1213 2500 φύσεις*
1228 2463 1258 2489 οὐ
1271 2462 1325 2496 γὰρ
1340 2461 1372 2495 δὴ
1388 2460 1477 2493 πάντη
1499 2456 1583 2487 αὐτὰς
1612 2454 1725 2490 χωρίσει
1751 2451 1799 2500 ’το-ὖ
1824 2459 1886 2476 συν-

1101 2497 1243 2541 άπτοντος,
1258 2508 1296 2542 μὴ
1311 2507 1400 2539 πάντη
1412 2502 1626 2538 κεχωρισμένον.
1635 2499 1750 2526 Ὀπόσον
1757 2497 1793 2530 τὰ
1797 2505 1813 2531 ρ
1824 2503 1887 2542 per:

1102 2558 1193 2593 έχουσι
1212 2540 1264 2590 τῆς
1287 2540 1364 2585 ἀξίας
1377 2573 1384 2584 ,
1404 2551 1526 2587 μετέχειν
1545 2548 1681 2583 ὀφείλουσι
1704 2543 1814 2576 καὶτῆς
1841 2540 1886 2567 τοῦ

1102 2603 1181 2636 λόγου
1192 2599 1311 2634 φύσεως.

264 2667 404 2701 Quantum
417 2645 490 2693 enim
505 2645 672 2699 participant
685 2659 857 2695 dignitatem,
871 2660 976 2683 tantum
992 2652 1158 2689 participare
1174 2648 1275 2676 debent
1287 2645 1422 2673 rationem
1437 2648 1552 2670 naturae.

301 2723 356 2757 (et)
375 2720 453 2748 Unita
476 2727 527 2757 non
543 2721 603 2757 sunt
629 2716 747 2757 confusa.
764 2713 886 2757 Utuntur
900 2709 1046 2757 prtitodoii

268 2745 427 2792 scriptorcs:
439 2745 579 2792 vvocabulo
595 2745 732 2792 αράσεὶυί,
749 2756 792 2792 (1.1
803 2748 830 2774 d.
849 2745 976 2792 misjtionis
990 2745 1049 2792 ,-in

270 2781 620 2826 nis'srteriodncarnationis'
639 2781 830 2826 explicando;
856 2781 909 2822 sed
934 2784 1050 2826 utuntur

271 2820 352 2852 sc'nsn
370 2825 442 2851 bono
468 2826 495 2848 et
522 2820 687 2849 commodo,
719 2823 751 2846 ut
781 2820 894 2852 praecise
921 2821 1050 2852 unionem

272 2850 415 2893 siinittcet.
429 2856 543 2884 Pliotius
565 2855 597 2882 de
613 2853 728 2890 Eulogio
755 2850 909 2887 patriarcha
936 2850 1052 2878 Alexan-

1102 2707 1199 2735 drino:
1215 2704 1355 2738 Κέχρηται
1372 2702 1399 2728 δὲ
1417 2701 1462 2738 καὶ
1477 2700 1509 2734 τῇ
1523 2694 1650 2729 λέξειτῆς
1661 2692 1889 2738 βρὰσείυςᾼεὺσε-

1104 2728 1318 2774 ἒέῖὲξῖιὲᾷῗῦἓηξ
1339 2742 1377 2764 est
1396 2740 1420 2763 at
1433 2728 1542 2763 Cras'éas
1558 2728 1704 2774 vocanul‘e':
1717 2728 1888 2774 ‘srdupjeﬂre-

1105 2762 1231 2804 Εὗιῖαέᾟέ
1244 2762 1481 2805 id‘nonrusurpare
1502 2766 1694 2805 morenmentis
1707 2762 1886 2805 Apollman'i'.

1203 2798 1429 2844 Eutycius;
1447 2804 1491 2831 sed
1509 2807 1537 2830 ut
1551 2802 1655 2838 pictatis
1667 2798 1758 2835 regula
1771 2798 1891 2833 prtt’scriv

1109 2845 1154 2874 bit.
1172 2845 1239 2873 TL‘n.
