1973 3098
135 159 199 193 1301

659 161 806 191 CONTRA
824 159 983 189 NESTOR.
1004 159 1051 189 ET
1071 159 1230 190 EUTYClI.

1685 158 1759 191 Μυῒ

167 216 199 243 Et
215 216 242 242 δέ
259 224 313 243 τινι
333 216 419 252 ἑτέρῳ
435 215 489 242 τῶν
506 216 534 242 ὲν
551 217 583 251 τῇ
603 216 698 252 Τριάδι
721 215 838 250 συνάψαι
855 215 917 250 βού-

1006 214 1033 241 Si
1049 219 1141 241 autem
1156 222 1219 241 cum
1237 215 1321 241 altera
1347 222 1464 249 persona
1492 218 1592 241 sancire
1614 213 1757 241 Trinitatis

133 264 234 294 λονται,
254 261 320 293 τοὺς
339 263 414 298 παρὰ
429 263 475 289 τὸν
492 263 609 298 Χριστὸν
626 263 736 294 λοιποὺς
749 263 854 296 ἁγίους,
868 262 917 297 τῆς
934 291 938 294 _

133 308 164 334 ιν
173 307 287 343 ἀσεϐείᾳ
299 308 388 335 αὐτῶν
397 308 467 335 ἔστω
478 309 602 341 ἐξουσίας
617 317 624 324 ·
637 317 722 343 κεχρη
729 308 918 343 ματίκασιγάρ

134 354 191 381 θεοί
205 363 235 381 τε
247 354 294 381 καὶ
309 355 361 381 υίοὶ
370 354 437 381 Θεοῦ
453 355 501 392 καὶ
518 355 661 389 πνεύματα
674 356 749 388 ἅγια,
759 354 828 381 κατὰ
836 355 876 380 τό·
888 354 918 380 '0

133 398 325 433 κολλώμενος
335 399 375 432 τῷ
387 401 491 433 Κυρίῳ,
504 400 538 426 ἓν
550 400 668 434 πνεῦμά
684 401 750 426 ἐστι
772 419 780 426 .
792 399 854 432 Πῶς
864 399 919 426 τοί-

133 453 192 477 νυν,
203 446 292 480 πάσης
302 445 353 480 τῆς
361 445 473 480 λογικῆς
481 446 527 472 καὶ
535 446 672 481 μακαρίας
683 446 808 477 κτίσεως,
817 446 865 480 ὅση
889 453 918 472 τε

133 491 163 517 ἰν
185 491 311 526 ἀγγέλοις
326 492 373 518 καὶ
386 492 434 526 ὅση
450 493 477 518 ἐν
493 491 656 527 ἀνθρώποις,
667 492 717 527 τῆς
733 492 857 519 θεοποιοῦ
873 492 919 519 καὶ

133 537 257 564 υἳοποιοῦ
265 537 312 564 τοῦ
326 538 484 573 Πνεῦματος
493 539 603 574 χάριτος
614 538 816 573 πληρωθείσης,
828 538 919 573 μόνοις

134 583 148 608 ὁ
159 583 190 608 ὲκ
199 582 339 616 Παρθένου
353 582 483 617 πεφηνὼς
492 583 557 614 Θεός
568 591 597 608 τε
609 582 709 618 ἐκλήθη
717 584 764 609 καὶ
776 583 839 614 Υἱὸς
851 583 918 609 Θεοῦ

134 619 163 654 έν
183 628 222 663 τῷ
245 628 334 663 λόγῳ,
352 629 399 655 καὶ
423 629 494 656 κατὰ
506 628 549 655 τὸν
565 627 642 661 λόγον
653 649 660 660 ,
676 628 869 663 προσκυνεῖται
889 637 919 655 τε

133 674 210 707 παρὰ
221 674 311 709 πάσης
322 674 435 709 λογικῆς
448 674 555 708 φύσεως
568 683 574 707 ;
591 674 665 701 Ἔδει
678 675 732 710 γὰρ
745 675 809 706 τοὺς
824 675 920 706 ἀθέους

134 718 245 752 εἰδέναι,
265 719 305 746 ὅτι
323 720 346 745 εί
363 720 410 746 καὶ
425 719 454 746 τὸ
470 719 608 754 ἐξαίρετον
625 720 675 754 τῆς
693 720 818 755 ποικίλης
832 721 920 747 διανο-

135 763 191 798 μῆς
202 783 210 796 ,
228 764 358 798 πρόσεστι
373 766 430 795 τοῖς
447 765 609 800 ὑπερτέροις
632 765 708 800 παρά
720 766 783 797 τοὺς
804 766 919 800 ὑφειμέ-

134 817 207 841 νους,
219 809 288 837 ἀλλὰ
296 810 384 836 κοινὸν
393 809 424 836 τὰ
436 810 558 844 έφάπασι
573 811 623 845 τῆς
634 811 774 846 ἐνεργείας
786 811 918 846 χάρισμα,

134 854 182 880 καὶ
204 854 254 890 τῆς
273 854 352 887 ἀξίας
367 854 499 890 δώρημα·
523 856 570 882 καὶ
586 856 602 891 ἢ
628 857 758 888 κάκείνας
777 857 848 891 μετά
869 857 918 884 τοῦ

132 899 201 926 Θεοῦ
218 899 317 933 Λόγου,
333 899 349 934 ἢ
364 897 394 925 οὗ
409 908 440 934 γε
458 900 597 935 βοῦλονται
617 901 676 932 ἑνὸς
691 901 745 927 τῶν
760 903 789 928 ὲν
803 903 835 937 τῇ
853 902 918 938 ἁγίᾳ

133 943 227 979 Τριάδι
257 943 463 979 θεωρουμένων,
486 945 502 979 ἢ
531 945 579 971 καὶ
602 945 666 980 ὅλης
688 946 738 980 τῆς
763 947 914 982 σεδασμίου

133 989 249 1026 Τριάδος
263 990 302 1020 είς
318 989 366 1016 δύο
379 989 524 1016 συνάπτειν
539 990 645 1025 φύσεις,
661 990 708 1017 καὶ
722 991 768 1017 δύο
783 991 799 1026 ἢ
815 993 890 1027 τρεῖς
901 991 922 1027 ἢ·

133 1034 274 1070 τέσσαρας
301 1035 466 1067 ὑποστάσεις
494 1035 620 1071 διαιρεῖν.
648 1037 683 1063 Ἦ
714 1036 780 1072 μηδὲ
816 1037 919 1064 τούτων

135 1080 205 1114 μετά
225 1080 275 1115 τῆς
298 1080 407 1115 φύσεως
431 1080 480 1107 τοῦ
496 1081 573 1107 Θεοῦ
584 1082 672 1116 Λόγου
697 1083 853 1114 συνάπτειν,
872 1082 919 1109 καὶ

134 1126 174 1156 είς
187 1126 236 1153 ἕνα
249 1126 313 1152 Υῑδν
328 1126 344 1161 ἢ
359 1126 523 1158 συντιθέναι,
538 1127 554 1162 ἢ
567 1127 720 1162 ὁμωνύμως
737 1127 817 1154 αὑτὸν
832 1129 919 1155 ποιεῖν

135 1171 203 1207 πρὸς
224 1172 272 1199 τὸν
298 1173 476 1208 πρωτὸτυπον
502 1172 576 1205 Υἰὺν,
604 1173 652 1199 καὶ
677 1173 715 1208 μὴ
737 1165 846 1208 φρονεῖν
870 1174 920 1208 μὲν

134 1217 214 1250 ἄλλα,
231 1217 398 1252 φθέγγεσθαι
410 1218 438 1244 δὲ
450 1218 544 1253 ἕτερα.
559 1219 632 1250 Μιᾶς
647 1219 701 1255 γὰρ
714 1218 797 1254 οὔσης
811 1219 861 1253 τῆς
873 1227 939 1253 φυ-,

135 1263 215 1297 σικῆς
239 1263 374 1298 υίότητος,
399 1262 428 1296 ἐξ
444 1262 478 1300 ἦς
493 1263 564 1291 κατά
582 1260 701 1300 μετοχὴν
721 1266 796 1292 πᾶσα
815 1266 918 1300 νίὸτης,

135 1309 243 1344 ἀνάγκη
258 1310 303 1336 τὸν
315 1310 568 1345 ἁποσχεδιασθέντα
581 1311 672 1342 αὺτοῖς
686 1311 827 1346 ἄνθρωπον
842 1312 858 1347 ἢ
871 1312 920 1346 τῆς

136 1357 253 1391 φυσικῆς
267 1357 391 1392 μετέχειν
406 1357 539 1393 υίότητος,
551 1357 567 1393 ἢ
581 1358 630 1392 τῆς
642 1358 674 1383 ἐκ
687 1358 797 1393 χάριτος
810 1358 920 1393 γινομέ-

134 1410 199 1437 νης’
217 1402 264 1429 καὶ
281 1403 296 1438 ἥ
313 1403 382 1439 πρὸς
392 1403 438 1429 τὸν
453 1403 592 1438 Μονογενῆ
609 1403 755 1430 συνάπτειν
772 1404 864 1436 αὑτὸν,
882 1404 920 1436 ὼς

134 1448 182 1482 τῆς
203 1448 326 1480 ἐνώσεως
336 1449 385 1484 τῆς
402 1449 462 1475 κατ’
474 1449 568 1476 οὐσίαν
579 1449 765 1484 ἀντιδιδούσης
776 1449 810 1476 τὰ
823 1451 856 1484 τῇ
874 1450 921 1476 θα-

134 1494 202 1529 τέρᾳ
230 1494 310 1527 φύσει
334 1494 470 1529 προσόντα
496 1496 528 1530 τῇ
554 1494 675 1530 θατέρᾳ·
698 1494 714 1530 ἢ
740 1495 861 1522 εὑσεόεἰν
882 1496 919 1532 μὴ

135 1539 316 1574 ἀνεχομένους
329 1560 337 1572 ,
363 1540 512 1574 προφανῶς
529 1540 612 1567 αὐτὸν
633 1541 690 1572 τοῖς
702 1540 805 1572 λοιποῖς
822 1550 917 1568 συντε-
931 1548 952 1577 c

133 1584 278 1618 ταγμένως
293 1585 442 1619 ἀφορίζειν.
456 1586 487 1612 Ol
503 1585 531 1612 δὲ
543 1585 591 1621 τὴν
604 1585 652 1620 μὲν
664 1586 789 1612 ἀσέϐειαν
802 1586 830 1612 οὐ
849 1587 918 1622 παῤ-

134 1630 310 1665 ρησιάζονται
325 1631 416 1666 (φύσει
431 1632 484 1667 γάρ
497 1633 571 1658 ἐστιν
584 1632 808 1668 ἀπαρρησίαστον
824 1630 855 1658 τὸ
868 1641 918 1659 κα-

135 1676 205 1710 κὺν),
217 1677 266 1713 τὴν
281 1677 309 1704 δὲ
325 1677 455 1713 ἀλήθειαν
469 1679 518 1705 οὐκ
535 1678 687 1712 ἀγαπῶσιν,
699 1678 759 1706 οὐδὲ
774 1679 822 1714 τῆς
833 1678 918 1706 eone.

133 1722 214 1749 λάλου
229 1723 355 1758 γλώσσης
370 1724 404 1752 τὰ
418 1724 543 1760 ἐπίχειρα
559 1724 687 1752 δεδίασιν.

169 1855 240 1882 Ἀλλ’
258 1856 329 1884 οὗτοι
346 1858 394 1892 μὲν
411 1857 464 1889 έξω
478 1857 551 1884 θείου
567 1857 647 1893 χοροῦ
666 1857 914 1892 ἀπεληλάσθωσαν,

135 1903 205 1935 μετά
219 1901 274 1928 τῶν
288 1902 337 1936 τῆς
363 1902 490 1935 ἀσεϐείας
510 1903 635 1938 πατέρων
650 1902 797 1939 Νεστορίου
811 1911 851 1935 τε,
870 1901 916 1928 καὶ

132 1946 189 1972 δσοι
214 1945 301 1981 τούτῳ
326 1947 502 1981 μυσταγωγοί
521 1956 551 1974 τε
574 1948 621 1973 καὶ
641 1947 741 1982 μύσται
759 1947 913 1981 γεγόνασιν.

133 1989 190 2024 Τῆς
209 1990 237 2017 δὲ
254 1991 314 2017 κατ’
334 1991 427 2017 οὐσίαν
446 1992 569 2023 ένώσεως
590 1991 789 2027 μεγαλοφώνως
813 2000 915 2026 κηρυτ-

131 2036 219 2063 τέσοω
236 2038 252 2072 ἠ
271 2037 402 2073 ἀλήθεια,
432 2037 479 2064 καὶ
498 2038 562 2073 περὶ
581 2038 683 2074 ταύτης
700 2038 893 2072 φιλοσοφητέον
905 2057 913 2070 ,

132 2083 222 2115 καθὼς
246 2084 314 2120 αὐτῇ
339 2084 422 2111 δοκεῖ.
440 2085 569 2116 Κίνδυνος
583 2085 636 2120 γὰρ
658 2085 689 2112 οὺ
713 2084 808 2120 μικρὸς
824 2093 912 2118 παρα-

131 2130 285 2164 τραπέντας
299 2131 395 2166 αὐτῆς,
408 2131 448 2162 εἰς
459 2131 489 2157 τὺ
500 2131 621 2158 ἐναντίον
631 2131 689 2166 μὲν,
704 2131 762 2158 ἴσον
775 2130 803 2157 δὲ
817 2130 911 2163 κακὸν,

129 2175 181 2209 τὴν
201 2175 332 2211 σύγχυσίν
352 2185 442 2211 φαμεν
455 2196 462 2207 ,
480 2177 622 2211 ἐμπεσεῖν.
640 2177 699 2203 Ἵνα
713 2176 741 2203 δὲ
755 2177 821 2211 ἡμῖν
841 2175 913 2209 γνώ-

933 883 954 910 Β

969 261 1098 296 copulare
1112 261 1208 288 volunt
1223 261 1343 296 reliquos
1361 266 1470 288 sanctos
1491 264 1673 294 prartcrqnam
1692 267 1755 287 cum

967 306 1089 339 Christo,
1105 306 1141 333 sit
1160 307 1212 333 hoc
1231 306 1384 341 potestatis,
1407 313 1488 340 quam
1501 305 1605 331 habent
1619 305 1647 331 in
1660 304 1757 338 impie—

970 357 1025 380 tate
1037 361 1044 385 ;
1056 353 1146 379 vocati
1156 360 1274 387 namque
1288 356 1352 379 sunt
1364 352 1423 384 Dei,
1439 357 1466 379 et
1485 351 1532 378 ﬁlii
1552 351 1612 383 Dt-i,
1628 355 1657 378 et
1668 350 1756 385 Spiri-

970 402 1014 425 tus
1024 398 1131 430 sancti;
1151 387 1222 425 sicut
1233 397 1380 432 Apostolus
1393 397 1441 428 ait,
1476 396 1527 428 Qui
1555 396 1670 422 adliceret
1691 394 1755 424 Deo.

969 452 1037 470 unus
1057 444 1166 478 spiritus
1196 446 1233 470 est
1250 443 1271 469 ⁵.
1310 442 1452 475 Quomodo
1476 449 1552 476 ergo,
1582 448 1642 467 cum
1667 440 1756 467 omnis

968 493 1094 516 creatura
1109 489 1251 516 rationalis
1267 492 1295 515 et
1305 488 1397 520 beata,
1414 495 1584 522 quaecunque
1599 491 1640 514 est
1663 485 1689 512 in
1705 494 1757 512 an—

969 535 1038 570 gelis
1060 538 1087 562 et
1105 534 1276 566 hominibus,
1291 534 1373 569 plena
1397 533 1433 560 sit
1450 533 1536 568 gratia
1559 531 1713 562 deiﬁcante,
1729 537 1758 558 et

969 580 1116 615 adoptante
1131 580 1251 615 Spiritus
1266 580 1365 612 sancti.
1390 579 1465 607 solus
1482 584 1562 606 natus
1576 586 1609 605 ex
1631 577 1755 612 Virgine.

970 626 1052 656 Deus.
1071 630 1098 653 et
1112 625 1198 653 Filius
1211 625 1331 653 hominis
1348 625 1377 652 in
1394 625 1542 659 .Scriptura
1563 629 1678 651 vocatus
1696 627 1755 654 est;

969 676 997 699 et
1008 671 1158 698 secundum
1172 671 1340 706 Scripturam
1352 671 1483 698 adoratur
1496 670 1528 697 ab
1539 669 1613 697 omni
1629 669 1757 696 rationali

970 718 1090 744 natura?
1103 717 1251 752 Oportebat
1266 725 1384 752 namque
1400 717 1499 751 impios
1510 715 1592 747 scire,
1605 714 1689 750 quod,
1702 714 1756 741 etsi

970 763 1108 798 praacipua
1121 770 1184 797 pars
1201 762 1284 790 varia:
1295 761 1498 789 distributionis
1521 762 1593 788 inest
1615 761 1642 787 in
1660 759 1757 786 celsio-

969 809 1047 836 ribus
1063 809 1229 844 comparatis
1246 816 1308 836 eum
1332 808 1529 840 inferioribus;
1553 813 1698 834 commune
1714 810 1757 832 ta-

970 863 1034 883 men
1063 862 1123 883 esse
1146 863 1207 882 cum
1229 855 1359 882 omnibus
1383 854 1518 881 charisma
1535 851 1703 887 operationis
1729 855 1758 877 et

970 901 1073 928 donum
1090 900 1250 936 dignitatis;
1266 905 1294 927 et
1309 900 1353 927 vel
1366 900 1426 927 illas
1441 907 1503 926 cum
1527 898 1617 926 Verbo
1633 897 1692 927 Dei,
1713 895 1757 923 vel

969 955 1032 975 cum
1056 955 1110 974 una
1125 954 1206 981 quam
1223 947 1330 978 volunt,
1347 953 1380 973 ex
1397 945 1523 981 personis
1544 947 1645 971 sanclm
1667 942 1757 969 Trini-

969 993 1044 1025 tatis,
1060 993 1102 1020 vel
1118 1000 1180 1020 cum
1195 997 1251 1020 tota
1264 992 1419 1019 veneranda
1438 991 1572 1018 Trinitate
1589 990 1757 1025 conjungere

956 1038 998 1075 Vin
1019 1037 1087 1065 duas
1104 1041 1234 1071 naturas;
1251 1042 1278 1065 et
1301 1037 1370 1065 duas
1393 1041 1439 1063 aut
1456 1040 1574 1071 quatuor
1595 1035 1757 1070 hypostases

970 1082 1102 1110 dividere.
1128 1083 1182 1110 Aut
1207 1083 1230 1110 si
1245 1090 1300 1110 non
1315 1090 1378 1110 cum
1403 1082 1456 1115 his,
1480 1088 1541 1108 cum
1555 1085 1653 1107 natura
1674 1078 1757 1108 Verbi

970 1128 1019 1155 Dei
1035 1128 1213 1163 conjungere,
1226 1131 1254 1154 et
1269 1128 1312 1155 vel
1327 1127 1353 1154 in
1367 1134 1452 1153 unum
1468 1126 1566 1153 Filium
1578 1131 1755 1159 componere,

969 1174 1011 1201 vel
1024 1174 1113 1208 ipsum
1133 1182 1217 1201 unum
1234 1173 1323 1200 facere
1343 1173 1508 1208 homonyme
1528 1171 1625 1198 Filium
1645 1169 1757 1205 compa-

970 1223 1060 1247 ratum
1077 1227 1137 1247 cum
1151 1218 1220 1247 Filio
1236 1218 1418 1254 primogenita
1433 1227 1440 1244 :
1456 1218 1524 1249 haec,
1542 1217 1663 1252 inquam,
1674 1222 1756 1251 opor-

970 1264 1044 1291 tebat
1069 1264 1167 1299 impios
1190 1265 1257 1292 istos
1278 1264 1358 1296 scire,
1384 1268 1413 1291 et
1436 1271 1491 1290 non
1513 1263 1564 1290 alia
1583 1262 1668 1296 loqui.
1686 1261 1755 1289 Cum

970 1310 1043 1337 enim
1063 1318 1117 1337 una
1132 1309 1166 1337 sit
1181 1310 1312 1337 naturalis
1328 1308 1462 1336 habitudo
1477 1308 1547 1341 Filii,
1568 1316 1601 1335 ex
1615 1309 1692 1343 cujus
1706 1307 1755 1334 ha-

970 1354 1103 1382 bitudinis
1122 1355 1331 1390 participatione
1347 1355 1436 1382 omnis
1459 1354 1589 1381 habitudo
1618 1353 1665 1380 ﬁlii
1684 1353 1758 1380 exsi-

971 1400 1160 1433 stit;neeesse
1184 1407 1225 1428 est
1245 1402 1384 1428 hominem
1399 1409 1479 1436 quem
1501 1400 1552 1435 ipsi
1574 1400 1687 1432 faciunt,
1708 1403 1759 1426 aut-

970 1446 1123 1473 naturalem
1141 1446 1332 1474 habitudinem
1350 1447 1398 1474 filii
1412 1447 1587 1482 participare,
1610 1449 1658 1472 aut
1680 1445 1754 1472 illam

970 1498 1030 1525 qua:
1051 1498 1084 1517 ex
1108 1491 1194 1526 gratia
1218 1491 1266 1525 fit;
1294 1495 1322 1518 et
1341 1491 1384 1518 vel
1412 1491 1500 1526 ipsum
1531 1498 1592 1518 cum
1610 1489 1756 1524 Unigenito

970 1536 1135 1571 conjungere
1151 1541 1280 1571 tanquam
1298 1536 1399 1563 unione
1411 1535 1561 1563 secundum
1574 1534 1759 1562 substantiam-

971 1581 1102 1609 reddente
1118 1585 1213 1608 mutuo
1225 1581 1303 1609 alteri
1322 1585 1439 1615 naturae,
1465 1589 1525 1616 quae
1539 1580 1616 1608 alteri
1640 1576 1754 1606 insunt:

970 1631 1017 1654 aut
1030 1628 1091 1662 pios
1106 1635 1166 1654 esse
1181 1635 1236 1654 non
1252 1628 1397 1662 patientes,
1414 1631 1508 1662 aperte
1529 1627 1618 1662 ipsum
1631 1625 1659 1652 in
1678 1633 1752 1653 eum

969 1673 1031 1701 dem
1049 1674 1174 1701 ordinem
1190 1681 1252 1701 cum
1273 1674 1334 1701 aliis
1354 1674 1488 1709 redigere.
1513 1673 1546 1700 At
1565 1673 1593 1700 hi
1614 1673 1641 1699 in
1658 1671 1754 1707 impie-

970 1724 1025 1748 tate
1036 1720 1148 1755 quidem
1162 1727 1216 1747 non
1228 1720 1344 1748 ﬁdenter
1355 1720 1473 1752 audent;
1494 1724 1591 1746 natura
1609 1719 1682 1746 enim
1698 1725 1750 1744 ma-

967 1766 1024 1793 lum
1034 1765 1213 1793 diﬂidentiam
1229 1769 1324 1793 creat:
1338 1766 1481 1793 veritatem
1498 1773 1563 1792 vero
1581 1772 1635 1792 non
1650 1767 1752 1794 amant,

967 1819 1056 1846 neque
1070 1818 1166 1838 rursus
1176 1811 1287 1846 praamia
1301 1810 1401 1846 linguae
1416 1811 1516 1838 dolosae
1531 1814 1666 1838 metuunt.

1001 1857 1103 1885 Verum
1121 1856 1165 1884 isti
1188 1857 1298 1892 quidem
1321 1857 1504 1885 excludantur
1520 1865 1551 1884 ex
1567 1857 1659 1885 divino
1680 1864 1751 1887 cmtu

967 1911 1027 1931 cum
1043 1903 1204 1938 parentibus
1224 1903 1306 1938 hujus
1322 1904 1470 1938 impietatis
1490 1903 1616 1931 Nestorio
1632 1909 1659 1932 et
1680 1905 1750 1936 aliis,

966 1949 1122 1984 quicunque
1139 1948 1214 1976 hunc
1232 1948 1397 1981 docuerunt,
1422 1952 1450 1976 et
1471 1957 1540 1984 quos
1566 1950 1624 1985 ipse
1646 1951 1749 1978 docuit.

965 1994 1082 2023 Unionis
1097 2001 1164 2022 vero
1177 1994 1327 2022 secundum
1343 1994 1523 2022 substantiam
1543 1996 1644 2023 veritas
1654 2004 1750 2032 magna

964 2048 1031 2068 voce
1056 2040 1239 2076 praedicetur;
1265 2043 1293 2067 et
1317 2040 1350 2067 de
1363 2040 1414 2068 hac
1428 2040 1677 2076 philosophandum
1697 2046 1749 2073 est,

965 2091 995 2114 ut
1014 2086 1065 2121 ipsi
1088 2086 1195 2113 veritati
1211 2086 1308 2120 placet.
1331 2086 1390 2113 Non
1405 2086 1478 2113 enim
1501 2086 1560 2114 levc
1586 2086 1749 2121 periculum,

965 2131 987 2159 si
999 2131 1061 2166 quis
1079 2131 1113 2159 ab
1129 2131 1181 2158 hac
1196 2131 1328 2165 deﬂexus,
1346 2135 1374 2159 et
1387 2132 1511 2159 detortus
1531 2132 1558 2159 in
1581 2133 1749 2161 contrarium

964 2175 1086 2211 quidem,
1114 2175 1220 2211 mquale
1244 2184 1310 2204 vero
1333 2177 1445 2208 malum,
1471 2177 1659 2205 confusionem
1676 2178 1750 2210 dico,

132 2230 213 2257 ριμος
225 2223 242 2257 ὴ
256 2222 371 2257 διαφορά
382 2223 505 2257 γένηται,
520 2223 570 2258 τῆς
587 2223 643 2249 τῶν
654 2223 714 2249 κατ’
731 2223 824 2249 οὐσίαν
841 2223 912 2257 ἡνω-

967 2222 1077 2249 incidat.
1098 2222 1133 2250 Ut
1145 2227 1237 2250 autem
1250 2226 1314 2250 nota
1332 2223 1368 2250 sit
1391 2223 1546 2250 diﬂ‘erentia
1572 2224 1683 2252 unionis
1705 2233 1750 2253 eo-

132 2268 230 2302 μὲνων,
248 2269 294 2294 καὶ
311 2268 348 2303 μὴ
362 2269 539 2304 τρεπομένων
555 2269 621 2303 πρὸς
633 2269 667 2295 τά
682 2269 713 2294 ἐκ
725 2268 775 2303 τῆς
791 2267 914 2300 ἑνώσεως

129 2314 276 2349 τρέπεσθαι
295 2315 443 2348 πεφυκότα,
460 2315 507 2341 καὶ
526 2314 552 2341 τί
569 2315 619 2350 μὲν
642 2315 673 2341 τὸ
698 2316 747 2350 τῆς
778 2315 914 2350 προτέρας

129 2356 208 2391 εἶδος,
223 2358 293 2384 τίδὲ
307 2359 338 2385 τὸ
359 2359 409 2394 τῆς
434 2359 562 2395 δευτέρας
583 2360 766 2395 ἀποτέλεσμα,
794 2360 843 2395 ἤδη
872 2369 914 2394 γι-

128 2402 215 2430 νέσθω
241 2404 258 2438 ὴ
286 2403 426 2438 διαίρεσις.
459 2405 548 2431 Πάντα
571 2405 605 2431 τὰ
630 2405 694 2432 ὅντα
715 2406 848 2440 συνῆπται
864 2405 913 2432 ἀλ-

127 2450 230 2484 λήλοις,
243 2450 304 2480 ταῖς
316 2449 375 2475 καθ’
392 2450 453 2477 ὅλου
466 2451 615 2487 κοινὸτησι,
633 2451 679 2478 καὶ
691 2452 771 2479 πάλιν
785 2452 910 2487 διῄρηται

127 2495 175 2522 ἀπ’
205 2494 327 2530 ἀλλήλων
351 2496 410 2526 ταῖς
436 2495 578 2527 είδοποιοῖς
605 2496 758 2531 διαφοραῖς,
780 2498 826 2524 καὶ
850 2497 910 2524 οὐδὲ

126 2542 188 2572 ταῖς
203 2540 316 2567 ἑνὼσεσι
337 2540 367 2566 τὸ
388 2541 526 2576 ἡνωμένον
542 2541 721 2575 χωρίζουσιν,
740 2542 797 2568 ἀλλ’
817 2543 840 2569 εί
857 2543 909 2578 χρὴ

128 2586 287 2620 παραδόξως
302 2587 389 2612 εἰπεῖν
405 2587 452 2613 καὶ
474 2586 544 2613 κατά
556 2587 618 2618 τοὺς
639 2587 774 2622 Πατέρας,
791 2588 909 2623 ἥνωνται

126 2632 317 2667 διηρημέυως,
346 2632 393 2658 καὶ
420 2632 604 2667 διακέκρινται
629 2633 817 2668 συνημμένως,
845 2634 905 2660 Τῶν

125 2677 153 2704 δὲ
176 2677 298 2703 ένώσεων
317 2678 363 2704 καὶ
382 2677 435 2703 τῶν
455 2677 617 2713 διακρίσεων
635 2677 721 2709 διττὸς
740 2678 850 2711 ὀλόγος.
866 2678 906 2704 Τὰ

126 2723 175 2757 μὲν
194 2724 248 2758 γὰρ
266 2724 366 2758 ἥνωται
384 2724 440 2755 τοῖς
460 2724 552 2756 εἴδεσι,
572 2723 698 2758 διῄρηται
715 2723 743 2749 δὲ
763 2724 823 2754 ταῖς
842 2723 907 2750 ὑπο-

127 2768 250 2794 στάσεσι.
291 2769 332 2795 Τὰ
354 2769 381 2795 δὲ
405 2769 530 2805 διῄρηται
549 2770 606 2801 τοῖς
628 2769 736 2803 εἴδεσιν,
758 2769 859 2804 ἥνωται
878 2769 905 2795 δὲ

159 2856 191 2883 Ἰ
206 2855 270 2884 Cor.
285 2865 321 2890 vi,
342 2859 381 2886 ΓΙ.

963 2273 1023 2293 rum
1033 2274 1094 2301 qua:
1108 2266 1259 2294 secundum
1275 2267 1456 2294 substantiam
1478 2268 1621 2302 uniuntur,
1646 2274 1674 2297 et
1692 2278 1760 2298 non-

961 2317 1103 2340 mutantur
1116 2314 1143 2340 in
1162 2321 1204 2345 ea,
1223 2322 1283 2348 qua:
1301 2321 1334 2341 ex
1351 2314 1462 2344 unione.
1477 2319 1574 2342 natura
1586 2320 1745 2344 mutantur:

961 2363 988 2386 et
1003 2366 1064 2393 qua}
1085 2358 1190 2393 species
1203 2359 1238 2385 sit
1251 2359 1351 2394 prioris
1369 2359 1488 2392 unionis,
1509 2364 1536 2387 et
1557 2361 1619 2395 quis
1633 2361 1748 2390 ctl‘ectus

960 2404 1098 2435 secundae,
1112 2404 1159 2431 ﬁat
1174 2405 1229 2439 jam
1243 2405 1457 2432 divisio.0mnia
1471 2413 1531 2440 qua:
1549 2410 1613 2433 sunt
1630 2407 1746 2443 conjun-

960 2455 1062 2484 guntur
1074 2450 1146 2477 inter
1168 2458 1197 2477 se
1214 2452 1457 2479 communitatibus
1478 2452 1696 2488 universalibus;
1718 2459 1746 2482 et

960 2504 1056 2524 rursus
1069 2496 1157 2524 divisa
1180 2502 1243 2525 sunt
1268 2498 1339 2525 inter
1355 2505 1384 2526 se
1407 2498 1571 2527 diﬂ’erentiis
1599 2500 1744 2535 speciticis.

959 2546 1050 2569 etnec
1064 2542 1214 2570 unionibus
1228 2543 1401 2570 confundunt
1414 2544 1542 2577 divisum;
1565 2553 1654 2581 neque
1672 2547 1744 2574 divi-

958 2588 1082 2616 sionibus
1096 2593 1225 2623 separant
1241 2589 1358 2616 unitum.
1384 2589 1455 2622 Quin
1471 2590 1562 2625 potius
1588 2591 1611 2618 si
1637 2597 1745 2626 oportet
1769 2622 1775 2628 ,

958 2634 1032 2668 loqui
1051 2640 1151 2668 prteter
1171 2634 1327 2669 opinionem
1343 2635 1414 2670 vulgi
1429 2639 1457 2662 et
1469 2636 1620 2664 secundum
1637 2637 1743 2671 Patres,

959 2680 1035 2706 unita
1050 2685 1115 2706 sunt
1128 2679 1233 2712 divise;
1251 2685 1277 2707 et
1288 2680 1375 2707 divisa
1391 2681 1476 2708 unite.
1491 2681 1628 2709 Unionum
1639 2687 1742 2714 autem.

958 2729 986 2752 et
1013 2725 1178 2753 divisionum
1202 2725 1303 2761 duplex
1326 2730 1366 2753 est
1389 2727 1467 2754 ratio.
1490 2727 1548 2755 Alia
1571 2727 1642 2755 enim
1668 2729 1742 2756 unita

959 2769 1069 2804 quidem
1085 2774 1149 2798 sunt
1165 2771 1329 2806 speciebus;
1350 2772 1435 2800 divisa
1458 2780 1524 2800 vero
1540 2772 1740 2808 liypostasibus.
