1973 3098
201 115 268 147 1303

834 118 990 148 LEONTII
1006 119 1208 149 BYZANTINI

1758 113 1835 146 1304

199 171 259 197 Atia
269 169 358 197 divisa
370 173 434 198 sunt
447 170 602 205 speciebus,
613 170 688 198 unita
701 177 765 197 vero
774 169 983 205 li-ypostasibus:

1049 173 1097 203 ἀῖς
1108 172 1274 199 ὑποστάσεσι
1286 180 1292 186 ”
1308 171 1353 198 καὶ
1363 169 1572 206 τῶνὴνωμένων
1590 175 1639 202 μεν
1659 169 1715 199 τοῖς
1734 169 1832 198 εἴδεσι.

199 220 227 242 et
246 222 342 242 eorum
357 223 419 250 quae,
432 215 507 243 unita
524 221 588 244 sunt
603 215 760 250 speciebus,
787 216 875 243 divisa
898 219 989 243 autem

201 261 404 296 hypostasibus,
426 262 525 296 partim
551 262 704 296 simplicem
722 262 852 289 unionem
869 266 897 289 et
918 262 989 289 divi-

202 307 307 334 sionem
330 306 452 339 habent;
479 308 577 342 partim
599 309 788 343 compositam.
806 308 844 335 De
861 308 894 335 iis
907 308 991 343 igitur

203 360 264 386 qua:
275 352 426 387 simplicem
450 353 551 380 habent
566 353 767 386 habitudinem,
793 362 848 381 non
863 360 992 382 estnunc

166 424 169 426 .
204 398 363 431 dicendum,
385 406 440 426 non
467 400 540 426 enim
564 400 597 426 ad
626 400 804 435 quaestionem
830 405 992 435 pensantem

159 452 162 455 '
205 444 323 478 pertinet
347 445 455 472 illorum
485 453 534 480 per
565 451 656 480 partes
681 446 856 480 explicatio:
890 454 922 474 ac
952 446 993 473 in-

204 490 285 517 terim
306 491 455 518 multorum
472 491 668 526 cognitionem,
696 495 724 519 et
737 492 909 526 disciplinam
927 492 993 518 sub-

202 536 350 572 terfugere.
366 537 419 564 Sed
438 537 471 564 de
484 538 694 565 habitudinibus
711 538 861 565 secundum
877 545 991 572 compo-

201 582 341 614 sitionem,
355 582 382 609 id
395 587 447 614 est,
459 583 669 614 connexionem,
684 583 727 610 vel
741 583 850 618 κρᾶσιν,
859 583 901 609 vel
914 582 993 609 unio-

202 634 274 657 nem.
288 628 330 654 vel
343 622 592 663 quomodocumque
605 637 705 656 vocare
719 628 993 656 libetsubstantiales

202 673 379 701 habitudines
388 682 484 702 eorum
497 683 558 710 qum
568 675 684 703 diversa:
695 675 798 710 speciei
809 678 883 706 sunt,
896 674 993 701 dicen-

203 717 268 744 dum
300 719 381 746 nobis
404 724 464 753 est,
488 721 598 756 rejectis
622 721 655 747 ad
677 728 725 747 eos
746 721 793 754 qui
814 719 848 747 de
872 719 994 746 nomini-

202 763 254 790 bus
286 767 414 797 certant,
435 765 682 800 significationibus
715 766 801 800 magis
830 764 992 795 manifestis,

1041 218 1212 253 διῃρημένων
1239 218 1267 244 δὲ
1301 219 1362 249 ταῖς
1392 215 1575 245 ὑποστάσεσι,
1599 214 1633 240 τὰ
1662 214 1710 249 μὲν
1740 214 1834 249 ἁπλῆν

1042 264 1099 299 ἔχει
1113 264 1162 299 τὴν
1187 263 1284 290 ἕνωσίν
1303 272 1332 289 τε
1360 262 1406 289 καὶ
1423 262 1472 297 τὴν
1491 260 1639 295 διάκρισιν,
1661 261 1695 286 τὰ
1713 259 1742 286 δὲ
1766 259 1835 285 σύν-ι
1859 288 1864 297 Δ

1043 308 1272 344 θετον.11ερ“ιμὲν
1284 306 1330 335 οὖν
1349 308 1402 334 τῶν
1425 306 1514 340 ἁπλῆν
1533 305 1649 341 ἐχόντων
1669 304 1718 339 τὴν
1739 304 1834 339 διττὴν

1045 355 1147 389 σχέσιν,
1167 354 1202 380 τὰ
1216 353 1263 380 νῦν
1288 354 1377 387 λέγειν
1390 352 1512 386 ἀφείσθω
1526 360 1532 366 “
1546 352 1576 377 οὐ
1594 350 1648 385 γὰρ
1663 352 1711 385 τῆς
1725 349 1834 384 παρού-

1045 409 1094 435 σης
1108 399 1230 434 σκέψεως
1244 400 1261 433 ἡ
1276 399 1387 426 ἐκείνων
1400 399 1439 430 εἰς
1459 398 1492 424 τὰ
1515 396 1587 423 κατὰ
1611 396 1692 430 μέρος
1707 395 1835 427 ὲξάπλω-

1044 454 1097 477 σις,
1119 446 1165 471 καὶ
1188 445 1274 476 ἄλλως
1300 444 1350 479 τὴν
1377 443 1431 469 τῶν
1453 442 1558 468 πολλῶν
1578 440 1734 475 διαφεύγειν
1762 441 1837 474 γνῶ-

1042 491 1083 517 σίν
1112 499 1142 516 τε
1169 490 1217 516 καὶ
1249 489 1376 525 μάθησιν.
1393 482 1471 525 ¹Περὶ
1481 488 1509 514 δὲ
1527 487 1581 514 τῶν
1605 487 1674 513 κατὰ
1695 486 1835 516 σύνθεσιν,

1042 535 1125 570 ἦγουν
1159 533 1327 568 συμπλοκὴν,
1352 532 1368 567 ἣ
1391 533 1499 566 κρᾶσιν,
1525 532 1542 566 ἦ
1573 531 1688 563 ἕνωσιν,
1713 531 1729 566 ἢ
1758 531 1836 562 ὅπως

1041 579 1107 606 ποτὲ
1134 579 1210 613 φίλον
1238 578 1340 610 καλεῖν,
1369 577 1416 608 τὰς
1438 576 1577 608 οὺσιώδεις
1597 576 1650 602 τῶν
1673 575 1836 610 ὲτεροειδῶν

1043 625 1149 660 σχέσεις
1174 623 1283 650 λεκτέον
1306 623 1392 658 ἡμῖν,
1420 623 1477 653 τοῖς
1501 621 1718 656 ὁνοματομάχοις
1746 629 1835 646 κατα-

1042 669 1150 696 λιποῦσι
1165 669 1224 701 τὰς,
1246 668 1283 700 ὡς
1305 668 1381 694 αὑτοὶ
1402 667 1570 702 νομίζουσιν,
1584 666 1837 703 ὲμφαντικωτέρας

1042 713 1242 750 ἦκυριωτέρας
1262 712 1314 738 τῶν
1331 711 1485 748 σημασιῶν.
1515 712 1552 738 Οὑ
1575 711 1628 746 γὰρ
1651 710 1765 744 ἐκλογῆς
1788 709 1835 736 λὲ-

1044 759 1111 793 ξεων
1123 760 1189 794 ἡμῖν
1205 758 1286 793 σχολὴ
1302 758 1348 784 ἐπὶ
1363 757 1393 784 τὸ
1408 759 1477 783 νοεῖν
1492 757 1689 791 ἐπειγομένοις.

201 814 249 836 aut
262 811 348 846 magis
366 812 494 847 propriis,
511 817 542 839 ut
556 812 606 847 ipsi
622 815 728 847 putant.
744 812 804 839 Non
819 813 892 838 enim
912 811 992 838 nobis
1007 812 1086 836 vacat
1101 806 1134 834 ad
1150 805 1304 841 eligendum
1320 811 1413 837 voces,
1429 804 1475 838 qui
1490 803 1523 830 ad
1541 802 1746 837 intelligendum
1761 808 1837 836 pro—

202 864 343 889 pcramus.

238 904 340 930 Eorum
358 903 441 938 igitur
458 911 518 938 qua:
533 903 752 930 substantialiter
765 907 839 935 sunt,
853 906 881 929 et
896 909 994 929 secun—

1082 899 1143 926 Τῶν
1157 899 1246 926 τοίνυν
1257 897 1396 929 οὑσιωδῶς
1410 897 1588 932 ὑπαρχόντων
1605 895 1652 921 καὶ
1668 893 1729 920 κατ’
1739 894 1837 920 οὐσίαν

203 950 269 976 dum
281 949 462 976 substantiam
477 949 623 982 uniuntur,
639 948 739 983 partim
752 948 836 976 etiam
849 947 876 974 in
890 947 992 974 unione

204 999 315 1022 servant
334 995 472 1030 propriam
491 995 627 1022 rationem
639 995 783 1028 essentiaz;
804 995 905 1030 partim
924 1001 993 1021 con-

205 1040 372 1072 fundunt,et
382 1040 484 1067 laedunt
495 1047 527 1066 ac
540 1040 648 1071 tollunt,
664 1039 737 1074 quod
754 1047 892 1067 summum
911 1039 993 1066 estin

204 1085 299 1111 "nilis.
316 1085 441 1112 Priorum
470 1085 553 1120 igitur
577 1085 721 1117 habitudo,
747 1093 808 1120 quae
831 1085 902 1112 inter
930 1085 988 1119 ipsa

205 1135 232 1157 et
247 1130 355 1164 in-ipsis
375 1131 509 1162 cernitur,
522 1138 608 1157 unum
622 1130 733 1165 quidem
746 1138 780 1158 ex
792 1130 916 1165 utrisque
931 1137 994 1164 per-

206 1176 273 1208 licit,
285 1181 322 1208 et,
341 1181 371 1203 ut
385 1177 425 1204 ita
443 1176 544 1210 dicam,
571 1176 742 1204 demonstrat
764 1184 851 1203 unum
877 1183 994 1203 numero

205 1230 275 1254 esse,
301 1227 329 1248 et
357 1230 389 1249 ea
413 1221 598 1250 (litl‘erenliam
628 1222 756 1250 essentiw
777 1222 805 1249 in
824 1222 883 1258 ipsa
897 1222 995 1250 eadem

208 1267 311 1293 unitate
325 1273 435 1294 servare
449 1276 455 1294 :
476 1271 559 1302 atque
574 1267 656 1302 hujus
673 1267 712 1294 rei
727 1267 884 1301 exemplum
900 1267 947 1300 sit,
966 1267 994 1294 in

206 1313 370 1339 animalibus
390 1313 501 1347 quidem
524 1313 606 1340 homo
630 1317 737 1340 natura:
753 1317 870 1345 nostrze;
887 1313 914 1339 in
930 1313 997 1340 sim<

206 1357 327 1392 plicihus
344 1363 446 1389 autem,
467 1363 515 1385 aut
527 1359 690 1393 corporibus
711 1359 884 1386 naturalibus
900 1360 995 1385 eorum

208 1403 450 1437 qnzeluypostasim
475 1403 588 1436 habent,
619 1407 648 1431 et
662 1411 711 1438 per
736 1411 765 1431 se
790 1411 849 1431 esse
870 1407 997 1438 possunt,

208 1449 270 1475 talis
301 1448 434 1475 habitudo
465 1449 538 1476 inter
565 1449 633 1484 ipsa.
662 1449 707 1481 Ut,
736 1449 814 1476 verbi
835 1449 943 1484 gratia.
969 1449 997 1476 in

208 1492 334 1526 lampade
352 1492 417 1519 licet
440 1500 572 1526 cernere;
591 1492 665 1520 aliud
692 1492 765 1519 enim
796 1497 838 1520 est
865 1493 998 1525 lucerna,

209 1537 283 1564 aliud
312 1545 409 1565 rursus
433 1538 586 1565 substantia
607 1538 678 1573 ignis
705 1538 853 1565 ﬂammea:
874 1538 945 1565 inter
968 1546 998 1566 se

1043 945 1207 980 ἐνουμένων,
1231 945 1265 970 τὰ
1283 944 1334 978 μὲν
1351 944 1402 969 κὰν
1424 944 1457 977 τῇ
1473 941 1568 968 ἑνώσει
1586 939 1667 971 σώζει
1693 939 1739 965 τὸν
1769 939 1837 966 ἴδιον

1043 991 1092 1025 τῆς
1107 990 1251 1025 ὑπάρξεως
1264 989 1355 1023 λόγον,
1366 988 1402 1014 τὰ
1415 988 1443 1014 δὲ
1460 988 1602 1022 συγχεῖται
1616 986 1663 1012 καὶ
1676 986 1837 1019 ἐξαφανίζει

1042 1038 1091 1072 τὴν
1101 1037 1240 1072 ἀκρότητα
1252 1035 1307 1062 τῶν
1322 1033 1468 1069 ἡνωμένων
1482 1032 1679 1067 λυμαινόμενα.
1702 1031 1763 1057 Τῶν
1788 1028 1838 1057 οὖν

1044 1084 1183 1119 προτέρων
1195 1084 1212 1116 ἡ
1221 1082 1280 1116 μετ’
1289 1081 1409 1117 ἀλλήλων
1424 1081 1471 1107 καὶ
1482 1081 1510 1106 ὲν
1522 1079 1647 1114 ἀλλήλοις
1661 1077 1838 1113 θεωρουμένη

1045 1129 1147 1164 σχέσις,
1166 1128 1194 1154 ἓν
1211 1128 1260 1163 μέν
1276 1137 1301 1154 τι
1317 1126 1346 1158 ἐξ
1363 1126 1527 1161 ἀμφοτέρων
1558 1124 1694 1156 ἀποτελεῖ,
1721 1123 1769 1148 καὶ
1797 1122 1838 1152 ὡς

1044 1175 1076 1201 ἂν
1104 1183 1145 1206 τις
1173 1175 1261 1206 εἴποι,
1292 1174 1321 1200 ἓν
1350 1172 1419 1200 εἶναι
1447 1171 1485 1206 τῷ
1511 1170 1620 1206 ἀριθμῷ
1646 1168 1837 1198 ἀποδείκνυσι,

1030 1215 1074 1247 “τδ
1089 1221 1216 1255 διάφορον
1236 1219 1366 1251 σώζοντα·
1384 1218 1435 1253 τῆς
1455 1215 1600 1247 ὑπάρξεως
1625 1215 1654 1240 ὲν
1674 1213 1714 1248 τῷ
1743 1211 1838 1246 ταυτῷ

1045 1267 1095 1301 τῆς
1109 1266 1236 1301 ἐνὸτητος
1246 1274 1253 1281 ·
1270 1265 1318 1292 καὶ
1334 1264 1430 1290 τούτου
1443 1262 1632 1297 παράδειγμα,
1647 1261 1675 1286 ἐν
1691 1259 1739 1293 μὲν
1757 1257 1840 1289 ζώοις

1046 1313 1060 1338 ὁ
1075 1313 1135 1339 καθ’
1154 1313 1228 1347 ἡμᾶς
1245 1311 1397 1348 ἄνθρωπος,
1414 1311 1442 1335 ἐν
1452 1309 1481 1335 δὲ
1492 1309 1548 1339 τοῖς
1562 1306 1658 1336 ἁπλοῖς
1677 1305 1693 1340 ἢ
1709 1303 1839 1348 φυσιτιοῖς

1048 1359 1173 1394 σώμασιν
1190 1359 1206 1394 ἡ
1227 1358 1280 1384 τῶν
1297 1347 1509 1383 αὐθυποστάτων
1525 1353 1572 1379 καὶ
1585 1351 1646 1379 καθ’
1664 1350 1748 1377 ἑαυτὰ
1767 1347 1838 1376 εἶναι

1047 1392 1206 1439 δυναμένων
1221 1402 1288 1438 πρὸς
1305 1401 1409 1436 ἄλληλα
1432 1399 1497 1429 ποιᾲ
1518 1397 1621 1433 σχέσις.
1650 1392 1712 1422 Οἴον
1730 1394 1768 1426 ὡς
1791 1393 1840 1420 ἐπὶ

1048 1450 1188 1485 λαμπάδος
1202 1448 1259 1475 ἐστι
1277 1447 1426 1481 θεωρῆσαι·
1443 1445 1508 1472 ἄλλο
1524 1444 1572 1479 μὲν
1587 1442 1643 1478 γάρ
1665 1441 1691 1467 τί
1715 1441 1791 1466 ἐστιν
1821 1440 1840 1475 ἡ

1044 1495 1283 1531 ορυαλλὶς,ἓτερον
1297 1494 1325 1521 δὲ
1350 1494 1431 1521 πάλιν
1457 1490 1640 1528 ή.φλογώδης
1669 1487 1717 1515 τοῦ
1750 1488 1841 1522 πυρὸς

1050 1542 1129 1570 οὐσία
1142 1550 1150 1558 ·
1178 1542 1227 1568 σὺν
1250 1540 1376 1576 ἀλλήλοις
1388 1539 1417 1565 δὲ
1432 1538 1478 1565 καὶ
1498 1538 1527 1563 ὲν
1539 1536 1664 1571 αλλήλοις
1678 1534 1753 1565 ὄντα,
1773 1533 1841 1568 μίαν

211 1588 314 1614 autem,
334 1588 362 1609 et
385 1582 414 1610 in
446 1583 546 1617 seipsis
580 1584 657 1610 unita
686 1591 768 1610 unam
792 1583 897 1610 faciunt
917 1583 997 1610 ambo

1050 1588 1200 1623 πεποίηκεν
1214 1587 1358 1623 ἀμφότερα
1373 1584 1513 1620 λαμπάδα.
1531 1583 1586 1609 Καὶ
1605 1582 1642 1613 ὠς
1669 1581 1702 1608 ἄν
1727 1588 1770 1610 τις
1792 1579 1841 1606 ἐκ·

213 1630 375 1663 lampadem.
397 1630 432 1657 Ut
450 1630 472 1656 si
488 1630 550 1664 quis
564 1629 648 1663 dicat,
672 1629 724 1656 etsi
741 1628 841 1656 durum
860 1628 997 1660 videatur,

211 1675 282 1710 ignis
299 1680 340 1702 est
351 1675 629 1710 ligneus;etlignum
646 1675 779 1710 igneum:
804 1681 833 1702 et
858 1675 911 1702 hoc
935 1674 999 1709 qui~

212 1721 273 1747 dem
287 1721 460 1755 participavit
472 1721 644 1756 splendorem
659 1720 731 1756 ignis
744 1729 752 1753 ',
766 1720 812 1747 ille
831 1727 907 1752 vero,
918 1719 945 1746 id
958 1723 1000 1747 est

213 1768 292 1801 ignis,
309 1772 446 1794 terrenam
469 1767 679 1794 crassitudinem
711 1774 744 1793 ex
773 1766 848 1799 face;
876 1770 903 1793 et
929 1766 998 1793 alte-

212 1820 272 1839 rum
296 1812 375 1839 alteri
393 1812 513 1839 reddidit
531 1813 652 1840 vicissim
679 1812 820 1844 idiomata,
838 1820 899 1839 cum
919 1812 1000 1839 ambo

213 1859 315 1893 alioqui
335 1858 363 1885 in
390 1859 558 1893 proprietate
584 1866 634 1885 sua
658 1857 727 1890 lixa,
752 1861 781 1885 et
804 1865 858 1884 non
887 1857 1000 1884 confusa

214 1909 353 1931 maneant.

250 1951 334 1978 Nemo
349 1956 415 1977 vero
432 1950 503 1977 male
525 1949 640 1977 feriatus
660 1954 688 1976 et
705 1949 761 1976 otio
778 1949 894 1976 abutens
910 1956 1002 1976 exem-

214 1998 289 2030 plum
317 2000 429 2030 carpat,
456 1995 479 2022 si
503 1994 569 2030 quid
592 1995 724 2022 dissimile
745 1995 838 2027 habet,
861 1994 1002 2030 proferens

214 2044 316 2073 oleum,
338 2041 411 2076 quod
428 2041 455 2067 in
470 2041 522 2068 hac
535 2041 638 2068 unione
652 2041 774 2068 medium
785 2045 837 2072 est,
853 2045 901 2067 aut
914 2040 1003 2075 quali-

214 2093 298 2115 tatem
318 2088 370 2115 olei
384 2087 544 2123 subjectam,
570 2093 618 2115 aut
629 2095 684 2115 non
701 2087 801 2114 durare
818 2087 876 2119 diu,
902 2087 951 2114 sed
974 2087 1002 2114 in

215 2135 335 2160 einen-in
350 2133 437 2168 redigi
450 2141 458 2165 ;
483 2140 589 2159 memor
606 2139 703 2159 eorum
718 2139 779 2166 qua:
789 2136 869 2159 antea
884 2131 1003 2159 diximus

216 2178 249 2204 de
266 2178 402 2212 exemplo,
415 2177 487 2204 etde
498 2178 558 2213 ejus
568 2177 747 2210 definitione;
767 2177 863 2204 cadent
885 2177 1003 2212 reperiri

214 2229 306 2258 potest
322 2224 388 2250 unio
401 2223 470 2258 ignis
492 2231 555 2250 cum
579 2231 662 2256 aere;
688 2227 716 2250 et
732 2223 803 2250 aeris
831 2231 893 2250 cum
913 2230 1001 2258 aqua:

216 2270 309 2297 nutatio
322 2269 395 2296 enim
410 2276 487 2303 aqua:
501 2276 564 2295 eum
579 2272 652 2296 terra
672 2268 792 2303 speciem
813 2268 923 2303 attingit
937 2275 1002 2295 con—

217 2315 379 2342 fnndentem
401 2314 552 2347 unionem;
586 2319 774 2348 prazparatque
803 2314 946 2346 humidis,
974 2317 1002 2340 et

219 2362 360 2392 tenuibus,
377 2359 522 2395 praecipuis
537 2366 602 2386 vero
618 2359 770 2386 secundum
785 2359 1004 2386 immutationem

218 2408 396 2442 qualitatum,
431 2410 458 2434 et
485 2405 665 2432 variationem
685 2412 719 2431 ex
742 2408 837 2432 mutua
860 2404 1005 2431 aﬂectioue

220 2454 451 2486 proﬁciscentem.
478 2452 614 2479 Praetereo
637 2450 711 2478 enim
747 2449 838 2477 dicere
862 2449 1006 2484 qualitates

222 2507 290 2530 quae,
309 2499 443 2534 srparatis
467 2496 638 2529 substantiis,
655 2503 844 2531 srepenumero
877 2495 950 2522 inter
977 2502 1005 2522 se

220 2549 285 2571 sunt
310 2545 395 2572 unita:
417 2545 476 2572 sine
498 2543 645 2574 mistione;
662 2542 733 2569 sicut
748 2541 889 2568 stellarum
909 2540 1005 2567 lucen-

221 2594 288 2618 mnn
307 2592 466 2626 splendores
488 2592 559 2618 inter
574 2599 603 2618 se
624 2594 727 2616 etcum
742 2596 804 2615 aere
828 2588 920 2620 unitae,
948 2595 1007 2615 ser-

219 2642 285 2663 vant
302 2637 495 2671 proprietatem
508 2637 603 2671 quanti
619 2637 646 2663 in
660 2635 733 2669 quali
746 2643 752 2660 :
769 2634 940 2662 demonstrat
952 2633 1005 2660 hoc

221 2693 276 2715 ars,
301 2692 361 2718 quae
383 2688 486 2710 natum
507 2688 549 2710 est
568 2683 710 2710 imitatrix.
737 2681 765 2709 Si
784 2681 846 2716 quis
868 2680 960 2715 igitur,
975 2682 1006 2705 ut

223 2737 337 2764 magnus
351 2729 497 2765 Dionysius
509 2729 557 2760 ait,
572 2729 670 2755 multas
685 2728 757 2755 iaces
767 2733 896 2754 accensas
909 2725 938 2752 in
953 2732 1006 2752 una

225 2783 306 2802 «omo
321 2774 454 2806 includat,
478 2774 577 2801 deinde
604 2781 686 2801 unam
717 2781 749 2801 ex
768 2772 898 2800 omnibus
909 2771 1008 2798 educat

230 2825 242 2840 τι
257 2818 438 2850 domn,simul
459 2818 544 2844 exibit
559 2826 620 2844 cum
633 2819 683 2845 hac
698 2823 724 2845 et
744 2818 835 2845 lumen
853 2815 1006 2851 proprium,

1050 1633 1214 1668 ϐιασάμενος
1230 1632 1313 1662 εἴποι,
1330 1630 1385 1665 πῦρ
1405 1632 1479 1656 ἐστιν
1506 1627 1688 1662 ἑξυλωμένον,
1706 1625 1751 1652 καί
1762 1624 1841 1657 ξύλον

1050 1676 1293 1713 ἐμπεπρησμένον,
1306 1675 1352 1701 καὶ
1369 1674 1398 1700 τὸ
1415 1674 1463 1709 μὲν
1478 1673 1528 1707 τῆς
1543 1671 1590 1698 τοῦ
1610 1670 1698 1705 πυρὸς
1723 1669 1842 1703 μετέσχε

1050 1724 1249 1759 λαμπρότητος,
1263 1722 1294 1748 τὺ
1307 1721 1335 1747 δὲ
1346 1721 1396 1755 τῆς
1417 1719 1487 1746 κατὰ
1501 1718 1550 1752 τὴν
1571 1718 1636 1753 δᾷδα
1656 1715 1841 1748 κεκοινώνηκε

1049 1769 1165 1803 γεώδους
1181 1767 1345 1801 παχύτητος,
1361 1766 1409 1792 καὶ
1425 1763 1583 1791 ἀντιδέδωκε
1610 1763 1724 1797 Θάτερον
1734 1760 1843 1795 θατέρῳ

1050 1816 1103 1842 τῶν
1120 1813 1283 1849 ἰδιωμάτων,
1295 1814 1323 1838 ὲν
1336 1813 1370 1847 τῇ
1385 1810 1493 1846 μονίμῳ
1507 1809 1611 1836 ἑαυτῶν
1627 1809 1672 1834 καὶ
1691 1805 1842 1841 ἀσυγχύτῳ

1052 1861 1162 1896 ἰδιότητι
1179 1859 1316 1895 μείναντα.

1086 1947 1188 1982 Μηδεὶς
1204 1946 1233 1974 δὲ
1249 1944 1413 1980 κακόσχολος
1426 1943 1506 1970 πάλιν
1523 1941 1704 1976 λαμϐανέσθω
1721 1940 1769 1967 τοῦ
1785 1949 1842 1967 πα-

1054 1993 1246 2030 ραδείγματος,
1257 1992 1315 2018 εἴτι
1323 1992 1450 2025 ἀνόμοιον
1462 1989 1529 2023 ἔχοι,
1538 1989 1568 2015 τὸ
1581 1988 1672 2014 ἔλαιον
1684 1987 1845 2023 προφέρων,

1051 2039 1082 2066 τὸ
1100 2037 1242 2073 μεσιτεῡον
1256 2037 1290 2071 τῇ
1307 2034 1410 2062 τούτων
1426 2033 1522 2060 ἐνώσει
1534 2053 1541 2066 ,
1559 2031 1576 2067 ἧ
1593 2031 1641 2066 τὴν
1658 2031 1845 2065 ὑποκειμένην

1053 2083 1168 2119 ἐλαιώδη
1187 2080 1353 2116 ποιότητα,ἢ
1368 2079 1398 2105 τὸ
1410 2078 1447 2114 μὴ
1457 2079 1577 2114 διαρκεῖν
1592 2077 1641 2103 ἐπὶ
1657 2076 1762 2112 χρόνον,
1776 2076 1845 2102 ἀλλὰ

1053 2129 1230 2165 τεφροῦσθαι,
1255 2125 1434 2162 μνημονεύων
1453 2121 1490 2151 ὧν
1515 2123 1671 2159 ἔμπροσθεν
1691 2123 1845 2158 εἰρήκαμεν

1054 2176 1119 2211 περὶ
1138 2174 1362 2209 παραδείγματος
1386 2171 1433 2197 καὶ
1450 2169 1498 2196 τοῦ
1516 2171 1577 2196 κατ’
1603 2168 1685 2195 αὑτοῦ
1712 2169 1777 2203 ὅρου
1791 2176 1798 2182 ·
1827 2169 1842 2202 ἡ

1054 2220 1076 2248 δ’
1090 2220 1158 2254 αὐτὴ
1172 2219 1205 2245 ἂν
1220 2217 1344 2253 εὑρεθείη
1362 2216 1409 2242 καὶ
1426 2215 1512 2251 πυρὸς
1539 2214 1608 2250 πρὸς
1636 2215 1705 2248 ἀέρα
1723 2213 1843 2248 σύγκρα-

1056 2275 1108 2298 σις,
1122 2266 1168 2292 καὶ
1183 2265 1262 2299 ἀέρος
1278 2262 1345 2297 πρὸς
1360 2261 1431 2296 ὕδωρ
1448 2269 1454 2274 ·
1475 2262 1490 2296 ἡ
1507 2261 1562 2295 γὰρ
1583 2259 1678 2290 ὕδατος
1701 2259 1768 2294 πρὸς
1791 2259 1842 2293 γῆ)

1056 2311 1170 2348 μὲξις,ἣ
1187 2309 1220 2345 δὴ
1248 2309 1294 2335 τοῦ
1322 2306 1485 2342 συγχυτικοῦ
1505 2307 1553 2340 τῆς
1579 2305 1700 2336 ἑνώσεως
1727 2306 1841 2331 ἅπτεται

1055 2358 1154 2388 εἴδους,
1167 2355 1327 2383 ὁδοποιοῦσα
1341 2355 1398 2386 τοῖς
1415 2354 1508 2388 ὑγροῖς
1532 2361 1562 2378 τε
1580 2353 1627 2378 καὶ
1649 2351 1841 2386 λεπτομερέσι,

1055 2403 1193 2438 διαφόροις
1207 2402 1234 2428 δὲ
1251 2400 1319 2427 κατὰ
1336 2399 1384 2432 τὴν
1402 2399 1455 2425 τῶν
1469 2399 1620 2433 ποιοτήτων
1636 2397 1784 2431 ἐξαλλαγὴν
1796 2396 1843 2431 τὴν

1056 2451 1088 2476 ἐκ
1117 2451 1166 2484 τῆς
1199 2446 1455 2481 ἀντιπεπονοήσεως
1486 2444 1633 2478 γινομένην
1661 2443 1716 2468 τῶν
1752 2444 1844 2477 ἄκρων

1058 2494 1209 2531 μεταϐολὴν
1225 2494 1270 2520 καὶ
1288 2491 1439 2519 ἀλλοίωσιν.
1463 2490 1587 2526 Παρίημι
1603 2489 1660 2524 γὰρ
1674 2489 1724 2519 τὰς
1738 2489 1845 2522 ποιότη.

1056 2551 1104 2573 τας
1120 2541 1219 2575 λέγειν,
1236 2539 1265 2566 αῖ
1282 2539 1330 2565 καί
1346 2537 1400 2564 τῶν
1420 2536 1526 2568 οὑσιῶν,
1538 2534 1761 2570 κεχωρισμένων,
1782 2534 1845 2559 πολ-

1056 2589 1135 2619 λάκις
1150 2588 1177 2613 ἐν
1193 2585 1320 2620 ἀλλήλαις
1332 2592 1362 2610 τε
1376 2584 1507 2616 γίνονται,
1521 2581 1568 2607 καὶ
1577 2579 1686 2615 ἀμιγῶς
1698 2579 1846 2615 συνάπτον-

1058 2643 1102 2661 ται
1120 2641 1127 2648 ⁸
1144 2633 1238 2666 ὥσπερ
1254 2630 1307 2658 τῶν
1319 2630 1472 2664 φωσφόρων
1487 2628 1594 2662 ἄστρων
1609 2627 1636 2652 αἱ
1653 2624 1845 2660 μαρμαρυγαὶ,

1060 2678 1187 2714 ἀλλήλαις
1206 2686 1236 2703 τε
1258 2677 1306 2702 m‘t
1328 2674 1389 2709 ἀέρι
1407 2673 1569 2708 κιρνάμεναι
1587 2671 1704 2702 σώζουσι
1719 2669 1767 2704 τὴν
1787 2669 1846 2695 ἰδιό-

1061 2733 1130 2759 τητα
1146 2723 1191 2750 τοῦ
1212 2723 1240 2748 ἐν
1261 2721 1300 2755 τῷ
1315 2719 1385 2754 ποιῷ
1402 2717 1485 2745 ποσοῦ
1503 2726 1510 2732 ”
1530 2716 1680 2751 παρίστησι
1693 2715 1721 2740 δὲ
1738 2714 1817 2740 τοῦτο
1831 2714 1847 2748 ἡ

1061 2771 1154 2806 τέχνη,
1170 2769 1219 2804 τῆς
1242 2767 1348 2802 φύσεως
1361 2763 1428 2791 οὖσα
1456 2764 1602 2798 μιμητική.
1620 2761 1653 2788 [Ξῖ
1679 2760 1704 2795 τ’
1726 2758 1773 2786 οὖν
1795 2768 1847 2790 τις,

1155 2812 1199 2838 τὶν
1225 2811 1310 2846 μέγαν
1324 2808 1470 2840 Διονύσιον,
1486 2806 1586 2837 πολλὰς
1601 2805 1704 2840 ἐξάψας
1719 2804 1803 2840 δᾷδας
1820 2803 1846 2829 ἐν
