1973 3098
131 146 198 180 1305

658 146 807 178 CONTRA
825 145 985 178 NESTOR.
1006 147 1052 176 ET
1071 146 1232 176 BUTYCH.

1684 139 1753 172 1306

129 201 170 227 ἑνὶ
185 200 251 235 οἴκῳ
266 199 462 233 συγκλείσειεν,
480 196 540 225 εἶτα
555 198 619 234 μίαν
633 200 665 226 ὲκ
683 199 779 226 πασῶν
789 199 915 226 ἀποσπά-

971 198 1034 225 aihil
1048 199 1166 225 aliorum
1179 198 1314 226 luminum
1328 197 1380 225 sibi
1395 203 1548 228 assumens,
1564 201 1656 229 neque
1669 194 1750 229 quid-

129 254 178 275 σας
190 245 320 278 ἐξαγάγοι
331 245 378 271 τοῦ
395 245 542 279 δωματίου,
557 245 705 278 συνεξοίσει
717 245 802 280 ταύτῃ
820 245 871 272 καὶ
883 244 913 271 τὸ

129 291 197 325 φῶς,
214 290 274 317 οὔτε
285 299 311 317 τι
326 291 372 317 τοῦ
404 291 469 317 ίδίου
495 291 576 318 πάλιν
598 291 690 322 αὐτοῖς
715 291 913 325 ἀπολιπούσης,

129 337 175 363 καὶ
193 337 253 362 καθ’
269 337 328 363 ὅλου
342 337 435 371 φάναι,
453 336 527 363 οὐδὲν
539 335 592 362 τῶν
608 336 761 371 ἐνουμὲνων
777 337 882 371 τροπὴν
896 336 913 371 ἢ

129 382 260 416 σύγχυσιν
276 382 433 416 ὑφίσταται,
455 381 491 416 μὴ
506 382 566 416 οὐχὶ
581 381 713 416 ἑκατέρου
735 381 789 408 τῶν
803 381 916 416 ὲνουμὲ-

128 435 180 453 νων
197 426 350 460 παθητικὰς
366 427 472 461 ἔχοντος
490 427 645 461 ποιότητας.
663 425 722 452 Τῶν
735 427 790 460 γὰρ
807 426 843 460 μὴ
860 433 914 451 τοι-

129 471 225 503 ούτων,
240 472 256 504 ἡ
274 472 322 505 μὲν
338 472 500 506 δραστήριος
512 472 625 504 ποιήσαι
649 471 693 502 ἂν,
710 473 756 497 καὶ
773 472 802 496 οὐ
821 471 911 496 πάθοι·

131 518 146 551 ὴ
170 516 200 542 δὲ
223 516 371 550 παθητικὴ,
392 517 474 543 πάῦοι
502 517 544 548 ἂν,
561 517 608 542 καὶ
622 517 650 542 οὐ
667 517 794 551 δράσειεν
808 524 814 531 ’
833 513 869 542 ὧν
885 516 913 542 δὲ

130 560 223 591 κοινὸς
233 562 247 587 ὁ
262 561 341 594 λόγος
356 561 402 594 τῆς
414 561 677 595 ἀντιπεπονθήσεως,
688 560 773 586 ταῦτα
783 561 852 586 κατὰ
866 556 928 594 τὴν

129 606 307 640 ἐπικράτειαν
323 605 398 640 ἣτὴν
417 605 553 638 ἰσονομίαν
566 604 621 630 τῶν
635 604 790 630 παθοποιῶν
808 603 913 632 αἰτιῶν,

129 651 178 685 τὴν
195 652 222 676 ἐν
240 651 345 685 Θατέρῳ
362 651 458 685 πάσχει
475 658 505 676 τε
524 650 571 676 καὶ
593 651 676 680 ποιεῖ,
705 650 750 675 ἐπὶ
778 649 868 675 πλεῖον
897 648 914 683 ἢ

129 695 249 722 ἔλαττον.
270 695 378 730 ’Ὠσπερ
393 695 449 729 ἔχει
467 694 513 721 ἐπὶ
530 695 639 721 πάντων
656 695 709 720 τῶν
728 694 846 729 τηκτῶν,
867 694 916 720 καὶ

128 741 183 767 τῶν
204 741 386 774 μεταλλικῶν,
405 741 451 767 καὶ
465 741 514 766 ὅσα
533 742 588 771 τοῖς
602 740 730 775 ίατροίςῆ
747 741 805 770 τοῖς
817 738 916 774 βαναύ-

129 795 186 817 σοις
211 787 358 822 κιρνᾶσθαι
389 787 405 821 ἢ
437 786 619 821 συντήκεσοαι
644 787 715 813 κατὰ
739 786 788 821 τὴν
817 786 915 820 τέχνην

130 833 328 867 μεμηχάνηται.

164 878 272 904 Τούτων
287 878 376 904 τοίνυν
391 877 643 913 προδιεσταλμὲνων
663 878 740 912 ἡμῖν,
752 876 852 903 εἰδέναι
863 876 916 911 χρὴ
931 875 952 903 Β

128 924 169 950 ὅτι
180 924 213 950 τὰ
226 924 275 958 μὲν
289 923 453 950 ἀλλοιωτικὰ
466 923 588 959 ἀλλήλων
603 923 649 949 καὶ
670 922 866 958 μεταῦλητικὰ,
884 924 916 948 ἐκ

129 969 278 995 πολυειδῶν
299 969 346 994 καὶ
360 969 537 1004 ἐτεροουσίων
551 968 716 1000 συνεστῶτα,
733 968 809 994 οὐδὲν
820 967 873 994 τῶν
887 969 916 994 ὲν

129 1015 162 1049 τῇ
181 1013 305 1040 συνθέσει
317 1013 453 1044 ἀποσώζει
470 1012 620 1047 ἀκραιφνὲς
640 1011 708 1046 μετὰ
719 1011 767 1047 τὴν
782 1011 915 1043 σύνθεσιν,

129 1058 198 1085 ἀλλὰ.
211 1059 258 1090 τὰς
274 1059 383 1085 πάντων
404 1058 537 1092 ἰδιότητας
564 1057 665 1091 μίξατα
691 1057 739 1083 καὶ
764 1056 917 1090 συγχέουσα

129 1104 163 1129 ὲκ
177 1104 286 1129 πάντων
303 1103 379 1138 παρὰ
402 1104 500 1134 πάντα,
526 1103 644 1137 ἑτεροῖον
663 1099 732 1132 εἶδος
758 1102 917 1136 πάμμικτον

130 1149 289 1181 ἀπετέλεσε,
306 1150 353 1175 καὶ
369 1149 463 1184 γέγονε
480 1148 585 1175 πολλῶν
600 1148 775 1174 ὑποστάσεων
797 1148 844 1174 καὶ
865 1147 918 1181 φύ-

132 1204 201 1222 σεων
217 1196 286 1221 κατὰ
298 1195 346 1230 τὴν
367 1195 439 1229 μίξιν
458 1195 567 1229 φυρμὸς
584 1195 632 1220 καὶ
647 1195 787 1229 σύγχυσις,
803 1193 865 1220 οὔτε
888 1193 918 1219 τὸ

134 1241 233 1272 ἰδιάζον
249 1241 296 1274 τῆς
313 1241 498 1272 ὑποστάσεως,
511 1240 572 1266 οὔτε
585 1241 614 1266 τὸ
630 1241 717 1267 κοινὸν
741 1240 791 1274 τῆς
811 1240 918 1273 φύσεως

94 1302 96 1304 τ
133 1286 285 1320 φυλάξασα,
303 1285 361 1312 ἀλλ’
384 1285 476 1320 ἕτερον
500 1286 532 1312 ὲκ
556 1286 656 1312 τούτων
685 1286 735 1319 μὲν
761 1286 918 1319 γενόμενον,

131 1331 220 1357 οὐδενὶ
240 1331 267 1357 δὲ
281 1331 379 1356 ταυτὸν
402 1331 448 1364 ἀφ’
466 1327 502 1356 ὧν
530 1331 640 1364 γέγονεν
662 1330 858 1356 ἀποτελὲσασα.
887 1330 918 1355 Εἰ

131 1377 220 1403 τοίνυν
233 1376 327 1410 θεότης
343 1376 391 1403 καὶ
403 1377 578 1412 ἁνθρωπότης
591 1377 650 1403 κατ’
666 1376 759 1402 οὐσίαν
778 1376 918 1402 ἐνωΟεῐσαι

134 1423 172 1458 μὴ
188 1422 350 1457 φυλάττουσι
368 1423 418 1449 κάν
434 1424 465 1458 τῇ
478 1422 573 1449 ὲνώσει
594 1423 644 1457 τὴν
671 1421 776 1448 ἑαυτῶν
802 1421 921 1457 φυσικὴν

134 1468 264 1504 ἰδιότητα.
275 1469 466 1503 συγκέχυιται.
486 1469 532 1494 καὶ
544 1467 606 1494 οὕτε
619 1468 713 1502 θεότης
724 1466 842 1502 ἔμεινεν,
857 1467 919 1494 οὕτε

132 1514 322 1548 ἀνθρωπότης,
337 1514 395 1540 ἀλλ’
412 1513 504 1549 ἕτερον
515 1513 609 1544 οὐσίας
626 1511 695 1544 εἶδος
710 1514 742 1539 ἐκ
758 1513 860 1539 τούτων
871 1521 920 1546 γε·-

132 1560 255 1594 νόμενον,
276 1560 323 1586 καὶ
342 1560 402 1593 οὐχὶ
417 1559 504 1585 ταῦτα
523 1559 644 1593 ὑπάρχον
659 1558 865 1586 ἀποτετέλεκεν.
882 1556 919 1586 Οὖ

132 1604 159 1630 τί
174 1604 206 1630 ἂν
218 1604 324 1638 γένοιτο
335 1604 540 1638 ἀσεϐέστερονῆ
555 1604 764 1638 βδελυκτότερον
775 1603 826 1630 κᾶν
844 1604 919 1630 ἐννο-

133 1651 211 1685 ῆσαι,
244 1652 282 1685 μὴ
309 1651 351 1676 ὅτι
381 1650 546 1684 φρονοῦντας
572 1649 759 1684 δογματίσαι;
790 1650 920 1676 Λείπεται

133 1697 222 1723 τοίνυν
235 1697 267 1722 ἐκ
280 1695 330 1730 τῆς
345 1695 495 1727 ἐξετάσεως
509 1695 554 1721 τοῦ
576 1695 656 1728 λόγου
671 1695 720 1729 τῆς
743 1695 803 1721 κατ’
826 1694 920 1726 οὐσίαν

134 1742 267 1773 ἑνώαεως,
281 1742 332 1775 τῆς
348 1750 378 1767 τε
393 1742 518 1775 θεότητος
532 1741 579 1767 καὶ
589 1741 637 1775 τῆς
650 1740 859 1775 ἀνθρωπότητος
871 1741 920 1775 τὴν

135 1787 287 1822 ἀσυγχυτον
306 1788 435 1821 ἰδιότητα,
450 1787 520 1812 κατὰ
540 1787 574 1812 τὰ
599 1786 720 1821 πρότερα
742 1785 834 1812 λαϐεῖν
857 1786 922 1812 ὑπο-

134 1833 280 1866 δείγματα,
302 1833 425 1868 ὰμυδρὰν
450 1832 479 1858 δέ
497 1840 558 1858 τινα
581 1832 730 1865 φαντασίαν
759 1833 792 1858 ὲκ
813 1831 920 1857 πάντων

134 1879 184 1913 τῆς
200 1878 270 1913 ὑπὲρ
286 1879 376 1904 πάντα
391 1878 520 1912 ἀληθείας
537 1877 756 1912 συλλεγομένοις,
772 1877 832 1912 ἥτις
856 1871 923 1903 dum;

133 1925 284 1955 δείκνυσιν,
297 1924 325 1950 ἒν
341 1924 391 1959 μέν
408 1933 434 1950 τι
458 1924 561 1950 τούτων
589 1921 659 1950 εἶναι
683 1923 713 1949 τὸ
735 1923 920 1958 ἀποτέλεσμα,

134 1971 149 1996 ὃ
165 1971 219 1996 εἴτε
233 1970 388 2005 πρόσωπον,
403 1970 458 1996 εἴτε
479 1970 637 2001 ὑπόστασιν,
655 1969 711 1995 εἴτε
729 1969 839 2004 ἄτομον,
866 1969 921 1995 εἴτε

135 2014 325 2048 ὑποκείμενον,
346 2014 402 2040 εἴτε
427 2022 453 2040 τι
477 2013 540 2040 ἄλλο
567 2013 642 2047 φίλον
667 2013 760 2039 καλεῖν
789 2012 866 2045 αὐτὸ,
890 2013 921 2039 οὐ

134 2061 308 2095 διαφέρομαι.
343 2060 411 2091 Τοὺς
435 2060 489 2094 γὰρ
518 2059 582 2094 ἀξίᾳ
611 2059 628 2095 ἦ
661 2058 798 2094 αὑθεντίᾳ,
823 2059 841 2093 ἥ
869 2067 922 2086 τινι

135 2106 249 2142 τοιαυτῃ
265 2106 356 2142 σχέσει
372 2106 524 2141 διαιρετικῇ
536 2106 581 2132 διὰ
607 2105 652 2131 τοῦ
671 2105 818 2132 συνάπτειν
837 2105 922 2140 χωρί-

136 2152 244 2184 ζοντας.
258 2154 353 2187 πρώην
370 2150 564 2186 ἀπορραπίσας
590 2152 604 2177 ὁ
626 2150 704 2184 λόγος
729 2149 920 2184 ἁποδεδίωχεν,

967 251 1050 278 quam
1077 245 1180 278 proprii
1205 244 1318 272 luminis
1339 251 1435 271 rursus
1456 243 1509 270 illis
1534 241 1640 268 facibus
1668 240 1753 267 relin-

970 285 1079 324 quens;
1105 293 1143 322 et,
1163 294 1196 316 ut'
1214 289 1341 316 universe
1355 289 1455 320 dicam,
1483 287 1552 314 nihil
1574 293 1671 314 eorum
1692 292 1753 320 qua

968 334 1113 366 uniuntur,
1127 333 1305 360 mulationem
1324 338 1371 360 aut
1387 331 1575 360 confusionem
1596 328 1680 359 subit,
1699 327 1752 354 nisi
1786 363 1796 369 η

968 381 1045 414 prius
1058 384 1207 414 utrumque
1224 379 1364 406 unitorum
1378 378 1523 413 qualitates
1544 375 1643 403 haheat
1664 372 1753 408 passi-

967 424 1056 452 biles:
1076 424 1099 451 si
1111 424 1183 451 enim
1199 432 1253 450 non
1270 428 1334 451 sunt
1351 422 1495 458 ejusmodi,
1513 420 1630 456 qualitas
1641 417 1752 452 quidem

969 470 1105 497 elliciendi
1120 470 1277 497 facultatem
1298 470 1413 500 habens,
1430 468 1521 497 faciet.
1540 473 1593 493 non
1613 465 1750 499 patietur:

969 517 1086 550 qualitas
1097 523 1163 542 vero
1178 515 1317 550 passibilis
1329 515 1458 549 patietur,
1477 521 1531 540 non
1553 511 1661 538 eﬂieiet.
1681 509 1754 542 Quo-

968 570 1029 588 rum
1045 566 1136 588 autem
1158 560 1311 587 communis
1337 560 1406 586 ratio
1436 563 1477 585 est
1501 557 1655 592 passionem
1679 554 1753 581 acci-

968 607 1061 642 piendi
1072 611 1100 634 et
1111 607 1254 638 reddendi,
1267 607 1325 633 haec
1339 604 1491 632 secundum
1502 603 1671 630 dominatum
1687 607 1753 626 catl—

969 661 1060 681 sarum
1071 652 1246 680 efﬁcientium
1258 651 1408 686 passiones,
1419 657 1501 684 quem
1513 648 1615 675 habent
1628 647 1656 673 in
1670 646 1753 672 alter-

969 703 1042 730 utro,
1059 703 1107 725 aut
1134 697 1328 732 mqualitatem,
1349 696 1490 730 patiuntur
1507 698 1534 721 et
1556 696 1650 728 agunt.
1677 691 1758 718 Sicut

969 744 1062 772 evenit
1079 743 1107 770 in
1126 743 1266 774 omnibus,
1292 751 1354 776 quae
1371 742 1531 775 liquantur;
1561 743 1590 766 et.
1607 738 1634 765 in
1657 736 1753 765 metal-

969 790 1013 822 lis,
1029 794 1057 817 et
1076 790 1104 816 in
1117 789 1152 816 iis
1168 789 1296 816 omnibus
1307 796 1368 822 qum
1382 787 1480 814 medici
1495 786 1537 812 vel
1550 784 1670 812 artiﬁces
1693 783 1754 817 igne

968 840 1079 864 utentes
1097 835 1274 862 commiscere
1290 838 1318 861 et
1330 834 1435 868 liquare
1451 840 1484 859 ex
1500 836 1558 858 arte
1572 831 1669 857 solent.

1002 881 1049 908 llis
1062 888 1126 915 ergo
1140 880 1219 915 prius
1229 879 1379 910 distinctis,
1393 878 1594 908 scicndumest,
1610 874 1683 910 quod
1694 880 1754 908 quae

966 927 1070 955 habent
1085 926 1140 953 vim
1159 925 1283 953 mutandi
1300 933 1329 952 se
1350 925 1421 951 inter
1443 931 1473 950 se
1497 921 1650 949 constantia
1664 927 1698 947 ex
1713 918 1756 945 di-

967 973 1054 999 versis
1065 971 1221 1006 speciebus,
1235 976 1262 998 et
1274 970 1435 998 substantiis
1448 968 1518 995 nihil
1530 974 1628 1002 purum
1641 965 1667 991 in
1679 971 1756 991 com-

966 1018 1103 1052 positione
1115 1021 1227 1044 servant
1246 1021 1308 1051 post
1323 1015 1553 1049 compositionem
1568 1021 1575 1040 :
1592 1011 1640 1040 sod
1663 1010 1756 1045 potius

967 1071 1012 1091 ars
1026 1063 1203 1098 proprietatis
1219 1062 1342 1089 omnium
1370 1062 1489 1088 miscens
1517 1063 1559 1086 et~
1571 1056 1753 1088 confundens,

967 1117 1002 1140 ex
1014 1108 1142 1135 omnibus
1158 1108 1241 1134 aliam
1257 1111 1356 1142 praeter
1377 1107 1468 1133 omnia
1492 1105 1609 1140 speciem
1638 1111 1671 1129 ex
1697 1106 1755 1128 toto

968 1154 1138 1181 commistam
1156 1153 1278 1180 reddidit
1292 1161 1298 1178 :
1313 1153 1397 1187 ﬁtque
1411 1152 1559 1178 multarum
1572 1150 1755 1184 hypostaseon
1792 1175 1796 1178 ,

968 1205 996 1228 et
1009 1204 1170 1226 naturarum
1192 1198 1348 1226 commistio
1372 1202 1400 1224 et
1416 1195 1539 1224 confusio
1552 1215 1560 1227 ,
1580 1202 1640 1229 qua:
1665 1199 1756 1227 neque

968 1246 1112 1281 proprium
1126 1245 1292 1280 hypostasis,
1310 1251 1399 1278 neque
1413 1249 1558 1269 commune
1575 1244 1680 1266 natura:
1690 1245 1756 1264 cou-

969 1295 1079 1324 servat;
1095 1290 1142 1318 sed
1161 1290 1235 1317 aliud
1252 1298 1285 1317 ex
1301 1289 1345 1316 his
1371 1288 1400 1315 lit
1411 1308 1419 1320 ,
1445 1287 1519 1322 quod
1541 1293 1603 1312 cum
1620 1283 1695 1311 nullo
1709 1289 1756 1310 eo-

970 1345 1031 1363 rum
1044 1344 1077 1363 ex
1091 1336 1193 1371 quibus
1219 1335 1320 1362 factum
1336 1338 1388 1366 est,
1415 1333 1486 1360 idem
1501 1331 1617 1358 exsistit.
1634 1330 1662 1357 Si
1674 1329 1758 1364 igitur

970 1382 1101 1410 divinitas
1110 1386 1138 1409 et
1155 1382 1313 1409 humanitas
1332 1380 1484 1408 secundum
1496 1377 1678 1405 substantiam
1693 1376 1757 1403 uni—

971 1431 1014 1458 tae,
1032 1435 1087 1454 non
1099 1430 1208 1454 servant
1222 1426 1250 1452 in
1262 1425 1365 1452 unione
1381 1432 1458 1451 suam
1471 1422 1623 1450 naturalem
1632 1420 1760 1456 proprie-

971 1477 1071 1505 tatem,
1091 1472 1213 1499 confusa:
1239 1474 1362 1503 sunt;et
1383 1477 1473 1504 neque
1496 1469 1626 1495 divinitas
1646 1466 1758 1497 mansit,

971 1526 1060 1553 neque
1083 1518 1250 1548 humanitas,
1269 1516 1316 1544 sed
1342 1517 1396 1543 alia
1419 1515 1525 1550 species
1541 1514 1703 1542 substantia}
1724 1519 1760 1541 ex

971 1565 1024 1597 bis,
1039 1572 1099 1599 quae
1116 1572 1169 1591 non
1187 1567 1230 1599 est
1247 1563 1298 1591 ista
1309 1571 1371 1597 quae
1387 1562 1464 1589 unita
1476 1566 1551 1592 sunt,
1568 1560 1693 1588 confecta
1705 1561 1758 1585 est.

971 1610 1030 1643 Quo
1052 1610 1118 1644 quid
1135 1617 1196 1637 esse
1209 1613 1300 1643 potest
1311 1608 1398 1644 magis
1414 1608 1538 1642 impium,
1553 1610 1599 1633 aut
1613 1605 1699 1640 magis
1711 1603 1763 1631 de-.

972 1656 1098 1684 testabile
1113 1655 1156 1683 vel
1167 1655 1287 1690 cogitare
1302 1653 1531 1686 tantum,nedum
1544 1651 1647 1679 sentire
1665 1655 1694 1678 et
1707 1650 1759 1677 do-

972 1703 1052 1730 cere?
1078 1701 1224 1735 Reliquum
1245 1700 1332 1735 igitur
1359 1704 1419 1731 est,
1444 1702 1474 1726 ut
1495 1706 1528 1725 ex
1548 1696 1763 1731 investigatione

972 1746 1132 1783 quaestionis
1141 1746 1253 1773 unionis
1263 1745 1417 1772 secundum
1430 1743 1610 1771 substantiam
1621 1747 1648 1768 et
1660 1741 1760 1768 divini-

973 1793 1037 1820 tatis
1060 1795 1088 1819 et
1105 1791 1286 1818 humanitatis
1300 1790 1495 1824 proprietatem
1515 1788 1575 1815 sine
1597 1785 1762 1814 confusione

972 1838 1124 1867 secundum
1137 1836 1263 1870 exempla
1280 1835 1424 1870 superiora
1452 1834 1639 1868 intelligamus
1655 1853 1662 1864 ,
1683 1831 1761 1859 colli-

972 1888 1068 1920 gentes
1079 1891 1112 1910 ex
1126 1882 1255 1909 omnibus
1267 1887 1378 1909 tenuem
1391 1880 1538 1915 quamdam
1553 1879 1699 1914 imaginem
1715 1884 1761 1906 νο-

973 1929 1063 1956 ritatis
1078 1927 1171 1956 omnia
1185 1926 1345 1961 superantis
1358 1946 1364 1958 ,
1389 1933 1450 1960 qum
1478 1925 1651 1952 demonstrat
1672 1929 1758 1950 unum

972 1974 1108 2011 quoddam
1128 1981 1161 2000 ex
1189 1972 1232 1999 his
1257 1971 1345 2003 reddi,
1365 1971 1423 1998 sive
1447 1977 1603 2005 personam,
1627 1968 1684 1996 sive
1711 1967 1761 2002 hy-

971 2019 1114 2056 postasim,
1131 2018 1190 2045 sive
1206 2022 1339 2048 atomum,
1354 2017 1411 2044 sive
1426 2016 1591 2051 subjectum,
1609 2015 1667 2042 sive
1693 2013 1762 2048 quid

972 2065 1044 2093 aliud
1059 2064 1198 2100 appellare
1216 2063 1295 2095 libet,
1310 2070 1365 2089 non
1383 2061 1532 2089 contendo.
1545 2061 1598 2088 Eos
1615 2060 1701 2091 enim.
1712 2059 1760 2094 qui

972 2111 1107 2147 dignitate
1122 2130 1129 2142 ,
1149 2109 1192 2136 vel
1208 2109 1372 2136 auctoritate
1384 2129 1391 2141 ,
1421 2111 1468 2134 aut
1486 2107 1576 2141 aliqua
1603 2105 1760 2141 hujusmodi

973 2156 1138 2184 habitudine
1155 2154 1298 2182 dividente
1322 2153 1476 2188 copulando
1502 2157 1650 2186 separant,
1680 2151 1760 2185 paul)

136 2197 304 2224 ὑποστάσεσι
330 2198 381 2228 τὰς
404 2197 500 2231 φύσεις
531 2196 702 2232 διαιροῦντας
729 2195 851 2230 ἐλέγξας,
875 2197 919 2222 καὶ

974 2207 1036 2230 ante
1049 2200 1200 2236 disputatio
1214 2205 1306 2227 nostra
1320 2199 1460 2230 refutavit,
1478 2202 1505 2224 et
1518 2197 1636 2224 convicit
1648 2201 1761 2224 naturas

138 2242 273 2277 μηδεμίαν
293 2243 436 2270 κοινωνίαν
459 2242 476 2278 ἢ
497 2243 632 2269 ἀντίδοσιν
661 2241 776 2276 ἐχούσας
803 2241 820 2276 ἢ
848 2241 922 2268 ἀντι-

135 2288 206 2314 διδού
211 2297 268 2320 σας.

172 2423 280 2450 Τούτων
293 2424 456 2457 εἰρημένων,
483 2424 553 2449 κατὰ
578 2423 608 2449 τὸ
629 2423 770 2458 δεδομένον
799 2423 865 2458 ἡμῖν
889 2424 920 2449 ἐκ

136 2469 205 2497 Θεοῦ
218 2471 268 2504 τῆς
284 2470 402 2503 νοήσεως
431 2469 527 2504 μικρὸν
560 2470 666 2505 μέτρον,
697 2469 921 2504 παραπέμπομεν

136 2518 182 2543 τὸν
196 2517 393 2552 ἐντυγχάνοντα
410 2517 451 2547 εἰς
467 2517 515 2548 τὰς
542 2517 595 2543 τῶν
624 2517 762 2552 θεηγόρων
790 2518 920 2553 Πατὲρων

136 2563 322 2595 διδασκαλίας,
335 2563 381 2596 ἀφ’
395 2558 432 2588 ὧν
447 2563 493 2588 καὶ
506 2563 586 2597 ἡμεῖς
601 2563 686 2590 ταῦτα
698 2562 868 2597 ἠντληκότες,
883 2564 920 2595 ὡς

138 2609 166 2635 ὲν
187 2608 277 2643 μικρῷ
296 2607 426 2642 κρατῆρι,
441 2607 480 2641 τῷ
497 2607 546 2641 τῆς
563 2608 692 2642 ταπεινῆς
707 2609 784 2643 ἡμῶν
801 2609 919 2638 διανοίας

136 2650 208 2689 λόγῳ
228 2655 334 2682 ποτίσαι
350 2653 555 2688 ἐσπουδάσαμεν
574 2654 635 2684 τοὺς
651 2653 700 2686 τῆς
713 2653 841 2688 ἀληθείας
858 2655 921 2688 ἐρα-

137 2701 213 2731 στάς.
249 2700 345 2736 Ὑμεῖς
362 2701 390 2727 δὲ
416 2700 611 2735 ἐπορεγόμενοι
636 2700 688 2726 ὑπὸ
710 2700 759 2734 τῆς
781 2700 920 2735 ἀληθείας,

136 2747 222 2774 ταῦτα
242 2747 290 2781 μὲν
306 2747 392 2781 ἔχοιτε
413 2747 498 2781 λήθης
525 2746 677 2780 φάρμακον,
704 2745 750 2772 καὶ
780 2745 849 2780 μετὰ
873 2746 922 2781 τὴν

138 2791 293 2818 τελευταίαν
308 2793 442 2827 ἐκδημίαν
460 2792 537 2827 ἡμῶν
561 2791 671 2826 ἀγάπης
696 2791 854 2826 ὑπόμνημα,
883 2791 920 2823 ὡς

138 2836 172 2864 ἂν
185 2837 221 2872 μὴ
238 2837 277 2872 τῷ
289 2838 375 2872 χρόνῳ
388 2838 419 2865 τὸ
436 2839 484 2873 τῆς
504 2838 614 2873 ἀγάπης
629 2837 710 2864 καλὸν
729 2837 826 2872 ἐκρυὶν
846 2838 920 2872 οἰχήα

974 2248 1097 2275 dividere
1122 2246 1335 2282 hypostasibus,
1353 2245 1514 2278 nullamque
1538 2243 1760 2270 communionem

972 2294 1016 2321 vel
1033 2293 1105 2320 inter
1121 2300 1150 2319 se
1167 2290 1320 2326 accipiendi
1339 2290 1381 2317 vel
1397 2289 1530 2316 reddendi
1546 2289 1657 2316 habere.
1672 2288 1710 2314 Ac
1727 2287 1761 2314 de

972 2339 1015 2367 his
1031 2339 1164 2365 hactenus
1178 2337 1330 2365 secundum
1353 2343 1462 2370 parvam
1482 2341 1636 2362 mensuram
1657 2333 1760 2360 intelli-

972 2384 1082 2420 gentia,
1096 2391 1156 2418 quae
1173 2391 1188 2409 a
1205 2382 1286 2409 nobis
1307 2381 1408 2409 tributa
1427 2385 1479 2408 est.

1008 2428 1141 2456 Mittimus
1154 2426 1284 2460 deinceps
1295 2426 1426 2452 lectorem
1438 2425 1471 2451 ad
1482 2425 1634 2452 doctrinam
1652 2428 1760 2451 saneto-

973 2482 1034 2501 rum
1050 2473 1173 2503 Patrum.
1191 2480 1205 2499 a
1219 2472 1320 2506 quibus
1333 2479 1383 2498 nos
1398 2471 1455 2497 hmo
1476 2475 1603 2504 tanquam
1626 2470 1653 2496 in
1678 2477 1761 2504 parvo

972 2526 1037 2546 vase
1058 2518 1165 2545 ratione
1188 2517 1288 2544 mentis
1308 2521 1409 2543 nostra!
1424 2515 1538 2542 humilis
1553 2515 1712 2546 hausimus,
1733 2519 1761 2542 et

971 2572 1020 2591 eos
1035 2564 1082 2598 qui
1095 2563 1186 2590 studio
1200 2562 1326 2589 veritatis
1342 2566 1479 2592 tenentur,
1490 2566 1584 2595 potare
1593 2561 1760 2589 studuimus.

972 2610 1025 2637 Vos
1039 2613 1130 2636 autem
1148 2609 1251 2643 quibus
1266 2608 1323 2634 hate
1337 2608 1459 2642 porrexit
1481 2607 1593 2638 veritas,
1610 2607 1710 2634 habete
1726 2614 1758 2632 ea

976 2661 1103 2690 tanquam
1123 2654 1274 2681 remedium
1289 2653 1446 2684 oblivionis,
1474 2657 1501 2679 et
1528 2657 1590 2687 post
1612 2660 1703 2679 meum
1725 2652 1759 2678 ab

976 2702 1027 2728 hac
1039 2701 1095 2728 vita
1114 2708 1251 2728 recessum
1272 2704 1400 2733 tanquam
1419 2703 1626 2725 monumentum
1645 2697 1758 2728 amoris,

975 2755 1009 2773 ne
1024 2747 1100 2781 lapsu
1115 2746 1245 2780 temporis
1258 2745 1371 2772 eilluens
1387 2745 1467 2772 abeat
1486 2753 1492 2771 :
1509 2743 1649 2771 retundite
1666 2747 1759 2769 autem

975 2791 1147 2822 audaciores,
1164 2795 1192 2817 et
1208 2791 1391 2826 simpliciores
1409 2798 1490 2817 manu
1506 2789 1596 2816 ducite
1615 2788 1647 2814 ad
1672 2788 1758 2821 fulgo-

975 2845 1032 2865 rem
1046 2836 1171 2864 veritatis
1192 2844 1291 2870 purum
1304 2841 1331 2863 et
1345 2835 1497 2870 liquidum,
1520 2836 1565 2869 qui
1589 2841 1639 2868 per
1659 2831 1714 2862 haec
1731 2830 1758 2857 in
