1973 3098
201 135 269 167 13οἸ

832 130 987 163 LEONTII
1004 127 1209 160 BYZANTINI

1759 118 1831 151 1308

199 189 301 218 sanctis
313 189 440 216 Patribus
461 188 596 221 cernitur,
615 193 643 216 et
654 191 730 216 orate
748 195 799 223 pro
821 187 913 220 nobis,
939 187 985 221 qui

1050 192 1125 210 ruat.
1144 181 1361 216 Ἐπιστομίζοιτε
1394 179 1423 206 δὲ
1453 177 1516 209 τοὺς
1547 175 1748 212 θρασυτέρους,
1778 175 1831 201 καὶ

202 235 258 261 lucc
269 239 382 269 propter
392 235 566 267 eharitatem,
581 238 612 261 ut
623 234 792 262 conscientia
807 238 925 261 testatur
935 254 941 265 ,
960 238 988 260 et

200 283 299 314 praeter
316 280 485 306 voluntatem
511 279 685 306 conscribere
712 278 905 306 sustinuimus.
932 278 988 304 Deo

201 330 292 353 autem
311 325 412 360 gratias
426 325 533 360 agimus
545 333 595 359 pro
606 325 680 352 omni
698 324 772 354 dono
785 325 844 359 ejus
860 324 887 350 in
900 323 989 351 omni-

202 370 264 403 bus,
280 371 307 398 in
322 371 421 399 saacula
435 371 607 399 saeculorum.
625 371 722 398 Amen.

485 569 694 597 PROOEMIUM.

239 639 378 666 Allaturus
395 638 422 664 in
443 637 562 664 medium
577 636 755 664 auctoritates
767 639 924 662 sanctorum
938 635 990 662 Pa-

206 690 290 715 trum.
306 684 340 711 ad
358 683 593 711 conﬁrmationem
616 689 712 709 eorum
740 689 800 715 qua}
818 681 988 716 scripsimus,

205 738 271 766 rogo
295 731 426 758 lectorem
440 749 447 761 .
476 734 506 756 ut
523 729 648 756 advertat
663 727 784 754 animum
802 737 808 754 ε
827 727 989 762 prudentem

203 777 278 804 enim
292 776 445 803 auditorem
462 774 579 808 requirit
597 774 723 801 doctrina
743 781 849 805 eorum.
868 774 915 807 qui
930 773 990 800 fue-

204 826 270 848 runt
282 821 460 848 admirabiles
475 820 592 855 Spiritus
615 819 701 846 sancti
721 819 880 846 consiliarii.
898 819 990 846 Labo-

205 870 248 893 rat
262 866 335 893 enim
346 873 447 897 sermo,
461 865 575 891 auribus
588 864 732 898 imperitia:
745 864 874 891 sordibus
884 863 991 891 onustis

205 915 345 946 exceptus.
362 910 434 938 Sicut
454 911 550 938 monile
563 918 683 942 aureum,
706 910 744 936 ait
761 909 872 944 sapiens
886 910 913 936 in
924 910 992 936 Pro-

204 957 352 990 verbiis,et
363 957 481 984 sardium
496 957 587 991 magni
600 957 677 991 pretii
689 955 841 990 alligatum,
855 955 892 981 sic
907 963 991 982 sermo

204 1003 310 1037 sapiens
325 1002 353 1028 in
367 1001 475 1028 auribus
490 1001 553 1028 bene
569 1000 735 1027 audientium
750 1000 770 1026 ⁵.
787 999 919 1026 Auditum
943 999 994 1034 igi-

206 1051 252 1074 tur
263 1051 388 1073 nostrutn
406 1043 558 1073 secundum
579 1052 690 1073 sensum
706 1044 831 1071 divinum
844 1065 851 1077 ,
865 1052 993 1079 repurge-

206 1100 268 1119 mus
281 1092 316 1118 ab
336 1091 410 1119 omni
435 1098 518 1118 onere
543 1099 576 1118 ex
592 1089 789 1124 anticipatione
804 1089 923 1117 conﬂato
934 1109 942 1122 ,
966 1093 994 1116 et

206 1141 327 1164 mentem
334 1136 443 1164 surdam
455 1136 597 1163 reddente.
605 1135 665 1162 Jam
674 1128 747 1162 enim
756 1135 858 1162 nubem
870 1135 993 1168 testium,

207 1183 279 1210 sicut
294 1182 442 1216 Apostolus
468 1181 506 1208 ait
520 1182 540 1214 ⁸,
559 1181 754 1216 producemus.
777 1181 804 1208 Si
825 1181 895 1208 forte
911 1182 994 1209 tantis

207 1228 307 1256 cedant
317 1229 362 1262 qui
375 1232 536 1262 repugnant.
554 1227 697 1261 Siquidem
713 1233 827 1261 propter
842 1227 996 1254 contentio—

208 1282 270 1302 nem
287 1281 301 1301 a
318 1274 470 1309 majoribus
488 1281 583 1301 eorum
604 1273 732 1300 traditam
751 1281 805 1300 non
816 1273 996 1308 produximus

208 1321 399 1348 auctoritatem
420 1320 587 1354 ambiguam,
605 1324 652 1347 aut
673 1327 733 1353 qua:
746 1319 894 1353 dupliciter
908 1319 995 1353 accipi

208 1369 312 1399 posset,
327 1373 380 1392 nec
393 1365 527 1400 ignobiles
544 1365 639 1391 Patres
656 1368 741 1391 testes
754 1364 901 1390 citavimus
914 1385 920 1396 ,
948 1364 995 1390 sed

209 1410 303 1444 potius
320 1409 499 1441 clarissimos,
521 1414 548 1436 et
570 1409 616 1444 qui
643 1409 754 1436 fuerunt
776 1409 997 1444 splendidissima

210 1454 286 1480 orbis
299 1454 404 1480 lumina
415 1454 448 1481 ad
462 1453 610 1481 dicendum
625 1453 812 1480 testimonium
828 1454 995 1481 vocavimus.

211 1498 447 1532 Produximusque
463 1498 622 1525 testimonia
637 1497 859 1524 manifestissima
870 1517 877 1529 ,
901 1502 929 1524 ct
946 1497 998 1524 mi-

211 1544 286 1571 nime
299 1543 401 1576 dubia;
415 1547 444 1570 ut
468 1551 576 1570 omnem
598 1551 694 1570 eorum
711 1543 842 1570 adversus
853 1543 996 1570 veritatem

210 1590 441 1625 excogitationem
455 1590 676 1617 exeludcremus.
695 1589 753 1616 Non
768 1589 944 1616 recitavimus
957 1594 998 1616 te-

211 1636 350 1668 stimonia,
369 1636 395 1662 in
408 1636 508 1670 quibus
519 1640 571 1668 est,
597 1643 629 1662 ex
645 1635 747 1669 quibus
768 1638 796 1661 et
811 1642 825 1660 a
844 1635 955 1668 quibus,
971 1639 999 1661 et

212 1682 246 1709 de
261 1682 363 1716 quibus
384 1681 504 1715 (scilicet
518 1680 642 1715 naturis)
667 1684 695 1707 et
717 1683 784 1707 ante“
798 1679 927 1706 unionem
941 1700 948 1711 ,
969 1684 999 1706 ut

211 1727 279 1762 ipsis
298 1728 387 1762 placet
412 1735 510 1754 vocare
523 1747 530 1759 ,
558 1731 605 1753 aut
624 1726 651 1753 in
669 1725 781 1758 unione,
804 1731 832 1752 et
848 1733 902 1751 non
916 1725 999 1752 etiam

211 1777 274 1807 post
287 1772 434 1805 unionem;
452 1772 588 1807 siquidem
606 1774 648 1798 est
661 1770 813 1798 secundum
837 1770 1000 1804 sapientiam

212 1818 326 1845 istorum
342 1818 404 1845 (illis
424 1818 506 1852 hujus
527 1818 657 1844 unionisv:
671 1816 719 1844 sed
741 1816 923 1844 indicavimus
939 1824 1001 1843 san—

212 1866 281 1894 ctos,
302 1862 348 1897 qui
362 1863 388 1889 in
409 1862 574 1889 testimoniis
589 1862 648 1889 suis
663 1861 794 1888 dixerunt
809 1861 835 1888 in
847 1861 956 1896 quibus,
973 1865 1000 1888 et

213 1916 262 1943 per
277 1916 355 1943 quas,
368 1912 396 1934 et
407 1912 548 1943 utrasque.
565 1911 593 1934 et
603 1916 652 1942 per
667 1907 773 1940 ambas,
789 1911 818 1934 et
835 1906 930 1933 ambas
953 1914 1001 1933 ua-

214 1959 307 1987 turas,
331 1959 360 1981 et
376 1955 544 1982 substantias
559 1955 741 1985 exsistentes,
772 1957 801 1980 et
822 1957 947 1980 servatas
973 1953 1001 1979 in

214 1999 325 2030 unione,
335 2004 363 2026 et
371 1999 398 2025 in
410 2003 518 2033 tempus
526 1998 663 2025 inﬁnitum
674 1997 857 2025 indivisibiles
865 1998 892 2024 in
902 1997 1002 2024 unione

214 2044 366 2072 secundum
384 2044 564 2071 substantiam
582 2044 766 2079 hypostatica.

249 2102 277 2129 Si
294 2101 357 2136 quis
375 2104 466 2127 autem
481 2101 579 2128 horum
599 2100 802 2127 multitudinem
820 2100 863 2126 vel
883 2099 1004 2126 auctori-

215 2152 298 2175 tatem
314 2155 495 2182 pcrsonarum
509 2167 516 2179 ,
536 2146 607 2173 sicut
629 2146 675 2173 ille
690 2146 790 2180 impius
801 2167 807 2178 ,
830 2152 912 2180 quem
930 2144 1005 2172 Scri-

1039 229 1236 265 χειραγωγοῖτε
1260 227 1323 258 τοὺς
1351 224 1565 258 ἁπλουστέρους,
1582 223 1628 248 ἐπὶ
1644 221 1694 256 τὴν
1709 221 1754 247 διὰ
1766 220 1831 246 τού-

1038 285 1092 303 των
1111 273 1330 309 ἁναφαινομένην
1346 273 1374 298 ὲν
1397 272 1452 302 τοῖς
1478 270 1565 304 ἁγίοις
1592 267 1731 302 Πατρέισιν
1759 267 1831 293 εἱλι-

1039 323 1118 357 κρινῆ
1139 321 1186 347 καὶ
1203 319 1326 354 καθαρὰν
1342 318 1391 353 τῆς
1411 315 1538 351 ἀληθείας
1556 314 1654 348 αὐγὴν,
1678 313 1725 339 καὶ
1748 311 1831 348 ἡμῶν

1039 366 1234 403 ὕπερεύχεσθε,
1247 365 1280 391 δι’
1297 364 1416 398 ἀγάπην,
1430 362 1466 393 ὡς
1478 361 1508 387 τὸ
1538 360 1655 391 συνειδὸς
1682 359 1829 393 μαρτυρεῖ,

1039 414 1125 440 ταῦτα
1136 410 1301 446 συγγράψαι,
1313 410 1360 436 καὶ
1379 407 1454 443 παρὰ
1485 406 1646 442 προαίρεσιν
1673 404 1831 438 ἀνασχομέ-

1040 469 1104 486 νων.
1123 459 1168 493 Τῳ
1184 458 1211 484 δὲ
1227 456 1287 490 Θεῷ
1298 453 1458 490 εὐχαριστία
1476 452 1546 487 ὑπὲρ
1564 452 1653 485 πάσης
1667 450 1715 484 τῆς
1729 450 1758 474 ὲν
1773 449 1831 474 πᾶ-

1037 513 1083 532 σιν
1096 503 1178 530 αὑτοῦ
1189 502 1303 538 δωρεᾶς,
1314 501 1354 531 εις
1366 500 1427 530 τοὺς
1443 498 1554 528 αίώνας.
1573 496 1671 530 Ἀμήν.

1058 569 1249 597 ΠΡΟΟῘΜΙΟΝ
1264 565 1422 595 ΧΡΗΣΕΩΝ
1437 565 1505 591 ΤΩΝ
1525 563 1628 590 ΑΓΙΩΝ
1649 561 1821 588 [ΙΑΤΕΡΩΝ.

1074 636 1185 663 Μέλλων
1211 634 1259 665 τὰς
1289 633 1400 668 χρήσεις
1427 629 1627 666 παρατίθεσθαι
1657 628 1712 654 τῶν
1741 627 1831 661 ἁγίων

1041 682 1169 716 Πατέρων
1185 680 1254 716 πρὸς
1265 679 1412 714 βεϐαίωσιν
1424 677 1478 704 τῶν
1491 675 1635 711 ἡμετέρων
1651 674 1749 708 λόγων,
1767 674 1832 699 ἑπι-

1042 718 1138 762 στῆσάι
1152 727 1198 753 τὸν
1214 726 1276 752 νοῦν
1291 725 1336 751 τὸν
1362 723 1560 758 ἐντυγχάνοντα
1574 719 1726 756 παρακαλῶ
1737 728 1744 735 ·
1768 728 1832 746 συν-

1041 773 1101 799 ετοῦ
1114 771 1168 807 γὰρ
1176 771 1260 798 δεῖται
1271 768 1408 804 ἀκροατοῦ
1420 769 1437 803 ὴ
1447 767 1501 794 τῶν
1512 765 1678 801 θαυμαστῶν
1687 764 1734 791 τοῦ
1745 764 1834 790 Πνεύ-

1043 827 1126 854 ματος
1138 817 1299 852 συμϐούλων
1313 815 1463 845 παίδευσις.
1479 814 1588 848 Κάμνει
1603 812 1656 846 γὰρ
1669 811 1748 844 λόγος
1763 810 1832 849 ἀκο-

1042 867 1086 896 αῖς
1097 863 1201 898 ἐνηχῶν
1221 861 1402 892 ἀπαιδευσίας
1418 859 1496 896 ῥύπῳ
1519 857 1730 894 βεδαρημέναις.
1756 856 1832 882 Ὠσ-

1043 917 1100 942 περ
1120 907 1175 943 γὰρ
1186 906 1310 933 ἐνώτιον
1325 905 1471 940 χρυσοῦν,
1486 903 1536 930 καί
1556 902 1684 936 σάρδιον
1705 903 1834 927 πολυτε-

1042 955 1094 987 λὲς
1103 953 1264 985 ἐνδέδεται,
1272 952 1349 979 οὕτω
1360 951 1451 984 λόγος
1464 949 1561 983 σοφὸς
1573 949 1618 981 εις
1625 945 1680 980 οὖς
1688 946 1832 979 εὐήκοον,

1042 1000 1059 1033 ἡ
1074 999 1142 1033 σοφὴ
1160 997 1349 1031 ἀπεφθέγξατο
1372 994 1521 1030 Παροιμίαι.
1532 993 1637 1020 Οὐκοῦν
1654 992 1684 1018 τὸ
1696 991 1767 1018 κατὰ
1783 992 1834 1025 τὴν

1044 1044 1119 1070 θείαν
1134 1042 1260 1077 αἴσθησιν
1275 1040 1435 1067 ἀκουστικὸν
1449 1039 1537 1074 ἡμῶν,
1551 1036 1836 1071 παντὸςὲκκαθάρω·

1046 1096 1095 1123 μεν
1110 1087 1208 1122 ἄχθους
1236 1086 1283 1112 τοῦ
1310 1086 1342 1112 ὲκ
1363 1084 1525 1119 προλήψεως
1549 1082 1755 1117 συνισταμένου,
1786 1081 1836 1107 καὶ

1044 1132 1255 1166 ἀποκωφοῦντος
1268 1131 1313 1158 τὸν
1327 1130 1391 1157 νοῦν
1407 1138 1415 1146 ο
1432 1130 1483 1165 ήδη
1500 1129 1528 1155 δὲ
1552 1128 1582 1154 τὸ
1606 1128 1662 1154 τῶν
1686 1127 1836 1163 μαρτύρων

1044 1179 1134 1213 νέφος,
1146 1175 1254 1214 ᾗφησιν
1269 1177 1283 1203 ὁ
1306 1175 1479 1205 ’Δπόστολος.
1491 1173 1648 1208 ἐποίσομεν,
1663 1172 1696 1199 ἇν
1710 1173 1764 1208 ἄρα
1783 1173 1837 1198 κάν

1044 1226 1100 1256 τοῖς
1113 1222 1282 1258 τηλικούτοις
1302 1221 1411 1254 εἴξωσιν
1437 1221 1461 1246 οἱ
1484 1218 1671 1250 ἀπειθοῦντες.
1697 1218 1753 1245 Καὶ
1780 1219 1837 1253 γὰρ

1045 1270 1095 1304 τῆς
1111 1268 1198 1295 αὐτῶν
1215 1267 1456 1303 πατροπαραδότου
1471 1266 1637 1300 φιλονεικίας
1651 1264 1755 1296 ἕνεκεν,
1773 1263 1837 1289 οὔτε

1045 1315 1214 1350 διλήμματον
1231 1314 1247 1348 ή
1266 1313 1416 1348 ἀμφίϐολον
1436 1312 1533 1347 χρῆσιν
1547 1310 1756 1345 παρηγάγομεν,
1773 1308 1837 1334 οὔτε

1049 1362 1102 1397 μὴν
1117 1360 1303 1395 ἀσημοτέρους
1318 1359 1442 1394 Πατέρας
1456 1356 1716 1392 ὲπεμαρτυράμεθα.
1732 1355 1838 1386 Αὐτοὺς

1047 1408 1074 1433 δὲ
1087 1407 1150 1438 τοὺς
1167 1406 1344 1440 φανοτάτους,
1357 1404 1406 1430 καὶ
1425 1404 1496 1438 μέγα
1515 1404 1543 1429 ὲν
1558 1404 1590 1437 τῇ
1608 1401 1755 1437 οἰκουμένῃ
1767 1401 1840 1435 λάμ-

1047 1454 1151 1488 ψαντας
1168 1450 1389 1485 ὲπεόοησάμεθα,
1407 1450 1454 1476 καὶ
1466 1449 1644 1485 τρανωτάτας
1654 1447 1700 1473 καὶ
1716 1448 1839 1481 ἀναμφι-

1048 1500 1161 1529 λέκτους
1180 1497 1330 1533 μαρτυρίας
1357 1495 1599 1529 είσκεκομίκαμεν,
1628 1493 1718 1519 πᾶσαν
1747 1491 1840 1522 αὐτοῖς

1048 1544 1240 1574 ἀποκλείοντες
1257 1543 1328 1569 κατὰ
1342 1542 1392 1576 τῆς
1403 1540 1532 1576 ἀληθείας
1545 1540 1676 1565 ἐπίνοιαν.
1694 1538 1731 1564 Οὐ
1748 1538 1798 1568 τὰς
1810 1537 1840 1569 ἐξ

1047 1589 1083 1617 ὧν
1101 1591 1117 1626 ἢ
1134 1591 1180 1624 ἀφ’
1196 1587 1232 1616 ὧν
1249 1589 1265 1623 ἢ
1285 1589 1348 1623 παρ’
1372 1585 1419 1620 ὧν,
1437 1586 1484 1613 καὶ
1501 1585 1555 1621 πρὸ
1573 1586 1620 1619 τῆς
1646 1584 1778 1614 ὲνὼσεως,
1801 1583 1840 1613 ὡς

1049 1637 1139 1667 αὐτοῖς
1158 1635 1233 1669 φίλον
1250 1634 1351 1665 καλεῖν,
1367 1633 1383 1667 ἣ
1399 1633 1427 1658 ὲν
1450 1633 1483 1666 τῇ
1513 1630 1619 1661 ὲνώσει,
1639 1629 1686 1656 καὶ
1708 1628 1769 1663 οὐχὶ
1792 1628 1841 1654 καὶ

1051 1681 1119 1717 μῑτὰ
1133 1680 1181 1716 τὴν
1193 1680 1291 1706 ἕνωσιν
1308 1687 1315 1693 ·
1333 1679 1412 1714 εἴπερ
1442 1676 1502 1703 ἐστὶ
1520 1675 1590 1701 κατὰ
1609 1675 1657 1710 τὴν
1681 1673 1771 1700 αὐτῶν
1795 1681 1839 1699 σο-

1050 1727 1112 1762 φίαν
1132 1726 1234 1761 ταύτης
1254 1725 1340 1755 τέλος,
1356 1723 1423 1750 ἀλλὰ
1440 1723 1488 1753 τὰς
1503 1724 1531 1748 ἐν
1546 1719 1598 1753 οἷς,
1611 1721 1658 1747 καὶ
1676 1720 1709 1746 δι’
1728 1716 1842 1753 ὦν,ἀμ-

1051 1773 1167 1808 φοτέρας
1184 1780 1212 1798 τε
1227 1772 1274 1797 καὶ
1287 1770 1319 1796 δι’
1337 1769 1439 1804 ἀμφοῖν
1455 1768 1503 1794 καὶ
1516 1768 1610 1802 ἄμφω,
1625 1765 1721 1800 φύσεις
1739 1772 1769 1790 τε
1794 1764 1842 1789 καὶ

1050 1819 1157 1850 οὐσίας⁷
1166 1816 1250 1848 οὕσας
1265 1824 1294 1842 τε
1311 1816 1356 1842 καὶ
1374 1813 1579 1849 φυλαττομένας
1596 1811 1624 1838 ἓν
1639 1819 1668 1837 τε
1684 1811 1717 1845 τῇ
1733 1809 1840 1839 ὲνώσει,

1050 1858 1106 1891 καὶν
1123 1864 1161 1894 εἱς
1185 1862 1298 1897 ἄπειρον
1324 1860 1492 1895 ἀδιαιρέτους
1511 1866 1518 1873 ·
1548 1858 1577 1884 ὲν
1604 1858 1636 1892 τῇ
1663 1856 1722 1883 κατ’
1745 1854 1842 1881 οὐσίαν

1052 1909 1223 1942 ὑποστατικῇ
1245 1906 1352 1939 ἐνώσει,
1384 1904 1562 1939 ὑπεφήναμεν
1585 1902 1648 1933 τοὺς
1674 1900 1768 1935 ἁγίους
1790 1907 1842 1925 κα-

1053 1954 1261 1989 ταγγείλαντας.

1091 2098 1120 2124 ΕΞ
1147 2097 1174 2123 δέ
1197 2105 1238 2127 τις
1252 2094 1282 2121 τὸ
1296 2093 1398 2120 τούτων
1419 2090 1531 2123 πλῆθος,
1543 2089 1560 2125 ῆ
1573 2088 1626 2115 τῶν
1643 2087 1797 2123 προσώπων
1814 2086 1846 2112 τὸ

1055 2144 1221 2176 ἀξιόπιστον,
1234 2140 1304 2168 κατὰ
1312 2139 1394 2166 τδνὲν
1404 2139 1437 2173 τῇ
1452 2137 1546 2171 Γραφῇ
1563 2134 1649 2169 ἀσεΕῆ
1660 2134 1711 2160 οὐκ
1731 2133 1845 2159 αἰδεῖται

215 2197 297 2227 ptura
315 2192 382 2219 dicit
394 2192 416 2223 ⁷,
430 2199 486 2218 non
500 2195 662 2223 reveretur;
675 2190 713 2217 ait
725 2192 799 2218 enim
811 2199 818 2217 :
831 2190 933 2224 Impius
946 2194 997 2221 est,

1052 2188 1175 2228 (Ἀσεϐὴς
1185 2187 1249 2222 γὰρ,
1258 2183 1385 2220 φησὶν,δς
1393 2183 1444 2209 οὐκ
1451 2182 1550 2218 ᾐδέσθη
1559 2180 1705 2216 πρᾴσωπον
1712 2177 1844 2228 εντίμρυ),

215 2238 262 2272 qui
276 2245 332 2265 non
349 2242 491 2264 reveretur
505 2244 652 2271 pcrsonatn
666 2236 794 2264 honorati
811 2246 816 2262 :
834 2236 891 2270 ipse
910 2240 1001 2262 autem

217 2283 324 2318 ignotas
337 2282 535 2314 auctoritates,
558 2286 585 2309 et
601 2290 656 2309 non
683 2282 726 2308 vel
749 2290 781 2309 ex
799 2282 865 2316 ipsis
879 2282 1003 2317 cognitas

216 2330 258 2356 vel
276 2337 308 2356 ex
327 2329 399 2359 aliis,
417 2329 460 2356 his
478 2329 581 2356 nostris
606 2328 760 2356 contrarias
787 2328 926 2362 producit,
957 2328 1004 2357 de—

217 2381 350 2404 monstret
367 2377 443 2411 prius
460 2384 514 2403 non
532 2384 592 2404 esse
614 2376 724 2403 illorum
751 2376 800 2403 has
817 2381 925 2403 nostras
939 2396 946 2407 .
978 2381 1005 2403 et

214 2423 257 2452 sic
275 2424 342 2451 istas
366 2423 542 2458 recipiemus.
561 2423 687 2456 Quandiu
713 2423 786 2450 enim
809 2423 851 2450 hee
870 2423 937 2450 satis
959 2422 1006 2449 fir-

216 2468 319 2497 mitatis
348 2469 467 2501 habent,
496 2472 609 2503 propter
625 2468 799 2502 splendorem
822 2467 955 2493 librorum
979 2471 1007 2494 et

217 2521 330 2552 propter
346 2515 517 2543 nobilitatem
534 2515 655 2545 Patrum,
681 2514 742 2540 illas
755 2513 797 2539 vel
815 2520 869 2539 non
888 2512 1006 2547 recipie-

205 2569 208 2573 ‘
220 2570 281 2589 mus
292 2571 307 2589 a
323 2562 470 2597 principio,
484 2569 546 2588 cum
558 2561 602 2587 his
614 2563 769 2596 pugnantes
781 2567 787 2584 :
797 2559 839 2586 vel
853 2558 875 2585 si
892 2558 1007 2592 recipia-

218 2616 299 2640 mus,
326 2612 456 2643 tanquam
485 2615 547 2635 cum
574 2607 618 2634 his
644 2604 864 2636 consentientes,
888 2609 917 2631 et
932 2603 1008 2630 nullo

220 2654 303 2682 modo
324 2653 511 2688 discrepantes
522 2653 698 2687 recipiemus.
713 2650 812 2679 Conari
834 2650 908 2677 enim
931 2650 1009 2676 tlico-

221 2701 298 2737 logos
319 2700 353 2727 ad
370 2700 617 2727 contradictionem
634 2698 771 2725 adducere
784 2718 790 2729 ,
808 2702 835 2724 et
847 2696 937 2723 dicere
949 2704 964 2723 a
980 2704 1009 2723 sc

223 2746 290 2782 ipsis
313 2746 471 2776 dissentire,
495 2745 538 2772 hic
561 2749 676 2770 conatus
695 2747 839 2778 susrcptus
853 2747 880 2769 et
896 2742 947 2768 hoc
965 2749 1010 2768 ne-

1054 2224 1177 2271 ἀσὴμους
1192 2234 1220 2260 δὲ
1248 2231 1293 2259 καὶ
1307 2231 1356 2257 οὐκ
1366 2228 1553 2263 ἑγνωσμένας,
1565 2226 1603 2257 ὡς
1616 2226 1646 2256 ἐξ
1657 2225 1745 2252 αὐτῶν
1757 2224 1773 2258 ἡ
1786 2224 1845 2249 ἐτέ-

1056 2291 1119 2319 ρων,
1132 2280 1238 2309 τούτοις
1253 2276 1378 2307 ἐναντίας
1405 2275 1516 2309 χρήσεις
1536 2270 1710 2307 προκομίζοι,
1732 2269 1846 2302 δειξάτω

1055 2315 1174 2363 πρῶτον,
1191 2326 1231 2352 ὅτι
1250 2324 1287 2358 μὴ
1302 2318 1382 2349 αὗται
1395 2320 1507 2347 ἐκείνων
1517 2316 1596 2345 οὖσαι
1610 2317 1787 2351 τυγχάνουσι,
1799 2315 1846 2341 καὶ

1055 2360 1141 2404 ουτως
1154 2371 1260 2401 ἐκείνας
1276 2366 1432 2402 δεξαίμεθα.
1450 2365 1520 2396 Ἕως
1538 2364 1560 2390 δ’
1577 2363 1609 2390 ἂν
1625 2360 1704 2389 αὗται
1719 2361 1750 2388 τὺ
1771 2363 1845 2395 ἰσχυ-

1058 2421 1103 2456 ρὸν
1122 2418 1225 2452 ἔχουσι,
1239 2417 1271 2450 τῇ
1287 2423 1315 2440 τε
1339 2413 1393 2439 τῶν
1424 2410 1621 2445 συνταγμάτων
1649 2407 1823 2456 λαμᾼπροτητι
1837 2427 1845 2440 ,

1057 2453 1104 2492 καὶ
1123 2461 1286 2498 περιφανείᾳ
1299 2461 1331 2495 τῇ
1345 2459 1398 2486 τῶν
1409 2458 1551 2492 Πατέρων,
1568 2455 1675 2486 ὲκείνας
1698 2453 1715 2489 ἦ
1737 2453 1768 2480 οὐ
1797 2461 1847 2478 παι

1062 2507 1243 2546 ραδεξαίμεθα
1253 2507 1300 2542 τὴν
1310 2504 1408 2541 ἀρχὴν,
1421 2503 1492 2530 κατὰ
1502 2501 1604 2528 τούτων
1617 2498 1845 2533 στρατευομένας·

1061 2544 1077 2591 ἦ
1092 2554 1244 2588 δεξάμενοι,
1261 2553 1298 2583 ὼς
1315 2551 1461 2585 σύμφωνον
1470 2548 1576 2578 τούτοις
1589 2545 1703 2580 ἐχούσας
1718 2544 1846 2573 διάνοιαν,

1062 2589 1110 2628 καί.
1123 2600 1183 2627 κατ’
1201 2599 1276 2625 οὐδὲν
1295 2596 1450 2632 μαχομένας
1466 2591 1649 2628 ὲκδεξώμεῦα.
1674 2590 1711 2616 Τὸ
1731 2589 1786 2624 γὰρ
1809 2590 1847 2619 εἰς

1062 2648 1204 2681 ἀντίφασιν
1217 2644 1364 2680 πειρᾶσθαι
1378 2643 1441 2673 τοὺς
1458 2640 1599 2674 θεολόγους
1610 2638 1696 2671 ἄγειν,
1707 2636 1848 2668 καὶὰτυμ-

1064 2693 1168 2728 φώνους
1186 2691 1277 2726 σφίσιν
1293 2690 1391 2720 αὐτοὺς
1415 2685 1578 2722 γεγενῆσθαι
1600 2684 1690 2718 λέγειν
1703 2691 1710 2696 ·
1731 2681 1759 2707 οὺ
1790 2679 1849 2706 καθ’

1064 2725 1141 2774 ἐμῶν
1162 2739 1219 2764 ἐστι
1243 2738 1272 2763 τὸ
1297 2734 1448 2770 ἐγχείρημα
1460 2740 1466 2747 ”
1485 2731 1556 2758 κατὰ
1570 2729 1598 2756 δὲ
1618 2729 1666 2764 τῆς
1683 2727 1796 2754 ἐκείνων
1808 2725 1850 2750 δί-

262 2846 272 2860 ‘
287 2845 367 2871 Prov.
387 2852 447 2876 ur,
467 2844 496 2869 1'2
509 2851 565 2870 sec.
581 2842 659 2869 LXX.
684 2843 692 2856 ‘
707 2842 793 2869 Hebr.
813 2849 857 2875 ιιι,
876 2842 900 2868 l.
931 2842 939 2857 ⁷
966 2840 998 2868 Sa

1050 2848 1087 2873 ιι,
1110 2839 1151 2866 10.
