1973 3098
219 148 286 181 1315

242 201 376 240 Antiochi,
392 199 506 243 episcopi
527 207 707 244 Ptolenmidis’.
725 207 810 244 Hujus
825 210 991 236 auctoritatis
1024 211 1048 239 Α

483 243 601 270 meminit
615 242 742 278 Cyrillus.

251 299 291 326 Ne
306 299 459 327 confundas
472 303 594 331 naturas,
605 304 699 327 etnon
716 301 839 335 torpebis
851 301 925 328 circa
935 308 1009 328 (nco-

217 344 355 377 nomiam,
380 345 407 372 id
423 350 465 372 est
480 366 487 377 ,
516 346 679 381 mysterium
695 345 904 374 incarnationis.
934 346 1008 373 Tene

217 390 303 417 Deum
321 400 327 418 :
347 390 439 418 tribue
454 392 520 422 Deo.
536 400 596 427 quae
619 399 682 419 eum
703 392 814 420 decem.
839 393 940 427 Recipe
958 392 1009 419 hu—

217 436 375 464 manitatem
391 446 397 464 :
413 437 492 464 reddi
506 437 683 470 humanitati,
698 446 761 472 quae
779 446 839 465 eam
861 438 969 466 decent.

481 494 615 522 Scholinm
631 495 743 522 Leontii.

250 551 280 578 ln
297 551 426 579 omnibus
441 552 634 586 superioribus
655 552 824 583 studuimus,
847 557 878 580 ut
901 553 927 579 in
946 560 1006 579 me-

215 597 291 625 dium
308 597 472 625 aﬂerremus
493 598 674 626 auctoritates
691 604 719 626 et
736 599 809 626 beati
830 598 924 634 Cyrilli
949 599 1006 634 (57)

215 647 243 670 et
257 643 368 670 Patrum
381 643 428 677 qui
438 651 502 670 eum
516 648 737 678 antecesserunt,
754 653 815 680 quae
831 649 915 672 totam
931 653 1008 672 meu-

214 693 269 716 tem
289 690 348 724 ejus
364 694 390 717 et
412 690 610 718 conﬁrmarent
632 695 660 718 et
677 691 929 726 interpretarentur
947 699 954 718 :
976 696 1007 719 ut

213 736 303 763 sciant
320 743 426 767 omnes,
441 736 514 771 quod
527 744 579 764 nec
593 737 664 771 ipse,
677 745 728 764 nec
741 737 812 764 alius
827 745 861 764 ex
878 737 1006 764 Patribus

213 780 282 808 illud
304 790 338 809 ex
365 782 473 809 duobus
501 786 549 809 aut
569 791 603 810 ex
632 783 767 810 ambobus
790 783 824 810 ad
849 783 1005 817 negandum

213 835 276 854 cum
295 828 342 862 qui
360 832 419 855 erat
432 829 459 855 in
476 828 595 860 duobus,
613 829 752 856 dixerunt.
770 829 862 856 Multis
882 829 956 856 enim
976 828 1004 855 in

845 152 1000 182 LEONTII
1020 152 1224 183 BYZANTINI

1783 151 1847 184 JSEE.

1122 209 1272 242 Ἀντιόχου
1286 208 1456 236 ἐπισκόπου
1470 208 1671 242 Πτολεμαΐδος
1687 208 1755 243 (38),
1769 206 1807 242 ἧς

1133 243 1271 278 χρήσεως
1288 244 1423 278 ἐμνήσθη
1435 247 1451 271 ὁ
1458 244 1604 279 μακάριος
1618 245 1779 278 Κύριλνῑος.

1096 299 1141 334 Μὴ
1160 299 1280 336 συγχέῃς
1302 300 1353 332 τὰς
1375 301 1482 335 φύσεις,
1497 301 1543 328 καὶ
1560 301 1589 328 οὑ
1606 301 1757 337 ναρκήσεις
1786 302 1852 337 περὶ

1059 345 1108 381 τὴν
1127 346 1298 380 οἰκονομίαν·
1319 348 1413 382 κράτει
1429 347 1474 373 τὸν
1487 347 1564 378 Θεὸν,
1575 347 1646 374 δίδου
1661 347 1695 374 τὰ
1709 347 1855 384 πρέποντα,

1058 392 1097 426 τῷ
1122 392 1181 426 Θεῷ
1194 401 1200 407 ·
1221 393 1299 427 δέχου
1314 392 1343 418 τὸ
1359 392 1543 429 ἀνθρώπινον,
1559 390 1630 420 δίδου
1650 394 1683 421 τὰ
1709 394 1855 429 πρέποντα

1059 438 1091 473 τῇ
1105 437 1307 474 ἀνθρωπότητι.
1853 448 1856 468 1

1293 497 1424 531 Σχόιῑιον
1458 497 1613 524 Λεοντίου.

1101 550 1162 577 Ἐπὶ
1184 552 1251 578 πᾶσι
1274 551 1302 578 δὲ
1326 553 1383 583 τοῖς
1398 552 1650 588 προηγησαμένοις,
1668 551 1776 578 καὶτοῦ
1796 561 1852 586 μα-

1058 594 1154 629 καρίου
1186 595 1319 630 Κυρίλλου
1351 595 1533 630 βεϐαιωτικὰς
1559 597 1615 623 τῶν
1643 605 1673 623 τε
1697 597 1751 632 πρὸ
1765 596 1851 624 αὑτοῦ

1058 639 1198 675 Πατέρων,
1214 641 1259 666 καὶ
1273 641 1477 675 ὲρμηνευτικὰς
1488 641 1539 676 τῆς
1552 641 1617 677 ὅλης
1632 641 1713 668 αὑτοῦ
1728 642 1851 673 διανοίας

1058 685 1229 720 παραθέσθαι
1262 687 1490 721 ἐσπουδάσαμεν“
1507 688 1550 714 ἵνα
1578 687 1681 722 γνῶσιν
1713 688 1754 714 ὅτι
1783 687 1850 714 οὔτε

1056 731 1147 764 αὐτὸς,
1165 731 1228 758 οὔτε
1243 741 1285 763 τις
1298 733 1391 768 ἕτερος
1405 734 1460 760 τῶν
1477 734 1618 768 Πατὲρων,
1632 734 1673 764 τὸ,
1688 734 1720 760 ἐκ
1731 734 1778 760 δύο
1791 733 1807 768 ἣ
1820 734 1851 760 τὸ

1056 777 1085 810 ἐξ
1113 777 1233 812 ἀμφοῖν,
1251 779 1295 804 ἐπ’
1320 779 1462 814 ἀναιρέσει
1481 779 1544 812 τοῦ,
1563 780 1592 806 ὲν
1615 780 1671 811 δύο,
1691 781 1836 814 εἰρήκασι.

1056 821 1194 858 [lanaan
1215 824 1269 860 γὰρ
1294 826 1365 852 κατὰ
1388 826 1440 860 τῆς
1454 826 1615 862 διαιρέσεως
1630 827 1779 861 Νεπορίου
1794 835 1849 860 μα-

216 873 283 901 locis
300 874 471 901 contendens
487 874 619 902 adversus
633 874 797 901 divisionem
819 874 936 902 Nestorii
953 882 999 909 po-

1055 869 1171 904 χόμενος
1184 889 1190 901 ,
1205 871 1235 897 οὗ
1254 872 1334 905 μόνον
1360 871 1394 898 τὰ
1411 872 1445 904 ἑξ
1454 869 1497 899 ὧν
1516 873 1652 904 τέθεικεν,
1667 872 1736 899 ἀλλὰ
1751 872 1796 898 καὶ
1813 873 1847 907 τῇ

213 919 268 946 suit
281 927 336 946 non
353 920 453 950 solum.
467 927 501 947 ex
517 920 628 955 quibus,
644 920 692 947 sed
711 921 739 947 in
759 919 954 954 prmpositione
973 920 1001 946 in

213 965 359 999 utriusque
383 966 490 993 naturis
516 973 582 993 usus
607 970 660 996 est.
684 970 714 992 ut
735 974 768 992 ex
790 965 1002 993 auctoritatibus

213 1010 272 1044 ejus
296 1018 358 1045 quae
379 1011 586 1046 .subjunximus,
610 1010 690 1038 facile
712 1015 754 1038 est
777 1011 944 1046 perspicere.
971 1011 1000 1038 ln

212 1055 342 1082 omnibus
359 1060 451 1083 autem
474 1056 652 1083 sermonibus
670 1057 730 1091 ejus
749 1064 797 1083 eas
827 1060 933 1083 tantum
950 1063 1001 1083 au—

212 1101 367 1134 ctoritates,
379 1110 439 1136 qua:
458 1102 527 1129 nihil
549 1102 625 1129 dubii
644 1103 759 1135 habent,
775 1106 803 1129 et
816 1110 885 1136 quas
897 1110 949 1130 nec
961 1103 1003 1129 in-

212 1146 271 1172 sani
301 1155 384 1181 prave
407 1147 585 1182 interpretari
611 1141 762 1182 poterunt,
794 1145 894 1174 all'e'rre
919 1154 1001 1174 cura-

212 1198 312 1219 nmus.

1055 915 1089 941 ἐν
1102 916 1229 949 προθέσει
1243 916 1286 943 ἐπ’
1302 917 1469 952 ἀμφοτέρων
1481 919 1628 953 ἐχρήσατο,
1640 918 1678 949 ὡς
1690 918 1805 944 αὐτόθεν
1818 918 1848 951 ἐξ

1055 957 1093 986 ὧν
1116 961 1292 996 ὑπετάξαμεν
1312 962 1396 989 αὐτοῦ
1419 964 1556 999 χρήσεων,
1577 963 1642 999 ῥᾷόν
1656 964 1715 989 ὲστι.
1736 961 1846 997 μαθεῖν.

1061 1005 1118 1040 Ἐφ’
1137 1007 1223 1033 ἆπασι
1251 1007 1279 1033 δὲ
1304 1008 1385 1034 αὐτοί
1400 1010 1456 1039 τοῖς
1475 1008 1566 1042 λόγοις
1583 1008 1638 1034 τῶν
1651 1009 1780 1043 χρήσεων
1795 1007 1848 1039 τὰς

1054 1052 1274 1087 ἀναμφιλέκτους
1290 1054 1384 1089 μόνας,
1404 1054 1438 1085 ἃς
1463 1055 1524 1080 οὐδὲ
1548 1055 1679 1089 μανέντες
1699 1062 1847 1090 παρερμη·

1055 1097 1148 1125 νεῦσαι
1164 1098 1335 1134 δυνήσονται,
1351 1100 1524 1136 παραθέσθαι
1536 1101 1758 1136 ἐσπουδάσαμεν.

245 1249 342 1277 Allatis
358 1251 456 1278 iterum
473 1250 598 1285 pluribus
616 1250 703 1277 sancti
718 1250 812 1286 Cyrilli
825 1250 991 1277 testimoniis
1003 1258 1074 1285 qum,
1092 1250 1154 1284 quia
1171 1251 1198 1278 in
1216 1255 1298 1280 edttls
1317 1258 1453 1288 prostant,
1471 1255 1707 1289 praetermisimus,
1721 1257 1844 1291 primum

212 1296 286 1323 hunc
300 1297 402 1324 librum
424 1297 464 1324 sic
483 1297 623 1324 concludit
655 1297 786 1324 Leontius
803 1305 810 1323 τ
832 1307 841 1322 ‹
855 1296 993 1323 Hactenus
1015 1297 1177 1329 confutatio,
1198 1302 1226 1325 et
1245 1299 1353 1327 eversio
1370 1301 1506 1328 contraria
1526 1301 1645 1330 Nestorii
1667 1308 1695 1330 et
1713 1302 1845 1339 Eutychis

212 1341 331 1369 ﬁctionis
346 1347 374 1369 et
394 1343 561 1377 opinationis
584 1343 657 1370 circa
676 1342 848 1370 divinitatem
868 1342 971 1370 Christi
988 1348 1016 1370 et
1035 1343 1245 1371 humanitatem.
1262 1353 1271 1369 ι

245 1421 301 1464 (57)
317 1421 401 1464 Erant
424 1421 471 1455 qui
484 1421 823 1464 CyriﬂllummaccusabantI
836 1423 863 1448 in
883 1422 935 1464 hoc
948 1422 997 1449 do-
1010 1425 1030 1453 C
1047 1425 1094 1458 qui
1107 1432 1155 1451 eos
1177 1424 1328 1464 confutavit
1341 1434 1411 1464 non‘
1427 1420 1582 1464 intelligeﬂs
1596 1449 1604 1460 ,
1619 1433 1647 1456 et
1667 1436 1722 1456 nou
1743 1431 1844 1464 paucis

211 1461 309 1491 gmate.
331 1457 402 1483 unde
412 1464 524 1484 necesse
541 1457 592 1484 fuit
614 1457 652 1483 illi
670 1464 734 1484 suos
751 1457 994 1483 anathematismos

211 1491 311 1525 alioqui
325 1491 475 1518 catholicos
501 1496 595 1518 contra
622 1491 778 1519 Nestorium
807 1492 992 1525 interpretari,

211 1533 280 1560 quos
294 1526 363 1552 male
377 1526 489 1560 quidam
503 1526 706 1561 intelligebant.
736 1531 766 1553 ut
793 1526 992 1559 Thcodoretus,

1048 1465 1182 1491 suaserat.
1198 1460 1268 1487 male
1276 1461 1380 1488 sentire
1392 1460 1534 1491 Cvrilluui.
1548 1463 1612 1490 Cu.

1085 1494 1146 1534 (58,).
1161 1494 1243 1534 Lege,
1264 1495 1286 1522 si
1298 1496 1392 1534 lube_t_,_
1407 1494 1441 1524 de
1457 1498 1509 1525 hoc
1527 1498 1663 1525 Antiocho
1686 1507 1747 1534 quae
1766 1499 1839 1527 dixi-

1047 1535 1109 1555 mus
1127 1528 1224 1564 Script.
1238 1535 1300 1563 υιιι.,
1315 1535 1333 1557 t.
1348 1531 1404 1564 Vll,
1424 1540 1451 1566 p.
1463 1534 1507 1565 87,
1521 1534 1547 1560 in
1559 1533 1622 1560 adu.

1042 1637 1841 1652 Μ

905 1711 1088 1756 ΛΟΓΟΣ
1125 1716 1163 1756 B'

348 1799 438 1826 ΠΡΟΣ
459 1800 549 1826 ΤΟΥΣ
569 1801 616 1826 EK
642 1800 710 1827 ΤΩΝ
736 1799 926 1827 ΙῙΜΕΤΕΡΩΝ
950 1800 1229 1830 ΠΡΟΣΘΕΜΕΝΟΥΣ
1255 1804 1301 1840 Τῌ
1327 1805 1610 1844 ΚΔΤΕΦΘΑΡΜΕΝῌ
1640 1808 1707 1835 ΤΩΝ

854 1846 1188 1876 ΑΦΘΑΡΤΟΔΟΚΗΤΩΝ.

999 1916 1036 1924 -ο

758 1978 936 2033 LIBER
971 1989 1278 2035 SECUNDUS

259 2083 409 2114 CONTRA
429 2084 537 2114 ILLOS
556 2085 579 2115 E
599 2085 763 2116 NOSTRIS
789 2086 857 2121 QUI
877 2085 1539 2164 CalgfftiI/llEPRTéENTI‘NCORRUPTICOLARUM
1559 2094 1783 2127 SENTENTIAE

761 2206 832 2240 (MM,
846 2205 973 2243 Spicileg.
991 2208 1068 2235 Rom.
1084 2212 1104 2234 t.
1120 2207 1196 2243 ΧΑ).
1212 2209 1269 2245 95.;

237 2343 374 2380 Sol'vimus
385 2358 436 2386 pro
449 2351 556 2378 viribus
570 2346 605 2378 in.
618 2351 818 2386 superioribus,
833 2352 889 2380 Deo
902 2353 987 2389 'adju-
1003 2357 1028 2387 υ

201 2404 292 2431 vante,
307 2398 414 2434 objecta
433 2401 594 2432 argumenta
607 2397 672 2431 falsi
688 2399 801 2425 nominis
821 2399 938 2426 scientia:
956 2401 988 2432 ⁸⁵,

201 2446 302 2479 quibus
323 2445 455 2473 adversus
477 2452 528 2471 nos
555 2448 666 2471 utentes
681 2445 728 2478 qui
753 2449 817 2472 sunt
843 2446 989 2473 contraria:

201 2491 319 2518 tictionis
341 2495 406 2524 (non
421 2491 494 2517 enim
516 2490 568 2517 hoc
582 2490 702 2516 “nomine
719 2491 856 2524 appellare
870 2499 919 2518 eos
939 2492 988 2519 de-

199 2538 332 2570 sinemus,
342 2537 406 2571 quia
419 2544 537 2571 namque
553 2535 595 2563 l‘as
611 2538 675 2571 est),
689 2536 872 2570 simpliciores
887 2545 901 2563 a
917 2537 989 2564 veri-

198 2587 254 2610 tate
264 2583 401 2610 abduccre
414 2591 443 2611 se
459 2587 565 2618 putant.
582 2582 660 2611 Nunc
679 2587 771 2609 autem
786 2583 901 2610 alterius
913 2591 988 2618 qua-

199 2629 298 2656 stionis
305 2628 553 2656 considerationem
563 2628 691 2655 evolvere
702 2632 730 2655 et
743 2628 880 2662 explicare
892 2636 987 2664 aggre-

197 2674 267 2702 diar.
283 2673 325 2701 Sit
339 2673 395 2701 dus
409 2673 606 2708 disputationis
621 2677 722 2700 nostra:
731 2672 859 2700 Christus
873 2673 945 2700 Deus
958 2678 986 2701 et

197 2719 328 2751 Verbum,
338 2725 366 2748 et
377 2720 482 2751 lumen,
495 2724 523 2746 et
534 2719 601 2750 vita,
611 2724 639 2746 et
650 2719 752 2746 veritas
767 2720 891 2754 aspirans
903 2719 985 2747 nobis

195 2763 416 2797 :ntelligeutiam,
442 2767 473 2790 ut
506 2763 645 2798 possimus
672 2767 747 2791 recte
775 2764 930 2799 intelligere
956 2769 984 2792 ct

234 2840 255 2856 “
272 2841 284 2868 ι
299 2841 421 2869 Timoth.
439 2850 478 2875 γι,
496 2842 541 2869 20.

1081 2356 1125 2383 'Ev
1157 2357 1207 2392 μὲν
1234 2358 1292 2389 τοῖς
1317 2358 1474 2394 ἔμπροσθεν
1501 2361 1659 2397 εἰρημένοις
1692 2364 1767 2399 ἡμῖν,
1784 2366 1834 2393 σὺν

1043 2401 1101 2436 Θεῷ
1128 2402 1156 2429 δὲ
1182 2403 1266 2438 φάναι
1280 2404 1330 2436 τὰς
1357 2405 1501 2438 ἐνστάσεις
1527 2408 1574 2434 καὶ
1604 2409 1756 2443 ἀντιθέσεις
1777 2412 1834 2446 τῆς

1041 2447 1239 2492 ψευδωνύμου
1263 2451 1411 2485 γνώσεως,
1428 2453 1468 2484 είς
1492 2453 1606 2490 δύναμιν
1632 2456 1833 2492 διαλελύκαμεν

1042 2491 1086 2524 αἶς
1095 2493 1127 2527 δὴ
1137 2494 1274 2529 χρώμενοι
1292 2496 1353 2522 καθ’
1363 2497 1441 2532 ἡμῶν
1452 2498 1476 2524 οἱ
1490 2499 1538 2534 τῆς
1548 2501 1670 2532 ἐναντίας
1682 2502 1746 2538 δοκή
1752 2491 1830 2535 σειυς,

1042 2539 1083 2574 (οὺ
1096 2539 1150 2575 γὰρ
1169 2540 1206 2575 μή
1221 2550 1286 2568 ποτε
1299 2542 1379 2569 τοῦτο
1387 2544 1479 2571 καλεῖν
1490 2546 1588 2577 αὐτοὺς
1602 2549 1773 2584 παυσαίμην,
1789 2550 1832 2577 ὅτι

1042 2584 1109 2620 μηδὲ
1127 2584 1284 2620 θέμις),τῆς
1299 2587 1407 2620 εὐθείας
1420 2589 1538 2623 ἀπάγειν
1549 2591 1613 2623 τοὺς
1625 2593 1833 2628 ἁπλουστέρους

1039 2629 1271 2665 ὑπολαμϐάνουσι.
1300 2632 1359 2659 Νῦν
1388 2633 1417 2661 δὲ
1447 2633 1526 2667 αὖθις
1557 2637 1651 2673 ἐτέρου
1672 2639 1831 2675 σκέμματος

1037 2677 1085 2702 καὶ
1109 2676 1302 2712 προϐλήματος
1330 2679 1380 2715 τὴν
1409 2679 1527 2716 θεωρίαν
1548 2683 1702 2716 ἀναπτύξαι
1728 2694 1756 2712 τε
1783 2686 1831 2712 καὶ

1035 2721 1225 2756 διευκρινῆσαι
1250 2723 1431 2760 πειράσομαι.
1455 2725 1591 2759 Ἥγείσθω
1619 2729 1646 2755 δὲ
1677 2730 1724 2756 τοὺ
1747 2731 1830 2765 λόγου

1041 2767 1159 2801 Χριστὸς
1182 2768 1196 2794 ὁ
1220 2768 1288 2800 Θεὺς
1308 2771 1354 2796 καὶ
1371 2771 1475 2806 Λόγος,
1502 2773 1550 2799 καὶ
1571 2775 1628 2808 φῶς
1643 2795 1650 2808 ,
1676 2777 1722 2803 καὶ
1749 2776 1828 2813 ζωὴ,
