1973 3098
134 169 198 202 i317

656 169 802 199 CONTRA
823 171 983 202 NESTOR.
1005 173 1051 201 ET
1071 173 1231 203 EUTYCII.

1682 174 1749 207 12:18

130 223 177 248 καὶ
194 220 318 255 ἀλήθεια,
342 219 467 254 ἐμπνέων
493 221 558 255 ἡμῖν
580 221 688 248 σύνεσιν
718 223 759 254 είς
782 222 813 249 τί)
844 223 907 258 μετέ

966 232 1129 259 expromere
1143 234 1204 253 cum
1220 227 1306 262 gratia
1322 231 1348 254 et
1363 227 1497 262 sapientia
1511 229 1626 260 ccelesli,
1641 237 1700 264 quis
1715 231 1749 258 ad

129 267 239 302 χάριτος
254 271 301 292 καί
318 267 412 299 σοφίας
427 266 475 300 τῆς
488 266 601 297 ἄνωθεν,
623 266 657 293 τὰ
679 268 857 295 συντελοῦντα
874 270 914 300 είς

128 311 178 346 τὴν
190 311 326 342 ὑπόθεσιν,
347 311 394 337 καὶ
413 312 507 345 νοῆσαι
528 310 628 344 καλῶς,
644 311 693 338 καὶ
714 312 819 347 φράσαι
836 313 914 347 δυνη-

130 357 219 392 θῆναι.

163 413 195 439 Εί
215 412 265 448 μὲν
284 411 331 438 οὖν
354 411 446 446 ἐώρων
464 412 512 447 τὴν
541 412 589 439 νῦν
613 414 643 440 ὲν
667 414 724 444 τοῖς
744 413 914 445 ὑπεναντίοις

129 458 322 488 ὲπαναστᾷσαν
331 457 392 483 κατ’
404 457 526 491 ἀλλήλων
539 458 707 493 ζυγομαχίαν
719 459 815 494 μέχρις
823 460 913 486 αὐτῶν

128 503 242 530 ἐκείνων
269 503 410 538 μείνασαν,
431 502 501 529 ἀλλὰ
525 503 561 538 μὴ
576 505 622 530 καὶ
642 506 682 536 εὶς
699 505 772 539 ἡμᾶς
787 505 913 540 διαϐῆναι

128 548 348 583 φιλονεικοῦσαν,
365 549 436 583 τάχα
455 556 504 574 που
532 549 579 575 καὶ
602 550 697 584 κέρδος
722 550 913 586 ὑπελάμϐανον

127 595 176 630 τὴν
205 595 259 620 τῶν
288 594 417 620 ἐναντίων
447 594 537 629 μάχην
561 592 590 620 τε
613 596 659 621 καὶ
676 595 891 631 ἀντιπαράταξιν
905 605 911 611 ·

127 641 203 667 αὐτοὶ
214 641 269 676 γὰρ
289 641 340 667 ὑπὸ
353 639 429 674 σφῶν
447 639 607 675 βαλλόμενοι
624 641 671 668 καὶ
683 642 911 677 ἀνατρεπόμενοι,

126 687 203 713 οὐδὲν
219 688 284 721 ἡμῖν
297 688 423 722 πρᾶγμα,
438 687 479 712 ὅτι
496 685 532 721 μὴ
548 687 665 722 θεωρίαν
677 687 757 723 ψιλὴν
771 687 817 714 τοῦ
834 688 914 725 πολέ-

128 742 190 769 μου,
207 733 383 768 προύξένουν.
406 734 461 760 'Evl.
482 734 584 761 τούτων
609 734 689 769 μόνον
704 734 782 770 ἡμῶν
801 734 913 768 ἀλγυνο-

128 779 232 813 μένων,
260 779 293 813 τῇ
322 779 446 814 ἀπωλείᾳ
475 779 531 806 τῶν
555 778 688 813 ἀθετῆσαι
719 780 768 813 μὲν
800 780 841 810 είς
866 779 912 805 ’τὸν

125 822 200 850 οἶκον
213 824 306 856 Δαῦὶδ,
333 824 403 850 κατά
422 824 451 850 τὸ
472 824 573 858 λόγιον,
594 823 798 858 τολμησάντων,
829 824 913 859 ὑπερ-

127 869 234 896 ιδόντων
263 869 291 895 δὲ
311 869 357 895 καὶ
377 869 426 905 τὴν
460 870 528 905 πρὸς
546 870 592 897 τὸν
608 867 682 896 οἷκον
699 869 841 905 Ἰεροὸοὰμ
852 870 912 904 ὀμό·

123 915 268 946 νοιαν,καὶ
287 915 356 950 μηδὲ
372 915 482 950 ἐκείνην
512 915 750 950 συντηρηαάντων,
768 915 837 941 ἀλλὰ
852 924 910 950 σχι-

126 959 244 987 σθέντων
255 969 284 986 τε
311 961 359 987 καὶ
385 961 576 996 διαιρεθέντων
606 961 653 987 ἀπ’
671 961 793 996 ἀλλήλων
818 970 847 987 τε
865 961 911 987 καὶ

124 1006 194 1040 πρὸς
232 1005 366 1040 ἀλλήλους
391 1015 397 1022 ·
425 1007 463 1037 ὡς
497 1007 598 1039 ἐξεῖναι
630 1007 686 1037 τοῖς
718 1006 910 1041 συνετωτέροις

124 1051 156 1077 ἐκ
180 1050 228 1076 τοῦ
245 1051 352 1085 καρποῦ
371 1050 402 1077 τὸ
424 1051 533 1087 δένδρον
554 1050 755 1084 ἐπιγινώσκειν,
770 1050 840 1077 κατὰ
854 1050 909 1089 ’τὸν

124 1096 261 1130 Σωτήριον
278 1096 366 1130 λόγον,
380 1096 425 1123 διὰ
443 1096 498 1123 τῶν
523 1096 691 1131 πολυσχιδῶν
722 1096 843 1122 στάσεων
860 1095 909 1122 τοῦ

123 1141 154 1168 ὲν
177 1142 270 1172 αὐτοῖς
297 1142 473 1176 ἐνεργοῦντος
494 1141 668 1177 ταραχώδους
697 1142 852 1176 πνεύματος
875 1141 910 1168 τὰ

125 1187 245 1222 μάλιστα
258 1188 448 1222 δεικνυμένου.
467 1188 633 1222 Συμπέφυκε
646 1187 700 1224 γάρ
715 1197 773 1219 πως
787 1189 820 1222 τῇ
844 1188 909 1214 dwa-

124 1233 184 1268 ϐείᾳ
211 1233 241 1260 τὸ
263 1234 407 1269 φίλεχθρόν
427 1243 457 1260 τε
475 1234 522 1260 καὶ
550 1233 746 1269 πολεμοχαρές.
763 1233 819 1260 Νῦν
835 1231 862 1259 δὲ
877 1233 909 1269 δὴ

123 1279 236 1312 γέγονεν
259 1280 326 1314 ἡμῖν
345 1279 414 1314 πρὸς
427 1280 513 1306 κακοῦ
529 1280 545 1314 ἡ
559 1279 613 1306 τῶν
626 1279 730 1314 ἐχθρῶν
743 1279 810 1314 πρὸς
826 1279 908 1314 ἀλλή-

123 1324 186 1356 λους
206 1325 361 1361 δυσμένεια.
379 1326 411 1351 Ὢ
437 1326 485 1360 τῆς
517 1325 696 1357 ἀπαιδευσίας
711 1326 717 1351 !
732 1326 778 1352 καὶ
804 1325 857 1352 τῶν
881 1326 908 1352 ἐν

123 1372 208 1407 κακίᾳ
230 1371 295 1406 παρ’
306 1372 396 1402 αὑτοῖς
414 1372 547 1406 δευτέρων
560 1372 713 1406 γεγόναμεν
725 1371 884 1406 ἀθλιώτεροι
899 1379 906 1386 ·

124 1417 191 1453 μηδὲ
209 1418 271 1444 ὅσον
285 1418 309 1443 οἱ
328 1416 422 1451 ἐχθροὶ
438 1417 472 1443 τὰ
485 1417 607 1452 ἡμέτερα
629 1416 796 1443 ὲποπτεῦσαί
812 1425 841 1442 τε
861 1417 908 1443 καὶ

123 1463 239 1497 φυλάξαι
253 1463 407 1497 δυνάμενοι.
425 1462 511 1498 Εἴπερ
523 1463 536 1489 ὁ
553 1463 602 1497 μὲν
617 1462 730 1498 Θατέρου
744 1462 843 1498 μέρους
853 1462 907 1488 τῶν

123 1509 280 1544 σχισμάτων
296 1508 385 1544 πατὴρ
399 1509 428 1534 τὸ
440 1508 498 1534 δέον
517 1508 597 1542 ἔγνω,
607 1508 653 1535 καὶ
667 1508 767 1543 ᾐδέσθη
781 1508 827 1534 τὸν
838 1508 907 1535 κατὰ

121 1555 172 1588 τῆς
193 1554 324 1590 ἀληθείας
350 1554 472 1590 προφανῆ
495 1554 627 1588 πόλεμον,
642 1554 721 1589 ἡμεῖς
737 1554 764 1579 δὲ
777 1553 826 1588 τὴν
838 1554 908 1580 ὲκεί-

122 1610 175 1628 νων
202 1601 349 1634 ἐπίγνωσιν
362 1619 369 1631 ,
395 1600 505 1633 ἀγνοίας
535 1600 640 1633 ἑφόδιον
655 1599 838 1634 πεποιήμεθα,
859 1599 907 1627 καὶ
920 1609 941 1639 C

121 1645 274 1680 γεγόναμεν
302 1645 349 1671 καὶ
361 1644 414 1670 τῶν
431 1643 537 1679 ἐχθρῶν
552 1644 762 1678 ἀσυνετώτεροι.

157 1709 277 1743 Σευῆρου
309 1708 363 1743 γὰρ
382 1709 429 1735 καὶ
446 1708 601 1740 Ἰουλιανοῦ,
618 1708 673 1735 τῶν
696 1709 742 1736 δύο
768 1710 815 1744 τῆς
842 1711 907 1745 μιᾶς

122 1753 249 1785 ἁσεΰείας
263 1754 355 1788 ἀρχῶν
365 1753 435 1788 πρδς
448 1753 560 1784 ἑαυτοὺς
572 1753 772 1788 διενεχθέντων,
786 1753 907 1788 ἀνοήτως

123 1801 172 1836 μὲν
195 1801 233 1830 ὡς
261 1800 328 1835 πρὸς
351 1799 400 1830 τὰς
421 1799 523 1830 οίκείας
545 1798 644 1834 ἀρχὰς,
663 1799 806 1834 ἐμφρόνως
820 1799 847 1825 δὲ
869 1799 906 1830 ὼς

122 1845 190 1881 πρὸς
213 1844 298 1880 αὑτὴν
322 1845 371 1880 τὴν
401 1843 542 1879 ἀλήθειαν,
565 1845 613 1870 καὶ
633 1844 697 1879 περὶ
720 1843 766 1870 τοῦ
785 1844 905 1879 φθαρτοῦ

121 1890 359 1926 ζυγομαχοῦντων,
378 1890 402 1915 οἱ
419 1890 468 1924 μὲν
487 1889 536 1923 τῆς
552 1890 672 1924 Σευήρου
693 1889 808 1924 μερίδος,
826 1890 905 1924 φιλα-

120 1937 209 1972 λήθως
227 1937 324 1969 εἰπεῖν,
340 1936 389 1970 τῆς
403 1936 458 1962 τῶν
472 1935 575 1970 ἐχθρῶν
595 1935 809 1970 παρεκέρδαινον
823 1944 907 1970 πονη-

123 1983 183 2018 ρίας
194 1990 201 1998 ·
217 1983 234 2010 ἃ
256 1983 309 2018 γὰρ
331 1982 381 2009 οὐκ
408 1982 441 2009 ἂν
465 1990 507 2013 τις
524 1981 622 2013 αὐτοὺς
635 1982 689 2017 πρὸ
705 1982 802 2009 τούτου
819 1983 905 2009 εἰπεῖν

119 2029 211 2056 Emtae
223 2051 230 2062 ,
248 2028 335 2055 ταῦτα
359 2029 374 2063 ὴ
396 2028 442 2054 νῦν
465 2028 533 2062 πρὸς
549 2029 611 2059 τοὺς
626 2027 744 2058 οἰκείους
758 2028 906 2062 δυσμένεια

118 2075 288 2109 ὁμολογῆσαι
311 2075 481 2110 ἠνάγκασεν·
499 2074 583 2109 ἡνίκα
599 2073 628 2099 δὲ
651 2073 719 2108 πρὸς
745 2073 794 2104 τὰς
819 2073 905 2106 αὐγὰς

118 2121 168 2155 τῆς
200 2119 331 2154 ἀληθείας
367 2118 507 2145 ἀνανεύειν
537 2117 654 2153 ἤρξαντο
672 2137 679 2148 ,
714 2117 764 2152 τὴν
795 2117 904 2143 ἐκείνων

118 2166 263 2193 ἀνάνευσιν
279 2164 409 2198 ἀόλεψίας
421 2163 549 2190 ὑπόθεσίν
571 2171 644 2193 τινες
657 2162 735 2196 ἔσχον
760 2162 815 2187 τῶν
837 2162 905 2196 ἡμε-

119 2212 215 2246 τέρων,
232 2212 265 2245 τῇ
289 2210 390 2245 χείρονι
417 2209 500 2244 μοίρᾳ
523 2207 715 2242 προσθέμενοι,
728 2208 775 2234 καὶ
798 2207 831 2233 δι’
846 2207 904 2238 ἑνὸς

119 2257 240 2292 ῥήματος
268 2257 307 2287 είς
339 2255 437 2282 ταυτὸν
460 2251 543 2289 ἦλθον
560 2253 616 2283 τοῖς
632 2253 783 2283 ἐναντίοις·
802 2251 848 2278 καὶ
870 2252 903 2278 δι’

118 2301 285 2336 εὐπρέπειαν
299 2300 440 2335 ὀνόματος,
457 2299 547 2325 πᾶσαν
561 2298 610 2324 σὺν
623 2297 738 2328 ἐκείνοις
748 2296 903 2323 ἀπεσκευά-

119 2355 200 2374 σαντο
214 2345 262 2381 τὴν
277 2345 445 2380 οἰκονομίαν.

159 2401 288 2428 Ἐκείνων
320 2401 385 2435 γὰρ,
424 2399 462 2431 ὡς
494 2399 579 2434 ἔφην,
617 2399 737 2438 ἀνοήτως
777 2398 826 2433 μὲν
865 2398 902 2429 ὡς

106 2447 186 2483 ’πρὸς
203 2447 253 2477 τὰς
275 2446 326 2480 τῆς
349 2444 479 2480 ἀληθείας
494 2444 622 2479 ἀφορμὰς
638 2444 804 2479 ζητούντων,
823 2443 904 2469 πότε-

119 2502 166 2528 ρον
179 2493 221 2518 δεῖ
236 2491 356 2526 φθαρτὸν
370 2490 416 2516 καὶ
437 2489 558 2524 παθητὸν
572 2490 603 2516 τὸ
620 2489 698 2525 σῶμα
716 2490 815 2523 λέγειν,
834 2490 902 2523 ὅπερ

118 2539 148 2570 ἐξ
170 2536 249 2572 ἡμῶν
273 2535 342 2570 ὑπὲρ
359 2534 437 2570 ἡμῶν
459 2534 578 2569 φορέσας
590 2535 603 2560 ὁ
617 2535 717 2569 Κύριος
731 2535 810 2569 ἡμῶν
837 2543 902 2561 κατ-

118 2583 238 2615 εδέξατο,
255 2582 376 2617 Σευῆρος
398 2580 446 2615 ὀψὲ
465 2580 526 2615 μὲν,
538 2581 613 2615 ὅμως
628 2580 650 2606 δ’
662 2579 708 2607 οὖν
728 2579 827 2616 ᾔσθετο
842 2580 904 2606 ἐαυ-

117 2629 177 2660 τοῦ,
197 2629 244 2655 καὶ
260 2627 308 2654 τοῦ
328 2627 400 2654 κατὰ
415 2626 468 2653 τῶν
488 2625 598 2652 οἰκείων
619 2626 807 2661 παρεκέρδανε
822 2626 902 2652 πολέ-

120 2683 184 2709 μου,
201 2673 385 2708 ἀναγκασθεὶς
401 2672 538 2708 διαφοράν
551 2680 580 2698 τε
596 2672 644 2698 καὶ
658 2671 794 2706 ἰδιότητας
809 2672 904 2706 ὁμολο-

119 2718 204 2753 γῆσαί
220 2727 250 2744 τε
265 2719 313 2745 καὶ
330 2718 459 2754 κηρύξαι.
481 2718 538 2753 Τῆς
553 2717 636 2745 αὖτοῦ
651 2717 674 2744 δ’
690 2717 723 2744 ἂν
739 2717 781 2753 εἴη
796 2717 903 2752 σοφίας,

119 2763 168 2791 καὶ
183 2764 237 2791 τῶν
252 2764 429 2800 ἐζηλωκότων
446 2765 539 2797 αὑτὸν,
555 2763 687 2800 διαφορὰν
707 2765 754 2791 καὶ
771 2764 904 2798 ἰδιότητας

120 2812 294 2845 κατηγορεῖν,
314 2811 344 2837 οὐ
366 2812 428 2838 καθ’
452 2811 642 2846 ὑποκειμένων
670 2810 858 2846 πραγμάτων·
888 2810 905 2846 ἢ

121 2855 168 2882 δόο
196 2856 413 2892 παραιτούμενον
448 2857 544 2892 φύσεις
568 2857 720 2892 ὁμολογεῖν,
742 2855 788 2883 δύο
817 2855 905 2890 λέγειν

967 273 1109 299 materiam
1125 273 1258 307 propositi
1274 274 1428 308 argumenti
1444 274 1592 308 pertinent.

1001 414 1028 441 Si
1042 414 1124 449 igitur
1135 421 1254 450 pugnam
1271 422 1344 442 nunc
1354 415 1574 442 adversariorum
1588 415 1661 443 inter
1675 416 1749 450 ipsos

964 459 1120 492 excitatam,
1136 459 1259 487 viderem
1276 460 1305 486 in
1323 459 1390 494 ipsis
1410 460 1464 487 illis
1483 461 1627 493 mansisse.
1644 466 1672 489 et
1693 469 1748 488 non

964 505 998 532 ad
1020 513 1070 532 nos
1098 513 1185 540 usque
1215 505 1343 540 progredi
1376 506 1605 537 contendentem.
1632 506 1748 533 fortasse

965 551 1071 579 lucrum
1087 551 1215 579 ducerem
1233 558 1350 586 pugnam
1364 555 1391 577 et
1405 553 1636 579 concertationem
1652 552 1749 579 adver-

964 597 1117 624 sariorum:
1144 597 1196 631 ipsi
1214 597 1287 624 enim
1305 605 1319 624 a
1345 597 1443 631 seipsis
1465 597 1587 631 percussi
1612 602 1640 624 et
1657 598 1746 624 eversi

963 643 1068 670 nullum
1095 643 1235 677 negotium
1252 642 1348 673 'nobis.
1370 642 1423 669 nisi
1447 643 1536 669 solum
1560 643 1747 677 spectaculum

963 689 1027 717 belli
1041 689 1213 716 adhiberent.
1227 689 1287 716 Uno
1302 692 1407 715 tantum
1423 687 1521 715 horum
1538 688 1649 715 interitu
1670 689 1746 716 dole—

963 742 1072 767 remus;
1091 734 1137 768 qui
1152 734 1262 761 domum
1286 733 1397 767 quidem
1413 733 1510 765 David,
1530 733 1601 760 sicut
1616 733 1654 760 ait
1674 733 1749 760 Scri-

963 785 1053 815 ptura,
1079 787 1207 814 respuere
1225 779 1284 806 ausi
1300 784 1374 811 sunt,
1398 779 1573 806 concordiam
1595 786 1662 805 vero
1684 787 1746 806 cum

963 825 1045 851 domo
1061 824 1208 851 Jeroboam
1224 823 1414 858 neglexerunt.
1429 831 1480 850 nec
1501 823 1574 849 illam
1590 828 1745 855 servarunt,

962 870 1010 897 sed
1028 870 1156 904 disrupti,
1176 873 1204 896 et
1219 869 1327 896 discissi
1341 877 1355 896 a
1375 877 1404 896 se
1427 873 1455 896 ct
1471 869 1602 896 adversus
1617 877 1646 896 sc
1664 875 1744 902 sunt;

963 919 994 942 ut
1007 915 1090 943 liceat
1106 915 1188 950 paulo
1205 914 1377 941 acutioribus
1392 922 1425 941 ex
1441 914 1530 941 fructu
1556 914 1682 941 arborem
1698 922 1746 942 co-

962 968 1104 995 gnoscere,
1131 960 1202 987 sicut
1227 960 1352 987 Salvator
1372 960 1456 990 dixit,
1481 968 1551 996 cum.
1571 960 1746 987 turbulentus

960 1005 1075 1040 spiritus
1099 1005 1146 1039 qui
1170 1005 1197 1031 in
1222 1005 1263 1032 eis
1289 1010 1433 1040 operatur,
1462 1014 1495 1032 ex
1520 1010 1573 1032 tam
1602 1006 1744 1041 multiplici

960 1049 1091 1077 scissione
1104 1057 1199 1076 eorum
1214 1049 1330 1076 maxime
1343 1049 1558 1076 demonstretur.
1572 1050 1687 1078 lnsitum
1704 1056 1746 1078 est

958 1094 1034 1121 enim
1049 1094 1183 1129 impietali
1201 1094 1322 1121 studium
1339 1094 1492 1121 inimicitiae
1516 1099 1543 1122 et
1566 1095 1640 1122 belli.
1666 1096 1745 1123 Nunc

960 1145 1051 1167 autem
1059 1140 1234 1166 inimicorum
1242 1139 1314 1166 inter
1322 1147 1350 1166 se
1362 1139 1552 1167 malevolentia
1563 1144 1591 1167 et
1599 1140 1744 1168 dissidium

959 1186 1040 1213 nobis
1057 1190 1148 1213 nocet.
1165 1185 1379 1220 Oimperitiaml
1406 1191 1434 1213 et
1451 1186 1514 1213 facti
1540 1194 1635 1214 sumus
1659 1188 1744 1215 mise«

959 1231 1123 1263 rabiliores,
1153 1239 1235 1265 quam
1266 1230 1312 1265 qui
1341 1231 1412 1265 apud
1437 1239 1484 1258 eos
1509 1232 1535 1258 in
1564 1233 1666 1259 malitia
1699 1241 1745 1260 se-

959 1277 1062 1305 cundas
1095 1281 1208 1308 tenent;
1241 1277 1287 1311 qui
1320 1284 1410 1311 neque
1446 1282 1579 1313 quantum
1616 1279 1743 1311 inimici,

959 1327 1053 1349 nostra
1070 1322 1165 1348 videre
1184 1326 1211 1348 et
1234 1322 1373 1349 custodire
1397 1330 1552 1356 possumus.
1579 1323 1606 1351 Si
1632 1324 1743 1359 quidem

959 1367 1074 1395 alterius
1094 1367 1181 1402 partis
1205 1367 1382 1394 schismatum
1409 1373 1487 1402 pater
1519 1370 1648 1404 cognovit
1677 1370 1742 1405 quid

959 1421 1028 1448 opus
1043 1417 1136 1445 esset;
1155 1417 1183 1439 et.
1204 1413 1310 1440 veritus
1333 1418 1375 1440 est
1404 1414 1504 1441 bellum
1530 1420 1623 1449 aperte
1647 1420 1747 1444 contra

959 1458 1103 1485 veritatem
1121 1458 1260 1490 suscipere
1274 1467 1281 1490 ;
1297 1466 1347 1485 nos
1358 1466 1423 1486 vero
1436 1460 1619 1495 cognitionem
1631 1461 1740 1490 illorum

959 1502 1062 1529 aditum
1086 1502 1120 1529 ad
1147 1502 1329 1537 ignorantiam
1357 1503 1483 1536 fecimus,
1508 1504 1626 1540 factique
1648 1513 1741 1535 sumus

959 1548 1192 1584 imprudentiores
1207 1556 1288 1583 quam
1306 1548 1422 1576 inimici.

992 1710 1060 1740 Cum
1076 1712 1149 1739 enim
1170 1712 1288 1740 Severus
1303 1717 1331 1740 et
1344 1713 1478 1747 Julianus,
1494 1715 1549 1742 duo
1567 1717 1642 1745 initia
1661 1720 1743 1747 unius

958 1756 1124 1791 impietatis,
1151 1756 1224 1784 inter
1247 1765 1277 1784 se
1300 1757 1482 1791 dissiderent,
1508 1760 1593 1788 stulte
1613 1763 1741 1796 quidem,

957 1801 1046 1837 quoad
1062 1801 1172 1836 propria
1184 1802 1328 1836 principia,
1346 1803 1457 1831 cordate
1471 1811 1537 1831 vero
1549 1807 1638 1840 quoad
1655 1808 1742 1843 ipsam

956 1847 1118 1879 veritatem,
1157 1851 1185 1874 et
1210 1847 1244 1874 de
1272 1849 1444 1883 corruptibili
1478 1854 1506 1877 et
1538 1851 1741 1888 incorruptibili

957 1896 1166 1925 concertarent;
1186 1893 1233 1927 qui
1257 1898 1336 1920 erant
1360 1895 1445 1929 partis
1469 1896 1574 1929 Severi,
1595 1903 1625 1925 ut
1644 1908 1741 1930 verum

956 1939 1055 1971 dicam,
1074 1938 1248 1966 inimicorum
1264 1939 1426 1974 pravitatem
1445 1941 1473 1968 in
1486 1942 1563 1969 lucro
1581 1945 1739 1978 ponebant:

956 1993 1016 2020 quae
1043 1984 1117 2011 enim
1143 1985 1237 2011 nullus
1256 1985 1297 2012 eis
1325 1990 1387 2013 ante
1420 1987 1494 2014 hunc
1518 1988 1611 2017 dicere
1633 1992 1739 2021 suasit.

956 2030 1014 2057 haec
1039 2037 1114 2057 nunc
1131 2030 1323 2057 malevolentia
1341 2031 1369 2058 in
1393 2039 1467 2065 suos,
1491 2035 1615 2062 conﬁteri
1633 2037 1737 2073 coegit:

955 2078 1099 2110 postquam
1123 2081 1190 2101 vero
1208 2074 1235 2101 in
1257 2075 1430 2109 splendorem
1457 2079 1581 2106 veritatis
1604 2082 1740 2117 conjicere

955 2120 1050 2147 oculos
1066 2123 1220 2154 cmperunt,
1237 2121 1378 2155 conjectus
1396 2122 1504 2150 illorum
1521 2125 1572 2152 fuit
1590 2134 1672 2155 causa
1688 2137 1741 2157 ca:-

955 2165 1046 2193 citatis
1063 2165 1239 2200 quibusdam,
1254 2166 1300 2200 qui
1315 2174 1346 2193 ex
1365 2169 1476 2201 nostris,
1493 2170 1526 2196 ad
1543 2172 1662 2206 pejorem
1676 2181 1739 2208 par—

956 2216 1009 2238 tem
1027 2219 1055 2238 se
1071 2211 1255 2246 adjunxerunt
1272 2215 1299 2238 et
1316 2220 1365 2246 per
1384 2221 1467 2240 unum
1477 2216 1594 2247 verbum
1609 2225 1642 2245 eo
1657 2219 1739 2247 deve-

954 2257 1067 2285 nerunt,
1091 2258 1121 2280 ut
1146 2254 1218 2280 idem
1246 2259 1328 2289 atque
1352 2256 1502 2289 adversarii
1529 2261 1685 2295 sentirent,
1710 2269 1739 2292 et

955 2303 1069 2333 propter
1084 2299 1210 2326 decorem
1230 2300 1350 2328 nominis
1365 2306 1452 2329 totum
1470 2303 1667 2335 incarnationis
1681 2317 1740 2346 my-

955 2344 1069 2370 sterium
1086 2345 1268 2372 sustulerttnt.
1689 2353 1691 2355 ‘

991 2400 1059 2428 Cum
1085 2401 1176 2434 enim,
1195 2406 1226 2428 ut
1243 2402 1315 2435 dixi.
1345 2405 1427 2432 stulte
1455 2405 1495 2433 iiIi
1512 2409 1600 2441 quoad
1628 2414 1737 2446 propria

956 2447 1109 2481 principia,
1133 2447 1285 2482 prudenter
1303 2457 1370 2476 vero
1384 2452 1474 2485 quoad
1494 2460 1591 2481 causas
1616 2457 1739 2487 veritatis

957 2497 1120 2528 quaererent,
1149 2498 1241 2521 utrum
1264 2496 1444 2530 corruptibile
1475 2506 1508 2525 an
1533 2499 1740 2537 incorruptibile

955 2539 1104 2567 dicendum
1120 2544 1194 2567 esset
1209 2548 1312 2575 corpus
1327 2542 1446 2576 Domini,
1461 2546 1533 2579 quod
1551 2555 1584 2574 ex
1599 2549 1679 2577 nobis
1690 2559 1739 2586 pro

955 2585 1036 2613 nobis
1057 2585 1191 2623 Dominus
1213 2585 1304 2614 induit
1322 2592 1350 2614 et
1374 2590 1509 2624 suscepit;
1536 2592 1654 2622 Severus
1678 2585 1741 2624 sero

957 2631 1080 2666 quidem,
1095 2635 1185 2658 tamen
1195 2632 1285 2663 sensit
1300 2632 1410 2660 demum
1441 2635 1578 2671 seipsum;
1596 2643 1623 2666 et
1637 2640 1739 2669 bellum

958 2681 1052 2704 contra
1069 2684 1134 2704 suos
1150 2677 1273 2704 lucratus
1287 2682 1339 2709 est,
1355 2683 1466 2708 coactus
1483 2683 1608 2711 conﬁteri
1625 2690 1653 2713 et
1668 2694 1739 2721 prae-

959 2722 1051 2750 dicare
1068 2722 1251 2749 differentiam
1268 2727 1296 2750 et
1312 2724 1503 2759 proprietates.
1525 2727 1567 2755 Sit
1584 2733 1676 2758 autem
1695 2739 1738 2759 sa.

958 2767 1069 2801 pientiae
1084 2763 1152 2802 ejus,
1165 2771 1193 2794 et
1207 2775 1302 2795 eorum
1317 2768 1364 2803 qui
1377 2769 1489 2798 student
1503 2772 1540 2804 ei,
1558 2773 1738 2803 diﬂ'erenliarr

960 2816 989 2839 et
1005 2812 1187 2846 proprietates
1201 2812 1353 2846 pradieare
1369 2822 1425 2842 non
1443 2815 1476 2843 de
1492 2816 1623 2850 subiectis
1639 2818 1739 2849 rebus;

960 2858 1002 2884 vel
1021 2857 1089 2885 duas
1103 2862 1214 2885 naturas
1231 2858 1356 2887 conﬁteri
1378 2865 1560 2896 recusantem,
1577 2870 1631 2890 non
1652 2864 1741 2892 vereri
