1973 3098
120 171 183 206 1321

651 168 799 199 CONTRA
819 168 978 198 NESTOR.
1000 168 1047 198 ET
1068 167 1225 197 EUTYCH.

1675 165 1743 197 i322

117 230 140 255 εἰ
166 227 214 255 ἐπὶ
237 226 284 253 τοῦ
309 225 433 261 βήματος
455 223 623 259 ὡμολόγουν,
653 223 797 257 ἄνθρωπον
827 221 907 247 αὐτὸν

964 229 1006 248 :os
1026 221 1128 248 invidia
1145 222 1263 256 cepisset
1279 219 1483 249 resurrectione
1500 220 1619 248 hominis
1645 222 1745 256 praedi-

118 275 199 310 μόνον
216 271 287 300 εῖναι
303 272 347 298 τὸν
361 270 560 306 γεγεννημένον
575 270 607 295 ὲκ
623 268 671 302 τῆς
687 267 837 303 Παρθένου,
856 267 903 292 καὶ

117 317 336 354 ἐσταυρωμένον,
362 317 409 342 καὶ
432 314 614 349 τεθαμμένον,
630 313 677 339 καὶ
704 312 902 347 ἐγηγερμένον.

117 366 197 396 Ποῖος
214 364 268 399 γὰρ
286 362 318 389 ἂν
340 361 437 396 φθόνος
463 360 561 390 αὐτοὺς
582 357 756 392 ὑπεισῆλθεν,
776 357 825 391 τῆς
841 357 906 383 ἀνα-

118 410 238 440 στάσεως
266 407 412 443 ἀνθρώπου
441 403 718 438 καταγγελλομένηςς
737 403 771 428 υἴ
794 411 826 435 γε
845 401 905 428 οὐδὲ

119 458 160 483 ἐπ’
176 457 248 490 ἄλλῳ
262 455 316 481 τινὶ
329 454 384 479 τῶν
408 453 464 479 εἴτε
483 451 708 487 μεμυθευμένων,
726 450 782 475 εἴτε
798 448 906 483 ἀληθῶς

118 501 267 529 ἀναϐιῶναι
292 498 501 534 ἱστορουμένων,
517 497 627 532 ἥλωσαν
646 495 783 531 βασκανίᾳ
800 494 906 520 πολλῶν

119 557 150 582 γε
180 548 281 574 δντων”
313 545 374 571 οὔτε
400 545 427 570 δὲ
451 544 475 569 εἰ
495 543 567 570 κατὰ
587 543 650 573 τοὺς
663 541 712 576 τὴν
732 541 795 567 νέαν
811 540 908 574 σοφίαν

120 593 306 627 σοφισθέντας,
321 591 370 616 καὶ
383 590 449 616 αὐτὸ
464 589 494 615 τὸ
514 589 593 622 σῶμα
608 588 653 614 τοῦ
670 587 786 622 Χριστοῦ
804 585 909 616 ἀπαθές

118 647 148 664 τε
161 638 207 664 καὶ
221 637 366 671 ἄτρεπτον,
378 635 425 660 καὶ
435 633 618 660 ἀναλλοίωτον
633 632 715 666 τῆσδε
731 631 815 664 αὐτῆς
833 631 908 663 ἐξου-

121 685 180 714 σίας
204 681 345 718 ἠρτήσθω,
372 680 419 706 καὶ
446 678 561 713 ἀόρατον
577 678 643 704 αὐτὸ
661 677 842 711 βλασφημεῖν,
863 675 910 702 καὶ

120 730 232 764 ἀναφὲς,
245 728 293 754 καὶ
316 727 503 762 ἀψηλάφητον,
519 724 614 751 ἄποιον
627 732 656 750 τε
672 723 719 750 καὶ
734 723 844 753 ἀποσον,
862 722 910 748 καὶ

122 775 275 811 συλλήϐδην
302 773 465 808 ἀσώματον·
481 771 552 806 ἂπερ
581 770 671 797 πάντα
694 769 732 805 τῷ
761 767 910 804 θαυμαστῷ

121 823 208 858 τούτῳ
222 822 271 856 τῆς
287 820 443 855 ἀφθαρσίας
458 817 662 846 συνεπινοοῦσιν
679 817 802 851 ὀνόματι.

156 868 204 900 Τίς
231 868 286 902 γὰρ
311 868 327 902 ἡ
354 866 558 900 ἀποκλήρωσις,
586 864 620 890 τὰ
651 863 700 898 μὲν
727 863 827 890 διδόναι
858 862 910 889 τῶν

121 898 281 946 θεοπρεπῶν
309 898 549 944 ὀνομάτων-αὐτῷ,
566 908 600 934 τὰ
613 908 641 935 δὲ
658 909 841 943 ἀποστερεῖν;
864 908 910 933 καὶ
927 898 947 925 Β

123 958 189 985 πολύ
205 967 230 983 τι
249 958 331 992 μέρος
351 957 400 990 τῆς
415 956 494 989 ἀξίας
511 964 538 982 τε
558 955 695 989 καὶτιμῆς
711 954 911 988 ὑποτέμνεσθαι

121 1005 179 1036 τοῦ,
196 1004 322 1038 καθάπερ
336 1003 413 1029 αὐτοὶ
429 1003 536 1037 ἀτίμως
565 1001 731 1033 δοξάζουσιν,
749 1001 910 1036 ὑπερουσίου

122 1052 170 1076 καὶ
191 1049 347 1085 ὑπερφυοῦς
373 1049 420 1075 καὶ
443 1048 592 1082 ἀσωμάτου
617 1047 760 1082 σώματος;
783 1047 830 1078 Τίς
843 1047 864 1072 δ’
879 1047 911 1073 ἂν

125 1096 170 1123 καὶ
186 1096 344 1131 χαλεπαίνοι
362 1094 416 1131 τῶν
440 1094 565 1120 ἀπίστων
584 1093 660 1128 ἡμῖν,
677 1093 704 1118 ετ
717 1102 746 1126 γε
770 1093 806 1127 μὴ
831 1092 911 1126 φύσει

121 1144 152 1169 τὸ
178 1143 258 1176 σῶμα
279 1141 325 1167 τοῦ
354 1139 456 1176 Κυρίου
479 1140 608 1174 λέγοιμεν
626 1160 633 1171 ,
661 1139 779 1174 ὀφθῆναί
804 1147 835 1164 τε
864 1140 911 1166 καὶ

123 1187 224 1223 βρῶσιν
237 1187 284 1213 καὶ
303 1187 383 1213 ποτὸν
397 1185 644 1220 προσενέγκασθαι,
662 1185 708 1211 καί
726 1194 757 1219 γε
775 1185 910 1216 ὑπνῶσαι,

123 1233 140 1268 ἢ
157 1229 331 1262 πεπονθέναι,
348 1231 395 1257 καὶ
417 1231 466 1257 ὅσα
485 1231 553 1266 προς
576 1230 682 1261 τούτοις
707 1230 912 1265 ἀναμαρτήτως

122 1278 269 1312 ὑπομεῖναι
308 1278 357 1312 τὴν
404 1276 578 1311 ἀνθρωπίνην
619 1275 668 1301 οὑκ
705 1275 912 1311 ἁπερνθρίασας

122 1323 285 1356 ἀσθένειαν;
305 1323 383 1349 Ἔστι
397 1322 451 1356 γὰρ
467 1322 498 1357 δὴ
518 1330 568 1347 που
583 1321 641 1352 τοῖς
657 1322 723 1347 πᾶσι
744 1321 910 1355 καταφανὲς,

122 1370 162 1396 ὅτι
180 1368 266 1396 πολλὰ
288 1368 399 1395 τοιαῦτα
415 1368 465 1403 ἤδη
488 1367 635 1401 γεγένηται
659 1367 734 1402 νόμῳ
762 1367 909 1402 θαύματος,

122 1413 179 1441 ἀλλ’
198 1413 229 1439 οὺ
246 1413 318 1448 λόγῳ
341 1412 459 1449 φύσεως.
473 1412 510 1438 Οὐ
532 1411 587 1445 γὰρ
610 1412 642 1437 ἂν
666 1412 706 1442 είς
720 1411 799 1437 τοῦτο
813 1411 912 1445 μανίας

123 1458 298 1493 ἐξοίστρησεν
320 1458 334 1483 ὁ
356 1455 570 1491 πολυάνθρωπος
595 1455 649 1481 τῶν
668 1454 801 1481 Ἰουδαίων
814 1456 910 1489 δῆμος,

123 1502 149 1529 εἰ
163 1511 204 1534 τις
223 1502 298 1537 αὐτῷ
319 1502 476 1536 παρέστησε
495 1501 584 1534 λόγος,
602 1500 639 1535 μὴ
656 1501 748 1535 ὅμοιον
762 1502 828 1535 ἡμῖν
842 1499 911 1526 εἶναι

956 267 1036 294 cata?
1053 267 1104 300 Qui
1128 267 1239 301 quidem
1264 267 1292 294 in
1315 267 1393 294 nullo
1418 266 1472 294 alio
1494 274 1601 299 eorum,
1619 267 1677 295 sive
1697 267 1743 302 qui

956 315 1036 345 falso,
1057 315 1114 342 sive
1141 316 1188 349 qui
1211 322 1276 342 vere
1293 315 1327 342 ad
1346 315 1431 343 vitam
1456 315 1578 342 revocati
1596 322 1657 342 esse
1681 323 1745 342 nar-

957 365 1063 392 rantur,
1082 360 1184 387 invidia
1207 361 1337 387 commoti
1354 366 1429 393 sunt.
1455 369 1517 388 cum
1538 360 1619 388 multi
1642 361 1745 395 alioqui

958 407 1078 434 iuerint:
1097 414 1187 440 neque
1210 414 1275 433 vero
1295 407 1316 433 si
1337 407 1489 434 secundum
1512 414 1610 433 novam
1630 407 1745 434 istorum

958 453 1133 487 sapientiam,
1162 453 1252 486 ipsum
1270 460 1369 486 corpus
1394 452 1496 479 Christi
1518 453 1554 479 sit
1575 451 1745 487 impassihile

958 503 986 526 et
1004 499 1167 530 immortale,
1193 502 1221 526 et
1239 498 1417 531 invariabile;
1438 506 1471 526 ex
1486 499 1583 526 eadem
1611 503 1746 533 potestate

958 545 1088 579 pendeat,
1109 545 1245 572 invisibile
1263 545 1351 579 ipsum
1367 544 1526 578 blaspheme
1542 544 1645 575 dicere,
1663 549 1690 571 et
1705 544 1748 571 in-

959 592 1051 619 tactile
1075 596 1104 618 et
1128 599 1182 618 non
1201 591 1353 622 tractabile,
1381 590 1441 617 sine
1456 590 1609 624 quantitate
1633 593 1662 617 et
1688 590 1747 617 sine

959 637 1101 671 qualitate,
1114 641 1141 664 et
1162 638 1188 663 in
1203 644 1320 668 summa,
1335 637 1544 670 incorporeum:
1563 643 1623 670 quae
1636 636 1747 670 quidem

960 680 1051 707 omnia
1066 688 1119 707 una
1140 688 1202 707 cum
1217 681 1270 708 hoc
1289 680 1445 707 admirabili
1466 680 1578 707 nomine
1595 681 1747 715 incorrupti

961 727 1092 762 cogitant.

996 859 1061 892 Quae
1085 860 1159 887 enim
1179 861 1288 887 sortitio
1309 865 1368 892 est,
1384 860 1437 887 alta
1456 861 1567 895 quidem
1591 869 1624 888 ex
1648 860 1750 888 divinis

962 905 1120 932 nominibus
1136 905 1259 932 tribucre
1274 906 1311 937 ei,
1327 910 1354 932 et
1366 906 1428 933 aliis
1441 907 1565 941 privare;
1580 910 1608 933 et
1624 914 1749 941 magnam

963 956 1068 985 partem
1089 951 1232 988 dignitatis
1250 956 1278 979 et
1293 944 1408 978 honoris
1431 952 1601 984 abscindere,
1628 959 1643 978 a
1667 959 1748 987 supra

962 997 1156 1028 substantiam,
1170 1001 1200 1024 ut
1220 997 1270 1032 ipsi
1290 997 1448 1033 opinantur.
1463 1002 1491 1024 et
1505 1005 1587 1032 supra
1608 1001 1748 1028 naturam,

962 1048 990 1070 et
1007 1044 1171 1078 incorporeo
1187 1043 1319 1077 corpore?
1332 1043 1399 1076 Quis
1423 1047 1514 1070 autem
1537 1051 1570 1069 ex
1591 1042 1750 1069 inﬁdelibus

962 1096 1033 1124 aegre
1061 1088 1140 1121 ferat,
1167 1089 1188 1115 si
1216 1088 1340 1116 dicamus
1366 1096 1466 1122 corpus
1481 1087 1583 1115 Christi
1609 1096 1663 1115 non
1689 1096 1750 1115 esse

962 1139 1060 1161 natura
1085 1135 1183 1166 visum,
1198 1139 1225 1161 ct
1247 1134 1338 1162 cibum
1366 1139 1392 1161 et
1412 1134 1553 1168 potionem
1578 1134 1749 1165 adhibuisse,

963 1185 990 1208 et
1005 1181 1149 1213 dormisse,
1170 1189 1201 1208 ac
1223 1188 1333 1216 passum
1358 1188 1429 1212 esse,
1454 1184 1482 1208 et
1498 1187 1669 1215 qumcunque
1695 1180 1747 1206 alia

963 1231 1061 1261 praeter
1080 1227 1138 1254 haec
1165 1227 1312 1254 humanam
1345 1226 1533 1254 inﬁrmitatem
1565 1226 1751 1254 sustinuisse?

963 1273 1011 1300 Est
1037 1273 1111 1300 enim
1155 1273 1284 1299 omnibus
1328 1272 1524 1304 manifestum.
1568 1273 1655 1300 multa
1701 1274 1751 1301 hu-

962 1317 1083 1351 jusmodi
1112 1318 1167 1352 jam
1201 1318 1272 1345 facta
1302 1325 1362 1344 esse
1384 1317 1444 1351 lege
1467 1317 1605 1349 miraculi,
1626 1325 1680 1346 non
1706 1327 1750 1346 ra-

964 1364 1037 1391 tione
1060 1368 1175 1391 naturae.
1200 1363 1260 1390 Non
1289 1363 1362 1390 enim
1387 1370 1419 1390 eo
1445 1362 1590 1390 dementire
1620 1370 1751 1397 provecta

962 1414 1036 1438 esset
1051 1409 1200 1437 multitudo
1214 1409 1382 1440 .ludzeorum,
1398 1409 1419 1435 si
1436 1415 1497 1443 quze
1511 1408 1583 1436 ratio
1603 1409 1670 1444 ipsis
1685 1418 1751 1444 pro—

963 1455 1065 1485 basset,
1078 1463 1132 1481 non
1147 1454 1230 1481 fuisse
1243 1453 1333 1480 simile
1347 1453 1427 1480 nobis
1441 1461 1490 1488 per
1504 1454 1604 1483 omnia.
1616 1458 1645 1480 et
1656 1462 1751 1482 revera

963 1501 1091 1528 humanae
1108 1504 1214 1527 natura}
1229 1507 1339 1534 corpus.
1356 1499 1429 1534 quod
1448 1499 1483 1526 ab
1506 1499 1573 1534 ipsis
1588 1501 1750 1527 cruciﬁxum

124 1548 195 1574 κατὰ
211 1547 311 1577 πάντα,
335 1547 382 1573 καὶ
409 1546 494 1577 ὅντως
519 1545 692 1580 ἀνθρωπίνην
716 1544 847 1579 φύσιν,τὸ
865 1546 910 1572 ὑπ’

965 1551 993 1574 et
1007 1546 1134 1581 passione
1150 1546 1277 1573 ail'ectum
1298 1550 1340 1572 est
1359 1550 1387 1572 et
1408 1553 1423 1572 a
1443 1545 1587 1580 discipulis
1601 1546 1750 1582 sepultum.

124 1592 215 1619 αὐτῶν
246 1591 404 1627 σταυρωθέν
427 1599 455 1616 τε
481 1591 527 1616 καὶ
553 1589 639 1621 πάθος
662 1589 809 1623 δεξάμενον
822 1591 911 1625 σῶμα,

125 1638 173 1664 καλ¹
199 1636 369 1672 τεθαμμένον
393 1636 445 1662 ὑπὸ
472 1635 525 1662 τῶν
551 1635 708 1670 γνωρίμων.
730 1636 838 1662 Πολλῶν
859 1637 913 1671 γὰρ

126 1682 292 1717 θεοφανειῶν
326 1682 576 1717 ἀναπεπλησμένης
600 1682 651 1716 τῆς
684 1682 760 1717 ἱερᾶς
789 1682 911 1717 Γραςρῆς,

127 1729 241 1755 συνιδεῖν
255 1728 360 1760 ἔξεστιν
373 1727 414 1753 ὃτι
429 1735 461 1760 γε
476 1727 508 1761 δὴ
527 1726 597 1753 κατά
608 1727 637 1752 τὸ
650 1728 707 1758 τοῖς
720 1727 913 1762 οἰκονομουμέ-

126 1783 181 1806 νοις
199 1774 347 1808 συμφέρον,
362 1773 401 1804 εις
415 1772 573 1807 ἀνθρώπινα
586 1772 750 1807 σχήματάτε
764 1772 811 1798 καὶ
825 1773 914 1806 πράγ-

128 1828 213 1855 ματα,
224 1818 364 1854 ἐνεργείας
381 1827 410 1844 τε
420 1818 470 1844 καὶ
479 1817 575 1851 λόγους
585 1817 707 1852 καθῆκεν
727 1818 827 1852 ἑαυτὴν
839 1818 856 1852 ὴ
866 1817 911 1843 τοῦ

127 1864 195 1891 Θεοῦ
214 1864 291 1898 ἡμῶν
307 1864 372 1898 περὶ
386 1863 460 1897 ἡμᾶς
481 1862 571 1897 ἀγαθὴ
597 1862 710 1897 πρόνοια
721 1870 728 1877 ·
746 1862 793 1888 καὶ
810 1862 913 1890 τούτων

127 1910 203 1943 ὅμως
231 1909 306 1934 οὐδὲν
334 1908 431 1939 αὐτοὺς
446 1909 588 1942 προήγαγε
607 1907 638 1933 τὸ
657 1907 831 1942 ἀνθρωπίνας
849 1909 913 1934 ὑπο-

126 1955 222 1988 λήψεις
239 1955 303 1988 περὶ
322 1953 369 1979 τοῦ
391 1953 470 1979 Θείου
497 1953 600 1986 λαϐεῖν,
615 1954 639 1979 εἰ
662 1954 710 1980 καὶ
733 1953 913 1988 ἀνθρωπίνως

128 2000 195 2034 παρ’
215 1999 296 2026 αὑτοῦ
321 1998 490 2034 ᾠκονόμητο.
515 1999 608 2026 Πείθει
636 1999 665 2025 δὲ
690 1999 790 2031 αὐτοὺς
814 2000 913 2027 καὶτὰ

127 2046 301 2081 τολμήματα,
320 2046 361 2072 ὅτι
377 2045 520 2080 ἄνθρωπός
532 2046 605 2083 ἐςτιν
620 2046 703 2072 πᾶσιν
717 2045 888 2080 ὁμοιοπαθὴς
899 2047 914 2072 ό

127 2091 272 2126 Κύριος,εί
289 2091 335 2117 καὶ
348 2092 386 2126 μὴ
401 2090 515 2117 πέπεικε
532 2091 565 2117 τὰ
578 2090 716 2126 θαύματα,
732 2091 772 2118 ὅτι
786 2092 832 2118 καὶ
847 2092 913 2123 Θεὸς

129 2137 171 2170 εἵη
185 2137 305 2172 ὑπεροχῇ
322 2136 429 2170 φύσεως
446 2137 553 2163 πάντων
566 2137 764 2172 ἀνῳκισμένος.

163 2181 256 2212 Οὕτως
284 2182 301 2216 ἦ
328 2190 359 2208 τε
384 2182 432 2208 τοῦ
461 2182 623 2217 μονογενοῦς
644 2182 742 2216 Λόγου,
769 2183 841 2210 κατὰ
864 2184 912 2210 τοῦ

965 1592 1107 1627 Siquidem
1129 1599 1191 1618 cum
1218 1592 1298 1626 plena
1322 1593 1357 1618 sit
1383 1591 1524 1626 Scriptura
1552 1600 1628 1620 sacra
1656 1594 1752 1620 multis

964 1637 1012 1665 Dei
1036 1637 1264 1673 apparitionibus.
1287 1637 1381 1664 videre
1405 1642 1495 1664 tamen
1516 1638 1590 1670 licet.
1620 1639 1752 1673 quemad-

964 1684 1075 1710 modum
1098 1684 1167 1710 bona
1193 1683 1239 1709 Dei
1254 1689 1317 1718 erga
1341 1690 1392 1710 nos
1414 1683 1602 1717 providentia.
1630 1689 1660 1711 ut
1680 1685 1751 1712 ratio

965 1729 1091 1756 utilitatis
1106 1736 1201 1755 eorum
1218 1728 1318 1762 quibus
1334 1728 1507 1760 consulebat,
1532 1730 1698 1763 postulabat.
1716 1730 1750 1756 ad

964 1773 1098 1800 humanas
1125 1773 1234 1808 ﬁguras.
1258 1778 1285 1800 et
1306 1781 1360 1804 res,
1384 1777 1412 1800 et
1432 1774 1614 1808 operationes.
1639 1782 1671 1802 ac
1691 1783 1752 1802 ser-

964 1826 1059 1849 mones
1075 1826 1104 1845 se
1119 1818 1384 1850 accommodaverit;
1399 1819 1468 1845 nihil
1482 1823 1573 1846 tamen
1589 1819 1688 1847 horum
1703 1827 1751 1847 eos

963 1863 1076 1891 adduxit
1095 1863 1128 1890 ad
1144 1863 1340 1897 suspicandum
1362 1863 1396 1890 de
1418 1864 1475 1890 Deo
1497 1863 1627 1896 humana,
1642 1867 1749 1893 tametsi

964 1910 1082 1937 humane
1101 1909 1135 1936 ab
1161 1917 1194 1936 eo
1217 1909 1393 1944 gerebantur.
1423 1908 1548 1936 Suadent
1566 1909 1667 1937 ludatis
1690 1919 1752 1946 quae

964 1955 1023 1983 ausi
1048 1958 1122 1986 sunt,
1144 1954 1229 1982 fuisse
1252 1954 1398 1981 hominem
1418 1954 1537 1981 similem
1559 1955 1641 1983 nobis
1663 1957 1752 1990 passi-

964 2001 1046 2029 bilem
1063 2001 1222 2031 Dominum,
1249 1999 1375 2034 quamvis
1394 2007 1450 2026 non
1469 2004 1616 2028 suaserunt
1642 2001 1682 2027 eis
1701 2002 1751 2028 mi-

964 2046 1073 2078 racula,
1099 2052 1160 2072 esse
1186 2045 1272 2071 Deum
1297 2043 1454 2078 praestantia
1481 2048 1587 2071 natura:
1612 2044 1751 2072 universis

964 2093 1142 2127 superiorem.

999 2182 1045 2209 Sic
1068 2180 1202 2217 unigeniti
1219 2174 1301 2210 Verbi
1319 2185 1415 2208 contra
1435 2181 1577 2208 Christum
1595 2180 1751 2215 impassibi-

127 2226 257 2263 Χριστοῦ,
276 2227 330 2252 τῶν
350 2226 437 2253 ἀθέων
463 2227 593 2260 ἀπάθεια,
627 2229 673 2255 καὶ
698 2230 714 2263 ὴ
735 2229 785 2264 τῆς
813 2230 910 2266 σαρκὸς

965 2228 1029 2256 litas
1051 2227 1210 2262 impiorum,
1227 2231 1255 2255 et
1272 2227 1363 2254 carnis
1381 2231 1476 2255 contra
1494 2233 1617 2262 nostram
1633 2227 1749 2255 salutem

127 2273 197 2298 κατὰ
216 2272 266 2306 τῆς
294 2272 433 2308 ἡμετέρας
460 2274 599 2309 σωτηρίας
623 2274 676 2300 τῶν
703 2274 750 2301 νῦν
775 2276 911 2311 σοφιστῶν

126 2318 277 2353 ἁφθαρσξα,
289 2319 417 2354 ἐμπαθὴς
428 2319 513 2350 ὅντως
524 2319 572 2345 καὶ
579 2319 686 2355 φθαρτὴ
696 2319 765 2348 οὖσα
775 2321 910 2354 γινώσκε-

126 2372 170 2389 ται
183 2371 190 2378 ο
203 2364 220 2398 ὴ
236 2363 285 2397 μὲν
299 2365 330 2390 οὑ
348 2363 461 2391 ποιοῦσα
484 2363 543 2398 μεθ’
559 2365 637 2400 ἡμῶν
651 2366 696 2391 τὸν
710 2365 780 2400 ὑπὲρ
793 2367 877 2401 ἡμᾶς,
894 2368 910 2401 ὴ

126 2409 154 2435 δὲ
167 2409 217 2434 οὐκ
227 2408 298 2434 ὲῶσα
311 2409 399 2443 μένειν
410 2410 455 2435 τὸν
468 2410 526 2444 μεθ’
539 2411 617 2445 ἡμῶν
630 2411 692 2438 καθ’
703 2413 788 2446 ἡμᾶς,
800 2412 851 2443 ἕως
861 2414 911 2447 τῆς

128 2453 249 2488 ίατρείας
276 2454 387 2479 ἀπαιτεῖ
411 2455 518 2489 χρόνος,
539 2457 586 2482 καὶ
605 2457 620 2491 ἠ
637 2457 666 2482 ἰν
685 2457 757 2492 λόγῳ
771 2458 818 2484 καὶ
834 2458 910 2489 τάξει

125 2498 259 2534 γινομένη
278 2498 325 2525 τοῦ
341 2500 478 2534 ἡμετέρου
491 2502 559 2536 πρὸς
574 2501 603 2528 τὸ
616 2503 686 2537 ὑπὲρ
705 2503 789 2537 ἡμᾶς,
806 2504 909 2530 ἀνάϐα-

126 2544 169 2576 ci;
190 2553 220 2570 τε
243 2544 289 2570 καὶ
314 2544 473 2576 ἀνάστασις.
498 2545 558 2577 Πῶς
572 2547 625 2580 γὰρ
645 2547 676 2582 δὴ
693 2547 722 2573 τὸ
745 2548 910 2583 θεομίμητον

125 2589 233 2624 εξομεν,
254 2589 292 2624 μὴ
307 2589 499 2630 συμπαθόντες
512 2591 551 2626 τῷ
568 2592 732 2624 πεπονθότις
746 2594 865 2620 πέπονθε
883 2594 910 2620 δὲ

126 2634 196 2666 πῶς,
206 2633 246 2669 μὴ
256 2633 316 2660 καθ’
325 2634 398 2669 ἡμᾶς
413 2635 524 2668 παθών;
544 2637 601 2663 Οὐκ
615 2637 669 2672 ἄρα
678 2638 705 2664 δὲ
717 2639 836 2665 πέπονθε
849 2640 910 2666 καθ’

125 2680 209 2714 ἡμᾶς,
224 2679 247 2705 εί
264 2680 300 2714 μὴ
317 2680 457 2716 μεμένηκε
472 2682 533 2708 καθ’
548 2683 630 2717 ἡμᾶς.
643 2683 807 2716 Δεδόξασται
825 2685 853 2711 δὲ
867 2684 912 2710 οὐ·

125 2724 230 2759 δαμῶς,
247 2725 283 2759 μὴ
301 2726 361 2761 οὐχ).
374 2725 453 2753 τοῦτο
467 2727 558 2754 λαὸὼν
577 2728 648 2754 κατὰ
667 2728 767 2764 σάρκα,
787 2730 855 2765 ὅπερ
868 2731 911 2757 ἀεὶ

122 2769 196 2806 ἔχων
212 2767 246 2804 ἦν
264 2771 335 2798 κατά
356 2771 476 2807 πνεῦμα.

290 2904 422 2936 Pauor.
439 2908 496 2936 Ca.
516 2907 684 2938 LXXXVI,

965 2273 1214 2308 incorruptibilitas
1233 2280 1306 2300 nunc
1325 2273 1524 2307 sophistarum,
1541 2281 1606 2300 vere
1623 2274 1751 2308 passione

964 2324 992 2347 et
1014 2319 1193 2354 corruptione
1228 2318 1326 2346 affecta
1361 2326 1422 2346 esse
1455 2319 1649 2353 cognoscitur;
1685 2319 1751 2346 dum

965 2364 1010 2391 illa
1029 2363 1140 2398 quidem
1163 2371 1218 2391 non
1243 2363 1308 2391 facit
1330 2364 1475 2392 nobiscum
1490 2372 1550 2392 esse
1565 2372 1628 2391 eum
1648 2365 1753 2401 qui_cst

965 2419 1048 2445 supra
1065 2418 1132 2442 nos;
1150 2410 1209 2437 haac
1222 2418 1289 2437 vero
1306 2417 1360 2437 non
1376 2409 1442 2436 sinit
1456 2418 1519 2437 eum
1542 2411 1589 2445 qui
1606 2411 1750 2438 nobiscum

965 2461 1016 2486 est.
1032 2463 1145 2483 manere
1159 2456 1231 2482 sicut
1253 2463 1312 2484 nos.
1335 2454 1423 2482 donec
1444 2455 1515 2482 adsit
1537 2459 1644 2490 tempus
1665 2456 1752 2483 medi-

965 2502 1042 2532 cinae,
1063 2506 1090 2528 et
1107 2501 1264 2528 humanitas
1286 2506 1391 2532 nostra,
1416 2500 1523 2528 ratione
1545 2505 1572 2528 et
1595 2502 1692 2530 ordine
1717 2502 1751 2529 ad

966 2547 991 2574 id
1019 2547 1091 2581 quod
1120 2554 1201 2582 supra
1226 2554 1276 2573 nos
1303 2551 1361 2579 est,
1388 2547 1519 2574 ascendat
1544 2551 1572 2574 et
1604 2549 1750 2576 excitetur.

964 2593 1108 2626 Quomodo
1124 2593 1197 2620 enim
1213 2593 1422 2621 similitudinem
1444 2594 1491 2621 Dei
1506 2595 1680 2629 habebimus,
1695 2606 1750 2624 non

965 2639 1163 2673 compatientes
1183 2647 1246 2666 cum
1276 2647 1309 2666 eo
1337 2640 1383 2674 qui
1411 2648 1506 2675 passus
1522 2641 1583 2669 est?
1609 2641 1751 2676 Quomodo

965 2692 1031 2711 vero
1047 2692 1143 2719 passus
1157 2689 1209 2714 est.
1227 2684 1248 2712 si
1267 2693 1322 2712 non
1339 2690 1383 2712 est
1401 2685 1473 2713 sicut
1490 2695 1541 2714 nos
1559 2688 1674 2721 passus?
1690 2688 1750 2715 Non

966 2727 1048 2764 igitur
1065 2730 1136 2757 sicut
1160 2738 1209 2757 nos
1225 2738 1323 2765 passus
1341 2736 1392 2763 est,
1412 2732 1434 2759 si
1458 2740 1513 2759 non
1538 2733 1637 2760 mansit
1654 2733 1752 2760 similis

966 2774 1055 2801 nobis.
1070 2774 1246 2802 Gloriﬁoatns
1275 2784 1341 2803 vero
1372 2784 1545 2812 nequaquam
1572 2781 1630 2807 cst.
1649 2777 1671 2804 si
1695 2785 1751 2804 non

968 2820 1075 2854 accepit
1105 2819 1258 2852 secupdum
1293 2829 1415 2853 carnem,
1436 2821 1509 2857 quod
1527 2829 1636 2856 semper
1651 2829 1754 2848 secun-

970 2865 1034 2892 dum
1055 2867 1181 2900 spiritum
1203 2867 1308 2896 habuit.

1515 2913 1554 2943 1ιὲ
