1973 3098
124 190 133 221 l
141 190 192 222 325

155 245 187 271 Δ.
209 243 303 276 Θείως,
316 244 377 280 ἔφη,
394 244 495 279 λέγεις.

156 291 187 317 0.
203 290 285 317 Ὀλον
300 289 346 317 οὖν
358 291 563 326 ᾶνθρωπον,τὺν
578 293 610 319 ἐκ
627 293 752 328 σώματος
768 293 839 327 λέγω
857 294 903 320 καλ.

120 335 209 371 ψυχῆς
223 336 336 371 λογικῆς
348 345 377 362 τε
394 337 440 363 καὶ
455 338 551 373 νοερᾶς
567 338 756 373 συγκείμενον,
769 338 904 370 οὗσιωδῶς

122 381 293 416 προσλαϐὼν,
309 382 371 409 ὅλου
396 382 541 418 ἀνθρώπου
556 384 605 419 τὴν
624 385 761 420 σωτηρίαν
773 385 904 420 εἰργάσα-

121 435 162 457 το,
175 426 214 461 τῷ
227 427 313 462 ὁμοίῳ
327 426 357 453 τὸ
370 428 462 462 ὅμοιον
473 428 675 464 ἀνακαθαίρων.

155 473 187 498 Δ.
207 472 345 500 Κάλλιστά
366 482 408 507 γε,
434 474 496 508 ἔφη.
513 474 600 501 ταῦτα
618 475 708 508 λέγεις
734 475 781 501 καὶ
803 474 897 501 τελεώ-

121 524 200 544 τατα.

156 566 187 591 0.
210 565 279 591 Ἀλλ’
293 565 379 600 ἔγωγε
406 567 475 601 πρὸς
499 567 589 593 αὐτόν·
608 564 713 593 Οὐκοῦν
737 566 832 603 ὥσπερ
858 566 904 595 οὖν

121 611 146 637 εἰ
161 609 250 646 ψυχὴν
263 609 363 642 λαϐὼν,
379 612 408 638 οὺ
425 611 474 647 τὴν
491 611 559 647 ἐμὴν
573 611 760 646 προσειλήφει.
777 613 806 639 Εἰ
820 613 904 640 δὲκαὶ

123 656 172 691 τὴν
187 656 266 690 ἐμὴν,
281 657 305 682 εἰ
323 657 360 691 μὴ
377 657 447 683 κατὰ
460 657 509 691 τὴν
527 657 596 692 ἐμὴν
624 657 669 683 διὰ
686 657 792 684 πάντων
807 659 905 686 οὐσιω-

121 702 175 733 δῶς
199 702 384 737 ὑπάρχουσαν,
405 703 468 729 ἄλλο
485 711 512 729 τι
542 703 617 739 παρᾶ
627 703 676 738 τὴν
696 704 768 738 ἐμὴν
791 706 904 736 πάντως

123 747 231 782 ὑπῆρχε
244 747 333 783 ψυχὴν
345 749 376 774 τὸ
392 748 558 783 σωζόμενον.

156 794 189 819 Α.
203 793 342 827 Δηλονότι,
364 793 416 828 ἔφη
427 802 434 809 ·
454 795 560 829 ἐκείνης
577 794 631 828 γὰρ
645 794 676 830 δὴ
695 796 802 826 πάντως
817 795 904 830 ὑπῆρ-

122 839 198 873 χενή
216 839 347 873 σωτηρία,
365 839 432 873 πρὸς
453 839 486 874 ἣν
510 840 557 865 καὶ
576 840 794 874 ἀπαραλλάκτως
806 840 904 875 ἔχουσα

121 883 274 918 εὑρίσκετο.

643 196 792 226 CONTRA
812 195 971 225 NESTOH.
991 196 1038 228 ET
1057 198 1214 229 EUTYCH.

926 250 940 277 λ
989 250 1022 277 Η.
1038 251 1145 284 Divine,
1164 251 1263 285 inquit,
1278 251 1356 279 dicis.

1669 200 1679 231 1
1686 201 1735 231 326

989 295 1020 322 0.
1038 296 1108 323 Toto
1123 297 1205 331 igitur
1221 297 1342 328 bomin‘e,
1365 305 1398 324 ex
1421 305 1547 332 corpore,
1570 299 1692 333 inquam.
1710 305 1738 327 (ιι

954 341 1044 369 anima
1059 342 1173 370 rationis
1192 348 1318 378 compote
1337 348 1365 370 et
1385 344 1554 379 intelligente
1585 346 1737 379 composito

954 388 1104 414 Secundum
1119 388 1299 415 substantiam
1310 394 1460 424 assumpto,
1473 390 1558 417 totius
1566 391 1686 418 hominis
1695 399 1737 418 sa-

956 432 1039 459 lutem
1057 438 1185 467 operatus
1201 438 1254 465 est,
1273 434 1355 460 simili
1372 435 1460 462 simile
1475 443 1635 470 repurgans.

989 477 1022 504 ll.
1039 477 1201 509 Bellissimc,
1223 479 1322 513 inquit,
1344 480 1401 506 haec
1418 481 1520 510 omnia.
1545 486 1572 507 et
1593 482 1739 509 absolutis-

970 523 1024 550 ime
1047 523 1124 550 dicis.

989 569 1021 596 0.
1046 569 1080 596 At
1112 578 1162 605 ego
1195 570 1250 597 illi:
1278 570 1363 605 Igitur
1387 570 1458 597 sicut
1484 571 1506 597 si
1531 579 1592 598 cum
1618 573 1736 599 animam

955 615 1084 649 sumpsit.
1103 623 1157 641 non
1173 623 1262 642 meam
1279 615 1397 642 animam
1418 617 1595 650 sumpsiSsct;
1611 617 1632 643 si
1646 622 1736 644 autem

955 664 979 686 et
994 667 1092 690 meam,
1106 667 1160 686 non
1175 665 1263 687 tamen
1280 668 1328 695 per
1341 660 1433 687 omnia
1445 661 1596 688 secundum
1612 662 1738 688 substan-

957 705 1032 736 tiam,
1050 706 1124 732 sicut
1136 713 1196 732 inea
1212 704 1324 737 fuisset;
1343 706 1418 733 aliud
1434 706 1515 740 plane
1532 710 1633 740 praeter
1649 715 1737 734 meam

955 751 1072 777 animam
1092 750 1176 782 esset,
1194 751 1267 786 quod
1284 751 1385 778 factum
1403 755 1446 778 est
1461 751 1579 778 salvum.

991 794 1024 820 H.
1039 794 1121 825 Sane,
1137 794 1239 829 inquit:
1251 795 1324 822 illius
1336 795 1409 821 enim
1423 802 1537 829 prorsus
1550 796 1649 823 anima:
1663 797 1738 823 salus

956 838 1065 871 fuisset,
1080 847 1094 866 a
1110 847 1164 874 qua
1181 847 1234 866 non
1251 840 1364 867 din‘errc
1377 844 1486 874 reperta
1499 844 1582 866 esset.

157 913 187 954 0.
204 929 281 954 Κατὰ
299 928 345 954 τὸν
363 929 422 954 ἴσον
438 928 470 963 δὴ
486 928 598 963 τρόπον,
616 929 697 965 ἔφην,
714 932 739 956 εἱ
754 931 800 957 καὶ
816 931 904 966 σάρκα

992 928 1022 953 Ο.
1038 926 1078 954 Ad
1096 927 1223 954 eumdem
1238 927 1360 958 modum,
1375 927 1486 960 inquam
1504 934 1565 961 ego,
1587 927 1609 953 si
1627 935 1737 954 carnem

120 971 212 998 λαϐὼν
239 973 276 1006 μὴ
300 973 349 1006 τὴν
372 973 452 1007 ἐμήν.
487 973 517 1000 Ei
543 973 571 1000 δὲ
602 975 648 1000 καὶ
670 975 720 1010 τὴν
742 976 823 1010 ἐμὴν,
838 976 906 1002 ἀλλὰ

123 1022 194 1048 κατά
214 1029 239 1048 τι
261 1021 505 1057 παρηλλαγμένην,
525 1022 582 1057 ἔχοι
606 1023 628 1049 δ’
653 1023 686 1049 ἂν
705 1024 736 1050 τὸ
760 1024 904 1060 διάφορον*

121 1068 147 1093 εἰ
170 1066 207 1102 μὴ
231 1068 280 1093 καὶ⁸
298 1067 466 1102 ὁμοιοπαθὴς
492 1067 547 1102 εἴη,
572 1069 618 1094 καὶ
642 1070 713 1095 κατὰ
739 1070 825 1096 πάντα
850 1072 906 1101 τοῖς

123 1113 270 1148 ἡμετέροις
288 1113 484 1147 συμϐαίνουσα,
504 1114 614 1146 πάντως
629 1114 662 1141 ἂν
678 1116 694 1150 ἡ
715 1115 837 1150 σωτηρία
858 1118 905 1152 τῆς

122 1158 224 1194 σαρκὸς
239 1158 346 1192 ἐκείνης
363 1158 513 1192 ἐτύγχανεν
538 1157 617 1190 οὖσα,
633 1160 700 1194 πρὸς
717 1160 750 1195 ἢν
765 1161 906 1195 ἀφομοιῦ-

123 1211 167 1230 aut
182 1203 231 1238 τὴν
250 1204 338 1239 σάρκα
353 1203 401 1238 τὴν
412 1203 559 1232 ὲνωθεῑσαν
575 1205 649 1239 αὐτῷ
664 1206 841 1240 κατηξίωσεν.

156 1249 177 1274 Α
208 1249 263 1276 Καὶ
274 1250 326 1280 τίς,
343 1249 406 1284 ἔφη,
424 1250 491 1285 πρὸς
505 1251 632 1276 τοσοῦτον
647 1250 747 1285 μανίας
762 1251 904 1286 ἐλήλακεν,

122 1293 196 1326 ὅστις
212 1295 272 1329 οὑχὶ
297 1294 384 1320 ταῦτα
401 1295 489 1329 ἀληθῆ
505 1304 533 1321 τε
543 1293 613 1322 εἶναι
630 1295 767 1329 ὁμολογεῖ,
782 1297 828 1322 καὶ
843 1297 906 1328 τοὺς

123 1339 160 1374 μὴ
184 1339 270 1370 οὕτως
296 1340 418 1374 ἔχοντας.
443 1341 500 1370 τοῖς
528 1341 704 1375 κατακρίτοις
726 1341 904 1376 συναριθμεῖ;

156 1385 186 1410 0.
210 1385 324 1411 Ἐκεῖνοι
348 1385 468 1418 πάντως,
492 1383 579 1418 εἷπον,
594 1387 619 1412 οἱ
645 1385 750 1417 ἀπαθὲς
774 1386 905 1421 ὑπάρχειν

121 1429 186 1455 αὒτὸ
201 1431 247 1456 καὶ
261 1430 397 1465 ἄφθαρτον
408 1431 571 1465 ὀριζὸμενοι.

156 1477 188 1502 Λ.
201 1476 237 1502 Οὐ
249 1476 318 1501 κατὰ
332 1476 410 1509 φύσιν
421 1476 533 1507 ἀπαθὲς.
546 1477 609 1510 ἔφη,
619 1477 649 1503 τὸ
658 1477 736 1512 σῶμα
747 1478 793 1504 καὶ
801 1478 904 1511 ἄφθαρ-

121 1530 166 1548 τον
179 1521 311 1556 λέγομεν,
338 1521 394 1548 ἀλλ’
414 1521 510 1548 ἑνώσει
530 1523 562 1557 τῇ
589 1522 657 1556 πρὸς
671 1522 715 1548 τὸν
731 1523 797 1549 Θεὸν
818 1523 903 1556 Λόγον

122 1567 275 1602 γενόμενον.

157 1592 197 1638 0:
211 1592 298 1638 700619:
325 1611 446 1646 διαφέρει
462 1631 470 1644 ,
487 1608 520 1647 ἦν
535 1611 557 1638 δ’
574 1611 629 1645 ἐγὼ
639 1631 646 1644 ,
660 1613 706 1638 τοῦ
730 1614 860 1648 προτέρου
875 1613 904 1639 τὸ
916 1592 939 1620 c

121 1657 257 1692 δεύτερον,
270 1656 336 1683 ἀλλὰ
354 1655 403 1692 τὴν
421 1658 480 1691 τσην
493 1657 560 1692 πρὸς
572 1657 602 1684 τδ
613 1658 698 1684 κακὸν
712 1657 827 1693 δύναμιν
837 1658 902 1693 ἔχει,

122 1702 202 1738 εἴπερ
217 1709 249 1736 γε
265 1702 333 1733 ὅλως
346 1702 395 1736 τὴν
410 1701 478 1737 πρὸς
492 1703 522 1728 τὸ
532 1702 694 1738 ὁμοιοπαθὲς
709 1703 756 1730 τοῦ
771 1703 904 1739 ἡμετέρου

123 1747 247 1783 σώματος
263 1747 432 1781 συγγένειαν,
450 1747 630 1783 παρῄτηταιή
647 1748 693 1775 τοῦ
709 1749 810 1783 Κυρίου
825 1748 901 1784 σάρξ.

157 1793 189 1819 Δ.
206 1792 268 1824 Πῶς
284 1792 373 1824 τοῦτο,
388 1792 451 1827 ἔφη,
467 1792 577 1826 λέγεις;

158 1839 188 1866 0.
211 1838 273 1865 ’Ότι
296 1837 335 1873 μὴ
350 1838 440 1870 τοῦτο,
463 1836 549 1870 εἶπον,
580 1838 638 1865 ἔστι
660 1838 690 1864 τὶ
708 1838 902 1873 σκοπούμενον,

123 1883 238 1918 ικότερον
251 1883 346 1910 ἑνώσει
362 1883 378 1918 ἦ
394 1885 549 1919 κατασκευῇ
567 1883 673 1918 φύσεως
692 1883 830 1919 ἄφθαρτον
857 1885 903 1918 γέ-

122 1937 201 1963 γονεν
214 1938 221 1944 ·
241 1929 298 1955 ἀλλ’
314 1930 338 1955 εἰ
351 1929 388 1964 μὴ
399 1929 449 1964 τῆς
465 1930 601 1964 ἡμετέρας
616 1929 723 1963 φύσεως
743 1929 904 1964 ἀπαραλλά-

123 1981 195 2005 κτως
208 1973 243 2000 τὰ
255 1973 444 2009 γνωρίσματα,
461 1974 530 2009 πλὴν
548 1975 598 2009 τῆς
617 1970 754 2010 ἅραρτίας
768 1974 905 2008 διέσωζεν,

123 2017 186 2054 ἔφη.

159 2065 191 2092 Α.
209 2064 291 2091 Ὅσον
307 2072 338 2098 γε
350 2065 396 2091 ἐπὶ
408 2066 441 2100 τῇ
455 2065 549 2101 πρώτῃ
564 2062 647 2099 αὐτῆς
662 2065 801 2095 συστάσει,
817 2065 905 2092 καὶτὸ

122 2110 171 2141 τὰς
183 2109 270 2145 ἀρχὰς
285 2110 356 2144 ἔχειν
371 2112 403 2136 ὲκ
421 2111 472 2145 τῆς
488 2111 631 2143 Θεοτόκου,
651 2111 768 2145 ἀδελφῆς
783 2119 813 2136 τε
827 2111 905 2145 ἡμῶν

121 2155 206 2190 οὔσης
223 2154 294 2181 κατὰ
305 2155 353 2190 τὴν
365 2155 447 2188 φύσιν
463 2175 470 2187 ,
486 2157 533 2183 καὶ
547 2157 637 2191 πάσης
653 2156 833 2190 κοινωνούσης
856 2158 905 2191 τῆς

123 2200 255 2235 ἰδιότητος
269 2200 315 2226 τοῦ
330 2200 498 2235 ἀνθρωπείου
515 2203 711 2238 συγκρίματος.

956 972 1117 1006 sumpsisset
1131 980 1185 999 non
1199 980 1303 1005 meam;
1325 973 1349 999 si
1368 979 1434 999 vero
1450 980 1548 1004 meam,
1568 977 1658 1000 tamen
1685 974 1738 1000 ali-

955 1023 1058 1052 quanto
1083 1017 1267 1049 ditl‘erentem,
1300 1022 1427 1052 essetque
1445 1017 1611 1049 dill’ercntia,
1634 1017 1657 1044 si
1683 1026 1738 1045 non

956 1067 1028 1090 essct
1040 1063 1168 1090 similiter
1184 1062 1331 1097 passibilis,
1345 1066 1373 1089 et
1385 1070 1434 1092 per
1451 1061 1542 1089 omnia
1559 1070 1620 1089 cum
1635 1063 1669 1090 iis
1678 1071 1739 1097 qua:

956 1109 1045 1136 carnis
1058 1113 1159 1136 nostra:
1185 1113 1259 1139 sunt,
1274 1108 1457 1140 conveniens;
1487 1108 1644 1134 necessario
1665 1108 1739 1135 illius

956 1155 1047 1181 carnis
1062 1154 1135 1181 salus
1153 1159 1234 1186 esset,
1251 1154 1295 1181 cui
1308 1161 1419 1180 carnem
1437 1153 1489 1180 sibi
1509 1154 1613 1181 unitam
1628 1155 1738 1181 assimi-

955 1199 1012 1227 larc
1027 1199 1166 1226 voluisset.

991 1245 1024 1272 ti.
1043 1244 1077 1271 Et
1099 1245 1171 1279 quis,
1197 1246 1296 1280 inquit,
1324 1253 1356 1272 eo
1377 1245 1489 1272 insania:
1514 1247 1691 1280 processerit,
1707 1251 1738 1273 ut

955 1298 1019 1317 vera
1028 1298 1087 1317 esse
1103 1291 1161 1318 haec
1178 1299 1232 1318 non
1245 1290 1425 1321 conﬁteatur;
1447 1294 1475 1318 et
1493 1299 1542 1318 eos
1555 1291 1602 1326 qui
1630 1300 1684 1319 non
1698 1293 1739 1319 sic

956 1335 1087 1366 sentiunt,
1115 1335 1142 1361 in
1155 1334 1291 1361 damnatis
1307 1342 1363 1361 non
1377 1335 1524 1361 numeret?

990 1380 1021 1407 0.
1039 1380 1091 1410 llli.
1105 1380 1229 1414 inquam,
1238 1384 1324 1412 certe,
1335 1374 1382 1414 qui
1393 1380 1530 1407 deﬁniunt
1542 1388 1641 1415 corpus
1653 1381 1737 1409 inissa

955 1425 1121 1457 impassibile
1137 1429 1165 1452 et
1185 1425 1404 1460 incorruptibile.

989 1470 1022 1497 Η.
1040 1470 1219 1504 Non,inquit,
1232 1470 1399 1504 impassibile
1411 1475 1509 1498 natura
1523 1478 1624 1505 corpus
1635 1470 1736 1498 factum

954 1523 1014 1543 esse
1028 1515 1155 1547 dicimus,
1169 1515 1217 1542 sed
1233 1516 1334 1542 unione
1349 1522 1412 1542 cum
1428 1515 1528 1542 Verbo.

989 1609 1020 1638 0.
1048 1610 1105 1645 Ego
1128 1617 1193 1638 vero
1221 1609 1290 1637 nihil
1310 1608 1447 1645 posterius
1473 1617 1488 1636 a
1511 1610 1605 1645 priore
1625 1610 1736 1638 differre

955 1658 1020 1690 dixi,
1041 1657 1089 1685 sed
1115 1658 1240 1685 eamdem
1263 1658 1317 1684 vim
1340 1658 1374 1684 ad
1403 1658 1559 1685 nocendum
1586 1658 1698 1690 habere,
1713 1658 1736 1684 si

954 1711 1019 1731 caro
1029 1704 1138 1731 Domini
1153 1704 1265 1739 penitus
1280 1702 1439 1730 atlinitatcm
1463 1711 1525 1730 cum
1553 1704 1736 1737 passibilitatc

954 1748 1041 1776 nostri
1055 1749 1179 1783 corporis
1199 1752 1319 1775 recusat.

992 1794 1022 1821 ιι.
1039 1793 1193 1827 Quomodo,
1208 1792 1308 1827 inquit.
1324 1791 1376 1819 hoc
1391 1792 1451 1819 ais?

987 1840 1021 1868 0.
1031 1840 1165 1874 Quoniam
1174 1847 1229 1866 non
1243 1843 1295 1870 est,
1304 1839 1425 1873 inquam,
1441 1838 1494 1867 hoc
1508 1838 1580 1873 quod
1592 1839 1735 1872 quaeritur,

954 1890 1045 1913 utrum
1062 1885 1174 1917 unione,
1202 1893 1236 1912 an
1257 1889 1361 1911 natura;
1376 1883 1556 1911 fabricatione
1574 1884 1674 1911 factum
1695 1890 1737 1912 est

955 1930 1180 1964 incorruptibile;
1208 1929 1256 1956 sed
1286 1936 1320 1955 an
1350 1932 1454 1955 naturae
1480 1932 1580 1955 nostra:
1610 1932 1688 1956 notas
1709 1935 1737 1956 et

935 1977 1030 2012 -signa
1058 1977 1117 2003 sine
1146 1975 1200 2002 ulla
1230 1974 1439 2006 immutatione,
1469 1978 1583 2007 excepto
1612 1979 1735 2008 peccato,

955 2020 1089 2048 servabat.

989 2065 1022 2092 Η.
1036 2063 1128 2097 Quoad
1153 2062 1280 2098 primam,
1296 2061 1395 2097 inquit,
1420 2061 1505 2096 ipsius
1518 2066 1624 2089 natura!
1636 2064 1738 2090 consti-

955 2110 1087 2137 tutionem
1102 2113 1130 2135 et
1147 2108 1282 2143 principia
1297 2115 1330 2134 ex
1340 2107 1425 2134 Matre
1437 2107 1484 2134 Dei
1497 2112 1526 2134 et
1540 2114 1633 2136 sorore
1645 2113 1738 2136 nostra
1776 2138 1783 2142 ε

955 2155 1105 2187 secundum
1135 2159 1260 2182 naturam
1276 2173 1283 2186 ,
1315 2160 1375 2188 quae
1405 2160 1514 2180 omnem
1542 2153 1737 2187 proprietatem

956 2201 1068 2228 humani
1085 2200 1208 2234 corporis
1221 2199 1404 2234 participavit.

158 2246 190 2272 0.
207 2245 379 2280 Σαςιιστέρας
399 2245 500 2272 δεῖσθαι
515 2246 563 2281 τὴν
577 2247 721 2282 ἀπόκρισιν
740 2247 904 2282 ἐξηγήσεως,

991 2247 1023 2274 0.
1039 2246 1188 2274 Clariorem
1205 2245 1405 2279 expositionem
1415 2244 1558 2278 responsio
1570 2244 1737 2279 postulabat.

122 2293 185 2326 ἔφη.
210 2291 385 2327 παριστώσης
410 2292 475 2327 ἡμῖν
490 2292 706 2328 τηλαυγέστερον
723 2293 752 2318 τδ
772 2292 905 2327 ζητούμε-

123 2345 178 2362 νον.
194 2337 230 2363 οὗ
244 2337 299 2371 γὰρ
313 2337 405 2368 ἁπλῶς
423 2337 509 2368 οὓτως
526 2338 555 2370 ἐξ
572 2334 609 2364 ὧν
622 2337 744 2372 εἴρηκας,
761 2336 903 2371 γινώσκειν

122 2389 188 2416 εχω.

159 2427 191 2453 Α.
207 2426 241 2453 Τί
256 2426 318 2460 μὴν,
333 2426 396 2460 ἔφη,
412 2427 597 2462 ἀσαφέστερον
612 2428 727 2463 εἴρηκας

160 2473 191 2498 ο.
207 2471 335 2506 Πότερον,
349 2472 426 2506 ἔφην,
443 2470 496 2506 ἆρα
509 2473 554 2498 τοῦ
570 2473 695 2507 σώματος
705 2475 754 2508 τῆς
765 2474 903 2509 Παρθένου

126 2516 425 2551 μιταστοιχειωθέντος,
436 2516 483 2542 καὶ
493 2516 541 2551 τῆς
557 2517 624 2548 ἰδίας
633 2519 778 2550 ἐκστάντος
787 2519 903 2553 φύσεως,

125 2561 177 2588 ὑπὸ
192 2561 243 2595 τῆς
264 2561 310 2587 τοῦ
327 2561 415 2595 Λόγου
430 2561 572 2595 δυνάμεως
596 2561 680 2594 οὕτως
704 2563 733 2595 ἐξ
752 2564 836 2598 αὐτῆς
856 2565 905 2599 τῆς

126 2607 242 2641 μήτρας,
265 2606 353 2638 ἄλλως
378 2605 491 2640 ἔχουσαν
511 2606 561 2641 τὴν
580 2607 717 2642 ἡμετέραν
737 2608 810 2642 αὐτῷ
825 2609 905 2642 φύσιν

124 2650 244 2685 ἡνῶσθαι
259 2651 368 2685 λέγεις;
386 2650 402 2685 ἢ
424 2651 473 2685 τῆς
489 2651 626 2686 Παρθένου
644 2653 692 2686 μὲν
710 2653 738 2678 ὲν
754 2654 808 2684 τοῖς
833 2653 904 2679 ἰδιώ-

125 2702 193 2729 μασι
205 2695 255 2729 τῆς
278 2694 386 2729 φύσεως
402 2695 542 2730 μεινάσης,
567 2695 649 2722 τῶνδε
673 2695 787 2731 πρώτων
802 2698 904 2732 ἀρχῶν,

123 2740 179 2766 τῶν
212 2740 383 2775 παρθενικῶν
413 2741 537 2775 αἱμάτων
563 2741 645 2774 λέγω,
660 2742 904 2777 μεταποιηθέντων,

123 2784 260 2821 ἄφθαρτον
275 2786 438 2820 γεγενῆσθαι
452 2787 502 2820 τὴν
518 2788 625 2821 σάρκας

161 2829 192 2857 Λ.
221 2830 300 2862 Τινὲς
332 2831 380 2865 μὲν
394 2851 401 2862 ,
417 2831 486 2866 ἔφη,
507 2832 554 2858 καὶ
568 2833 601 2867 τῇ
625 2832 744 2867 προτέρα
766 2832 829 2867 δόξῃ
852 2833 904 2859 τῶν

124 2874 315 2908 ἁπλουστέρων
338 2873 413 2910 οἶμαι
430 2875 630 2909 προστίθενται,
659 2876 737 2901 πλέον
753 2875 769 2911 ἧ
785 2877 903 2910 προσῆκε

958 2299 1018 2326 quae
1035 2290 1116 2318 nobis
1128 2289 1278 2316 dilucidius
1301 2288 1482 2322 quaestionem
1497 2287 1668 2322 explicaret;
1683 2297 1738 2316 non

956 2335 1030 2361 enim
1049 2333 1088 2360 sic
1100 2332 1261 2366 simpliciter
1278 2338 1314 2358 ex
1332 2331 1367 2358 iis
1381 2338 1441 2365 qua
1464 2331 1569 2363 dixisti,
1585 2331 1739 2366 intelligere

955 2385 1064 2412 possum
1069 2397 1075 2403 .

990 2427 1023 2454 H.
1038 2425 1119 2459 Quid,
1133 2425 1232 2459 inquit,
1253 2425 1397 2452 obscurius
1413 2424 1490 2452 dixi?

990 2472 1021 2499 0.
1034 2472 1143 2504 Utrum,
1158 2470 1280 2505 inquam,
1292 2477 1407 2504 corpore
1417 2470 1536 2505 Virginis
1554 2474 1669 2502 mutato,
1685 2474 1712 2497 et
1723 2478 1738 2497 a

956 2518 1066 2553 propria
1085 2521 1184 2544 natura
1209 2516 1310 2542 virtute
1339 2515 1422 2542 Verbi
1453 2515 1583 2548 alienato,
1605 2521 1733 2545 naturam

956 2567 1077 2590 nostram
1089 2562 1129 2589 sic
1141 2568 1174 2589 ex
1188 2562 1248 2596 ipso
1260 2564 1338 2588 utero
1350 2561 1431 2588 aliter
1454 2561 1601 2589 habentem
1633 2563 1736 2590 unitam

955 2615 1015 2635 esse
1025 2608 1050 2634 ei
1068 2607 1153 2639 dicis;
1168 2614 1201 2633 an
1215 2612 1281 2633 vero
1298 2612 1426 2633 manente
1434 2607 1544 2642 Virgine
1567 2608 1594 2634 in
1611 2610 1736 2644 proprie-

957 2653 1059 2680 tatibus
1072 2656 1187 2683 natum,
1212 2651 1356 2686 principiis
1379 2659 1445 2679 vero
1470 2653 1577 2687 primis,
1596 2655 1737 2689 sanguinis

956 2699 1062 2727 scilicet
1077 2697 1227 2732 virginalis,
1243 2697 1432 2724 transmutatis
1444 2705 1554 2725 carnem
1566 2699 1740 2734 incorrupti:

955 2744 1037 2770 bilem
1056 2747 1213 2778 generatam
1228 2742 1311 2770 esse?

991 2831 1277 2866 H.Nonnulli,inquit,
1289 2831 1377 2865 priori
1389 2832 1511 2867 opinioni
1528 2833 1736 2868 simpliciorum.

956 2877 1062 2912 opinor,
1074 2877 1273 2909 adhmrescunt,
1291 2877 1435 2912 plusquam
1452 2879 1589 2911 convenit,
1600 2879 1737 2908 honoraria
