1973 3098
233 167 299 199 ῙὯἹ

850 145 1006 194 Luoxrn
1027 165 1229 194 Bl’ZANTINI

1798 160 1868 192 1328

232 229 272 250 tes
284 222 434 256 Virginem,
453 225 480 248 et
492 221 642 248 absurdum
674 223 737 248 inde
762 221 940 256 proﬁciscens
965 228 1018 247 non

1076 221 1119 256 τὴν
1144 221 1282 256 Παρθένον
1311 220 1557 255 ἀποσεμνύνοντες,
1587 219 1633 245 καὶ
1663 219 1712 254 τὴν
1739 219 1866 245 ὲντεῦοεν

231 267 419 303 providentes.
432 272 460 294 et
486 267 560 302 quod
582 268 604 294 si
621 267 687 302 quid
703 267 862 302 hujusmodi
875 266 1021 293 accidisset

231 313 346 349 Virgini,
363 313 506 341 habilitate
519 313 645 349 pariendi
658 314 763 348 privata
788 313 896 340 fuisset.

264 403 296 429 0.
322 402 482 434 Verissima,
511 403 622 438 inquam
646 411 712 438 ego,
739 403 819 430 dicis.
846 403 925 436 Quod
947 402 1020 429 enim

232 447 446 482 incorruptibile
457 452 510 480 est,
527 457 668 483 nunquam
685 449 718 475 ad
745 448 891 476 ferendum
913 453 1021 482 partum

229 498 258 520 et
272 494 436 528 pariendum
452 494 582 521 idoneum
598 495 662 522 erit.
689 495 832 521 Adventus
849 499 940 521 autem
958 494 1021 528 Spi-

231 540 301 566 ritus
318 541 403 566 sancti
418 548 472 567 non
487 540 562 572 fecit,
577 548 666 574 neque
688 541 842 575 prohibuit,
861 540 928 574 quin
939 540 1022 574 Virgo

229 586 262 612 ad
275 586 463 620 generandum
479 591 541 620 apta
555 590 638 613 esset.
652 586 755 613 Contra
785 586 878 621 potius
906 586 940 613 ad
956 593 1022 612 con-

230 636 339 666 ceptum
354 631 413 658 sine
436 631 540 658 semine
553 632 696 666 provisum
713 640 796 666 supra
820 636 945 658 naturam
959 639 1023 666 pro-

229 678 313 704 vexit.
335 677 405 703 Illud
423 685 488 704 vero
501 677 568 704 mihi
585 678 612 704 in
632 682 751 704 mentem
766 678 851 710 venit,
861 677 935 712 quod
947 677 981 708 si,
992 682 1023 704 ut

230 720 269 747 illi
285 721 444 755 opinantur.
458 721 542 756 Virgo
558 730 610 756 per
627 723 777 749 adventum
800 722 920 756 Spiritus
933 722 1021 749 sancti

230 767 300 793 facta
316 771 358 794 est
371 767 601 802 ineorruptibilis,
633 768 680 794 illa
701 768 859 796 necessario
892 768 962 794 facta
980 771 1022 794 est

230 812 441 840 immortalitatis
452 806 561 848 generis
574 814 661 840 nostri
675 814 763 846 radix,
781 819 809 840 et
820 821 875 840 non
893 813 1021 840 surculus

229 857 341 885 divinus
356 866 389 885 ex
402 866 434 885 ea
445 858 606 893 productus.

265 947 296 974 Η.
313 947 434 982 Optime,
455 948 555 982 inquit,
580 947 668 980 dicis;
691 956 743 975 nec
767 948 840 975 enim
860 948 944 975 semel
959 956 1021 982 pro-

228 995 378 1024 ditumest,
395 994 477 1020 vitam
498 993 617 1028 Virginis
641 994 775 1020 naturalis
799 993 908 1021 habitus
931 998 1020 1020 muta-

229 1040 332 1067 tionem
349 1039 456 1073 cepisse
473 1047 480 1065 :
502 1039 651 1073 puritatem
668 1039 742 1066 enim
756 1039 854 1066 animre
869 1043 896 1066 et
919 1039 1020 1065 sancti-

229 1085 385 1112 ticationem
398 1084 475 1112 carni
496 1085 590 1111 attulit
615 1085 750 1112 adventus
771 1085 893 1119 Spiritus
914 1085 1018 1117 sancti;

230 1139 284 1171 non
296 1136 388 1158 autem
403 1131 563 1158 substantia:
571 1135 618 1158 aut
635 1135 740 1158 naturae
753 1131 975 1158 immutationem
991 1131 1019 1157 in

229 1185 261 1204 ea
275 1176 377 1204 ettccit.

265 1273 296 1301 Ο.
313 1272 392 1305 Illud,
407 1273 532 1307 inquam,
544 1272 614 1300 adde
630 1272 663 1299 ad
679 1272 834 1306 superiora,
863 1271 937 1306 quod
959 1270 1020 1305 Spi-

230 1320 301 1347 ritus
312 1319 425 1354 quidem
437 1319 579 1354 Virginem
596 1318 697 1345 virlute
711 1318 870 1353 gravidante
884 1317 1017 1351 implevit.

231 1370 261 1393 ut
276 1371 374 1392 natura
404 1373 487 1400 supra
509 1369 648 1395 naturam,
671 1364 776 1398 spicam
806 1364 865 1390 sine
896 1363 1018 1390 aratione

231 1409 405 1442 produCerct,
438 1413 466 1435 et
492 1416 584 1435 ramus
604 1416 639 1435 ex
661 1408 753 1434 radice
776 1407 903 1442 virginali
936 1414 1019 1440 supra

230 1462 313 1488 quam
333 1453 495 1481 naturaliter
509 1453 643 1480 oriretur.

266 1497 297 1524 ll.
318 1498 414 1529 Recte,
428 1497 530 1532 inquit,
541 1499 613 1524 bone
630 1497 684 1524 vir.

266 1543 298 1570 0.
326 1543 404 1570 Nunc
422 1551 486 1570 vero
502 1548 610 1577 tempus
623 1547 676 1575 est,
694 1542 792 1573 amice.
808 1547 836 1570 ut
848 1547 973 1570 amanter
991 1548 1018 1570 et

231 1588 337 1623 placide
348 1588 421 1622 quod
433 1588 565 1622 deinceps
576 1588 711 1622 sequitur,
723 1588 938 1615 consideremus.
951 1588 1019 1616 Cum

230 1633 304 1661 enim
330 1634 475 1660 conveniat
503 1633 575 1660 inter
605 1641 667 1665 nos,
685 1633 782 1660 eadem
811 1638 910 1660 natura
933 1633 1019 1661 fuisse

231 1686 340 1713 semper
369 1679 520 1713 Virginem,
549 1687 600 1705 nec
623 1679 651 1706 in
662 1679 746 1705 alium
774 1684 880 1706 natura:
904 1684 1018 1712 statum,

231 1732 313 1759 quam
327 1731 382 1758 quo
408 1732 423 1751 a
446 1724 583 1758 principio
610 1729 681 1756 erat,
696 1725 843 1757 transisse;
863 1725 962 1760 pignus
986 1732 1020 1752 ex

230 1770 290 1804 ipsa
311 1773 410 1796 natura
429 1773 533 1802 nostra,
557 1777 649 1796 annon
676 1769 720 1796 via
735 1774 764 1796 et
778 1769 875 1796 ordine
902 1774 1021 1800 naturae.

231 1819 355 1850 tempora
372 1821 467 1851 partus
480 1816 635 1851 servabat?_

267 1911 300 1938 ll.
314 1911 371 1938 lmo
385 1910 513 1944 maxime,
526 1910 627 1944 inquit.
742 1944 748 1949 _

267 1957 299 1984 Ο.
328 1956 462 1983 Paulatim
487 1956 572 1988 enim,
593 1956 754 1991 inquam,in
782 1961 861 1983 utero
887 1956 1016 1991 virginali

232 2003 313 2030 fictus
334 2006 363 2029 et
395 2003 539 2033 formatus,
554 2002 717 2036 proﬁciebat
741 2002 801 2037 lege
828 2005 933 2036 partus,
956 2007 1018 2029 tau-

232 2057 314 2084 quam
338 2048 372 2075 ad
401 2048 587 2074 maturitatem
610 2047 761 2082 perfectam
786 2047 909 2078 infantis.
934 2052 965 2074 ut
985 2055 1018 2074 cx

232 2094 323 2121 verbis
337 2092 479 2127 Evangelii
493 2092 612 2127 perspici
634 2096 735 2127 potest,
754 2100 817 2119 cum
845 2093 900 2120 ait:
920 2093 954 2119 Et
967 2094 1016 2120 im-

232 2140 366 2176 pletirsunt
383 2139 437 2165 dies
465 2143 495 2165 ut
509 2142 614 2173 pareret
627 2139 647 2154 ”
661 2139 729 2173 ipsa.
741 2138 794 2166 Ubi
806 2138 881 2166 circa
897 2143 1016 2173 partum,

232 2188 304 2213 sicut
329 2185 401 2212 circa
418 2187 592 2218 conceptum,
615 2183 778 2211 miraculum
807 2183 969 2212 admirabile
989 2189 1018 2211 et

1072 267 1264 302 ἀναφυομένην
1280 267 1395 293 ἀτοπίαν
1412 267 1442 293 οὐ
1462 265 1660 301 προορώμενοι,
1675 266 1722 291 καὶ
1733 265 1772 296 ὡς
1785 265 1866 300 εἴπερ

1072 321 1097 338 τι
1110 312 1213 339 τοιοῦτο
1223 314 1256 348 τῇ
1273 313 1404 348 Παρθένῳ
1418 312 1598 347 συμϐεϐήκει,
1613 311 1660 338 καὶ
1671 311 1754 345 αὐτῆς
1770 310 1804 337 ἂν
1816 312 1868 345 τῆς

1073 357 1140 392 πρὸς
1153 357 1183 383 τὸ
1197 358 1297 384 τίκτειν
1312 358 1530 392 ἐπιτηδειότητος
1543 356 1721 391 ἀπεστέρητο.

1108 404 1138 428 0.
1160 402 1355 436 Ἀληθέστατα,
1371 400 1405 438 ἦν
1417 402 1438 428 δ’
1452 401 1518 436 ἐγὼ,
1535 401 1635 435 λέγεις.
1647 401 1683 426 Τὸ
1694 400 1747 435 γὰρ
1760 399 1868 434 ἄφθαρ-

1072 457 1116 474 τον
1142 448 1291 479 καταστὰν,
1325 448 1375 474 οὐκ
1391 448 1423 474 ἄν
1449 455 1514 473 ποτε
1536 447 1584 473 τοῦ
1598 447 1751 481 ’κυοφορεῖν
1771 454 1801 471 τε
1818 445 1867 471 καὶ

1072 494 1211 529 σαρκικῶς
1239 495 1396 520 ἀποτῖκτειν
1423 494 1529 528 γένοιτο
1545 493 1679 519 δεκτικόν.
1705 493 1736 518 Ἢ
1763 492 1791 518 δὲ
1817 491 1866 518 τοῦ

1072 539 1230 574 Πνεύματος
1248 540 1363 575 ἐνδημία
1385 541 1445 574 οὐχὶ
1455 540 1504 574 τὴν
1519 538 1727 573 ἐπιτηδειότητα
1739 538 1786 564 τοῦ
1802 545 1866 571 γεν-

1071 587 1119 620 νᾷν
1132 585 1179 620 τὴν
1197 586 1334 620 Παρθένον
1346 586 1471 619 ἀφείλετο
1487 586 1504 620 ἧ
1520 585 1685 611 κεκώλυκεν.
1702 584 1866 610 Τουναντίον

1073 632 1122 665 μὲν
1146 629 1192 657 οὖν
1211 632 1258 657 ἐπὶ
1271 631 1320 666 τὴν
1334 632 1464 667 ἀσπόρως
1478 631 1701 666 οἰκονομηθεῖσαν
1721 630 1864 664 σύλληψιν,

1075 677 1224 715 ὑπερφυῷς
1240 677 1323 712 αὐτὴν
1338 677 1540 713 προσηγάγετο.
1556 678 1672 703 Κὰκείνο
1691 677 1719 702 δέ
1735 685 1779 710 μοι
1802 684 1866 702 σκο-

1073 724 1134 748 πεῖν
1145 723 1260 754 ἔπεισιν,
1275 723 1312 754 ὠς
1323 724 1346 749 εἰ
1360 723 1419 749 κατ’
1432 723 1552 754 ἐκείνους
1564 724 1580 758 ἡ
1596 723 1743 758 Παρθένος,
1759 722 1866 756 ἄφθαρ-

1071 778 1117 800 τος
1130 771 1161 805 τῇ
1190 770 1362 805 ἐπιφοιτήσει
1378 769 1423 796 τοῦ
1439 770 1598 804 Πνεύμσιτος
1621 770 1732 804 γέγονεν
1745 791 1751 802 ,
1771 770 1866 804 ὲκεὶνη

1073 816 1181 848 πάντως
1193 816 1226 842 ἂν
1243 816 1289 842 καὶ
1306 815 1368 851 ῥίζα
1383 816 1432 849 τῆς
1446 816 1491 842 τοῦ
1506 816 1602 850 γένους
1616 816 1693 851 ἡμῶν
1709 816 1865 850 ἀφθαρσίας

1074 861 1232 896 ἐτύγχανεν,
1246 862 1303 888 ἀλλ’
1319 862 1368 896 οὐχ
1381 863 1394 887 ὁ
1409 861 1437 894 ἐξ
1452 862 1536 896 αὐτῆς
1554 862 1693 897 προελθὼν
1715 861 1785 893 θεῖος
1800 862 1866 896 βλα-

1039 892 1061 921 B
1076 892 1148 936 στόξί

1109 952 1141 977 Α.
1159 950 1307 982 Κάλλιστα,
1322 951 1373 986 ἔφη
1385 971 1392 982 ,
1407 951 1496 984 λέγεις
1512 959 1519 965 ·
1536 952 1597 978 οὐδὲ
1613 952 1666 986 γὰρ
1679 953 1695 986 ὴ
1717 952 1797 986 λοιπὴ
1815 952 1865 986 τῆς

1075 996 1214 1031 Παρθένου
1242 996 1298 1032 ζωὴ
1334 997 1533 1032 παραδεδέχθαι
1571 998 1698 1031 καθάπαξ
1726 998 1866 1032 ἱστόρηται

1075 1041 1124 1075 τῆς
1139 1043 1256 1078 φυσικῆς
1273 1043 1356 1075 ἕξεως
1378 1043 1557 1078 μεταποίησιν
1575 1051 1582 1057 ”
1609 1043 1794 1077 καθαρότητος
1815 1044 1866 1078 μὲν

1074 1089 1129 1123 γὰρ
1150 1089 1273 1123 ὑπῆρχεν
1293 1089 1361 1124 αὐτῇ
1379 1090 1427 1124 τῆς
1441 1090 1512 1115 κατὰ
1527 1089 1616 1124 ψυχὴν
1631 1109 1638 1120 ,
1660 1090 1707 1115 καὶ
1725 1090 1865 1124 ἁγιασμοῦ

1074 1134 1121 1161 τοῦ
1141 1135 1211 1162 κατὰ
1224 1135 1273 1170 τὴν
1287 1135 1375 1170 σάρκα
1391 1136 1521 1171 πρόξενος
1538 1137 1554 1171 ἠ
1568 1135 1613 1162 τοῦ
1630 1135 1788 1170 Πνεύματος
1805 1137 1866 1162 ἐπι-

1075 1181 1197 1216 φοίτησις
1210 1203 1216 1213 ,
1232 1182 1263 1207 ού
1283 1182 1336 1216 μὴν
1357 1181 1451 1212 οὐσίας
1466 1182 1482 1217 ἣ
1498 1182 1605 1216 φύσεως
1625 1181 1736 1216 ἄμειψιν
1751 1182 1780 1207 ἐν
1795 1181 1865 1216 αὐτῇ

1074 1226 1270 1255 κατεσκεύασε.

1111 1273 1140 1298 0.
1156 1273 1282 1305 Κάκεῖνο,
1307 1273 1390 1307 ἔφην,
1405 1274 1460 1304 τοῖς
1479 1273 1636 1308 εἰρημένοις
1648 1273 1789 1308 προστίθει
1802 1281 1809 1287 ·
1822 1273 1864 1300 ὅτι

1074 1327 1105 1352 γε
1119 1318 1150 1352 δὴ
1167 1319 1196 1344 τὸ
1212 1318 1322 1352 Πνεῦμα
1334 1339 1340 1351 ,
1357 1319 1425 1345 εἰτὸ
1450 1319 1521 1354 ὑπὲρ
1534 1320 1584 1354 τὴν
1597 1320 1678 1352 φύσιν
1696 1319 1816 1354 ὑπάρξαι

1074 1364 1156 1398 φύσει
1182 1365 1394 1400 καρποφορῆσαι
1412 1365 1513 1400 στάχυν
1533 1366 1677 1399 ἀνήροτον.
1695 1365 1743 1391 καὶ
1767 1364 1864 1391 κλάδον

1074 1410 1241 1445 παρθενικῆς
1259 1410 1336 1444 ῥίζης
1351 1410 1498 1444 ὑπερφυῶς
1515 1410 1695 1445 ἐκςυόμενον.

1108 1500 1140 1526 Α.
1158 1498 1194 1525 Εὖ
1210 1507 1252 1532 γε,
1268 1498 1331 1533 ἔφη,
1344 1495 1366 1525 ὦ
1382 1499 1515 1534 βέλτιστε.

1109 1547 1138 1572 0.
1156 1545 1212 1571 Νῦν
1227 1545 1254 1572 δὲ
1269 1545 1300 1580 δὴ
1321 1546 1430 1580 καιρδς,
1446 1542 1468 1572 ὦ
1482 1545 1605 1581 φιλότης,
1624 1546 1703 1581 ἔφην,
1725 1547 1865 1581 ἀγαπητι-

1072 1591 1126 1622 κὼς
1145 1600 1173 1617 τε
1190 1591 1238 1617 καὶ
1263 1591 1372 1626 πραέως
1388 1594 1418 1617 τὸ
1437 1592 1500 1626 ἑξῆς
1522 1591 1780 1626 συνδιασκέψασθαι.
1803 1592 1865 1626 Τῆς

1071 1637 1124 1672 γὰρ
1140 1637 1279 1672 Παρθένου
1300 1637 1535 1672 συνομολογούσης
1550 1639 1618 1672 ἡμῖν
1643 1638 1774 1669 ὡσαύτως
1791 1638 1865 1672 ἔχειν

1070 1682 1141 1708 κατὰ
1156 1682 1206 1716 τὴν
1220 1682 1302 1715 φύσιν
1316 1683 1358 1708 ἀεὶ
1374 1702 1380 1713 ,
1396 1682 1443 1708 καὶ
1459 1682 1497 1717 μὴ
1516 1683 1587 1717 πρὸς
1605 1683 1703 1715 ἑτέραν
1718 1684 1794 1718 παρὰ
1812 1683 1864 1718 τὴν

1071 1728 1100 1761 ἐξ
1116 1729 1204 1763 ἀρχῆς
1221 1728 1400 1763 ὑπάρχουσαν
1415 1729 1495 1763 αὐτῇ,
1514 1729 1710 1763 μεταχωρῆσαι
1723 1729 1865 1755 κατάστα-

1071 1783 1124 1806 σιν,
1140 1775 1154 1800 ό
1170 1773 1199 1806 ἑξ
1215 1772 1300 1806 αὐτῆς,
1314 1772 1364 1807 τῆς
1379 1773 1516 1808 ἡμετέρας
1533 1773 1641 1807 φύσεως
1661 1773 1801 1809 ἀρραϐὼν,
1817 1771 1864 1808 ἄρ’

1070 1821 1130 1854 οὐχὶ
1148 1818 1200 1853 ὁδῷ
1217 1819 1264 1845 καὶ
1281 1818 1358 1850 τάξει
1373 1818 1491 1853 φύσεως,
1512 1819 1575 1851 τοὺς
1596 1819 1710 1854 χρόνους
1729 1820 1864 1853 ἐγίνωσκε

1070 1865 1120 1900 τῆς
1135 1865 1261 1900 κυήσεως
1273 1873 1279 1896 ;

1105 1911 1137 1936 A.
1153 1910 1226 1936 Πάνυ
1242 1910 1292 1945 μὲν
1311 1910 1368 1942 οὖν,
1388 1910 1452 1945 ἔφη.

1105 1958 1137 1982 U.
1163 1956 1243 1982 Κατὰ
1266 1955 1353 1991 βραχὺ
1378 1957 1432 1991 γὰρ
1462 1957 1490 1983 ὲν
1514 1957 1548 1990 τῇ
1573 1955 1725 1991 παρθενικῇ
1751 1956 1863 1992 μήτρᾳ,

1071 2002 1224 2036 προέκοπτε
1240 2001 1315 2037 νόμῳ
1334 2003 1470 2037 κυήσεως,
1485 2001 1523 2034 ὡς
1540 2001 1608 2037 πρὸς
1619 2002 1670 2036 τὴν
1685 2002 1863 2037 ἀπηρτισμέμ

1070 2055 1118 2082 νην
1134 2047 1181 2073 τοῦ
1195 2047 1312 2082 βρέφους
1326 2048 1480 2080 τελείωσιν,
1500 2047 1537 2079 ὡς
1551 2048 1597 2074 καὶ
1611 2047 1661 2082 τῆς
1675 2048 1862 2082 εὖαγγελικῆς

1069 2093 1143 2120 ἐστιν
1160 2093 1276 2120 ἀκοῦσαι
1294 2094 1398 2128 φωνῆς,
1420 2094 1650 2128 Ἐπλήσθησαν,
1670 2093 1817 2129 λεγούσης,
1833 2097 1865 2121 al

1069 2139 1175 2173 ἡμέραι
1206 2138 1259 2166 τοῦ
1285 2139 1382 2166 τεκεῖν
1403 2131 1508 2172 αὐτὴν.
1528 2139 1611 2166 Ἔνθα
1627 2139 1691 2173 περὶ
1706 2140 1753 2166 τὸν
1769 2141 1862 2172 τόκον,

1070 2184 1164 2220 ὥσπερ
1180 2185 1212 2220 δὴ
1230 2185 1276 2211 καὶ
1297 2186 1361 2220 περὶ
1379 2185 1428 2220 τὴν
1442 2184 1554 2220 πρώτην
1571 2185 1703 2220 σύλληψιν
1715 2207 1722 2218 ,
1736 2194 1864 2212 καινοτο-

231 2240 332 2260 novum
347 2231 448 2258 factum
461 2234 512 2261 est,
529 2229 602 2264 quod
624 2238 713 2264 neque
724 2234 819 2265 partus
829 2231 1016 2265 virginitatem

1076 2232 1162 2265 μεῖται
1175 2230 1269 2265 θαῦμα
1283 2231 1444 2265 παράδοξον,
1458 2229 1522 2256 οὔτε
1537 2230 1583 2257 τοῦ
1598 2231 1680 2257 τόκου
1695 2231 1744 2266 τὴν
1759 2231 1863 2266 παρθι-

231 2279 322 2310 ωιτη,
338 2284 428 2312 neque
440 2276 584 2309 virginitas
600 2281 708 2311 partum
728 2276 879 2310 impedivit.

266 2368 297 2395 ll.
315 2368 422 2398 Divine,
442 2367 540 2401 inquit,
551 2366 600 2393 ais.

264 2414 297 2442 Ο.
313 2413 376 2445 Sed.
391 2413 502 2446 inquam
518 2419 578 2446 ego,
592 2411 821 2444 sicutconoeptus
839 2416 923 2443 supra
938 2413 1016 2435 uatu-

230 2468 288 2487 ram
319 2462 441 2486 nostram
462 2457 561 2489 factus,
587 2463 644 2483 non
668 2455 723 2482 fuit
739 2463 754 2482 a
774 2459 874 2482 natura
891 2453 1014 2486 alienus;

228 2506 269 2533 sic
282 2505 394 2540 quidem
410 2503 550 2539 generatio
573 2510 634 2537 quae
662 2501 905 2529 admirabilitatem
933 2500 1016 2528 liabe-

228 2551 287 2582 bat,
301 2557 356 2576 non
386 2550 504 2577 mutavit
526 2553 652 2575 naturam
680 2548 740 2581 ejus
755 2547 802 2580 qui
832 2551 945 2580 propter
967 2554 1018 2573 nos

228 2601 310 2622 natus
323 2599 381 2622 est:
394 2595 462 2629 quin
475 2595 532 2622 imo
552 2599 628 2621 ortus
642 2598 685 2620 est
709 2600 802 2619 ramus
817 2597 845 2619 et
858 2592 963 2619 fructus
980 2592 1017 2619 si-

229 2642 302 2668 milis
317 2645 395 2668 utero
412 2641 459 2675 qui
477 2640 628 2675 generavit.

264 2686 296 2714 ll.
315 2687 370 2714 Nos
394 2687 487 2721 igitur.
515 2685 605 2719 inquit
624 2685 680 2715 ille.
699 2684 739 2710 sic
764 2684 798 2710 de
818 2691 899 2710 carne
911 2683 1015 2710 Christi

227 2731 402 2764 confitemur,
419 2731 493 2765 quod
513 2730 663 2757 secundum
674 2729 840 2763 principium
865 2733 1016 2763 conceptus

227 2778 309 2805 simul
321 2781 348 2803 et
361 2775 503 2810 virginalia
519 2775 744 2810 \‘iscera'attigit,
759 2779 787 2802 et
808 2775 880 2810 quod
907 2782 1014 2816 assum-

266 2867 283 2881 ιτ
299 2861 366 2889 Luc.
386 2870 413 2893 ιι,
432 2862 458 2888 6.

1050 2304 1057 2307 η
1072 2275 1132 2301 νιαν
1145 2275 1287 2307 λύσαντος,
1302 2274 1364 2301 οὗτε
1378 2275 1428 2309 τῆς
1442 2274 1593 2309 παρθενίας
1607 2274 1732 2310 ἐμποδὼν
1748 2277 1782 2310 τῇ
1797 2284 1863 2302 κυο-

1072 2321 1155 2356 φορίᾳ
1172 2320 1330 2355 γενομένης.

1106 2368 1139 2394 Δ.
1158 2367 1254 2400 Θείως,
1273 2367 1337 2401 ἔφη,
1351 2367 1451 2401 λέγεις.

1107 2414 1137 2440 0.
1157 2413 1225 2439 Ἀλλ’
1244 2413 1348 2448 ὥσπερ,
1360 2411 1394 2447 ἦν
1406 2413 1428 2439 δ’
1442 2412 1507 2446 ἐγὼ,
1524 2414 1540 2448 ἠ
1553 2413 1685 2448 σύλληψις
1700 2414 1771 2449 ὑπὲρ
1785 2415 1861 2449 ἡμᾶς

1071 2457 1257 2492 γεγενημένη,
1283 2457 1314 2484 τὸ
1329 2457 1389 2484 καθ’
1405 2458 1480 2492 ἡμᾶς
1496 2457 1547 2484 οὐκ
1560 2457 1695 2492 ἠγνόησεν
1708 2477 1715 2488 .
1741 2457 1814 2484 οὕτω
1826 2458 1860 2492 δὴ

1067 2502 1115 2529 καὶ
1139 2503 1155 2536 ἡ
1171 2502 1298 2537 γέννησις
1310 2501 1342 2527 τὺ
1364 2501 1516 2536 παράδοξον
1532 2501 1629 2536 ἔχουσα
1642 2520 1650 2531 .
1671 2501 1719 2528 τοῦ
1739 2502 1773 2527 δι’
1785 2502 1861 2536 ἡμᾶς

1065 2547 1208 2582 τεχθέντος
1223 2547 1272 2582 τὴν
1292 2547 1373 2582 φύσιν
1387 2547 1438 2573 οὐκ
1452 2547 1580 2582 ἧμειψεν,
1593 2547 1652 2573 ἀλλ’
1663 2547 1747 2581 ἐξέφυ
1762 2546 1860 2578 κλάδος

1066 2601 1095 2622 τε
1110 2593 1157 2620 καὶ
1170 2594 1289 2626 καρπὸς,
1302 2593 1335 2628 τῇ
1355 2592 1466 2628 φυσάσῃ
1481 2592 1582 2626 γαστρὶ
1596 2592 1804 2627 παραπλήσιος.

1099 2683 1131 2709 Λ.
1151 2681 1245 2716 Ἡμεῖς
1264 2681 1313 2716 μὲν
1331 2679 1388 2712 οὖν,
1411 2681 1580 2716 let-timor.st
1601 2681 1666 2714 περὶ
1686 2680 1736 2712 τῆς
1759 2679 1861 2714 σαρκὸς

1064 2728 1182 2762 Χριστοῦ
1197 2727 1357 2761 δοξάζομεν,
1371 2728 1412 2753 ὅτι
1425 2727 1485 2753 κατ’
1498 2727 1583 2761 αὑτήν
1594 2734 1625 2760 γε
1637 2726 1686 2760 τῆς
1697 2725 1860 2761 συλλήψεως

1064 2773 1112 2809 τὴν
1125 2774 1221 2810 ἀργὴν,
1230 2774 1288 2809 ἅμα
1297 2774 1351 2800 τῶν
1363 2772 1536 2809 παρθενικῶν
1548 2771 1668 2806 ὲφῆπλται
1680 2770 1862 2807 σπλάγχνων,
