1973 3098
113 152 181 186 {329

627 153 776 183 CONTRA
797 149 954 180 NESTOR.
972 148 1018 176 ΕΤ
1038 146 1198 175 EUTYCH.

1668 141 1734 172 1330

112 211 158 236 καὶ
185 211 215 237 τὺ
244 204 418 246 προσληςᾷθὲν
437 209 476 241 εις
491 208 645 243 ἀψῡαρσξαν
668 204 899 242 μετεσκευὰζετο·

963 209 1029 229 itum
1050 205 1102 233 est,
1129 201 1156 227 in
1185 191 1478 234 in-corruptibilitatem
1507 201 1642 225 mutatum
1673 200 1734 223 est:

112 256 170 287 πῶς
185 256 239 291 γὰρ
262 254 318 282 οἶόν
331 265 360 282 τε
374 254 408 291 ἦν
426 255 511 289 αὐτῷ,
534 255 571 290 μὴ
590 254 640 288 τὴν
665 253 788 288 φθαρτὴν
801 251 897 278 ἀποτί-

112 301 206 327 Θεσθαι
224 301 315 335 φύσιν,
331 300 370 336 τῷ
389 301 519 336 ἀφθάρτῳ
532 300 604 335 λόγῳ
616 298 790 339 προσενωθέν
803 307 810 331 ;

147 389 178 414 Ο.
191 388 300 414 Μᾶλλον
323 389 416 419 ἔοικάς
430 396 486 423 μοι,
511 385 532 414 ὦ
551 387 683 422 βέλτιστε,
701 386 755 412 τῶν
779 386 898 417 οἰκείων,

112 433 192 467 ἔφην,
208 433 295 465 λόγων
309 434 489 468 ἀμνημονεῖν.
504 433 559 468 Τὴν
580 432 634 467 γὰρ
648 431 778 458 Θεοτόκον
792 430 899 465 Παρθέ-

112 487 156 504 νον
169 480 197 505 ἐν
210 480 265 510 τοῖς
277 479 409 514 πρότερον
423 479 556 513 ἄτρεπτον
564 479 701 512 διαμεῖναι
714 477 901 511 συνωμολόγη-

114 534 173 556 σας,
192 525 239 551 καὶ
259 526 298 551 ὅτι
318 526 364 551 τὸν
380 526 533 560 ὡρισμένον
548 525 597 559 τῆς
611 524 786 559 ἀνθρωπίνης
801 523 900 557 συλλή-

112 573 185 605 ψεως
200 572 306 606 χρόνον,
323 572 352 598 ὲν
376 573 408 607 τῇ
427 572 577 606 παρθενικῇ
597 572 689 606 μήτρᾳ
714 570 901 604 μορφούμενος

113 619 127 643 ὁ
140 618 194 644 τῶν
207 618 311 652 χρόνων
332 618 513 652 Δημιουργος,
535 617 646 651 οἰκῆσαι
663 618 714 643 οὐκ
731 617 899 651 ἀπηνήνατο.

114 664 176 695 Πῶς
186 664 274 690 τοίνυν
287 665 301 690 ὁ
314 663 477 698 σπλάγχνοις
490 665 592 698 μητρὸς
607 663 747 697 ἐνοικῆσαι
756 661 903 694 καταδεξά-

115 719 204 743 μενος,
224 710 271 736 καὶ
288 711 351 741 τοὺς
368 710 419 744 τῆς
432 710 556 744 κυήσεως
570 710 682 744 χρόνους
701 709 900 742 ὲκτετελεκὼς,

115 757 175 781 κατ⁴
193 755 270 781 οὐδὲν
281 757 331 790 τῆς
344 755 483 790 Παρθένου
497 755 669 790 προύχούσης
685 755 774 790 ἡμῶν,
786 755 855 790 πλήν
870 764 902 789 γε

115 800 199 833 μόνης
215 800 263 834 τῆς
282 800 424 835 ἁγιότητος
436 819 442 830 ,
458 799 551 835 ὥσπερ
568 801 600 826 ὲκ
616 799 796 835 μεταμελείας
809 800 881 831 τινος
893 819 901 832 ,

113 846 162 880 τὴν
181 845 228 872 τοῦ
245 846 346 872 οἰκείου
364 845 489 880 σώματος
509 846 590 879 φύσιν
614 846 735 877 ἀπαξιοῖ,
755 845 902 872 καὶταῦτα

113 893 146 927 τῇ
165 892 356 926 γεννησαμένη
366 891 409 918 διὰ
425 892 532 918 πάντων
547 891 764 927 ἀπαραλλάκτως
785 891 900 927 συμϐαίς

113 946 205 969 νοντος
222 946 229 969 ;
453 965 456 968 ,

149 983 183 1010 Λ.
199 983 312 1014 Τούτοις
328 985 378 1018 μὲν
401 981 467 1015 οὖν’,
485 985 587 1016 ἐκεῖνος
602 984 666 1019 ἔφη.
686 985 786 1016 πάντες
802 985 900 1018 κοινῶς

115 1029 303 1064 συνθήσονται,
317 1029 353 1054 Τὸ
370 1029 409 1061 δὲ,
423 1030 464 1055 ὅτι
479 1029 596 1064 φθαρτὸν
609 1031 640 1055 ἐκ
650 1030 756 1065 μήτρας
767 1030 856 1056 λαϐὼν
870 1031 901 1056 τὸ

113 1075 146 1100 ἐκ
170 1075 219 1109 τῆς
234 1074 371 1109 Παρθένου
393 1074 483 1110 σῶμα,
510 1075 610 1106 εὐθέως
631 1076 696 1102 αὐτὸ
714 1076 781 1110 πρὸς
794 1076 900 1111 ἀφθαρ-

113 1121 175 1146 σίαν
207 1121 430 1156 μετεκεράσατο,
464 1121 518 1147 τῶν
544 1122 631 1156 ὀρθῶς
658 1123 723 1156 ἡμῖν
750 1122 900 1148 δοκούντων

113 1166 197 1192 ἐστίν.

146 1212 178 1238 0.
196 1211 252 1237 Καὶ
267 1210 317 1237 ποῦ
337 1211 412 1245 ὁτῆς
433 1211 671 1245 συμπολιτεύσεως
688 1212 751 1247 ὅρος
772 1214 819 1238 καὶ
834 1212 899 1247 χρό-

113 1265 167 1288 νος,
187 1256 266 1291 ἔφην,
280 1252 311 1282 οὗ
328 1256 447 1291 μάλιστα
466 1257 495 1282 ὲν
511 1257 591 1292 χρείᾳ
605 1257 854 1293 καθειστήκειμεν,
872 1260 900 1284 ὲν

112 1302 207 1337 ἀτόμῳ
218 1302 265 1328 καὶ
279 1303 344 1337 ῥιπῇ
359 1301 509 1337 ὀφθαλμοῦ,
519 1302 566 1337 τὴν
579 1303 645 1338 πρὸς
655 1304 732 1338 ἡμᾶς
742 1304 899 1339 ὁμοιότητα,

112 1347 150 1378 ὡς
166 1347 219 1381 φὴς
232 1369 239 1380 ,
254 1348 464 1383 ἐπιδειξαμένου
477 1368 483 1380 ,
499 1349 546 1374 καὶ
568 1350 664 1375 θᾶττον
691 1349 879 1384 μεταθεμένου
892 1370 900 1380 ,

112 1393 195 1419 ὁπότε
213 1393 243 1419 οὐ
255 1393 350 1420 τούτου
374 1394 455 1428 μόνου
475 1395 678 1429 προσεδεόμεθα
688 1416 695 1427 ,
711 1395 780 1422 ἀλλὰ
793 1396 840 1422 καὶ
854 1395 901 1422 τοῦ

115 1439 373 1474 συναναστραφῆναι
395 1441 461 1474 ἡμῖν
477 1440 522 1466 τὸν
538 1441 650 1475 Κύριον,
673 1442 721 1467 καὶ
734 1441 778 1467 διὰ
792 1443 902 1468 πάντων

113 1484 244 1516 ὁδεῦσαι,
256 1484 289 1510 δι’
304 1481 341 1511 ὧν
400 1485 557 1519 ἀνθρωπεία
580 1486 661 1520 φύσις
680 1486 830 1521 ἀρχομένη,
855 1486 902 1512 καὶ

114 1529 159 1556 διὰ
173 1530 227 1556 τῶν
238 1532 266 1557 ἐν
281 1531 356 1565 μέσῳ
370 1528 522 1566 χωρήσασα
533 1552 540 1564 ,
557 1532 626 1566 πρὸς
639 1531 668 1558 τὸ
679 1533 777 1558 οἰκεῖον
792 1532 901 1568 ἔρχεται

114 1575 190 1607 τέλος
196 1585 203 1609 ;

151 1622 183 1648 Α.
200 1621 232 1647 Τί
246 1622 310 1657 γὰρ,
326 1622 390 1657 ἔφη,
400 1622 430 1649 τδ
444 1622 548 1649 κωλῦον
565 1621 609 1658 ἦν,
622 1623 724 1659 καίπερ
736 1623 840 1656 ἀπαθὲς
854 1626 904 1659 τῆς

117 1667 239 1697 ἰνώσεως
254 1669 407 1704 ποιησάσης
422 1669 452 1695 τὸ
467 1669 546 1704 σῶμα
559 1677 566 1702 ;

152 1714 182 1740 ο.
193 1715 247 1740 Καὶ
260 1715 329 1746 πῶς,
341 1715 428 1749 ἔγωγε
438 1715 506 1750 ἔφην
519 1715 588 1750 πρὸς
602 1716 719 1751 αὺτὸν,ἦ
731 1717 786 1747 τοῖς
798 1716 904 1751 ἀνθρώ-

116 1768 179 1792 ποις
192 1761 368 1796 συνδιαιτῷτο
377 1762 427 1796 τὴν
439 1762 539 1796 ἀρχὴν,
551 1761 611 1796 ἣτὰ
624 1761 694 1797 ὑπὲρ
706 1762 784 1796 ἡμῶν
795 1762 905 1788 κατεδέ‹

118 1806 183 1838 ξατο
197 1807 282 1841 πάθη,
300 1808 452 1842 ὴρνημένος
466 1808 498 1834 ὲκ
512 1807 623 1843 πρώτης
638 1807 760 1839 ἑνώσεως
774 1807 804 1834 τὺ
815 1809 906 1842 ὁμοιο-

119 1853 203 1883 met;
217 1854 284 1887 ἡμῖν
303 1853 350 1879 καὶ
367 1853 520 1887 ἐπίκηρον;
556 1871 561 1872 γ

156 1899 186 1924 Α.
210 1898 333 1933 Ἐπασχε
350 1898 400 1932 μὲν
411 1917 419 1930 ,
436 1899 540 1929 ἐκεῖνος
553 1898 737 1933 ἀπεκρίνατο,
752 1898 809 1925 ἀλλ’
826 1899 855 1925 οὐ
872 1899 904 1934 δή

119 1953 172 1970 που
186 1944 293 1978 ἀνάγκῃ
314 1944 433 1977 φύσεως.
451 1944 520 1970 ἀλλὰ
540 1943 612 1978 λόγῳ
628 1943 784 1978 οἰκονομίας
794 1944 842 1970 τοῦ
855 1944 907 1970 A6-

119 1997 169 2022 γου
185 1988 306 2022 ἐφιέντος
318 1988 349 2014 τὸ
366 1989 475 2016 παθεῖν.

155 2037 185 2062 0.
200 2035 366 2070 Αἰνίγμαειος
385 2035 461 2062 οὐδὲν
478 2035 593 2071 ἀπᾴδειν
609 2035 678 2070 ἔφην
699 2037 754 2070 ἐγὼ
766 2037 797 2063 τὺ
812 2035 907 2073 ῥηθέν.

119 2082 182 2113 Πῶς
212 2082 267 2117 γὰρ
293 2082 338 2108 καὶ
363 2081 443 2116 φύσιν
468 2082 546 2117 ἔσχεν
570 2082 709 2117 ἀνωτέραν
733 2083 838 2115 παθῶν,
862 2084 908 2110 καὶ

121 2127 237 2161 πάσχειν
263 2127 344 2153 πάλιν
362 2127 396 2153 τὰ
413 2127 464 2161 τῆς
482 2127 589 2161 φύσεως
604 2128 705 2162 σαρκὸς
721 2129 817 2162 ὴφίετο
832 2128 907 2163 παρὰ

119 2171 170 2205 τὴν
182 2170 262 2205 φύσιν
278 2179 284 2202 ;
300 2171 329 2196 Εἰ
343 2171 392 2205 μὲν
406 2170 460 2206 γὰρ
474 2172 489 2205 ἡ
503 2172 600 2202 ἓνωσις
613 2171 660 2198 τοῦ
677 2173 763 2206 Λόγου
775 2192 782 2204 ,
795 2173 825 2198 τὸ
837 2173 909 2199 ἀπα-

950 247 1088 282 quomodo
1105 247 1178 273 enim
1209 245 1268 272 ﬁeri
1283 249 1401 280 poterat,
1427 248 1457 271 ut
1488 248 1616 270 naturam
1640 249 1736 269 corru-

950 294 1074 328 ptibilcm
1096 300 1151 319 non
1182 292 1342 326 deponeret,
1368 291 1442 326 quod
1467 291 1558 318 Verbo
1588 287 1736 315 immortali

950 341 1057 367 unitum
1069 339 1145 366 erat?
1758 371 1759 374 η

985 387 1017 414 0.
1038 386 1109 419 Quin
1130 386 1195 417 imo,
1208 386 1331 420 inquam,
1348 384 1449 412 videris
1462 383 1528 410 mihi
1554 387 1662 409 tuorum
1673 388 1733 407 vcr-

950 434 1049 461 borum
1075 433 1228 460 immemor.
1261 432 1394 466 Superius
1420 431 1493 457 enim
1521 429 1661 463 Virginem
1689 425 1737 453 Dei

951 480 1064 507 Matrem
1086 478 1284 506 immutabilem
1310 478 1441 504 mansisse
1470 475 1613 503 confessus
1635 481 1684 505 es;
1709 476 1738 498 et

952 525 1025 560 quod
1040 526 1143 552 Auctor
1166 529 1321 558 temporum
1351 531 1406 550 non
1434 521 1581 551 recusavit,
1606 527 1667 546 cum
1682 518 1738 544 for—

952 574 1042 597 matus
1059 573 1110 602 est,
1127 569 1252 596 habitare
1266 568 1294 595 in
1319 572 1398 594 utero
1410 571 1517 601 tempus
1543 565 1655 592 humani
1670 571 1736 590 con-

953 620 1059 651 ceptus.
1071 615 1215 648 Quomodo
1234 615 1316 649 igitur
1335 614 1382 648 qui
1407 612 1495 639 voluit
1517 611 1641 637 habitare
1658 610 1684 636 in
1698 609 1739 635 vi-

954 661 1078 688 sceribus
1098 660 1205 690 matris,
1236 662 1264 685 et
1289 663 1410 692 tempora
1437 659 1532 691 partus
1553 653 1686 688 explevit,
1711 658 1739 680 et

954 714 1016 734 cum
1027 714 1082 733 non
1097 710 1169 733 esset
1182 704 1354 739 praestantior
1377 710 1458 738 quam
1475 709 1526 728 nos
1541 701 1634 735 Virgo,
1656 706 1737 726 exce—

953 757 999 788 pta
1019 752 1175 783 sanctitate,
1191 756 1319 785 tanquam
1328 748 1490 784 pcenitentia
1505 746 1622 782 quadam
1638 744 1739 772 ductus

954 803 1080 826 naturam
1095 798 1218 833 corporis
1235 797 1277 824 sui
1294 796 1413 831 respuit,
1436 794 1517 829 idque
1541 801 1555 820 a
1574 797 1660 820 matre
1678 798 1738 826 qua;

956 853 1022 872 eum
1038 844 1143 879 genuit,
1157 852 1206 879 per
1223 842 1314 870 omnia
1335 849 1388 868 non
1402 840 1546 868 dill‘errct?

990 999 1023 1026 ll.
1039 999 1097 1030 llis,
1109 998 1198 1032 inquit
1210 997 1267 1029 ille,
1285 1003 1380 1023 omnes
1390 993 1575 1022 communiter
1587 991 1737 1018 assentien-

955 1050 1013 1072 tur.
1032 1045 1133 1071 Verum
1158 1050 1258 1077 corpus
1271 1049 1304 1069 ex
1320 1046 1399 1068 utero
1412 1037 1590 1073 corruptibile
1610 1036 1683 1070 quod
1705 1042 1744 1062 ex

955 1090 1068 1124 Virgine
1083 1088 1209 1123 sumpsit,
1227 1087 1301 1122 quod
1317 1086 1416 1119 jstatim
1444 1084 1478 1112 ad
1505 1082 1738 1110 immortalitatem

956 1135 1108 1166 transtulit.
1135 1142 1230 1162 eorum
1253 1138 1294 1160 est
1319 1133 1367 1167 qui
1394 1131 1475 1158 nobis
1488 1129 1683 1157 rectesentire
1696 1127 1739 1154 vi-

954 1181 1064 1208 dentur.

989 1224 1021 1252 0.
1037 1224 1144 1256 Et-ubi,
1160 1223 1272 1258 inquam
1283 1230 1344 1257 ego.
1359 1227 1401 1249 est
1417 1221 1496 1252 ratio,
1513 1225 1545 1248 ct-
1561 1222 1667 1254 tempus
1677 1219 1740 1246 vim

955 1271 1113 1298 communis
1127 1278 1159 1298 ac
1184 1269 1411 1299 conversationis.
1429 1276 1490 1303 qua:
1520 1267 1637 1294 maxime
1661 1265 1741 1293 nobis

957 1316 1031 1343 utilis
1055 1319 1082 1343 et
1101 1315 1256 1343 necessaria
1282 1314 1344 1346 fuit,
1373 1314 1395 1340 si
1422 1317 1524 1348 puncto
1548 1316 1577 1339 et
1600 1315 1740 1338 momento

955 1361 1087 1396 temporis
1118 1360 1289 1392 similitudo,
1323 1364 1353 1386 ut
1383 1359 1439 1390 ais,
1471 1358 1616 1385 nobiscum
1643 1356 1678 1384 ab
1707 1364 1741 1383 eo

956 1405 1150 1437 demonstrata,
1178 1405 1304 1432 celeriter
1329 1407 1434 1430 mutata
1460 1408 1521 1435 est;
1551 1401 1660 1436 quando
1685 1408 1741 1428 non

956 1451 1010 1478 hoc
1025 1451 1114 1481 solum
1126 1451 1327 1485 indigebamus,
1353 1450 1400 1476 scd
1417 1453 1448 1476 ut
1463 1451 1675 1476 conversarctur
1689 1453 1740 1474 no-

956 1497 1063 1524 biscum
1076 1496 1224 1528 Dominus;
1246 1500 1274 1522 et
1289 1503 1337 1530 per
1361 1495 1453 1521 omnia
1469 1496 1597 1528 pergeret
1619 1500 1669 1526 per
1681 1499 1742 1526 qua:

957 1547 1055 1570 natura
1072 1543 1191 1569 humana
1204 1542 1370 1577 principium
1382 1541 1505 1575 capiens.
1530 1542 1559 1566 ct
1582 1546 1630 1572 per
1653 1537 1744 1564 media

958 1587 1147 1622 progrediens,
1162 1586 1196 1613 ad
1211 1586 1293 1612 ﬁnem
1307 1593 1387 1613 suum
1400 1585 1515 1612 evadit?

993 1632 1026 1658 H.
1042 1631 1113 1664 Quid
1128 1631 1213 1662 enim,
1229 1630 1330 1664 inquit,
1348 1630 1400 1656 ista
1417 1628 1592 1663 prohibebat,
1618 1626 1744 1662 quamvis

959 1677 1025 1704 unio
1041 1684 1143 1711 corpus
1160 1675 1328 1710 impassibile
1342 1674 1472 1702 fecisset?

994 1722 1026 1749 0.
1044 1722 1078 1748 Et
1090 1721 1239 1756 quomodo,
1270 1720 1393 1754 inquam,
1424 1719 1467 1746 vel
1493 1726 1555 1745 cum
1584 1717 1744 1744 hominibus

959 1767 1095 1804 principio
1108 1767 1232 1798 vixisset.
1251 1766 1293 1793 vel
1311 1765 1454 1800 passiones
1476 1771 1526 1798 pro
1544 1763 1625 1790 nobis
1651 1770 1745 1790 susce-

959 1814 1055 1849 pisset.
1070 1813 1092 1840 si
1107 1820 1140 1840 ex
1155 1812 1214 1846 ipso
1232 1811 1367 1846 principio
1382 1809 1492 1836 unionis
1509 1812 1638 1843 negatum
1662 1812 1744 1838 esset,

960 1865 1021 1885 esse
1035 1857 1152 1884 similem
1165 1855 1246 1882 nobis
1261 1854 1430 1890 passibilem,
1451 1858 1478 1880 et
1495 1853 1658 1880 mortalem?

996 1903 1028 1930 Η.
1043 1903 1142 1930 Passus
1160 1906 1213 1934 est,
1228 1900 1370 1936 respondit
1384 1900 1440 1930 ille.
1454 1899 1501 1927 sed
1514 1907 1567 1926 non
1583 1898 1747 1925 necessitate

961 1953 1076 1980 naturze,
1105 1955 1202 1976 verum
1228 1947 1334 1974 ratione
1364 1945 1542 1980 oeconomiae,
1568 1945 1747 1979 permittente

961 1995 1051 2022 Verbo
1063 1999 1094 2021 ut
1107 1997 1257 2029 pateretur.

995 2039 1027 2067 0.
1053 2040 1135 2075 Ergo,
1164 2040 1287 2073 inquam,
1316 2038 1390 2072 quod
1410 2037 1516 2075 dictum
1542 2040 1595 2068 est,
1621 2035 1690 2062 nihil
1713 2034 1748 2061 ab

962 2073 1105 2120 aenigmate
1124 2085 1226 2112 differt.
1243 2084 1387 2117 Quomodo
1399 2073 1477 2111 enim.
1487 2088 1613 2110 naturam
1629 2080 1748 2109 habebat

962 2131 1132 2165 superiorem
1141 2138 1223 2165 quam
1237 2134 1266 2157 ut
1280 2130 1336 2165 pati
1349 2133 1452 2164 posset,
1478 2135 1506 2156 et
1532 2135 1629 2155 rursus
1640 2126 1748 2153 sineba-

963 2179 1018 2208 tur,
1036 2180 1134 2210 praeter
1147 2180 1285 2208 naturam,
1296 2184 1356 2211 qua:
1374 2176 1465 2203 carnis
1475 2179 1539 2202 sunt
1549 2174 1624 2209 pati?
1636 2173 1664 2200 Si
1675 2172 1748 2200 enim

121 2214 165 2245 θὲς
180 2216 212 2250 τῇ
228 2215 309 2249 σαρκὶ
321 2215 477 2250 ὲδωρήσατο
487 2235 494 2248 ,
510 2216 560 2242 οὐκ
572 2216 604 2242 ἂν
621 2216 706 2251 αὐτὴν
721 2217 904 2252 ἀπεστέρησεν

963 2220 1028 2247 unio
1049 2219 1132 2247 Verbi
1145 2221 1221 2247 carni
1242 2220 1493 2256 impassibilitatem
1521 2219 1653 2250 dedisset,
1677 2225 1749 2244 nun-

121 2260 167 2286 τοῠ
184 2268 215 2294 γε
227 2260 418 2296 δεδιυρημένου
432 2261 479 2287 καὶ
490 2261 564 2293 ἅπαξ
575 2261 812 2297 προσνεμηθέντος
826 2263 908 2298 αὐτῇ.

122 2306 193 2340 Πρὸς
210 2306 238 2332 δέ
257 2314 289 2339 γε
313 2306 361 2332 καὶ¹
382 2307 405 2333 εἰ
419 2307 451 2333 ἐκ
463 2306 513 2341 τῆς
526 2307 650 2338 ἐνώσεως
671 2307 720 2333 τοῦ
737 2308 825 2341 Λόγου
836 2327 844 2339 ,
860 2308 912 2341 τῆς

121 2351 275 2386 ἀφθαρσίας
289 2352 459 2387 μετειλήφει,
472 2352 531 2388 ὥρα
543 2361 584 2379 σοι
597 2354 644 2380 καὶ
658 2353 818 2389 ἀποσχίζειν
848 2354 912 2380 ἀθέ-

123 2405 200 2431 σμως
211 2397 313 2432 τολμᾷν
321 2397 370 2432 τὴν
385 2398 515 2432 ὑπερφυᾶ
527 2399 572 2425 καὶ
586 2398 742 2434 θαυμασίαν
755 2399 863 2426 ἕνωσιν.
873 2399 910 2426 Οὐ

123 2444 178 2477 γὰρ
202 2439 258 2468 οἶόν
275 2450 304 2468 τε
324 2440 358 2477 ἦν
374 2443 489 2477 πάσχειν
505 2444 534 2469 τὸ
547 2444 579 2470 ὲκ
592 2445 641 2480 τῆς
664 2445 786 2477 ἐνώσεως
797 2445 912 2478 ἀπαθὲς,

123 2488 162 2523 μὴ
190 2487 240 2522 τῆς
269 2486 391 2520 ὲνὼσεως
418 2489 550 2524 πρότερον
575 2491 788 2526 ἀναιρεθείσης·
814 2491 909 2527 ὥσπερ

123 2534 183 2560 οὐδὲ
199 2533 294 2565 σκότος
312 2532 345 2559 ἂν
360 2534 493 2568 ὑποσταίη
511 2535 570 2560 ποτ’
586 2535 628 2567 ἂν,
647 2534 684 2570 μὴ
699 2535 746 2561 τοῦ
762 2536 849 2562 αἰτίου
864 2536 912 2562 καὶ

125 2579 289 2612 φωτίζοντος
311 2579 518 2614 ὑποχωροῦντος
531 2588 538 2595 -
564 2581 611 2606 καὶ
634 2581 727 2613 ἁπλῶς
742 2581 797 2617 γὰρ
813 2583 912 2615 εἰπεῖν,

125 2626 200 2652 οὐδὲν
217 2626 271 2652 τῶν
292 2627 324 2652 ὲκ
337 2625 384 2652 τοῦ
409 2626 569 2652 συνεκτικοῦ
591 2626 678 2652 αἰτίου
701 2628 756 2659 τοῖς
780 2628 912 2659 αίτιατοῖς

126 2673 297 2707 παραμένειν
313 2672 448 2707 πέφυκεν,
467 2672 504 2707 μὴ
522 2672 568 2698 τοῦ
583 2672 670 2698 αἰτίου
687 2673 830 2708 παρόντος.
848 2673 914 2699 Σκό-

127 2727 173 2746 πει
189 2719 217 2745 δὲ.
229 2719 261 2754 δὴ
276 2719 324 2746 καὶ
340 2719 419 2745 τοῦτο
434 2718 496 2751 ·ὡς,
509 2718 536 2744 εἴ
548 2726 580 2751 γε
594 2716 725 2753 πάσχοντι
738 2718 812 2753 αὐτῷ
828 2720 915 2745 συνεῖ-

127 2773 172 2790 ναι
183 2764 339 2797 ὑπέμεινεν,
352 2753 539 2805 ὑπομείναιᾶν
552 2763 597 2789 καὶ
608 2763 722 2799 παθητῷ
736 2772 767 2798 γε
778 2764 834 2791 ὄντι
844 2764 914 2798 ἡνῶ-

129 2809 190 2835 σθαι
206 2809 243 2844 τῷ
261 2808 376 2844 σώματι.

164 2856 197 2881 Α.
220 2853 281 2890 'Ap‘
299 2853 361 2889 οὖν,
384 2853 435 2890 ἔφη
460 2853 526 2889 πρὸς
547 2855 620 2890 ἡμᾶς
635 2875 642 2889 ,
666 2855 725 2890 οὐχὶ
751 2855 914 2890 βουλομένου

965 2272 1048 2300 quam
1065 2272 1126 2292 eam
1152 2265 1224 2292 dono
1241 2265 1316 2300 quod
1333 2265 1418 2293 semel
1435 2264 1586 2295 tribuisset,
1601 2263 1747 2297 privassct.

963 2310 1110 2342 Prwterea,
1127 2310 1149 2337 si
1167 2318 1200 2337 ex
1222 2311 1324 2338 unione
1335 2310 1418 2338 Verbi
1433 2309 1585 2344 accepisset
1600 2316 1655 2335 non
1668 2315 1748 2342 posse

964 2356 1113 2390 corrumpi,
1131 2360 1239 2391 tempus
1253 2361 1295 2384 est
1317 2360 1347 2383 ut
1372 2356 1473 2383 audeas
1497 2355 1602 2382 nefarie
1630 2353 1749 2380 avellere

964 2401 1165 2434 admirandam,
1176 2406 1204 2428 et
1219 2409 1302 2436 supra
1318 2405 1444 2428 naturam
1455 2401 1597 2428 unionem.
1607 2397 1749 2433 Siquidem

963 2455 1018 2474 non
1029 2452 1138 2482 poterat
1154 2448 1221 2482 pati,
1244 2448 1319 2482 quod
1332 2455 1366 2474 ex
1384 2447 1486 2474 unione
1513 2449 1574 2473 erat
1594 2453 1609 2472 a
1623 2445 1750 2479 passione

963 2493 1160 2525 1iberum,nisi
1172 2493 1275 2520 unione
1296 2493 1374 2526 prius
1405 2493 1531 2524 sublata;
1554 2491 1634 2518 sicuti
1660 2496 1750 2523 neque
1769 2482 1776 2492 I

965 2538 1087 2565 tenebrae
1100 2545 1220 2572 unquam
1237 2541 1328 2569 erunt,
1345 2537 1400 2564 nisi
1415 2544 1496 2564 causa
1511 2540 1538 2563 et
1553 2535 1657 2563 lumine
1675 2541 1768 2572 recem

965 2583 1065 2610 dente:
1093 2588 1121 2610 et
1141 2583 1169 2609 in
1185 2590 1304 2614 summa,
1327 2582 1398 2608 nihil
1424 2589 1456 2609 ex
1482 2589 1563 2608 causa
1589 2574 1769 2608 continenteé

963 2629 1141 2665 proﬁciscens
1154 2633 1247 2663 aptum
1259 2633 1354 2655 natum
1368 2632 1420 2659 est,
1438 2631 1468 2654 ut
1480 2627 1508 2654 in
1525 2627 1631 2654 eﬂ'ectis
1641 2633 1751 2661 perma-

965 2678 1051 2707 neat,‘
1065 2675 1119 2702 nisi
1145 2682 1227 2702 causa
1253 2674 1334 2701 adsit.
1362 2673 1513 2701 Considera
1534 2677 1625 2700 autem
1643 2676 1672 2700 et
1687 2672 1749 2700 hoc.

965 2722 1039 2756 quod
1055 2721 1077 2748 si
1091 2721 1225 2748 sustinuit
1246 2719 1366 2748 Verbum
1383 2724 1413 2747 ut
1424 2726 1486 2747 cum
1501 2718 1623 2753 patiente
1635 2724 1750 2752 congre-

965 2767 1088 2798 deretur,
1102 2767 1252 2795 sustineret
1274 2767 1368 2798 etiam,
1389 2770 1419 2793 ut
1429 2766 1538 2801 corpori
1555 2764 1678 2801 passibili
1690 2763 1753 2791 uni-

964 2816 1051 2840 retur.

1002 2859 1034 2885 Η.
1049 2858 1120 2886 Num
1135 2859 1231 2890 igitur,
1259 2858 1357 2892 inquit.
1377 2866 1430 2886 non
1450 2857 1605 2892 patiebatur
1625 2864 1688 2884 caro
1702 2862 1750 2885 vo.
