1973 3098
215 96 278 128 H31

833 100 986 130 LEONTII
1008 100 1210 131 BYZANTINI

1771 97 1842 129 13132

215 153 288 181 imle
302 154 401 186 Verbo,
430 154 479 182 sed
503 158 608 181 natura:
638 153 745 188 legibus
765 153 886 188 subjecta
921 154 999 180 erat?

1051 155 1094 181 τοῦ
1121 156 1208 189 Λόγου
1229 155 1348 190 ἔπασχεν
1369 157 1386 192 ἡ
1411 155 1489 191 σὰρξ,
1511 155 1579 182 ἀλλὰ
1591 156 1683 191 νόμου
1709 156 1842 182 ὑπέκειτο

248 244 281 271 Ο.
299 244 412 278 Ecquis,
426 241 557 278 respondi
572 250 632 278 ego.
653 242 706 269 hoc
722 242 843 273 diceret,
860 241 933 275 quod
944 249 998 267 non

215 289 324 316 volente
341 289 443 321 Verbo,
465 288 615 323 quidquam
632 295 727 314 eorum
753 294 814 321 quae
836 286 999 313 naturaliter

214 335 352 367 accidunt,
365 335 441 362 carni
457 334 595 366 eveniret;
611 341 642 360 ac
666 341 720 360 non
741 333 828 367 magis
853 333 912 366 ipso
935 339 999 367 per-

215 381 352 412 mittente,
382 385 412 407 ut
430 389 492 416 qua:
518 380 654 407 naturalia
683 383 763 406 erant
787 378 847 404 sine
874 381 997 412 peccato,

214 433 277 453 caro
288 430 438 459 pateretur,
450 434 510 461 qua:
525 426 559 452 ad
576 424 734 460 patiendum
751 429 850 450 natura
861 426 924 457 apta
935 427 998 449 nata

213 471 295 498 erat?
312 471 372 498 Non
391 472 464 498 enim
484 471 507 498 si
525 470 677 498 secundum
693 474 820 496 naturam
841 472 901 495 erat
916 475 999 503 supra

214 524 296 551 quam
315 520 344 543 ut
361 516 416 551 pati
428 520 533 550 posset,
552 520 615 550 apta
638 515 671 542 ad
686 514 845 549 patiendum
867 521 916 548 per
933 513 1000 540 Ver-

215 563 279 590 bum
295 563 365 590 facta
378 567 460 590 esset.
476 562 578 589 Contra
601 562 704 596 potius,
723 559 873 594 aliquando
895 559 1000 593 passio-

214 616 264 636 nes
278 616 341 636 caro
352 608 510 642 superabat,
527 607 666 634 tribuente
696 606 721 633 ei
747 605 848 636 Verbo,
866 609 896 632 ut
912 604 999 638 pluri-

214 662 300 684 mum.
315 653 485 680 dominatum
506 654 533 679 in
561 652 704 687 paSsiones
717 672 724 680 .
749 655 779 677 ut
794 650 926 676 naturalis
953 657 1000 675 co-

213 699 378 733 agmentatio
392 704 495 726 natura:
518 698 601 725 Verbi
628 704 691 724 cum
708 703 790 724 carne
808 694 999 729 inseparabilis

213 749 296 776 esset,
312 749 340 771 et
351 752 458 778 semper
478 742 691 774 indissolubilis;
711 740 853 776 passiones
866 747 931 766 vero
943 747 998 766 non

214 791 379 826 participare
398 799 452 818 non
466 798 576 825 semper
602 789 710 824 corpori
724 788 831 815 liceret.
854 787 914 814 Non
925 787 998 814 enim

214 844 247 863 ex
257 836 361 864 unione
376 836 473 863 habuit
489 843 543 862 non
556 835 624 870 pati,
651 835 699 862 sed
723 843 758 862 ex
773 834 915 860 voluntate
929 832 997 859 uniti

215 882 268 909 hoc
287 886 452 916 opportune,
468 885 496 909 et
520 881 553 908 ad
586 881 705 914 aliquam
728 879 874 906 utilitatem
899 877 998 912 guber-

214 927 309 954 nantis
321 935 353 954 ac
369 926 551 961 disponentis.
569 926 627 952 Nisi
642 925 716 952 enim
733 925 786 951 hoc
806 931 900 950 verum
913 927 996 953 esset,

215 973 332 999 alterum
351 972 469 998 duorum
494 972 620 998 conliteri
636 977 748 999 necesse
775 973 858 999 esset,
875 971 922 995 aut
944 975 998 994 non

214 1025 321 1053 passam
338 1025 398 1045 esse
414 1018 562 1052 quidquam
584 1017 705 1052 penitus,
725 1023 786 1050 quae
810 1019 871 1041 erat
886 1018 998 1048 propter

215 1063 343 1091 unionem
360 1067 456 1090 natura
475 1062 666 1098 impassibilis;
691 1066 738 1088 aut
752 1061 774 1087 si
795 1067 874 1094 passa
893 1062 944 1090 est,
965 1059 998 1084 ab

215 1110 316 1136 unione
331 1109 441 1144 penitus
452 1109 587 1135 divulsam
605 1115 676 1135 esse.

251 1153 283 1180 Η.
297 1153 325 1180 Si
340 1152 432 1187 igitur,
446 1152 484 1179 ait
497 1152 554 1184 ille,
574 1156 603 1177 ut
617 1155 644 1178 tu
661 1150 739 1181 dicis,
757 1157 821 1177 caro
838 1157 900 1176 cum
917 1153 998 1177 natu-

215 1207 273 1226 ram
297 1199 410 1226 haberet
425 1202 515 1232 aptam
543 1197 577 1223 ad
596 1195 765 1230 patiendum.
782 1199 838 1222 tum
853 1195 906 1222 alia
936 1202 999 1228 pro-

216 1248 276 1278 pter
286 1250 325 1276 se,
346 1247 402 1269 tum
421 1245 536 1269 mortem
551 1240 692 1271 sustinuit,
704 1239 868 1267 exciderunt
882 1238 962 1266 nobis
971 1243 998 1266 et

215 1289 358 1323 perierunt
376 1287 562 1323 gloriationes.
589 1286 691 1320 quibus
715 1284 910 1320 gloriabamur,
937 1289 996 1313 ωη-

216 1341 298 1368 quam
316 1333 373 1367 ipsa
389 1336 502 1367 propter
513 1339 563 1358 nos
575 1339 654 1366 passa
673 1330 779 1359 fuisset.

251 1379 282 1406 Ο.
307 1379 422 1413 Propter
448 1385 499 1405 nos
528 1376 581 1411 pati
609 1383 718 1403 carnem
739 1375 858 1406 Domini,
887 1375 998 1408 inquam

217 1432 277 1458 ego,
291 1423 362 1449 bone
378 1422 429 1453 vir,
447 1420 594 1455 dupliciter
606 1419 719 1450 dicitur,
735 1420 763 1445 et
781 1418 854 1452 quod
882 1417 997 1452 permit-

1073 211 1156 234 υσεως
1166 212 1174 235 ;

1073 211 1174 235 uasw';

1051 211 1070 236 φ
1085 248 1116 274 Ο.
1135 222 1190 274 Ila).
1206 249 1249 280 τίς
1269 249 1324 284 γὰρ
1339 248 1372 275 ἂν
1382 269 1389 280 ,
1407 248 1572 284 ,ἀποκριθεὶς
1587 247 1663 275 εἶπον
1677 249 1743 283 ἐγὼ,
1758 249 1842 276 τοῦτο

1050 293 1162 328 φήσειεν
1175 313 1182 325 ,
1197 294 1237 320 ὅτι
1247 302 1279 328 γε
1297 294 1332 329 μὴ
1352 293 1518 329 βουλομένου
1531 294 1586 323 ,τοῦ
1602 295 1699 327 Λόγου,
1715 295 1769 320 τῶν
1785 303 1840 328 φυ-

1034 339 1133 365 ·σικῶν
1157 349 1183 366 τι
1211 341 1421 375 συμπτωμάτων
1443 340 1585 366 συνέϐαινε
1606 341 1638 375 τῇ
1668 341 1767 375 σαρκὶ,
1788 341 1838 367 καὶ

1049 384 1109 418 οὐχὶ
1136 384 1235 418 μᾶλλον
1252 385 1374 419 ἐφιέντος
1393 384 1474 411 αὑτοῦ
1486 405 1494 418 ,
1507 386 1540 420 τῇ
1562 384 1677 419 πάσχειν
1695 386 1838 420 meum;

1049 429 1083 454 τὰ
1100 430 1170 456 κατὰ
1189 430 1270 463 φύσιν
1292 430 1496 465 ἀναμαρτήτως
1519 430 1683 465 ὑφίστασθαι
1697 439 1703 462 ;
1719 431 1758 456 Οὐ
1779 431 1838 466 γὰρ

1049 473 1173 508 ἀνωτέρα
1192 474 1262 500 κατὰ
1279 474 1471 508 φύσινπαθῶν
1501 472 1581 506 οὖσα,
1597 475 1706 510 παθητὴ
1720 475 1764 502 διὰ
1789 475 1837 501 τον

1049 519 1136 551 Λόγον
1159 519 1275 552 ἐγίνετο.
1305 519 1468 546 Τοὺναντίον
1494 520 1544 554 μὲν
1559 517 1605 546 οὖν
1628 520 1702 546 ἐστιν
1721 521 1766 546 ὅτε
1787 521 1838 546 καὶ

1048 564 1101 590 τῶν
1117 565 1186 591 κατὰ
1209 565 1290 598 φύσιν
1306 565 1449 600 ὑπερεῖχεν
1469 565 1574 597 παθῶν,
1587 565 1634 592 τοῦ
1650 566 1737 599 Λόγου
1753 566 1836 601 αὐτῇ,

1049 608 1086 640 ὡς
1099 609 1132 635 τὰ
1147 609 1241 640 πολλὰ,
1255 611 1304 645 τὴν
1323 611 1394 636 κατὰ
1410 611 1504 637 παθῶν
1527 613 1703 646 ἐπικράτειαν
1723 611 1836 646 χαριζο-

1051 653 1131 687 μένου
1139 663 1146 670 ⁸
1156 655 1224 680 ὥστε
1235 655 1284 689 τὴν
1293 655 1361 690 πρὸς
1370 656 1419 690 τὴν
1428 656 1518 691 σάρκα
1530 656 1576 683 τοῦ
1586 658 1673 690 Λόγου
1683 659 1836 692 συμφυΐαν.

1049 698 1199 733 ἀχώριστον
1224 697 1294 726 εἶναι
1326 701 1372 726 καὶ
1399 701 1481 736 μέχρι
1506 702 1607 733 παντὸς
1629 702 1835 729 ἀδιάσπαστονθ

1049 743 1097 778 τὴν
1108 744 1136 770 δὲ
1148 744 1201 770 τῶν
1215 745 1309 771 παθῶν
1323 745 1480 780 ἀμεθεξίαν,
1494 747 1523 772 οὒ
1536 747 1651 773 πάντοτε
1666 747 1838 782 παραμένειν

1050 789 1086 823 τῷ
1105 789 1221 824 σώματι.
1248 791 1303 816 Καὶ
1322 791 1376 825 γὰρ
1397 791 1447 817 οὐκ
1469 793 1500 817 ἐκ
1514 792 1563 826 τῆς
1587 793 1710 824 ἑνώσεως
1727 792 1790 826 ἔσχε
1805 793 1836 818 τ’)

1049 833 1164 865 ἀπαθὲς,
1178 834 1234 860 ἀλλ’
1250 835 1282 861 ἐκ
1299 836 1346 869 τῆς
1364 835 1516 870 βουλήσεως
1533 836 1579 862 τοῦ
1595 836 1751 868 ἐνωθέντος,
1764 838 1837 864 κατὰ

1048 879 1143 914 καιρὸν
1164 880 1243 906 τοῦτο
1259 881 1305 906 καὶ
1329 881 1397 916 πράς
1413 889 1439 907 τι
1463 882 1599 916 χρήσιμον
1616 881 1834 916 οίκονομοῦντος.

1048 924 1079 950 El
1101 924 1155 960 γὰρ
1178 925 1215 960 μὴ
1235 925 1314 952 τοῦτο
1328 923 1361 961 ἦν
1376 925 1475 961 ἀληθὲς
1487 947 1495 959 ,
1508 926 1580 952 δυοῖν
1594 927 1700 961 ἀνάγκη
1719 926 1835 962 θάτερον

1047 970 1198 1003 ὁμολογεῖν,
1223 970 1238 1004 ἢ
1258 970 1324 1005 μηδὲ
1341 970 1503 997 πεπονθέναι
1522 979 1548 997 τι
1566 971 1714 1002 παντελῶς,
1738 972 1835 1006 ἀπαθῆ

1048 1016 1080 1049 τῇ
1096 1014 1174 1048 φύσει
1186 1015 1370 1048 τυγχάνουσαν
1386 1015 1429 1041 διὰ
1446 1015 1497 1049 τὴν
1516 1015 1625 1049 ῑνωσιν,
1642 1016 1658 1051 ἦ
1675 1017 1835 1051 πάσχουσαν

1048 1059 1116 1091 ὅλως
1132 1062 1180 1093 τῆς
1193 1060 1314 1092 ἑνώσεως
1329 1061 1538 1096 ἀποσχίζεσθαι.

1083 1150 1114 1175 Α.
1128 1149 1160 1175 Εἰ
1174 1148 1265 1175 τοίνυν
1278 1171 1284 1181 ,
1305 1150 1409 1180 ἐκεῖνος
1422 1149 1487 1184 ἔφη,
1502 1150 1575 1176 κατά
1591 1158 1623 1183 γε
1638 1150 1701 1181 τοὺς
1715 1150 1778 1181 σοὺς
1791 1150 1835 1176 10'-

1048 1202 1123 1227 γους.
1142 1193 1222 1226 φύσιν
1240 1194 1256 1227 ἡ
1278 1193 1346 1228 σὰρξ
1361 1193 1459 1228 ἔχουσα
1474 1193 1599 1228 παθητὴν
1624 1194 1658 1220 τά
1673 1202 1703 1219 τε
1717 1193 1784 1220 ἄλλα
1799 1193 1834 1220 δι’

1048 1238 1132 1272 αὐτὴν
1143 1257 1151 1268 ,
1170 1238 1218 1264 καὶ
1233 1238 1264 1273 δὴ
1280 1237 1328 1265 καὶ
1343 1239 1389 1264 τὸν
1408 1238 1523 1265 θάνατον
1542 1239 1656 1273 ἐπέσχεν
1667 1259 1673 1270 ,
1691 1239 1834 1273 οἰχήσεται

1048 1284 1113 1318 ἡμῖν
1129 1284 1163 1309 τὰ
1179 1284 1325 1318 αὐχήματα
1340 1283 1388 1310 καὶ
1400 1284 1526 1310 διόλωλεν
1537 1306 1544 1317 ,
1561 1283 1632 1318 ἅπερ
1646 1283 1676 1316 ἐξ
1695 1284 1780 1318 αὐτῆς
1795 1284 1836 1316 ὠς

1048 1328 1082 1353 δι’
1096 1329 1170 1362 ἡμᾶς
1185 1327 1325 1362 παθούσης
1336 1328 1504 1363 ἐσχήκαμεν.

1084 1373 1115 1400 0.
1130 1373 1166 1399 Τὸ
1179 1373 1213 1400 δι’
1227 1374 1310 1408 ἡμᾶς,
1328 1373 1406 1409 ἔφην,
1424 1371 1446 1400 ὦ
1459 1374 1579 1408 βέλτιστε
1588 1393 1596 1405 ,
1609 1373 1707 1400 παθεῖν
1720 1373 1769 1408 τὴν
1785 1373 1834 1399 τοῦ

1049 1419 1152 1454 Κυρίου
1169 1420 1257 1453 σάρκα
1273 1419 1369 1450 διττῶς
1384 1419 1502 1452 λέγεται,
1515 1420 1556 1445 ὅτι
1571 1427 1601 1444 τε
1628 1417 1836 1453 συγχωροῦντος

219 1473 292 1496 mitte
306 1468 396 1495 Verbo
410 1467 501 1501 passio
513 1466 586 1493 circa
602 1466 687 1500 ipsam
713 1465 822 1496 accidit,
836 1464 900 1498 quia
921 1463 998 1491 scili-

1051 1464 1096 1491 τοῦ
1108 1465 1194 1498 Λόγου
1206 1464 1236 1491 τὸ
1247 1465 1309 1500 περὶ
1321 1465 1406 1497 αὐτὴν
1419 1464 1505 1495 πάθος
1519 1464 1662 1491 συνέϐαινε
1675 1464 1835 1498 (δυνάμενος

218 1516 262 1539 oet
274 1519 336 1539 cum
346 1511 493 1546 prohibere
502 1515 606 1546 posset,
618 1518 671 1538 non
681 1510 832 1544 prohibuit,
845 1513 876 1536 ut
886 1516 1000 1543 magnus

218 1557 384 1585 Athanasius
402 1557 457 1589 ait;
483 1563 511 1583 et
540 1556 612 1590 quod
642 1555 766 1590 superior
789 1554 864 1581 omni
887 1558 1000 1588 peccato

218 1611 282 1631 cum
294 1608 377 1635 esset,
392 1610 448 1629 non
459 1602 577 1629 debebat
591 1605 703 1636 propter
718 1607 747 1628 se
764 1603 892 1631 mortem,
913 1599 1000 1633 siqui-

218 1650 280 1676 dem
310 1648 444 1683 principio
469 1655 544 1675 mors
575 1652 688 1682 propter
720 1650 862 1680 peccatum
890 1644 1000 1678 irrupit,

217 1699 246 1722 et
265 1695 292 1721 in
311 1698 394 1720 totam
408 1697 533 1720 naturam
561 1694 707 1718 humanam
732 1690 861 1726 pervasit,
891 1690 918 1716 in
938 1697 999 1723 quo,

218 1740 307 1774 inquit
321 1739 431 1771 Paulus,
448 1746 536 1765 omnes
547 1741 718 1773 peccauerunt
737 1737 774 1762 “:
795 1743 849 1763 non
858 1735 931 1763 enim
947 1739 998 1767 est,

218 1791 266 1814 aut
283 1786 334 1812 fuit
346 1785 380 1812 ab
394 1784 470 1812 omni
483 1784 583 1812 saeculo
594 1783 684 1813 anima
701 1782 821 1818 hominis
840 1780 998 1812 voluntarii,

218 1835 246 1858 et
258 1838 312 1857 non
324 1818 474 1857 voluntarii
497 1829 604 1864 peccati
623 1836 701 1863 pura.
716 1828 774 1855 lmo
797 1828 880 1855 etiam
893 1826 1000 1854 animas

220 1880 375 1903 sanctorum
396 1875 508 1902 Patrum
534 1873 639 1908 aliquid
652 1873 774 1901 sordium
793 1877 822 1900 et
841 1872 913 1904 vitii,
931 1875 959 1899 et
977 1871 1001 1898 si

220 1929 276 1948 non
291 1920 441 1947 secundum
466 1923 568 1950 actum.
581 1919 678 1946 saltem
693 1918 888 1953 cogitationem
914 1917 1001 1945 admi-

219 1967 287 1993 sisse
302 1966 402 1993 dicam.
415 1965 450 1992 Et.
481 1965 534 1992 hoc
552 1967 645 1999 aperte
671 1964 736 1991 licet
750 1971 785 1991 ex
812 1963 929 1990 Domino
952 1962 1002 1989 do~

219 2016 299 2039 cente
311 2011 418 2039 audire.
430 2017 492 2037 cum
504 2010 542 2037 ait
553 2019 560 2036 ι
577 2009 652 2037 Venit
664 2010 784 2044 princeps
801 2009 879 2043 hujus
898 2008 999 2041 mundi,

219 2061 243 2084 et
259 2058 286 2083 in
298 2064 338 2083 me
347 2055 412 2082 nihil
424 2055 522 2082 invenit
537 2056 569 2080 ".
583 2054 652 2082 Cum
674 2054 742 2081 dixit
759 2054 787 2080 in
800 2061 840 2080 me
858 2059 885 2080 et
913 2053 1000 2085 nihil,

219 2103 299 2138 plane
310 2101 482 2136 signiﬁcavit,
499 2107 528 2128 se
542 2100 630 2135 solum
642 2099 677 2127 ab
702 2099 778 2128 omni
793 2103 905 2133 peccato
916 2099 1000 2125 etiam

1050 1509 1104 1545 γὰρ
1123 1509 1236 1536 κωλύειν
1251 1509 1302 1536 οὐκ
1319 1510 1448 1541 ἐκώλυσε,
1468 1509 1538 1538 κατὰ
1552 1510 1598 1536 τὸν
1611 1509 1698 1544 μέγαν
1720 1509 1837 1535 ’Λθανά-

1050 1555 1129 1588 σιον),
1139 1555 1184 1581 καὶ
1194 1555 1234 1581 ὅτι
1252 1554 1342 1589 πάσης
1354 1554 1491 1590 ἁμαρτίας
1505 1554 1635 1589 κρείττων
1647 1555 1772 1588 φανεῖσα,
1785 1553 1837 1580 οὐκ

1050 1599 1197 1634 ὲχρεώστει
1213 1599 1246 1625 δι’
1263 1599 1361 1634 ἑαυτὴν
1380 1599 1494 1625 θάνατον
1503 1607 1510 1613 ·
1529 1599 1609 1633 ειπερ
1623 1598 1672 1624 καὶ
1686 1598 1736 1632 τὴν
1748 1597 1839 1632 ἀρχὴν

1049 1647 1064 1672 ὸ
1077 1645 1190 1676 Θάνατος
1209 1645 1253 1672 διὰ
1267 1645 1317 1680 τὴν
1332 1645 1470 1680 ἁμαρτίαν
1484 1644 1634 1679 είσέφρησε
1645 1664 1652 1676 ,
1668 1644 1714 1670 καὶ
1725 1644 1768 1670 διὰ
1782 1643 1838 1669 πάι

1050 1700 1101 1726 σης
1140 1692 1284 1727 κεχώρηκε
1308 1691 1360 1725 τῆς
1384 1691 1558 1726 ἀνθρωπίνης
1590 1691 1709 1725 φύσεως,
1731 1687 1836 1725 ἐφ’ᾧ,

1050 1736 1121 1763 κατὰ
1136 1736 1182 1762 τὸν
1202 1736 1318 1769 Παῦλον,
1343 1735 1454 1768 πάντες
1469 1735 1602 1770 ἥμαρτον
1613 1744 1620 1751 ·
1636 1736 1667 1762 οὐ
1681 1735 1735 1770 γὰρ
1760 1735 1836 1761 εστιν

1049 1783 1066 1818 ἢ
1095 1784 1205 1817 γέγονεν
1229 1783 1261 1810 ἐκ
1282 1783 1329 1809 τοῦ
1356 1783 1456 1814 παντὸς
1477 1783 1576 1814 αἰῶνος
1587 1782 1729 1816 ἀνθρώπου
1749 1782 1834 1817 ψυχὴ,

1050 1829 1174 1855 ἑκουσίου
1185 1837 1214 1854 τε
1231 1829 1247 1864 ἢ
1261 1828 1388 1856 ἀκουσίου
1401 1828 1538 1863 ἁμαρτίας
1551 1828 1670 1862 καθαρά..
1693 1827 1775 1854 ’Δλλὰ
1787 1828 1836 1854 καὶ

1050 1874 1100 1906 τὰς
1116 1873 1170 1900 τῶν
1184 1873 1270 1908 ἁγίων
1283 1873 1373 1908 ψυχὰς
1394 1873 1497 1908 εἴποιμ’
1510 1874 1543 1900 ἃν
1560 1873 1657 1907 μικρὸν
1667 1893 1674 1904 ,
1691 1873 1716 1899 εἱ
1732 1874 1779 1899 καὶ
1795 1873 1835 1908 μὴ

1051 1919 1281 1955 κατ’ὲνέργειαν,
1300 1919 1358 1945 ἀλλ’
1381 1917 1428 1945 οὖν
1442 1927 1473 1952 γε
1493 1918 1564 1945 κατά
1583 1918 1705 1945 διάνοιαν
1725 1918 1836 1950 πάντως

1052 1966 1139 2000 ῥύπου
1168 1964 1267 1996 κακίας
1296 1963 1466 1997 εἰσδέξασθαι
1495 1972 1532 1990 τι.
1562 1964 1618 1990 Καὶ
1641 1963 1722 1990 τοῦτο
1741 1963 1836 1998 σαφῶς

1051 2010 1125 2037 ἔστιν
1139 2009 1254 2036 ἀκοῦσαι
1270 2010 1317 2036 τοῦ
1332 2009 1436 2044 Κυρίου
1451 2008 1631 2041 διδάσκοντος,
1642 2008 1671 2035 ἐν
1683 2006 1724 2040 οἷς
1739 2017 1834 2044 φησιν·

1053 2056 1192 2089 Ἔρχεται
1203 2056 1220 2082 ὀ
1229 2055 1328 2088 ἄρχων
1338 2054 1391 2082 τοῦ
1402 2054 1519 2088 κόσμου
1531 2055 1649 2087 τούτου,
1662 2055 1710 2081 καὶ
1724 2055 1759 2081 ἐν
1770 2053 1837 2088 ἐμοὶ

1051 2101 1185 2135 εὑρίσκει
1200 2099 1299 2126 οὐδέν.
1323 2099 1359 2126 Τὸ
1374 2099 1428 2135 γὰρ
1446 2100 1480 2126 έυν
1497 2099 1560 2133 ἐμοὶ
1587 2101 1636 2126 καὶ
1649 2099 1679 2127 τδ
1691 2099 1784 2126 οὐδὲν
1797 2100 1836 2125 εί-

220 2147 394 2182 cogitationis
406 2147 522 2174 liberum
537 2146 634 2173 fuisse.
653 2145 836 2182 Quamobrem
861 2143 999 2172 damnalio

1054 2145 1113 2172 πὼν
1131 2145 1277 2180 διαρρήδην
1293 2144 1443 2177 ὑπέδειξεν,
1459 2145 1500 2179 ὅτι
1513 2153 1545 2180 γε
1561 2145 1640 2179 μόνος
1658 2144 1766 2177 ἁπάσης
1785 2152 1836 2178 με-

220 2195 325 2231 peccati
340 2202 402 2222 cum
420 2193 526 2220 nullum
543 2193 633 2219 locum
660 2191 689 2218 in
701 2198 735 2218 co
762 2190 920 2225 reperisset,
937 2189 1002 2216 sub-

221 2241 300 2272 stitit,
327 2244 356 2267 et
384 2238 592 2272 circumscripta
616 2241 669 2269 est,
693 2241 721 2264 et
740 2243 755 2263 a
787 2236 841 2263 reis
872 2235 1001 2269 deinceps

221 2285 344 2313 recessit.
358 2283 465 2312 Mortua
476 2283 549 2310 enim
578 2289 652 2308 mors
667 2285 719 2312 est,
731 2288 792 2309 cum
805 2287 915 2308 carnem
941 2287 1004 2314 quae

221 2338 276 2357 non
305 2333 482 2364 peccaverat,
506 2327 669 2362 degustavit.
697 2326 860 2362 Existimare
889 2330 1000 2357 autem.

221 2375 296 2410 quod
309 2382 372 2402 caro
387 2378 485 2401 natura
503 2371 639 2406 passionis
654 2378 762 2405 expers,
780 2374 807 2396 et
830 2370 1002 2402 immortalis,

223 2419 298 2455 quod
324 2423 430 2446 natura:
455 2418 516 2453 ejus
550 2425 605 2445 non
633 2417 723 2444 inerat
746 2419 843 2449 sponte
873 2414 1001 2447 admisit,

225 2466 343 2500 primum
368 2464 475 2500 pridem
499 2463 553 2491 hoc
576 2466 618 2490 est
635 2462 769 2498 ignorare,
798 2460 868 2490 velle
896 2465 923 2488 et
947 2468 1002 2488 non

224 2510 294 2538 velle
315 2518 371 2537 non
392 2517 452 2537 esse
474 2508 565 2536 carnis
590 2506 742 2542 proprium,
768 2505 816 2532 sed
846 2505 943 2535 animae
959 2513 1003 2531 ra-

226 2555 346 2586 tionalis,
363 2555 390 2581 in
402 2562 455 2589 qua
469 2557 592 2588 potestas
604 2551 686 2583 liberi
703 2550 820 2584 arbitrii,
835 2555 864 2578 et
878 2550 1005 2577 volunta-

228 2599 263 2626 tis
283 2598 310 2626 in
336 2603 482 2633 utramque
506 2601 612 2633 partem
639 2595 788 2631 propensio
814 2599 842 2622 et
865 2595 1006 2622 inclinatio

225 2644 359 2674 cemitur.
378 2643 481 2672 Deinde
507 2643 612 2672 faciunt
638 2649 699 2673 eam
721 2648 808 2673 ream,
830 2648 892 2675 quae
918 2640 1007 2675 voluit

228 2689 301 2728 quod
321 2693 419 2724 praeter
433 2695 557 2716 naturam
584 2692 658 2720 erat;
682 2693 710 2715 et
730 2686 756 2715 id
775 2686 868 2722 elegit,
888 2686 922 2719 ad
936 2686 1009 2722 quod

268 2778 289 2795 “
312 2777 389 2805 Rom.
403 2785 430 2807 ν,
448 2776 491 2803 η.
529 2777 549 2792 ’⁸
563 2775 640 2803 Joan.
661 2784 717 2808 xlv,
733 2776 778 2804 50.

1055 2191 1157 2225 μένηκε
1176 2190 1224 2216 καὶ
1238 2190 1288 2225 τῆς
1304 2189 1365 2216 κατ’
1387 2190 1508 2216 ἒπίνοιαν
1527 2189 1663 2224 ἁμαρτίας
1683 2188 1835 2223 ὲλεύθερος.

1054 2237 1100 2263 Διὸ
1115 2237 1162 2263 καὶ
1182 2237 1213 2262 τὸ
1233 2236 1284 2271 τῆς
1297 2237 1436 2272 ἁμαρτίας
1457 2236 1614 2271 κατάκριμα
1633 2235 1769 2271 μηδεμίαν
1791 2235 1835 2261 ἐπ’

1053 2282 1127 2317 αὐτῷ
1142 2283 1234 2317 χώραν
1254 2282 1333 2317 εὐρὺν
1343 2302 1351 2314 ,
1367 2282 1432 2316 ἔστη
1454 2282 1501 2308 καὶ
1517 2281 1691 2317 περιεγράφη
1701 2301 1708 2312 ,
1723 2280 1836 2307 καὶτῶν

1054 2329 1186 2355 ὑπαιτίων
1207 2329 1246 2360 είς
1260 2327 1291 2354 τὺ
1306 2327 1369 2361 ἑξῆς
1383 2327 1588 2362 ἀνακεχὼρηκε.
1611 2326 1733 2360 Τέθνηκε
1752 2325 1807 2360 γὰρ
1823 2326 1836 2351 ὁ

1052 2372 1183 2404 θάνατος,
1207 2374 1398 2408 ἀναμαρτήτου
1425 2371 1525 2406 σαρκὸς
1546 2371 1780 2406 ἀπογευσάμενος.
1799 2369 1839 2397 Τὰ

1051 2417 1079 2444 δέ
1099 2426 1131 2452 γι
1158 2417 1262 2444 οἴεσθαι
1283 2417 1321 2448 ὠς
1344 2416 1451 2451 ἀπαθὴς
1473 2417 1506 2451 τῇ
1525 2416 1606 2450 φύσει
1631 2416 1680 2443 καὶ
1703 2415 1834 2443 ἁθάνατοξ

1051 2461 1135 2495 οὖσα,
1154 2463 1184 2489 τδ
1201 2463 1238 2498 μὴ
1259 2463 1292 2498 τῇ
1311 2462 1391 2496 φύσει
1410 2462 1478 2497 πρὸς
1500 2461 1529 2489 δν
1559 2460 1720 2491 ἐθελουσίως
1750 2468 1834 2495 προσσ

1053 2509 1149 2544 ήκατο,
1163 2508 1271 2543 πρῶτον
1290 2509 1340 2542 μὲν
1350 2508 1404 2534 οὐκ
1418 2508 1526 2534 εἰδότων
1544 2507 1626 2538 ἐστὶν,
1638 2507 1678 2534 ὅτι
1693 2507 1724 2533 τὸ
1743 2505 1836 2540 βούλε-

1053 2553 1116 2583 σθαι
1129 2555 1175 2580 καὶ
1193 2554 1230 2588 μὴ
1247 2553 1402 2588 βούλεσθαι,
1419 2553 1468 2580 οὒκ
1487 2553 1543 2580 ἔστι
1561 2552 1662 2588 σαρκὸς
1683 2552 1758 2583 [διον.
1769 2550 1837 2578 ἀλλὰ

1054 2598 1166 2632 λογικῆς
1184 2597 1273 2632 ψυχῆς
1286 2605 1292 2612 ·
1309 2597 1373 2632 περὶ
1387 2599 1420 2632 ἢν
1440 2598 1458 2632 ή
1475 2597 1682 2631 αὑτεξουσιότης
1702 2605 1732 2622 τε
1762 2596 1808 2622 καὶ
1821 2598 1837 2628 ἡ

1055 2643 1228 2678 ἐφ’ὲκδιτερα
1256 2642 1302 2672 τοῦ
1331 2643 1418 2672 θέλειν
1441 2642 1510 2679 ῥοπὴ
1537 2642 1689 2676 θεωρεῖται.
1720 2641 1837 2668 Ἔπειτα

1056 2688 1103 2718 καὶ
1140 2687 1262 2717 ὑπαίτιον
1292 2687 1376 2723 αὐτὴν
1401 2686 1470 2718 εἶναι
1505 2687 1776 2721 κατασκευάζουσιν,
1807 2687 1838 2714 τὺ
