1973 3098
126 141 194 175 1333

643 144 792 174 CONTRA
811 145 968 174 NESTOR.
987 145 1033 174 ET
1053 146 1213 176 EUTYCH.

1674 142 1741 176 133i

124 197 199 232 παρὰ
212 197 263 233 τὴν
280 195 360 231 φύσιν
381 195 520 230 θελοόσης.
533 196 578 222 καὶ
590 195 604 222 ὃ
621 196 660 231 μὴ
680 197 801 231 πέφυκεν
814 197 906 231 αἱρου-

963 201 1020 224 nata
1039 205 1095 224 non
1116 202 1185 225 erat.
1200 198 1250 225 Hic
1275 201 1367 224 autent
1387 197 1501 226 ultimus
1522 196 1627 231 peccati
1651 196 1740 224 limes.

125 244 220 278 μένης.
232 238 317 273 Οὗτος
330 242 358 269 δὲ
373 242 510 277 ἁμαρτίας
524 242 585 276 ὄρος
600 243 613 267 ό
625 241 747 276 ἔσχατος.
764 243 818 268 Καὶ
830 242 908 267 τοῦτο

123 289 151 315 δὲ
168 288 205 322 μὴ
216 287 427 322 καταλείψωμεν
439 287 688 321 ἀπαρασήμαντον,
710 287 750 313 ὅτι
767 286 851 322 τριῶν
865 287 908 313 αι-

123 334 188 360 τιῶν
203 333 412 369 θεωρουμένων,
439 333 468 365 ἐξ
485 330 522 359 ὧν
544 334 619 360 πᾶσα
637 333 809 360 ἀποτελεῖται
830 332 906 367 ἐνέρ-

124 388 195 414 γεια·
210 380 226 414 ἡ
245 380 293 414 μὲν
308 380 362 414 γάρ
375 380 449 405 ἔστιν
465 380 496 405 ἐκ
508 379 626 413 φυσικῆς
640 379 792 413 δυνάμεως,
807 381 823 414 ἠ
836 379 863 405 δὲ
875 371 908 405 ἔκ

125 425 306 460 παρατροπῆς
320 425 369 459 τῆς
386 425 455 451 κατὰ
471 424 551 458 φύσιν
565 424 659 456 ἕξεως,
671 425 688 459 ἡ
701 424 728 450 δὲ
745 424 826 459 ἑτέρα
841 425 908 451 θεω-

126 472 212 507 ρεῖται
233 469 303 497 κατὰ
316 469 367 503 τὴν
391 469 458 502 πρὸς
474 469 505 495 τὸ
518 471 641 503 κρεῖττον
658 469 789 495 ἀνάϐασίν
805 477 835 494 τε
862 469 909 495 καὶ

124 514 253 550 πρόοδον·
268 513 396 548 τούτωνή
416 513 465 548 μὲν
482 514 595 548 φυσικὴ,
609 514 626 548 ἠ
641 513 669 539 δὲ
687 513 763 546 παρὰ
780 513 871 546 φύσιν,
891 513 907 547 ἡ

123 561 152 587 δὲ
168 560 238 594 ὑπὲρ
250 559 331 593 φύσιν
347 559 405 586 ἐστὶ
416 560 463 585 καὶ
476 559 650 594 ὀνομάζεται.
672 558 704 584 'H
717 559 767 592 μὲν
775 556 819 585 οὖν
834 557 909 592 παρὰ

125 606 216 641 φύσιν,
231 605 290 633 κατ’
305 605 372 631 αὐτό
391 613 421 638 γε
438 605 468 631 τὸ
492 604 588 638 ΰνομα,
608 604 768 634 diremerat;
785 612 826 635 τις
842 601 909 629 οὖσα

124 653 178 679 τῶν
192 651 314 685 φυσικῶν
327 651 410 683 ἕξεων
424 651 470 677 καὶ
489 651 641 685 δυνάμεων,
656 650 816 685 λυμαίνεται
831 651 863 684 τῇ
880 658 909 675 τε

124 697 203 732 οὐσίᾳ
216 698 296 732 αὐτῇ,
310 697 358 723 καὶ
373 698 433 727 ταῖς
446 697 547 730 ταύτης
565 697 691 729 φυσικαῖς
707 696 910 730 ὲνεργείαις.Ἡ

123 744 152 770 δὲ
177 743 278 777 φυσικὴ
299 743 331 769 ἐκ
344 742 394 776 τῆς
415 742 640 776 ἀπαραποδίστου
667 742 714 768 καὶ
742 742 811 768 κατὰ
829 741 910 777 φύσιν

123 788 323 824 ἔρηρεισμένης
342 788 510 814 ἀποτελεῖται
530 787 629 818 αἰτίας,
656 787 688 813 Ἡ
703 787 732 813 δὲ
747 787 815 822 ὑπὲρ
830 787 910 820 φύσιν

123 835 220 868 ἀνάγει
233 843 263 860 τε
280 834 326 861 καὶ
339 834 410 866 ὑψοτ,
423 834 471 860 καὶ
482 834 550 867 πρὸς
562 833 596 859 τὰ
610 833 768 869 τελειότερα
785 833 908 867 δυναμοῖ,

124 880 172 907 καὶ
188 880 259 915 ῖιπερ
274 880 323 906 οὐκ
349 880 381 906 ἂν
398 879 507 914 ῖσχυσεν
522 881 642 914 ενεργεῖν
661 880 717 910 τοῖς
740 879 811 906 κατὰ
828 879 909 913 φύσιν

123 926 338 960 ὲναπομείνασα.
366 926 423 952 Οὐκ
446 925 520 952 ἐστιν
539 924 585 951 οὖν
604 925 639 952 τὰ
662 924 732 961 ὑπὲρ
756 925 835 959 φύσιν
855 925 908 951 τῶν

122 972 195 999 κατὰ
210 971 292 1006 φύσιν
306 970 477 1006 ἀναιρετικὰ,
491 971 560 997 ἀλλὰ
572 971 725 1005 παράγωγα
743 971 791 997 καὶ
807 979 910 1005 παρορ-

125 1017 238 1052 μητικὰ,
254 1018 293 1048 είς
312 1017 342 1042 τὸ
358 1017 472 1043 κάκεῖνά
487 1025 516 1042 τε
536 1015 681 1050 δυνηθῆναι
694 1035 701 1047 ,
719 1016 766 1042 καὶ
779 1015 828 1050 τὴν
841 1015 909 1050 πρὸς

123 1063 157 1090 τὰ
171 1062 243 1098 ὑπὲρ
254 1062 341 1089 ταῦτα
355 1061 470 1097 δύναμιν
486 1061 661 1096 προσλαϐεῖν.

160 1196 188 1220 Δ,
209 1193 414 1228 Παραδείγματι
433 1192 590 1228 οἱκειοτέρῳ
617 1192 765 1226 σαφήνισον
782 1191 814 1216 τὸ
828 1190 908 1224 λεγό-

126 1250 205 1277 μενον
221 1249 232 1266 ',
243 1241 274 1267 οὐ
291 1240 345 1275 γάρ
363 1249 413 1275 μου
427 1240 441 1265 ὁ
458 1239 520 1270 νοῦς
537 1248 580 1265 πω
598 1235 669 1264 εἷλεν
681 1237 757 1265 αὑτό.

159 1288 190 1314 0.
209 1286 308 1313 Σκόπει
319 1286 359 1317 δὲ,
374 1285 453 1320 ἔφην,
468 1282 489 1318 ᾧ
506 1284 550 1319 δὴ,
565 1283 690 1319 καθάπερ
700 1283 745 1309 ἐπὶ
761 1283 814 1310 τῶν
822 1290 910 1317 τεχνι-

124 1332 180 1364 κῶς
203 1331 467 1366 κατεσκευασμένων
489 1330 562 1357 ἔστιν
590 1330 664 1362 ἰδεῖν,
683 1327 909 1364 μετακοσμοῦσαν

124 1379 173 1412 τὴν
198 1378 296 1412 τέχνην
320 1376 359 1412 τῷ
379 1376 630 1410 κατασκευάσματι,
652 1374 698 1401 καὶ
718 1374 766 1408 τὴν
793 1373 909 1408 φυσικὴν

124 1423 172 1457 τῆς
185 1421 368 1457 ὑποκειμένης
386 1421 451 1455 ὕλης
467 1420 605 1455 ἀμορῳίαν
619 1420 666 1446 ἐπί
680 1419 710 1445 τὸ
727 1417 908 1454 εὐπρεπέστε-

126 1476 172 1503 ρον
197 1467 291 1502 σχῆμὰ.
313 1475 344 1492 τε
370 1466 418 1493 καὶ
443 1464 513 1497 εἶδος
539 1465 717 1500 μετά-(ουσαν.
734 1465 781 1490 καὶ
799 1463 867 1498 πρὸς
881 1463 909 1489 τὸ

959 242 1014 269 Nec
1027 242 1079 270 hoc
1106 247 1148 270 est
1167 243 1226 270 sine
1250 243 1489 270 animadversione
1509 242 1742 277 praetereundum,
1773 254 1775 256 -

960 287 1033 321 quod
1048 295 1110 315 cum
1133 293 1189 316 tres
1200 296 1288 316 causae
1314 293 1462 316 cernantur
1477 296 1511 317 ex
1533 288 1635 323 quibus
1653 288 1743 315 omnis

959 338 1036 361 actus
1053 333 1246 368 proﬁciscitur.
1267 343 1338 362 unus
1367 335 1478 370 quidem
1499 339 1542 362 est
1565 342 1599 362 ex
1624 333 1741 362 naturali

959 380 1082 413 polentia
1090 381 1183 413 ;-alius
1190 388 1256 407 vero
1271 387 1305 407 ex
1313 381 1509 415 depravatione
1521 380 1631 407 habitus
1645 387 1743 406 secun-

959 424 1023 451 dum
1032 429 1174 458 naturam;
1187 425 1285 453 tertius
1293 425 1483 453 consideratur
1491 424 1742 452 secundum'ascen-

959 477 1020 497 sum
1036 475 1063 497 et
1085 478 1258 505 progressum
1278 471 1312 498 ad
1336 471 1448 498 melius:
1465 478 1497 497 ex
1513 470 1557 497 his
1579 470 1685 505 primus
1700 473 1743 497 est

959 516 1110 548 naturalis;
1128 517 1266 543 secundus
1281 520 1380 551 praeter
1393 512 1537 548 naturam;
1554 515 1651 543 tertius
1660 522 1742 549 supra

959 566 1084 588 naturam
1110 567 1162 594 est,
1184 567 1212 589 et
1239 562 1407 589 nominatur.
1429 561 1477 588 ille
1503 569 1570 596 ergo
1592 565 1670 588 actus
1695 560 1741 596 qui

959 612 1072 634 vocatur
1088 611 1188 641 praeter
1206 612 1343 640 naturam,
1356 607 1402 641 qui
1414 611 1455 634 est
1465 606 1604 633 aberratio
1619 605 1742 640 quaedam

959 659 975 678 a
991 652 1163 679 naturalibus
1187 652 1328 680 habilibus
1355 657 1384 680 et
1406 652 1547 688 potentiis,
1576 651 1650 679 laedit
1674 651 1742 679 sub—

958 697 1087 724 stantiam
1121 697 1207 732 ipsam
1231 701 1259 725 et
1285 697 1460 733 operationes
1486 698 1547 733 ejus
1579 697 1741 725 naturales:

960 743 1094 770 naturalis
1110 748 1202 771 autem
1218 747 1296 770 actus
1323 751 1356 770 ex
1373 751 1455 770 causa
1477 750 1532 771 non
1560 742 1700 777 impedita,
1717 746 1744 769 et

960 787 1110 814 secundum
1128 793 1252 814 naturam
1268 788 1350 814 nixus
1358 787 1560 821 proficiscitur:
1585 790 1662 814 actus
1678 793 1743 813 vero

960 840 1043 866 supra
1060 837 1198 865 naturam,
1213 833 1316 864 evehit,
1330 837 1357 859 ct
1373 833 1473 864 elevat,
1490 837 1518 859 et
1530 832 1563 859 ad
1579 832 1743 867 perfectiora

961 879 1083 910 roborat,
1110 883 1138 906 et
1158 878 1191 905 ad
1214 886 1246 906 ea
1273 887 1333 914 qum
1348 886 1403 906 non
1428 878 1563 912 potuisset
1582 877 1700 908 elliccre,
1721 877 1743 904 si

961 924 989 950 in
1014 924 1048 951 iis
1077 932 1137 958 quae
1166 927 1229 951 sunt
1258 924 1409 951 secundum
1435 928 1562 950 naturam
1589 923 1743 950 mansisset.

960 969 1025 1002 Qua:
1040 969 1124 1004 igitur
1140 977 1224 1003 supra
1251 975 1378 997 naturam
1404 974 1478 1000 sunt,
1507 977 1561 995 non
1583 968 1746 995 interimunt

960 1023 1020 1049 qua:
1035 1018 1100 1042 sunt
1116 1015 1266 1042 secundum
1281 1019 1417 1046 naturam,
1435 1014 1481 1042 sed
1503 1013 1595 1048 potius
1606 1013 1747 1040 deducunt

961 1065 988 1087 et
998 1061 1152 1094 impellunt,
1170 1064 1201 1087 ut
1221 1067 1253 1087 ea
1265 1067 1326 1094 quae
1341 1058 1492 1086 secundum
1516 1064 1641 1086 naturam
1668 1061 1744 1088 sunt,

961 1105 1107 1140 possimus,
1129 1110 1157 1133 et
1172 1105 1302 1132 virtutem
1321 1104 1355 1131 ad
1371 1112 1403 1131 ea
1414 1112 1474 1138 qua:
1495 1111 1579 1138 supra
1593 1103 1651 1130 haec
1670 1107 1744 1134 sunt,

960 1151 1138 1186 accipiamus.

995 1196 1026 1224 Η.
1043 1197 1184 1231 Exemplo,
1197 1197 1296 1231 inquit,
1309 1196 1435 1224 familiari
1450 1196 1561 1223 declara
1573 1195 1647 1230 quod
1658 1194 1743 1226 dicis;

959 1242 1081 1270 nomium
1099 1243 1172 1269 enim
1193 1250 1270 1269 mens
1284 1250 1343 1269 mea
1362 1242 1427 1269 illud
1443 1242 1570 1276 percipit.

994 1287 1025 1315 Ο.
1043 1287 1204 1319 Considera,
1219 1289 1341 1322 inquam,
1356 1289 1396 1315 sic
1410 1296 1416 1314 :
1434 1288 1512 1315 Sicut
1526 1288 1553 1315 in
1566 1288 1600 1315 iis
1612 1295 1673 1322 quae
1687 1291 1745 1313 arte

961 1333 1038 1365 frum,
1069 1333 1165 1361 videre
1191 1334 1267 1366 licet,
1298 1333 1529 1368 quemadmodum
1562 1341 1606 1360 ars
1630 1332 1746 1360 artiticio

961 1386 1048 1410 mutat
1072 1383 1100 1409 iu
1128 1383 1209 1409 aliam
1231 1383 1366 1416 formam,
1393 1387 1420 1409 et
1443 1383 1594 1410 naturalem
1626 1381 1746 1410 materia:

960 1426 1091 1462 subjecta:
1105 1426 1315 1454 deformitatem
1334 1427 1366 1454 ad
1380 1427 1566 1461 pulchriorem
1578 1426 1705 1454 habitum
1719 1432 1747 1453 et

961 1471 1080 1506 speciem
1099 1471 1236 1503 transfert,
1263 1476 1291 1499 et
1306 1472 1391 1506 magis
1407 1471 1441 1499 ad
1468 1471 1616 1498 utilitatem
1629 1474 1744 1503 evocat;

124 1512 253 1549 χρειῶδες
281 1512 388 1546 μᾶλλον·
402 1510 624 1546 ὲκκαλουμένηυ·
653 1509 796 1543 χαρίζεται
818 1508 871 1544 γὰρ
892 1509 908 1542 ἡ

963 1517 1081 1552 largitur
1099 1517 1173 1544 enim
1191 1524 1246 1549 ars,
1268 1516 1342 1552 quod
1370 1521 1468 1544 natura
1499 1524 1553 1544 non
1576 1517 1692 1544 habuit:
1712 1517 1747 1543 ad

124 1559 206 1593 τέχνη
223 1558 290 1593 ὅπερ
306 1558 355 1584 οὐκ
367 1557 446 1591 ἔσχεν
459 1557 476 1591 ἡ
493 1555 590 1590 φύσιςο
606 1554 676 1581 οὕτω
690 1555 745 1590 γὰρ
765 1554 841 1580 αὐλοὶ
863 1554 909 1580 καὶ

125 1604 246 1638 κιθάραι.
260 1603 307 1630 καὶ
319 1603 353 1629 τὰ
367 1602 471 1632 τούτοις
484 1602 538 1628 τῶν
559 1601 683 1636 ὀργάνων
695 1601 776 1635 ὅμοια
792 1600 909 1634 φθέγγε-

126 1650 188 1677 σθαι
204 1649 279 1684 παρὰ
292 1648 341 1683 τῆς
355 1648 453 1682 τέχνης
469 1647 680 1682 ἑξεόιόισῢησαν·
695 1646 767 1673 οὕτω
782 1648 828 1672 καὶ
840 1646 909 1672 πλα-

126 1695 206 1730 στικὴ
223 1695 257 1722 τά
272 1703 301 1721 τε
321 1694 389 1721 ἄλλα
403 1694 450 1720 καὶ
466 1693 510 1720 τὸν
529 1693 628 1728 χρυσον
640 1692 679 1723 εἴς
692 1700 721 1720 τε
740 1692 825 1726 μυρία
837 1692 909 1726 ’γένη

124 1742 178 1769 τῶν
205 1741 308 1774 ἀλόγων
336 1739 423 1772 ζώων,
443 1739 488 1766 καί
512 1747 543 1772 γε
572 1739 640 1773 πρὸς
665 1738 713 1769 τὰς
735 1737 909 1773 ἀνθρωπικὰς

126 1785 286 1821 μεταμείϐει
304 1784 426 1819 μορράς·
445 1784 582 1818 μηχανική
602 1792 632 1808 τε
653 1783 687 1809 αὖ
707 1783 787 1809 πάλιν
813 1783 911 1816 ἀστρο-

124 1831 238 1866 νομικὰς
256 1830 384 1864 σφαίρας
411 1829 458 1854 καὶ
483 1827 657 1862 ὼροσκόπια,
674 1827 720 1853 καὶ
744 1827 777 1852 τὰ
799 1826 911 1852 τοιαῦτα

126 1875 301 1908 ἐπινενόηκε·
316 1873 420 1908 μακρὸν
437 1872 459 1899 δ’
482 1872 515 1898 ἂν
535 1871 578 1906 εἴη
602 1871 635 1897 τὰ
662 1872 721 1896 κατ’
747 1869 815 1901 εἶδος
843 1879 911 1897 κατ-

126 1920 268 1955 αριθμεῖν,
282 1915 322 1949 οἷς
341 1919 355 1944 ὁ
368 1917 489 1951 τεχνικὸς
509 1917 586 1950 λόγος
601 1917 647 1942 ἐπὶ
659 1916 711 1941 τῶν
725 1916 831 1941 οἰκείων
841 1916 910 1950 ὅρων

126 1964 211 1998 αὐτῆς
227 1963 356 1998 μεινάσης
372 1962 421 1996 τῆς
439 1961 545 1996 φύσεως
556 1982 563 1993 ,
578 1962 624 1987 καὶ
639 1961 713 1987 οὐδὲν
733 1961 800 1992 ὅλως
822 1970 910 1997 παρα-

127 2009 284 2043 ελαϐείσης,
299 2009 347 2043 τὴν
370 2008 423 2034 ἀπὸ
450 2008 500 2042 τῆς
524 2007 620 2042 τέχνης
644 2007 794 2040 εὐκοσμίαν
815 2015 845 2033 τε
866 2007 911 2033 καὶ

127 2055 291 2091 εὐχρηστίαν
306 2054 470 2089 προστίθησι
480 2062 487 2068 ·
505 2053 550 2079 τδν
562 2053 643 2080 αὐτόν
656 2061 688 2086 γε
702 2053 731 2079 δὲ
746 2052 855 2087 τρόπον,
869 2053 912 2079 ἵνα

126 2104 182 2134 τοῖς
203 2102 286 2132 θείοις
311 2109 340 2127 τε
373 2101 421 2127 καὶ
445 2098 608 2134 ὺπερτέροις
630 2099 664 2125 τὰ
681 2098 838 2133 χαμαίζηλοι
865 2099 911 2125 καὶ

127 2147 272 2174 πολλοστὸν
302 2145 353 2179 τῆς
383 2144 518 2181 ἀληθείας*
539 2143 675 2178 ἀπήχημα
698 2143 824 2177 φέροντα,
842 2143 910 2178 πρὸς

127 2192 302 2228 παράδειγμα
315 2190 452 2224 λάὃωμεν,
467 2189 514 2215 καὶ
526 2189 574 2224 τὴν
596 2188 643 2215 τοῦ
665 2187 767 2223 Κυρίου
785 2188 839 2214 νόει
865 2196 911 2222 μοι
927 2182 950 2211 D

126 2239 215 2273 σάρκα
229 2237 283 2263 τῶν
296 2236 345 2270 τῆς
362 2236 469 2269 φύσεως
489 2234 653 2268 νόμων,.καὶ
669 2233 739 2268 μετὰ
755 2233 803 2268 τὴν
825 2234 910 2268 ὑπερ-

127 2284 182 2318 φυᾶ
203 2282 251 2310 καὶ
270 2281 424 2313 Θαυμασίαν
444 2280 552 2312 ἕνωσιν,
568 2279 716 2314 ἀλωὸήτων
740 2279 826 2314 αὐτῆς
847 2287 910 2305 συν-

126 2328 308 2363 τηρηθὲντων,
317 2328 364 2354 καὶ
371 2327 405 2353 τὰ
416 2326 487 2360 ὑπὲρ
494 2326 544 2360 τὴν
556 2324 635 2359 φύσιν
650 2325 784 2359 δεδέχθαι,
796 2324 834 2355 ὡς
847 2325 909 2360 μηδ’

126 2374 255 2409 ὁπότερον
274 2374 306 2399 ὲκ
328 2372 375 2399 τοῦ
401 2371 515 2406 Θατέρου
541 2369 738 2406 χωρίζεσθαιῆ
764 2371 908 2405 ἐμποδίζε-

128 2420 200 2447 σθαι.
225 2419 293 2445 Οὐδὲ
306 2419 360 2452 γὰρ
373 2419 407 2444 τὰ
421 2418 491 2453 ὑπὲρ
506 2417 586 2451 φύσιν
606 2417 662 2451 ἔχει
682 2417 773 2452 χώραν
783 2437 790 2449 ,
808 2417 845 2453 μὴ
860 2418 909 2453 τῆς

961 1561 1035 1589 hunc
1059 1562 1170 1589 modum
1197 1561 1279 1592 tibiae.
1305 1567 1333 1589 et
1353 1561 1474 1594 citharae,
1489 1565 1518 1589 ct
1547 1561 1600 1588 alia
1612 1561 1747 1596 ejusmodi

961 1607 1143 1634 instrumenta
1169 1606 1196 1633 vi
1219 1607 1287 1634 artis
1305 1614 1387 1634 sonos
1411 1607 1541 1634 emittunt
1558 1615 1564 1633 :
1585 1607 1624 1634 sic
1638 1614 1683 1633 ars
1698 1606 1747 1633 tin-

960 1652 1041 1688 geudi
1065 1660 1127 1680 cum
1154 1652 1225 1685 alia,
1251 1656 1309 1680 tum
1337 1660 1434 1681 aurum
1458 1652 1486 1680 in
1517 1652 1624 1680 infinita
1648 1659 1747 1687 genera

961 1698 1120 1726 animalium
1145 1698 1251 1725 ratione
1262 1698 1426 1728 carentium.
1439 1701 1467 1725 et
1486 1697 1513 1724 in
1533 1697 1634 1725 formas
1650 1697 1746 1723 huma-

961 1751 1010 1770 nas
1024 1747 1121 1771 mutat.
1132 1742 1170 1772 Ac
1188 1750 1283 1770 rursus
1293 1750 1337 1769 ars
1355 1741 1514 1769 mechanica
1529 1742 1649 1776 sphaerae.
1661 1746 1748 1768 astro-

961 1788 1094 1819 nomicas.
1105 1792 1133 1815 et
1149 1787 1303 1824 horologia,
1317 1792 1344 1815 et
1358 1787 1411 1814 alia
1429 1787 1587 1822 hujusmodi
1608 1787 1747 1822 excogita-

960 1834 1010 1860 vit.
1025 1834 1149 1869 Longum
1163 1838 1246 1864 esset.
1262 1840 1410 1861 numerare
1434 1832 1537 1860 formas
1555 1833 1656 1867 quibus
1677 1833 1748 1860 ratio

962 1879 1109 1906 artificiosa
1120 1882 1248 1905 manente
1265 1882 1363 1905 natura
1376 1878 1447 1906 intra
1463 1878 1532 1905 lines
1550 1885 1626 1909 suos,
1638 1882 1666 1905 et
1678 1878 1747 1905 nihil

962 1924 1035 1956 laesa,
1055 1923 1293 1959 pulchritudinem
1328 1927 1356 1950 et
1383 1923 1608 1950 commoditatem
1635 1931 1669 1951 ex
1688 1928 1748 1951 arte

961 1968 1084 1995 adhibet.
1115 1967 1157 1995 Ad
1178 1968 1306 1995 eumdem
1341 1967 1464 2000 modum,
1491 1972 1522 1995 ut
1549 1975 1610 2004 quae
1634 1968 1749 1996 humilia

962 2016 1037 2044 sunt,
1052 2012 1301 2039 etsimilitudinem
1318 2012 1399 2048 longe
1423 2020 1438 2039 a
1452 2012 1569 2040 veritate
1593 2013 1748 2040 remotissi-

963 2064 1034 2085 mam
1049 2057 1152 2089 ferunt,
1165 2065 1229 2084 cum
1245 2057 1347 2085 divinis
1373 2057 1491 2091 exempli
1517 2065 1599 2086 causa
1625 2057 1747 2085 confera-

962 2102 1199 2130 muszconsidera
1224 2102 1293 2130 mihi
1323 2110 1435 2130 carnem
1459 2102 1568 2130 Domini
1588 2102 1670 2130 salvis
1698 2110 1748 2129 na-

963 2153 1030 2177 turze
1048 2148 1155 2184 legibus
1172 2153 1235 2183 post
1254 2148 1386 2175 unionem
1420 2155 1502 2182 supra
1515 2152 1642 2175 naturam
1658 2152 1686 2174 et
1700 2148 1744 2174 ad-

963 2192 1132 2226 mirabilem;
1153 2192 1236 2221 etiam
1261 2200 1292 2219 ea
1325 2200 1385 2229 quae
1411 2200 1494 2226 supra
1517 2196 1644 2219 naturam
1672 2196 1760 2229 sunt,-

962 2239 1052 2268 locum
1065 2238 1178 2271 habent,
1193 2246 1248 2266 non
1264 2238 1383 2266 habente
1399 2242 1496 2265 natura
1506 2237 1580 2272 quod
1595 2236 1746 2265 secundum

964 2288 1090 2311 naturam
1105 2287 1158 2311 est.
1178 2283 1338 2319 Desinitque
1358 2283 1524 2310 miraculum
1550 2290 1623 2315 esse,
1644 2289 1707 2309 cum
1720 2282 1746 2308 id

963 2330 1037 2364 quod
1051 2334 1094 2356 est
1109 2337 1190 2364 supra
1212 2334 1350 2362 naturam,
1372 2333 1500 2356 naturam
1514 2332 1612 2359 mutat.
1635 2336 1667 2355 ac
1689 2335 1738 2355 ma-

962 2374 1119 2410 gniﬁcentia
1146 2382 1207 2410 qute
1242 2379 1349 2403 naturae
1372 2375 1531 2402 violentiam
1557 2373 1688 2405 adhibet,
1719 2373 1746 2400 in

963 2420 1156 2447 contumeliam
1173 2420 1302 2448 vertitur.

127 2466 235 2500 φύσεως
259 2451 375 2499 ὲχοῦσης
399 2451 579 2498 κατὰ-φύσιν.
600 2451 754 2498 Ἀφῄρητγαι
773 2451 813 2489 δὲν
836 2451 926 2491 καὶ-τὸ
946 2464 1013 2492 εἶναι
1026 2466 1129 2501 θαῦμα,
1161 2466 1201 2502 τῷ
1217 2466 1286 2501 ὑπὲρ
1310 2466 1390 2500 φύσιν
1407 2467 1456 2502 τῆς
1478 2465 1583 2500 φύσεως
1611 2465 1745 2499 μεταστά-
1766 2451 1769 2463 1

128 2519 189 2546 σης,
201 2510 249 2536 καὶ
260 2510 364 2544 γίνεται
376 2509 454 2544 ὕϐρις
468 2510 485 2544 ἡ
500 2509 638 2544 φιλοτιμία
649 2510 842 2544 τυραννήσασα
855 2510 904 2545 τὴν
923 2512 1063 2547 ἀλήθειαν.

162 2556 194 2582 Δ.
210 2554 303 2590 Κάμοὶ
317 2553 359 2588 δὴ,
377 2553 441 2587 ἔφη,
456 2552 542 2579 ταῦτα
555 2553 638 2580 δοκεῖ.
654 2553 731 2580 Οὕτω
747 2554 796 2588 μέν
812 2562 853 2580 τοι
876 2554 912 2585 ὡς

127 2601 162 2629 τὰ
191 2601 238 2636 μὲν
260 2599 332 2634 πάθη
347 2599 487 2633 θαῷματος
502 2598 574 2633 λόγῳ
589 2600 623 2633 τῇ
643 2599 725 2634 σαρκὶ
745 2599 792 2625 τοῦ
807 2600 909 2634 Κυρίου

130 2644 289 2678 συμϐαίνειν
301 2653 309 2661 ·
331 2644 362 2670 τὸ
375 2644 404 2670 δέ
419 2652 450 2677 γε
464 2643 568 2675 ἀπαθὲς
586 2644 654 2678 αὐτῇ
675 2643 722 2671 καὶ
747 2644 909 2680 ἀνώλεθρον,

130 2690 237 2725 φύσεως
252 2690 345 2724 νόμοις
361 2689 543 2720 ἀδιαπτώτοις
558 2689 727 2724 ὲρηρεῐσθαι.

166 2737 196 2762 0.
213 2736 268 2761 Καὶ
292 2736 382 2766 πόθεν,
404 2733 480 2762 εἷπον
503 2735 568 2768 ἐγὼ,
582 2735 662 2761 τοῦτο
683 2735 772 2763 λαϐὼν
795 2733 912 2771 Εχεις,ὧ

131 2783 269 2818 βέλτιστε;
290 2782 338 2810 Τίς
357 2781 385 2807 δέ
409 2790 450 2821 σοι
474 2782 619 2817 γεγένηται
639 2782 688 2816 τῆς
711 2783 789 2817 ξένης
810 2783 910 2818 ταύτης

131 2827 225 2863 σοφίας
243 2826 382 2861 ὑποφήτης
397 2835 404 2859 ;
430 2828 464 2853 Ἣ
477 2828 583 2863 ἀγνοεῖς
595 2828 635 2855 ὅτι
653 2829 735 2861 νόμος
758 2829 865 2862 φύσεως
879 2829 909 2856 οὐ

1001 2557 1032 2584 Η.
1047 2558 1080 2584 Et
1109 2557 1187 2589 mihi,
1204 2557 1304 2592 inquit.
1332 2558 1391 2586 hate
1411 2557 1541 2585 videntur
1557 2566 1563 2584 :
1583 2557 1624 2584 sic
1642 2561 1742 2586 tamen.

965 2607 995 2628 ut
1005 2602 1146 2637 passiones
1159 2603 1266 2630 ratione
1282 2602 1410 2629 miraculi
1421 2603 1497 2630 carni
1507 2601 1681 2633 acciderent;
1692 2608 1746 2628 non

965 2655 1045 2682 posse
1059 2652 1151 2675 autem
1172 2647 1240 2683 pati,
1254 2654 1283 2675 et
1299 2647 1495 2675 immortalitas
1509 2649 1570 2683 ejus
1589 2647 1618 2674 in
1641 2650 1746 2675 natura:

965 2694 1071 2728 legibus
1081 2693 1321 2721 indissolubilibus
1334 2694 1481 2722 niteretur.

1000 2737 1032 2765 Ο.
1048 2738 1081 2765 Et
1106 2738 1189 2770 unde,
1216 2738 1327 2772 inquam
1352 2745 1413 2773 ego,
1444 2738 1497 2765 hoc
1514 2737 1654 2772 accepisti,
1673 2735 1745 2764 bona

966 2783 1026 2808 vir?
1052 2782 1118 2814 Quis
1146 2782 1260 2809 fuittibi
1276 2783 1358 2817 hujus
1380 2790 1456 2809 nova:
1479 2787 1508 2808 et
1523 2782 1674 2817 peregrinae
1699 2789 1743 2808 sa-

965 2828 1071 2861 pientim
1091 2827 1238 2862 magister?
1265 2827 1305 2854 An
1333 2827 1450 2863 ignoras,
1481 2827 1552 2864 quod
1585 2827 1626 2854 lex
1642 2830 1744 2855 natura:
