1973 3098
209 131 276 162 1335

828 134 980 164 LEONTII
1003 133 1202 165 BYZANTINI

1765 125 1834 157 1336

192 188 263 210 ‘nnn
278 189 331 218 est,
352 186 425 220 quod
438 194 528 214 rarum
547 194 598 220 est,
617 189 665 216 sed
682 189 756 223 quod
768 196 886 222 semper,
904 189 946 215 vel
964 193 992 216 ut

1045 189 1075 215 τὸ
1091 190 1215 221 σπάνιον,
1231 188 1298 215 ἀλλὰ
1322 187 1352 214 τὸ
1375 186 1411 219 ὡς
1429 186 1511 222 ὰεὶ,ἢ
1529 185 1600 212 κατά
1615 193 1647 219 γε
1662 185 1692 210 τὸ
1705 184 1832 210 πλιῖστον

192 230 356 264 ‘plurimum
376 233 502 260 cernitur
530 238 558 260 et
576 235 735 268 permanet?
751 234 884 261 Dominus
911 233 994 268 igitur

206 282 302 304 noster
321 279 386 305 totis
399 279 512 314 triginta
535 281 625 308 tribus
638 282 718 308 annis
730 281 875 308 nobiscum
896 288 994 307 secun-

206 321 271 348 dum
287 331 397 350 carnem
409 330 544 359 versatus,
566 335 620 353 non
640 327 816 354 abhorrendo
829 326 884 353 ullo
910 326 993 353 modo

206 376 220 393 a
238 373 331 396 nostra
353 371 571 404 consuetudine,
599 372 799 399 humanitatem
827 371 991 403 honoravit,

206 415 269 441 cibo
280 420 308 442 et
323 421 386 451 potu
410 421 438 444 et
460 425 558 445 somno
576 423 667 450 utens,
685 422 713 445 et
725 418 778 444 alia
793 417 885 444 omnia
915 422 993 444 natu-

206 461 300 487 raliter
329 462 465 490 adhibens
487 472 548 498 quin
576 464 721 491 veritatem
740 464 843 498 sumpti
869 463 993 497 corporis

207 507 443 542 demonstrabant,
466 507 494 537 et
520 510 652 537 miracula
681 518 735 537 non
762 510 920 544 priusquam
945 509 993 535 tri-

207 553 281 586 ginta
302 561 390 581 annos
413 559 504 586 natus,
536 555 628 582 facere
644 555 737 589 capit.
761 555 800 581 Ne
823 554 896 581 enim
925 553 992 580 mihi

208 598 280 624 ullus
304 599 435 636 miracula
451 600 560 627 Domini
586 601 703 635 puerilia
727 609 759 628 ex
788 601 889 635 puerili
909 608 991 627 sensu

206 645 344 679 proferat;
371 647 429 674 haec
453 652 519 675 tetas
548 648 698 683 perfectam
713 649 823 675 virtutis
852 648 992 683 periclita-

207 690 321 722 tionem,
354 695 381 717 et
405 692 538 719 doctrina:
564 698 702 720 maturum
727 698 836 727 tempus
862 693 990 725 habebat,

205 736 316 769 quando
328 744 392 764 vera
401 738 547 772 Evangelia
562 738 823 773 nobisprwdicavit;
838 743 866 766 et
880 739 912 766 ad
924 747 991 766 con-

207 780 387 808 tinuationem
404 782 593 810 doctrinarum
606 783 762 811 divinarum
776 784 991 812 admirabilitate

206 826 402 854 miraculorum
424 836 456 855 ea
471 837 532 863 qua:
550 829 725 861 dicebantur,
750 829 885 856 munivit:
902 834 929 857 et
943 838 990 857 us-

1046 234 1266 269 ὲνθεωροὺμενον
1297 233 1346 260 καὶ
1369 232 1550 268 παραμένον;
1572 231 1602 257 '0
1634 229 1700 263 γοῦν
1730 227 1835 263 Κύριος

1045 280 1124 315 ἡμῶν
1151 280 1362 315 τριάκονταπκαὶ
1377 279 1467 314 τρισὶν
1482 278 1554 309 ὅλοις
1571 276 1660 307 ἔτεσι,
1677 275 1738 310 μεθ’
1754 273 1834 308 ήμῶν

1044 325 1114 362 κατά
1139 326 1228 360 σάρκα
1251 325 1501 358 πολιτευσάμενος,
1517 324 1549 358 τῇ
1567 322 1615 357 μὲν
1639 319 1834 355 ἀπαραλλαξία.

1044 371 1098 398 τῶν
1115 372 1269 407 ἡμετέρων,
1287 372 1316 398 τὺ
1329 371 1501 406 ἀνθρώπινον
1516 369 1717 404 ἁπεσέμνυνεν,
1735 366 1834 392 ἐσθίων

1044 426 1074 443 τε
1089 418 1135 444 καὶ
1151 411 1238 444 ’πίνων
1253 418 1300 444 καὶ
1321 417 1424 450 ὑπνῶν,
1441 417 1487 443 καὶ
1502 417 1526 443 τ’
1540 416 1609 443 ἄλλα
1624 415 1656 450 δὴ
1669 413 1768 447 ίπάντα
1783 420 1835 445 φυ-

1045 463 1129 495 σικῶς
1159 464 1351 498 προσιέμενος,
1365 464 1437 498 ἅπερ
1461 464 1510 498 τὴν
1536 463 1666 497 ἀλήθειαν
1690 460 1835 493 συνίστησι

1045 510 1091 537 τοῦ
1114 510 1282 545 εἰλημμένου
1308 510 1437 545 σώματος
1452 518 1458 525 ·
1483 510 1531 536 καὶ
1555 508 1778 542 θαυματουργεῖν
1804 505 1834 532 δὲ

1044 556 1259 590 τριακονταέτης
1293 555 1421 590 γεγονὼς,
1440 556 1469 582 οὐ
1498 555 1631 590 πρότερον
1656 553 1767 588 ἤρξατο.
1786 551 1832 586 Μὴ

1045 602 1098 636 γάρ
1125 609 1170 636 μοι
1194 601 1229 627 τὰ
1248 601 1361 627 παιδικά.
1381 609 1425 632 τις
1444 600 1491 627 τοῦ
1517 599 1630 634 Κυρίου,
1646 600 1678 625 ὲκ
1702 597 1834 632 παιδικῆς

1045 647 1140 682 φρενὸς
1159 646 1354 682 προϐαλλέσθω
1368 646 1652 681 θαυματουργὴματα,
1664 644 1771 670 τελείαν
1783 642 1832 677 βά-

1045 701 1125 718 σανον
1140 693 1241 727 ἀρετῆς
1251 693 1298 719 καὶ
1310 691 1485 722 διδασκαλίας
1498 691 1594 726 καιρὸν
1605 690 1707 724 ταύτης
1716 689 1833 723 ἐχούσης

1043 739 1093 773 τῆς
1123 738 1244 773 ἡλικίας,
1261 738 1344 772 ἡνίκα
1373 738 1421 765 καὶ
1444 737 1478 764 τὰ
1506 737 1590 767 ὖντως
1605 737 1671 770 ἡμῖν
1698 734 1834 770 ἐκήρυξεν

1043 784 1210 818 Εὑαγγέλια,
1225 784 1272 810 καὶ
1286 784 1317 810 τὸ
1332 783 1427 809 πιστὸν
1443 783 1554 816 ἐπάγων
1569 782 1626 812 τοῖς
1639 780 1832 809 θεοπνεύστοις

1043 829 1206 864 διδάγμασι,
1221 829 1259 863 τῷ
1274 827 1420 863 παραδόξῳ
1442 827 1498 854 τῶν
1520 826 1669 860 θαυμάτων
1690 823 1832 857 ὲπεσφρά-

205 880 258 905 que
274 872 344 900 adeo
365 873 410 900 hic
423 875 548 901 cernitur
564 876 747 907 naturalibus,
762 881 790 902 et
804 875 873 903 citra
897 883 991 910 repre-

1046 884 1106 910 γισε
1123 876 1157 901 τὰ
1172 875 1306 910 λεγόμενα
1317 883 1324 890 ·
1341 874 1470 901 τοσοῦτον
1488 873 1516 899 δὲ
1532 872 1675 899 κάνταῦθα
1703 870 1833 905 φαίνεται

206 918 366 945 hensionem
376 920 502 954 corporis
514 921 762 949 consuetudinibus
772 930 849 954 usus,
859 927 889 949 ut
901 922 992 949 existi-

205 963 352 990 mationem
369 965 476 992 voracis
487 970 514 991 et
525 965 580 992 vini
594 966 699 1000 potoris
708 967 898 998 sustineret”,
913 967 989 1000 dum,

205 1008 331 1035 similiter
369 1013 398 1035 ut
425 1017 486 1042 nos,
511 1010 623 1037 modum
654 1011 828 1038 necessitatis
857 1012 990 1046 expleret.

204 1052 273 1084 Quid
294 1058 426 1087 pratterea
438 1054 523 1087 dices,
543 1063 597 1090 quo
625 1060 705 1089 pacto
729 1063 839 1090 semper
853 1056 880 1082 in
896 1060 991 1083 nostra

205 1099 290 1126 forma
308 1100 464 1132 videbatur,
495 1106 522 1128 et
544 1109 606 1128 cum
621 1102 799 1129 multitudine
819 1109 943 1132 versans,
963 1107 991 1128 et

205 1143 273 1170 nihil
291 1152 305 1171 a
318 1145 413 1172 multis
430 1146 525 1173 habitu
549 1146 697 1174 dill‘erens?
722 1147 863 1182 Siquidem
880 1155 990 1182 preme-

205 1191 270 1218 bant
285 1201 348 1220 oum
361 1193 457 1226 ιυτὶηιτ,
470 1198 499 1221 ut
515 1194 613 1222 Petrus
624 1195 662 1221 ait
681 1195 719 1226 ἰς
732 1199 761 1222 et
781 1195 827 1229 qui
846 1202 909 1221 eum
925 1202 990 1229 pro-

204 1238 359 1273 tliditsigna
376 1239 452 1266 dedit
466 1248 498 1266 ex
514 1239 616 1273 quibus
637 1239 752 1267 deicida:
782 1248 844 1267 eum
860 1246 991 1274 agnosce-

205 1289 276 1316 rent,
302 1290 416 1319 propter
429 1285 651 1317 similitudinem,
664 1290 694 1312 ut
708 1285 820 1320 quidam
842 1293 876 1312 ex
888 1286 991 1313 nostris

204 1329 282 1360 dixit,
304 1330 414 1357 habitus
432 1330 539 1357 Domini
567 1338 628 1358 cum
657 1330 753 1357 habitu
779 1331 988 1365 discipulorum.

204 1373 267 1401 Haec
281 1382 346 1401 vero
375 1374 409 1401 ab
428 1379 491 1401 ortu
512 1375 572 1409 ejus
607 1383 694 1409 usque
726 1375 759 1402 ad
787 1383 932 1403 ascensum
962 1377 989 1403 in

204 1427 325 1451 crucem,
350 1424 377 1446 et
401 1428 487 1454 usque
505 1421 538 1447 ad
567 1421 738 1455 sepulturam
761 1421 843 1448 tridui
871 1422 990 1456 quadam

204 1465 276 1491 serie
292 1469 320 1492 et
334 1465 431 1492 ordine
450 1466 567 1492 naturali
582 1470 790 1500 processerunt:
806 1466 840 1493 ad
855 1467 991 1494 ostensio-

204 1519 267 1538 nem
281 1518 346 1538 vero
359 1511 522 1542 divinitatis,
538 1519 599 1546 qua).
626 1511 749 1538 nondum
768 1512 905 1539 declarata
920 1518 988 1544 erat,

205 1564 268 1583 raro
278 1557 367 1591 quoad
381 1561 464 1584 totam
477 1557 539 1584 vita:
552 1558 651 1584 seriem
661 1558 790 1585 miracula
804 1558 878 1585 circa
890 1566 990 1594 cor-pus

204 1601 279 1633 fecit,
296 1601 329 1628 ad
346 1603 544 1635 ostensionem,
575 1607 604 1630 ut
620 1603 687 1635 dixi,
706 1603 869 1636 divinitatis,
883 1612 939 1631 non
957 1605 990 1632 ad

205 1648 379 1681 negationem
397 1649 521 1676 veritatis
537 1649 671 1683 corporis.
689 1648 794 1676 Idcirco
810 1657 894 1684 super
916 1657 991 1677 mare

204 1692 348 1720 ambulans
360 1701 414 1721 non
429 1693 612 1728 deprimitur;
626 1690 658 1722 ὀι
682 1694 710 1721 in
738 1699 831 1721 monte
847 1695 992 1731 transfigu-

204 1744 295 1772 ratur;
324 1740 389 1768 totis
404 1741 586 1775 quadraginta
602 1740 700 1768 diebus
719 1741 842 1775 jejunus,
857 1741 992 1769 naturalis

205 1785 377 1811 necessitatis
388 1785 491 1812 oblitus
503 1790 562 1817 est;
589 1792 623 1812 ex
639 1784 793 1812 visceribus
812 1785 993 1819 virginalibus

204 1833 281 1855 ortus
292 1833 334 1855 est
346 1830 421 1856 salvo
431 1833 460 1855 et
472 1829 578 1863 integro
600 1828 667 1856 flore
680 1829 864 1864 virginitatis:
885 1829 944 1857 hmo
959 1830 993 1857 ad

204 1874 400 1901 declarandum
417 1874 577 1901 thesaurum
593 1874 756 1906 divinitatis,
772 1882 826 1901 non
844 1875 878 1902 ad
904 1876 992 1902 inter-

204 1918 342 1945 imendam
354 1923 381 1945 et
407 1919 565 1946 mutandam
593 1925 763 1954 assumptam
791 1920 992 1949 humanitatem

204 1965 370 1992 mirabiliter
395 1970 525 1999 operatus
548 1971 599 1992 est.
614 1966 648 1993 Et
666 1971 695 1993 ut
718 1966 839 1993 breviter
855 1967 991 2000 dicamus,

205 2010 339 2036 miracula
355 2010 447 2036 divina
460 2015 487 2037 et
511 2017 610 2037 arcana
628 2018 689 2044 quae
714 2009 832 2037 faciebat
847 2031 854 2042 ,
882 2015 953 2038 nota:
965 2017 993 2038 et

206 2055 309 2082 indicia
323 2054 478 2081 divinitatis
495 2059 589 2086 erant;
615 2055 757 2089 passiones
776 2062 853 2086 vero,
877 2058 905 2081 ct
930 2059 993 2082 ante

205 2107 252 2126 eas
281 2104 443 2135 conceptus,
470 2105 498 2126 et
515 2104 620 2134 partus,
644 2104 672 2126 et
697 2099 798 2131 fasciaa,
818 2104 846 2126 et
872 2100 994 2127 accretio

205 2145 304 2178 mtatis,
320 2151 349 2173 et
361 2149 460 2173 caetera
472 2146 564 2173 omnia
575 2153 636 2180 qua:
650 2146 708 2180 lege
721 2149 826 2172 naturae
844 2145 918 2172 circa
930 2153 994 2173 cor-

1043 920 1100 950 τοῖς
1115 919 1162 945 τοῦ
1177 918 1304 954 σώματος
1320 920 1445 953 φυσικοῖς
1456 927 1486 944 τε
1501 918 1549 944 καὶ
1564 916 1737 950 ἀδιαὸλήτοις
1748 923 1832 948 προσ-

1043 965 1227 1000 χρησάμενος,
1243 964 1315 990 ῶστε
1344 965 1432 998 φάγοι)
1456 972 1485 990 τε
1511 963 1557 989 καὶ
1584 962 1724 988 οἱνοτεότου
1753 959 1833 991 δόξαν

1042 1011 1190 1045 ἠνέγκατο,
1207 1011 1409 1045 παραπλησίως
1423 1011 1488 1045 ἡμῖν
1504 1009 1535 1034 τὸ
1549 1009 1599 1042 τῆς
1616 1007 1711 1042 χρείας
1730 1005 1833 1041 μέτρον

1042 1056 1220 1091 ἀποπληρῶν.
1237 1057 1269 1082 Τί
1284 1056 1306 1082 δ’
1317 1056 1350 1082 ἂν
1363 1056 1436 1090 ἔχοις
1447 1056 1545 1085 εἰπεῖν,
1563 1054 1628 1089 περὶ
1642 1052 1689 1079 τοῦ
1702 1052 1746 1078 διὰ
1763 1060 1833 1077 παν-

1041 1101 1086 1131 τὸς
1103 1101 1185 1127 αὑτὸν
1197 1102 1224 1126 ἐν
1235 1103 1267 1136 τῇ
1279 1101 1341 1127 καθ’
1354 1101 1427 1135 ἡμᾶς
1441 1100 1558 1135 ὁρᾶσθαι
1576 1100 1680 1134 μορφῇ,
1700 1097 1769 1131 μετὰ
1783 1095 1833 1122 τοῦ

1042 1146 1160 1181 πλήθους
1177 1155 1206 1173 τε
1230 1147 1480 1182 ἀναστρεφόμενον,
1498 1146 1554 1173 καὶ.
1575 1144 1650 1170 οὐδὲν
1680 1143 1734 1169 τῶν
1766 1142 1833 1168 πολ-

1040 1191 1094 1217 λῶν
1123 1191 1162 1226 τῷ
1193 1192 1312 1226 σχήματι
1337 1191 1549 1221 διαλλάττοντας
1567 1190 1622 1216 Καὶ
1638 1189 1693 1223 γὰρ
1712 1187 1833 1214 ἀπέθλι-

1041 1237 1088 1263 ϐον
1104 1237 1184 1263 αὑτὸν
1201 1239 1224 1263 οἱ
1239 1237 1324 1272 ὖχλοι,
1342 1239 1379 1268 ὡς
1394 1238 1408 1264 ὁ
1427 1237 1530 1272 Πέτρος
1547 1236 1613 1271 φησί
1624 1245 1631 1251 ·
1648 1236 1696 1262 καὶ
1712 1236 1726 1261 6
1742 1242 1833 1268 παρα-

1040 1282 1129 1313 διδοὺς
1155 1283 1236 1309 αὑτὸν
1261 1284 1361 1318 σημεῖα
1385 1283 1483 1315 ἐδίδου,
1500 1278 1584 1308 δι’ὧν
1609 1279 1747 1314 γνωσθείη
1773 1281 1833 1310 τοῖς

1041 1328 1203 1361 θεοκτόνοις,
1223 1328 1267 1354 διὰ
1278 1329 1337 1364 τὴν,
1351 1329 1389 1360 ὡς
1401 1328 1454 1363 ἔφη
1469 1337 1510 1359 τις
1522 1327 1577 1353 τῶν
1592 1327 1746 1361 ἡμετέρων,
1761 1324 1836 1351 κατὰ

1040 1375 1070 1401 τὸ
1085 1375 1178 1409 σχῆμα
1194 1373 1242 1400 τοῦ
1255 1375 1361 1410 Κυρίου
1371 1375 1440 1409 πρὸς
1454 1374 1518 1403 τοὺς
1531 1372 1655 1408 μαθητὰς
1668 1371 1831 1405 ὁμοιότητα.

1041 1420 1134 1447 Ταῦτα
1155 1420 1183 1446 δὲ
1202 1419 1256 1446 ἀπὸ
1275 1421 1326 1453 τῆς
1340 1419 1452 1455 πρώτης
1469 1419 1624 1454 γεννήσεως
1638 1418 1718 1452 μέχρι
1735 1416 1787 1450 τῆς
1803 1417 1834 1442 ὲν

1041 1465 1079 1500 τῷ
1098 1465 1207 1501 σταυρῷ
1224 1465 1397 1497 ἀναόάσεως,
1411 1465 1458 1491 καί
1479 1473 1511 1499 γε
1528 1466 1578 1499 τῆς
1592 1462 1834 1498 τριημερονύκτου

1042 1513 1141 1546 ταφῆς,
1160 1512 1250 1547 είρμῷ
1269 1521 1323 1539 τινι
1349 1512 1396 1538 καὶ
1418 1511 1494 1543 τάξει
1520 1512 1622 1545 φυσικῇ
1643 1508 1809 1545 προῦϐαινεν
1823 1516 1831 1523 ·

1042 1559 1082 1589 εἰς
1097 1558 1251 1594 φανέρωσιν
1262 1558 1289 1585 δὲ
1300 1559 1350 1593 τῆς
1364 1557 1441 1584 οὔπω
1453 1559 1508 1588 τοῖς
1522 1556 1630 1587 πολλοῖς
1641 1555 1834 1590 δεδηλωμένης

1043 1603 1182 1637 θεότητος,
1196 1604 1345 1635 σπανιάκις
1368 1603 1405 1635 ὡς
1430 1604 1497 1638 πρός
1513 1611 1545 1636 γε
1564 1603 1614 1637 τὴν
1631 1602 1695 1636 ὃλην
1715 1601 1832 1627 ἀκολου-

1043 1649 1113 1680 θίαν,
1129 1650 1301 1684 ἐκαινοτόμει
1314 1650 1362 1680 τάς
1378 1649 1443 1684 περὶ
1458 1650 1487 1675 τὺ
1504 1649 1584 1683 σῶμα
1599 1647 1775 1682 θεοσημείας,
1792 1647 1833 1678 είς

1042 1693 1169 1729 δήλωσιν,
1182 1695 1220 1725 ὡς
1237 1695 1315 1730 ἔφην,
1327 1695 1377 1727 τῆς
1391 1695 1496 1726 οἰκείας
1509 1694 1645 1729 θεότητος,
1660 1694 1710 1719 οὑκ
1722 1692 1829 1728 ἀναίρε-

1044 1748 1086 1767 σιν
1102 1740 1151 1774 τῆς
1168 1740 1300 1775 ἀληθείας
1322 1740 1369 1766 τοῦ
1388 1739 1525 1775 σώματος.
1546 1740 1595 1765 Διὰ
1613 1739 1694 1765 τοῦτο
1713 1739 1760 1765 ἐπὶ
1782 1747 1830 1765 πε-

1043 1785 1143 1819 λάγους
1172 1786 1347 1820 κουφίζεται,
1374 1787 1422 1812 καὶ
1456 1785 1682 1820 μεταμορφοῦται
1712 1785 1759 1812 ἐπὶ
1788 1784 1833 1811 τοῦ

1042 1831 1134 1866 ὅρους,
1153 1832 1200 1857 καὶ
1218 1832 1272 1867 πρό
1284 1841 1315 1865 γε
1328 1831 1441 1863 τούτων,
1458 1832 1592 1865 ἄγευστος
1616 1832 1663 1857 ἐπὶ
1682 1831 1748 1861 ὃλας
1770 1839 1839 1857 τεσο

1044 1875 1203 1911 σαράκοντα
1216 1877 1264 1908 τὰς
1279 1878 1370 1908 πάσας
1383 1877 1490 1912 ἡμέρας
1514 1875 1690 1911 μεμενηκὼς,
1706 1876 1755 1910 τῆς
1781 1884 1831 1909 φυ-

1045 1921 1124 1956 σικῆς
1138 1922 1234 1956 χρείας
1254 1922 1404 1956 ἐκλέληστο
1415 1930 1422 1937 ο
1437 1921 1611 1957 παρθενικῶν
1625 1930 1654 1948 τε
1670 1921 1835 1956 σπλάγχνων

1044 1966 1171 2001 ἀνέθηλε,
1199 1967 1246 1993 τοῦ
1275 1967 1326 2002 τῆς
1354 1966 1504 2002 παρθενίας
1537 1966 1633 1998 ἄνθους
1667 1965 1835 1999 ἀδιαφθόρου

1045 2012 1271 2047 συντηρηθὲντος,
1288 2013 1327 2044 εἰς
1342 2012 1460 2047 δήλωσιν
1480 2012 1528 2038 τοῦ
1544 2011 1765 2047 θησαυρίσματος
1785 2013 1835 2048 τῆς

1044 2056 1180 2091 θεότητος,
1198 2057 1255 2083 ἀλλ’
1271 2057 1320 2084 οὐκ
1351 2057 1492 2092 ἀναίρεσιν
1516 2057 1564 2084 καὶ
1590 2057 1836 2092 μεταστοιχείωσιν

1043 2103 1091 2129 τοῦ
1105 2103 1324 2138 προσλήμματος
1342 2103 1628 2138 τεθαυματούργηκεν.
1645 2103 1699 2129 Καὶ
1715 2102 1760 2129 ἵνα
1773 2111 1835 2128 συν·

1044 2148 1168 2180 ελθόντες
1183 2149 1316 2184 εἴπωμεν,
1331 2149 1381 2180 τὰς
1398 2149 1448 2184 μὲν
1459 2149 1595 2184 ἀρρήτους
1611 2148 1768 2182 θεουργιας,
1784 2148 1836 2183 τῆς

201 2199 258 2226 pus
286 2192 345 2227 ejus
369 2191 441 2219 facta
467 2196 543 2223 sunt,
570 2199 667 2219 verum
693 2191 834 2218 hominem
849 2195 877 2218 et
892 2196 992 2219 nostra:

1047 2194 1251 2231 ὑπερκειμένης
1278 2195 1405 2231 θεότητος
1428 2194 1618 2230 προύϐάλλετο
1636 2195 1835 2229 γνωρίσματα·

206 2237 367 2270 substantiae
397 2245 458 2265 esse
485 2237 723 2264 demonstrabant.
748 2236 801 2264 Sed
830 2237 903 2271 quod
925 2245 995 2272 pene

207 2289 328 2312 mentem
342 2285 485 2320 etfugerat,
499 2284 565 2311 illud
580 2284 688 2311 addam.

1049 2239 1082 2265 τὰ
1102 2240 1130 2266 δὲ
1149 2241 1234 2276 πάθη,
1249 2241 1296 2268 καὶ
1313 2241 1366 2276 πρὸ
1388 2240 1491 2267 τούτων
1508 2239 1558 2274 τὴν
1583 2239 1714 2274 σύλληψιν
1737 2240 1785 2266 καὶ
1801 2240 1837 2266 τὰ

1051 2286 1208 2320 σπάργανα,
1229 2287 1279 2322 τήν
1307 2295 1336 2313 τε
1365 2287 1415 2321 τῆς
1441 2285 1551 2321 ἡλικίας
1571 2284 1694 2318 αὔξησιν,
1711 2285 1758 2310 καὶ
1781 2284 1837 2310 τῶν

206 2331 293 2358 ἄλλων
308 2333 434 2363 ἕκαστον,
450 2333 500 2358 ὅσα
514 2331 546 2367 δὴ
562 2332 637 2366 νόμῳ
651 2332 758 2365 φύσεως
775 2333 840 2366 περὶ
855 2332 886 2358 τὸ
902 2333 1058 2365 σωματικὸν
1069 2334 1152 2360 αὐτοῦ
1164 2334 1279 2368 ἐγίνετο,
1301 2334 1388 2370 ἀληθῆ
1420 2333 1501 2360 αὐτὸν
1534 2332 1582 2359 καὶ
1613 2332 1679 2367 ἡμῖν
1693 2332 1838 2367 ὸμοούσιον

206 2380 358 2413 ἀπέφαινεν
372 2379 525 2414 ἄνθρωπον.
548 2378 617 2405 Ἀλλ’
634 2379 648 2404 ὃ
666 2379 715 2414 τὴν
732 2378 802 2414 ἐμὴν
816 2379 914 2414 μικροῦ
931 2379 1035 2415 ἀπέδρα
1048 2380 1180 2414 διάνοιαν,
1201 2382 1312 2409 κάκεῖνο
1330 2381 1489 2417 προσθήσω.

243 2437 275 2464 H.
293 2438 351 2471 Dic,
368 2438 468 2472 inquit,
484 2437 522 2465 id.

242 2492 270 2520 0.
285 2492 421 2529 Cogitavi,
440 2493 550 2528 inquam
570 2500 631 2528 ego,
652 2492 719 2519 illud
738 2496 813 2519 recte
831 2491 945 2524 habere,
968 2496 997 2519 et

210 2541 286 2575 pium
296 2539 427 2566 omnibus
437 2539 537 2571 videri,
555 2538 629 2573 quod
646 2538 719 2566 sicut
747 2538 882 2565 Dominus
905 2538 997 2565 omnia

209 2594 259 2613 sua
284 2593 345 2613 cum
371 2593 455 2613 carne
471 2585 679 2612 communicaris
692 2604 699 2616 ,
723 2591 779 2611 non
796 2583 911 2611 recessit
925 2591 940 2610 ιι
954 2591 995 2616 se,

210 2634 358 2665 manetque
375 2630 445 2658 fixus
468 2638 501 2657 ac
514 2630 622 2657 stabilis
639 2629 668 2656 in
691 2633 765 2656 statu
790 2636 840 2656 suo
855 2628 973 2655 naturali
987 2637 994 2661 ;

210 2677 251 2704 sic
265 2675 348 2704 etiam
367 2676 524 2703 immanitas
538 2677 597 2710 ejus
613 2682 796 2710 perseverans
825 2674 852 2701 in
876 2674 910 2701 iis
936 2681 997 2708 quae

211 2726 315 2750 natura:
332 2722 392 2756 ejus
404 2727 479 2763 sunt,
491 2725 519 2748 et
531 2721 636 2748 habens
650 2721 792 2748 naturales
803 2719 958 2752 facultates,
969 2722 997 2746 et

244 2829 266 2845 '°
278 2828 374 2858 Matth.
388 2838 424 2862 ιι,
439 2831 480 2857 l9.
534 2831 554 2845 “
573 2829 640 2858 Luc.
654 2838 712 2863 vm,
725 2830 768 2857 15.

1083 2443 1115 2469 Α.
1130 2441 1197 2468 Φάθι
1215 2450 1246 2475 γε
1257 2441 1325 2476 δῆτα
1339 2440 1416 2472 αὐτὸ,
1433 2438 1520 2467 εἶπεν.

1083 2500 1114 2526 0.
1137 2498 1311 2533 Ὲννενόηκα,
1334 2495 1368 2533 ἦν
1390 2497 1412 2523 δ’
1438 2497 1508 2531 ἐγὼ,
1525 2497 1613 2523 ἐκεῖνό
1632 2504 1665 2530 γε
1691 2496 1720 2521 τὸ
1743 2494 1838 2525 καλῶς

1050 2544 1121 2579 ἒχειν
1137 2544 1185 2571 καὶ
1198 2543 1319 2574 εὐσεὸὧς
1333 2543 1400 2569 πᾶσι
1411 2542 1517 2574 δοκοῦν,
1532 2543 1583 2573 ὅτι,
1601 2542 1696 2576 ὥσπερ
1705 2541 1719 2567 ὁ
1731 2540 1840 2574 Κύριος

1050 2590 1160 2617 πάντων
1174 2589 1228 2616 τῶν
1242 2589 1340 2616 ἑαυτοῦ
1358 2588 1514 2623 μεταδιδοὺς
1535 2589 1569 2623 τῇ
1590 2587 1684 2622 σαρκὶ,
1705 2585 1840 2619 ἀνεκφοί-

1049 2644 1131 2670 τητος
1140 2635 1297 2670 μεμένηκεν
1308 2634 1418 2666 ἑαυτοῦ,
1431 2635 1478 2660 καὶ
1489 2633 1538 2668 τὴν
1551 2633 1622 2659 κατὰ
1635 2631 1715 2666 φύσιν
1725 2631 1842 2665 ἑδραίαν

1050 2681 1108 2716 ἔχει
1129 2680 1224 2716 μονὴν,
1240 2680 1312 2707 οὕτω
1331 2679 1376 2706 καὶ
1393 2681 1409 2714 ἡ
1425 2680 1485 2706 κατ’
1503 2678 1586 2706 αὑτὸν
1604 2677 1796 2712 ἀνθρωπότης,
1813 2677 1843 2702 ὲν

1050 2729 1108 2758 τοῖς
1120 2727 1191 2753 κατὰ
1199 2726 1281 2760 φύσιν
1294 2726 1410 2759 ἑστῶσα,
1419 2725 1466 2752 καὶ
1476 2724 1524 2756 τὰς
1537 2724 1583 2750 τοῦ
1595 2722 1724 2758 σώματος
1740 2721 1846 2757 ἔχουςα
