  <div class='ocr_page' id='page_1' title='image "/cluster/home/n/w/nwhite01/storage/ocr_20150623/86,pt.1/njp.32101007877465/742.png"; bbox 0 0 1973 3098; ppageno 0'>
   <div class='ocr_carea' id='block_1_1' title="bbox 139 142 205 174">
    <p class='ocr_par' dir='ltr' id='par_1_1' title="bbox 139 142 205 174">
     <span class='ocr_line' id='line_1_1' title="bbox 139 142 205 174; baseline 0 0"><span class='ocrx_word' id='word_1_1' title='bbox 139 142 205 174; x_wconf 63' lang='grc'><strong>133⁸7</strong></span> 
     </span>
    </p>
   </div>
   <div class='ocr_carea' id='block_1_2' title="bbox 665 146 1240 178">
    <p class='ocr_par' dir='ltr' id='par_1_2' title="bbox 665 146 1240 178">
     <span class='ocr_line' id='line_1_2' title="bbox 665 146 1240 178; baseline 0.005 -3"><span class='ocrx_word' id='word_1_2' title='bbox 665 146 814 176; x_wconf 79' lang='lat' dir='ltr'><strong>CONTRA</strong></span> <span class='ocrx_word' id='word_1_3' title='bbox 835 146 994 176; x_wconf 85' lang='lat' dir='ltr'><strong>NESTOR.</strong></span> <span class='ocrx_word' id='word_1_4' title='bbox 1014 147 1061 176; x_wconf 85' lang='lat' dir='ltr'><strong>ET</strong></span> <span class='ocrx_word' id='word_1_5' title='bbox 1081 147 1240 178; x_wconf 73' lang='lat' dir='ltr'><strong>EU&#39;l‘YCH.</strong></span> 
     </span>
    </p>
   </div>
   <div class='ocr_carea' id='block_1_3' title="bbox 1700 149 1767 181">
    <p class='ocr_par' dir='ltr' id='par_1_3' title="bbox 1700 149 1767 181">
     <span class='ocr_line' id='line_1_3' title="bbox 1700 149 1767 181; baseline 0.015 -1"><span class='ocrx_word' id='word_1_6' title='bbox 1700 149 1767 181; x_wconf 84' lang='grc'><strong>1338</strong></span> 
     </span>
    </p>
   </div>
   <div class='ocr_carea' id='block_1_4' title="bbox 138 197 930 236">
    <p class='ocr_par' dir='ltr' id='par_1_4' title="bbox 138 197 928 234">
     <span class='ocr_line' id='line_1_4' title="bbox 138 197 928 234; baseline 0.004 -11"><span class='ocrx_word' id='word_1_7' title='bbox 138 198 254 232; x_wconf 80' lang='grc' dir='ltr'>φυσικὰς</span> <span class='ocrx_word' id='word_1_8' title='bbox 271 197 399 232; x_wconf 78' lang='grc' dir='ltr'>δυνάμεις</span> <span class='ocrx_word' id='word_1_9' title='bbox 415 206 444 224; x_wconf 88' lang='grc' dir='ltr'><strong>τε</strong></span> <span class='ocrx_word' id='word_1_10' title='bbox 457 198 504 224; x_wconf 74' lang='grc' dir='ltr'>κοῦ.</span> <span class='ocrx_word' id='word_1_11' title='bbox 522 198 674 232; x_wconf 80' lang='grc' dir='ltr'>ἐνεργείας,</span> <span class='ocrx_word' id='word_1_12' title='bbox 691 198 735 226; x_wconf 70' lang='grc' dir='ltr'>καὶ</span> <span class='ocrx_word' id='word_1_13' title='bbox 754 200 787 226; x_wconf 77' lang='grc' dir='ltr'>τὰ</span> <span class='ocrx_word' id='word_1_14' title='bbox 806 199 878 234; x_wconf 80' lang='grc' dir='ltr'>πάθη</span> <span class='ocrx_word' id='word_1_15' title='bbox 893 199 928 225; x_wconf 80' lang='grc' dir='ltr'>τὰ</span> 
     </span>
    </p>
   </div>
   <div class='ocr_carea' id='block_1_5' title="bbox 983 197 1765 236">
    <p class='ocr_par' dir='ltr' id='par_1_5' title="bbox 983 201 1765 236">
     <span class='ocr_line' id='line_1_5' title="bbox 983 201 1765 236; baseline 0.005 -10"><span class='ocrx_word' id='word_1_16' title='bbox 983 201 1102 227; x_wconf 76' lang='lat' dir='ltr'><strong>actiones</strong></span> <span class='ocrx_word' id='word_1_17' title='bbox 1120 201 1260 235; x_wconf 85' lang='lat' dir='ltr'><strong>corporis,</strong></span> <span class='ocrx_word' id='word_1_18' title='bbox 1285 210 1316 228; x_wconf 85' lang='lat' dir='ltr'><strong>ae</strong></span> <span class='ocrx_word' id='word_1_19' title='bbox 1329 202 1470 236; x_wconf 84' lang='lat' dir='ltr'><strong>passiones</strong></span> <span class='ocrx_word' id='word_1_20' title='bbox 1489 210 1649 230; x_wconf 85' lang='lat' dir='ltr'><strong>communes</strong></span> <span class='ocrx_word' id='word_1_21' title='bbox 1661 223 1668 234; x_wconf 85' lang='lat'><strong>,</strong></span> <span class='ocrx_word' id='word_1_22' title='bbox 1694 208 1722 230; x_wconf 88' lang='lat' dir='ltr'><strong>et</strong></span> <span class='ocrx_word' id='word_1_23' title='bbox 1750 210 1765 229; x_wconf 69' lang='grc' dir='ltr'><strong>α</strong></span> 
     </span>
    </p>
   </div>
   <div class='ocr_carea' id='block_1_6' title="bbox 137 242 926 280">
    <p class='ocr_par' dir='ltr' id='par_1_6' title="bbox 137 242 926 280">
     <span class='ocr_line' id='line_1_6' title="bbox 137 242 926 280; baseline 0.001 -10"><span class='ocrx_word' id='word_1_24' title='bbox 137 242 213 270; x_wconf 77' lang='grc' dir='ltr'>κοινὰ</span> <span class='ocrx_word' id='word_1_25' title='bbox 232 243 278 268; x_wconf 75' lang='grc' dir='ltr'><strong>καὶ</strong></span> <span class='ocrx_word' id='word_1_26' title='bbox 293 243 443 278; x_wconf 75' lang='grc' dir='ltr'>ἀδιάόλητα</span> <span class='ocrx_word' id='word_1_27' title='bbox 461 243 491 269; x_wconf 77' lang='grc' dir='ltr'><strong>οὗ</strong></span> <span class='ocrx_word' id='word_1_28' title='bbox 513 252 579 269; x_wconf 85' lang='grc' dir='ltr'>ποτε</span> <span class='ocrx_word' id='word_1_29' title='bbox 593 244 738 278; x_wconf 79' lang='grc' dir='ltr'>λείπουσα,</span> <span class='ocrx_word' id='word_1_30' title='bbox 754 246 799 271; x_wconf 86' lang='grc' dir='ltr'>τόν</span> <span class='ocrx_word' id='word_1_31' title='bbox 816 254 846 272; x_wconf 82' lang='grc' dir='ltr'><strong>τε</strong></span> <span class='ocrx_word' id='word_1_32' title='bbox 864 246 926 280; x_wconf 82' lang='grc' dir='ltr'>ὅρον</span> 
     </span>
    </p>
   </div>
   <div class='ocr_carea' id='block_1_7' title="bbox 137 288 927 325">
    <p class='ocr_par' dir='ltr' id='par_1_7' title="bbox 137 288 927 325">
     <span class='ocr_line' id='line_1_7' title="bbox 137 288 927 325; baseline 0.004 -11"><span class='ocrx_word' id='word_1_33' title='bbox 137 289 187 323; x_wconf 80' lang='grc' dir='ltr'><strong>τῆς</strong></span> <span class='ocrx_word' id='word_1_34' title='bbox 213 288 275 314; x_wconf 80' lang='grc' dir='ltr'>καθ’</span> <span class='ocrx_word' id='word_1_35' title='bbox 295 289 370 323; x_wconf 75' lang='grc' dir='ltr'><strong>ἡμᾶς</strong></span> <span class='ocrx_word' id='word_1_36' title='bbox 395 289 566 323; x_wconf 82' lang='grc' dir='ltr'><strong>τελειότητος</strong></span> <span class='ocrx_word' id='word_1_37' title='bbox 587 290 728 321; x_wconf 80' lang='grc' dir='ltr'>οὐσιωδῶς</span> <span class='ocrx_word' id='word_1_38' title='bbox 751 291 927 325; x_wconf 77' lang='grc' dir='ltr'>κεκτημένη,</span> 
     </span>
    </p>
   </div>
   <div class='ocr_carea' id='block_1_8' title="bbox 139 334 930 370">
    <p class='ocr_par' dir='ltr' id='par_1_8' title="bbox 139 334 930 370">
     <span class='ocr_line' id='line_1_8' title="bbox 139 334 930 370; baseline 0.003 -9"><span class='ocrx_word' id='word_1_39' title='bbox 139 334 248 361; x_wconf 77' lang='grc' dir='ltr'>πάντων</span> <span class='ocrx_word' id='word_1_40' title='bbox 277 334 463 367; x_wconf 79' lang='grc' dir='ltr'><strong>κεκοινώνηκε</strong></span> <span class='ocrx_word' id='word_1_41' title='bbox 502 335 555 360; x_wconf 82' lang='grc' dir='ltr'>τῶν</span> <span class='ocrx_word' id='word_1_42' title='bbox 580 336 614 361; x_wconf 72' lang='grc' dir='ltr'>ὲκ</span> <span class='ocrx_word' id='word_1_43' title='bbox 638 336 685 362; x_wconf 81' lang='grc' dir='ltr'>τοῦ</span> <span class='ocrx_word' id='word_1_44' title='bbox 710 337 799 370; x_wconf 79' lang='grc' dir='ltr'>Λόγου</span> <span class='ocrx_word' id='word_1_45' title='bbox 828 336 930 368; x_wconf 81' lang='grc' dir='ltr'>καλῶν,</span> 
     </span>
    </p>
   </div>
   <div class='ocr_carea' id='block_1_9' title="bbox 140 374 931 416">
    <p class='ocr_par' dir='ltr' id='par_1_9' title="bbox 140 374 931 416">
     <span class='ocr_line' id='line_1_9' title="bbox 140 374 931 416; baseline 0.001 -9"><span class='ocrx_word' id='word_1_46' title='bbox 140 380 239 415; x_wconf 79' lang='grc' dir='ltr'>μᾶλλον</span> <span class='ocrx_word' id='word_1_47' title='bbox 254 374 384 415; x_wconf 47' lang='lat' dir='ltr'><strong>statu,»</strong></span> <span class='ocrx_word' id='word_1_48' title='bbox 401 380 493 416; x_wconf 81' lang='grc' dir='ltr'>πηγὴν</span> <span class='ocrx_word' id='word_1_49' title='bbox 510 380 565 406; x_wconf 85' lang='grc' dir='ltr'>τῶν</span> <span class='ocrx_word' id='word_1_50' title='bbox 583 382 676 408; x_wconf 82' lang='grc' dir='ltr'>καλῶν</span> <span class='ocrx_word' id='word_1_51' title='bbox 693 382 737 408; x_wconf 72' lang='grc' dir='ltr'>τὸν</span> <span class='ocrx_word' id='word_1_52' title='bbox 753 382 839 415; x_wconf 84' lang='grc' dir='ltr'>Λόγον</span> <span class='ocrx_word' id='word_1_53' title='bbox 853 382 931 416; x_wconf 83' lang='grc' dir='ltr'>ἔχου-</span> 
     </span>
    </p>
   </div>
   <div class='ocr_carea' id='block_1_10' title="bbox 140 418 931 463">
    <p class='ocr_par' dir='ltr' id='par_1_10' title="bbox 140 418 931 463">
     <span class='ocr_line' id='line_1_10' title="bbox 140 418 931 463; baseline 0 -9"><span class='ocrx_word' id='word_1_54' title='bbox 140 436 184 457; x_wconf 88' lang='grc' dir='ltr'>σα.</span> <span class='ocrx_word' id='word_1_55' title='bbox 202 427 321 463; x_wconf 57' lang='lat' dir='ltr'><strong>«mags;</strong></span> <span class='ocrx_word' id='word_1_56' title='bbox 340 427 369 459; x_wconf 75' lang='grc' dir='ltr'><strong>ἐξ</strong></span> <span class='ocrx_word' id='word_1_57' title='bbox 385 427 487 461; x_wconf 80' lang='grc' dir='ltr'>ἑαυτῆς</span> <span class='ocrx_word' id='word_1_58' title='bbox 502 427 594 453; x_wconf 85' lang='grc' dir='ltr'>πάντα</span> <span class='ocrx_word' id='word_1_59' title='bbox 611 428 644 454; x_wconf 83' lang='grc' dir='ltr'><strong>τὰ</strong></span> <span class='ocrx_word' id='word_1_60' title='bbox 658 428 706 453; x_wconf 77' lang='grc' dir='ltr'>τοῦ</span> <span class='ocrx_word' id='word_1_61' title='bbox 721 427 807 461; x_wconf 85' lang='grc' dir='ltr'><strong>Λόγου</strong></span> <span class='ocrx_word' id='word_1_62' title='bbox 817 418 869 453; x_wconf 41' lang='lat' dir='ltr'><strong>hi</strong></span> <span class='ocrx_word' id='word_1_63' title='bbox 886 428 931 454; x_wconf 80' lang='grc' dir='ltr'><strong>τὸν</strong></span> 
     </span>
    </p>
   </div>
   <div class='ocr_carea' id='block_1_11' title="bbox 139 472 931 508">
    <p class='ocr_par' dir='ltr' id='par_1_11' title="bbox 139 472 931 508">
     <span class='ocr_line' id='line_1_11' title="bbox 139 472 931 508; baseline -0.001 -9"><span class='ocrx_word' id='word_1_64' title='bbox 139 473 290 508; x_wconf 80' lang='grc' dir='ltr'><strong>Λόγον.Μὴ</strong></span> <span class='ocrx_word' id='word_1_65' title='bbox 305 473 358 508; x_wconf 83' lang='grc' dir='ltr'>γὰρ</span> <span class='ocrx_word' id='word_1_66' title='bbox 371 473 403 507; x_wconf 83' lang='grc' dir='ltr'>δὴ</span> <span class='ocrx_word' id='word_1_67' title='bbox 417 472 540 507; x_wconf 75' lang='grc' dir='ltr'><strong>οἰώμεθα</strong></span> <span class='ocrx_word' id='word_1_68' title='bbox 558 473 630 508; x_wconf 81' lang='grc' dir='ltr'>μέγα</span> <span class='ocrx_word' id='word_1_69' title='bbox 646 481 672 499; x_wconf 93' lang='grc' dir='ltr'><strong>τι</strong></span> <span class='ocrx_word' id='word_1_70' title='bbox 691 472 783 506; x_wconf 78' lang='grc' dir='ltr'>λέγειν</span> <span class='ocrx_word' id='word_1_71' title='bbox 798 473 862 506; x_wconf 85' lang='grc' dir='ltr'>περὶ</span> <span class='ocrx_word' id='word_1_72' title='bbox 881 473 931 506; x_wconf 79' lang='grc' dir='ltr'>τῆς</span> 
     </span>
    </p>
   </div>
   <div class='ocr_carea' id='block_1_12' title="bbox 141 516 930 553">
    <p class='ocr_par' dir='ltr' id='par_1_12' title="bbox 141 516 930 553">
     <span class='ocr_line' id='line_1_12' title="bbox 141 516 930 553; baseline -0.003 -9"><span class='ocrx_word' id='word_1_73' title='bbox 141 518 242 552; x_wconf 83' lang='grc' dir='ltr'>σαρκὸς</span> <span class='ocrx_word' id='word_1_74' title='bbox 264 518 311 547; x_wconf 75' lang='grc' dir='ltr'>τοῦ</span> <span class='ocrx_word' id='word_1_75' title='bbox 334 518 450 552; x_wconf 70' lang='grc' dir='ltr'>Κυρίου,</span> <span class='ocrx_word' id='word_1_76' title='bbox 473 519 562 544; x_wconf 76' lang='grc' dir='ltr'>ἐκεῖνο</span> <span class='ocrx_word' id='word_1_77' title='bbox 587 518 656 553; x_wconf 81' lang='grc' dir='ltr'><strong>αὐτῇ</strong></span> <span class='ocrx_word' id='word_1_78' title='bbox 682 517 800 549; x_wconf 87' lang='grc' dir='ltr'>διδόντες</span> <span class='ocrx_word' id='word_1_79' title='bbox 824 517 838 542; x_wconf 83' lang='grc' dir='ltr'><strong>ὃ</strong></span> <span class='ocrx_word' id='word_1_80' title='bbox 862 516 930 551; x_wconf 80' lang='grc' dir='ltr'>μηδὲ</span> 
     </span>
    </p>
   </div>
   <div class='ocr_carea' id='block_1_13' title="bbox 140 562 929 599">
    <p class='ocr_par' dir='ltr' id='par_1_13' title="bbox 140 562 929 599">
     <span class='ocr_line' id='line_1_13' title="bbox 140 562 929 599; baseline -0.005 -8"><span class='ocrx_word' id='word_1_81' title='bbox 140 564 223 598; x_wconf 74' lang='grc' dir='ltr'>αὐτὴν</span> <span class='ocrx_word' id='word_1_82' title='bbox 238 564 387 598; x_wconf 77' lang='grc' dir='ltr'>τετίμηκε,</span> <span class='ocrx_word' id='word_1_83' title='bbox 415 565 461 590; x_wconf 73' lang='grc' dir='ltr'>καὶ</span> <span class='ocrx_word' id='word_1_84' title='bbox 482 564 531 599; x_wconf 70' lang='grc' dir='ltr'><strong>τὴν</strong></span> <span class='ocrx_word' id='word_1_85' title='bbox 554 564 632 599; x_wconf 81' lang='grc' dir='ltr'>ἡμῶν</span> <span class='ocrx_word' id='word_1_86' title='bbox 663 563 805 599; x_wconf 79' lang='grc' dir='ltr'>ἀφῄρηται</span> <span class='ocrx_word' id='word_1_87' title='bbox 830 562 929 596; x_wconf 85' lang='grc' dir='ltr'>τιμήν·</span> 
     </span>
    </p>
   </div>
   <div class='ocr_carea' id='block_1_14' title="bbox 139 607 931 644">
    <p class='ocr_par' dir='ltr' id='par_1_14' title="bbox 139 607 931 644">
     <span class='ocr_line' id='line_1_14' title="bbox 139 607 931 644; baseline -0.001 -10"><span class='ocrx_word' id='word_1_88' title='bbox 139 608 200 634; x_wconf 73' lang='grc' dir='ltr'>οὐδὲ</span> <span class='ocrx_word' id='word_1_89' title='bbox 216 608 270 643; x_wconf 80' lang='grc' dir='ltr'>γὰρ</span> <span class='ocrx_word' id='word_1_90' title='bbox 289 608 336 634; x_wconf 82' lang='grc' dir='ltr'>τοῦ</span> <span class='ocrx_word' id='word_1_91' title='bbox 351 608 440 641; x_wconf 76' lang='grc' dir='ltr'>Λόγου</span> <span class='ocrx_word' id='word_1_92' title='bbox 459 607 505 644; x_wconf 75' lang='grc' dir='ltr'><strong>ἦν,</strong></span> <span class='ocrx_word' id='word_1_93' title='bbox 527 609 582 635; x_wconf 84' lang='grc' dir='ltr'>τῶν</span> <span class='ocrx_word' id='word_1_94' title='bbox 608 610 751 643; x_wconf 78' lang='grc' dir='ltr'><strong>ἡμετέρων</strong></span> <span class='ocrx_word' id='word_1_95' title='bbox 767 608 852 642; x_wconf 80' lang='grc' dir='ltr'>αὐτὴν</span> <span class='ocrx_word' id='word_1_96' title='bbox 871 615 931 633; x_wconf 79' lang='grc' dir='ltr'>στε-</span> 
     </span>
    </p>
   </div>
   <div class='ocr_carea' id='block_1_15' title="bbox 143 652 932 689">
    <p class='ocr_par' dir='ltr' id='par_1_15' title="bbox 143 652 932 689">
     <span class='ocr_line' id='line_1_15' title="bbox 143 652 932 689; baseline 0 -11"><span class='ocrx_word' id='word_1_97' title='bbox 143 652 234 688; x_wconf 76' lang='grc' dir='ltr'>ρῆσαι.</span> <span class='ocrx_word' id='word_1_98' title='bbox 253 654 386 687; x_wconf 79' lang='grc' dir='ltr'>μένουσαν</span> <span class='ocrx_word' id='word_1_99' title='bbox 410 654 470 687; x_wconf 79' lang='grc' dir='ltr'>μεθ’</span> <span class='ocrx_word' id='word_1_100' title='bbox 483 653 572 688; x_wconf 83' lang='grc' dir='ltr'>ἡμῶν·</span> <span class='ocrx_word' id='word_1_101' title='bbox 591 653 652 680; x_wconf 75' lang='grc' dir='ltr'>οὔτε</span> <span class='ocrx_word' id='word_1_102' title='bbox 676 654 728 688; x_wconf 76' lang='grc' dir='ltr'><strong>τῆς</strong></span> <span class='ocrx_word' id='word_1_103' title='bbox 752 653 932 689; x_wconf 63' lang='grc' dir='ltr'>ἀνθρωπότηα</span> 
     </span>
    </p>
   </div>
   <div class='ocr_carea' id='block_1_16' title="bbox 140 697 931 733">
    <p class='ocr_par' dir='ltr' id='par_1_16' title="bbox 140 697 931 733">
     <span class='ocr_line' id='line_1_16' title="bbox 140 697 931 733; baseline 0 -10"><span class='ocrx_word' id='word_1_104' title='bbox 140 706 196 730; x_wconf 77' lang='grc' dir='ltr'>τος,</span> <span class='ocrx_word' id='word_1_105' title='bbox 213 697 260 733; x_wconf 75' lang='grc' dir='ltr'><strong>τὴν</strong></span> <span class='ocrx_word' id='word_1_106' title='bbox 286 697 316 730; x_wconf 82' lang='grc' dir='ltr'>ἐξ</span> <span class='ocrx_word' id='word_1_107' title='bbox 332 697 409 732; x_wconf 83' lang='grc' dir='ltr'>ἡμῶν</span> <span class='ocrx_word' id='word_1_108' title='bbox 427 698 542 733; x_wconf 77' lang='grc' dir='ltr'>ἐχούσης</span> <span class='ocrx_word' id='word_1_109' title='bbox 559 700 729 732; x_wconf 74' lang='grc' dir='ltr'>συγγένειαν,</span> <span class='ocrx_word' id='word_1_110' title='bbox 751 699 931 733; x_wconf 65' lang='grc' dir='ltr'>ὑπερηιξανῆ-</span> 
     </span>
    </p>
   </div>
   <div class='ocr_carea' id='block_1_17' title="bbox 142 744 930 780">
    <p class='ocr_par' dir='ltr' id='par_1_17' title="bbox 142 744 930 780">
     <span class='ocr_line' id='line_1_17' title="bbox 142 744 930 780; baseline 0.001 -11"><span class='ocrx_word' id='word_1_111' title='bbox 142 752 185 770; x_wconf 78' lang='grc' dir='ltr'><strong>σαι</strong></span> <span class='ocrx_word' id='word_1_112' title='bbox 201 744 250 777; x_wconf 83' lang='grc' dir='ltr'><strong>τὴν</strong></span> <span class='ocrx_word' id='word_1_113' title='bbox 265 744 471 778; x_wconf 82' lang='grc' dir='ltr'>ὁμοιοπάθειαν·</span> <span class='ocrx_word' id='word_1_114' title='bbox 490 745 516 770; x_wconf 76' lang='grc' dir='ltr'>εἴ</span> <span class='ocrx_word' id='word_1_115' title='bbox 530 753 562 778; x_wconf 86' lang='grc' dir='ltr'><strong>γε</strong></span> <span class='ocrx_word' id='word_1_116' title='bbox 580 745 617 780; x_wconf 83' lang='grc' dir='ltr'>μὴ</span> <span class='ocrx_word' id='word_1_117' title='bbox 638 745 782 778; x_wconf 74' lang='grc' dir='ltr'><strong>μέλλοιμεν</strong></span> <span class='ocrx_word' id='word_1_118' title='bbox 805 745 854 778; x_wconf 77' lang='grc' dir='ltr'><strong>τῆς</strong></span> <span class='ocrx_word' id='word_1_119' title='bbox 870 744 930 770; x_wconf 82' lang='grc' dir='ltr'>θεο-</span> 
     </span>
    </p>
   </div>
   <div class='ocr_carea' id='block_1_18' title="bbox 143 789 931 824">
    <p class='ocr_par' dir='ltr' id='par_1_18' title="bbox 143 789 931 824">
     <span class='ocr_line' id='line_1_18' title="bbox 143 789 931 824; baseline 0.001 -10"><span class='ocrx_word' id='word_1_120' title='bbox 143 789 278 824; x_wconf 76' lang='grc' dir='ltr'>μιμησίας</span> <span class='ocrx_word' id='word_1_121' title='bbox 292 790 377 824; x_wconf 80' lang='grc' dir='ltr'>αὐτῆς</span> <span class='ocrx_word' id='word_1_122' title='bbox 409 791 585 816; x_wconf 76' lang='grc' dir='ltr'><strong>ἀποπίπτειν.</strong></span> <span class='ocrx_word' id='word_1_123' title='bbox 614 790 683 817; x_wconf 71' lang='grc' dir='ltr'>Οὔτε</span> <span class='ocrx_word' id='word_1_124' title='bbox 714 791 743 816; x_wconf 74' lang='grc' dir='ltr'>δὲ</span> <span class='ocrx_word' id='word_1_125' title='bbox 771 790 806 816; x_wconf 81' lang='grc' dir='ltr'>τὰ</span> <span class='ocrx_word' id='word_1_126' title='bbox 833 789 931 820; x_wconf 79' lang='grc' dir='ltr'>κοινῶς</span> 
     </span>
    </p>
   </div>
   <div class='ocr_carea' id='block_1_19' title="bbox 141 834 930 870">
    <p class='ocr_par' dir='ltr' id='par_1_19' title="bbox 141 834 930 870">
     <span class='ocr_line' id='line_1_19' title="bbox 141 834 930 870; baseline 0 -9"><span class='ocrx_word' id='word_1_127' title='bbox 141 834 311 870; x_wconf 72' lang='grc' dir='ltr'><strong>ὑπάρξαντα,</strong></span> <span class='ocrx_word' id='word_1_128' title='bbox 327 835 444 867; x_wconf 74' lang='grc' dir='ltr'>δικαίοις</span> <span class='ocrx_word' id='word_1_129' title='bbox 470 845 499 862; x_wconf 88' lang='grc' dir='ltr'><strong>τε</strong></span> <span class='ocrx_word' id='word_1_130' title='bbox 517 838 564 863; x_wconf 65' lang='grc' dir='ltr'><strong>καὶ</strong></span> <span class='ocrx_word' id='word_1_131' title='bbox 579 836 684 867; x_wconf 80' lang='grc' dir='ltr'>ἀδίκοις</span> <span class='ocrx_word' id='word_1_132' title='bbox 701 836 771 870; x_wconf 86' lang='grc' dir='ltr'>μετὰ</span> <span class='ocrx_word' id='word_1_133' title='bbox 795 836 845 870; x_wconf 77' lang='grc' dir='ltr'><strong>τὴν</strong></span> <span class='ocrx_word' id='word_1_134' title='bbox 865 836 930 861; x_wconf 70' lang='grc' dir='ltr'>ἀνά-ι</span> 
     </span>
    </p>
   </div>
   <div class='ocr_carea' id='block_1_20' title="bbox 141 882 930 917">
    <p class='ocr_par' dir='ltr' id='par_1_20' title="bbox 141 882 930 917">
     <span class='ocr_line' id='line_1_20' title="bbox 141 882 930 917; baseline 0.001 -11"><span class='ocrx_word' id='word_1_135' title='bbox 141 889 249 910; x_wconf 82' lang='grc' dir='ltr'>στασιν.</span> <span class='ocrx_word' id='word_1_136' title='bbox 263 883 335 915; x_wconf 71' lang='grc' dir='ltr'><strong>φημὶ</strong></span> <span class='ocrx_word' id='word_1_137' title='bbox 352 882 383 916; x_wconf 79' lang='grc' dir='ltr'><strong>δὴ</strong></span> <span class='ocrx_word' id='word_1_138' title='bbox 398 882 448 916; x_wconf 76' lang='grc' dir='ltr'>τὴν</span> <span class='ocrx_word' id='word_1_139' title='bbox 463 882 615 908; x_wconf 76' lang='grc' dir='ltr'><strong>ἀθανασίαν</strong></span> <span class='ocrx_word' id='word_1_140' title='bbox 635 882 682 908; x_wconf 69' lang='grc' dir='ltr'><strong>καὶ</strong></span> <span class='ocrx_word' id='word_1_141' title='bbox 697 882 864 917; x_wconf 76' lang='grc' dir='ltr'>ἀφθαρσίαν,</span> <span class='ocrx_word' id='word_1_142' title='bbox 882 882 930 908; x_wconf 71' lang='grc' dir='ltr'><strong>καὶ</strong></span> 
     </span>
    </p>
   </div>
   <div class='ocr_carea' id='block_1_21' title="bbox 979 245 1785 282">
    <p class='ocr_par' dir='ltr' id='par_1_21' title="bbox 979 245 1785 282">
     <span class='ocr_line' id='line_1_21' title="bbox 979 245 1785 282; baseline 0.004 -11"><span class='ocrx_word' id='word_1_143' title='bbox 979 245 1094 272; x_wconf 83' lang='lat' dir='ltr'><strong>crimine</strong></span> <span class='ocrx_word' id='word_1_144' title='bbox 1111 246 1214 273; x_wconf 86' lang='lat' dir='ltr'><strong>alienas</strong></span> <span class='ocrx_word' id='word_1_145' title='bbox 1229 254 1261 273; x_wconf 91' lang='lat' dir='ltr'><strong>ac</strong></span> <span class='ocrx_word' id='word_1_146' title='bbox 1276 247 1376 274; x_wconf 82' lang='lat' dir='ltr'><strong>liberas</strong></span> <span class='ocrx_word' id='word_1_147' title='bbox 1397 255 1539 282; x_wconf 86' lang='lat' dir='ltr'><strong>nunquam</strong></span> <span class='ocrx_word' id='word_1_148' title='bbox 1561 248 1694 276; x_wconf 82' lang='lat' dir='ltr'><strong>deserens</strong></span> <span class='ocrx_word' id='word_1_149' title='bbox 1707 269 1713 280; x_wconf 85' lang='lat'><strong>.</strong></span> <span class='ocrx_word' id='word_1_150' title='bbox 1738 253 1767 275; x_wconf 85' lang='lat' dir='ltr'><strong>et</strong></span> <span class='ocrx_word' id='word_1_151' title='bbox 1782 255 1785 259; x_wconf 87' lang='lat'>&#39;</span> 
     </span>
    </p>
   </div>
   <div class='ocr_carea' id='block_1_22' title="bbox 983 291 1767 326">
    <p class='ocr_par' dir='ltr' id='par_1_22' title="bbox 983 291 1767 326">
     <span class='ocr_line' id='line_1_22' title="bbox 983 291 1767 326; baseline 0.003 -8"><span class='ocrx_word' id='word_1_152' title='bbox 983 291 1169 318; x_wconf 86' lang='lat' dir='ltr'><strong>deﬁnitionem</strong></span> <span class='ocrx_word' id='word_1_153' title='bbox 1178 292 1355 326; x_wconf 74' lang='lat' dir='ltr'><strong>perfectionis</strong></span> <span class='ocrx_word' id='word_1_154' title='bbox 1365 297 1464 319; x_wconf 71' lang='lat' dir='ltr'><strong>nostra:</strong></span> <span class='ocrx_word' id='word_1_155' title='bbox 1474 293 1626 320; x_wconf 87' lang='lat' dir='ltr'><strong>secundum</strong></span> <span class='ocrx_word' id='word_1_156' title='bbox 1637 294 1767 320; x_wconf 87' lang='lat' dir='ltr'><strong>substan-</strong></span> 
     </span>
    </p>
   </div>
   <div class='ocr_carea' id='block_1_23' title="bbox 982 338 1766 374">
    <p class='ocr_par' dir='ltr' id='par_1_23' title="bbox 982 338 1766 374">
     <span class='ocr_line' id='line_1_23' title="bbox 982 338 1766 374; baseline 0.004 -11"><span class='ocrx_word' id='word_1_157' title='bbox 982 338 1048 364; x_wconf 84' lang='lat' dir='ltr'><strong>tiam</strong></span> <span class='ocrx_word' id='word_1_158' title='bbox 1063 338 1206 371; x_wconf 85' lang='lat' dir='ltr'><strong>possidens</strong></span> <span class='ocrx_word' id='word_1_159' title='bbox 1216 358 1223 367; x_wconf 84' lang='lat'><strong>.</strong></span> <span class='ocrx_word' id='word_1_160' title='bbox 1240 338 1332 365; x_wconf 82' lang='lat' dir='ltr'><strong>omnia</strong></span> <span class='ocrx_word' id='word_1_161' title='bbox 1350 338 1420 365; x_wconf 86' lang='lat' dir='ltr'><strong>bona</strong></span> <span class='ocrx_word' id='word_1_162' title='bbox 1431 346 1464 365; x_wconf 79' lang='lat' dir='ltr'><strong>ex</strong></span> <span class='ocrx_word' id='word_1_163' title='bbox 1474 339 1564 365; x_wconf 86' lang='lat' dir='ltr'><strong>Verbo</strong></span> <span class='ocrx_word' id='word_1_164' title='bbox 1580 339 1766 374; x_wconf 82' lang='lat' dir='ltr'><strong>participavit,</strong></span> 
     </span>
    </p>
   </div>
   <div class='ocr_carea' id='block_1_24' title="bbox 982 384 1767 418">
    <p class='ocr_par' dir='ltr' id='par_1_24' title="bbox 982 384 1767 418">
     <span class='ocr_line' id='line_1_24' title="bbox 982 384 1767 418; baseline 0.003 -8"><span class='ocrx_word' id='word_1_165' title='bbox 982 385 1049 418; x_wconf 92' lang='lat' dir='ltr'><strong>quin</strong></span> <span class='ocrx_word' id='word_1_166' title='bbox 1068 384 1158 418; x_wconf 86' lang='lat' dir='ltr'><strong>potius</strong></span> <span class='ocrx_word' id='word_1_167' title='bbox 1176 384 1264 418; x_wconf 89' lang='lat' dir='ltr'><strong>ipsqu</strong></span> <span class='ocrx_word' id='word_1_168' title='bbox 1281 384 1384 411; x_wconf 78' lang='lat' dir='ltr'><strong>fontem</strong></span> <span class='ocrx_word' id='word_1_169' title='bbox 1403 384 1537 412; x_wconf 89' lang='lat' dir='ltr'><strong>bonorum</strong></span> <span class='ocrx_word' id='word_1_170' title='bbox 1549 406 1556 417; x_wconf 88' lang='lat'><strong>,</strong></span> <span class='ocrx_word' id='word_1_171' title='bbox 1575 385 1694 412; x_wconf 89' lang='lat' dir='ltr'><strong>Verbum</strong></span> <span class='ocrx_word' id='word_1_172' title='bbox 1712 386 1767 412; x_wconf 86' lang='lat' dir='ltr'><strong>sci-</strong></span> 
     </span>
    </p>
   </div>
   <div class='ocr_carea' id='block_1_25' title="bbox 981 429 1767 468">
    <p class='ocr_par' dir='ltr' id='par_1_25' title="bbox 981 429 1767 468">
     <span class='ocr_line' id='line_1_25' title="bbox 981 429 1767 468; baseline 0.003 -13"><span class='ocrx_word' id='word_1_173' title='bbox 981 429 1045 456; x_wconf 89' lang='lat' dir='ltr'><strong>licet</strong></span> <span class='ocrx_word' id='word_1_174' title='bbox 1071 429 1184 460; x_wconf 88' lang='lat' dir='ltr'><strong>habens,</strong></span> <span class='ocrx_word' id='word_1_175' title='bbox 1201 429 1303 468; x_wconf 76' lang='lat' dir='ltr'><strong>emittit</strong></span> <span class='ocrx_word' id='word_1_176' title='bbox 1319 436 1334 455; x_wconf 92' lang='lat' dir='ltr'><strong>e</strong></span> <span class='ocrx_word' id='word_1_177' title='bbox 1348 436 1377 455; x_wconf 89' lang='lat' dir='ltr'><strong>sc</strong></span> <span class='ocrx_word' id='word_1_178' title='bbox 1393 429 1486 456; x_wconf 82' lang='lat' dir='ltr'><strong>omnia</strong></span> <span class='ocrx_word' id='word_1_179' title='bbox 1507 437 1568 464; x_wconf 67' lang='lat' dir='ltr'><strong>qua:</strong></span> <span class='ocrx_word' id='word_1_180' title='bbox 1584 431 1666 457; x_wconf 80' lang='lat' dir='ltr'><strong>Verbi</strong></span> <span class='ocrx_word' id='word_1_181' title='bbox 1693 435 1767 460; x_wconf 85' lang='lat' dir='ltr'><strong>sunt.</strong></span> 
     </span>
    </p>
   </div>
   <div class='ocr_carea' id='block_1_26' title="bbox 981 469 1767 510">
    <p class='ocr_par' dir='ltr' id='par_1_26' title="bbox 981 469 1767 510">
     <span class='ocr_line' id='line_1_26' title="bbox 981 469 1767 510; baseline 0.003 -10"><span class='ocrx_word' id='word_1_182' title='bbox 981 479 1094 509; x_wconf 89' lang='lat' dir='ltr'><strong>propter</strong></span> <span class='ocrx_word' id='word_1_183' title='bbox 1111 474 1242 501; x_wconf 80' lang='lat' dir='ltr'><strong>Verbum.</strong></span> <span class='ocrx_word' id='word_1_184' title='bbox 1258 469 1306 501; x_wconf 27' lang='lat' dir='ltr'><strong>‘Ne</strong></span> <span class='ocrx_word' id='word_1_185' title='bbox 1321 475 1395 501; x_wconf 89' lang='lat' dir='ltr'><strong>enim</strong></span> <span class='ocrx_word' id='word_1_186' title='bbox 1418 476 1608 503; x_wconf 76' lang='lat' dir='ltr'><strong>existimemus</strong></span> <span class='ocrx_word' id='word_1_187' title='bbox 1619 498 1625 508; x_wconf 85' lang='lat'><strong>,</strong></span> <span class='ocrx_word' id='word_1_188' title='bbox 1638 484 1767 510; x_wconf 77' lang='lat' dir='ltr'><strong>magnum</strong></span> 
     </span>
    </p>
   </div>
   <div class='ocr_carea' id='block_1_27' title="bbox 981 520 1767 555">
    <p class='ocr_par' dir='ltr' id='par_1_27' title="bbox 981 520 1767 555">
     <span class='ocr_line' id='line_1_27' title="bbox 981 520 1767 555; baseline 0.003 -8"><span class='ocrx_word' id='word_1_189' title='bbox 981 521 1084 555; x_wconf 88' lang='lat' dir='ltr'><strong>aliquid</strong></span> <span class='ocrx_word' id='word_1_190' title='bbox 1103 521 1137 547; x_wconf 88' lang='lat' dir='ltr'><strong>de</strong></span> <span class='ocrx_word' id='word_1_191' title='bbox 1156 528 1239 547; x_wconf 85' lang='lat' dir='ltr'><strong>carne</strong></span> <span class='ocrx_word' id='word_1_192' title='bbox 1256 520 1363 546; x_wconf 89' lang='lat' dir='ltr'><strong>Domini</strong></span> <span class='ocrx_word' id='word_1_193' title='bbox 1381 521 1491 552; x_wconf 86' lang='lat' dir='ltr'><strong>dicere.</strong></span> <span class='ocrx_word' id='word_1_194' title='bbox 1516 522 1538 548; x_wconf 92' lang='lat' dir='ltr'><strong>si</strong></span> <span class='ocrx_word' id='word_1_195' title='bbox 1558 523 1582 548; x_wconf 89' lang='lat' dir='ltr'><strong>ei</strong></span> <span class='ocrx_word' id='word_1_196' title='bbox 1601 522 1767 554; x_wconf 80' lang='lat' dir='ltr'><strong>tribuamus,</strong></span> 
     </span>
    </p>
   </div>
   <div class='ocr_carea' id='block_1_28' title="bbox 981 566 1767 601">
    <p class='ocr_par' dir='ltr' id='par_1_28' title="bbox 981 566 1767 601">
     <span class='ocr_line' id='line_1_28' title="bbox 981 566 1767 601; baseline 0.003 -9"><span class='ocrx_word' id='word_1_197' title='bbox 981 567 1054 601; x_wconf 89' lang='lat' dir='ltr'><strong>quod</strong></span> <span class='ocrx_word' id='word_1_198' title='bbox 1070 574 1122 593; x_wconf 81' lang='lat' dir='ltr'><strong>nec</strong></span> <span class='ocrx_word' id='word_1_199' title='bbox 1139 566 1224 600; x_wconf 56' lang='lat' dir='ltr'><strong>ipsum</strong></span> <span class='ocrx_word' id='word_1_200' title='bbox 1240 566 1384 593; x_wconf 70' lang='lat' dir='ltr'><strong>honoravit</strong></span> <span class='ocrx_word' id='word_1_201' title='bbox 1396 587 1402 598; x_wconf 84' lang='lat'><strong>,</strong></span> <span class='ocrx_word' id='word_1_202' title='bbox 1424 570 1452 593; x_wconf 93' lang='lat' dir='ltr'><strong>et</strong></span> <span class='ocrx_word' id='word_1_203' title='bbox 1467 567 1539 600; x_wconf 85' lang='lat' dir='ltr'><strong>quod</strong></span> <span class='ocrx_word' id='word_1_204' title='bbox 1562 567 1692 594; x_wconf 84' lang='lat' dir='ltr'><strong>honorem</strong></span> <span class='ocrx_word' id='word_1_205' title='bbox 1718 575 1767 594; x_wconf 92' lang='lat' dir='ltr'><strong>no-</strong></span> 
     </span>
    </p>
   </div>
   <div class='ocr_carea' id='block_1_29' title="bbox 981 611 1768 646">
    <p class='ocr_par' dir='ltr' id='par_1_29' title="bbox 981 611 1768 646">
     <span class='ocr_line' id='line_1_29' title="bbox 981 611 1768 646; baseline -0.001 -7"><span class='ocrx_word' id='word_1_206' title='bbox 981 617 1067 639; x_wconf 86' lang='lat' dir='ltr'><strong>strum</strong></span> <span class='ocrx_word' id='word_1_207' title='bbox 1084 611 1213 643; x_wconf 86' lang='lat' dir='ltr'><strong>abstulit;</strong></span> <span class='ocrx_word' id='word_1_208' title='bbox 1230 619 1281 638; x_wconf 86' lang='lat' dir='ltr'><strong>nec</strong></span> <span class='ocrx_word' id='word_1_209' title='bbox 1299 611 1371 638; x_wconf 87' lang='lat' dir='ltr'><strong>enim</strong></span> <span class='ocrx_word' id='word_1_210' title='bbox 1387 612 1470 638; x_wconf 88' lang='lat' dir='ltr'><strong>Verbi</strong></span> <span class='ocrx_word' id='word_1_211' title='bbox 1485 617 1555 643; x_wconf 84' lang='lat' dir='ltr'><strong>erat,</strong></span> <span class='ocrx_word' id='word_1_212' title='bbox 1572 613 1681 646; x_wconf 88' lang='lat' dir='ltr'><strong>privare</strong></span> <span class='ocrx_word' id='word_1_213' title='bbox 1708 620 1768 639; x_wconf 86' lang='lat' dir='ltr'><strong>eam</strong></span> 
     </span>
    </p>
   </div>
   <div class='ocr_carea' id='block_1_30' title="bbox 981 657 1767 692">
    <p class='ocr_par' dir='ltr' id='par_1_30' title="bbox 981 657 1767 692">
     <span class='ocr_line' id='line_1_30' title="bbox 981 657 1767 692; baseline -0.001 -8"><span class='ocrx_word' id='word_1_214' title='bbox 981 658 1083 685; x_wconf 76' lang='lat' dir='ltr'><strong>nostris</strong></span> <span class='ocrx_word' id='word_1_215' title='bbox 1093 657 1309 692; x_wconf 81' lang='lat' dir='ltr'><strong>proprietatibus</strong></span> <span class='ocrx_word' id='word_1_216' title='bbox 1321 662 1475 684; x_wconf 87' lang='lat' dir='ltr'><strong>manentem</strong></span> <span class='ocrx_word' id='word_1_217' title='bbox 1492 657 1594 691; x_wconf 77' lang='lat' dir='ltr'><strong>alioqui</strong></span> <span class='ocrx_word' id='word_1_218' title='bbox 1606 658 1767 684; x_wconf 88' lang='lat' dir='ltr'><strong>uobiscum:</strong></span> 
     </span>
    </p>
   </div>
   <div class='ocr_carea' id='block_1_31' title="bbox 982 702 1769 733">
    <p class='ocr_par' dir='ltr' id='par_1_31' title="bbox 982 702 1769 733">
     <span class='ocr_line' id='line_1_31' title="bbox 982 702 1769 733; baseline -0.003 -2"><span class='ocrx_word' id='word_1_219' title='bbox 982 712 1033 731; x_wconf 89' lang='lat' dir='ltr'><strong>nec</strong></span> <span class='ocrx_word' id='word_1_220' title='bbox 1047 708 1106 731; x_wconf 88' lang='lat' dir='ltr'><strong>erat</strong></span> <span class='ocrx_word' id='word_1_221' title='bbox 1121 703 1311 733; x_wconf 81' lang='lat' dir='ltr'><strong>humanitatis,</strong></span> <span class='ocrx_word' id='word_1_222' title='bbox 1328 702 1487 730; x_wconf 77' lang='lat' dir='ltr'><strong>afﬁnitatem</strong></span> <span class='ocrx_word' id='word_1_223' title='bbox 1502 703 1646 730; x_wconf 88' lang='lat' dir='ltr'><strong>nobiscum</strong></span> <span class='ocrx_word' id='word_1_224' title='bbox 1662 703 1769 730; x_wconf 83' lang='lat' dir='ltr'><strong>haben-</strong></span> 
     </span>
    </p>
   </div>
   <div class='ocr_carea' id='block_1_32' title="bbox 982 748 1769 782">
    <p class='ocr_par' dir='ltr' id='par_1_32' title="bbox 982 748 1769 782">
     <span class='ocr_line' id='line_1_32' title="bbox 982 748 1769 782; baseline -0.004 -5"><span class='ocrx_word' id='word_1_225' title='bbox 982 751 1038 782; x_wconf 89' lang='lat' dir='ltr'><strong>tis,</strong></span> <span class='ocrx_word' id='word_1_226' title='bbox 1065 749 1157 775; x_wconf 86' lang='lat' dir='ltr'><strong>delerc</strong></span> <span class='ocrx_word' id='word_1_227' title='bbox 1183 748 1392 775; x_wconf 85' lang='lat' dir='ltr'><strong>similitudinem</strong></span> <span class='ocrx_word' id='word_1_228' title='bbox 1413 748 1553 782; x_wconf 82' lang='lat' dir='ltr'><strong>patiendi,</strong></span> <span class='ocrx_word' id='word_1_229' title='bbox 1581 748 1634 775; x_wconf 90' lang='lat' dir='ltr'><strong>nisi</strong></span> <span class='ocrx_word' id='word_1_230' title='bbox 1652 749 1769 775; x_wconf 85' lang='lat' dir='ltr'><strong>velimus</strong></span> 
     </span>
    </p>
   </div>
   <div class='ocr_carea' id='block_1_33' title="bbox 980 788 1770 828">
    <p class='ocr_par' dir='ltr' id='par_1_33' title="bbox 980 788 1770 828">
     <span class='ocr_line' id='line_1_33' title="bbox 980 788 1770 828; baseline -0.003 -6"><span class='ocrx_word' id='word_1_231' title='bbox 980 795 1108 822; x_wconf 76' lang='lat' dir='ltr'><strong>excidere</strong></span> <span class='ocrx_word' id='word_1_232' title='bbox 1132 793 1166 820; x_wconf 86' lang='lat' dir='ltr'><strong>ab</strong></span> <span class='ocrx_word' id='word_1_233' title='bbox 1187 794 1247 828; x_wconf 84' lang='lat' dir='ltr'><strong>ejus</strong></span> <span class='ocrx_word' id='word_1_234' title='bbox 1274 793 1427 820; x_wconf 80' lang='lat' dir='ltr'><strong>imitatione</strong></span> <span class='ocrx_word' id='word_1_235' title='bbox 1449 798 1477 820; x_wconf 87' lang='lat' dir='ltr'><strong>et</strong></span> <span class='ocrx_word' id='word_1_236' title='bbox 1502 788 1694 820; x_wconf 73' lang='lat' dir='ltr'><strong>similitudine.</strong></span> <span class='ocrx_word' id='word_1_237' title='bbox 1713 793 1770 820; x_wconf 88' lang='lat' dir='ltr'><strong>Nec</strong></span> 
     </span>
    </p>
   </div>
   <div class='ocr_carea' id='block_1_34' title="bbox 982 837 1770 872">
    <p class='ocr_par' dir='ltr' id='par_1_34' title="bbox 982 837 1770 872">
     <span class='ocr_line' id='line_1_34' title="bbox 982 837 1770 872; baseline -0.003 -6"><span class='ocrx_word' id='word_1_238' title='bbox 982 847 1047 866; x_wconf 83' lang='lat' dir='ltr'><strong>vero</strong></span> <span class='ocrx_word' id='word_1_239' title='bbox 1061 847 1093 866; x_wconf 90' lang='lat' dir='ltr'><strong>ea</strong></span> <span class='ocrx_word' id='word_1_240' title='bbox 1108 846 1168 872; x_wconf 61' lang='lat' dir='ltr'><strong>quae</strong></span> <span class='ocrx_word' id='word_1_241' title='bbox 1183 837 1368 865; x_wconf 85' lang='lat' dir='ltr'><strong>communiter</strong></span> <span class='ocrx_word' id='word_1_242' title='bbox 1379 837 1444 871; x_wconf 80' lang='lat' dir='ltr'><strong>justi</strong></span> <span class='ocrx_word' id='word_1_243' title='bbox 1460 841 1488 864; x_wconf 90' lang='lat' dir='ltr'><strong>et</strong></span> <span class='ocrx_word' id='word_1_244' title='bbox 1502 838 1596 871; x_wconf 81' lang='lat' dir='ltr'><strong>iujus&#39;ti</strong></span> <span class='ocrx_word' id='word_1_245' title='bbox 1607 842 1668 871; x_wconf 90' lang='lat' dir='ltr'><strong>post</strong></span> <span class='ocrx_word' id='word_1_246' title='bbox 1677 845 1770 864; x_wconf 85' lang='lat' dir='ltr'><strong>resur-</strong></span> 
     </span>
    </p>
   </div>
   <div class='ocr_carea' id='block_1_35' title="bbox 981 882 1768 914">
    <p class='ocr_par' dir='ltr' id='par_1_35' title="bbox 981 882 1768 914">
     <span class='ocr_line' id='line_1_35' title="bbox 981 882 1768 914; baseline -0.004 -3"><span class='ocrx_word' id='word_1_247' title='bbox 981 885 1132 911; x_wconf 83' lang='lat' dir='ltr'><strong>rectionem</strong></span> <span class='ocrx_word' id='word_1_248' title='bbox 1148 883 1311 913; x_wconf 87' lang='lat' dir='ltr'><strong>habebunt,</strong></span> <span class='ocrx_word' id='word_1_249' title='bbox 1330 882 1564 909; x_wconf 83' lang='lat' dir='ltr'><strong>immortalitatem</strong></span> <span class='ocrx_word' id='word_1_250' title='bbox 1582 882 1655 914; x_wconf 88' lang='lat' dir='ltr'><strong>dico,</strong></span> <span class='ocrx_word' id='word_1_251' title='bbox 1671 886 1698 908; x_wconf 87' lang='lat' dir='ltr'><strong>et</strong></span> <span class='ocrx_word' id='word_1_252' title='bbox 1712 888 1768 908; x_wconf 91' lang='lat' dir='ltr'><strong>non</strong></span> 
     </span>
    </p>
   </div>
   <div class='ocr_carea' id='block_1_36' title="bbox 140 918 930 965">
    <p class='ocr_par' dir='ltr' id='par_1_36' title="bbox 140 926 928 963">
     <span class='ocr_line' id='line_1_36' title="bbox 140 926 928 963; baseline 0.003 -11"><span class='ocrx_word' id='word_1_253' title='bbox 140 927 193 962; x_wconf 78' lang='grc' dir='ltr'><strong>πρὸ</strong></span> <span class='ocrx_word' id='word_1_254' title='bbox 207 926 310 953; x_wconf 79' lang='grc' dir='ltr'>τούτων</span> <span class='ocrx_word' id='word_1_255' title='bbox 327 928 356 953; x_wconf 76' lang='grc' dir='ltr'>τὸ</span> <span class='ocrx_word' id='word_1_256' title='bbox 373 928 410 962; x_wconf 77' lang='grc' dir='ltr'>μὴ</span> <span class='ocrx_word' id='word_1_257' title='bbox 431 929 535 954; x_wconf 83' lang='grc' dir='ltr'>πεινεῐν</span> <span class='ocrx_word' id='word_1_258' title='bbox 549 929 596 954; x_wconf 77' lang='grc' dir='ltr'>καὶ</span> <span class='ocrx_word' id='word_1_259' title='bbox 611 928 697 959; x_wconf 75' lang='grc' dir='ltr'>διψεῖν</span> <span class='ocrx_word' id='word_1_260' title='bbox 710 927 759 963; x_wconf 86' lang='lat' dir='ltr'><strong>[ita</strong></span> <span class='ocrx_word' id='word_1_261' title='bbox 779 927 866 963; x_wconf 79' lang='lat' dir='ltr'><strong>cod.],</strong></span> <span class='ocrx_word' id='word_1_262' title='bbox 882 927 928 953; x_wconf 72' lang='grc' dir='ltr'><strong>καὶ</strong></span> 
     </span>
    </p>
   </div>
   <div class='ocr_carea' id='block_1_37' title="bbox 983 918 1767 965">
    <p class='ocr_par' dir='ltr' id='par_1_37' title="bbox 983 927 1767 965">
     <span class='ocr_line' id='line_1_37' title="bbox 983 927 1767 965; baseline -0.004 -8"><span class='ocrx_word' id='word_1_263' title='bbox 983 937 1063 965; x_wconf 86' lang='lat' dir='ltr'><strong>posse</strong></span> <span class='ocrx_word' id='word_1_264' title='bbox 1077 929 1217 956; x_wconf 89' lang='lat' dir='ltr'><strong>interitum</strong></span> <span class='ocrx_word' id='word_1_265' title='bbox 1241 935 1338 962; x_wconf 88' lang='lat' dir='ltr'><strong>capere</strong></span> <span class='ocrx_word' id='word_1_266' title='bbox 1349 948 1355 960; x_wconf 96' lang='lat'><strong>,</strong></span> <span class='ocrx_word' id='word_1_267' title='bbox 1372 933 1399 954; x_wconf 86' lang='lat' dir='ltr'><strong>ct</strong></span> <span class='ocrx_word' id='word_1_268' title='bbox 1420 927 1447 954; x_wconf 93' lang='lat' dir='ltr'><strong>in</strong></span> <span class='ocrx_word' id='word_1_269' title='bbox 1463 928 1561 962; x_wconf 84' lang='lat' dir='ltr'><strong>primis</strong></span> <span class='ocrx_word' id='word_1_270' title='bbox 1581 935 1636 954; x_wconf 90' lang='lat' dir='ltr'><strong>non</strong></span> <span class='ocrx_word' id='word_1_271' title='bbox 1651 927 1767 958; x_wconf 83' lang='lat' dir='ltr'><strong>esurire.</strong></span> 
     </span>
    </p>
   </div>
   <div class='ocr_carea' id='block_1_38' title="bbox 141 970 929 1007">
    <p class='ocr_par' dir='ltr' id='par_1_38' title="bbox 141 970 929 1007">
     <span class='ocr_line' id='line_1_38' title="bbox 141 970 929 1007; baseline 0.001 -11"><span class='ocrx_word' id='word_1_272' title='bbox 141 970 224 997; x_wconf 83' lang='grc' dir='ltr'>ὕπνου</span> <span class='ocrx_word' id='word_1_273' title='bbox 240 971 397 1006; x_wconf 76' lang='grc' dir='ltr'>ὀρέγεσθαι,</span> <span class='ocrx_word' id='word_1_274' title='bbox 413 972 451 1003; x_wconf 83' lang='grc' dir='ltr'>ὡς</span> <span class='ocrx_word' id='word_1_275' title='bbox 469 972 539 1006; x_wconf 71' lang='grc' dir='ltr'>μέγα</span> <span class='ocrx_word' id='word_1_276' title='bbox 556 981 582 998; x_wconf 76' lang='grc' dir='ltr'><strong>τι</strong></span> <span class='ocrx_word' id='word_1_277' title='bbox 599 973 780 1007; x_wconf 73' lang='grc' dir='ltr'><strong>προσρίπτειν</strong></span> <span class='ocrx_word' id='word_1_278' title='bbox 796 974 829 1007; x_wconf 84' lang='grc' dir='ltr'>τῇ</span> <span class='ocrx_word' id='word_1_279' title='bbox 846 972 929 1006; x_wconf 75' lang='grc' dir='ltr'>σαρκὶ</span> 
     </span>
    </p>
   </div>
   <div class='ocr_carea' id='block_1_39' title="bbox 139 1014 928 1052">
    <p class='ocr_par' dir='ltr' id='par_1_39' title="bbox 139 1014 928 1052">
     <span class='ocr_line' id='line_1_39' title="bbox 139 1014 928 1052; baseline 0.001 -10"><span class='ocrx_word' id='word_1_280' title='bbox 139 1017 187 1042; x_wconf 86' lang='grc' dir='ltr'>τοῦ</span> <span class='ocrx_word' id='word_1_281' title='bbox 208 1017 322 1052; x_wconf 85' lang='grc' dir='ltr'>Κυρίου.</span> <span class='ocrx_word' id='word_1_282' title='bbox 338 1014 401 1043; x_wconf 78' lang='grc' dir='ltr'>Ὧδε</span> <span class='ocrx_word' id='word_1_283' title='bbox 426 1017 481 1052; x_wconf 75' lang='grc' dir='ltr'>γὰρ</span> <span class='ocrx_word' id='word_1_284' title='bbox 497 1017 572 1043; x_wconf 81' lang='grc' dir='ltr'>ἔστιν</span> <span class='ocrx_word' id='word_1_285' title='bbox 596 1018 703 1052; x_wconf 74' lang='grc' dir='ltr'>ἀληθῶς</span> <span class='ocrx_word' id='word_1_286' title='bbox 727 1019 824 1049; x_wconf 79' lang='grc' dir='ltr'>εἰπεῖν,</span> <span class='ocrx_word' id='word_1_287' title='bbox 847 1018 888 1044; x_wconf 79' lang='grc' dir='ltr'>ὅτι</span> <span class='ocrx_word' id='word_1_288' title='bbox 912 1018 928 1052; x_wconf 87' lang='grc' dir='ltr'>ἡ</span> 
     </span>
    </p>
   </div>
   <div class='ocr_carea' id='block_1_40' title="bbox 139 1061 929 1098">
    <p class='ocr_par' dir='ltr' id='par_1_40' title="bbox 139 1061 929 1098">
     <span class='ocr_line' id='line_1_40' title="bbox 139 1061 929 1098; baseline 0.004 -12"><span class='ocrx_word' id='word_1_289' title='bbox 139 1061 204 1092; x_wconf 80' lang='grc' dir='ltr'>δόξα</span> <span class='ocrx_word' id='word_1_290' title='bbox 219 1062 247 1087; x_wconf 82' lang='grc' dir='ltr'>ἐν</span> <span class='ocrx_word' id='word_1_291' title='bbox 263 1063 293 1096; x_wconf 86' lang='grc' dir='ltr'>τῇ</span> <span class='ocrx_word' id='word_1_292' title='bbox 312 1062 428 1097; x_wconf 73' lang='grc' dir='ltr'>αἰσχύνῃ</span> <span class='ocrx_word' id='word_1_293' title='bbox 447 1066 500 1088; x_wconf 77' lang='grc' dir='ltr'><strong>τῶν</strong></span> <span class='ocrx_word' id='word_1_294' title='bbox 518 1062 563 1090; x_wconf 71' lang='grc' dir='ltr'>διὰ</span> <span class='ocrx_word' id='word_1_295' title='bbox 579 1063 661 1098; x_wconf 78' lang='grc' dir='ltr'>τιμῆς</span> <span class='ocrx_word' id='word_1_296' title='bbox 679 1064 866 1098; x_wconf 75' lang='grc' dir='ltr'>ἀτιμαζὸντων</span> <span class='ocrx_word' id='word_1_297' title='bbox 882 1065 929 1089; x_wconf 72' lang='grc' dir='ltr'><strong>καὶ</strong></span> 
     </span>
    </p>
   </div>
   <div class='ocr_carea' id='block_1_41' title="bbox 141 1107 929 1145">
    <p class='ocr_par' dir='ltr' id='par_1_41' title="bbox 141 1107 929 1145">
     <span class='ocr_line' id='line_1_41' title="bbox 141 1107 929 1145; baseline 0.004 -12"><span class='ocrx_word' id='word_1_298' title='bbox 141 1108 215 1142; x_wconf 76' lang='grc' dir='ltr'><strong>ἡμᾶς</strong></span> <span class='ocrx_word' id='word_1_299' title='bbox 239 1107 285 1134; x_wconf 67' lang='grc' dir='ltr'><strong>καὶ</strong></span> <span class='ocrx_word' id='word_1_300' title='bbox 305 1108 354 1142; x_wconf 81' lang='grc' dir='ltr'><strong>τὴν</strong></span> <span class='ocrx_word' id='word_1_301' title='bbox 377 1109 425 1134; x_wconf 81' lang='grc' dir='ltr'>τοῦ</span> <span class='ocrx_word' id='word_1_302' title='bbox 443 1110 546 1144; x_wconf 83' lang='grc' dir='ltr'>Κυρίου</span> <span class='ocrx_word' id='word_1_303' title='bbox 567 1110 667 1144; x_wconf 83' lang='grc' dir='ltr'>σάρκα,</span> <span class='ocrx_word' id='word_1_304' title='bbox 682 1110 731 1144; x_wconf 79' lang='grc' dir='ltr'>τὴν</span> <span class='ocrx_word' id='word_1_305' title='bbox 749 1110 798 1145; x_wconf 76' lang='grc' dir='ltr'>μὲν</span> <span class='ocrx_word' id='word_1_306' title='bbox 815 1112 848 1145; x_wconf 79' lang='grc' dir='ltr'>τῇ</span> <span class='ocrx_word' id='word_1_307' title='bbox 867 1119 929 1136; x_wconf 90' lang='grc' dir='ltr'>στε-</span> 
     </span>
    </p>
   </div>
   <div class='ocr_carea' id='block_1_42' title="bbox 143 1150 928 1189">
    <p class='ocr_par' dir='ltr' id='par_1_42' title="bbox 143 1150 928 1189">
     <span class='ocr_line' id='line_1_42' title="bbox 143 1150 928 1189; baseline 0.006 -13"><span class='ocrx_word' id='word_1_308' title='bbox 143 1150 220 1185; x_wconf 78' lang='grc' dir='ltr'>ρήσει</span> <span class='ocrx_word' id='word_1_309' title='bbox 241 1151 294 1177; x_wconf 79' lang='grc' dir='ltr'>τῶν</span> <span class='ocrx_word' id='word_1_310' title='bbox 310 1152 463 1187; x_wconf 81' lang='grc' dir='ltr'>ἡμετέρων,</span> <span class='ocrx_word' id='word_1_311' title='bbox 481 1154 554 1188; x_wconf 77' lang='grc' dir='ltr'><strong>ἡμᾶς</strong></span> <span class='ocrx_word' id='word_1_312' title='bbox 578 1155 606 1180; x_wconf 74' lang='grc' dir='ltr'>δὲ</span> <span class='ocrx_word' id='word_1_313' title='bbox 631 1156 663 1189; x_wconf 77' lang='grc' dir='ltr'>τῇ</span> <span class='ocrx_word' id='word_1_314' title='bbox 690 1155 849 1181; x_wconf 77' lang='grc' dir='ltr'>ἁποπτώσει</span> <span class='ocrx_word' id='word_1_315' title='bbox 873 1155 928 1181; x_wconf 82' lang='grc' dir='ltr'>τῶν</span> 
     </span>
    </p>
   </div>
   <div class='ocr_carea' id='block_1_43' title="bbox 141 1197 930 1236">
    <p class='ocr_par' dir='ltr' id='par_1_43' title="bbox 141 1197 930 1236">
     <span class='ocr_line' id='line_1_43' title="bbox 141 1197 930 1236; baseline 0.008 -14"><span class='ocrx_word' id='word_1_316' title='bbox 141 1197 188 1223; x_wconf 74' lang='grc' dir='ltr'><strong>ἀπ’</strong></span> <span class='ocrx_word' id='word_1_317' title='bbox 205 1198 322 1231; x_wconf 74' lang='grc' dir='ltr'>ἐκείνης·</span> <span class='ocrx_word' id='word_1_318' title='bbox 339 1198 370 1224; x_wconf 82' lang='grc' dir='ltr'><strong>οὑ</strong></span> <span class='ocrx_word' id='word_1_319' title='bbox 392 1199 445 1233; x_wconf 85' lang='grc' dir='ltr'>γὰρ</span> <span class='ocrx_word' id='word_1_320' title='bbox 463 1200 571 1233; x_wconf 79' lang='grc' dir='ltr'>δοξάσει</span> <span class='ocrx_word' id='word_1_321' title='bbox 587 1200 624 1236; x_wconf 84' lang='grc' dir='ltr'><strong>μὴ</strong></span> <span class='ocrx_word' id='word_1_322' title='bbox 643 1201 835 1235; x_wconf 76' lang='grc' dir='ltr'>συμπαοοῡσα,</span> <span class='ocrx_word' id='word_1_323' title='bbox 856 1203 871 1236; x_wconf 83' lang='grc' dir='ltr'><strong>ὴ</strong></span> <span class='ocrx_word' id='word_1_324' title='bbox 887 1202 930 1228; x_wconf 73' lang='grc' dir='ltr'><strong>διὰ</strong></span> 
     </span>
    </p>
   </div>
   <div class='ocr_carea' id='block_1_44' title="bbox 140 1242 480 1277">
    <p class='ocr_par' dir='ltr' id='par_1_44' title="bbox 140 1242 480 1277">
     <span class='ocr_line' id='line_1_44' title="bbox 140 1242 480 1277; baseline 0.006 -7"><span class='ocrx_word' id='word_1_325' title='bbox 140 1242 188 1270; x_wconf 79' lang='grc' dir='ltr'>τοῦ</span> <span class='ocrx_word' id='word_1_326' title='bbox 204 1242 300 1270; x_wconf 83' lang='grc' dir='ltr'>παθεῖν</span> <span class='ocrx_word' id='word_1_327' title='bbox 321 1243 480 1277; x_wconf 76' lang='grc' dir='ltr'>δοξάζουσα.</span> 
     </span>
    </p>
   </div>
   <div class='ocr_carea' id='block_1_45' title="bbox 178 1398 931 1435">
    <p class='ocr_par' dir='ltr' id='par_1_45' title="bbox 178 1398 931 1435">
     <span class='ocr_line' id='line_1_45' title="bbox 178 1398 931 1435; baseline 0.004 -10"><span class='ocrx_word' id='word_1_328' title='bbox 178 1399 209 1425; x_wconf 77' lang='grc' dir='ltr'><strong>Α.</strong></span> <span class='ocrx_word' id='word_1_329' title='bbox 234 1398 299 1425; x_wconf 78' lang='grc' dir='ltr'>Ἰδοὺ</span> <span class='ocrx_word' id='word_1_330' title='bbox 311 1399 343 1433; x_wconf 82' lang='grc' dir='ltr'>δὴ</span> <span class='ocrx_word' id='word_1_331' title='bbox 357 1399 414 1430; x_wconf 77' lang='grc' dir='ltr'>νῦν,</span> <span class='ocrx_word' id='word_1_332' title='bbox 433 1399 486 1433; x_wconf 83' lang='grc' dir='ltr'><strong>ἔφη</strong></span> <span class='ocrx_word' id='word_1_333' title='bbox 499 1420 506 1432; x_wconf 82' lang='grc'>,</span> <span class='ocrx_word' id='word_1_334' title='bbox 523 1400 570 1425; x_wconf 67' lang='grc' dir='ltr'><strong>καὶ</strong></span> <span class='ocrx_word' id='word_1_335' title='bbox 588 1400 625 1435; x_wconf 79' lang='grc' dir='ltr'><strong>μὴ</strong></span> <span class='ocrx_word' id='word_1_336' title='bbox 644 1400 820 1435; x_wconf 83' lang='grc' dir='ltr'>βουλόμενος,</span> <span class='ocrx_word' id='word_1_337' title='bbox 838 1401 931 1428; x_wconf 78' lang='grc' dir='ltr'>ἀπεδι-</span> 
     </span>
    </p>
   </div>
   <div class='ocr_carea' id='block_1_46' title="bbox 143 1445 929 1483">
    <p class='ocr_par' dir='ltr' id='par_1_46' title="bbox 143 1445 929 1483">
     <span class='ocr_line' id='line_1_46' title="bbox 143 1445 929 1483; baseline 0.005 -13"><span class='ocrx_word' id='word_1_338' title='bbox 143 1445 254 1471; x_wconf 79' lang='grc' dir='ltr'>εστείλω</span> <span class='ocrx_word' id='word_1_339' title='bbox 264 1445 310 1471; x_wconf 80' lang='grc' dir='ltr'>τοῦ</span> <span class='ocrx_word' id='word_1_340' title='bbox 328 1445 450 1480; x_wconf 79' lang='grc' dir='ltr'>παθητοῦ</span> <span class='ocrx_word' id='word_1_341' title='bbox 473 1445 502 1471; x_wconf 78' lang='grc' dir='ltr'><strong>τὸ</strong></span> <span class='ocrx_word' id='word_1_342' title='bbox 521 1446 650 1480; x_wconf 80' lang='grc' dir='ltr'>φθαρτόν·</span> <span class='ocrx_word' id='word_1_343' title='bbox 671 1447 770 1480; x_wconf 83' lang='grc' dir='ltr'>πάσχει</span> <span class='ocrx_word' id='word_1_344' title='bbox 785 1447 840 1482; x_wconf 71' lang='grc' dir='ltr'>γὰρ</span> <span class='ocrx_word' id='word_1_345' title='bbox 855 1448 883 1474; x_wconf 74' lang='grc' dir='ltr'>ἐν</span> <span class='ocrx_word' id='word_1_346' title='bbox 898 1449 929 1483; x_wconf 88' lang='grc' dir='ltr'>τῇ</span> 
     </span>
    </p>
   </div>
   <div class='ocr_carea' id='block_1_47' title="bbox 143 1490 930 1527">
    <p class='ocr_par' dir='ltr' id='par_1_47' title="bbox 143 1490 930 1527">
     <span class='ocr_line' id='line_1_47' title="bbox 143 1490 930 1527; baseline 0.003 -11"><span class='ocrx_word' id='word_1_347' title='bbox 143 1490 253 1517; x_wconf 80' lang='grc' dir='ltr'>κολάσει</span> <span class='ocrx_word' id='word_1_348' title='bbox 268 1490 302 1517; x_wconf 83' lang='grc' dir='ltr'>τὰ</span> <span class='ocrx_word' id='word_1_349' title='bbox 317 1490 431 1526; x_wconf 85' lang='grc' dir='ltr'>σώματα</span> <span class='ocrx_word' id='word_1_350' title='bbox 447 1491 502 1517; x_wconf 86' lang='grc' dir='ltr'>τῶν</span> <span class='ocrx_word' id='word_1_351' title='bbox 521 1492 691 1526; x_wconf 76' lang='grc' dir='ltr'>ἁμαρτωλῶν</span> <span class='ocrx_word' id='word_1_352' title='bbox 710 1492 757 1518; x_wconf 74' lang='grc' dir='ltr'><strong>σὺν</strong></span> <span class='ocrx_word' id='word_1_353' title='bbox 770 1493 865 1524; x_wconf 73' lang='grc' dir='ltr'>αὑταῖς</span> <span class='ocrx_word' id='word_1_354' title='bbox 878 1493 930 1527; x_wconf 68' lang='grc' dir='ltr'><strong>ψυ-</strong></span> 
     </span>
    </p>
   </div>
   <div class='ocr_carea' id='block_1_48' title="bbox 143 1537 932 1574">
    <p class='ocr_par' dir='ltr' id='par_1_48' title="bbox 143 1537 932 1574">
     <span class='ocr_line' id='line_1_48' title="bbox 143 1537 932 1574; baseline 0.004 -12"><span class='ocrx_word' id='word_1_355' title='bbox 143 1545 215 1571; x_wconf 84' lang='grc' dir='ltr'>χαις,</span> <span class='ocrx_word' id='word_1_356' title='bbox 232 1537 262 1563; x_wconf 90' lang='grc' dir='ltr'>οὺ</span> <span class='ocrx_word' id='word_1_357' title='bbox 278 1537 310 1572; x_wconf 73' lang='grc' dir='ltr'>δή</span> <span class='ocrx_word' id='word_1_358' title='bbox 332 1546 384 1563; x_wconf 81' lang='grc' dir='ltr'><strong>που</strong></span> <span class='ocrx_word' id='word_1_359' title='bbox 407 1537 436 1564; x_wconf 80' lang='grc' dir='ltr'>δὲ</span> <span class='ocrx_word' id='word_1_360' title='bbox 454 1539 500 1563; x_wconf 74' lang='grc' dir='ltr'><strong>καὶ</strong></span> <span class='ocrx_word' id='word_1_361' title='bbox 523 1538 663 1573; x_wconf 76' lang='grc' dir='ltr'>πάσχοντα</span> <span class='ocrx_word' id='word_1_362' title='bbox 681 1538 789 1574; x_wconf 79' lang='grc' dir='ltr'>θανάτῳ</span> <span class='ocrx_word' id='word_1_363' title='bbox 803 1539 820 1574; x_wconf 83' lang='grc' dir='ltr'>ἦ</span> <span class='ocrx_word' id='word_1_364' title='bbox 843 1539 932 1574; x_wconf 76' lang='grc' dir='ltr'>φθορᾷ</span> 
     </span>
    </p>
   </div>
   <div class='ocr_carea' id='block_1_49' title="bbox 981 972 1769 1008">
    <p class='ocr_par' dir='ltr' id='par_1_49' title="bbox 981 972 1769 1008">
     <span class='ocr_line' id='line_1_49' title="bbox 981 972 1769 1008; baseline -0.004 -5"><span class='ocrx_word' id='word_1_365' title='bbox 981 984 1036 1003; x_wconf 89' lang='lat' dir='ltr'><strong>non</strong></span> <span class='ocrx_word' id='word_1_366' title='bbox 1051 975 1138 1006; x_wconf 89' lang='lat' dir='ltr'><strong>sitire,</strong></span> <span class='ocrx_word' id='word_1_367' title='bbox 1152 982 1208 1000; x_wconf 91' lang='lat' dir='ltr'><strong>non</strong></span> <span class='ocrx_word' id='word_1_368' title='bbox 1227 977 1356 1008; x_wconf 78' lang='lat' dir='ltr'><strong>expetere</strong></span> <span class='ocrx_word' id='word_1_369' title='bbox 1367 980 1506 1004; x_wconf 90' lang='lat' dir='ltr'><strong>somnum,</strong></span> <span class='ocrx_word' id='word_1_370' title='bbox 1517 977 1646 1007; x_wconf 87' lang='lat' dir='ltr'><strong>tanquam</strong></span> <span class='ocrx_word' id='word_1_371' title='bbox 1665 972 1769 1007; x_wconf 81' lang='lat' dir='ltr'><strong>grande</strong></span> 
     </span>
    </p>
   </div>
   <div class='ocr_carea' id='block_1_50' title="bbox 980 1019 1768 1056">
    <p class='ocr_par' dir='ltr' id='par_1_50' title="bbox 980 1019 1768 1056">
     <span class='ocr_line' id='line_1_50' title="bbox 980 1019 1768 1056; baseline -0.005 -8"><span class='ocrx_word' id='word_1_372' title='bbox 980 1021 1083 1056; x_wconf 85' lang='lat' dir='ltr'><strong>aliquid</strong></span> <span class='ocrx_word' id='word_1_373' title='bbox 1099 1020 1175 1047; x_wconf 87' lang='lat' dir='ltr'><strong>carni</strong></span> <span class='ocrx_word' id='word_1_374' title='bbox 1199 1019 1301 1054; x_wconf 84' lang='lat' dir='ltr'><strong>Christi</strong></span> <span class='ocrx_word' id='word_1_375' title='bbox 1327 1019 1515 1053; x_wconf 81' lang='lat' dir='ltr'><strong>projiciamus.</strong></span> <span class='ocrx_word' id='word_1_376' title='bbox 1535 1019 1583 1045; x_wconf 88' lang='lat' dir='ltr'><strong>Hic</strong></span> <span class='ocrx_word' id='word_1_377' title='bbox 1607 1019 1680 1045; x_wconf 88' lang='lat' dir='ltr'><strong>enim</strong></span> <span class='ocrx_word' id='word_1_378' title='bbox 1705 1026 1768 1045; x_wconf 83' lang='lat' dir='ltr'><strong>vero</strong></span> 
     </span>
    </p>
   </div>
   <div class='ocr_carea' id='block_1_51' title="bbox 980 1063 1769 1101">
    <p class='ocr_par' dir='ltr' id='par_1_51' title="bbox 980 1063 1769 1101">
     <span class='ocr_line' id='line_1_51' title="bbox 980 1063 1769 1101; baseline -0.004 -8"><span class='ocrx_word' id='word_1_379' title='bbox 980 1067 1033 1094; x_wconf 91' lang='lat' dir='ltr'><strong>dici</strong></span> <span class='ocrx_word' id='word_1_380' title='bbox 1051 1070 1151 1101; x_wconf 84' lang='lat' dir='ltr'><strong>potest,</strong></span> <span class='ocrx_word' id='word_1_381' title='bbox 1167 1065 1253 1100; x_wconf 79' lang='lat' dir='ltr'><strong>gloria</strong></span> <span class='ocrx_word' id='word_1_382' title='bbox 1280 1065 1307 1091; x_wconf 92' lang='lat' dir='ltr'><strong>in</strong></span> <span class='ocrx_word' id='word_1_383' title='bbox 1334 1063 1496 1091; x_wconf 84' lang='lat' dir='ltr'><strong>confusione</strong></span> <span class='ocrx_word' id='word_1_384' title='bbox 1510 1072 1625 1095; x_wconf 87' lang='lat' dir='ltr'><strong>eorum,</strong></span> <span class='ocrx_word' id='word_1_385' title='bbox 1651 1065 1698 1098; x_wconf 88' lang='lat' dir='ltr'><strong>qui</strong></span> <span class='ocrx_word' id='word_1_386' title='bbox 1720 1071 1769 1098; x_wconf 86' lang='lat' dir='ltr'><strong>per</strong></span> 
     </span>
    </p>
   </div>
   <div class='ocr_carea' id='block_1_52' title="bbox 980 1111 1766 1140">
    <p class='ocr_par' dir='ltr' id='par_1_52' title="bbox 980 1111 1766 1140">
     <span class='ocr_line' id='line_1_52' title="bbox 980 1111 1766 1140; baseline -0.004 -1"><span class='ocrx_word' id='word_1_387' title='bbox 980 1113 1114 1140; x_wconf 90' lang='lat' dir='ltr'><strong>honorem</strong></span> <span class='ocrx_word' id='word_1_388' title='bbox 1138 1116 1166 1138; x_wconf 86' lang='lat' dir='ltr'><strong>et</strong></span> <span class='ocrx_word' id='word_1_389' title='bbox 1194 1119 1243 1138; x_wconf 84' lang='lat' dir='ltr'><strong>nos</strong></span> <span class='ocrx_word' id='word_1_390' title='bbox 1273 1115 1301 1137; x_wconf 87' lang='lat' dir='ltr'><strong>ct</strong></span> <span class='ocrx_word' id='word_1_391' title='bbox 1324 1118 1434 1137; x_wconf 91' lang='lat' dir='ltr'><strong>carnem</strong></span> <span class='ocrx_word' id='word_1_392' title='bbox 1452 1111 1561 1137; x_wconf 90' lang='lat' dir='ltr'><strong>Domini</strong></span> <span class='ocrx_word' id='word_1_393' title='bbox 1579 1111 1766 1137; x_wconf 84' lang='lat' dir='ltr'><strong>inhonorant:</strong></span> 
     </span>
    </p>
   </div>
   <div class='ocr_carea' id='block_1_53' title="bbox 980 1155 1767 1191">
    <p class='ocr_par' dir='ltr' id='par_1_53' title="bbox 980 1155 1767 1191">
     <span class='ocr_line' id='line_1_53' title="bbox 980 1155 1767 1191; baseline -0.006 -5"><span class='ocrx_word' id='word_1_394' title='bbox 980 1166 1092 1186; x_wconf 83' lang='lat' dir='ltr'><strong>carnem</strong></span> <span class='ocrx_word' id='word_1_395' title='bbox 1106 1157 1161 1191; x_wconf 79' lang='grc'><strong>(55)</strong></span> <span class='ocrx_word' id='word_1_396' title='bbox 1182 1156 1294 1191; x_wconf 89' lang='lat' dir='ltr'><strong>quidem</strong></span> <span class='ocrx_word' id='word_1_397' title='bbox 1306 1156 1425 1186; x_wconf 88' lang='lat' dir='ltr'><strong>Domini,</strong></span> <span class='ocrx_word' id='word_1_398' title='bbox 1439 1163 1500 1183; x_wconf 92' lang='lat' dir='ltr'><strong>cum</strong></span> <span class='ocrx_word' id='word_1_399' title='bbox 1519 1164 1578 1182; x_wconf 88' lang='lat' dir='ltr'><strong>cam</strong></span> <span class='ocrx_word' id='word_1_400' title='bbox 1599 1155 1633 1182; x_wconf 87' lang='lat' dir='ltr'><strong>tis</strong></span> <span class='ocrx_word' id='word_1_401' title='bbox 1646 1163 1705 1190; x_wconf 67' lang='lat' dir='ltr'><strong>qua:</strong></span> <span class='ocrx_word' id='word_1_402' title='bbox 1716 1163 1767 1182; x_wconf 88' lang='lat' dir='ltr'><strong>no-</strong></span> 
     </span>
    </p>
   </div>
   <div class='ocr_carea' id='block_1_54' title="bbox 981 1201 1767 1236">
    <p class='ocr_par' dir='ltr' id='par_1_54' title="bbox 981 1201 1767 1236">
     <span class='ocr_line' id='line_1_54' title="bbox 981 1201 1767 1236; baseline -0.004 -6"><span class='ocrx_word' id='word_1_403' title='bbox 981 1209 1037 1231; x_wconf 87' lang='lat' dir='ltr'><strong>stra</strong></span> <span class='ocrx_word' id='word_1_404' title='bbox 1056 1208 1130 1234; x_wconf 88' lang='lat' dir='ltr'><strong>sunt,</strong></span> <span class='ocrx_word' id='word_1_405' title='bbox 1148 1202 1275 1236; x_wconf 77' lang='lat' dir='ltr'><strong>privarit:</strong></span> <span class='ocrx_word' id='word_1_406' title='bbox 1294 1209 1345 1228; x_wconf 86' lang='lat' dir='ltr'><strong>nos</strong></span> <span class='ocrx_word' id='word_1_407' title='bbox 1360 1209 1436 1234; x_wconf 83' lang='lat' dir='ltr'><strong>vero,</strong></span> <span class='ocrx_word' id='word_1_408' title='bbox 1463 1209 1525 1228; x_wconf 88' lang='lat' dir='ltr'><strong>cum</strong></span> <span class='ocrx_word' id='word_1_409' title='bbox 1550 1201 1663 1233; x_wconf 86' lang='lat' dir='ltr'><strong>faciunt,</strong></span> <span class='ocrx_word' id='word_1_410' title='bbox 1686 1205 1716 1227; x_wconf 85' lang='lat' dir='ltr'><strong>ut</strong></span> <span class='ocrx_word' id='word_1_411' title='bbox 1734 1201 1767 1228; x_wconf 82' lang='lat' dir='ltr'><strong>ab</strong></span> 
     </span>
    </p>
   </div>
   <div class='ocr_carea' id='block_1_55' title="bbox 981 1246 1768 1283">
    <p class='ocr_par' dir='ltr' id='par_1_55' title="bbox 981 1246 1768 1283">
     <span class='ocr_line' id='line_1_55' title="bbox 981 1246 1768 1283; baseline -0.005 -7"><span class='ocrx_word' id='word_1_412' title='bbox 981 1250 1012 1276; x_wconf 87' lang='lat' dir='ltr'><strong>iis</strong></span> <span class='ocrx_word' id='word_1_413' title='bbox 1031 1256 1091 1283; x_wconf 70' lang='lat' dir='ltr'><strong>qua:</strong></span> <span class='ocrx_word' id='word_1_414' title='bbox 1105 1248 1196 1274; x_wconf 85' lang='lat' dir='ltr'><strong>carnis</strong></span> <span class='ocrx_word' id='word_1_415' title='bbox 1207 1247 1315 1274; x_wconf 89' lang='lat' dir='ltr'><strong>Domini</strong></span> <span class='ocrx_word' id='word_1_416' title='bbox 1333 1252 1408 1277; x_wconf 76' lang='lat' dir='ltr'><strong>sunt.</strong></span> <span class='ocrx_word' id='word_1_417' title='bbox 1421 1247 1582 1274; x_wconf 82' lang='lat' dir='ltr'><strong>excidamus</strong></span> <span class='ocrx_word' id='word_1_418' title='bbox 1596 1255 1601 1272; x_wconf 91' lang='lat'>:</span> <span class='ocrx_word' id='word_1_419' title='bbox 1618 1254 1673 1272; x_wconf 93' lang='lat' dir='ltr'><strong>non</strong></span> <span class='ocrx_word' id='word_1_420' title='bbox 1694 1246 1768 1272; x_wconf 89' lang='lat' dir='ltr'><strong>enim</strong></span> 
     </span>
    </p>
   </div>
   <div class='ocr_carea' id='block_1_56' title="bbox 981 1294 1768 1331">
    <p class='ocr_par' dir='ltr' id='par_1_56' title="bbox 981 1294 1768 1331">
     <span class='ocr_line' id='line_1_56' title="bbox 981 1294 1768 1331; baseline -0.003 -9"><span class='ocrx_word' id='word_1_421' title='bbox 981 1296 1145 1331; x_wconf 78' lang='lat' dir='ltr'><strong>glorificabit</strong></span> <span class='ocrx_word' id='word_1_422' title='bbox 1166 1303 1221 1322; x_wconf 91' lang='lat' dir='ltr'><strong>non</strong></span> <span class='ocrx_word' id='word_1_423' title='bbox 1244 1295 1415 1331; x_wconf 84' lang='lat' dir='ltr'><strong>compatiens</strong></span> <span class='ocrx_word' id='word_1_424' title='bbox 1428 1316 1435 1326; x_wconf 84' lang='lat'><strong>,</strong></span> <span class='ocrx_word' id='word_1_425' title='bbox 1453 1303 1513 1329; x_wconf 72' lang='lat' dir='ltr'><strong>qure</strong></span> <span class='ocrx_word' id='word_1_426' title='bbox 1542 1302 1590 1329; x_wconf 85' lang='lat' dir='ltr'><strong>per</strong></span> <span class='ocrx_word' id='word_1_427' title='bbox 1611 1294 1768 1329; x_wconf 84' lang='lat' dir='ltr'><strong>passionem</strong></span> 
     </span>
    </p>
   </div>
   <div class='ocr_carea' id='block_1_57' title="bbox 981 1341 1137 1378">
    <p class='ocr_par' dir='ltr' id='par_1_57' title="bbox 981 1341 1137 1378">
     <span class='ocr_line' id='line_1_57' title="bbox 981 1341 1137 1378; baseline 0 -10"><span class='ocrx_word' id='word_1_428' title='bbox 981 1341 1137 1378; x_wconf 36' lang='lat' dir='ltr'><strong>gloriﬁcat.‘</strong></span> 
     </span>
    </p>
   </div>
   <div class='ocr_carea' id='block_1_58' title="bbox 1017 1408 1768 1444">
    <p class='ocr_par' dir='ltr' id='par_1_58' title="bbox 1017 1408 1768 1444">
     <span class='ocr_line' id='line_1_58' title="bbox 1017 1408 1768 1444; baseline -0.005 -7"><span class='ocrx_word' id='word_1_429' title='bbox 1017 1411 1049 1438; x_wconf 83' lang='lat' dir='ltr'><strong>ll.</strong></span> <span class='ocrx_word' id='word_1_430' title='bbox 1067 1411 1106 1437; x_wconf 81' lang='lat' dir='ltr'><strong>En</strong></span> <span class='ocrx_word' id='word_1_431' title='bbox 1122 1418 1205 1442; x_wconf 88' lang='lat' dir='ltr'><strong>nunc,</strong></span> <span class='ocrx_word' id='word_1_432' title='bbox 1231 1409 1331 1444; x_wconf 85' lang='lat' dir='ltr'><strong>inquit,</strong></span> <span class='ocrx_word' id='word_1_433' title='bbox 1356 1410 1455 1436; x_wconf 84' lang='lat' dir='ltr'><strong>nolens</strong></span> <span class='ocrx_word' id='word_1_434' title='bbox 1468 1408 1617 1436; x_wconf 80' lang='lat' dir='ltr'><strong>disliuxisti</strong></span> <span class='ocrx_word' id='word_1_435' title='bbox 1632 1408 1768 1441; x_wconf 90' lang='lat' dir='ltr'><strong>corrupti-</strong></span> 
     </span>
    </p>
   </div>
   <div class='ocr_carea' id='block_1_59' title="bbox 983 1453 1770 1491">
    <p class='ocr_par' dir='ltr' id='par_1_59' title="bbox 983 1453 1770 1491">
     <span class='ocr_line' id='line_1_59' title="bbox 983 1453 1770 1491; baseline -0.005 -8"><span class='ocrx_word' id='word_1_436' title='bbox 983 1457 1037 1483; x_wconf 87' lang='lat' dir='ltr'><strong>bilc</strong></span> <span class='ocrx_word' id='word_1_437' title='bbox 1053 1465 1067 1483; x_wconf 90' lang='lat' dir='ltr'><strong>a</strong></span> <span class='ocrx_word' id='word_1_438' title='bbox 1082 1456 1204 1491; x_wconf 85' lang='lat' dir='ltr'><strong>passibili</strong></span> <span class='ocrx_word' id='word_1_439' title='bbox 1222 1465 1229 1482; x_wconf 72' lang='grc' dir='ltr'><strong>ι</strong></span> <span class='ocrx_word' id='word_1_440' title='bbox 1245 1455 1388 1490; x_wconf 85' lang='lat' dir='ltr'><strong>patiuntur</strong></span> <span class='ocrx_word' id='word_1_441' title='bbox 1403 1455 1475 1481; x_wconf 89' lang='lat' dir='ltr'><strong>enim</strong></span> <span class='ocrx_word' id='word_1_442' title='bbox 1489 1454 1516 1481; x_wconf 91' lang='lat' dir='ltr'><strong>in</strong></span> <span class='ocrx_word' id='word_1_443' title='bbox 1532 1453 1656 1481; x_wconf 89' lang='lat' dir='ltr'><strong>cruciatu</strong></span> <span class='ocrx_word' id='word_1_444' title='bbox 1671 1460 1770 1487; x_wconf 86' lang='lat' dir='ltr'><strong>corpo-</strong></span> 
     </span>
    </p>
   </div>
   <div class='ocr_carea' id='block_1_60' title="bbox 983 1499 1769 1535">
    <p class='ocr_par' dir='ltr' id='par_1_60' title="bbox 983 1499 1769 1535">
     <span class='ocr_line' id='line_1_60' title="bbox 983 1499 1769 1535; baseline -0.005 -7"><span class='ocrx_word' id='word_1_445' title='bbox 983 1510 1011 1528; x_wconf 86' lang='lat' dir='ltr'><strong>ra</strong></span> <span class='ocrx_word' id='word_1_446' title='bbox 1029 1507 1203 1535; x_wconf 81' lang='lat' dir='ltr'><strong>peccatorum</strong></span> <span class='ocrx_word' id='word_1_447' title='bbox 1226 1508 1288 1527; x_wconf 88' lang='lat' dir='ltr'><strong>cum</strong></span> <span class='ocrx_word' id='word_1_448' title='bbox 1304 1499 1370 1534; x_wconf 89' lang='lat' dir='ltr'><strong>ipsis</strong></span> <span class='ocrx_word' id='word_1_449' title='bbox 1388 1500 1504 1532; x_wconf 85' lang='lat' dir='ltr'><strong>animis;</strong></span> <span class='ocrx_word' id='word_1_450' title='bbox 1531 1507 1586 1525; x_wconf 91' lang='lat' dir='ltr'><strong>non</strong></span> <span class='ocrx_word' id='word_1_451' title='bbox 1608 1503 1697 1524; x_wconf 87' lang='lat' dir='ltr'><strong>tamen</strong></span> <span class='ocrx_word' id='word_1_452' title='bbox 1721 1505 1769 1531; x_wconf 83' lang='lat' dir='ltr'><strong>pa-</strong></span> 
     </span>
    </p>
   </div>
   <div class='ocr_carea' id='block_1_61' title="bbox 984 1543 1771 1579">
    <p class='ocr_par' dir='ltr' id='par_1_61' title="bbox 984 1543 1771 1579">
     <span class='ocr_line' id='line_1_61' title="bbox 984 1543 1771 1579; baseline -0.004 -7"><span class='ocrx_word' id='word_1_453' title='bbox 984 1546 1096 1576; x_wconf 88' lang='lat' dir='ltr'><strong>tiendo,</strong></span> <span class='ocrx_word' id='word_1_454' title='bbox 1122 1550 1237 1573; x_wconf 85' lang='lat' dir='ltr'><strong>mortem</strong></span> <span class='ocrx_word' id='word_1_455' title='bbox 1264 1545 1306 1571; x_wconf 77' lang='lat' dir='ltr'><strong>vel</strong></span> <span class='ocrx_word' id='word_1_456' title='bbox 1331 1545 1473 1571; x_wconf 84' lang='lat' dir='ltr'><strong>interitum</strong></span> <span class='ocrx_word' id='word_1_457' title='bbox 1506 1544 1638 1579; x_wconf 81' lang='lat' dir='ltr'><strong>capient:</strong></span> <span class='ocrx_word' id='word_1_458' title='bbox 1658 1547 1688 1570; x_wconf 88' lang='lat' dir='ltr'><strong>ut</strong></span> <span class='ocrx_word' id='word_1_459' title='bbox 1705 1543 1771 1570; x_wconf 86' lang='lat' dir='ltr'><strong>hinc</strong></span> 
     </span>
    </p>
   </div>
   <div class='ocr_carea' id='block_1_62' title="bbox 143 1582 930 1627">
    <p class='ocr_par' dir='ltr' id='par_1_62' title="bbox 143 1582 930 1619">
     <span class='ocr_line' id='line_1_62' title="bbox 143 1582 930 1619; baseline 0.003 -11"><span class='ocrx_word' id='word_1_460' title='bbox 143 1583 339 1609; x_wconf 76' lang='grc' dir='ltr'>ὑποπεσεῖται·</span> <span class='ocrx_word' id='word_1_461' title='bbox 366 1583 404 1614; x_wconf 81' lang='grc' dir='ltr'><strong>ὼς</strong></span> <span class='ocrx_word' id='word_1_462' title='bbox 427 1583 552 1609; x_wconf 75' lang='grc' dir='ltr'>ἐντεῦθεν</span> <span class='ocrx_word' id='word_1_463' title='bbox 578 1583 714 1619; x_wconf 72' lang='grc' dir='ltr'>γνώριμον</span> <span class='ocrx_word' id='word_1_464' title='bbox 732 1582 814 1617; x_wconf 69' lang='grc' dir='ltr'>εἶναι,</span> <span class='ocrx_word' id='word_1_465' title='bbox 838 1585 879 1610; x_wconf 80' lang='grc' dir='ltr'>ὅτι</span> <span class='ocrx_word' id='word_1_466' title='bbox 900 1585 930 1610; x_wconf 72' lang='grc' dir='ltr'><strong>οὐ</strong></span> 
     </span>
    </p>
   </div>
   <div class='ocr_carea' id='block_1_63' title="bbox 983 1582 1769 1627">
    <p class='ocr_par' dir='ltr' id='par_1_63' title="bbox 983 1589 1769 1627">
     <span class='ocr_line' id='line_1_63' title="bbox 983 1589 1769 1627; baseline -0.005 -9"><span class='ocrx_word' id='word_1_467' title='bbox 983 1596 1084 1627; x_wconf 85' lang='lat' dir='ltr'><strong>pateat,</strong></span> <span class='ocrx_word' id='word_1_468' title='bbox 1101 1600 1154 1618; x_wconf 90' lang='lat' dir='ltr'><strong>non</strong></span> <span class='ocrx_word' id='word_1_469' title='bbox 1173 1599 1233 1618; x_wconf 85' lang='lat' dir='ltr'><strong>esse</strong></span> <span class='ocrx_word' id='word_1_470' title='bbox 1246 1591 1317 1618; x_wconf 85' lang='lat' dir='ltr'><strong>idem</strong></span> <span class='ocrx_word' id='word_1_471' title='bbox 1337 1591 1517 1625; x_wconf 89' lang='lat' dir='ltr'><strong>corruptibile</strong></span> <span class='ocrx_word' id='word_1_472' title='bbox 1533 1595 1615 1624; x_wconf 84' lang='lat' dir='ltr'><strong>atque</strong></span> <span class='ocrx_word' id='word_1_473' title='bbox 1626 1589 1769 1624; x_wconf 78' lang='lat' dir='ltr'><strong>passibile;</strong></span> 
     </span>
    </p>
   </div>
   <div class='ocr_carea' id='block_1_64' title="bbox 144 1629 930 1666">
    <p class='ocr_par' dir='ltr' id='par_1_64' title="bbox 144 1629 930 1666">
     <span class='ocr_line' id='line_1_64' title="bbox 144 1629 930 1666; baseline 0.004 -12"><span class='ocrx_word' id='word_1_474' title='bbox 144 1629 243 1655; x_wconf 74' lang='grc' dir='ltr'>ταυτὸν</span> <span class='ocrx_word' id='word_1_475' title='bbox 263 1629 372 1663; x_wconf 75' lang='grc' dir='ltr'>ἐστιτῷ</span> <span class='ocrx_word' id='word_1_476' title='bbox 392 1629 506 1664; x_wconf 79' lang='grc' dir='ltr'>παθητῷ</span> <span class='ocrx_word' id='word_1_477' title='bbox 527 1630 557 1656; x_wconf 72' lang='grc' dir='ltr'>τὸ</span> <span class='ocrx_word' id='word_1_478' title='bbox 574 1630 705 1665; x_wconf 80' lang='grc' dir='ltr'>φθαρτὸν,</span> <span class='ocrx_word' id='word_1_479' title='bbox 723 1631 801 1666; x_wconf 80' lang='grc' dir='ltr'>εἴπερ</span> <span class='ocrx_word' id='word_1_480' title='bbox 818 1631 930 1657; x_wconf 78' lang='grc' dir='ltr'>κάκεῖνα</span> 
     </span>
    </p>
   </div>
   <div class='ocr_carea' id='block_1_65' title="bbox 143 1675 577 1711">
    <p class='ocr_par' dir='ltr' id='par_1_65' title="bbox 143 1675 577 1711">
     <span class='ocr_line' id='line_1_65' title="bbox 143 1675 577 1711; baseline 0.005 -11"><span class='ocrx_word' id='word_1_481' title='bbox 143 1675 243 1709; x_wconf 70' lang='grc' dir='ltr'>πάσχει</span> <span class='ocrx_word' id='word_1_482' title='bbox 259 1675 318 1710; x_wconf 79' lang='grc' dir='ltr'>μὲν,</span> <span class='ocrx_word' id='word_1_483' title='bbox 335 1675 365 1701; x_wconf 78' lang='grc' dir='ltr'>οὺ</span> <span class='ocrx_word' id='word_1_484' title='bbox 382 1675 523 1711; x_wconf 68' lang='grc' dir='ltr'>φθείρεται</span> <span class='ocrx_word' id='word_1_485' title='bbox 538 1675 577 1702; x_wconf 84' lang='grc' dir='ltr'><strong>δέ.</strong></span> 
     </span>
    </p>
   </div>
   <div class='ocr_carea' id='block_1_66' title="bbox 179 1738 928 1779">
    <p class='ocr_par' dir='ltr' id='par_1_66' title="bbox 179 1738 928 1779">
     <span class='ocr_line' id='line_1_66' title="bbox 179 1738 928 1779; baseline 0.007 -13"><span class='ocrx_word' id='word_1_486' title='bbox 179 1742 209 1767; x_wconf 95' lang='grc' dir='ltr'><strong>Ο.</strong></span> <span class='ocrx_word' id='word_1_487' title='bbox 230 1741 311 1773; x_wconf 75' lang='grc' dir='ltr'><strong>“Λ).λ“,</strong></span> <span class='ocrx_word' id='word_1_488' title='bbox 328 1738 350 1767; x_wconf 81' lang='grc' dir='ltr'><strong>ὦ</strong></span> <span class='ocrx_word' id='word_1_489' title='bbox 372 1741 505 1775; x_wconf 79' lang='grc' dir='ltr'>βέλτιστε,</span> <span class='ocrx_word' id='word_1_490' title='bbox 522 1740 556 1777; x_wconf 81' lang='grc' dir='ltr'>ἦν</span> <span class='ocrx_word' id='word_1_491' title='bbox 579 1743 601 1769; x_wconf 84' lang='grc' dir='ltr'>δ’</span> <span class='ocrx_word' id='word_1_492' title='bbox 619 1743 685 1777; x_wconf 78' lang='grc' dir='ltr'><strong>ἐγὼ,</strong></span> <span class='ocrx_word' id='word_1_493' title='bbox 700 1746 730 1770; x_wconf 82' lang='grc' dir='ltr'>οὒ</span> <span class='ocrx_word' id='word_1_494' title='bbox 749 1745 829 1770; x_wconf 79' lang='grc' dir='ltr'><strong>τοῦτὸ</strong></span> <span class='ocrx_word' id='word_1_495' title='bbox 847 1753 928 1779; x_wconf 77' lang='grc' dir='ltr'>φημι.</span> 
     </span>
    </p>
   </div>
   <div class='ocr_carea' id='block_1_67' title="bbox 143 1786 930 1824">
    <p class='ocr_par' dir='ltr' id='par_1_67' title="bbox 143 1786 930 1824">
     <span class='ocr_line' id='line_1_67' title="bbox 143 1786 930 1824; baseline 0.005 -12"><span class='ocrx_word' id='word_1_496' title='bbox 143 1787 184 1812; x_wconf 80' lang='grc' dir='ltr'><strong>ὅτι</strong></span> <span class='ocrx_word' id='word_1_497' title='bbox 200 1787 266 1812; x_wconf 80' lang='grc' dir='ltr'>ποτὲ</span> <span class='ocrx_word' id='word_1_498' title='bbox 282 1786 367 1818; x_wconf 81' lang='grc' dir='ltr'>πάθος</span> <span class='ocrx_word' id='word_1_499' title='bbox 383 1788 534 1821; x_wconf 78' lang='grc' dir='ltr'>φθαρτικόν</span> <span class='ocrx_word' id='word_1_500' title='bbox 549 1790 606 1814; x_wconf 78' lang='grc' dir='ltr'>ἐστι</span> <span class='ocrx_word' id='word_1_501' title='bbox 620 1790 667 1814; x_wconf 81' lang='grc' dir='ltr'>τοῦ</span> <span class='ocrx_word' id='word_1_502' title='bbox 682 1790 845 1824; x_wconf 80' lang='grc' dir='ltr'>πάσχοντος,</span> <span class='ocrx_word' id='word_1_503' title='bbox 863 1790 930 1816; x_wconf 77' lang='grc' dir='ltr'>ἀλλὰ</span> 
     </span>
    </p>
   </div>
   <div class='ocr_carea' id='block_1_68' title="bbox 143 1832 931 1868">
    <p class='ocr_par' dir='ltr' id='par_1_68' title="bbox 143 1832 931 1868">
     <span class='ocr_line' id='line_1_68' title="bbox 143 1832 931 1868; baseline 0.003 -10"><span class='ocrx_word' id='word_1_504' title='bbox 143 1832 177 1858; x_wconf 82' lang='grc' dir='ltr'>τὰ</span> <span class='ocrx_word' id='word_1_505' title='bbox 200 1832 289 1858; x_wconf 78' lang='grc' dir='ltr'>τοιάδε</span> <span class='ocrx_word' id='word_1_506' title='bbox 315 1833 363 1858; x_wconf 78' lang='grc' dir='ltr'>καὶ</span> <span class='ocrx_word' id='word_1_507' title='bbox 386 1832 433 1858; x_wconf 75' lang='grc' dir='ltr'>τοῦ</span> <span class='ocrx_word' id='word_1_508' title='bbox 450 1832 566 1859; x_wconf 84' lang='grc' dir='ltr'>τοιοῦδε.</span> <span class='ocrx_word' id='word_1_509' title='bbox 582 1833 641 1859; x_wconf 73' lang='grc' dir='ltr'>Τιῖιν</span> <span class='ocrx_word' id='word_1_510' title='bbox 658 1835 686 1859; x_wconf 82' lang='grc' dir='ltr'><strong>ὲν</strong></span> <span class='ocrx_word' id='word_1_511' title='bbox 701 1834 763 1868; x_wconf 83' lang='grc' dir='ltr'>ᾇδου</span> <span class='ocrx_word' id='word_1_512' title='bbox 777 1835 869 1861; x_wconf 82' lang='grc' dir='ltr'>τοίνυν</span> <span class='ocrx_word' id='word_1_513' title='bbox 884 1843 931 1860; x_wconf 83' lang='grc' dir='ltr'>κο-</span> 
     </span>
    </p>
   </div>
   <div class='ocr_carea' id='block_1_69' title="bbox 143 1874 932 1914">
    <p class='ocr_par' dir='ltr' id='par_1_69' title="bbox 143 1874 932 1914">
     <span class='ocr_line' id='line_1_69' title="bbox 143 1874 932 1914; baseline 0.003 -11"><span class='ocrx_word' id='word_1_514' title='bbox 143 1874 259 1906; x_wconf 75' lang='grc' dir='ltr'>λάσεων,</span> <span class='ocrx_word' id='word_1_515' title='bbox 285 1877 397 1912; x_wconf 79' lang='grc' dir='ltr'>καὶτῆς</span> <span class='ocrx_word' id='word_1_516' title='bbox 418 1877 447 1909; x_wconf 77' lang='grc' dir='ltr'><strong>ἐξ</strong></span> <span class='ocrx_word' id='word_1_517' title='bbox 473 1878 562 1903; x_wconf 76' lang='grc' dir='ltr'>αὐτῶν</span> <span class='ocrx_word' id='word_1_518' title='bbox 575 1879 719 1913; x_wconf 82' lang='grc' dir='ltr'>γινομένης</span> <span class='ocrx_word' id='word_1_519' title='bbox 745 1881 846 1914; x_wconf 83' lang='grc' dir='ltr'>πικρᾶς</span> <span class='ocrx_word' id='word_1_520' title='bbox 872 1888 932 1905; x_wconf 84' lang='grc' dir='ltr'>συν-</span> 
     </span>
    </p>
   </div>
   <div class='ocr_carea' id='block_1_70' title="bbox 144 1922 932 1960">
    <p class='ocr_par' dir='ltr' id='par_1_70' title="bbox 144 1922 932 1960">
     <span class='ocr_line' id='line_1_70' title="bbox 144 1922 932 1960; baseline 0.005 -13"><span class='ocrx_word' id='word_1_521' title='bbox 144 1922 298 1956; x_wconf 79' lang='grc' dir='ltr'>αισθήσεως</span> <span class='ocrx_word' id='word_1_522' title='bbox 311 1942 318 1953; x_wconf 86' lang='grc'>,</span> <span class='ocrx_word' id='word_1_523' title='bbox 336 1923 387 1948; x_wconf 85' lang='grc' dir='ltr'>οὐκ</span> <span class='ocrx_word' id='word_1_524' title='bbox 412 1922 445 1948; x_wconf 81' lang='grc' dir='ltr'>ἂν</span> <span class='ocrx_word' id='word_1_525' title='bbox 469 1923 595 1957; x_wconf 82' lang='grc' dir='ltr'>εἴποιμεν</span> <span class='ocrx_word' id='word_1_526' title='bbox 620 1924 685 1949; x_wconf 81' lang='grc' dir='ltr'>ἴδιον</span> <span class='ocrx_word' id='word_1_527' title='bbox 701 1924 732 1950; x_wconf 83' lang='grc' dir='ltr'>τὸ</span> <span class='ocrx_word' id='word_1_528' title='bbox 747 1924 869 1959; x_wconf 76' lang='grc' dir='ltr'>φθείρειν</span> <span class='ocrx_word' id='word_1_529' title='bbox 883 1925 932 1960; x_wconf 85' lang='grc' dir='ltr'>τὴν</span> 
     </span>
    </p>
   </div>
   <div class='ocr_carea' id='block_1_71' title="bbox 145 1967 932 2003">
    <p class='ocr_par' dir='ltr' id='par_1_71' title="bbox 145 1967 932 2003">
     <span class='ocr_line' id='line_1_71' title="bbox 145 1967 932 2003; baseline 0.004 -10"><span class='ocrx_word' id='word_1_530' title='bbox 145 1967 331 2001; x_wconf 79' lang='grc' dir='ltr'>ὑποκειμένην</span> <span class='ocrx_word' id='word_1_531' title='bbox 352 1967 444 2001; x_wconf 81' lang='grc' dir='ltr'>φύσιν·</span> <span class='ocrx_word' id='word_1_532' title='bbox 466 1969 490 1994; x_wconf 88' lang='grc' dir='ltr'>εἰ</span> <span class='ocrx_word' id='word_1_533' title='bbox 504 1968 558 2002; x_wconf 83' lang='grc' dir='ltr'>γὰρ</span> <span class='ocrx_word' id='word_1_534' title='bbox 574 1968 631 1995; x_wconf 78' lang='grc' dir='ltr'>ἐστι</span> <span class='ocrx_word' id='word_1_535' title='bbox 649 1968 824 2003; x_wconf 77' lang='grc' dir='ltr'>τολμήσαντα</span> <span class='ocrx_word' id='word_1_536' title='bbox 834 1971 932 2001; x_wconf 75' lang='grc' dir='ltr'>εἰπεῖν,</span> 
     </span>
    </p>
   </div>
   <div class='ocr_carea' id='block_1_72' title="bbox 145 2013 934 2049">
    <p class='ocr_par' dir='ltr' id='par_1_72' title="bbox 145 2013 934 2049">
     <span class='ocr_line' id='line_1_72' title="bbox 145 2013 934 2049; baseline 0.004 -10"><span class='ocrx_word' id='word_1_537' title='bbox 145 2014 192 2039; x_wconf 80' lang='grc' dir='ltr'>καὶ</span> <span class='ocrx_word' id='word_1_538' title='bbox 207 2014 330 2039; x_wconf 81' lang='grc' dir='ltr'>συντελεῖ</span> <span class='ocrx_word' id='word_1_539' title='bbox 341 2021 366 2039; x_wconf 84' lang='grc' dir='ltr'><strong>τι</strong></span> <span class='ocrx_word' id='word_1_540' title='bbox 382 2013 450 2048; x_wconf 69' lang='grc' dir='ltr'>πρὸς</span> <span class='ocrx_word' id='word_1_541' title='bbox 465 2014 515 2048; x_wconf 81' lang='grc' dir='ltr'>τὴν</span> <span class='ocrx_word' id='word_1_542' title='bbox 527 2014 625 2049; x_wconf 81' lang='grc' dir='ltr'>διαρκῆ</span> <span class='ocrx_word' id='word_1_543' title='bbox 637 2015 773 2049; x_wconf 79' lang='grc' dir='ltr'>ἐπιμονὴν</span> <span class='ocrx_word' id='word_1_544' title='bbox 787 2015 842 2041; x_wconf 84' lang='grc' dir='ltr'><strong>τῶν</strong></span> <span class='ocrx_word' id='word_1_545' title='bbox 854 2016 934 2042; x_wconf 79' lang='grc' dir='ltr'>κολα-</span> 
     </span>
    </p>
   </div>
   <div class='ocr_carea' id='block_1_73' title="bbox 144 2053 933 2095">
    <p class='ocr_par' dir='ltr' id='par_1_73' title="bbox 144 2053 933 2095">
     <span class='ocr_line' id='line_1_73' title="bbox 144 2053 933 2095; baseline 0.005 -12"><span class='ocrx_word' id='word_1_546' title='bbox 144 2058 284 2093; x_wconf 76' lang='grc' dir='ltr'>ζομένων·</span> <span class='ocrx_word' id='word_1_547' title='bbox 302 2057 352 2084; x_wconf 77' lang='grc' dir='ltr'>ῐδοι</span> <span class='ocrx_word' id='word_1_548' title='bbox 368 2053 439 2085; x_wconf 55' lang='grc' dir='ltr'>δ’ᾘν</span> <span class='ocrx_word' id='word_1_549' title='bbox 464 2067 505 2090; x_wconf 85' lang='grc' dir='ltr'>τις</span> <span class='ocrx_word' id='word_1_550' title='bbox 525 2059 592 2086; x_wconf 82' lang='grc' dir='ltr'>αὐτὸ</span> <span class='ocrx_word' id='word_1_551' title='bbox 617 2059 698 2086; x_wconf 77' lang='grc' dir='ltr'>τοῦτο</span> <span class='ocrx_word' id='word_1_552' title='bbox 716 2061 863 2095; x_wconf 70' lang='grc' dir='ltr'>θυμϐοιῖνον</span> <span class='ocrx_word' id='word_1_553' title='bbox 886 2062 933 2088; x_wconf 66' lang='grc' dir='ltr'><strong>καὶ</strong></span> 
     </span>
    </p>
   </div>
   <div class='ocr_carea' id='block_1_74' title="bbox 144 2106 933 2142">
    <p class='ocr_par' dir='ltr' id='par_1_74' title="bbox 144 2106 933 2142">
     <span class='ocr_line' id='line_1_74' title="bbox 144 2106 933 2142; baseline -0.001 -9"><span class='ocrx_word' id='word_1_554' title='bbox 144 2107 174 2133; x_wconf 80' lang='grc' dir='ltr'>ὲν</span> <span class='ocrx_word' id='word_1_555' title='bbox 188 2107 245 2136; x_wconf 80' lang='grc' dir='ltr'>τοῖς</span> <span class='ocrx_word' id='word_1_556' title='bbox 262 2106 397 2140; x_wconf 72' lang='grc' dir='ltr'>ἰατρικοῖς</span> <span class='ocrx_word' id='word_1_557' title='bbox 424 2106 592 2140; x_wconf 82' lang='grc' dir='ltr'>φαρμάκοις·</span> <span class='ocrx_word' id='word_1_558' title='bbox 615 2107 700 2142; x_wconf 82' lang='grc' dir='ltr'>ἀναζῇ</span> <span class='ocrx_word' id='word_1_559' title='bbox 727 2115 757 2132; x_wconf 90' lang='grc' dir='ltr'><strong>τε</strong></span> <span class='ocrx_word' id='word_1_560' title='bbox 772 2107 826 2140; x_wconf 80' lang='grc' dir='ltr'>γὰρ</span> <span class='ocrx_word' id='word_1_561' title='bbox 841 2107 933 2133; x_wconf 78' lang='grc' dir='ltr'>ἐκεῖνα</span> 
     </span>
    </p>
   </div>
   <div class='ocr_carea' id='block_1_75' title="bbox 145 2150 933 2186">
    <p class='ocr_par' dir='ltr' id='par_1_75' title="bbox 145 2150 933 2186">
     <span class='ocr_line' id='line_1_75' title="bbox 145 2150 933 2186; baseline 0 -8"><span class='ocrx_word' id='word_1_562' title='bbox 145 2151 193 2178; x_wconf 80' lang='grc' dir='ltr'>καὶ</span> <span class='ocrx_word' id='word_1_563' title='bbox 207 2151 357 2177; x_wconf 77' lang='grc' dir='ltr'>ἀναθάλπει</span> <span class='ocrx_word' id='word_1_564' title='bbox 369 2150 419 2185; x_wconf 86' lang='grc' dir='ltr'>τὴν</span> <span class='ocrx_word' id='word_1_565' title='bbox 435 2150 527 2184; x_wconf 73' lang='grc' dir='ltr'>φύσιν,</span> <span class='ocrx_word' id='word_1_566' title='bbox 538 2152 568 2177; x_wconf 82' lang='grc' dir='ltr'><strong>τὸ</strong></span> <span class='ocrx_word' id='word_1_567' title='bbox 583 2151 665 2186; x_wconf 82' lang='grc' dir='ltr'>βάθος</span> <span class='ocrx_word' id='word_1_568' title='bbox 680 2151 867 2186; x_wconf 80' lang='grc' dir='ltr'>κεντρίζοντα,</span> <span class='ocrx_word' id='word_1_569' title='bbox 887 2153 933 2179; x_wconf 76' lang='grc' dir='ltr'><strong>καὶ</strong></span> 
     </span>
    </p>
   </div>
   <div class='ocr_carea' id='block_1_76' title="bbox 143 2193 932 2234">
    <p class='ocr_par' dir='ltr' id='par_1_76' title="bbox 143 2193 932 2234">
     <span class='ocr_line' id='line_1_76' title="bbox 143 2193 932 2234; baseline 0 -10"><span class='ocrx_word' id='word_1_570' title='bbox 143 2197 194 2224; x_wconf 86' lang='grc' dir='ltr'><strong>οὑκ</strong></span> <span class='ocrx_word' id='word_1_571' title='bbox 211 2198 242 2232; x_wconf 80' lang='grc' dir='ltr'>ἑᾷ</span> <span class='ocrx_word' id='word_1_572' title='bbox 256 2198 289 2231; x_wconf 84' lang='grc' dir='ltr'>τῇ</span> <span class='ocrx_word' id='word_1_573' title='bbox 305 2193 471 2231; x_wconf 72' lang='grc' dir='ltr'>ἀναισθησίᾳ</span> <span class='ocrx_word' id='word_1_574' title='bbox 491 2197 681 2232; x_wconf 74' lang='grc' dir='ltr'>μαραίνεσθαι,</span> <span class='ocrx_word' id='word_1_575' title='bbox 706 2198 774 2224; x_wconf 84' lang='grc' dir='ltr'>ἀλλὰ</span> <span class='ocrx_word' id='word_1_576' title='bbox 797 2200 830 2233; x_wconf 87' lang='grc' dir='ltr'>τῇ</span> <span class='ocrx_word' id='word_1_577' title='bbox 853 2198 932 2234; x_wconf 79' lang='grc' dir='ltr'>ὀδύνῃ</span> 
     </span>
    </p>
   </div>
   <div class='ocr_carea' id='block_1_77' title="bbox 144 2242 932 2278">
    <p class='ocr_par' dir='ltr' id='par_1_77' title="bbox 144 2242 932 2278">
     <span class='ocr_line' id='line_1_77' title="bbox 144 2242 932 2278; baseline 0.003 -10"><span class='ocrx_word' id='word_1_578' title='bbox 144 2243 282 2278; x_wconf 83' lang='grc' dir='ltr'>συντηρεῖ,</span> <span class='ocrx_word' id='word_1_579' title='bbox 299 2242 346 2269; x_wconf 77' lang='grc' dir='ltr'>καὶ</span> <span class='ocrx_word' id='word_1_580' title='bbox 360 2243 399 2276; x_wconf 81' lang='grc' dir='ltr'>τῷ</span> <span class='ocrx_word' id='word_1_581' title='bbox 412 2243 520 2269; x_wconf 80' lang='grc' dir='ltr'>διακαεῖ</span> <span class='ocrx_word' id='word_1_582' title='bbox 535 2243 674 2269; x_wconf 84' lang='grc' dir='ltr'>συντονίαν</span> <span class='ocrx_word' id='word_1_583' title='bbox 689 2243 750 2276; x_wconf 77' lang='grc' dir='ltr'>ἄγει</span> <span class='ocrx_word' id='word_1_584' title='bbox 762 2245 809 2270; x_wconf 82' lang='grc' dir='ltr'>καὶ</span> <span class='ocrx_word' id='word_1_585' title='bbox 821 2243 932 2270; x_wconf 79' lang='grc' dir='ltr'>πύκνω-</span> 
     </span>
    </p>
   </div>
   <div class='ocr_carea' id='block_1_78' title="bbox 144 2288 931 2324">
    <p class='ocr_par' dir='ltr' id='par_1_78' title="bbox 144 2288 931 2324">
     <span class='ocr_line' id='line_1_78' title="bbox 144 2288 931 2324; baseline 0.001 -10"><span class='ocrx_word' id='word_1_586' title='bbox 144 2296 197 2314; x_wconf 85' lang='grc' dir='ltr'>σιν.</span> <span class='ocrx_word' id='word_1_587' title='bbox 212 2288 252 2314; x_wconf 81' lang='grc' dir='ltr'><strong>Τὰ</strong></span> <span class='ocrx_word' id='word_1_588' title='bbox 269 2289 298 2314; x_wconf 82' lang='grc' dir='ltr'>δὲ</span> <span class='ocrx_word' id='word_1_589' title='bbox 315 2288 473 2323; x_wconf 84' lang='grc' dir='ltr'>ἀνθρώπινα</span> <span class='ocrx_word' id='word_1_590' title='bbox 486 2288 558 2323; x_wconf 81' lang='grc' dir='ltr'>πάθη</span> <span class='ocrx_word' id='word_1_591' title='bbox 573 2289 620 2314; x_wconf 72' lang='grc' dir='ltr'><strong>καὶ</strong></span> <span class='ocrx_word' id='word_1_592' title='bbox 635 2289 739 2323; x_wconf 79' lang='grc' dir='ltr'>φυσικὰ</span> <span class='ocrx_word' id='word_1_593' title='bbox 755 2290 805 2324; x_wconf 84' lang='grc' dir='ltr'>τῆς</span> <span class='ocrx_word' id='word_1_594' title='bbox 820 2291 931 2324; x_wconf 81' lang='grc' dir='ltr'>σαρκὸς,</span> 
     </span>
    </p>
   </div>
   <div class='ocr_carea' id='block_1_79' title="bbox 144 2334 932 2370">
    <p class='ocr_par' dir='ltr' id='par_1_79' title="bbox 144 2334 932 2370">
     <span class='ocr_line' id='line_1_79' title="bbox 144 2334 932 2370; baseline 0.001 -9"><span class='ocrx_word' id='word_1_595' title='bbox 144 2335 216 2369; x_wconf 77' lang='grc' dir='ltr'>ειπερ</span> <span class='ocrx_word' id='word_1_596' title='bbox 233 2335 247 2361; x_wconf 81' lang='grc' dir='ltr'><strong><em>ὁ</em></strong></span> <span class='ocrx_word' id='word_1_597' title='bbox 266 2334 369 2370; x_wconf 73' lang='grc' dir='ltr'>Κύριος</span> <span class='ocrx_word' id='word_1_598' title='bbox 394 2334 568 2367; x_wconf 77' lang='grc' dir='ltr'>κατεδέξατο,</span> <span class='ocrx_word' id='word_1_599' title='bbox 599 2335 703 2369; x_wconf 79' lang='grc' dir='ltr'>πέφυκέ</span> <span class='ocrx_word' id='word_1_600' title='bbox 728 2344 786 2367; x_wconf 83' lang='grc' dir='ltr'>πως</span> <span class='ocrx_word' id='word_1_601' title='bbox 811 2336 856 2362; x_wconf 71' lang='grc' dir='ltr'><strong>καὶ</strong></span> <span class='ocrx_word' id='word_1_602' title='bbox 882 2336 932 2370; x_wconf 81' lang='grc' dir='ltr'>τὴν</span> 
     </span>
    </p>
   </div>
   <div class='ocr_carea' id='block_1_80' title="bbox 144 2380 930 2417">
    <p class='ocr_par' dir='ltr' id='par_1_80' title="bbox 144 2380 930 2417">
     <span class='ocr_line' id='line_1_80' title="bbox 144 2380 930 2417; baseline 0.004 -12"><span class='ocrx_word' id='word_1_603' title='bbox 144 2380 235 2414; x_wconf 84' lang='grc' dir='ltr'>σάρκα</span> <span class='ocrx_word' id='word_1_604' title='bbox 258 2380 475 2415; x_wconf 77' lang='grc' dir='ltr'>καταμαραίνειν</span> <span class='ocrx_word' id='word_1_605' title='bbox 487 2400 494 2411; x_wconf 87' lang='lat'><strong>,</strong></span> <span class='ocrx_word' id='word_1_606' title='bbox 512 2381 614 2407; x_wconf 82' lang='grc' dir='ltr'>κοποῦν</span> <span class='ocrx_word' id='word_1_607' title='bbox 634 2389 663 2407; x_wconf 86' lang='grc' dir='ltr'><strong>τε</strong></span> <span class='ocrx_word' id='word_1_608' title='bbox 681 2381 767 2417; x_wconf 83' lang='grc' dir='ltr'>αὐτὴν</span> <span class='ocrx_word' id='word_1_609' title='bbox 782 2382 828 2408; x_wconf 70' lang='grc' dir='ltr'><strong>καὶ</strong></span> <span class='ocrx_word' id='word_1_610' title='bbox 841 2383 930 2417; x_wconf 73' lang='grc' dir='ltr'><strong>ὰνιᾷν⁷</strong></span> 
     </span>
    </p>
   </div>
   <div class='ocr_carea' id='block_1_81' title="bbox 142 2418 932 2462">
    <p class='ocr_par' dir='ltr' id='par_1_81' title="bbox 142 2418 932 2462">
     <span class='ocr_line' id='line_1_81' title="bbox 142 2418 932 2462; baseline 0.004 -11"><span class='ocrx_word' id='word_1_611' title='bbox 142 2426 190 2451; x_wconf 76' lang='grc' dir='ltr'><strong>καὶ</strong></span> <span class='ocrx_word' id='word_1_612' title='bbox 207 2425 284 2456; x_wconf 77' lang='grc' dir='ltr'>τέλος</span> <span class='ocrx_word' id='word_1_613' title='bbox 302 2425 431 2457; x_wconf 82' lang='grc' dir='ltr'>διαλύειν,</span> <span class='ocrx_word' id='word_1_614' title='bbox 445 2426 458 2452; x_wconf 81' lang='grc' dir='ltr'><strong>ὃ</strong></span> <span class='ocrx_word' id='word_1_615' title='bbox 472 2427 503 2462; x_wconf 80' lang='grc' dir='ltr'>δὴ</span> <span class='ocrx_word' id='word_1_616' title='bbox 518 2418 629 2460; x_wconf 69' lang='grc' dir='ltr'>γεγονδς</span> <span class='ocrx_word' id='word_1_617' title='bbox 646 2427 693 2454; x_wconf 67' lang='grc' dir='ltr'>καὶ</span> <span class='ocrx_word' id='word_1_618' title='bbox 712 2428 781 2454; x_wconf 76' lang='grc' dir='ltr'>κατὰ</span> <span class='ocrx_word' id='word_1_619' title='bbox 791 2427 836 2454; x_wconf 72' lang='grc' dir='ltr'>τὸν</span> <span class='ocrx_word' id='word_1_620' title='bbox 850 2436 932 2454; x_wconf 85' lang='grc' dir='ltr'>σταυ-</span> 
     </span>
    </p>
   </div>
   <div class='ocr_carea' id='block_1_82' title="bbox 143 2468 929 2507">
    <p class='ocr_par' dir='ltr' id='par_1_82' title="bbox 143 2468 929 2507">
     <span class='ocr_line' id='line_1_82' title="bbox 143 2468 929 2507; baseline 0.006 -13"><span class='ocrx_word' id='word_1_621' title='bbox 143 2469 190 2504; x_wconf 77' lang='grc' dir='ltr'><strong>ρὸν</strong></span> <span class='ocrx_word' id='word_1_622' title='bbox 205 2468 339 2503; x_wconf 81' lang='grc' dir='ltr'>ἔγνωμεν.</span> <span class='ocrx_word' id='word_1_623' title='bbox 352 2470 390 2504; x_wconf 83' lang='grc' dir='ltr'>Τῇ</span> <span class='ocrx_word' id='word_1_624' title='bbox 405 2470 433 2496; x_wconf 76' lang='grc' dir='ltr'>δὲ</span> <span class='ocrx_word' id='word_1_625' title='bbox 455 2470 576 2497; x_wconf 76' lang='grc' dir='ltr'>διαλύσει</span> <span class='ocrx_word' id='word_1_626' title='bbox 593 2472 654 2497; x_wconf 84' lang='grc' dir='ltr'>ὅσον</span> <span class='ocrx_word' id='word_1_627' title='bbox 674 2481 706 2505; x_wconf 78' lang='grc' dir='ltr'><strong>γε</strong></span> <span class='ocrx_word' id='word_1_628' title='bbox 727 2473 772 2498; x_wconf 81' lang='grc' dir='ltr'><strong>ἐπὶ</strong></span> <span class='ocrx_word' id='word_1_629' title='bbox 788 2474 820 2507; x_wconf 85' lang='grc' dir='ltr'>τῇ</span> <span class='ocrx_word' id='word_1_630' title='bbox 840 2473 929 2506; x_wconf 84' lang='grc' dir='ltr'>φύσει,</span> 
     </span>
    </p>
   </div>
   <div class='ocr_carea' id='block_1_83' title="bbox 141 2514 928 2553">
    <p class='ocr_par' dir='ltr' id='par_1_83' title="bbox 141 2514 928 2553">
     <span class='ocr_line' id='line_1_83' title="bbox 141 2514 928 2553; baseline 0.005 -13"><span class='ocrx_word' id='word_1_631' title='bbox 141 2515 188 2541; x_wconf 65' lang='grc' dir='ltr'>καὶ</span> <span class='ocrx_word' id='word_1_632' title='bbox 201 2514 232 2540; x_wconf 74' lang='grc' dir='ltr'>τὸ</span> <span class='ocrx_word' id='word_1_633' title='bbox 249 2514 387 2549; x_wconf 77' lang='grc' dir='ltr'>φθαρῆναι</span> <span class='ocrx_word' id='word_1_634' title='bbox 403 2515 508 2542; x_wconf 71' lang='grc' dir='ltr'>ἕπεται.</span> <span class='ocrx_word' id='word_1_635' title='bbox 524 2516 563 2542; x_wconf 83' lang='grc' dir='ltr'><strong>Τὰ</strong></span> <span class='ocrx_word' id='word_1_636' title='bbox 578 2516 667 2543; x_wconf 88' lang='grc' dir='ltr'>τοίνυν</span> <span class='ocrx_word' id='word_1_637' title='bbox 681 2517 840 2552; x_wconf 79' lang='grc' dir='ltr'>ἀνθρώπινα</span> <span class='ocrx_word' id='word_1_638' title='bbox 855 2519 928 2553; x_wconf 85' lang='grc' dir='ltr'>πάθη</span> 
     </span>
    </p>
   </div>
   <div class='ocr_carea' id='block_1_84' title="bbox 141 2557 929 2597">
    <p class='ocr_par' dir='ltr' id='par_1_84' title="bbox 141 2557 929 2597">
     <span class='ocr_line' id='line_1_84' title="bbox 141 2557 929 2597; baseline 0.005 -13"><span class='ocrx_word' id='word_1_639' title='bbox 141 2559 236 2584; x_wconf 80' lang='grc' dir='ltr'>λυπεῖν</span> <span class='ocrx_word' id='word_1_640' title='bbox 259 2557 329 2585; x_wconf 79' lang='grc' dir='ltr'>οἶδεν</span> <span class='ocrx_word' id='word_1_641' title='bbox 345 2559 395 2593; x_wconf 84' lang='grc' dir='ltr'>τὴν</span> <span class='ocrx_word' id='word_1_642' title='bbox 411 2559 504 2594; x_wconf 76' lang='grc' dir='ltr'>φύσιν,</span> <span class='ocrx_word' id='word_1_643' title='bbox 532 2561 579 2586; x_wconf 65' lang='grc' dir='ltr'><strong>καὶ</strong></span> <span class='ocrx_word' id='word_1_644' title='bbox 595 2562 627 2596; x_wconf 82' lang='grc' dir='ltr'>τῇ</span> <span class='ocrx_word' id='word_1_645' title='bbox 656 2562 779 2589; x_wconf 73' lang='grc' dir='ltr'>συνθέσει</span> <span class='ocrx_word' id='word_1_646' title='bbox 793 2563 929 2597; x_wconf 79' lang='grc' dir='ltr'>λυμαίνε-</span> 
     </span>
    </p>
   </div>
   <div class='ocr_carea' id='block_1_85' title="bbox 142 2604 931 2644">
    <p class='ocr_par' dir='ltr' id='par_1_85' title="bbox 142 2604 931 2644">
     <span class='ocr_line' id='line_1_85' title="bbox 142 2604 931 2644; baseline 0.006 -14"><span class='ocrx_word' id='word_1_647' title='bbox 142 2604 215 2636; x_wconf 88' lang='grc' dir='ltr'>σθαι,</span> <span class='ocrx_word' id='word_1_648' title='bbox 238 2605 284 2631; x_wconf 73' lang='grc' dir='ltr'>καὶ</span> <span class='ocrx_word' id='word_1_649' title='bbox 308 2605 385 2636; x_wconf 81' lang='grc' dir='ltr'>τέλος</span> <span class='ocrx_word' id='word_1_650' title='bbox 401 2606 449 2632; x_wconf 71' lang='grc' dir='ltr'>καὶ</span> <span class='ocrx_word' id='word_1_651' title='bbox 473 2606 612 2641; x_wconf 71' lang='grc' dir='ltr'>χωρισμὸν</span> <span class='ocrx_word' id='word_1_652' title='bbox 627 2608 757 2640; x_wconf 76' lang='grc' dir='ltr'>εἰσάγειν,</span> <span class='ocrx_word' id='word_1_653' title='bbox 780 2609 826 2635; x_wconf 80' lang='grc' dir='ltr'>καὶ</span> <span class='ocrx_word' id='word_1_654' title='bbox 841 2609 931 2644; x_wconf 66' lang='grc' dir='ltr'>φθορᾷ</span> 
     </span>
    </p>
   </div>
   <div class='ocr_carea' id='block_1_86' title="bbox 142 2648 930 2689">
    <p class='ocr_par' dir='ltr' id='par_1_86' title="bbox 142 2648 930 2689">
     <span class='ocr_line' id='line_1_86' title="bbox 142 2648 930 2689; baseline 0.006 -13"><span class='ocrx_word' id='word_1_655' title='bbox 142 2649 325 2684; x_wconf 74' lang='grc' dir='ltr'>ὑποϐάλλειν,</span> <span class='ocrx_word' id='word_1_656' title='bbox 346 2648 439 2686; x_wconf 84' lang='grc' dir='ltr'>ὧνπερ</span> <span class='ocrx_word' id='word_1_657' title='bbox 464 2652 477 2677; x_wconf 87' lang='grc' dir='ltr'>ὁ</span> <span class='ocrx_word' id='word_1_658' title='bbox 504 2651 608 2686; x_wconf 80' lang='grc' dir='ltr'>Κύριος</span> <span class='ocrx_word' id='word_1_659' title='bbox 635 2653 834 2688; x_wconf 68' lang='grc' dir='ltr'>παραπλησίως</span> <span class='ocrx_word' id='word_1_660' title='bbox 864 2656 930 2689; x_wconf 85' lang='grc' dir='ltr'>ἡμῖν</span> 
     </span>
    </p>
   </div>
   <div class='ocr_carea' id='block_1_87' title="bbox 181 2779 922 2817">
    <p class='ocr_par' dir='ltr' id='par_1_87' title="bbox 181 2779 922 2817">
     <span class='ocr_line' id='line_1_87' title="bbox 181 2779 922 2817; baseline 0.003 -10"><span class='ocrx_word' id='word_1_661' title='bbox 181 2779 236 2817; x_wconf 67' lang='grc' dir='ltr'><strong>(ῥὸ)</strong></span> <span class='ocrx_word' id='word_1_662' title='bbox 253 2779 323 2817; x_wconf 66' lang='grc' dir='ltr'>(ιδφ</span> <span class='ocrx_word' id='word_1_663' title='bbox 338 2781 445 2808; x_wconf 90' lang='lat' dir='ltr'><strong>Domini</strong></span> <span class='ocrx_word' id='word_1_664' title='bbox 464 2789 512 2816; x_wconf 85' lang='lat' dir='ltr'><strong>per</strong></span> <span class='ocrx_word' id='word_1_665' title='bbox 524 2782 680 2817; x_wconf 80' lang='lat' dir='ltr'><strong>passionem</strong></span> <span class='ocrx_word' id='word_1_666' title='bbox 700 2782 834 2817; x_wconf 79' lang='lat' dir='ltr'><strong>gloriﬁcal</strong></span> <span class='ocrx_word' id='word_1_667' title='bbox 849 2790 922 2811; x_wconf 88' lang='lat' dir='ltr'><strong>com-</strong></span> 
     </span>
    </p>
   </div>
   <div class='ocr_carea' id='block_1_88' title="bbox 143 2813 921 2852">
    <p class='ocr_par' dir='ltr' id='par_1_88' title="bbox 143 2813 921 2852">
     <span class='ocr_line' id='line_1_88' title="bbox 143 2813 921 2852; baseline 0.004 -11"><span class='ocrx_word' id='word_1_668' title='bbox 143 2813 287 2849; x_wconf 79' lang='lat' dir='ltr'><strong>paticntes,</strong></span> <span class='ocrx_word' id='word_1_669' title='bbox 299 2815 377 2842; x_wconf 82' lang='lat' dir='ltr'><strong>Rom.</strong></span> <span class='ocrx_word' id='word_1_670' title='bbox 398 2813 583 2852; x_wconf 67' lang='lat' dir='ltr'><strong>vuucompati</strong></span> <span class='ocrx_word' id='word_1_671' title='bbox 598 2822 689 2845; x_wconf 88' lang='lat' dir='ltr'><strong>autem</strong></span> <span class='ocrx_word' id='word_1_672' title='bbox 698 2813 753 2845; x_wconf 70' lang='lat' dir='ltr'><strong>non</strong></span> <span class='ocrx_word' id='word_1_673' title='bbox 767 2825 921 2852; x_wconf 80' lang='lat' dir='ltr'><strong>possumus,</strong></span> 
     </span>
    </p>
   </div>
   <div class='ocr_carea' id='block_1_89' title="bbox 984 1635 1732 1671">
    <p class='ocr_par' dir='ltr' id='par_1_89' title="bbox 984 1635 1732 1671">
     <span class='ocr_line' id='line_1_89' title="bbox 984 1635 1732 1671; baseline -0.003 -8"><span class='ocrx_word' id='word_1_674' title='bbox 984 1636 1120 1671; x_wconf 85' lang='lat' dir='ltr'><strong>siquidem</strong></span> <span class='ocrx_word' id='word_1_675' title='bbox 1136 1637 1180 1663; x_wconf 87' lang='lat' dir='ltr'><strong>illa</strong></span> <span class='ocrx_word' id='word_1_676' title='bbox 1196 1637 1351 1671; x_wconf 85' lang='lat' dir='ltr'><strong>patiuntur,</strong></span> <span class='ocrx_word' id='word_1_677' title='bbox 1370 1635 1418 1663; x_wconf 89' lang='lat' dir='ltr'><strong>sed</strong></span> <span class='ocrx_word' id='word_1_678' title='bbox 1433 1644 1488 1663; x_wconf 92' lang='lat' dir='ltr'><strong>non</strong></span> <span class='ocrx_word' id='word_1_679' title='bbox 1506 1640 1732 1670; x_wconf 88' lang='lat' dir='ltr'><strong>corrumpuntttr.</strong></span> 
     </span>
    </p>
   </div>
   <div class='ocr_carea' id='block_1_90' title="bbox 1019 1745 1770 1781">
    <p class='ocr_par' dir='ltr' id='par_1_90' title="bbox 1019 1745 1770 1781">
     <span class='ocr_line' id='line_1_90' title="bbox 1019 1745 1770 1781; baseline -0.005 -6"><span class='ocrx_word' id='word_1_680' title='bbox 1019 1750 1052 1776; x_wconf 86' lang='grc'><strong>0.</strong></span> <span class='ocrx_word' id='word_1_681' title='bbox 1069 1750 1114 1778; x_wconf 82' lang='lat' dir='ltr'><strong>At,</strong></span> <span class='ocrx_word' id='word_1_682' title='bbox 1128 1748 1238 1781; x_wconf 83' lang='lat' dir='ltr'><strong>inquam</strong></span> <span class='ocrx_word' id='word_1_683' title='bbox 1251 1754 1311 1781; x_wconf 79' lang='lat' dir='ltr'><strong>ego,</strong></span> <span class='ocrx_word' id='word_1_684' title='bbox 1329 1747 1401 1773; x_wconf 86' lang='lat' dir='ltr'><strong>bone</strong></span> <span class='ocrx_word' id='word_1_685' title='bbox 1415 1746 1466 1778; x_wconf 79' lang='lat' dir='ltr'><strong>vir,</strong></span> <span class='ocrx_word' id='word_1_686' title='bbox 1483 1753 1538 1772; x_wconf 89' lang='lat' dir='ltr'><strong>non</strong></span> <span class='ocrx_word' id='word_1_687' title='bbox 1550 1746 1601 1772; x_wconf 88' lang='lat' dir='ltr'><strong>hoc</strong></span> <span class='ocrx_word' id='word_1_688' title='bbox 1612 1745 1683 1776; x_wconf 84' lang='lat' dir='ltr'><strong>dico,</strong></span> <span class='ocrx_word' id='word_1_689' title='bbox 1697 1745 1770 1778; x_wconf 88' lang='lat' dir='ltr'><strong>quod</strong></span> 
     </span>
    </p>
   </div>
   <div class='ocr_carea' id='block_1_91' title="bbox 983 1790 1773 1826">
    <p class='ocr_par' dir='ltr' id='par_1_91' title="bbox 983 1790 1773 1826">
     <span class='ocr_line' id='line_1_91' title="bbox 983 1790 1773 1826; baseline -0.003 -8"><span class='ocrx_word' id='word_1_690' title='bbox 983 1792 1074 1819; x_wconf 91' lang='lat' dir='ltr'><strong>omnis</strong></span> <span class='ocrx_word' id='word_1_691' title='bbox 1096 1791 1187 1826; x_wconf 83' lang='lat' dir='ltr'><strong>passio</strong></span> <span class='ocrx_word' id='word_1_692' title='bbox 1213 1791 1327 1818; x_wconf 88' lang='lat' dir='ltr'><strong>interire</strong></span> <span class='ocrx_word' id='word_1_693' title='bbox 1352 1791 1414 1817; x_wconf 80' lang='lat' dir='ltr'><strong>facit</strong></span> <span class='ocrx_word' id='word_1_694' title='bbox 1436 1790 1605 1824; x_wconf 83' lang='lat' dir='ltr'><strong>patientem;</strong></span> <span class='ocrx_word' id='word_1_695' title='bbox 1630 1790 1677 1817; x_wconf 88' lang='lat' dir='ltr'><strong>sed</strong></span> <span class='ocrx_word' id='word_1_696' title='bbox 1703 1790 1773 1816; x_wconf 89' lang='lat' dir='ltr'><strong>tales</strong></span> 
     </span>
    </p>
   </div>
   <div class='ocr_carea' id='block_1_92' title="bbox 984 1835 1771 1871">
    <p class='ocr_par' dir='ltr' id='par_1_92' title="bbox 984 1835 1771 1871">
     <span class='ocr_line' id='line_1_92' title="bbox 984 1835 1771 1871; baseline -0.003 -8"><span class='ocrx_word' id='word_1_697' title='bbox 984 1837 1126 1871; x_wconf 85' lang='lat' dir='ltr'><strong>passiones</strong></span> <span class='ocrx_word' id='word_1_698' title='bbox 1148 1841 1176 1864; x_wconf 87' lang='lat' dir='ltr'><strong>et</strong></span> <span class='ocrx_word' id='word_1_699' title='bbox 1196 1837 1288 1863; x_wconf 85' lang='lat' dir='ltr'><strong>talem.</strong></span> <span class='ocrx_word' id='word_1_700' title='bbox 1315 1835 1518 1870; x_wconf 87' lang='lat' dir='ltr'><strong>Suppliciorum</strong></span> <span class='ocrx_word' id='word_1_701' title='bbox 1547 1835 1629 1870; x_wconf 82' lang='lat' dir='ltr'><strong>igitur</strong></span> <span class='ocrx_word' id='word_1_702' title='bbox 1656 1843 1717 1869; x_wconf 63' lang='lat' dir='ltr'><strong>quae</strong></span> <span class='ocrx_word' id='word_1_703' title='bbox 1744 1835 1771 1861; x_wconf 94' lang='lat' dir='ltr'><strong>in</strong></span> 
     </span>
    </p>
   </div>
   <div class='ocr_carea' id='block_1_93' title="bbox 984 1878 1771 1915">
    <p class='ocr_par' dir='ltr' id='par_1_93' title="bbox 984 1878 1771 1915">
     <span class='ocr_line' id='line_1_93' title="bbox 984 1878 1771 1915; baseline -0.003 -6"><span class='ocrx_word' id='word_1_704' title='bbox 984 1882 1082 1909; x_wconf 80' lang='lat' dir='ltr'><strong>inferis</strong></span> <span class='ocrx_word' id='word_1_705' title='bbox 1098 1886 1172 1912; x_wconf 83' lang='lat' dir='ltr'><strong>sunt,</strong></span> <span class='ocrx_word' id='word_1_706' title='bbox 1185 1887 1212 1908; x_wconf 91' lang='lat' dir='ltr'><strong>et</strong></span> <span class='ocrx_word' id='word_1_707' title='bbox 1226 1881 1316 1908; x_wconf 85' lang='lat' dir='ltr'><strong>acerbi</strong></span> <span class='ocrx_word' id='word_1_708' title='bbox 1330 1888 1428 1908; x_wconf 85' lang='lat' dir='ltr'><strong>sensus</strong></span> <span class='ocrx_word' id='word_1_709' title='bbox 1444 1889 1540 1908; x_wconf 85' lang='lat' dir='ltr'><strong>eorum</strong></span> <span class='ocrx_word' id='word_1_710' title='bbox 1565 1889 1619 1907; x_wconf 88' lang='lat' dir='ltr'><strong>non</strong></span> <span class='ocrx_word' id='word_1_711' title='bbox 1642 1884 1684 1907; x_wconf 85' lang='lat' dir='ltr'><strong>est</strong></span> <span class='ocrx_word' id='word_1_712' title='bbox 1706 1878 1771 1915; x_wconf 75' lang='lat' dir='ltr'><strong>pro-</strong></span> 
     </span>
    </p>
   </div>
   <div class='ocr_carea' id='block_1_94' title="bbox 984 1926 1770 1962">
    <p class='ocr_par' dir='ltr' id='par_1_94' title="bbox 984 1926 1770 1962">
     <span class='ocr_line' id='line_1_94' title="bbox 984 1926 1770 1962; baseline 0 -9"><span class='ocrx_word' id='word_1_713' title='bbox 984 1928 1074 1962; x_wconf 84' lang='lat' dir='ltr'><strong>prium</strong></span> <span class='ocrx_word' id='word_1_714' title='bbox 1095 1932 1220 1954; x_wconf 87' lang='lat' dir='ltr'><strong>naturam</strong></span> <span class='ocrx_word' id='word_1_715' title='bbox 1250 1927 1403 1961; x_wconf 76' lang='lat' dir='ltr'><strong>subjectum</strong></span> <span class='ocrx_word' id='word_1_716' title='bbox 1429 1934 1608 1960; x_wconf 87' lang='lat' dir='ltr'><strong>corrumpere</strong></span> <span class='ocrx_word' id='word_1_717' title='bbox 1623 1935 1629 1953; x_wconf 91' lang='lat'><strong>:</strong></span> <span class='ocrx_word' id='word_1_718' title='bbox 1647 1927 1669 1953; x_wconf 91' lang='lat' dir='ltr'><strong>si</strong></span> <span class='ocrx_word' id='word_1_719' title='bbox 1696 1926 1770 1953; x_wconf 87' lang='lat' dir='ltr'><strong>enim</strong></span> 
     </span>
    </p>
   </div>
   <div class='ocr_carea' id='block_1_95' title="bbox 984 1972 1771 2007">
    <p class='ocr_par' dir='ltr' id='par_1_95' title="bbox 984 1972 1771 2007">
     <span class='ocr_line' id='line_1_95' title="bbox 984 1972 1771 2007; baseline 0 -8"><span class='ocrx_word' id='word_1_720' title='bbox 984 1973 1114 2000; x_wconf 79' lang='lat' dir='ltr'><strong>audacter</strong></span> <span class='ocrx_word' id='word_1_721' title='bbox 1129 1973 1276 2000; x_wconf 85' lang='lat' dir='ltr'><strong>dicendum</strong></span> <span class='ocrx_word' id='word_1_722' title='bbox 1296 1977 1357 2003; x_wconf 87' lang='lat' dir='ltr'><strong>est,</strong></span> <span class='ocrx_word' id='word_1_723' title='bbox 1385 1973 1532 1999; x_wconf 86' lang='lat' dir='ltr'><strong>conferunt</strong></span> <span class='ocrx_word' id='word_1_724' title='bbox 1555 1973 1638 2000; x_wconf 84' lang='lat' dir='ltr'><strong>etiam</strong></span> <span class='ocrx_word' id='word_1_725' title='bbox 1668 1972 1771 2007; x_wconf 84' lang='lat' dir='ltr'><strong>aliquid</strong></span> 
     </span>
    </p>
   </div>
   <div class='ocr_carea' id='block_1_96' title="bbox 985 2018 1771 2053">
    <p class='ocr_par' dir='ltr' id='par_1_96' title="bbox 985 2018 1771 2053">
     <span class='ocr_line' id='line_1_96' title="bbox 985 2018 1771 2053; baseline -0.001 -8"><span class='ocrx_word' id='word_1_726' title='bbox 985 2019 1065 2045; x_wconf 84' lang='lat' dir='ltr'><strong>tortis</strong></span> <span class='ocrx_word' id='word_1_727' title='bbox 1079 2024 1106 2046; x_wconf 83' lang='lat' dir='ltr'><strong>et</strong></span> <span class='ocrx_word' id='word_1_728' title='bbox 1123 2018 1255 2045; x_wconf 88' lang='lat' dir='ltr'><strong>cruciatis</strong></span> <span class='ocrx_word' id='word_1_729' title='bbox 1272 2018 1304 2044; x_wconf 92' lang='lat' dir='ltr'><strong>ad</strong></span> <span class='ocrx_word' id='word_1_730' title='bbox 1321 2018 1539 2052; x_wconf 87' lang='lat' dir='ltr'><strong>permanendum</strong></span> <span class='ocrx_word' id='word_1_731' title='bbox 1564 2022 1591 2045; x_wconf 87' lang='lat' dir='ltr'><strong>et</strong></span> <span class='ocrx_word' id='word_1_732' title='bbox 1618 2018 1771 2053; x_wconf 90' lang='lat' dir='ltr'><strong>perduran-</strong></span> 
     </span>
    </p>
   </div>
   <div class='ocr_carea' id='block_1_97' title="bbox 984 2063 1770 2098">
    <p class='ocr_par' dir='ltr' id='par_1_97' title="bbox 984 2063 1770 2098">
     <span class='ocr_line' id='line_1_97' title="bbox 984 2063 1770 2098; baseline 0 -8"><span class='ocrx_word' id='word_1_733' title='bbox 984 2064 1049 2091; x_wconf 93' lang='lat' dir='ltr'><strong>dum</strong></span> <span class='ocrx_word' id='word_1_734' title='bbox 1063 2072 1071 2090; x_wconf 84' lang='lat'><strong>:</strong></span> <span class='ocrx_word' id='word_1_735' title='bbox 1087 2064 1181 2091; x_wconf 84' lang='lat' dir='ltr'><strong>videre</strong></span> <span class='ocrx_word' id='word_1_736' title='bbox 1195 2064 1277 2090; x_wconf 84' lang='lat' dir='ltr'><strong>etiam</strong></span> <span class='ocrx_word' id='word_1_737' title='bbox 1291 2063 1355 2090; x_wconf 89' lang='lat' dir='ltr'><strong>licet</strong></span> <span class='ocrx_word' id='word_1_738' title='bbox 1368 2064 1600 2098; x_wconf 86' lang='lat' dir='ltr'><strong>quemadmodum</strong></span> <span class='ocrx_word' id='word_1_739' title='bbox 1615 2064 1666 2091; x_wconf 88' lang='lat' dir='ltr'><strong>hoc</strong></span> <span class='ocrx_word' id='word_1_740' title='bbox 1681 2064 1770 2097; x_wconf 90' lang='lat' dir='ltr'><strong>ipsum</strong></span> 
     </span>
    </p>
   </div>
   <div class='ocr_carea' id='block_1_98' title="bbox 984 2109 1772 2147">
    <p class='ocr_par' dir='ltr' id='par_1_98' title="bbox 984 2109 1772 2147">
     <span class='ocr_line' id='line_1_98' title="bbox 984 2109 1772 2147; baseline -0.001 -11"><span class='ocrx_word' id='word_1_741' title='bbox 984 2109 1096 2137; x_wconf 83' lang='lat' dir='ltr'><strong>eveniat</strong></span> <span class='ocrx_word' id='word_1_742' title='bbox 1109 2110 1136 2136; x_wconf 94' lang='lat' dir='ltr'><strong>in</strong></span> <span class='ocrx_word' id='word_1_743' title='bbox 1155 2109 1365 2147; x_wconf 74' lang='lat' dir='ltr'><strong>medicamentis</strong></span> <span class='ocrx_word' id='word_1_744' title='bbox 1379 2118 1385 2135; x_wconf 73' lang='grc' dir='ltr'><strong>ι</strong></span> <span class='ocrx_word' id='word_1_745' title='bbox 1401 2109 1505 2136; x_wconf 84' lang='lat' dir='ltr'><strong>faciunt</strong></span> <span class='ocrx_word' id='word_1_746' title='bbox 1516 2109 1589 2136; x_wconf 92' lang='lat' dir='ltr'><strong>enim</strong></span> <span class='ocrx_word' id='word_1_747' title='bbox 1603 2109 1648 2136; x_wconf 92' lang='lat' dir='ltr'><strong>illa</strong></span> <span class='ocrx_word' id='word_1_748' title='bbox 1669 2109 1772 2136; x_wconf 85' lang='lat' dir='ltr'><strong>revivi-</strong></span> 
     </span>
    </p>
   </div>
   <div class='ocr_carea' id='block_1_99' title="bbox 985 2154 1772 2189">
    <p class='ocr_par' dir='ltr' id='par_1_99' title="bbox 985 2154 1772 2189">
     <span class='ocr_line' id='line_1_99' title="bbox 985 2154 1772 2189; baseline -0.001 -7"><span class='ocrx_word' id='word_1_749' title='bbox 985 2163 1082 2187; x_wconf 81' lang='lat' dir='ltr'><strong>scere,</strong></span> <span class='ocrx_word' id='word_1_750' title='bbox 1111 2161 1139 2182; x_wconf 87' lang='lat' dir='ltr'><strong>et</strong></span> <span class='ocrx_word' id='word_1_751' title='bbox 1175 2159 1302 2182; x_wconf 85' lang='lat' dir='ltr'><strong>naturam</strong></span> <span class='ocrx_word' id='word_1_752' title='bbox 1325 2155 1513 2187; x_wconf 84' lang='lat' dir='ltr'><strong>fovent,cum</strong></span> <span class='ocrx_word' id='word_1_753' title='bbox 1541 2155 1625 2189; x_wconf 86' lang='lat' dir='ltr'><strong>aliqui</strong></span> <span class='ocrx_word' id='word_1_754' title='bbox 1651 2155 1704 2182; x_wconf 84' lang='lat' dir='ltr'><strong>alte</strong></span> <span class='ocrx_word' id='word_1_755' title='bbox 1722 2154 1772 2181; x_wconf 86' lang='lat' dir='ltr'><strong>sli-</strong></span> 
     </span>
    </p>
   </div>
   <div class='ocr_carea' id='block_1_100' title="bbox 984 2201 1772 2236">
    <p class='ocr_par' dir='ltr' id='par_1_100' title="bbox 984 2201 1772 2236">
     <span class='ocr_line' id='line_1_100' title="bbox 984 2201 1772 2236; baseline 0 -8"><span class='ocrx_word' id='word_1_756' title='bbox 984 2201 1089 2228; x_wconf 91' lang='lat' dir='ltr'><strong>mulent</strong></span> <span class='ocrx_word' id='word_1_757' title='bbox 1121 2206 1149 2228; x_wconf 88' lang='lat' dir='ltr'><strong>et</strong></span> <span class='ocrx_word' id='word_1_758' title='bbox 1176 2205 1319 2236; x_wconf 77' lang='lat' dir='ltr'><strong>punganl,</strong></span> <span class='ocrx_word' id='word_1_759' title='bbox 1347 2209 1399 2228; x_wconf 89' lang='lat' dir='ltr'><strong>nec</strong></span> <span class='ocrx_word' id='word_1_760' title='bbox 1429 2202 1522 2228; x_wconf 80' lang='lat' dir='ltr'><strong>sittant</strong></span> <span class='ocrx_word' id='word_1_761' title='bbox 1544 2209 1594 2228; x_wconf 85' lang='lat' dir='ltr'><strong>nos</strong></span> <span class='ocrx_word' id='word_1_762' title='bbox 1627 2201 1772 2228; x_wconf 85' lang='lat' dir='ltr'><strong>sentiendo</strong></span> 
     </span>
    </p>
   </div>
   <div class='ocr_carea' id='block_1_101' title="bbox 950 2246 1772 2283">
    <p class='ocr_par' dir='ltr' id='par_1_101' title="bbox 950 2246 1772 2283">
     <span class='ocr_line' id='line_1_101' title="bbox 950 2246 1772 2283; baseline 0 -9"><span class='ocrx_word' id='word_1_763' title='bbox 950 2257 970 2283; x_wconf 79' lang='grc' dir='ltr'>ο</span> <span class='ocrx_word' id='word_1_764' title='bbox 984 2255 1166 2279; x_wconf 82' lang='lat' dir='ltr'><strong>marcescere,</strong></span> <span class='ocrx_word' id='word_1_765' title='bbox 1179 2247 1225 2274; x_wconf 91' lang='lat' dir='ltr'><strong>sed</strong></span> <span class='ocrx_word' id='word_1_766' title='bbox 1239 2247 1331 2281; x_wconf 86' lang='lat' dir='ltr'><strong>potius</strong></span> <span class='ocrx_word' id='word_1_767' title='bbox 1341 2247 1435 2274; x_wconf 88' lang='lat' dir='ltr'><strong>dolore</strong></span> <span class='ocrx_word' id='word_1_768' title='bbox 1447 2250 1621 2278; x_wconf 88' lang='lat' dir='ltr'><strong>conservent,</strong></span> <span class='ocrx_word' id='word_1_769' title='bbox 1630 2251 1658 2273; x_wconf 86' lang='lat' dir='ltr'><strong>et</strong></span> <span class='ocrx_word' id='word_1_770' title='bbox 1668 2246 1772 2274; x_wconf 87' lang='lat' dir='ltr'><strong>urendo</strong></span> 
     </span>
    </p>
   </div>
   <div class='ocr_carea' id='block_1_102' title="bbox 985 2293 1772 2330">
    <p class='ocr_par' dir='ltr' id='par_1_102' title="bbox 985 2293 1772 2330">
     <span class='ocr_line' id='line_1_102' title="bbox 985 2293 1772 2330; baseline 0 -11"><span class='ocrx_word' id='word_1_771' title='bbox 985 2293 1168 2319; x_wconf 83' lang='lat' dir='ltr'><strong>corroborent</strong></span> <span class='ocrx_word' id='word_1_772' title='bbox 1195 2297 1224 2320; x_wconf 90' lang='lat' dir='ltr'><strong>et</strong></span> <span class='ocrx_word' id='word_1_773' title='bbox 1240 2293 1367 2320; x_wconf 81' lang='lat' dir='ltr'><strong>densent.</strong></span> <span class='ocrx_word' id='word_1_774' title='bbox 1388 2293 1520 2320; x_wconf 60' lang='lat' dir='ltr'><strong>Humana;</strong></span> <span class='ocrx_word' id='word_1_775' title='bbox 1534 2301 1599 2320; x_wconf 89' lang='lat' dir='ltr'><strong>vero</strong></span> <span class='ocrx_word' id='word_1_776' title='bbox 1616 2297 1644 2319; x_wconf 92' lang='lat' dir='ltr'><strong>el</strong></span> <span class='ocrx_word' id='word_1_777' title='bbox 1659 2297 1772 2330; x_wconf 86' lang='lat' dir='ltr'><strong>natura-</strong></span> 
     </span>
    </p>
   </div>
   <div class='ocr_carea' id='block_1_103' title="bbox 985 2337 1771 2372">
    <p class='ocr_par' dir='ltr' id='par_1_103' title="bbox 985 2337 1771 2372">
     <span class='ocr_line' id='line_1_103' title="bbox 985 2337 1771 2372; baseline 0.001 -9"><span class='ocrx_word' id='word_1_778' title='bbox 985 2337 1025 2364; x_wconf 89' lang='lat' dir='ltr'><strong>les</strong></span> <span class='ocrx_word' id='word_1_779' title='bbox 1041 2337 1181 2371; x_wconf 86' lang='lat' dir='ltr'><strong>passiones</strong></span> <span class='ocrx_word' id='word_1_780' title='bbox 1206 2337 1297 2364; x_wconf 88' lang='lat' dir='ltr'><strong>earnis</strong></span> <span class='ocrx_word' id='word_1_781' title='bbox 1321 2345 1390 2372; x_wconf 86' lang='lat' dir='ltr'><strong>quas</strong></span> <span class='ocrx_word' id='word_1_782' title='bbox 1405 2337 1538 2364; x_wconf 89' lang='lat' dir='ltr'><strong>Dominus</strong></span> <span class='ocrx_word' id='word_1_783' title='bbox 1554 2337 1686 2371; x_wconf 85' lang='lat' dir='ltr'><strong>suscepit,</strong></span> <span class='ocrx_word' id='word_1_784' title='bbox 1701 2345 1771 2371; x_wconf 90' lang='lat' dir='ltr'><strong>quo-</strong></span> 
     </span>
    </p>
   </div>
   <div class='ocr_carea' id='block_1_104' title="bbox 985 2382 1772 2417">
    <p class='ocr_par' dir='ltr' id='par_1_104' title="bbox 985 2382 1772 2417">
     <span class='ocr_line' id='line_1_104' title="bbox 985 2382 1772 2417; baseline 0 -8"><span class='ocrx_word' id='word_1_785' title='bbox 985 2383 1134 2410; x_wconf 89' lang='lat' dir='ltr'><strong>dammodo</strong></span> <span class='ocrx_word' id='word_1_786' title='bbox 1146 2387 1226 2410; x_wconf 88' lang='lat' dir='ltr'><strong>erant</strong></span> <span class='ocrx_word' id='word_1_787' title='bbox 1238 2387 1336 2410; x_wconf 80' lang='lat' dir='ltr'><strong>natura</strong></span> <span class='ocrx_word' id='word_1_788' title='bbox 1355 2387 1424 2417; x_wconf 60' lang='lat' dir='ltr'><strong>apta;</strong></span> <span class='ocrx_word' id='word_1_789' title='bbox 1445 2382 1480 2409; x_wconf 90' lang='lat' dir='ltr'><strong>ad</strong></span> <span class='ocrx_word' id='word_1_790' title='bbox 1496 2382 1699 2409; x_wconf 88' lang='lat' dir='ltr'><strong>dehilitandum</strong></span> <span class='ocrx_word' id='word_1_791' title='bbox 1712 2389 1772 2409; x_wconf 83' lang='lat' dir='ltr'><strong>car-</strong></span> 
     </span>
    </p>
   </div>
   <div class='ocr_carea' id='block_1_105' title="bbox 984 2428 1772 2464">
    <p class='ocr_par' dir='ltr' id='par_1_105' title="bbox 984 2428 1772 2464">
     <span class='ocr_line' id='line_1_105' title="bbox 984 2428 1772 2464; baseline 0.001 -9"><span class='ocrx_word' id='word_1_792' title='bbox 984 2437 1047 2456; x_wconf 91' lang='lat' dir='ltr'><strong>nem</strong></span> <span class='ocrx_word' id='word_1_793' title='bbox 1061 2449 1068 2460; x_wconf 84' lang='lat'><strong>,</strong></span> <span class='ocrx_word' id='word_1_794' title='bbox 1083 2433 1110 2456; x_wconf 88' lang='lat' dir='ltr'><strong>et</strong></span> <span class='ocrx_word' id='word_1_795' title='bbox 1125 2429 1328 2464; x_wconf 80' lang='lat' dir='ltr'><strong>defatigandum</strong></span> <span class='ocrx_word' id='word_1_796' title='bbox 1340 2450 1347 2460; x_wconf 82' lang='grc'>,</span> <span class='ocrx_word' id='word_1_797' title='bbox 1375 2437 1407 2456; x_wconf 88' lang='lat' dir='ltr'><strong>ae</strong></span> <span class='ocrx_word' id='word_1_798' title='bbox 1421 2429 1516 2456; x_wconf 90' lang='lat' dir='ltr'><strong>dolore</strong></span> <span class='ocrx_word' id='word_1_799' title='bbox 1530 2428 1716 2460; x_wconf 83' lang='lat' dir='ltr'><strong>afﬁciendum,</strong></span> <span class='ocrx_word' id='word_1_800' title='bbox 1742 2433 1772 2456; x_wconf 89' lang='lat' dir='ltr'><strong>et</strong></span> 
     </span>
    </p>
   </div>
   <div class='ocr_carea' id='block_1_106' title="bbox 986 2474 1770 2510">
    <p class='ocr_par' dir='ltr' id='par_1_106' title="bbox 986 2474 1770 2510">
     <span class='ocr_line' id='line_1_106' title="bbox 986 2474 1770 2510; baseline 0.004 -10"><span class='ocrx_word' id='word_1_801' title='bbox 986 2474 1104 2508; x_wconf 84' lang='lat' dir='ltr'><strong>denique</strong></span> <span class='ocrx_word' id='word_1_802' title='bbox 1120 2474 1153 2501; x_wconf 90' lang='lat' dir='ltr'><strong>ad</strong></span> <span class='ocrx_word' id='word_1_803' title='bbox 1171 2475 1394 2507; x_wconf 77' lang='lat' dir='ltr'><strong>dissolvendum;</strong></span> <span class='ocrx_word' id='word_1_804' title='bbox 1424 2475 1496 2509; x_wconf 91' lang='lat' dir='ltr'><strong>quod</strong></span> <span class='ocrx_word' id='word_1_805' title='bbox 1514 2475 1625 2510; x_wconf 88' lang='lat' dir='ltr'><strong>quidem</strong></span> <span class='ocrx_word' id='word_1_806' title='bbox 1643 2475 1669 2502; x_wconf 90' lang='lat' dir='ltr'><strong>in</strong></span> <span class='ocrx_word' id='word_1_807' title='bbox 1688 2483 1770 2503; x_wconf 86' lang='lat' dir='ltr'><strong>cruce</strong></span> 
     </span>
    </p>
   </div>
   <div class='ocr_carea' id='block_1_107' title="bbox 982 2520 1770 2556">
    <p class='ocr_par' dir='ltr' id='par_1_107' title="bbox 982 2520 1770 2556">
     <span class='ocr_line' id='line_1_107' title="bbox 982 2520 1770 2556; baseline 0.003 -10"><span class='ocrx_word' id='word_1_808' title='bbox 982 2520 1083 2546; x_wconf 85' lang='lat' dir='ltr'><strong>factum</strong></span> <span class='ocrx_word' id='word_1_809' title='bbox 1096 2528 1157 2547; x_wconf 89' lang='lat' dir='ltr'><strong>esse</strong></span> <span class='ocrx_word' id='word_1_810' title='bbox 1167 2521 1356 2555; x_wconf 77' lang='lat' dir='ltr'><strong>cognovimus.</strong></span> <span class='ocrx_word' id='word_1_811' title='bbox 1370 2521 1582 2548; x_wconf 85' lang='lat' dir='ltr'><strong>Dissolutiouem</strong></span> <span class='ocrx_word' id='word_1_812' title='bbox 1599 2529 1664 2548; x_wconf 83' lang='lat' dir='ltr'><strong>vero</strong></span> <span class='ocrx_word' id='word_1_813' title='bbox 1681 2529 1770 2556; x_wconf 91' lang='lat' dir='ltr'><strong>quan-</strong></span> 
     </span>
    </p>
   </div>
   <div class='ocr_carea' id='block_1_108' title="bbox 985 2565 1770 2601">
    <p class='ocr_par' dir='ltr' id='par_1_108' title="bbox 985 2565 1770 2601">
     <span class='ocr_line' id='line_1_108' title="bbox 985 2565 1770 2601; baseline 0.003 -10"><span class='ocrx_word' id='word_1_814' title='bbox 985 2569 1040 2591; x_wconf 87' lang='lat' dir='ltr'><strong>tum</strong></span> <span class='ocrx_word' id='word_1_815' title='bbox 1077 2565 1104 2591; x_wconf 92' lang='lat' dir='ltr'><strong>in</strong></span> <span class='ocrx_word' id='word_1_816' title='bbox 1129 2570 1225 2592; x_wconf 87' lang='lat' dir='ltr'><strong>natura</strong></span> <span class='ocrx_word' id='word_1_817' title='bbox 1250 2569 1311 2598; x_wconf 83' lang='lat' dir='ltr'><strong>est,</strong></span> <span class='ocrx_word' id='word_1_818' title='bbox 1335 2566 1475 2600; x_wconf 86' lang='lat' dir='ltr'><strong>corruptio</strong></span> <span class='ocrx_word' id='word_1_819' title='bbox 1502 2566 1636 2601; x_wconf 88' lang='lat' dir='ltr'><strong>sequitur.</strong></span> <span class='ocrx_word' id='word_1_820' title='bbox 1662 2567 1770 2594; x_wconf 81' lang='lat' dir='ltr'><strong>Passio-</strong></span> 
     </span>
    </p>
   </div>
   <div class='ocr_carea' id='block_1_109' title="bbox 984 2610 1767 2645">
    <p class='ocr_par' dir='ltr' id='par_1_109' title="bbox 984 2610 1767 2645">
     <span class='ocr_line' id='line_1_109' title="bbox 984 2610 1767 2645; baseline 0.004 -10"><span class='ocrx_word' id='word_1_821' title='bbox 984 2618 1033 2636; x_wconf 87' lang='lat' dir='ltr'><strong>nes</strong></span> <span class='ocrx_word' id='word_1_822' title='bbox 1058 2610 1141 2644; x_wconf 82' lang='lat' dir='ltr'><strong>igitur</strong></span> <span class='ocrx_word' id='word_1_823' title='bbox 1170 2610 1297 2636; x_wconf 77' lang='lat' dir='ltr'><strong>humana:</strong></span> <span class='ocrx_word' id='word_1_824' title='bbox 1328 2614 1454 2636; x_wconf 88' lang='lat' dir='ltr'><strong>naturam</strong></span> <span class='ocrx_word' id='word_1_825' title='bbox 1474 2615 1592 2645; x_wconf 86' lang='lat' dir='ltr'><strong>possunt</strong></span> <span class='ocrx_word' id='word_1_826' title='bbox 1615 2610 1767 2642; x_wconf 73' lang='lat' dir='ltr'><strong>offendere.</strong></span> 
     </span>
    </p>
   </div>
   <div class='ocr_carea' id='block_1_110' title="bbox 984 2655 1768 2691">
    <p class='ocr_par' dir='ltr' id='par_1_110' title="bbox 984 2655 1768 2691">
     <span class='ocr_line' id='line_1_110' title="bbox 984 2655 1768 2691; baseline 0 -9"><span class='ocrx_word' id='word_1_827' title='bbox 984 2656 1166 2690; x_wconf 88' lang='lat' dir='ltr'><strong>compositum</strong></span> <span class='ocrx_word' id='word_1_828' title='bbox 1192 2655 1291 2682; x_wconf 84' lang='lat' dir='ltr'><strong>laedere</strong></span> <span class='ocrx_word' id='word_1_829' title='bbox 1303 2675 1310 2688; x_wconf 94' lang='lat'><strong>,</strong></span> <span class='ocrx_word' id='word_1_830' title='bbox 1328 2660 1355 2682; x_wconf 89' lang='lat' dir='ltr'><strong>et</strong></span> <span class='ocrx_word' id='word_1_831' title='bbox 1370 2655 1452 2683; x_wconf 82' lang='lat' dir='ltr'><strong>tinem</strong></span> <span class='ocrx_word' id='word_1_832' title='bbox 1468 2661 1550 2691; x_wconf 86' lang='lat' dir='ltr'><strong>atque</strong></span> <span class='ocrx_word' id='word_1_833' title='bbox 1566 2656 1768 2691; x_wconf 84' lang='lat' dir='ltr'><strong>separationem</strong></span> 
     </span>
    </p>
   </div>
   <div class='ocr_carea' id='block_1_111' title="bbox 978 2784 1762 2821">
    <p class='ocr_par' dir='ltr' id='par_1_111' title="bbox 978 2784 1762 2821">
     <span class='ocr_line' id='line_1_111' title="bbox 978 2784 1762 2821; baseline 0.004 -11"><span class='ocrx_word' id='word_1_834' title='bbox 978 2784 1030 2821; x_wconf 76' lang='lat' dir='ltr'><strong>nisi</strong></span> <span class='ocrx_word' id='word_1_835' title='bbox 1050 2792 1114 2811; x_wconf 81' lang='lat' dir='ltr'><strong>caro</strong></span> <span class='ocrx_word' id='word_1_836' title='bbox 1128 2784 1235 2812; x_wconf 89' lang='lat' dir='ltr'><strong>Domini</strong></span> <span class='ocrx_word' id='word_1_837' title='bbox 1250 2790 1465 2821; x_wconf 81' lang='lat' dir='ltr'><strong>compatcrctur,</strong></span> <span class='ocrx_word' id='word_1_838' title='bbox 1487 2786 1559 2821; x_wconf 86' lang='lat' dir='ltr'><strong>quod</strong></span> <span class='ocrx_word' id='word_1_839' title='bbox 1571 2789 1614 2813; x_wconf 80' lang='lat' dir='ltr'><strong>est</strong></span> <span class='ocrx_word' id='word_1_840' title='bbox 1626 2785 1685 2820; x_wconf 79' lang='lat' dir='ltr'><strong>pati</strong></span> <span class='ocrx_word' id='word_1_841' title='bbox 1712 2793 1762 2813; x_wconf 88' lang='lat' dir='ltr'><strong>no-</strong></span> 
     </span>
    </p>
   </div>
   <div class='ocr_carea' id='block_1_112' title="bbox 977 2818 1429 2855">
    <p class='ocr_par' dir='ltr' id='par_1_112' title="bbox 977 2818 1429 2855">
     <span class='ocr_line' id='line_1_112' title="bbox 977 2818 1429 2855; baseline 0.004 -10"><span class='ocrx_word' id='word_1_842' title='bbox 977 2818 1095 2852; x_wconf 86' lang='lat' dir='ltr'><strong>biscum,</strong></span> <span class='ocrx_word' id='word_1_843' title='bbox 1109 2823 1136 2847; x_wconf 86' lang='lat' dir='ltr'><strong>et</strong></span> <span class='ocrx_word' id='word_1_844' title='bbox 1146 2827 1195 2847; x_wconf 92' lang='lat' dir='ltr'><strong>nos</strong></span> <span class='ocrx_word' id='word_1_845' title='bbox 1207 2827 1269 2847; x_wconf 94' lang='lat' dir='ltr'><strong>cum</strong></span> <span class='ocrx_word' id='word_1_846' title='bbox 1280 2818 1348 2855; x_wconf 79' lang='lat' dir='ltr'><strong>ipso.</strong></span> <span class='ocrx_word' id='word_1_847' title='bbox 1364 2820 1429 2848; x_wconf 73' lang='lat' dir='ltr'><strong>CAN.</strong></span> 
     </span>
    </p>
   </div>
  </div>
