1973 3098
208 120 274 154 1339

815 129 969 160 LEONTII
990 127 1191 160 BYZANTINI

1757 130 1833 163 1340·

205 177 318 209 inferre,
339 181 366 205 ct
384 177 505 205 intcritui
521 179 655 214 subjicere
668 190 674 207 2
688 189 749 216 qua:
760 183 871 216 quidem
882 183 983 215 omnia,

1039 182 1145 209 πάντων
1163 183 1344 218 μετέσχηκεν,
1371 183 1441 210 κατὰ
1459 183 1506 219 τῆν
1532 184 1652 219 μεγάλην
1672 184 1720 210 τοῦ
1742 185 1825 211 Ἀπο-

205 222 332 250 similiter
346 227 427 257 atque
450 231 500 251 nos
512 245 519 256 ,
536 225 669 254 Dominus
691 227 875 263 participavit,
892 237 988 257 secun-

204 268 269 295 dum
286 276 409 303 magnam
425 270 546 304 Apostoli
561 271 714 300 doctrinam
726 274 758 300 ".

240 313 273 340 H.
288 313 359 346 Quid
371 315 456 347 aliud,
470 316 567 350 inquit,
582 317 624 344 his
638 318 766 346 omnibus
776 319 893 347 suadere
904 325 931 347 et
941 320 989 347 de-

206 363 359 385 monstrare
381 359 531 392 studuisti,
553 361 607 388 nisi
630 362 703 395 quod
719 370 781 389 cum
805 363 932 391 Christus
951 365 988 392 sit

206 404 344 439 passibilis
355 424 363 435 .
392 405 474 440 idque
492 410 592 433 natura
607 408 731 441 corporis
743 428 750 440 ,
778 416 832 435 non
847 409 988 437 voluntate

205 449 367 482 divinitatis,
383 452 539 478 necessario
549 453 603 479 erit
616 453 807 487 corruptibilis
819 455 830 481 ?
842 455 901 482 Non
913 455 987 482 enim

206 495 366 529 ignoramus
381 500 406 522 te
422 497 474 524 hoc
497 497 586 524 moliri
601 507 608 523 ξ
624 498 699 532 quod
715 498 827 532 quidem
846 507 986 534 nunquam

204 540 398 573 concedemus,
421 542 472 569 etsi
494 542 599 569 inﬁnita
614 543 674 570 istis
697 543 790 571 addas.
815 544 899 579 Magis
912 545 986 572 enim

204 586 372 614 credendum
383 593 425 614 est
436 588 553 622 principi
569 589 756 623 apostolorum
769 589 861 621 Petro,
875 598 907 617 ac
919 598 994 624 praei

204 634 278 658 terea
300 632 384 658 David
411 633 468 667 regi
495 641 510 659 a
533 634 590 661 Deo
604 634 711 666 electo,
736 638 764 661 et
789 635 985 669 prophetarum

203 676 337 711 principi,
354 678 401 712 qui
417 678 565 712 dixerunt,
590 679 662 714 quod
688 687 752 707 caro
765 680 826 714 ejus
840 688 894 708 non
917 682 989 709 vidit

201 723 407 756 corruptionem
420 725 452 751 ".
701 729 706 735 '

237 767 269 794 Ο.
292 769 521 804 Quandoquidem
550 772 584 798 ab
605 771 733 800 humanis
761 774 984 808 cogitationibus,

202 813 312 847 inquam
326 822 377 849 ego
389 835 395 846 ,
425 823 487 842 sero
502 816 611 843 tandem
626 837 632 849 ,
657 821 685 844 et
706 825 721 844 a
747 818 986 852 probabilitatibus

202 859 359 891 recessisti,
386 864 414 887 et
431 861 464 887 ad
481 861 636 895 Scripturas
660 870 751 892 sacras
769 863 933 898 confugisti;
957 868 985 890 et

201 911 252 931 nos
267 905 400 933 memoria
415 906 557 940 cujusdam
580 907 646 946 dicti
661 907 815 942 prophetici
837 912 932 936 contra
952 916 985 936 ea

199 957 262 983 quae
276 958 291 976 a
307 953 334 977 te
348 950 422 978 dicta
441 956 514 982 sunt.
539 952 673 987 ell‘ugerat
689 961 695 978 :
711 960 776 987 rogo
797 957 824 980 te
846 961 921 981 nunc
954 957 986 980 ut

201 995 254 1022 hoc
275 995 357 1023 nobis
370 996 503 1024 declares.

235 1041 268 1068 II.
288 1042 369 1074 Quid,
388 1043 488 1077 inquit.
514 1044 567 1070 hoc
587 1049 629 1070 est
648 1044 720 1078 quod
744 1044 832 1072 dicis?

233 1087 266 1115 0.
282 1087 360 1120 Quod
371 1089 481 1116 divinus
492 1089 636 1122 Jeremias,
656 1090 786 1124 respondi
806 1098 867 1127 ego,
887 1092 915 1118 in
935 1091 986 1118 La-

200 1134 415 1160 menta-tionibus
427 1134 538 1162 loeutus
551 1139 604 1163 est.
620 1135 812 1162 demonstrans
826 1136 984 1170 prophetice

197 1185 262 1205 eum
278 1178 325 1213 qui
341 1179 550 1207 lamentationes
564 1181 748 1208 dissoluturus
759 1186 836 1214 erat,
865 1182 984 1210 Christus

198 1223 337 1257 Dominus,
358 1225 458 1259 inquit,
475 1227 502 1252 in
523 1227 732 1260 corruptionibus
757 1228 851 1254 nostris
868 1236 985 1262 compre-

198 1270 294 1297 hensus
310 1276 349 1298 est
360 1271 393 1298 “.
407 1272 486 1298 Aliud
496 1272 653 1307 hujusmodi
665 1273 788 1307 reperire
802 1274 867 1301 licet
878 1275 983 1302 dictum

197 1324 231 1342 cx
247 1324 363 1350 persona
382 1317 489 1343 Domini
512 1325 561 1352 per
584 1318 750 1352 Prophetam
767 1327 773 1344 :
791 1318 855 1350 Qum
882 1319 984 1346 utilitas

197 1362 225 1386 in
241 1362 370 1396 sanguine
391 1370 457 1392 meo,
474 1363 536 1388 (tum
553 1363 680 1389 descendo
693 1364 721 1389 in
737 1365 930 1399 corruptionem
940 1365 984 1392 "?

197 1410 342 1444 Inscriptio
359 1416 451 1439 autem
471 1410 565 1444 psalmi
580 1432 587 1443 ,
603 1415 631 1437 et
646 1415 701 1438 tota
718 1411 864 1438 verborum
887 1419 984 1439 conse-

196 1457 318 1490 quentia,
335 1456 415 1483 docet
432 1464 482 1483 nos
497 1456 652 1491 intelligere
677 1456 816 1484 Christum
841 1465 891 1492 per
911 1458 982 1492 psal~

197 1509 272 1531 mum
294 1502 407 1536 mystice
419 1502 633 1536 praefiguratum,
651 1502 802 1529 secundum
818 1502 981 1537 interpreta—
995 1513 1016 1542 ο

197 1546 298 1574 tionem
315 1547 514 1581 theologorum.
544 1547 601 1573 Imo
623 1552 651 1574 et
672 1548 770 1574 Petrus
792 1548 851 1582 ipse
879 1549 912 1575 iis
935 1549 983 1583 qui

197 1593 429 1620 resurrectionem
449 1593 598 1620 Salvatoris
611 1601 665 1620 non
680 1592 839 1626 credebant,
856 1595 985 1629 gravissi-

197 1645 250 1669 me,
269 1643 299 1664 ut
312 1638 452 1670 videmus,
470 1639 537 1666 dicit
550 1639 582 1671 “,
594 1639 665 1672 quod
683 1640 827 1667 suscitavit
841 1648 915 1672 eum,
929 1649 983 1668 non

196 1684 313 1718 amplius
323 1685 355 1711 ad
372 1685 577 1719 corruptionem
592 1693 785 1719 reversurum;
802 1686 875 1720 quod
893 1691 984 1713 autem

152 1719 163 1755 ξ
197 1727 278 1757 dicit.
291 1735 345 1755 non
373 1729 491 1762 amplius
516 1736 693 1756 reversurum
724 1737 785 1757 esse
802 1737 865 1759 eum
879 1751 885 1762 ,
904 1731 984 1765 plane

148 1790 154 1801 ,
196 1772 318 1799 declarat
329 1781 391 1800 eum
415 1773 449 1800 de
464 1781 518 1807 quo
533 1774 586 1801 hoc
603 1774 682 1806 dixit,
693 1782 749 1802 non
766 1774 849 1802 fuisse
864 1776 984 1803 alienum

196 1827 212 1845 ιι
225 1819 356 1852 capienda
368 1820 552 1854 corruptione.
563 1819 604 1846 An
620 1820 704 1854 igitur
721 1828 776 1847 non
794 1825 874 1854 putas
888 1821 986 1849 adver-

197 1864 250 1891 sari
269 1864 327 1891 haec
338 1865 371 1892 iis
387 1873 447 1899 quae
466 1869 521 1892 ate
537 1865 616 1892 allata
630 1869 695 1891 sunt
706 1886 712 1898 ,
728 1869 756 1892 et
772 1873 823 1892 nos
836 1866 985 1900 majoribus

198 1910 316 1937 vinculis
329 1911 487 1945 quaestionis
507 1911 668 1944 implicare?

233 1999 265 2026 Η.
284 2000 337 2027 Per
351 2000 496 2027 veritatem
509 2020 517 2031 ,
542 2000 632 2034 inquit
645 2000 702 2031 ille,
717 2000 802 2027 multa
817 2000 985 2028 obscuritate

198 2045 280 2078 plena
295 2049 360 2071 sunt
379 2044 436 2071 haec
449 2065 457 2077 ,
480 2045 533 2072 nisi
557 2045 676 2079 aliquem
697 2046 876 2080 interpretem
896 2045 985 2079 adipi-

198 2094 320 2122 scantur,
327 2090 373 2124 qui
382 2090 594 2124 discrepantiam
602 2097 663 2125 quae
674 2091 701 2117 in
713 2090 780 2125 ipsis
793 2091 904 2118 videtur
913 2099 983 2124 esse,

198 2136 232 2164 ad
245 2144 358 2171 scopum
371 2136 497 2163 veritatis
510 2136 647 2164 collincet.
656 2124 670 2138 ⁸

1040 227 1135 255 στόλου
1148 229 1362 263 μυσταγωγίαν..

1074 320 1106 344 Α.
1122 318 1153 343 Τί
1166 317 1197 353 δὴ
1211 318 1276 345 ἄλλο
1291 327 1334 352 γε,
1350 319 1414 354 ἔφη,
1429 319 1473 345 διὰ
1487 319 1541 346 τῶν
1552 319 1708 354 εἰρημένων
1717 320 1829 347 τούτων

1039 363 1143 390 πείθειν
1158 372 1188 390 τε
1199 364 1247 391 καὶ
1259 364 1394 391 δεικνύειν
1410 365 1593 397 ἐσπούδακας,
1614 365 1630 400 ἢ
1644 366 1686 392 δτι
1698 365 1822 400 παθητὸς

1038 409 1075 435 ὣν
1087 410 1100 435 ὁ
1120 407 1246 444 Χῇιστὺς,
1265 410 1312 437 καὶ
1327 411 1407 437 τοῦτο
1421 411 1546 445 σώματος
1561 411 1651 446 φύσει,
1663 413 1726 448 οὐχὶ
1739 413 1821 448 θελή-

1038 463 1078 483 σει
1093 455 1219 491 θεότητος
1232 475 1239 487 ,
1266 456 1312 483 καὶ
1327 456 1446 491 φθαρτὸς
1470 456 1500 489 ἐξ
1522 457 1646 492 ἀνάγκης
1668 457 1763 490 Errat;
1781 459 1830 485 Uir

1036 500 1091 536 γὰρ
1103 500 1198 533 ἔλαθες
1208 501 1288 528 τοῦτο
1303 501 1527 533 κατασκευάζων·
1541 503 1610 538 ὅπερ
1620 503 1669 529 οὐκ
1685 503 1718 530 ἂν
1732 503 1822 536 δεξαί-

1038 544 1108 579 μεθα
1122 545 1241 577 πώποτε,
1266 545 1318 572 κᾶν
1335 546 1421 580 μυρία
1441 546 1511 581 πρὸς
1532 547 1639 579 τούτοις
1665 549 1746 583 ἐρεῖς.
1758 549 1822 576 Det-

1037 590 1115 617 στέον
1138 591 1191 625 γὰρ
1208 591 1308 625 μᾶλλον
1321 591 1361 625 τῷ
1377 593 1519 627 κορυφαίῳ
1529 592 1583 618 τῶν
1596 593 1753 620 ἀποστόλων
1766 595 1820 621 ιιι-

1036 643 1102 670 τρῳ,
1121 635 1234 670 προσέτι
1251 635 1279 662 δὲ
1294 636 1342 662 καὶ
1355 636 1395 670 τῷ
1411 638 1439 662 ιν
1455 636 1597 670 βασιλεῦσι
1610 638 1755 673 θεοκρίτῳ,
1771 639 1830 666 καὶ·

1036 681 1228 716 ἁρχιπροφήτῃ
1246 681 1328 708 Δασὶδ
1344 683 1583 718 ἀποφαινομένοις,
1596 683 1637 709 ὅτι
1654 684 1670 718 ἡ
1686 683 1756 719 σὰρξ
1767 684 1819 710 αὑ-

1035 726 1082 753 τοῦ
1095 727 1144 753 οὐκ
1157 728 1211 754 ἴδεν
1225 728 1384 764 διαφθοράν.

1071 773 1102 798 Ο.
1125 772 1236 809 Ἐπειδὴ
1255 773 1310 800 τῶν
1323 774 1373 809 μὲν
1387 774 1576 809 ἀνθρωπίνων,
1595 773 1672 802 εἷπον
1688 775 1755 809 ἐγὼ,
1770 774 1831 810 ὀψέ

1036 818 1062 851 γ’
1078 815 1124 845 οὖν
1138 819 1261 854 ἀπέστης
1276 820 1414 854 λογισμῶν
1427 821 1474 848 καὶ
1490 821 1689 855 πιθανοτήτων.
1708 821 1776 856 πρὸς
1790 821 1822 847 δὲ

1034 864 1082 893 τὰς
1098 863 1172 894 θείας
1188 864 1300 899 Γραφὰς
1315 865 1540 899 καταπέφευγας,
1558 866 1652 900 μνήμη
1668 865 1696 892 δέ
1709 874 1750 897 τις
1772 867 1821 892 καὶ

1034 908 1108 942 ἡμᾶς
1121 908 1298 942 προφητικῆς
1312 909 1454 944 ὑπέδραμε
1471 911 1587 945 ρήσεως,
1602 910 1731 942 ἐναντίως
1744 910 1821 945 ἔχειν

1034 953 1150 979 δοκοῦσα
1157 955 1212 985 τοίς
1223 953 1299 989 παρὰ
1315 954 1374 980 σοῦ·
1382 954 1496 989 ταύτην,
1511 954 1580 981 αίτῶ
1594 963 1636 988 σε,
1646 955 1680 981 τὰ
1694 954 1741 982 νῦν
1752 956 1822 990 ἡμῖν

1033 998 1212 1032 διασάφησον.

1069 1045 1101 1071 Δ.
1115 1045 1183 1070 Τίνα
1203 1044 1316 1080 ταύτην,
1330 1045 1392 1080 ἔφη,
1407 1045 1468 1079 λέγε
1475 1054 1509 1078 ις,
1527 1040 1632 1079 διέξιθι.

1069 1089 1100 1116 0.
1119 1089 1174 1123 Τὴν
1195 1090 1329 1124 Ἰερεμίου
1345 1089 1392 1116 τοῦ
1405 1090 1546 1125 θεηγόρου,
1564 1091 1633 1126 πρὸς
1643 1091 1727 1117 αὑτὸν
1747 1092 1820 1118 ἁπο-

1035 1134 1197 1168 κρινόμενος
1210 1132 1297 1166 εἷπον,
1314 1135 1348 1169 ἣν
1366 1135 1394 1160 ἐν
1410 1136 1466 1166 τοῖς
1482 1136 1598 1170 Θρήνοις
1618 1136 1664 1162 τὸν
1680 1135 1735 1162 τῶν
1752 1135 1821 1171 θρή-

1034 1187 1087 1205 νων
1098 1179 1203 1214 λυτῆρα
1219 1180 1465 1215 προαναῤῥητικῶς
1480 1181 1637 1219 ὑποφαίνων
1655 1181 1820 1216 ἐφθέγξατο,

1034 1226 1160 1259 Χριστὸς
1174 1227 1291 1259 Κύριος,
1306 1227 1404 1260 λέγων,
1419 1227 1596 1261 συνελήφθη
1621 1227 1655 1253 ἐν
1679 1227 1744 1260 ταῖς
1760 1228 1821 1255 δια-

1034 1272 1156 1306 φθοραῖς
1170 1272 1264 1305 ἡμῶν.
1276 1272 1330 1298 Καὶ
1341 1271 1406 1298 ἄλλο
1413 1271 1441 1298 δὲ
1457 1271 1488 1307 δὴ
1501 1272 1608 1299 τοιοῦτο
1622 1275 1654 1299 ὲκ
1670 1272 1822 1307 προσώπου

1033 1315 1080 1341 τοῦ
1105 1315 1209 1349 Κυρίου
1220 1335 1226 1345 ,
1244 1315 1288 1342 διὰ
1305 1315 1353 1342 τοῦ
1371 1317 1510 1350 προφήτου
1530 1316 1668 1351 κηρυχθὲν
1683 1317 1757 1343 ἐστιν
1770 1318 1820 1343 εὑ-

1035 1362 1101 1394 ρεῖν,
1120 1362 1168 1393 Τίς
1183 1360 1311 1395 ὠφέλεια
1325 1361 1359 1387 ἐν
1379 1360 1419 1393 τῷ
1431 1361 1532 1395 αἵματί
1541 1370 1613 1396 μου,
1634 1362 1771 1395 λέγοντος,
1784 1363 1822 1388 ἐι·

1033 1406 1072 1438 τῷ
1088 1406 1277 1432 καταϐαίνειν
1289 1415 1327 1439 με
1340 1407 1383 1438 εις
1399 1406 1582 1440 διαφθοράν;
1598 1407 1633 1433 Ἦ
1645 1416 1675 1433 τε
1690 1407 1745 1442 γὰρ
1759 1409 1821 1434 ἑπι-

1033 1451 1125 1486 γραφὴ
1137 1451 1183 1477 τοῦ
1195 1451 1314 1486 ψαλμοῦ,
1329 1452 1376 1478 καὶ
1393 1452 1409 1486 ἠ
1426 1451 1474 1487 ὅλη
1489 1452 1542 1477 τῶν
1560 1452 1691 1487 ῥημάτων
1704 1453 1821 1480 ἀκολου-

1034 1496 1079 1523 θία
1091 1497 1136 1523 τὸν
1153 1496 1255 1531 Κύριον
1271 1498 1338 1532 ἡμῖν
1352 1498 1424 1522 νοεῖν
1444 1497 1613 1530 ὑποτίθεται,
1631 1498 1675 1524 διὰ
1689 1498 1736 1524 τοῦ
1748 1498 1821 1533 ψαλ-

1037 1542 1087 1578 μοῦ
1102 1542 1241 1577 μυστικῶς
1255 1542 1490 1578 προτυπούμενον,
1505 1544 1576 1569 κατὰ
1595 1544 1645 1578 τὴν
1657 1543 1710 1570 τῶν
1727 1544 1821 1571 850M-

1034 1596 1090 1622 γων
1103 1587 1245 1622 ἐξήγησιν.
1271 1587 1352 1614 Ἃλλὰ
1369 1587 1415 1614 καὶ
1430 1588 1510 1619 αὐτὸς
1532 1588 1545 1614 ὁ
1563 1588 1665 1623 Πέτρος
1682 1589 1820 1623 φαίνεται,

1034 1635 1090 1666 τοῖς
1105 1633 1250 1660 ἀπιστοῦσι
1270 1635 1302 1668 τῇ
1318 1634 1465 1660 ἀναστάσει
1482 1633 1529 1660 τοῦ
1545 1634 1673 1669 Σωτῆρος
1687 1635 1820 1669 ἐμϐριθέ-

1035 1688 1120 1706 στατα
1147 1679 1245 1712 λέγων,
1267 1679 1308 1705 ὃτι
1333 1679 1482 1712 ἀνέστησεν
1513 1679 1606 1711 αὐτὸν,
1634 1681 1735 1715 μηκέτι
1755 1681 1822 1716 μέλ-

1034 1724 1115 1750 λοντα
1125 1723 1307 1759 ὑποστρέφειν
1324 1724 1363 1754 είς
1376 1723 1535 1758 διαφθοράν·
1556 1724 1586 1750 τὺ
1598 1725 1626 1751 δὲ
1639 1726 1736 1760 μηκέτι
1755 1726 1821 1761 μέ).-

1035 1769 1092 1796 λειν
1106 1769 1186 1796 αὑτὸν
1201 1769 1393 1804 ὑποστρέφειν,
1417 1769 1467 1795 οὐκ
1493 1769 1526 1796 ἂν
1549 1770 1690 1797 ὲπὶδεκτον
1716 1771 1822 1805 φθορᾶς

1035 1813 1106 1842 εἶναι
1123 1815 1197 1849 δηλοῖ
1210 1815 1255 1842 τὸν
1271 1816 1333 1850 περὶ
1346 1811 1376 1841 οὗ
1392 1815 1477 1841 ταῦτα
1488 1816 1597 1850 εἴρηκεν
1610 1825 1618 1849 ;
1634 1814 1696 1852 Ἆρ’
1709 1814 1757 1843 οὖν
1769 1817 1822 1844 οὐκ

1035 1861 1085 1887 οῐει
1100 1860 1186 1887 ταῦτα
1205 1862 1261 1892 τοῖς
1276 1860 1350 1894 παρὰ
1370 1860 1416 1886 σοῦ
1435 1861 1679 1896 προενηνεγμένοις
1691 1862 1821 1889 ἀντιστα-

1035 1907 1101 1935 τεῖν,
1118 1907 1165 1932 καὶ
1182 1906 1304 1941 μείζοσιν
1329 1907 1401 1941 ἡμᾶς
1421 1906 1537 1942 ἀπορίας
1556 1906 1663 1940 δεσμοῖς
1685 1907 1821 1942 περιϐάλ-

1036 1962 1107 1986 new;

1069 1998 1102 2024 A.
1117 1997 1159 2032 Νὴ
1174 1999 1223 2032 τὴν
1246 1997 1384 2032 ἀλήθειαν,
1401 1998 1503 2028 ἐκεῖνος
1522 1996 1585 2031 ἔφη.
1610 1997 1711 2032 πολλῆς
1733 1998 1823 2024 ταῦτα

1036 2043 1117 2078 γέμει
1131 2043 1180 2077 τῆς
1194 2042 1338 2077 ἀσαφείας,
1353 2043 1378 2068 εί
1390 2043 1428 2077 μή
1449 2042 1500 2069 πού
1514 2051 1586 2073 τινος
1603 2042 1739 2076 ἐξηγητοῦ
1751 2051 1820 2077 τυγ-

1035 2090 1152 2124 χάνοιεν,
1171 2089 1242 2115 κατὰ
1266 2088 1367 2114 σκοπὸν
1392 2087 1443 2121 τῆς
1460 2087 1600 2122 ἀληθείας,
1619 2088 1668 2122 τὴν
1686 2087 1822 2114 δοκοῦσαν

1037 2134 1065 2160 ὲν
1081 2133 1173 2164 αὐτοῖς
1187 2133 1336 2167 διαφωνίαν
1355 2131 1527 2162 εὐθύνοντος.

233 2181 266 2210 0.
282 2182 339 2217 Age
364 2189 439 2217 ergo,
463 2182 586 2216 inquam,
602 2181 673 2208 bone
688 2182 739 2213 vir,
756 2181 919 2209 sententiam
935 2182 984 2208 ho-

1070 2182 1100 2206 0.
1117 2180 1203 2214 Δεῦρο
1212 2179 1244 2213 δὴ
1258 2176 1315 2210 οὖν,
1327 2175 1417 2209 εἶπον,
1428 2175 1450 2204 ὧ
1459 2177 1586 2204 κάλλιστε
1598 2177 1714 2212 κάγαθὲ,
1728 2178 1759 2204 τὸ
1771 2177 1823 2212 τῆς

194 2236 260 2259 ,-rum
276 2228 443 2255 obseuritate
468 2227 619 2255 involutam
646 2227 752 2261 explica
769 2246 777 2258 ,
797 2231 824 2254 et
841 2227 984 2254 veritatem

194 2275 279 2304 .nobis
295 2274 409 2309 detege,
435 2273 493 2301 sive
515 2281 575 2301 eam
598 2281 614 2300 a
639 2277 674 2305 te,
697 2272 754 2300 sive
776 2273 810 2300 ab
827 2272 881 2299 alio
906 2280 987 2300 acce-

195 2320 275 2356 pisti.

233 2365 267 2392 Η.
287 2366 358 2397 Νοιι,
371 2365 471 2400 inquit,
485 2365 604 2399 aliquam
620 2365 700 2393 valde
716 2366 815 2392 bellam
836 2369 864 2392 et
877 2365 983 2400 specio-

194 2419 256 2439 sam
271 2412 476 2439 excusationem
491 2411 629 2439 invenisse
653 2411 720 2438 mihi
741 2412 818 2438 visus
843 2418 872 2437 es
887 2431 894 2443 ,
921 2418 983 2438 eum

198 2457 346 2484 contrariis
372 2457 584 2484 auctoritatibus
599 2456 742 2484 veritatem
759 2457 864 2490 majore
884 2456 984 2484 obscu-

198 2501 281 2528 ritate
296 2501 451 2530 involvisti:
469 2506 499 2529 ut
516 2502 630 2535 quaestio
646 2501 756 2535 quidem
772 2501 983 2532 dubitationem,

198 2546 336 2574 dubitatio
347 2555 413 2574 vero
426 2547 634 2575 concessionem
649 2546 710 2577 falsi
725 2547 841 2575 latenter
851 2546 983 2573 includat.

199 2592 257 2627 Ego
273 2599 349 2623 vero,
376 2593 433 2620 sive
457 2593 519 2627 quis
548 2592 629 2620 nobis
656 2592 771 2619 dubium
789 2592 985 2620 auctoritatum

201 2638 408 2672 interpretetur,
421 2639 479 2666 sive
493 2647 563 2669 non.
580 2646 721 2673 nunquam
739 2646 755 2665 a
776 2638 912 2666 sententia
926 2645 986 2665 mea

202 2683 340 2711 discedam
354 2693 361 2716 ;
382 2692 444 2711 cum
462 2689 556 2719 aperte
577 2685 677 2712 clamet
689 2684 840 2719 Scriptura,
856 2685 919 2719 quia
931 2692 986 2711 non

237 2785 259 2800 ’¹
276 2785 405 2818 Hebr.,n,
424 2786 464 2812 Η.

206 2825 271 2852 εθιιιι

514 2787 535 2802 ’³
551 2787 620 2814 Psal.
638 2795 681 2819 xv,
698 2787 744 2820 l0;
766 2788 824 2814 Act.
840 2794 868 2818 ιι,
884 2786 928 2813 27.
970 2786 985 2801 ¹¹

1039 2787 1113 2812 ἓπειι.
1143 2792 1178 2816 ιν,
1196 2782 1241 2810 9.0.
1284 2783 1305 2798 ⁸⁸
1328 2781 1398 2809 Psal.
1423 2788 1493 2811 uix,
1524 2779 1564 2806 l0.

1034 2225 1135 2252 τούτων
1150 2225 1268 2256 διανοίας
1281 2223 1525 2257 συνεσκιασμένον,
1552 2223 1703 2254 assumo;
1718 2224 1823 2250 ἀνακα-

1034 2271 1131 2306 λύψας,
1146 2271 1195 2308 τὴν
1211 2271 1341 2306 ἀλήθειαν
1357 2271 1423 2304 ἡμῖν
1439 2269 1671 2304 παραγύμνωσον,
1685 2270 1740 2296 εἴτε
1756 2271 1821 2305 παρ’

1034 2317 1134 2344 ἑαυτοῦ
1150 2317 1264 2350 ταύτην,
1282 2316 1338 2342 εἴτε
1354 2315 1404 2341 καὶ
1428 2315 1493 2349 παρ’
1512 2314 1606 2350 ἑτέρου
1628 2314 1718 2341 λαϐὼν
1735 2315 1820 2349 ἔχεις.

1069 2363 1101 2389 Α.
1113 2363 1150 2388 Οὐ
1161 2361 1256 2396 καλὴν,
1270 2360 1333 2395 ἔφη,
1341 2360 1402 2385 τινὰ
1412 2358 1562 2389 παντελῶς,
1571 2358 1631 2384 οὐδὲ
1641 2358 1822 2392 εὐπρόσωπον

1033 2408 1125 2440 ἑδοξὲις
1135 2415 1179 2442 μοι
1189 2408 1237 2440 τὴν
1248 2406 1384 2441 πρόφασιν
1394 2405 1525 2440 ἐξευρεῖν,
1535 2405 1594 2435 ταῖς
1605 2403 1754 2434 ἀντιθέτοις
1765 2403 1821 2430 τῶν

1037 2458 1153 2491 ῥήσεων,
1174 2453 1278 2488 μείζονι
1294 2452 1342 2486 τὴν
1365 2451 1495 2486 ἀλήθειαν
1513 2449 1632 2483 ἀσαφείᾳ
1653 2449 1819 2485 περιὸαλὼν,

1037 2502 1081 2528 ἵνα
1095 2509 1136 2527 σοι
1148 2501 1165 2534 ὴ
1178 2499 1226 2533 μὲν
1237 2497 1338 2533 ἀπορία
1349 2497 1398 2532 τὴν
1411 2495 1587 2530 ἀμφιϐολίαν,
1600 2496 1617 2530 ὴ
1628 2495 1657 2521 δὲ
1670 2494 1822 2528 ἁμφιὸολία

1037 2547 1087 2582 τὴν
1095 2545 1241 2580 ὁμολογίαν
1250 2542 1477 2578 παρεισκυκλήσῃ
1486 2541 1533 2567 τοῦ
1541 2541 1665 2574 ψεύδους.
1674 2539 1745 2572 Ἐγὼ
1756 2539 1822 2573 γοῦν

1038 2591 1093 2618 εἴτε
1112 2599 1153 2621 τις
1165 2588 1328 2624 ὲρμηνεύσοι
1343 2587 1421 2621 λόγος
1437 2588 1514 2621 ἡμῖν,
1531 2585 1585 2611 εἴτε
1605 2585 1652 2611 καὶ
1672 2585 1710 2618 μὴ
1724 2584 1754 2610 τὸ
1767 2583 1822 2611 τῶν

1041 2638 1144 2673 ῥήσεων
1169 2634 1283 2669 ἄπορον,
1307 2633 1358 2659 οὐκ
1381 2633 1414 2659 ἄν
1430 2640 1496 2658 ποτε
1510 2633 1560 2666 τῆς
1574 2629 1694 2665 ἐμαυτοῦ
1708 2629 1823 2663 γνώμης

1040 2681 1202 2715 ἀποσταίην,
1218 2679 1366 2714 διαρρήδην
1376 2678 1423 2711 τῆς
1439 2676 1619 2704 θεοπνεύστου
1634 2673 1739 2710 βοώσης
1751 2674 1824 2706 Γρα-

1607 2779 1629 2793 "‘
1647 2779 1707 2806 Act.
1731 2785 1760 2811 ιι,
1789 2768 1820 2806 ἐι
