1973 3098
164 122 229 156 1341

162 181 232 214 φῆς,
252 181 293 207 ὅτι
310 181 360 208 οὒκ
376 182 573 218 ἐγκατελείφθη
599 185 614 218 ὴ
640 184 711 219 ψυχὴ
733 184 814 211 αὑτοῦ
835 186 874 216 εἰς
892 185 937 210 τδν

161 225 237 260 ᾅδην,
259 227 318 253 οὐδὲ
331 227 348 262 ἡ
367 227 432 262 σὰρξ
448 229 530 259 αὑτοῦ
547 229 601 255 ἴδεν
615 229 773 264 διαφθοράν.

195 272 224 298 0.
250 271 295 303 Ὠς
315 275 452 306 πεφυκυῖα
474 275 520 301 τοῦ
549 275 730 310 φθείρεσθαι,
763 276 831 311 πρὸς
859 276 939 301 αὑτὸν

160 313 246 348 εἷπον,
262 318 312 344 οὐκ
327 318 380 344 εδεν
396 319 560 354 διαφθοράν;
577 321 592 356 ἦ
618 322 641 347 εὶ
666 323 703 356 μὴ
718 321 807 354 τοῦτο,
822 322 937 356 ἀπόκρι-

160 369 203 387 ναι
206 383 213 389 .

195 407 226 432 Δ.
247 406 291 438 Ὠς
309 408 345 443 μὴ
364 411 511 444 πεφυκυῖα,
527 412 608 443 εὐθὺς
630 412 696 447 μηδὲ
716 413 853 443 παντελῶς
874 413 939 439 ὑπο-

161 452 331 487 στειλάμενος
341 474 348 485 ,
368 454 431 489 ἔφη.

193 539 223 566 0.
240 540 355 572 Οὐκοῦν,
371 541 473 576 ἔλεγον,
489 544 570 571 ταυτὸ
588 545 620 579 δὴ
645 546 722 572 τοῦτο
740 547 786 573 καὶ
809 548 871 582 περὶ
888 548 938 581 τῆς

157 583 245 618 ψυχῆς
258 585 363 621 ἀνάγκη
384 595 412 614 σε
433 588 539 620 πάντως
552 589 711 624 ὁμολογεῖν·
727 592 792 626 περὶ
812 593 866 627 γὰρ
885 594 938 626 ἀμ-

157 631 217 680 φρζν
230 633 410 680 συνμημμένως
422 633 436 659 ὸ
451 635 595 669 προφήτης
609 636 641 662 ἐκ
658 636 803 671 προσώπου
820 637 867 664 τοῦ
884 639 938 664 Σω-

155 676 238 710 τῆρος
256 676 436 711 εὐχαριστῶν,
449 679 479 705 τὸ
500 680 537 714 μὴ
560 681 808 716 ἐγκαταλειφθῆναι
822 684 871 717 τὴν
885 683 937 717 ψυ-

154 720 206 755 χὴν
223 721 305 747 αὐτοῦ
318 723 355 757 είς
369 722 415 748 τὸν
427 723 502 758 ᾅδην,
521 726 588 759 μηδὲ
602 726 651 761 τὴν
669 728 756 762 σάρκα
771 728 853 754 αὐτοῦ
873 729 937 754 [δεῖν

152 763 300 799 διαφθορὰν
312 766 498 802 ἀνεφώνησεν.

187 821 220 846 Α.
236 821 290 847 Καὶ
307 822 360 857 γὰρ
378 823 410 857 δὴ
427 825 474 850 καὶ
490 826 552 860 περὶ
564 826 613 860 τῆς
622 826 722 861 ψυχῆς,
738 827 801 862 ἔφη,
816 828 862 854 τοῦ
879 830 934 855 Κυ-

153 864 212 898 ρίου
241 865 271 891 τὸ
287 866 343 892 ἴσον
365 867 469 903 εἴποιμ’
487 869 530 902 ἂν,
552 871 593 897 ὅτι
611 871 691 904 φύπιν
717 872 766 898 οὐκ
793 871 865 907 εἶχεν
891 875 932 906 εἰς

149 909 216 945 ᾅδου
231 912 498 948 καταλιμπάνεσοαι.

186 967 217 992 0.
237 964 300 1001 ’Ἆρ’
322 967 380 999 οὖν,
405 969 484 1004 ἔφην,
503 971 562 997 οὐδὲ
578 972 618 1002 είς
634 972 679 998 τὸν
699 973 765 1008 ᾅδην
783 973 866 1009 αὐτὴν
883 983 931 1001 κα-

149 1013 379 1046 ταπεφοιτηκέναι
397 1013 528 1049 δώσομεν.

185 1067 216 1092 Α.
227 1066 255 1092 '0
265 1067 303 1099 δὲ,
316 1068 400 1094 Τοῦτο
415 1070 463 1102 μὲν
473 1071 522 1097 οὐκ
534 1071 565 1098 ἂν
580 1073 736 1108 ἀρνηθείην,
745 1075 845 1109 ἔλεγεν,
861 1085 929 1111 κρα-

149 1111 254 1137 τεῖσθαί
269 1121 299 1145 γε
319 1113 371 1147 μὴν
387 1114 417 1139 οὐ
434 1115 539 1149 πέφυκε
556 1118 738 1145 παντάπασιν.

185 1169 215 1194 0.
235 1169 420 1202 Παραλλὰττει
435 1170 510 1204 γοῦν,
524 1172 603 1207 ἔφην,
619 1173 673 1200 τῶν
685 1175 825 1210 ἡμετέρων
836 1176 930 1212 ψυχῶν

149 1213 219 1239 κατὰ
236 1213 285 1248 τὴν
302 1214 382 1247 φύσιν
399 1216 414 1250 ὴ
430 1215 476 1241 τοῦ
490 1217 594 1252 Κυρίου
608 1218 699 1255 ψυχή;

183 1269 214 1295 Δ.
229 1269 286 1304 Οὐχ
307 1270 348 1296 ὅτι
363 1271 555 1305 παραλλάττει,
573 1274 636 1310 ἔφη,
652 1276 710 1302 ἀλλ’
726 1278 765 1304 δτι
780 1279 818 1312 τῷ
834 1279 928 1314 Κυρίῳ

149 1315 368 1359 συγκεκραμένη,
385 1315 434 1350 τῆς
445 1318 490 1344 τοῦ
502 1318 564 1353 ᾅδου
578 1322 698 1356 κατοχῆς
714 1323 866 1359 ὑψηλοτέρα
880 1325 927 1351 καὶ

148 1358 281 1394 κρείττων
300 1359 460 1395 ἐτύγχανεν.

182 1416 214 1442 0.
237 1415 352 1448 Οὐκοῦν,
370 1417 450 1451 ἔφην,
464 1419 494 1444 οὺ
511 1418 554 1445 διὰ
566 1420 614 1454 τὴν
631 1419 731 1455 ἑαυτῆς
752 1420 832 1455 φύσιν
849 1422 927 1455 (ταύ-

145 1468 196 1494 την
207 1459 261 1495 γὰρ
275 1461 370 1495 ὁμοίαν
390 1461 462 1496 εἶχεν
485 1465 543 1494 ταῖς
557 1464 649 1496 ἄλλαις
670 1466 787 1497 ἁπάσαις
803 1466 924 1502 ψυχαῖς),

682 130 829 159 CONTRA
849 129 1006 159 NESTOR.
1025 130 1072 158 ET
1089 130 1247 160 EUTYCH.

1707 131 1774 166 1342

952 187 974 214 Α
989 189 1032 211 est
1041 184 1170 213 derelicta
1179 187 1269 213 anima
1283 187 1343 221 ejus
1359 186 1385 212 in
1397 185 1514 218 inferno,
1527 193 1615 219 neque
1630 191 1695 211 (aro
1710 184 1768 218 ejus

992 230 1057 256 vidit
1073 231 1287 265 corruptionem.

1023 275 1054 303 0.
1071 276 1211 310 Tanquam
1226 282 1288 311 apta
1302 281 1364 304 nata
1379 276 1413 303 ad
1423 276 1639 310 corruptionem,
1656 275 1767 308 inquam

988 329 1047 355 ego,
1065 330 1120 349 non
1139 322 1207 349 vidit
1229 322 1451 357 corruptionem?
1468 321 1522 348 Aut
1544 320 1566 347 si
1590 327 1645 346 non
1660 323 1702 345 est
1719 319 1767 350 ita,

989 368 1133 402 responde.

1023 413 1055 440 Η.
1073 414 1212 448 Tanquam
1231 422 1284 441 non
1305 419 1366 448 apta
1386 417 1482 440 natura
1502 421 1555 439 von
1577 412 1646 438 vidit
1671 418 1764 437 eorru-

987 459 1129 493 ptionem,
1156 459 1248 486 statim
1283 459 1372 494 inquit
1393 459 1455 490 ille,
1482 458 1550 485 nihil
1575 465 1688 492 prorsus
1713 455 1767 482 dus

987 505 1087 532 bitans.

1021 550 1053 577 0.
1072 550 1166 585 Igitur,
1179 551 1288 584 inquam
1304 557 1365 584 ego,
1382 550 1434 576 hoc
1449 549 1536 583 ipsum
1553 548 1634 575 etiam
1653 554 1765 574 necesse

986 600 1027 622 est
1038 599 1063 622 te
1075 595 1109 622 de
1121 595 1210 622 anima
1220 603 1334 629 prorsus
1348 594 1471 622 confiteri
1485 603 1491 620 :
1504 594 1538 620 de
1555 594 1676 627 utrisque
1691 592 1764 619 enim

986 641 1132 674 conjuncte
1147 641 1282 674 Propheta
1296 648 1330 667 ex
1345 647 1462 674 persona
1480 639 1630 666 Salvatoris
1645 646 1766 672 pronunt-

987 687 1064 713 tiavit
1089 686 1190 721 gratias
1206 693 1307 720 agens.
1324 685 1396 720 quod
1424 685 1513 712 anima
1529 685 1589 719 ejus
1613 692 1667 711 non
1693 690 1765 710 esset

985 732 1079 758 relicta
1095 731 1122 758 in
1140 731 1257 762 inferno,
1274 739 1363 770 neque
1380 738 1443 757 caro
1456 731 1515 764 ejus
1538 730 1650 756 vidisset
1670 736 1764 754 corru-

984 776 1116 811 ptionem.

949 849 969 878 Β
1018 833 1050 860 Η.
1065 833 1158 867 Atqui,
1174 833 1272 867 inquit,
1290 832 1362 859 idem
1378 832 1411 859 de
1429 832 1519 859 anima
1534 830 1638 858 Domini
1662 829 1762 859 dicam,

977 878 1056 913 quod
1070 886 1124 905 non
1143 878 1262 905 habebat
1283 882 1407 905 naturam
1423 898 1430 909 ,
1458 881 1487 903 ut
1509 876 1711 910 relinqueretur
1734 875 1762 901 in
1795 882 1798 884 τ

983 924 1103 951 inferno.

1016 981 1048 1008 0.
1063 981 1147 1016 igitur
1160 1001 1167 1012 ,
1185 981 1295 1014 inquam
1314 980 1371 1014 ipse
1384 999 1390 1010 ,
1417 986 1466 1005 nec
1489 978 1521 1004 ad
1547 977 1683 1004 infernum
1700 983 1760 1003 eam

982 1026 1157 1054 descendisse
1177 1026 1367 1053 concedemns.

1016 1083 1048 1109 li.
1063 1081 1120 1108 Hoc
1133 1089 1208 1114 vero,
1227 1081 1315 1115 inquit
1330 1081 1384 1108 ille.
1410 1087 1464 1106 non
1482 1078 1648 1113 negaverint,
1665 1084 1760 1103 verum

981 1132 1010 1155 ut
1026 1132 1167 1155 teneretur
1179 1127 1227 1158 ibi,
1240 1135 1295 1154 non
1313 1126 1438 1160 fuitapta
1455 1125 1574 1160 penitus.

1014 1184 1045 1211 0.
1060 1183 1157 1210 Diﬂ‘crt
1168 1183 1260 1217 igitur.
1275 1183 1328 1213 aio,
1340 1182 1373 1208 ab
1387 1181 1484 1208 animis
1496 1181 1597 1207 nostris
1610 1179 1760 1206 secundum

979 1234 1104 1255 naturam
1117 1228 1207 1254 anima
1221 1227 1334 1254 Christi.

1015 1284 1046 1310 Il.
1071 1284 1130 1310 Non
1146 1284 1210 1317 quia
1229 1282 1319 1309 ditl‘ert
1331 1303 1337 1312 ,
1368 1282 1456 1316 inquit
1477 1282 1522 1308 ille
1534 1301 1541 1312 ,
1558 1281 1603 1309 sed
1621 1281 1684 1314 quia
1701 1285 1760 1306 erat

979 1329 1054 1356 unita
1068 1329 1193 1360 Domino,
1208 1335 1262 1354 non
1279 1333 1385 1362 poterat
1401 1328 1428 1354 in
1449 1327 1545 1354 inferis
1557 1327 1686 1354 detineri.

1011 1428 1043 1454 0.
1062 1428 1120 1454 Non
1139 1428 1231 1462 igitur,
1250 1427 1304 1454 dixi
1318 1435 1378 1461 ego.
1402 1431 1515 1462 propter
1530 1431 1653 1453 naturam
1669 1434 1756 1455 suam.

977 1474 1047 1500 hanc
1060 1474 1133 1500 enim
1147 1473 1263 1500 similem
1280 1473 1386 1500 caeteris
1405 1473 1533 1500 omnibus
1555 1472 1654 1499 animis
1672 1472 1758 1498 hahe-

146 1505 213 1533 ἀλλὰ
227 1506 271 1533 διὰ
287 1507 336 1542 τὴν
354 1507 400 1534 τοῦ
420 1508 507 1542 Λόγου
526 1509 651 1545 θεότητα,
680 1512 740 1546 μεθ’
756 1509 789 1547 ἧς
813 1514 860 1539 καὶ
884 1515 924 1545 εἰς

986 1523 1042 1551 )at;
1068 1518 1115 1545 sed
1137 1522 1247 1552 propter
1266 1518 1436 1545 divinitatem
1450 1518 1531 1545 Verbi
1545 1538 1552 1549 ,
1576 1525 1638 1544 cum
1656 1525 1708 1551 qua
1723 1517 1757 1543 ad

145 1551 210 1585 ᾅδου
242 1553 445 1588 καταϐἐΰηκεν,
469 1555 500 1581 οὐ
524 1556 570 1582 τοῦ
597 1557 754 1591 κρατεῖσθαι
782 1559 860 1592 μόνον
882 1558 925 1591 ιε-

144 1596 239 1632 ῄρητο,
253 1598 320 1623 ἀλλὰ
334 1599 380 1624 καὶ
393 1599 448 1625 τῶν
462 1600 552 1626 ἐκεῖσε
571 1603 795 1637 κεκρατημένων,
812 1604 859 1630 καὶ
878 1613 926 1631 πι-

146 1643 315 1669 στευσάντων
334 1643 418 1678 αὐτῷ.
436 1644 469 1670 τὰ
489 1645 576 1680 δεσμὰ
594 1647 714 1674 λέλυκεν.

178 1687 211 1714 Δ.
229 1687 322 1719 Οὕτως
339 1686 414 1714 εἶπεν
430 1689 512 1724 ἔχειν.

179 1744 210 1770 0.
226 1744 266 1770 Τὰ
291 1746 468 1780 παραπλήσια
492 1747 530 1777 δὲ,
548 1747 602 1780 ἐγὼ
617 1747 694 1774 εἷπον
706 1770 713 1782 ,
729 1750 776 1776 καὶ
798 1752 860 1786 περὶ
875 1752 924 1786 τῆς

145 1789 244 1823 σαρκὸς
258 1790 304 1816 τοῦ
326 1791 428 1825 Κυρίου
451 1794 520 1817 νοεῖν
538 1793 656 1833 ἔξεστιν·
672 1795 713 1821 ὅτι
730 1796 793 1822 ὅσον
812 1797 861 1831 μὲν
878 1798 924 1823 ἐπὶ

143 1834 182 1869 τῷ
194 1835 308 1870 ὁμοφυεῖ
321 1835 370 1868 τῆς
388 1837 490 1871 σαρκὸς
510 1838 605 1866 αὑτοῦ.
623 1840 691 1873 πρὸς
703 1840 736 1866 τὰ
751 1841 806 1867 τῶν
823 1841 923 1868 λοιπῶν

143 1880 294 1914 ἀνθρώπων
309 1880 431 1916 σώματα,
446 1882 540 1917 ὥσπερ
555 1883 694 1918 τέθνηκεν,
712 1884 783 1911 οὕτω
795 1887 840 1912 καὶ
852 1887 922 1920 φθα-

144 1926 222 1961 ρῆναι
237 1925 359 1960 ἠδύνατο·
375 1927 404 1952 τὸ
419 1927 446 1955 δὲ
466 1928 503 1962 μὴ
519 1928 655 1964 ἐφθάρθαι
671 1930 747 1961 αὐτὸ,
762 1932 793 1957 οὐ
808 1934 857 1966 τῆς
871 1933 923 1966 φύ-

145 1978 212 1999 sse);
236 1970 285 2004 τὴν
312 1971 489 2006 παραλλαγὴν
512 1972 657 2006 δείκνυσιν,
684 1975 750 2001 ἀλλὰ
775 1977 823 2010 τῆς
849 1968 924 2010 θείας

144 2014 230 2049 ῥοπῆς
253 2015 301 2049 τὴν
318 2016 452 2050 παναθενῆ
468 2025 497 2042 τε
526 2018 573 2044 καὶ
596 2012 759 2055 δραὰτήριον
787 2021 920 2056 δύναμιν·

141 2059 234 2095 ὥσπερ
248 2060 282 2086 αὖ
294 2060 340 2086 καὶ
356 2060 386 2086 τὸ
400 2061 446 2087 ἐπὶ
464 2062 598 2096 πελάγους
613 2064 747 2097 πεζεύειν,
764 2066 793 2092 οὐ
806 2066 921 2101 δήλωσις

140 2103 174 2138 ἦν
195 2105 245 2140 τῆς
263 2105 370 2139 φύσεως
385 2106 431 2132 τοῦ
454 2107 590 2141 σώματος,
617 2109 684 2135 ἀλλὰ
712 2111 855 2146 γνώρισμα
870 2113 920 2147 τῆς

141 2150 283 2184 θεότητοςο
299 2149 369 2177 ὥστε
383 2152 413 2176 τὸ
430 2152 479 2186 μὲν
498 2152 669 2187 τεθνηκέναι.
687 2156 735 2190 τῆς
751 2157 857 2190 φύσεως

142 2194 286 2230 σώματος,
307 2197 387 2223 ἴδιον·
412 2197 442 2222 τὺ
464 2197 492 2223 δὲ
521 2197 558 2232 μὴ
587 2199 722 2235 ἐφθάρθαι
755 2202 837 2236 αὐτὸ,
871 2205 920 2239 τῆς

142 2239 267 2274 οεύτητος
295 2241 343 2276 τὴν
367 2242 482 2276 δύναμιν
498 2243 650 2277 σημαίνειν.

174 2297 205 2322 Δ.
222 2296 316 2328 Οὕτως
337 2297 409 2332 ἔχειν
423 2299 470 2324 καὶ
485 2298 565 2330 αὐτὸς
578 2297 664 2334 οἶμαι.

173 2341 205 2367 0.
222 2341 277 2366 Καὶ
300 2341 327 2367 τί
348 2342 379 2376 δή
396 2351 460 2368 ποτε
473 2363 479 2374 ,
498 2344 566 2378 πρὸς
588 2345 669 2371 αὐτὺν
689 2343 765 2372 εἶπον
777 2367 785 2379 ,
812 2349 920 2382 Ὀρθῶς

140 2386 327 2419 προσφέρων,
347 2387 389 2420 μὴ
405 2387 497 2429 ὀρθῶς
512 2389 561 2415 καὶ
575 2388 696 2423 διαιρεῖς
705 2400 716 2424 ;
733 2392 804 2419 κατὰ
825 2394 854 2420 τὺ
875 2394 920 2421 λό-

139 2439 208 2463 γιον,
225 2431 366 2464 ἀποδιδοὺς
391 2434 422 2467 τῇ
444 2433 523 2468 σαρκὶ
548 2435 598 2469 μὲν
625 2436 658 2462 τὰ
671 2437 720 2471 τῆς
745 2438 861 2472 φύσεως,
886 2441 921 2467 τὰ

137 2475 166 2501 δὲ
182 2475 251 2510 ὑπὲρ
265 2476 350 2512 αὐτὴν
364 2479 397 2512 τῇ
412 2478 559 2515 ἀπορρήτῳ
578 2481 624 2508 τοῦ
640 2482 726 2516 Λόγου
742 2484 788 2510 καὶ
800 2485 918 2521 ὑπερθυ-

139 2521 189 2568 οίῳ
197 2521 327 2568 Ῠδυνάμει.
346 2523 439 2560 Ταύτῃ
457 2525 511 2560 γὰρ
529 2526 578 2562 ἔσῃ
591 2529 637 2554 καὶ
658 2529 706 2564 τὴν
720 2531 774 2557 τῶν
787 2532 916 2568 ἀνωτέρω

138 2567 228 2601 ῥητῶν
244 2567 391 2602 διαφωνίαν
413 2570 627 2605 ἐπιλυσάμενος,
650 2575 696 2600 καὶ
715 2575 765 2609 τῆς
787 2577 916 2611 ἀληθείας

137 2613 345 2649 καταστοχάσῃο
362 2614 538 2648 συνειλῆφθαι
563 2616 612 2650 μὲν
630 2618 710 2645 αὑτὸν
731 2620 759 2646 ὲν
779 2623 838 2652 ταῖς
856 2622 915 2648 δια-

137 2655 252 2701 φθοραῖς
268 2658 347 2692 ἡμῶν
366 2659 396 2685 τὸ
417 2661 566 2694 πεφυκέναι
582 2660 677 2695 λέγων,
703 2665 749 2691 καὶ
765 2666 915 2701 κατεληλυ-

139 2699 214 2727 θέναι
228 2703 267 2734 είς
279 2703 436 2739 διαφθορὰν,
452 2706 480 2731 ὲν
492 2708 548 2738 τοῖς
572 2709 745 2744 φθοροποιοίς
770 2699 915 2748 γενόμενον

171 2786 194 2805 ³⁷
209 2786 275 2815 Gen.
298 2796 334 2821 iv,
349 2790 363 2815 7
377 2798 430 2818 sec.
448 2791 527 2822 LXX.

976 1563 1078 1591 inferos
1093 1563 1246 1594 descendit,
1261 1571 1315 1590 non
1332 1563 1419 1590 solum
1444 1571 1478 1590 ne
1499 1563 1585 1590 teneri
1601 1568 1702 1597 posset,
1725 1562 1759 1588 li.

975 1610 1040 1636 hera
1057 1609 1118 1641 fuit,
1133 1609 1180 1636 sed
1193 1616 1288 1635 eorum
1305 1609 1350 1642 qui
1369 1609 1423 1635 illic
1443 1609 1606 1636 tenebantur
1622 1612 1649 1635 et
1665 1608 1758 1635 credi-

975 1656 1075 1682 derunt
1092 1656 1128 1686 ei,
1143 1655 1250 1682 vincula
1268 1655 1358 1681 solvit.

1011 1701 1042 1728 Η.
1062 1701 1117 1732 Sic,
1135 1701 1235 1735 inquit,
1253 1695 1357 1727 habet.’

1010 1757 1041 1785 0.
1063 1758 1179 1789 Similia,
1196 1757 1305 1791 inquam
1317 1764 1377 1792 ego,
1394 1756 1426 1783 de
1437 1764 1519 1784 carne
1533 1756 1640 1783 Domini
1654 1756 1757 1783 intelli«

973 1810 1037 1838 gere
1055 1803 1137 1836 licet;
1151 1802 1225 1837 quod
1239 1803 1354 1834 scilicet,
1371 1806 1504 1836 quantum
1519 1802 1616 1828 attinet
1629 1801 1661 1828 ad
1680 1801 1757 1828 sitni-

973 1848 1118 1875 litudinem
1146 1848 1236 1875 carnis
1261 1848 1320 1882 ejus
1338 1855 1400 1874 cum
1420 1847 1588 1882 reliquorum
1614 1847 1757 1874 hominum

973 1893 1146 1927 corporibus,
1161 1893 1231 1920 sicut
1250 1897 1376 1919 mortuus
1393 1898 1445 1924 est,
1464 1893 1504 1919 sic
1521 1893 1602 1919 etiam
1616 1892 1754 1926 corrumpi

972 1939 1070 1972 potuit.
1095 1937 1154 1964 Non
1177 1937 1261 1964 fuisse
1279 1942 1370 1964 tamen
1384 1942 1546 1971 corruptum
1570 1945 1624 1964 non
1643 1937 1756 1964 demon~

972 1987 1039 2013 strat
1061 1983 1240 2010 mutationem
1267 1988 1390 2014 naturaa,
1416 1983 1465 2010 sed
1492 1984 1707 2017 omnipotentem
1728 1987 1754 2010 et

971 2028 1106 2056 efﬁcacem
1122 2028 1253 2055 virtutem
1265 2029 1350 2055 divini
1370 2032 1454 2055 nutus
1464 2032 1493 2055 et
1514 2028 1663 2055 voluntatis
1680 2037 1687 2054 :
1703 2028 1755 2055 sic-

971 2073 1011 2100 uti
1044 2073 1149 2108 ingredi
1163 2073 1280 2108 pedibus
1296 2081 1379 2107 super
1393 2081 1467 2100 mare
1481 2081 1536 2100 non
1546 2073 1755 2100 fuitdeclaratio

971 2123 1085 2151 naturae,
1102 2119 1149 2146 sed
1164 2119 1296 2146 indicium
1322 2119 1486 2147 divinitatis.
1509 2120 1599 2151 Quare
1614 2123 1756 2151 mortuum,

871 2159 918 2185 τοῦ
936 2171 958 2199 D
973 2165 1082 2199 quidem
1100 2172 1160 2192 esse
1181 2165 1321 2199 proprium
1341 2165 1393 2191 fuit
1405 2169 1512 2191 naturze
1530 2164 1670 2199 corporis;
1694 2171 1755 2190 cor-

972 2216 1082 2244 ruptum
1106 2217 1171 2237 vero
1196 2217 1251 2236 non
1283 2210 1386 2242 fuisse,
1420 2210 1572 2244 potentiam
1603 2209 1754 2236 divinitatis

971 2254 1152 2290 signiﬁcabat.

1008 2312 1040 2338 li.
1061 2311 1116 2343 Sic,
1134 2311 1233 2345 inquit,
1254 2315 1281 2338 et
1305 2311 1362 2345 ipse
1382 2310 1493 2344 opinor,

1004 2357 1035 2384 Ο.
1051 2356 1120 2389 Quid
1136 2365 1212 2391 ergo,
1229 2357 1339 2390 inquam
1354 2364 1404 2390 ego
1425 2355 1474 2388 illi,
1499 2355 1564 2383 Cum
1585 2360 1653 2382 recte
1665 2357 1750 2391 offers,

970 2405 1106 2428 non’rccre
1127 2400 1244 2427 dividis?
1260 2405 1290 2427 ut
1311 2401 1349 2427 ait
1363 2400 1503 2435 Scriptura
1516 2401 1538 2416 ¹⁷
1554 2408 1560 2425 :
1579 2399 1676 2426 tribuis
1691 2400 1752 2433 qui-

969 2446 1032 2473 dem
1047 2445 1122 2472 carni
1138 2451 1198 2477 qua:
1220 2449 1326 2472 natura:
1348 2450 1431 2477 sunt;
1446 2452 1506 2478 quae
1521 2452 1586 2471 vero
1604 2451 1686 2478 supra
1700 2451 1750 2470 na~

972 2495 1059 2517 turam
1074 2495 1148 2521 sunt,
1163 2491 1291 2525 potentia:
1303 2491 1384 2517 Verbi
1400 2498 1460 2524 quae
1473 2498 1554 2524 supra
1569 2489 1750 2517 substantiam

970 2541 1012 2563 est
1024 2537 1035 2562 ’ἶ
1046 2536 1103 2563 Hoc
1115 2537 1189 2563 enim
1207 2536 1288 2563 modo
1305 2536 1478 2570 superiorum
1491 2536 1682 2563 auctoritatum
1696 2536 1751 2563 dis-

968 2580 1137 2614 crcpantiam
1158 2581 1247 2607 solves
1259 2600 1265 2612 ,
1288 2585 1315 2607 et
1332 2581 1474 2608 veritatem
1487 2581 1662 2615 assequeris:
1676 2588 1751 2608 com-

969 2626 1136 2660 prehensum
1156 2625 1267 2660 quidem
1284 2633 1344 2653 esse
1362 2626 1389 2652 in
1405 2626 1630 2663 eorruptionibus
1647 2626 1749 2653 nostris

968 2671 1137 2706 significabat
1156 2670 1231 2704 quod
1245 2675 1349 2698 natura:
1362 2671 1468 2699 inerat:
1487 2671 1661 2706 descendisse
1683 2678 1748 2697 vero

967 2717 995 2743 in
1011 2716 1215 2751 corruptionem
1229 2736 1236 2748 ,
1267 2716 1436 2752 signiﬁcabat
1460 2718 1568 2744 venisse
1588 2717 1621 2744 ad
1636 2716 1695 2743 loca
1719 2721 1746 2747 et
