1973 3098
201 122 268 154 1343

828 117 982 148 LEONTII
1005 119 1206 149 BYZANTINI

1753 125 1823 157 1344

199 187 243 205 res
251 181 460 211 corrutnpeutes
472 185 478 203 :
494 184 548 203 non
559 175 659 202 vidisse
670 175 886 209 corruptionem,
898 173 982 208 signi-

1041 174 1078 199 ιαὶ
1089 174 1182 205 τόποις
1205 175 1252 200 καὶ
1274 176 1433 210 πράγμασι·
1456 176 1492 211 μὴ
1518 177 1581 203 ἰδεῖν
1604 178 1633 204 δὲ
1656 168 1818 214 διαφθορὰν,

200 225 261 250 ticat
276 231 330 249 non
344 230 404 249 esse
421 226 565 256 expertum
583 221 788 255 corruptionem
809 219 898 246 Verbo
920 227 984 253 pro-

199 269 330 300 hibente;
350 273 379 295 ut
398 268 433 294 sit
460 269 512 294 hoc
536 267 617 294 etiam
643 274 705 293 eum
728 266 788 292 aliis
814 265 983 299 prmcipuum

199 320 300 338 munus
315 313 409 346 gratim
425 312 451 338 in
468 311 683 342 resurrectione,
701 314 790 344 empta
814 310 925 344 quidem
942 310 984 336 in—

199 357 431 391 corruptibilitatc
446 357 480 384 ab
497 357 555 391 ipso
573 362 600 384 et
613 357 639 383 in
663 357 732 391 ipso,
757 356 921 390 pervadente
935 364 984 382 au-

199 408 253 430 tem
267 409 294 431 et
309 411 457 437 pervasura
473 411 560 437 usque
575 403 602 429 in
618 410 727 428 omnem
744 402 892 428 humanam
909 409 982 428 mas—

199 457 256 476 sam
270 469 277 481 ,
295 450 375 483 Cujus
393 449 450 483 ipse
465 450 554 476 factus
569 448 707 483 primitiae,
721 449 747 474 in
765 455 793 474 se
809 452 893 473 totam
911 455 993 474 mas-7

199 502 256 521 sam
273 494 457 521 fermentavit.

235 540 267 566 Η.
284 539 424 567 Christum
452 540 562 574 quidem
588 547 698 573 passum
722 547 801 568 esse,
833 539 861 565 in
890 538 990 566 divina.

199 586 352 620 Scriptura,
366 595 425 620 qua:
441 587 492 613 hoc
507 586 584 616 dicit,
603 585 807 617 audivimus,et
822 584 986 619 passibilem

198 639 258 658 esse
279 631 429 658 secundum
445 639 557 658 carnem
580 631 720 658 Christum
744 638 859 665 magnus
880 630 981 657 Paulus

198 676 343 709 prmdicat;
359 677 566 711 corruptibilcm
576 680 667 703 tamen
676 684 736 703 esse
744 676 895 706 Christum,
908 675 981 702 nulla

198 720 338 754 Scriptura
355 721 394 747 sic
409 721 554 755 explanate
569 726 596 748 et
610 721 683 754 nuda
705 728 772 747 voce
786 720 907 747 tradidit.
923 720 981 746 Non

198 768 271 793 enim
298 768 410 794 omnino
428 769 480 794 hoc
499 768 620 794 declarat
636 767 702 794 illud
718 787 724 798 ,
751 766 980 800 comprehensum

198 818 258 838 esse
274 811 300 837 in
318 812 506 846 corruptione.

232 858 264 884 0.
282 858 411 892 Nunquid
436 859 529 893 igitur,
550 858 605 885 dixi
619 858 668 889 illi,
686 857 773 884 solum
794 865 904 891 passum
919 865 980 884 esse

198 911 260 929 eum
278 902 419 937 Scriptura
433 903 511 934 dixit,
533 911 566 929 an
587 903 669 929 etiam
697 901 848 929 secundum
868 909 980 928 carnem

198 953 291 974 natum
306 956 339 974 ex
355 948 486 983 Virgine?

233 993 266 1019 ll.
284 993 317 1019 Et
332 993 384 1020 hoc
395 1014 402 1025 ,
418 993 518 1027 inquit,
534 1001 630 1020 eorum
644 997 686 1020 est
701 1001 762 1027 quae
776 993 978 1019 conceduntur.

197 1038 306 1073 Alioqui
320 1038 459 1073 quomodo
480 1039 699 1073 intelliget-emus
713 1038 780 1064 illud
795 1047 801 1064 :
814 1037 891 1064 Liber
903 1045 981 1072 gene-

198 1087 308 1114 rationis
323 1085 384 1112 Jeau
402 1085 498 1113 Christi
510 1085 532 1099 "
546 1085 557 1110 ?

231 1132 263 1160 0.
282 1132 363 1166 Ergo,
375 1131 429 1158 dixi
445 1131 495 1162 illi,
508 1131 540 1157 ad
555 1130 709 1164 passionem
722 1134 833 1164 spectat
841 1128 981 1163 generatio
994 1150 996 1152 .

196 1178 258 1212 ejus
281 1178 315 1204 ab
331 1177 474 1211 Scriptura
491 1176 639 1210 praedicata
650 1176 662 1201 ’ἒ

232 1223 265 1250 ll.
290 1222 442 1253 Assentior,
456 1222 559 1256 inquit.

230 1268 263 1295 Ο.
282 1268 371 1301 Quid?
387 1268 516 1301 inquam,
539 1274 629 1293 annon
663 1265 820 1299 accepimus
845 1272 877 1291 ex
907 1263 982 1291 Seri-

197 1317 275 1349 ptura
292 1314 476 1340 accrctioucm
492 1311 616 1345 corporis
631 1311 709 1346 ejus?

232 1358 264 1386 11.
279 1359 404 1390 Maxime,
418 1358 518 1392 inquit.

231 1403 263 1431 Ο.
278 1403 355 1430 illam
368 1410 443 1434 vero,
465 1402 575 1436 inquam
590 1409 651 1436 ego.
673 1392 755 1435 quam
780 1400 868 1427 exteri
891 1401 980 1435 philo-

197 1449 276 1483 sophi
290 1452 388 1474 vocant
403 1447 554 1478 ἀλλοίωσιν,
571 1446 712 1473 existimas
729 1453 761 1472 ex
786 1449 919 1479 potestate
933 1453 980 1480 pa-

197 1495 281 1522 tiendi
296 1493 445 1529 proﬁcisci,
455 1501 489 1520 an
501 1493 575 1519 non?
994 1512 1015 1540 Ο

232 1540 265 1567 H.
289 1540 322 1566 Et
337 1539 394 1570 ubi,
413 1538 502 1572 inquit
513 1558 525 1570 ,η
539 1537 566 1564 in
580 1537 721 1571 Scriptura
735 1537 786 1564 hoc
802 1537 979 1571 reperimus?

231 1586 262 1613 Ο.
286 1585 327 1612 Ab
350 1586 427 1619 ipso,
453 1585 580 1618 inquam,
597 1583 686 1610 Verbo
705 1583 817 1610 salutari
835 1583 978 1614 docemur,

195 1639 258 1659 eum
272 1636 365 1666 aperte
380 1630 446 1657 dicit
459 1638 466 1656 :
478 1629 591 1664 Spiritus
604 1633 738 1663 promptus
756 1632 802 1660 est,
815 1636 877 1654 caro
891 1631 980 1654 autem

195 1678 304 1713 inﬁrma
320 1678 353 1704 ".
379 1677 412 1704 Et
441 1684 536 1703 rursus
559 1675 591 1702 de
615 1683 648 1702 eo
669 1675 709 1701 ait
736 1675 904 1708 Apostolus:
922 1673 979 1700 Etsi

196 1722 335 1757 cruciﬁxus
349 1726 385 1749 est
397 1730 427 1748 ex
439 1722 605 1755 inﬁrmitate,
617 1720 663 1746 scd
674 1720 735 1746 vivit
745 1727 776 1746 ex
785 1718 934 1745 virtuteDei
945 1718 977 1743 ”.

195 1769 266 1802 Quid
283 1773 374 1795 autem
397 1767 472 1794 aliud
492 1772 534 1793 est
554 1765 699 1792 inﬁrmitas
712 1785 718 1796 ,
739 1772 820 1798 quam
849 1763 979 1798 potentiae

195 1814 347 1842 secundum
364 1813 490 1840 habitum
505 1811 623 1838 variatio
635 1815 662 1837 ct
673 1809 808 1836 mutatio?
820 1809 854 1835 Et
865 1816 980 1843 magnus

195 1861 279 1888 Isaias
293 1860 330 1887 ait
347 1869 354 1886 :
372 1859 455 1886 Homo
466 1859 492 1884 in
509 1857 589 1892 plaga
605 1857 730 1883 exsisteus
741 1876 748 1887 ,
770 1859 793 1881 et
812 1854 894 1880 sciens
912 1853 979 1888 ferre

195 1906 389 1940 infirmitatem.
400 1905 434 1931 Et
447 1904 528 1938 paulo
540 1907 603 1930 ante
616 1912 621 1928 :
637 1901 669 1928 Et
684 1901 796 1927 vidimus
807 1908 876 1932 cum,
890 1904 914 1925 et
928 1907 979 1926 non

195 1953 305 1979 habebat
328 1951 438 1986 speciem
469 1957 551 1984 neque
572 1948 690 1974 decorem
709 1955 715 1972 :
732 1946 776 1972 sed
805 1946 902 1980 species
924 1945 979 1979 ejus

195 1999 369 2028 inhonorata,
393 1992 417 2023 ‘et
437 1996 558 2029 deﬁciens
575 1998 670 2029 praeter
691 1993 760 2026 ﬁlios
788 1993 923 2019 hominum
945 1992 978 2017 ³“.

196 2045 236 2072 An
258 2043 333 2071 aliud
356 2048 398 2069 est
423 2042 515 2069 dicere
530 2041 712 2068 defectionem
729 2044 757 2066 et
779 2039 980 2069 inﬁrmitatem,

196 2097 283 2124 quam.
305 2089 524 2116 immutationem
550 2094 631 2121 quam
667 2079 768 2120 corplis
790 2092 823 2111 ex
853 2084 980 2118 passione

197 2135 328 2162 sustinuit
351 2135 444 2161 colore
459 2133 598 2168 privatum
612 2152 618 2164 ,
641 2135 669 2158 ct
686 2131 805 2158 colorem
822 2131 849 2156 in
864 2137 979 2164 corpore

997 843 1018 870 Β

1034 219 1083 254 τὴν
1104 220 1206 255 ταύτης
1233 221 1331 255 πεῖραν
1357 222 1403 248 τοῦ
1430 222 1517 256 Λόγου
1543 223 1727 258 κωλύσαντος,
1752 225 1817 263 ῑν“ᾖ

1036 264 1105 298 μετὰ
1118 265 1172 292 τῶν
1189 266 1276 292 ἄλλων
1293 267 1339 293 καὶ
1353 267 1432 293 τοῦτο
1447 267 1496 302 τῆς
1512 269 1582 295 κατὰ
1605 269 1655 304 τὴν
1671 270 1818 298 ἀνάστασιν

1034 310 1156 346 χάριτος,
1174 311 1204 337 τὺ
1220 312 1358 347 ἐξαίρετον
1378 312 1507 348 δώρημα·
1525 314 1683 350 ἀρξαμένης
1704 317 1754 351 μὲν
1770 318 1818 344 ἀπ’

1034 356 1116 382 αὑτοῦ
1133 358 1178 382 καὶ
1196 358 1224 383 ἐν
1237 358 1310 392 αὐτῷ
1324 358 1373 392 τῆς
1386 358 1552 393 ἀφθαρσίας,
1571 360 1705 395 διαὸάσης
1718 361 1748 387 δὲ
1770 363 1819 388 καὶ

1032 401 1233 437 ὂιαὸησομένης
1251 403 1333 438 μέχρι
1352 403 1452 434 παντὸς
1473 404 1519 430 τοῦ
1537 405 1708 439 ἀνθρωπίνου
1729 407 1818 440 φυρά-

1035 454 1135 480 ματος’
1157 444 1187 473 οὗ
1205 449 1254 474 καὶ
1271 448 1385 482 ἀπαρχὴ
1402 448 1534 482 γεγονὼς,
1549 450 1589 480 εἰς
1609 450 1705 476 ἑαυτὸν
1719 450 1819 482 ἀνεζὺ-

1035 499 1126 526 μωσεν
1138 493 1185 518 καὶ
1198 492 1228 518 τὸ
1240 493 1300 518 ὅλον
1318 493 1444 528 φύραμα.

1068 537 1100 563 Α.
1114 537 1165 564 Τὸν
1179 538 1228 572 μὲν
1239 539 1369 573 Χριστὸν,
1383 539 1448 574 ἔφη,
1471 541 1637 567 πεπονθέναι
1647 560 1655 570 ,
1669 541 1718 575 τῆς
1742 541 1821 572 Θείας

1033 582 1192 617 ἠκούσαμεν
1213 583 1347 618 λεγούσης
1362 585 1492 620 Γραφῆς·
1509 587 1556 613 καὶ
1569 587 1598 613 τὸ
1612 587 1733 620 παθητὸν
1749 585 1819 614 εἶναι

1035 627 1106 654 κατὰ
1128 628 1215 663 σάρκα
1230 629 1275 654 τδν
1291 630 1417 664 Χριστὸν,
1432 632 1448 665 ὴ
1463 631 1569 657 Παύλου
1601 632 1764 666 μεγαλόνοια
1780 633 1820 658 δι-

1034 674 1160 707 αγορεύει
1171 682 1177 688 ·
1191 675 1221 700 τὸ
1236 675 1328 708 μέντοι
1347 676 1464 710 φθαρτὸν
1479 675 1550 703 εἷναι
1563 677 1608 703 τὸν
1628 677 1754 712 Χριστῆν,
1772 679 1803 704 οὐ
1813 693 1821 698 -

1032 718 1113 753 δεμὶα
1134 720 1230 755 Γραφὴ
1246 720 1353 755 τρανῶς
1368 721 1440 747 οὕτω
1456 723 1502 748 καὶ
1517 723 1608 757 γυμνῇ
1627 724 1660 757 τῇ
1678 724 1752 757 φωνῇ
1768 731 1820 749 πα-

1033 765 1192 799 ραδέδωκεν·
1202 766 1231 792 οὺ
1244 768 1298 802 γὰρ
1311 767 1341 794 τὸ
1358 767 1547 803 συλληφθῆναι
1563 768 1645 795 αὑτὸν
1661 770 1690 794 ἐν
1707 768 1819 803 διαφθο-

1035 810 1068 844 ρᾷ
1083 810 1191 841 πάντως
1207 811 1288 838 τοῦτο
1301 812 1386 846 δηλοῖ.

1068 855 1097 881 Ο.
1114 853 1176 890 *Δρ*
1196 855 1252 887 οὖν,
1276 857 1344 891 πρὸς
1367 858 1471 884 ἐκεῖνον
1494 855 1581 889 εἷπον,
1608 859 1640 884 τὺ
1657 859 1820 885 πεπονθέναι

1035 901 1115 934 μόνον
1132 901 1213 927 αὑτὸν
1231 902 1247 936 ἡ
1271 902 1366 936 Γραφὴ
1384 902 1561 938 διηγόρευσεν
1573 923 1580 936 ,
1598 903 1614 938 ἢ
1631 904 1678 930 καὶ
1695 904 1724 930 τὸ
1740 912 1821 938 γεγα-

1033 947 1131 982 νῆσθαι
1148 948 1218 974 κατὰ
1232 949 1322 982 σάρκα
1339 949 1370 974 ἐκ
1386 948 1543 982 Παρθένους

1068 993 1100 1018 Α.
1115 993 1171 1019 Καὶ
1184 993 1272 1024 τοῦτο,
1285 993 1348 1028 ἔφη,
1362 993 1416 1019 τῶν
1432 994 1657 1030 ὁμολογουμένων
1670 995 1740 1021 ἐστί.
1756 995 1820 1026 Πῶς

1033 1037 1088 1073 γὰρ
1099 1038 1132 1064 ἂν
1145 1038 1232 1070 ἄλλως
1241 1039 1390 1073 νοήσαιμεν
1398 1038 1438 1070 τὸ,
1446 1039 1555 1072 Βίϐλος
1568 1039 1713 1074 γενέσεως
1720 1039 1820 1073 Ἰησοῦ

1034 1083 1179 1117 Χριστοῦ;

1069 1130 1100 1155 0.
1117 1130 1231 1162 Οὐκοῦν,
1252 1128 1339 1162 εἶπον,
1353 1131 1421 1165 πρὸς
1434 1132 1464 1157 τὸ
1486 1131 1661 1162 πεπονθέναι,
1680 1132 1727 1158 καὶ
1742 1132 1822 1166 γένεο

1035 1183 1076 1206 σις
1092 1175 1174 1202 αὑτοῦ
1191 1176 1266 1212 παρὰ
1278 1178 1327 1211 τῆς
1345 1177 1458 1212 Γραφῆς
1476 1177 1712 1211 καταγγέλλεταις

1065 1223 1097 1247 Α.
1115 1221 1258 1256 Σύμφημι,
1277 1223 1327 1256 ἔφη
1334 1243 1340 1249 .

1069 1267 1097 1292 0.
1124 1267 1156 1292 Τί
1181 1267 1226 1299 δές
1245 1268 1306 1301 οὐχὶ
1331 1268 1378 1294 καὶ
1398 1268 1512 1304 αῦξησιν
1537 1267 1620 1294 αὐτοῦ
1645 1268 1820 1303 σωματικὴν,

1034 1308 1120 1343 εἷπον,
1139 1312 1170 1338 ἐκ
1184 1312 1234 1345 τῆς
1249 1313 1361 1347 Γραφῆς
1376 1314 1606 1349 παρειλήφαμενς

1068 1357 1101 1383 Α.
1116 1357 1190 1383 Πάνυ
1208 1358 1256 1392 μὲν
1274 1356 1331 1391 οὖν,
1349 1359 1411 1393 ἔφη.

1069 1403 1099 1429 0.
1122 1402 1177 1437 Τὴν
1193 1403 1221 1429 δὲ
1237 1405 1315 1439 παρὰ
1336 1405 1390 1432 τῶν
1413 1406 1514 1437 ἔξωθεν
1527 1405 1678 1440 λεγομένην
1691 1406 1820 1432 (illata)-
1860 1407 1863 1410 ’

1034 1456 1095 1480 σιν,
1113 1446 1190 1475 εἷπον
1207 1449 1295 1483 ἔγωγε
1320 1450 1388 1486 πρὸς
1416 1451 1515 1482 αὑτὸν,
1544 1453 1576 1477 ὲκ
1603 1451 1755 1486 παθητικῆς
1775 1452 1821 1486 οἵῃ

1033 1494 1175 1528 δυνάμεως
1189 1495 1342 1527 τίκτεσθαι,
1362 1496 1378 1531 ἢ
1397 1496 1427 1523 οὗ
1442 1505 1449 1529 ;

1066 1541 1099 1566 Α.
1112 1540 1166 1566 Καὶ
1185 1541 1237 1566 ποῦ
1252 1541 1303 1575 τῆς
1320 1541 1433 1576 Γραφῆς
1453 1543 1482 1568 τὸ
1493 1541 1613 1568 τοιοῦτον
1627 1542 1744 1576 εὕρομεν
1758 1551 1766 1574 ;

1065 1585 1097 1612 0.
1122 1586 1193 1620 Πρὸς
1215 1585 1297 1612 αὐτοῦ
1323 1594 1355 1620 γε
1370 1607 1376 1619 ,
1391 1585 1467 1613 εἷπον
1480 1607 1487 1619 ,
1503 1587 1550 1613 τοῦ
1569 1587 1705 1622 σωτηρίου
1731 1588 1820 1620 Λόγου

1032 1631 1214 1665 μυσταγωγού
1220 1631 1298 1666 μεθα,
1310 1632 1344 1658 Τὸ
1357 1632 1477 1666 Πνεῦμα
1493 1633 1657 1666 πρόθυμον,
1668 1633 1686 1666 ἠ
1694 1632 1728 1658 δὲ
1741 1633 1821 1666 σὰρξ

1030 1675 1175 1709 ἀσθενὴς,
1190 1677 1321 1711 ἄντικρυς
1335 1676 1471 1709 λέγοντος.
1488 1677 1542 1702 Καὶ
1561 1677 1642 1703 πάλιν
1659 1677 1723 1711 περὶ
1737 1677 1821 1703 αὐτοῦ

1030 1721 1043 1746 ὁ
1059 1721 1128 1752 θεῖος
1148 1721 1321 1753 Ἀπόστολος,
1348 1723 1381 1748 El
1407 1722 1456 1748 καὶ
1480 1722 1656 1756 ἐσταυρώθη
1668 1723 1708 1754 «ἐξ
1728 1723 1822 1749 ἀσθε-

1030 1770 1122 1800 νείας,
1142 1769 1222 1795 ἀλλὰ
1236 1768 1270 1802 ζ’ιῖ
1284 1770 1318 1795 ἐκ
1333 1769 1498 1803 δυνάμεως.
1519 1769 1660 1795 Ἀσθένεια
1676 1769 1704 1794 δὲ
1720 1768 1745 1794 τί
1759 1768 1821 1795 ’ἐτε-

1032 1814 1077 1849 ρόν
1094 1815 1178 1843 ἐστιν,
1198 1814 1214 1849 ἢ
1238 1814 1287 1848 τῆς
1305 1813 1366 1840 καθ’
1384 1814 1441 1846 ἕξιν
1457 1813 1598 1847 δυνάμεως
1615 1812 1757 1844 ἀλλοίωσις
1774 1814 1822 1840 καὶ

1032 1859 1167 1895 μεταϐολή
1181 1868 1188 1892 ;
1204 1861 1250 1886 καὶ
1267 1860 1281 1886 ό
1299 1860 1385 1894 μέγας
1399 1859 1428 1885 δὲ
1450 1859 1563 1890 Ἡσαΐας
1580 1859 1662 1893 φησίν
1675 1867 1681 1873 ·
1696 1860 1822 1892 Ἀνθρω-

1030 1913 1086 1936 πος
1104 1905 1138 1931 ἐν
1153 1905 1255 1939 πληγῇ
1275 1905 1326 1936 ὢν,
1350 1905 1400 1931 καὶ
1422 1904 1509 1936 ειδὼς
1532 1905 1635 1938 φέρειν
1654 1904 1821 1938 μαλακίαν,

1031 1950 1085 1976 Καὶ
1100 1950 1158 1984 μετ’
1175 1949 1270 1983 ὀλίγα·
1289 1949 1343 1976 Καὶ
1359 1949 1463 1984 ἴδομεν·
1478 1949 1583 1982 αὑτὸν,
1601 1949 1650 1975 καὶ
1664 1951 1719 1976 οὐκ
1737 1948 1823 1983 εἶχεν

1030 1993 1108 2028 εἶδος
1121 1995 1193 2022 οὐδὲ
1208 1996 1316 2027 δόξαν·
1333 1995 1412 2022 ἀλλὰ
1427 1995 1460 2022 τὸ
1479 1993 1557 2028 εἶδος
1582 1995 1676 2022 αὑτοῦ
1702 1995 1821 2029 ἄτιμον,

1031 2042 1080 2068 καὶ
1095 2042 1239 2069 ἐκλεῖπον
1259 2041 1339 2075 παρὰ
1369 2041 1440 2073 τοὺς
1463 2040 1548 2073 υἱοὺς
1570 2040 1629 2066 τῶν
1645 2041 1822 2074 ἀνθρώπων.

1031 2085 1093 2121 Ἀρ*
1107 2085 1153 2113 οὖν
1169 2087 1232 2114 ἄλλο
1246 2087 1271 2113 τί
1289 2087 1354 2112 ποτέ
1370 2088 1444 2113 ἐστιν
1459 2087 1553 2112 καλεῖν
1571 2086 1690 2120 ἔκλειψιν
1708 2086 1756 2112 καὶ
1771 2095 1823 2120 μα-

1032 2132 1137 2163 λακίαν,
1160 2133 1176 2166 ἦ
1198 2131 1247 2166 τὴν
1271 2133 1303 2157 ὲκ
1323 2131 1425 2162 πάθους
1448 2131 1610 2164 ἀλλοίωσιν,
1628 2131 1661 2166 ἣν
1685 2131 1716 2157 τὸ
1739 2132 1820 2166 σῶμα

196 2181 358 2208 naturaliter
369 2179 559 2206 ﬂoreseentcm
576 2185 629 2204 non
642 2185 764 2208 servans,
781 2177 872 2203 calore
895 2176 922 2202 in
936 2176 979 2204 in-

1041 2178 1165 2205 :a'mveev
1178 2178 1278 2212 ἄχρουν
1288 2186 1317 2203 τε
1328 2177 1484 2212 γενόμενον,
1498 2177 1545 2203 καὶ
1557 2177 1587 2203 τὺ
1601 2177 1721 2210 φυσικῶς
1735 2178 1821 2203 ἐπαν-

197 2227 294 2254 timum
319 2229 451 2253 revocato
467 2245 473 2256 ,
512 2229 539 2251 et
564 2223 710 2258 superﬁcie
735 2226 847 2256 propter
871 2226 980 2248 contra-

196 2274 316 2301 ctionem
338 2271 477 2306 sanguinis
491 2270 662 2305 refrigerata,
677 2274 705 2296 et
720 2269 746 2295 in
772 2269 905 2303 pallorem
921 2276 980 2294 mu-

197 2319 276 2346 tata?

232 2409 265 2436 H.
281 2407 400 2442 Optime,
423 2405 523 2440 inquit,
538 2404 618 2436 dicis,
635 2408 662 2430 et
679 2403 746 2430 mihi
760 2403 864 2429 videris
878 2402 980 2428 imitari

197 2462 324 2489 magnum
344 2452 471 2479 Basilium
484 2471 491 2481 ,
507 2450 648 2485 passiones
664 2449 788 2483 corporis
805 2448 917 2483 physice
933 2447 980 2474 dc-

197 2501 363 2529 scribentem
369 2520 375 2526 .

231 2545 263 2573 Ο.
280 2545 337 2572 Nec
352 2544 427 2571 aliud
447 2543 513 2578 quid
533 2549 629 2569 eorum
654 2549 714 2575 qua:
732 2540 900 2571 dixi,mcum
917 2544 978 2572 est;

198 2592 289 2619 omnia
309 2599 342 2617 ex
355 2590 484 2617 Patribus
499 2582 603 2623 accepi.
629 2587 681 2614 Sed
703 2586 909 2613 consideremus
922 2606 928 2617 ,
957 2586 979 2612 si

198 2638 296 2673 placet,
315 2635 386 2671 quod
407 2636 540 2670 sequitur.

233 2681 265 2708 H.
277 2680 366 2713 Quid?
381 2680 480 2714 inquit.

232 2727 264 2754 0.
280 2727 426 2754 Concessis
443 2731 536 2760 aperte
561 2733 594 2752 ex
609 2724 711 2751 sanctis
728 2723 877 2757 Scripturis
900 2731 980 2757 gcnc~

1033 2224 1095 2250 θοῦν
1113 2223 1151 2258 τῷ
1172 2223 1278 2257 σώματι
1296 2223 1394 2257 χρῶμα
1411 2222 1449 2257 μὴ
1467 2222 1610 2255 διασῶζον,
1625 2223 1657 2248 ἐκ
1672 2221 1718 2248 τοῦ
1731 2223 1772 2254 εἰς
1791 2223 1822 2249 τὸ

1033 2269 1114 2304 βάθος
1129 2268 1271 2295 ωννεῦσαι
1286 2268 1334 2302 τὴν
1348 2267 1514 2302 θερμότητα,
1525 2268 1571 2294 καὶ
1584 2267 1632 2302 τὴν
1646 2267 1820 2300 ἐπιφάνειαν,

1032 2314 1074 2340 διὰ
1097 2315 1147 2349 τὴν
1164 2313 1211 2340 τοῦ
1231 2313 1346 2348 αἵματος
1367 2312 1509 2347 συστολὴν,
1527 2311 1694 2346 κατεψύχθαι
1718 2320 1748 2338 τε
1772 2313 1822 2339 καὶ

1031 2360 1099 2395 πρὸς
1116 2360 1146 2385 τὺ
1157 2359 1246 2394 ὠχρὺν
1262 2358 1456 2393 μεταχωρῆσαι
1469 2366 1476 2389 ;
1613 2351 1616 2353 ’

1066 2406 1096 2432 Α,
1117 2405 1278 2439 Ὀρθὸτατα,
1293 2404 1356 2437 ἔφη,
1370 2403 1460 2437 λέγεις
1472 2411 1479 2418 ⁸
1495 2403 1542 2429 καί
1561 2411 1605 2437 μοι
1619 2403 1706 2433 δοκεῖς
1720 2403 1749 2429 ὲν
1760 2403 1820 2429 τού-

1030 2459 1086 2480 τοις
1104 2450 1147 2475 τὸν
1164 2450 1251 2484 μέγαν
1271 2447 1448 2483 ὲκμιμεῖσθαι
1466 2447 1616 2479 Βασίλειον,
1641 2447 1675 2473 τὰ
1697 2447 1744 2474 τοῦ
1765 2448 1819 2474 σώ-

1033 2505 1116 2530 ματος
1133 2494 1345 2530 φυσιολογοῦντα
1359 2494 1443 2529 πάθη.

1068 2542 1098 2566 Ο.
1113 2541 1179 2566 Οὐδὲ
1189 2540 1252 2566 ἄλλο
1263 2549 1289 2565 τι
1305 2540 1359 2566 τῶν
1375 2539 1539 2575 εἰρημένων,
1556 2536 1641 2567 εἷπον,
1654 2538 1727 2565 ἐστιν
1741 2539 1820 2573 ἐμὸν,

1033 2587 1119 2613 πάντα
1142 2587 1170 2612 δὲ
1189 2587 1221 2612 ἐκ
1239 2585 1368 2620 Πατὲρων
1384 2584 1474 2611 λαϐὼν
1490 2584 1544 2618 ἔχω
1556 2592 1562 2599 ·
1581 2584 1648 2611 ἀλλὰ
1660 2584 1688 2609 τὸ
1704 2583 1778 2618 ἑξῆς,
1797 2585 1821 2610 ει

1033 2633 1134 2667 βούλει.
1150 2630 1413 2665 συνδιασκεψόμεθα.

1067 2680 1099 2705 Α.
1119 2678 1224 2704 Ὀποῐον
1235 2686 1242 2707 ;
1260 2677 1322 2710 ἔφη.

1069 2726 1098 2750 0.
1117 2722 1282 2756 Γεννὴσεως,
1309 2719 1384 2748 εἶπον
1402 2720 1467 2754 ἐγὼ,
1492 2720 1539 2747 καὶ
1554 2719 1691 2754 αὐξήσεως
1707 2719 1755 2744 καὶ
1771 2717 1824 2745 ἀλ-

236 2796 256 2829 !"
282 2813 375 2840 Μειιιὶι.
396 2823 414 2846 ι,
434 2814 456 2840 ι.
488 2814 509 2828 υ
528 2812 620 2839 Matth.
638 2821 708 2846 xxvu,
727 2814 769 2840 ιι.
801 2813 854 2839 wn
871 2813 934 2839 Cor.
954 2819 978 2838 .u

1041 2811 1058 2838 1.
1093 2810 1113 2825 ³¹
1143 2810 1195 2836 lsa.
1213 2817 1269 2841 un,
1285 2809 1312 2842 9,
1328 2807 1356 2834 '5.
