1973 3098
170 175 236 205 1345

696 173 844 203 CONTRA
861 172 1020 202 NESTOR.
1040 174 1087 203 ET
1107 175 1265 206 EUTYCH.

1727 182 1793 214 1346

167 228 303 260 λοιώσεως
320 230 412 264 σαφῶς
437 230 469 256 ἐκ
489 228 542 255 τῶν
566 228 646 254 Θείων
668 227 784 263 Γραφῶν
801 227 941 262 δεδομένης

1007 228 1124 261 ratione,
1136 231 1292 258 aceretione
1304 235 1331 258 et
1341 231 1542 264 immutatione,
1559 241 1713 268 quzeramus
1729 237 1791 263 reii-

166 274 304 310 ζητοῦμεν
321 275 368 302 καὶ
383 275 431 306 τὰς
443 275 541 306 λοιπὰς
557 274 698 308 συζυγίας,
714 275 781 308 εἴγε
797 275 843 300 καὶ
854 274 955 304 ταύτας

167 319 240 347 ἔστιν
255 321 284 346 ὲν
300 322 355 351 τοῖς
373 320 456 352 θείοις
469 320 570 354 λογίοις
588 321 689 355 εὑρεῖν.

200 366 232 392 Λ.
250 365 303 392 Τοῦ
328 366 464 398 ἐντεῦθεν,
483 366 547 401 ἔφη,
566 365 844 399 κατασκευαζομένου
868 365 956 399 συνίη-

167 419 209 444 μι·
227 411 276 444 τὴν
297 411 349 446 γὰρ
367 412 554 445 μεταϐατικὴν
571 411 793 446 ὁμολογουμένην
809 410 890 445 ἔχων,
907 410 955 445 τὴν

166 455 221 482 ἀπὸ
234 456 324 482 τόπων
338 458 378 488 είς
393 457 493 488 τόπους
512 457 559 482 τοῦ
582 457 685 492 Κυρίου
703 457 821 491 κίνησιν,
839 456 873 482 τὰ
891 457 955 491 περὶ

168 501 308 536 μειώσεως
323 503 371 528 καὶ
390 503 494 538 φθορᾶς
509 503 698 529 ἀποδεικνύειν
710 504 873 537 ἐπιχειρεῖς,
887 503 954 537 ὅπερ

163 547 216 573 οὐκ
228 546 272 578 ἂν,
285 547 322 577 ῶς
339 548 370 580 γὲ
389 556 434 582 μοι
448 548 532 579 δοκεῖ,
546 549 741 582 συμπερανεῐς.

194 593 233 618 χΟ.
257 592 361 626 Ὀρθῶς
387 593 437 626 μὲν
453 593 552 626 λέγεις,
569 591 602 627 ἦν
616 593 638 618 δ’
655 593 720 626 ἐγὼ,
736 593 804 628 πρὸς
819 593 867 628 τὴν
884 594 954 628 ἡμε-

162 636 249 671 τέραν
264 636 406 663 ἀσθένειαν
433 637 553 672 ἀφορῶν,
572 638 588 671 ἡ
609 637 637 662 δέ
659 645 690 670 γε
709 637 823 672 ἀλήθεια
842 647 953 672 συμμα-

166 682 285 718 χουμὲνη
302 684 441 717 συμμαχεῖ
451 684 508 714 τοῖς
534 683 743 718 ὑπερμαχοῦσιν
764 684 858 718 αὐτῆς.
875 686 954 710 Δοκεῖ

167 735 207 753 σοι
222 725 268 753 οὖν
290 727 320 752 τὸ
340 728 436 761 πεινῇν
456 736 486 753 τε
512 727 561 753 καὶ
582 727 679 761 διψῇν,
698 726 826 761 βρώσεως
848 735 878 752 τε
904 727 952 753 καὶ

165 773 270 804 πόσεως
290 773 383 807 ἔφεσις
399 771 487 806 εῐναι;

200 819 232 844 Α.
246 819 335 850 Δοκεῖ,
354 819 418 853 ἔφη.

199 865 230 891 Ο.
243 855 406 899 Σλυμϐαίνειν
421 864 448 891 δὲ
462 865 511 896 τὰς
523 865 642 899 ἐφέσεις,
653 865 683 892 οὺ
700 865 762 900 περὶ
771 865 820 896 τὰς
835 865 948 897 ἐνδείας,

163 910 241 943 ἔφην,
258 910 415 945 ὑπείληφας
425 919 433 943 ;

196 956 229 982 Α.
248 955 319 981 Ναί·
336 956 362 982 τί
382 957 436 992 γάρ
451 957 525 983 ἐστιν
545 957 638 992 ἕτερον
661 956 760 992 ὄρεξις,
782 957 798 991 ἢ
817 957 947 991 ἐπιθυμῖα

162 1002 209 1028 τοῦ
235 1001 418 1035 ἐλλείποντος,
443 1003 512 1038 πρὸς
538 1003 731 1038 ἀναπλήρωσιν
751 1002 798 1029 τοῦ
814 1003 947 1037 ὑπεκρεό-

163 1057 273 1080 σαντος;

196 1094 226 1120 0.
245 1093 383 1120 Κάλλιστά
402 1101 433 1127 γε
458 1093 503 1119 τὸν
527 1093 574 1127 τῆς
593 1092 708 1127 ὀρέξεως
730 1093 792 1126 ὅρον
812 1092 946 1119 ἀποδέδω-

161 1147 221 1170 κας·
235 1140 281 1165 κα¹ι
296 1140 351 1174 γὰρ
363 1139 410 1164 καὶ
425 1139 438 1164 ὁ
454 1138 540 1173 μέγας
556 1138 704 1169 Βαοίλειος,
723 1138 849 1173 πεινῆσαι
870 1138 946 1171 λέγει

160 1184 204 1209 τὸν
218 1185 329 1219 Κύριον,
346 1185 398 1218 τῆς
415 1185 527 1218 στερεᾶς
541 1184 615 1219 αὐτῷ
633 1185 739 1219 τροφῆς
754 1184 946 1210 διαπνευσῦεί-

161 1238 210 1264 σης
226 1230 255 1255 ἐν
328 1229 450 1264 σώματι·
468 1230 515 1256 καὶ
530 1230 563 1256 τὰ
586 1230 632 1256 ἐπὶ
647 1230 752 1260 τούτοις
775 1229 869 1263 σαφῶς
885 1229 945 1254 ἐπί-

160 1284 267 1302 στασαι.
282 1275 386 1301 ’Ύπνου
401 1275 428 1301 δὲ
445 1275 576 1310 συστολὴν
587 1276 635 1310 οὐχ
647 1276 740 1311 ἓτερον
754 1276 886 1310 ὑπάρχειν
896 1283 946 1309 φα-

158 1320 221 1355 μὲν,
246 1320 262 1355 ἢ
289 1320 335 1346 τοῦ
355 1320 515 1354 αἰσθητικοῦ
533 1319 688 1354 πνεύματος
708 1320 832 1346 ἀτονίαν·
848 1321 876 1346 ἐν
892 1321 946 1355 γὰρ

159 1366 264 1397 τούτοις
278 1365 349 1392 ὲνδεί
361 1366 408 1392 καὶ⁴
426 1365 548 1400 μειοῦται
560 1365 594 1392 τὰ
607 1366 657 1400 τῆς
672 1366 789 1400 φύσεως,
803 1366 849 1392 καὶ
860 1366 945 1392 δεῖται

157 1411 244 1437 ὕπνου
261 1411 310 1445 μὲν
330 1410 414 1442 εἰς-τὸ
433 1411 637 1445 ἀνακτήσασθαι
651 1412 701 1446 τὴν
718 1411 837 1446 ζωτικὴν
853 1420 882 1438 τε
899 1413 945 1439 καὶ

159 1457 323 1491 αἰσθητικὴν
339 1456 454 1490 δύναμιν
465 1463 472 1470 “
494 1457 613 1487 ἀνέσεως
626 1456 664 1488 δὲ,
679 1457 722 1482 ἵνα
736 1457 909 1491 χαλασοῶσιν
920 1458 944 1483 οἱ

157 1504 228 1528 τόνοι
244 1502 297 1528 τῶν
309 1504 363 1528 εἴτε
377 1502 475 1534 ποδῶν,
491 1502 545 1528 εἴτε
562 1503 670 1537 χειρῶν,
683 1503 737 1528 εἴτε
755 1503 801 1529 καὶ
820 1504 880 1529 ὅλου
897 1503 943 1530 τοῦ

1007 282 1076 308 quas
1091 276 1306 311 conjugationcs,
1321 282 1411 304 utrum
1427 285 1473 305 eas
1488 278 1558 305 forte
1569 279 1596 305 in
1606 279 1708 307 divinis
1718 282 1793 309 Scu-

1007 322 1098 355 pturis
1111 323 1233 356 reperire
1250 323 1396 357 possimus.

1042 367 1074 393 ll.
1093 361 1276 402 Sentio‘quid
1300 369 1365 395 hinc
1389 369 1496 396 ellicere
1521 370 1599 397 velis.
1625 370 1694 398 Cum
1718 373 1790 400 enim

1006 412 1110 440 habeas
1121 421 1282 441 concessum
1301 420 1405 441 motum
1420 415 1527 442 Domini
1548 424 1563 442 a
1580 417 1651 443 locis
1672 417 1699 444 in
1719 418 1790 450 loca,

1002 460 1114 486 conaris
1132 460 1323 489 demonstrare
1335 461 1367 488 de
1382 462 1578 488 extenuatione
1595 466 1623 488 et
1636 464 1792 497 corruptio-

1005 514 1039 533 ne
1055 515 1061 533 :
1081 507 1155 541 quod
1170 516 1323 542 nunquam,
1341 513 1371 534 ut
1386 509 1453 535 mihi
1466 509 1577 543 quidem
1591 510 1711 543 videtur,
1723 519 1786 538 con-

1005 552 1108 578 eludes.

1039 597 1070 624 Ο.
1090 598 1172 624 Recte
1185 598 1306 632 quidem,
1322 599 1433 633 inquam
1447 607 1514 635 ego,
1540 601 1609 628 dicis
1625 601 1735 629 intuens
1762 603 1789 629 in

1004 650 1093 669 meatn
1107 643 1306 671 inﬁrmitatem.
1328 646 1362 671 At
1384 646 1485 672 veritas
1501 647 1593 681 adjuta
1614 647 1725 681 adjuvat
1742 655 1790 674 cos

1003 689 1051 722 qui
1078 696 1136 715 eam
1165 689 1327 717 defendunt.
1346 691 1432 725 Igitur
1450 692 1595 718 videturne
1610 693 1660 719 tibi
1683 694 1789 720 esurire

1003 737 1030 760 et
1042 733 1129 766 sitire,
1145 742 1205 762 esse
1218 735 1273 762 cibi
1287 741 1315 762 et
1330 737 1452 770 potionis
1466 737 1623 772 appetitus?

1038 821 1070 848 ll.
1088 822 1214 854 Videtur,
1241 824 1341 858 inquit.

1037 866 1068 893 Ο.
1087 867 1180 895 Solere
1195 874 1287 896 autem
1298 877 1358 897 esse
1369 872 1508 905 appetitus
1518 880 1612 899 earum
1626 880 1717 900 rerum
1727 882 1787 909 qua:

1001 911 1109 944 desunt,
1124 920 1214 940 annon
1230 919 1321 948 putas,
1344 914 1477 949 inquam?

1036 957 1067 984 ll.
1081 958 1208 986 Maxime.
1219 960 1291 992 Quid
1305 961 1378 987 enim
1393 961 1467 989 aliud
1483 966 1524 989 est
1543 964 1692 997 appetitus,
1703 972 1784 998 quam

999 1002 1137 1036 cupiditas
1151 1005 1210 1038 ejus
1223 1005 1295 1038 quod
1318 1005 1414 1038 deest,
1441 1007 1475 1033 ad
1502 1008 1684 1041 supplendum
1711 1009 1785 1043 quod

998 1047 1162 1076 efﬂuxerat?

1032 1092 1064 1120 Ο.
1083 1094 1212 1126 Pulchre,
1236 1095 1357 1130 inquam.
1372 1097 1523 1131 appetitum
1544 1098 1674 1125 definisti.
1692 1099 1784 1134 Siqui-

998 1139 1059 1166 dem
1073 1147 1187 1175 magnus
1197 1140 1314 1169 Basilius
1328 1143 1446 1171 esurisse
1457 1143 1686 1174 dicitDominum.
1697 1146 1785 1172 solido
1808 1168 1812 1169 ν

997 1185 1060 1212 cibo
1082 1185 1134 1219 ipsi
1159 1186 1285 1214 exhalato
1301 1188 1328 1214 in
1345 1196 1478 1222 corpore;
1505 1194 1532 1216 et
1547 1197 1607 1223 qua:
1631 1197 1785 1224 sequuntur

997 1231 1143 1265 perspicue
1159 1232 1242 1259 nosti.
1260 1232 1363 1260 Somno
1385 1239 1478 1260 autem
1500 1235 1602 1269 corripi
1623 1235 1691 1262 nihil
1710 1237 1784 1264 aliud

997 1284 1057 1304 esse
1082 1277 1210 1309 dicimus,
1227 1287 1308 1313 quam
1327 1280 1487 1315 languidum
1503 1286 1530 1308 et
1553 1282 1696 1308 remissum
1723 1290 1785 1310 esse

998 1321 1125 1355 spiritum
1152 1323 1327 1355 sentientem,
1342 1324 1413 1350 sicut
1436 1329 1464 1351 et
1479 1325 1702 1360 defatigationem
1723 1335 1784 1354 esse

997 1367 1185 1394 muscuIOrum
1201 1373 1229 1394 et
1243 1376 1391 1396 nervorum
1406 1370 1518 1397 nimiam
1535 1372 1742 1399 extensionem:
1756 1373 1784 1399 in

997 1413 1040 1440 his
1057 1414 1130 1440 enim
1149 1422 1180 1441 ea
1200 1423 1261 1448 qua:
1273 1420 1379 1442 naturae
1393 1421 1476 1448 sunt,
1493 1417 1626 1444 deﬁciunt
1642 1423 1669 1445 et
1692 1418 1784 1445 immi-

996 1463 1139 1492 nuuntur;
1156 1465 1183 1486 et
1194 1460 1423 1494 indigeutsomno
1438 1462 1547 1496 quidem
1557 1464 1590 1490 ad
1605 1465 1782 1492 recreandum

995 1505 1107 1532 vitalem
1125 1510 1152 1532 et
1168 1507 1333 1534 sentientem
1355 1508 1487 1536 virtutem
1501 1518 1507 1542 ;
1534 1510 1694 1537 remissione
1706 1519 1783 1543 vero,

158 1547 283 1581 σώματος
300 1547 329 1579 ἐξ
349 1547 502 1582 ὁδοιπορίας
527 1545 609 1579 τινὸς,
634 1548 650 1582 ἦ
671 1548 720 1581 τῆς
737 1548 801 1583 περὶ
814 1549 847 1574 τὰ
862 1549 941 1575 λοιπὰ

1004 1556 1026 1578 η
1047 1546 1224 1579 remittantur
1240 1554 1433 1582 contentiones
1447 1556 1504 1582 sive
1520 1556 1632 1590 pedum,
1653 1557 1710 1584 sive
1724 1566 1783 1585 ma-

157 1591 210 1618 τῶν
225 1592 314 1627 ἔργων
340 1593 480 1623 συντονίας
497 1592 691 1627 ἀπειρηκότος.
709 1593 819 1628 Τροφὴν
843 1594 871 1619 δὲ
895 1594 942 1620 καὶ

157 1639 238 1664 ποτὸν
267 1639 284 1673 ἡ
310 1638 390 1671 φύσις
414 1638 548 1672 ἐπιζητεῖ,
567 1638 621 1664 τῶν
649 1639 766 1673 στερεῶν
792 1640 871 1674 ἡμῶν
895 1641 942 1667 καὶ

156 1682 258 1716 ὑγρῶν,
275 1682 304 1714 ἐξ
328 1679 366 1709 ὦν
389 1683 606 1717 συνεστήκαμεν,
631 1683 876 1718 διαπεφορημένων
896 1686 943 1711 καὶ

116 1728 119 1730 ⁷
154 1728 204 1761 τῆς
230 1728 436 1762 ἀντεισαγωγῆς
463 1729 680 1763 προσδεομὲνων,
704 1728 751 1755 τοῦ
778 1729 942 1761 κενωθέντος

155 1772 205 1807 ἤδη
220 1774 267 1799 καὶ
281 1773 437 1808 ρεὐσαντος.

190 1819 222 1844 Α.
251 1819 344 1854 Ταύτῃ
366 1819 416 1853 μὲν
439 1818 554 1845 ἐπὶτῶν
569 1820 713 1854 ἡμετέρων
725 1840 731 1852 ,
757 1822 862 1852 ἐκεῖνος
876 1821 939 1856 ἔφη,

155 1863 301 1897 σωμάτων,
315 1860 337 1889 ὦ
351 1864 472 1898 βέλτιστε
481 1870 488 1877 ⁶
504 1864 534 1889 οὐ
550 1864 603 1898 μὴν
615 1864 643 1890 δὲ
656 1866 701 1890 ἐπὶ
714 1865 764 1899 τῆς
777 1866 824 1891 τοῦ
837 1867 939 1901 Κυρίου

155 1909 256 1943 σαρκὸς
272 1908 343 1935 οὕτω
357 1909 455 1935 ταῦτα.

163 1955 172 1959 ⁴
189 1955 217 1979 Ο.
247 1953 317 1979 Ἀλλ’
339 1955 362 1980 εἰ
385 1955 422 1989 μὴ
444 1954 515 1980 οὕτω
538 1954 645 1987 ταῦτα,
673 1955 741 1990 πρὸς
758 1955 839 1982 αὑτὸν
858 1955 937 1990 ἔφην,

154 1999 200 2025 καὶ
216 1999 261 2025 ἐπὶ
276 1999 326 2034 τῆς
340 1999 387 2025 τοῦ
403 2000 507 2035 Κυρίου
525 2001 627 2035 σαρκὸς
637 2020 644 2033 ,
671 2001 719 2027 καὶ
734 2001 805 2028 κατὰ
819 2001 866 2027 τὸν
881 2002 938 2028 ἴσον

153 2043 294 2071 συνέϐαινε
310 2045 420 2080 τρόπον,
434 2046 536 2079 εἴποιμ’
551 2046 583 2072 ἂν
600 2046 774 2082 θαρρούντως
788 2048 825 2079 ὡς
839 2048 895 2075 οὐδ’
908 2049 937 2075 ὄ-

148 2090 205 2122 λως
219 2091 392 2126 γεγέννηται.
412 2091 490 2118 Ἐπεὶ
508 2092 553 2118 τὸν
569 2092 610 2118 Ere
617 2101 662 2128 ρον
677 2094 744 2128 ἡμῖν
759 2094 938 2130 παράστησον

149 2133 260 2168 τρόπον.
275 2133 312 2160 οὐ
325 2133 380 2169 γὰρ
392 2134 425 2169 δὴ
438 2135 488 2170 τὴν
501 2136 652 2170 φαντασίαν
666 2137 754 2169 εἴποις
765 2139 801 2164 ’ἂν
814 2138 935 2167 πώποτε.

184 2179 216 2204 Δ.
244 2179 321 2214 Μηδὲ
338 2180 394 2214 γάρ
415 2189 480 2206 ποτε
503 2181 575 2207 οὕτω
593 2182 722 2218 μανείην,
739 2184 851 2216 ’ἐκεῖνος
867 2185 917 2220 ἔφη
928 2194 934 2201 ·

996 1605 1081 1624 nuum
1092 1619 1099 1629 ,
1124 1599 1181 1626 sive
1202 1599 1286 1627 totius
1310 1601 1434 1635 corporis
1447 1609 1480 1628 ex
1496 1602 1605 1634 itinere,
1622 1608 1670 1630 aut
1684 1611 1716 1630 ex
1731 1604 1782 1631 alia

997 1644 1023 1669 in
1037 1644 1099 1670 aliis
1115 1645 1247 1678 operibus
1269 1647 1448 1674 contentione
1464 1647 1575 1675 defessi.
1601 1648 1699 1675 Cibum
1717 1657 1782 1677 vero

994 1694 1023 1716 et
1048 1690 1188 1724 potionem
1211 1697 1308 1719 natura
1329 1692 1446 1726 requirit
1471 1693 1565 1720 solidis
1591 1699 1619 1721 et
1649 1695 1780 1728 humidis,

994 1743 1028 1762 ex
1042 1736 1144 1770 quibus
1164 1737 1308 1763 constituti
1326 1745 1431 1769 sumus,
1451 1738 1586 1773 digestis,
1608 1744 1636 1766 et
1655 1741 1781 1775 indigen-

996 1781 1069 1807 tibus
1085 1781 1237 1815 repletione
1253 1783 1313 1817 ejus
1322 1783 1395 1817 quod
1410 1784 1581 1811 exinanitum
1595 1790 1635 1812 est
1650 1790 1677 1812 et
1690 1786 1778 1813 ﬂuxit.

1030 1825 1063 1851 ll.
1083 1825 1128 1852 Sic
1142 1826 1266 1860 quidem,
1281 1827 1436 1862 inquitille,
1452 1828 1479 1854 in
1494 1829 1596 1856 nostris
1615 1831 1780 1864 corporibus

995 1870 1033 1902 lit,
1052 1871 1124 1898 bone
1140 1872 1191 1904 vir,
1207 1881 1262 1899 non
1278 1878 1368 1901 tamen
1382 1874 1420 1902 sic
1437 1874 1463 1901 in
1483 1883 1565 1903 carne
1586 1877 1706 1904 Domini.
1732 1883 1736 1887 ‘

1027 1965 1058 1992 0.
1072 1966 1107 1992 At
1135 1967 1157 1993 si
1179 1975 1240 2002 non,
1257 1968 1296 1995 sic
1329 1968 1396 2000 hate,
1425 1970 1535 2004 inquam
1560 1978 1620 2006 ego,
1645 1972 1727 2000 etiam
1750 1974 1777 2000 in

992 2017 1073 2037 carne
1085 2011 1204 2043 Domini,
1216 2017 1244 2039 et
1266 2013 1300 2039 ad
1314 2014 1441 2041 eumdem
1462 2015 1574 2042 modum
1597 2017 1776 2050 eveniebant;

991 2055 1164 2083 conﬁdenter
1179 2057 1280 2090 dicam,
1299 2066 1351 2086 nec
1362 2067 1475 2093 prorsus
1491 2061 1600 2096 genitus
1617 2067 1669 2089 est.
1688 2063 1777 2090 Proba

989 2100 1063 2126 enim
1076 2101 1156 2128 nobis
1171 2101 1256 2128 alium
1270 2103 1390 2130 modum.
1405 2105 1465 2132 Non
1476 2106 1548 2132 enim
1559 2106 1634 2134 dices
1646 2116 1776 2143 unquam,

990 2146 1161 2180 phantasiam
1176 2147 1271 2179 fuisse,
1289 2149 1315 2176 id
1329 2155 1380 2182 est,
1395 2146 1479 2179 inane
1498 2152 1596 2180 visum.

1026 2191 1058 2218 ll.
1080 2192 1236 2227 Nunquam,
1259 2194 1349 2230 inquit
1361 2196 1416 2229 ille,
1446 2198 1485 2225 sic
1498 2198 1611 2226 insanus
1628 2208 1694 2227 ero:
1710 2209 1776 2229 vere

148 2224 196 2249 καὶ
212 2224 266 2258 γὰρ
285 2225 394 2259 ἀληθῶς
412 2225 498 2251 ταῦτα
514 2227 673 2254 συνέὸαιγεν
684 2236 690 2242 ·
715 2228 784 2255 ἀλλὰ
801 2219 933 2265 βουλομέ-

1152 2219 1159 2227 _
1259 2219 1348 2230 ...Ἰ-η
1361 2219 1416 2229 ...η
1446 2219 1485 2225 -.ν
1498 2219 1611 2226 ...πηνα
1628 2219 1675 2227 ωυ
1688 2221 1694 2227 .
1715 2219 1775 2229 mu

1004 2237 1123 2272 iquidem
1145 2239 1202 2266 haec
1227 2241 1397 2274 accidebant,
1420 2243 1467 2270 sed
1493 2244 1602 2272 volente
1634 2245 1723 2273 Verbo
1747 2251 1775 2274 et

147 2276 193 2295 νου
208 2270 255 2295 τοῦ
272 2270 371 2304 Λόγου,
381 2272 428 2297 καὶ
444 2271 568 2305 ἐφιέντος
581 2274 613 2308 τῇ
629 2274 721 2308 σαρκί.

181 2316 212 2340 Ο.
233 2313 268 2341 Εὖ
284 2316 352 2350 ἔφης
363 2337 369 2347 ,
397 2317 466 2352 πρὸς
481 2318 564 2344 αὐτὸν
579 2315 673 2351 εἶπον,
700 2321 768 2356 μηδὲ
785 2322 839 2356 γὰρ
856 2321 933 2358 τύχοι

145 2362 195 2396 τῆς
212 2359 367 2396 κρείττονός
384 2363 570 2396 ἀλλοιώσεως,
596 2365 610 2391 ὁ
633 2366 670 2400 μὴ
687 2367 718 2400 τῇ
734 2369 933 2404 παραχωρήσει

144 2406 192 2432 τοῦ
214 2407 301 2440 Λόγου
325 2409 360 2434 τὰ
376 2409 479 2442 φυσικὰ
496 2411 527 2444 τῇ
544 2411 627 2445 σαρκὶ
644 2412 782 2447 συμϐῆναι
797 2415 870 2450 πάθη
889 2415 932 2441 λέ·

144 2458 200 2484 γων
213 2459 243 2476 τε
260 2452 306 2478 καὶ
322 2454 438 2488 φρονῶν.

179 2499 212 2525 Α.
232 2499 311 2526 Οὕτω
325 2500 357 2535 δὴ
374 2502 420 2527 καὶ
435 2503 526 2536 ἡμεῖς,
543 2503 649 2535 ἐκεῖνος
665 2505 728 2540 ἔφη,
747 2507 912 2542 πιστεύομεν
923 2517 929 2523 '

143 2543 209 2574 Θεὸς
223 2546 276 2580 γὰρ
293 2546 414 2580 ἄληπτός
428 2548 502 2574 ἐστιν
518 2549 682 2584 ἀνθρώποις,
693 2551 726 2585 ἦν
739 2560 768 2577 τε
782 2551 892 2588 θελήσῃ.
917 2555 919 2558 ⁴

178 2632 208 2657 0.
237 2632 389 2668 Δεδομένης
409 2635 518 2666 τοίνυν,
537 2634 623 2669 εἷπον,
641 2635 662 2664 ὧ
677 2638 830 2673 Οαυμᾶισιε,
852 2642 929 2674 γενέ-

143 2684 227 2708 σεως,
253 2678 438 2710 ἀλλοιώσεως,
463 2681 620 2716 αὐξήσεως,
648 2685 835 2720 μεταϐατικῆς
850 2689 924 2722 κινή-

142 2729 211 2752 σεως
226 2723 264 2757 τῷ
279 2724 385 2759 σώματι
401 2726 448 2752 τοῦ
461 2727 576 2762 Κυρίου,
590 2729 616 2755 τι
629 2730 659 2755 τὸ
672 2730 787 2763 κωλῦον,
798 2732 857 2758 εἰπέ
871 2742 926 2767 μοι,

143 2767 180 2800 μὴ
203 2768 263 2802 οὐχ).
288 2770 335 2796 καὶ
367 2772 416 2806 τὴν
445 2773 544 2809 λοιπὴν
559 2775 634 2810 αὗτῷ
663 2777 795 2810 συζυγίαν
811 2778 926 2811 διδόναι;

175 2811 206 2837 Α.
236 2813 340 2842 Οὐκοῦν
368 2817 438 2843 κατὰ
463 2819 526 2850 τοὺς
552 2821 626 2852 σοὺς,
658 2821 720 2857 ἔφη,
737 2822 850 2856 λόγους,
879 2825 926 2850 καὶ

137 2854 287 2892 ἔρῦαρταη

984 2285 1159 2318 permittente
1174 2293 1266 2313 carne.

1020 2330 1052 2357 Ο.
1081 2330 1155 2358 Bene
1169 2352 1176 2364 ,
1200 2332 1329 2367 inquam,
1359 2334 1476 2362 dixisti:
1498 2344 1550 2364 nec
1572 2338 1646 2365 enim
1675 2339 1774 2366 melio-

986 2382 1043 2401 rem
1060 2375 1281 2404 immutationem
1295 2384 1469 2414 asscquetur,
1486 2381 1532 2415 qui
1549 2389 1603 2408 non
1628 2382 1730 2413 dixerit
1746 2389 1774 2411 et

985 2422 1105 2448 senserit
1124 2422 1269 2456 passiones
1292 2425 1433 2452 naturales
1458 2426 1534 2453 carni
1560 2427 1692 2455 accidisse
1711 2437 1773 2463 pcr-

984 2465 1068 2493 missu
1084 2467 1178 2495 Verbi.

1019 2511 1052 2538 ll.
1083 2512 1138 2544 Sic,
1178 2514 1268 2549 inquit
1296 2516 1356 2547 ille,
1390 2517 1549 2545 credimus:
1587 2519 1661 2546 Deus
1696 2521 1769 2548 enim

982 2556 1123 2585 voluntate
1136 2565 1225 2593 neque
1238 2564 1340 2594 potest,
1351 2568 1441 2595 neque
1452 2564 1600 2596 poteratab
1612 2564 1770 2593 hominibus

982 2601 1051 2635 capi.
1232 2605 1235 2607 '

1016 2645 1048 2673 Ο.
1063 2646 1198 2674 Concessa
1211 2648 1304 2683 igitur,
1320 2650 1430 2685 inquam
1448 2660 1507 2687 ego,
1525 2653 1595 2681 bone
1612 2655 1663 2686 vir,
1683 2664 1767 2690 gene-

981 2692 1100 2724 ratione,
1116 2693 1318 2728 immutatione,
1334 2699 1502 2731 accretione,
1521 2705 1597 2726 motu
1614 2701 1779 2739 secundum_

979 2737 1088 2771 locum;
1112 2740 1177 2773 quid
1203 2742 1341 2774 prohibet,
1369 2743 1414 2771 die
1440 2745 1518 2777 mihi,
1541 2745 1607 2780 quin
1632 2746 1766 2780 reliquam

978 2785 1201 2819 conjngationem
1215 2787 1239 2814 ei
1256 2788 1429 2816 tribuamus?

1015 2828 1047 2855 H.
1078 2829 1112 2857 Ut
1139 2835 1167 2857 tu
1192 2831 1290 2866 igitur,
1319 2834 1430 2869 inquit,
1454 2836 1594 2870 loqueris,
1613 2842 1760 2873 corruptus

977 2873 1038 2899 est?
