1973 3098
189 173 256 207 1347

221 234 253 259 0.
269 231 358 264 Absit,
377 230 517 265 respondi.

223 289 255 316 ll.
274 287 430 321 Quomodo,
448 286 549 322 inquit,
564 286 617 313 hoc
628 286 714 313 dicis?

222 347 254 372 0.
270 344 338 377 Quia
350 351 439 378 neque
453 343 493 370 fas
508 347 560 376 est,
573 343 696 377 inquam.

225 401 255 428 11.
270 400 473 434 Quamobrem?
487 400 587 434 inquit.

223 457 254 485 Ο.
283 457 363 490 Quia,
381 458 503 491 inquam,
533 456 679 491 oportebat
699 456 840 490 passiones
865 459 974 480 nostras

189 509 301 538 gustare
315 511 401 537 usque
417 503 450 529 ad
464 502 665 537 experientiam
678 502 786 532 mortis,
804 509 859 528 non
881 505 972 527 tamen

189 549 216 576 in
241 548 418 582 corruptione
446 555 557 574 manere
582 551 659 580 actu;
687 547 811 581 quinimo
846 546 918 572 sicut
945 544 972 571 in

188 594 317 621 omnibus
331 593 427 620 habuit
444 593 517 627 quod
536 597 660 619 nostrum
671 595 726 624 est,
741 596 768 619 et
792 591 867 626 quod
890 598 971 624 supra

187 647 239 666 nos
254 643 306 670 est,
321 639 361 665 sit:
376 639 402 664 in
413 642 500 664 morte
513 638 586 672 ipsa:
602 642 739 664 mortuum
754 637 828 663 enim
845 643 906 663 esse
924 643 973 662 no—

187 689 274 713 strttm
303 688 355 716 est,
387 688 416 711 et
435 684 542 710 curatio
569 687 671 710 nostra:
696 682 890 714 mortalitatis;
917 688 972 708 non

187 737 248 758 esse
263 734 356 757 autem
371 733 532 764 corruptum
553 729 717 756 valentioris
741 728 887 762 potestatis
906 726 974 753 Ver—

188 774 215 802 bi
243 779 329 802 erat:
349 775 471 801 Verbum
497 774 569 801 enim
593 773 792 808 experientiam
817 771 971 807 prohibuit,

187 819 301 847 minime
329 819 486 846 concedens
512 818 600 850 carni,
624 822 655 844 ut
681 822 920 852 corrumperetur,
944 821 973 843 ut

187 865 315 900 primitur
327 863 543 891 immortalitatis
555 863 589 890 ab
600 864 659 898 ipsa
675 863 702 890 in
725 871 775 890 nos
785 863 867 890 etiam
882 867 972 889 trans-

811 170 965 203 LEONTII
986 166 1192 198 BYLANTINI

1747 170 1818 202 1548

1064 222 1094 248 0.
1114 221 1160 256 Μὴ
1177 221 1294 255 γένοιτο,
1311 221 1379 256 πρὸς
1396 221 1477 248 αὑτὸν
1494 221 1700 258 ἀπεκρινάμην.

1063 279 1095 304 Α.
1114 278 1174 308 Πῶς
1190 277 1280 308 τοῦτο,
1294 276 1358 312 ἔφη,
1371 277 1475 310 λέγεις,

1064 335 1093 357 tt.
1113 332 1174 357 ’Ὁτι
1192 331 1259 366 μηδὲ
1274 331 1365 366 θέμις,
1383 329 1469 358 εἶπον.

1063 388 1095 413 Α.
1115 387 1154 412 Δι’
1169 387 1203 421 ἢν
1219 387 1324 420 αἰτίαν;
1339 385 1427 415 εἶπεν.

1063 446 1094 469 υ.
1118 443 1306 479 Ἐπειδήπερ,
1334 444 1424 479 ἔφην,
1450 446 1659 480 ἀπογεύσασθαι
1684 447 1739 474 ἔδει
1761 449 1818 474 τῶν

1027 488 1173 523 ἡμετέρων
1197 489 1310 521 παθῶν,
1338 490 1438 525 μέχρις
1459 491 1544 527 αὐτῆς
1567 493 1616 527 τῆς
1634 492 1681 518 τοῦ
1698 493 1816 519 θανάτου

1028 534 1127 567 πείρας
1139 554 1146 565 ,
1175 534 1205 560 οὐ
1224 534 1278 570 μὴν
1296 535 1342 561 καὶ
1357 536 1386 562 ὲν
1400 537 1434 571 τῇ
1451 537 1511 563 κατ’
1524 537 1669 573 ἐνέργειαν
1687 539 1816 572 γενέσθαι

1027 581 1132 617 φθορᾷσ
1153 581 1208 608 ἀλλ’
1226 581 1322 617 ὥσπερ
1338 584 1366 609 ἐν
1382 585 1467 611 πᾶσιν
1480 584 1542 619 ἔσχε
1557 585 1587 611 τδ
1602 585 1750 621 ἡμέτερον,
1767 588 1818 613 καὶ

1026 627 1057 653 τὸ
1073 628 1145 662 ὑπὲρ
1159 629 1243 662 ἡμᾶς,
1259 628 1332 655 οὕτω
1347 630 1394 656 καὶ
1410 630 1470 656 κατ’
1482 631 1564 657 αὑτὺν
1576 631 1608 666 δὴ
1621 631 1668 658 τὸν
1681 631 1799 658 θάνατον
1808 638 1815 646 ι

1027 672 1058 698 τὸ
1073 672 1124 707 μὲν
1137 672 1190 708 γὰρ
1205 673 1368 708 τεθνηκέναι
1383 674 1530 710 ἡμέτερον,
1549 676 1597 701 καὶ
1612 676 1662 709 τῆς
1677 676 1817 711 ἡμετέρας

1028 720 1191 755 νεκρύτητος
1219 720 1287 754 ἴαμα
1298 728 1306 735 ”
1335 720 1366 746 τὸ
1382 720 1412 747 δὲ
1429 721 1466 756 μὴ
1482 721 1634 756 ἐῳθάρθαι,
1658 723 1708 757 τῆς
1721 723 1816 758 κρείτ-

1026 775 1103 798 τονος
1119 766 1165 793 τοῦ
1180 767 1269 801 Λόγου
1287 767 1441 802 δυνάμεως.
1458 768 1488 800 ὅς
1499 777 1531 802 γε
1546 769 1596 804 τὴν
1611 771 1710 804 πεῖραν
1724 769 1817 796 κεκώο

1026 812 1124 846 λυκεν,
1153 813 1256 848 ἥκιστα
1273 813 1410 848 φθαρῆναι
1427 815 1650 850 συγκεχωρηκὼς
1665 817 1698 850 τῇ
1713 815 1815 850 σαρκί*

1026 858 1064 889 ὼς
1082 859 1114 885 ἂν
1129 859 1177 885 ἀπ’
1189 859 1273 894 αὐτῆς
1288 860 1335 885 καὶ
1349 860 1389 891 είς
1400 861 1475 895 ἡμᾶς
1489 861 1599 895 διαϐαίη
1610 881 1617 894 ,
1637 862 1686 888 καὶ
1699 861 1817 896 γένηται

187 915 259 938 eaut.
276 910 333 937 Non
359 917 420 937 esse
444 910 528 944 igitur
554 909 655 936 factam
678 909 897 944 corruptionem,
922 916 972 943 po-

1027 904 1077 938 τῆς
1094 904 1250 939 ἀφθαρσίας
1268 904 1346 940 ἡμῶν
1368 905 1497 940 ἀπαρχή·
1525 906 1554 932 τὸ
1569 906 1660 933 τοίνυν
1682 906 1719 941 μὴ
1736 907 1816 939 γενέ-

188 956 281 983 tentiaa
290 955 390 982 divina:
401 959 453 987 est,
466 963 526 989 qua:
538 955 662 989 superari
679 962 735 981 non
761 959 867 990 potest;
886 958 914 981 et
928 962 974 980 ra-

188 1001 263 1028 tione
280 1000 417 1031 miraculi,
429 1004 457 1027 at
468 1007 521 1026 non
536 1000 596 1034 lege
613 1004 726 1026 naturae.

223 1067 255 1094 ll.
267 1067 359 1101 Atqui,
375 1068 465 1102 inquit
479 1067 534 1098 ille,
548 1071 575 1093 et
591 1075 680 1094 novus
703 1067 786 1094 Adam
804 1071 918 1094 vocatus
932 1070 974 1094 est

189 1114 331 1140 Dominus.
344 1113 487 1146 Quomodo
501 1118 593 1140 autem
610 1113 650 1139 sic
662 1117 819 1145 vocaretur,
836 1113 889 1140 nisi
914 1120 975 1140 cor-

190 1167 240 1193 pus
253 1159 415 1194 protoplasti
438 1159 562 1186 tulisset?
574 1159 795 1194 lncorruplibilis
807 1165 898 1186 autem
915 1162 975 1185 erat

190 1205 385 1239 protoplastus,
415 1209 562 1239 antequam
591 1211 738 1239 peccaret;
763 1205 974 1239 iucorruptibile

188 1251 273 1286 igitur
292 1251 345 1277 fuit
371 1251 454 1277 etiam
481 1258 581 1285 corpus
599 1251 725 1277 Domini:
753 1251 890 1285 siquidem
915 1251 974 1277 sine

187 1302 302 1332 peccato
318 1297 507 1331 perseveravit
520 1304 638 1331 semper.

222 1351 255 1379 Ο.
278 1352 334 1386 Ego
362 1351 577 1386 vero,inquam,
606 1351 665 1378 sive
692 1358 795 1385 corpus
812 1350 974 1385 protoplasti

188 1397 370 1432 corruptibile
381 1402 449 1428 erat,
466 1396 523 1424 sive
536 1404 601 1424 non.
623 1396 745 1422 nondum
761 1395 832 1426 dico,
851 1395 974 1429 quandiu

188 1449 243 1468 non
262 1441 346 1475 pudet
370 1442 443 1475 ipsos
467 1441 514 1475 qui
531 1441 584 1468 hoc
607 1441 713 1471 dicunt.
742 1440 973 1467 immortalitatem

188 1486 348 1520 protoplasti
373 1493 428 1512 non
447 1486 569 1512 tribuere
596 1486 723 1512 Domino.
739 1485 876 1512 Mortuum
901 1485 974 1512 enitn

187 1539 249 1559 esse
271 1539 345 1563 eum,
366 1531 524 1558 necessario
553 1532 726 1563 concedent;
756 1532 810 1559 nisi
837 1531 891 1559 sibi
908 1531 976 1566 ipsis

187 1578 291 1605 crimen
321 1577 480 1611 phantasim,
511 1575 538 1602 id
565 1582 617 1608 est,
648 1576 736 1603 inanis
756 1576 806 1602 visi
833 1576 861 1602 in
888 1570 1010 1602 AdamC

188 1631 253 1650 vere
263 1626 383 1652 mortuo,
409 1621 511 1648 inferre
527 1621 612 1648 velint
627 1630 633 1648 :
664 1621 814 1656 sumpsisse
839 1628 906 1647 vero
921 1621 975 1647 D0-

188 1669 293 1695 miuum
317 1668 370 1694 tale
393 1674 504 1701 corpus.
527 1667 608 1701 quale
624 1672 684 1693 erat
702 1675 755 1693 non
768 1667 856 1693 solum
872 1674 974 1700 corpus

188 1714 263 1745 Adae,
278 1713 325 1740 sed
340 1720 440 1748 corpus
451 1717 590 1744 nostrum;
604 1719 659 1739 non
676 1713 748 1739 enim
767 1716 879 1746 propter
896 1712 973 1738 illum

188 1765 294 1787 tantum
309 1759 394 1790 venit,
412 1759 460 1786 sed
474 1763 586 1793 propter
604 1765 654 1785 nos
664 1758 765 1789 etiam;
783 1757 861 1784 valde
874 1757 972 1784 absur-

187 1806 253 1833 dum
278 1810 306 1832 et
320 1812 335 1831 a
350 1804 456 1831 ratione
468 1803 588 1830 alienum
602 1808 671 1834 erat.
689 1803 772 1830 unius
792 1802 903 1838 quidem
913 1810 973 1830 esse

187 1850 316 1880 similem,
332 1853 493 1876 cancrorum
508 1855 573 1877 vero
592 1848 715 1875 omnium
736 1848 909 1878 dissimilem,
927 1848 972 1882 qui

187 1896 299 1930 quidem
323 1895 356 1922 ad
385 1894 521 1921 rationem
553 1894 696 1921 medicinae
722 1893 853 1921 facienda:
875 1894 972 1920 eadem

187 1940 369 1968 similitudine
388 1939 559 1974 indigebant.
574 1939 660 1970 Unde,
682 1940 785 1973 optime
805 1939 859 1970 vir,
872 1947 973 1973 corpus

188 1986 350 2021 protoplasti
368 1985 577 2019 incorruptibile
591 1985 669 2011 erat?
678 1985 736 2011 Non
758 1985 832 2012 enim
856 1984 883 2011 in
907 1992 973 2012 con-

188 2031 332 2063 stitutione
368 2037 416 2056 sua
456 2029 585 2060 habebat,
633 2033 664 2056 ut
693 2030 858 2057 immortalis
886 2033 970 2062 esset,

187 2084 219 2103 ac
230 2075 317 2102 multo
332 2075 416 2110 magis
437 2083 490 2101 non
511 2074 640 2107 habebat,
659 2079 690 2101 ut
711 2079 785 2102 esset
802 2075 971 2110 incorrupti-

187 2120 260 2150 bilis,
279 2119 381 2154 alioqui
399 2126 550 2153 nunquam,
564 2118 671 2152 opinor.
688 2118 761 2153 ligno
773 2118 836 2145 vita:
849 2118 874 2145 ei
901 2125 971 2152 opus

187 2165 436 2198 fuisset,‘,tanquam
453 2163 548 2190 futuro
562 2163 721 2195 immortali,
739 2172 788 2190 usu
811 2164 902 2191 vitalis
914 2164 971 2191 fru-

184 2214 306 2245 ctusquo
314 2217 377 2237 eum
387 2209 505 2244 privavit
515 2214 668 2244 peccatum,
676 2210 848 2237 sicutPatres
858 2209 968 2237 dicunt:
987 2229 1009 2256 ο

184 2255 232 2284 sed
245 2256 279 2282 de
306 2255 350 2282 bis
364 2263 418 2281 non
438 2260 480 2282 est
493 2263 566 2282 nunc
581 2255 739 2290 disputandi
764 2259 881 2290 tempus,
902 2263 971 2290 quo--

185 2302 256 2329 uiam
266 2308 356 2335 neque
365 2300 464 2335 dogma
473 2300 574 2335 esthoc
581 2301 615 2327 de
625 2300 804 2333 Adam.Quod
813 2301 886 2328 enim
897 2309 971 2328 nunc

184 2349 212 2375 in
227 2347 379 2382 quaestione
392 2346 523 2381 positum,
534 2346 601 2374 illud
611 2351 664 2378 est,
679 2347 753 2381 quod
765 2347 847 2374 talem
859 2354 970 2374 carnem

185 2392 318 2420 Dominus
331 2392 385 2419 sibi
401 2393 490 2420 univit
501 2392 653 2420 secundum
669 2394 850 2428 hypostasim,
862 2393 969 2428 qualem

184 2438 281 2465 habuit
289 2438 373 2465 Adam
387 2443 447 2473 post
456 2443 598 2473 peccatum
610 2439 766 2469 damnatus,
775 2443 802 2465 et
812 2446 863 2465 nos
875 2445 971 2464 omnes

183 2492 216 2510 ex
230 2484 325 2511 cadent
338 2492 437 2511 massa.
450 2484 509 2511 Non
523 2484 598 2511 enim
609 2484 685 2510 venit
697 2484 829 2511 Dominus
841 2489 872 2510 ut
883 2483 971 2510 salva-

185 2533 227 2556 ret
239 2537 253 2556 a
263 2533 376 2563 peccato
387 2537 515 2560 vacuum.
528 2534 557 2556 ut
567 2530 626 2564 ejus
634 2529 733 2556 similis
745 2529 833 2560 ﬁeret,
846 2528 894 2556 sed
907 2536 972 2563 pec-

184 2579 246 2602 cato
264 2575 401 2602 irretitum
421 2580 448 2602 et
471 2577 528 2611 jam
541 2576 658 2610 lapsum,
681 2580 712 2602 ut
736 2583 798 2602 eum
824 2575 972 2602 miseratus

184 2620 398 2647 consuscitaret.
418 2621 523 2656 Alioqui
540 2622 678 2656 quomodo
690 2621 812 2648 debitum
831 2628 881 2655 pro
891 2620 971 2647 nobis

184 2666 325 2693 solvisset?
343 2670 390 2692 aut
408 2667 515 2694 ruinam
536 2667 716 2694 resarcisset?
735 2672 782 2693 aut
801 2674 896 2693 norma
914 2666 970 2692 vir-

184 2711 251 2737 tutis
269 2710 357 2738 factus
373 2712 465 2738 esset?
480 2717 509 2738 et
525 2713 655 2739 omnibus
676 2712 787 2747 optima:
807 2712 871 2739 vita:
891 2719 972 2746 rt-gu-

183 2754 236 2781 lam
253 2755 280 2781 in
298 2763 328 2781 se
344 2755 427 2781 vitatu
444 2755 672 2789 perfectissimam
691 2756 901 2792 proposuisset?

220 2810 253 2836 ll.
272 2811 304 2836 Et
327 2811 478 2844 quomodo,
501 2812 589 2846 inquit
604 2813 660 2844 ille,
678 2814 779 2848 poterit
805 2813 907 2848 aliquis
931 2813 971 2839 vi-

187 2869 239 2891 tant
254 2865 361 2890 Domini
376 2865 497 2892 imitari?

1027 948 1090 974 σθαι
1105 947 1153 983 τὴν
1169 948 1284 982 φθορὰν,
1305 948 1354 983 τῆς
1370 946 1502 983 ἀνικήτου
1518 949 1577 975 ἐστὶ
1594 948 1747 983 δυνάμεως,
1767 949 1816 975 καὶ

1025 993 1098 1028 λόγῳ
1115 993 1264 1029 θαύματος,
1282 994 1341 1020 ἀλλ’
1353 995 1383 1020 οὺ
1405 995 1481 1030 νόμῳ
1497 995 1614 1029 φύσεως.

1015 1058 1018 1060 ’
1060 1062 1094 1088 Α.
1113 1061 1194 1087 Ἀλλά
1208 1062 1272 1096 μὴν,
1287 1062 1390 1093 ἐκεῖνος
1402 1062 1466 1096 ἔφη,
1480 1062 1528 1088 καὶ
1541 1061 1601 1093 νέος
1614 1061 1700 1097 Ἀδὰμ
1709 1062 1816 1096 ὼνομάη

1027 1107 1078 1142 σθη
1102 1108 1115 1133 ό
1135 1107 1256 1142 Κύριος·
1286 1107 1345 1138 πῶς
1363 1107 1386 1133 δ’
1400 1107 1433 1133 ἂν
1448 1107 1528 1134 τοῦτο
1543 1106 1670 1140 ἐλέγετο,
1689 1109 1712 1133 εἰ
1729 1107 1768 1142 μὴ
1785 1107 1817 1133 τὸ

1026 1153 1072 1178 τοῦ
1089 1151 1303 1188 πρωτοπλάστου
1319 1153 1438 1187 φορέσας
1455 1153 1551 1187 adma;
1569 1153 1726 1187 ΙἈφοαρτος
1739 1154 1768 1179 δὲ
1781 1151 1817 1188 ἦν

1025 1197 1039 1223 ό
1059 1198 1274 1233 πρωτόπλαστος
1296 1199 1350 1233 πρὸ
1373 1198 1423 1233 τῆς
1443 1198 1646 1233 παραϐάσεως·
1674 1199 1817 1234 ἄφθαρτον

1025 1244 1079 1278 ἄρα
1095 1244 1143 1270 καὶ
1156 1244 1186 1270 τὸ
1199 1244 1246 1270 τοῦ
1260 1244 1365 1279 Κυρίου
1380 1244 1460 1279 σῶμα
1470 1252 1476 1258 ·
1493 1245 1540 1270 καὶ
1554 1235 1608 1280 γάρ
1621 1244 1817 1279 ἀναμάρτητον

1027 1290 1114 1325 πάντη
1130 1290 1211 1324 διαμε
1217 1292 1346 1326 μένηκεν.

1061 1349 1091 1375 0.
1102 1347 1172 1381 Ἐγὼ
1182 1348 1221 1380 δὲ,
1233 1348 1264 1374 Εἰ
1275 1348 1325 1382 μὲν
1339 1347 1491 1383 ἄφθαρτον,
1503 1348 1582 1382 ἔφην,
1591 1348 1608 1383 ἢ
1623 1348 1670 1383 μὴ,
1680 1347 1726 1374 τοῦ
1740 1356 1818 1382 πρω-

1025 1394 1180 1420 τοπλάστου
1197 1395 1228 1420 τὸ
1244 1393 1324 1429 σῶμα
1338 1393 1504 1428 ἐτύγχανεν,
1523 1393 1601 1419 οὖπω
1614 1393 1698 1426 λέγω.
1714 1393 1767 1422 ἓως
1782 1393 1817 1418 ἂν

1027 1440 1065 1474 μὴ
1082 1439 1112 1466 τὸ
1127 1440 1264 1466 ἀθάνατον
1282 1440 1382 1471 αὐτοὺς
1397 1440 1523 1477 καταιδεῐ
1536 1439 1583 1465 τοῦ
1599 1439 1816 1474 πρωτοπλὰστιιυ

1028 1485 1065 1521 μὴ
1080 1486 1219 1520 διδόμενον
1233 1485 1272 1520 τῷ
1287 1486 1391 1521 Κυρίῳ.
1408 1485 1577 1520 Τεθνηκὲναι
1590 1485 1645 1520 γὰρ
1656 1484 1738 1511 αὑτὸν
1751 1486 1817 1510 πάν-

1026 1541 1080 1563 τως
1101 1531 1252 1563 δώσουσιν,
1282 1533 1306 1558 ει
1333 1531 1369 1567 μὴ
1397 1531 1522 1567 μέλλοιεν
1543 1531 1575 1557 τὸ
1594 1531 1647 1565 τῆς
1661 1531 1817 1565 φαντασίας

1026 1577 1086 1604 ὃ).ον
1112 1578 1153 1607 εἰς
1173 1578 1287 1609 ἑαυτοὺς
1311 1577 1500 1612 ἀποφέρεσθαι
1519 1577 1647 1612 ἔγκλημα
1659 1585 1666 1592 ·
1693 1576 1723 1602 τὸ
1737 1576 1765 1602 δέ
1782 1583 1816 1610 γι

1026 1625 1107 1658 σῶμα
1135 1624 1181 1650 τὸν
1209 1623 1313 1659 Κύριον
1343 1623 1521 1658 ἀνειληφέναι
1547 1623 1688 1655 τοιοῦτον,
1721 1624 1816 1649 ὁποῖον

1025 1670 1085 1704 οὐχὶ
1098 1669 1129 1695 τὸ
1142 1669 1190 1695 τοῦ
1204 1669 1422 1704 πρωτοπλάστου
1440 1669 1530 1704 μόνον,
1543 1669 1612 1696 ἀλλὰ
1624 1669 1671 1695 xui.
1682 1668 1715 1695 δι’
1726 1669 1814 1703 ἡμᾶς,

1025 1715 1072 1742 καὶ
1097 1715 1200 1750 σφόδρα
1224 1715 1399 1750 θαρρούντως
1424 1714 1457 1741 ἂν
1479 1715 1685 1749 διατεινοὶμην·
1717 1714 1816 1749 κοινῆς

1024 1759 1078 1794 γὰρ
1094 1758 1178 1794 οὒσης
1201 1759 1251 1793 τῆς
1274 1760 1353 1785 νόσου
1364 1780 1370 1791 ,
1396 1760 1463 1786 πολὺ
1486 1759 1517 1785 τὸ
1534 1759 1691 1794 παράλογον
1707 1759 1748 1785 ἑνὶ
1763 1759 1815 1793 μὲν

1024 1803 1153 1835 ἐοικέναι,
1170 1804 1224 1830 τῶν
1237 1803 1266 1829 δὲ
1282 1804 1385 1830 λοιπῶν
1399 1804 1508 1831 πάντων
1525 1805 1722 1838 ἀπεμφαίνειν,
1739 1805 1767 1831 οἵ
1781 1813 1814 1838 γε

1023 1849 1073 1883 τῆς
1081 1848 1163 1875 αὐτοῦ
1174 1848 1217 1874 διὰ
1229 1848 1338 1875 πάντων
1350 1849 1511 1883 ὲμῳερείας,
1523 1849 1563 1879 εις
1574 1849 1620 1874 τὸν
1628 1849 1678 1883 τῆς
1691 1849 1815 1884 ἰατρείας

1024 1895 1126 1922 ἐδέοντο
1162 1894 1251 1928 λόγον.
1279 1895 1366 1920 Πόθεν
1390 1895 1440 1926 δὲ,
1469 1891 1491 1921 ὢ
1528 1895 1668 1929 βέλτιστε,
1692 1896 1734 1921 ὅτι
1759 1903 1813 1928 περ

1024 1940 1164 1975 ἄφθαρτον
1187 1940 1277 1966 τὸτοῦ
1297 1940 1513 1974 πρωτοπλάστου
1539 1940 1622 1975 σῶμα
1643 1940 1811 1974 ὲτὺγχανενς

1023 1984 1054 2010 οὐ
1071 1985 1127 2020 γὰρ
1150 1986 1178 2010 ἐν
1199 1986 1231 2019 τῇ
1254 1986 1411 2020 κατασκευῇ
1427 1983 1500 2019 εἶχεν
1517 1985 1547 2011 τὸ
1572 1985 1720 2012 ἀθάνατον·
1746 1985 1814 2019 μήτι

1023 2038 1054 2064 γε
1075 2030 1108 2065 δὴ
1132 2029 1163 2056 τὸ
1184 2030 1340 2065 ἄφθαρτον,
1355 2031 1416 2056 ἐπεὶ
1430 2030 1480 2056 οὐκ
1501 2030 1546 2063 ἂν,
1562 2028 1651 2065 οἶμαι,
1667 2030 1714 2057 τοῦ
1730 2029 1812 2063 ξύλου

1021 2075 1071 2110 τῆς
1095 2075 1167 2110 ζωῆς
1192 2075 1266 2110 αὐτῷ
1287 2075 1489 2111 προσεδέησεν,
1517 2073 1548 2102 οὗ
1565 2075 1614 2110 τῆς
1632 2075 1812 2110 μεταλήψεως

1022 2119 1104 2146 αὑτὸν
1120 2119 1277 2154 παράϐασις
1291 2120 1499 2154 ἀπεστέρησεν,
1527 2119 1621 2150 καθὼς
1644 2120 1669 2146 οι
1685 2121 1812 2154 Πατέρες

1022 2165 1122 2199 φασιν,
1148 2165 1186 2196 ὼς
1201 2166 1235 2200 τῇ
1252 2165 1305 2192 τῶν
1321 2165 1447 2197 ξωτικῶν
1459 2166 1574 2200 καρπῶν
1589 2165 1739 2200 μεταλήψει
1755 2166 1811 2191 ὰπ-

1023 2210 1320 2245 αθανατισθησὸμενος·
1337 2211 1401 2245 περὶ
1412 2211 1461 2245 μὶν
1472 2209 1519 2238 οὖν
1531 2212 1596 2245 τῶν,
1609 2212 1640 2238 οὐ
1653 2211 1700 2238 τοῦ
1711 2211 1812 2245 παρόν.

1023 2264 1068 2287 τος
1081 2256 1140 2281 ἐστὶ
1161 2255 1271 2290 καιροῦ,
1289 2255 1331 2281 ὅτι
1348 2255 1416 2290 μηδὲ
1429 2255 1518 2290 δόγμα
1534 2257 1564 2282 τὸ
1578 2257 1648 2283 κατά
1662 2256 1708 2283 τὸν
1723 2256 1811 2290 Ἀδὰμ

1021 2302 1161 2336 τυγχάνει.
1177 2301 1214 2326 Τὸ
1226 2301 1281 2335 γὰρ
1295 2300 1343 2327 νῦν
1356 2302 1386 2327 ὲν
1399 2301 1514 2336 ζητήσει
1528 2301 1711 2337 προκείμενόν
1722 2303 1808 2330 ἐστιν.

1021 2347 1063 2373 ὅτι
1091 2347 1180 2382 σάρκα
1201 2346 1334 2382 τοιαύτην
1358 2347 1373 2372 ό
1393 2346 1496 2381 Κύριος
1513 2347 1618 2382 ἥνωσεν
1635 2347 1725 2381 ἑαυτῷ
1747 2345 1809 2372 καθ’

1022 2392 1171 2420 ὑπόστασιν
1182 2412 1188 2424 ,
1208 2392 1304 2418 ὁποίαν
1318 2391 1388 2427 ἔχων
1401 2392 1487 2427 ὲφόινη
1506 2394 1574 2427 μετά
1587 2392 1637 2427 τὴν
1650 2392 1808 2427 παράϐασιν

1022 2440 1035 2465 ὁ
1062 2439 1243 2474 κατάκριτος,
1273 2440 1354 2473 ἡμεῖς
1375 2447 1406 2465 τε
1431 2438 1533 2469 πάντες
1557 2439 1582 2464 οἱ
1606 2439 1638 2464 ἐκ
1656 2438 1704 2464 τοῦ
1722 2436 1808 2464 αὑτοῦ

1022 2485 1194 2520 φυράματος.
1223 2485 1260 2511 Ωὒ
1277 2485 1331 2519 γὰρ
1345 2485 1392 2511 τὸν
1408 2484 1600 2519 ἀναμάρτητον
1624 2484 1709 2518 Ἀδὰμ
1724 2482 1809 2518 ἦλθεν

1022 2530 1120 2563 σῶσαι,
1140 2530 1183 2557 ἶνα
1200 2530 1321 2565 ὁμοιωθῇ
1337 2530 1449 2565 ἐκείνῳ,
1475 2530 1546 2556 ἀλλὰ
1565 2529 1610 2555 τὸν
1625 2530 1810 2564 ἡμαρτηκότα

1022 2577 1069 2602 καὶ
1084 2577 1260 2606 πεπτωκότα,
1278 2575 1320 2602 ἵνα
1333 2575 1366 2610 δὴ
1383 2574 1584 2610 συμπεπονθὼς
1598 2575 1672 2609 αὐτῷ
1686 2575 1734 2601 καὶ
1746 2583 1810 2600 συν-

1021 2623 1173 2658 αναστήσῃ.
1191 2621 1253 2653 Πῶς
1268 2622 1296 2648 δὲ
1311 2622 1358 2647 καὶ
1372 2622 1402 2648 τὸ
1415 2621 1486 2656 ὑπὲρ
1499 2622 1580 2656 ἡμῶν
1595 2621 1698 2653 ἐξέτισε
1713 2623 1807 2655 χρέος,

1021 2665 1037 2699 ἢ
1054 2666 1102 2698 τὴν
1115 2662 1201 2700 ἧτταν
1213 2665 1409 2696 ἀνεκαλέσατο,
1421 2665 1438 2700 ἢ
1453 2665 1635 2700 ὑπογραμμὸς
1648 2665 1750 2699 ἀρετῆς
1763 2667 1810 2699 γέ-

1021 2718 1104 2743 γονε,
1134 2711 1181 2736 καὶ
1206 2711 1263 2742 τοῖς
1287 2711 1354 2737 πᾶσι
1379 2712 1430 2746 τῆς
1450 2712 1565 2745 ἀρίστης
1576 2711 1725 2751 ,πολιτείας
1745 2711 1810 2745 ὅρον

1022 2757 1050 2781 ὲν
1063 2755 1152 2791 ἑαυτῷ
1168 2756 1213 2782 τὸν
1226 2756 1394 2783 τελεώτατον
1409 2752 1551 2792 προΰθηκε
1567 2756 1637 2791 βίον;

1058 2823 1089 2847 Λ.
1119 2822 1174 2849 Καὶ
1199 2823 1257 2854 πῶς
1272 2823 1304 2849 ἄν
1322 2832 1375 2855 τις,
1393 2824 1496 2854 ἐκεῖνος
1511 2823 1578 2858 ἔφη,
1595 2822 1743 2857 δυνήσηται
1758 2824 1811 2858 τὴν

1021 2867 1067 2894 τοῦ
1084 2868 1185 2902 Κυρίου
1201 2869 1344 2903 μιμεῖσθαι
1359 2869 1440 2904 Qui“);
