1973 3098
830 108 854 117 .t»

156 160 222 195 tam
272 145 274 149 ’

678 162 825 194 CONTRA
843 162 1000 192 NESTOB.
1020 162 1067 193 ET
1085 161 1245 193 EUTYCH.

1697 160 1764 192 1350

188 219 218 244 ο.
237 217 269 243 Ἢ
285 210 504 251 ἀπαράλλακτος,
520 214 606 250 εἷπον,
619 218 668 251 τῆς
697 219 795 251 σαρκὸς
806 216 853 242 τοῦ
879 217 933 242 Κυ-

1017 216 1047 244 0.
1064 211 1233 248 Similitudo,
1248 216 1370 250 inquam,
1385 214 1475 242 carnis
1495 214 1604 242 Domini
1622 221 1684 241 cum
1711 222 1763 242 no-

156 263 214 298 ρίου
230 254 296 296 πρδς
306 261 354 296 τὴν
368 261 507 296 ἡμετέραν
520 260 659 295 ὁμοίῳσις,
671 261 786 295 δυνατὴν
802 261 933 295 πεποίηκε

155 305 203 341 τὴν
229 305 297 339 πρὸς
318 305 399 330 αὐτὸν
421 304 609 339 ἁφομοίωσιν,
638 304 670 330 ἵν’
691 305 738 340 ἐξῇ
766 304 864 339 Παύλῳ
887 305 934 331 καὶ

154 352 211 382 τοῖς
239 349 300 377 κατ’
321 350 402 376 αὑτὸν
426 350 536 383 λέγειν·
568 351 698 384 Μιμηται
718 359 778 384 μου
802 351 933 384 γίνεσθε,

155 395 251 428 καθὼς
266 394 346 429 κάγὼ
360 395 489 428 Χριστοῦ
500 404 507 410 ·
533 396 607 430 αὐτῷ
619 404 647 421 τε
663 395 702 429 τῷ
714 396 807 430 Κυρίῳ
816 416 824 428 ,
851 406 859 420 ι
872 395 935 422 Μά-

156 441 220 466 θετε
235 441 286 466 ἀπ’
300 439 383 473 ἐμοῦ,
412 440 455 466 ὅτι
478 440 572 473 πρᾶός
592 442 649 474 ειμι
673 441 719 467 καὶ
741 441 879 473 ταπεινὸς
899 441 936 475 τῇ

155 484 271 517 καρδίᾳ.
289 484 325 509 υὺ
343 484 396 518 μὴν
409 485 470 511 οὐδὲ
484 485 497 511 ὁ
513 485 638 516 θάνατος,
653 485 697 510 διὰ
711 486 760 520 τῆς
773 486 820 511 τοῦ
834 485 935 520 Κυρίου

155 529 314 563 νεκρώτεως
330 528 482 562 τεθνηκὼς,
491 530 546 556 τῶν
560 530 625 564 ἑξῆς
637 530 789 565 ἀνθρώπων
801 531 936 566 ἀπέσχετο

156 572 187 599 ἂν
204 572 311 598 πώποτε
322 593 330 605 ,
350 574 386 608 μὴ
403 574 446 599 διὰ
463 575 570 600 πάντων
587 575 687 609 ὁμοίως
700 575 739 610 τῷ
752 575 835 602 πάλαι
851 584 936 602 κατα-

156 619 266 644 πεσόντι
283 618 445 653 προσόαλὼν
458 639 465 651 ,
492 616 523 645 οὗ
548 620 641 654 ἐπειδὴ
659 621 825 655 γευσάμενος
841 621 935 655 ἔτυχε,

155 663 280 690 τοσοῦτον
303 665 460 699 ᾑμωδίασαν
480 664 556 700 αὐτῷ
567 666 592 691 οι
613 666 726 697 ὀδόντες,
750 667 821 693 κατὰ
834 659 878 693 τὸν
891 667 935 692 λό-

157 718 214 742 γον,
230 709 300 735 ὣστε
316 709 417 744 μηκέτι
431 710 479 744 μὲν
492 710 614 744 ἅψασθαι
629 711 731 746 τολμᾷν
744 712 798 737 τῶν
810 711 937 738 ἐοικότων

157 754 245 788 αὐτῷ,
273 754 475 789 προσεξεμέσαι
489 755 517 780 δὲ
539 756 586 781 καὶ
601 755 645 787 οὒς
661 755 756 791 πρώην
770 755 936 782 καταπεπώ-

158 807 209 825 κει.
232 799 262 825 Ἦ
278 800 332 834 γὰρ
349 800 475 834 ἐνέργεια
493 800 597 834 σαφῶς,
613 798 701 835 οἶμαι,
728 800 775 827 τοῦ
791 801 936 835 φαρμάκου

156 844 206 879 τὴν
218 844 300 878 φύσιν
315 845 499 871 ἐνδείκνυται·
515 845 546 870 τὸ
558 846 612 881 γὰρ
626 845 746 880 ὁμοφυὲς
761 846 832 872 ἅπαν
845 845 938 880 ἐξεμέ-

985 265 1040 288 stra
1055 261 1114 288 sine
1130 261 1292 293 variatione,
1311 259 1376 287 fecit
1405 264 1434 286 ιιι
1450 263 1543 294 posset
1564 259 1762 291 assimilariei;

985 311 1015 334 ut
1026 307 1106 334 liceat
1120 307 1213 338 Paulo,
1225 311 1252 333 et
1269 306 1331 333 aliis
1347 306 1472 340 exemplo
1483 305 1553 340 ejus,
1570 304 1679 332 dicere:
1698 304 1764 331 [mi--

985 356 1082 379 tutores
1102 352 1151 378 mei
1165 355 1255 382 estote,
1281 352 1346 377 sicut
1374 355 1397 377 et
1414 359 1460 385 ego
1476 350 1572 377 Christi
1585 350 1630 382 P’;
1664 354 1692 376 et
1711 350 1764 383 ipsi

985 397 1102 424 Domino
1118 405 1124 422 :
1141 396 1237 422 Discite
1248 405 1264 422 a
1282 404 1332 427 me,
1348 396 1410 430 quia
1444 396 1513 422 mitis
1537 403 1595 421 sum
1617 398 1641 420 et
1659 394 1768 421 Immitis

985 442 1061 468 corde
1079 441 1112 469 ³³.
1145 440 1201 467 lmo
1228 447 1318 474 neque
1340 447 1414 466 mors
1442 447 1490 474 per
1518 443 1634 465 mortem
1662 437 1765 465 Christi

986 491 1094 513 mortua
1108 494 1121 513 a
1137 486 1251 520 reliquis
1277 486 1408 520 deinceps
1428 485 1588 512 hominibus
1600 492 1629 511 se
1644 491 1765 518 unquam

985 531 1146 562 abstineret,
1162 530 1216 557 nisi
1229 538 1278 564 per
1294 530 1384 556 omnia
1396 530 1523 556 similiter
1540 530 1688 556 invasisset
1700 534 1764 556 eum

986 577 1032 611 qui
1044 581 1108 603 ante
1123 576 1266 608 occubuit;
1280 583 1361 610 quem
1378 580 1522 609 poslquam
1538 575 1666 610 gustavit,
1681 581 1765 609 usque

986 621 1055 647 adeo
1074 620 1171 647 dentes
1182 620 1241 654 ejus
1250 619 1462 653 obstupuerunt,
1472 625 1501 646 ut
1516 619 1663 652 Scripturaa
1674 618 1770 645 verbis

988 669 1060 696 utar,
1075 669 1104 692 ut
1121 672 1176 691 non
1189 664 1308 699 amplius
1319 664 1476 690 audeateos
1491 663 1637 697 attingere,
1649 663 1695 696 qui
1705 663 1767 697 ejus

987 710 1090 737 similes
1109 714 1183 742 sunt,
1199 713 1226 736 et
1250 714 1280 736 ut
1295 713 1403 736 evomat
1419 716 1467 736 eos
1483 716 1553 743 quos
1575 709 1654 743 prius
1669 708 1765 735 absor-

987 760 1088 790 pserat.
1104 754 1233 789 Operatio
1247 754 1334 786 enim,
1355 755 1464 788 opinor,
1484 754 1556 780 clare
1569 757 1693 780 naturam
1708 760 1766 779 mc-

988 800 1133 826 dicamcnti
1150 800 1337 831 demonstrat;
1359 799 1494 834 siquidem
1517 807 1596 826 omne
1621 798 1694 833 quod
1709 802 1768 825 erat

987 845 1108 881 ejusdem
1124 850 1239 877 naturze,
1251 845 1340 880 coegit
1356 852 1483 872 evomere
1499 853 1562 872 eum
1576 845 1623 879 qui
1647 851 1767 871 momor-

158 898 203 916 σαι
229 889 274 916 τὸν
297 889 457 923 λαςιὺξαντα
481 890 701 925 κατηνάγκασεν.
732 891 793 922 Πῶς
808 891 876 918 δ’ἆν
891 892 937 918 καὶ

989 892 1072 918 derat.
1086 891 1189 918 Deinde
1215 891 1353 925 quomodo
1378 891 1420 918 lex
1450 891 1595 918 conflictus
1618 891 1645 917 in
1661 891 1768 925 experi-

157 935 170 959 ό
187 934 236 967 τῆς
252 934 411 968 συμπλοκῆς
429 935 528 968 νόμος,
558 936 586 961 ὲν
603 937 635 970 τῇ
656 936 841 972 προσαχθείσῃ
854 937 936 972 πείρᾳ

158 979 340 1012 πεφύλακται,
358 981 396 1015 μὴ
408 979 447 1015 τῷ
462 982 616 1007 πεπτωκότι
629 981 678 1016 τὴν
690 982 759 1008 κατὰ
770 982 850 1015 φύσιν
862 982 937 1017 ἐχού-

159 1033 208 1059 σης
227 1025 376 1059 ἐμφέρειαν
400 1025 450 1059 τῆς
472 1026 672 1061 πειραζομένης
689 1027 812 1061 φύσεωςς
838 1028 868 1053 οὐ
884 1027 938 1062 γὰρ

158 1071 248 1106 νικᾷν,
266 1070 323 1096 ἀλλ’
338 1071 504 1105 ἐπηρεάζειν
518 1072 609 1104 ἐστὶν,
626 1072 657 1098 τὸ
673 1073 751 1107 παρὰ
763 1074 824 1104 τοὺς
839 1074 938 1108 νόμους

157 1116 207 1150 τῆς
220 1116 341 1149 ἀγωνίας
350 1117 564 1153 συμπλέκεσθαι·
575 1118 656 1152 νόμος
671 1118 699 1144 δὲ
711 1119 839 1152 ἀγωνίας,
850 1120 880 1145 τὸ
894 1120 937 1146 διὰ

159 1161 205 1186 τοῦ
225 1161 308 1187 πάλαι
329 1162 594 1193 καταπεπτωκότος.
612 1164 811 1190 καταπαλαίειν
827 1165 873 1190 τὸν
887 1165 937 1200 ἤδη

159 1206 321 1240 νενικηκότα
331 1227 338 1238 ,
368 1207 413 1232 καὶ
430 1207 516 1242 ταύτῃ
530 1216 561 1241 γε
575 1208 607 1243 δὴ
621 1209 671 1243 τὴν
685 1209 840 1244 ἔμπροσθεν
854 1207 939 1245 ἧτταν

159 1252 364 1279 ἀνακαλεῖσθαι.
398 1253 459 1284 Πῶς
483 1254 506 1279 δ’
520 1253 552 1279 ἃν
578 1256 625 1280 καὶ
640 1255 720 1289 ἡμεῖς
740 1256 785 1282 τὸν
800 1256 876 1291 παρὰ
890 1256 939 1290 τὴν

159 1297 205 1322 τοῦ
230 1297 348 1331 ὀργάνου
374 1298 521 1332 διαφορὰν,
551 1299 580 1325 τὸ
605 1300 654 1333 ’τῆς
674 1301 774 1334 ἀρετῆς
799 1300 938 1335 ἐξαίρετον

160 1342 255 1377 ἔχοντα
269 1343 471 1378 μιμησαίμεθα,
487 1345 515 1370 ἐν
527 1346 640 1381 παθητῷ
654 1347 699 1372 καὶ
711 1346 822 1381 φθαρτῷ
833 1347 938 1380 σώματι

160 1388 209 1422 τὴν
227 1388 296 1423 πρὸς
311 1389 341 1414 τὸ
354 1389 494 1424 ἄφθαρτον
509 1390 640 1425 ὁμοίωσιν
653 1392 863 1427 ἁπαιτούμενοι;
881 1394 939 1419 [Ια-

162 1433 314 1468 ραπλήσιον
339 1434 393 1469 γὰρ
420 1435 449 1461 τὸ
474 1435 581 1461 τοιοῦτο
604 1434 673 1462 εἶναι
696 1437 786 1469 δοκεῖ,
812 1438 939 1473 καθάπερ

161 1476 187 1502 εἴ
209 1485 252 1508 τις
276 1478 305 1503 ὲν
323 1480 489 1510 τεκτονικοῖς
511 1479 620 1505 σκεύεσι
634 1481 682 1516 τὴν
696 1482 877 1518 χαλκευτικὴν
891 1485 937 1510 ὲκ-

161 1521 282 1556 πληροῦν
298 1522 397 1556 τέχνην
411 1522 579 1559 νομοθετοὶη.
611 1525 666 1551 Καὶ
680 1526 735 1561 γὰρ
757 1527 781 1553 εί
801 1527 880 1553 τοῦτο
892 1525 937 1563 ἦν,

987 942 1079 964 mento
1093 937 1219 964 adhibito
1236 942 1343 964 servata
1363 942 1446 969 esset,
1474 937 1496 964 si
1516 941 1615 963 natura
1629 944 1689 970 qua
1705 941 1766 963 ten-

988 986 1070 1014 tatur,
1087 989 1140 1009 non
1163 982 1277 1009 haberet
1302 982 1509 1009 similitudinem
1531 982 1683 1008 naturalem
1703 989 1765 1008 cum

987 1034 1020 1054 eo
1030 1028 1077 1062 qui
1101 1027 1250 1055 occubuit?
1268 1027 1326 1054 Non
1343 1027 1416 1054 enim
1443 1031 1486 1053 est
1503 1027 1623 1058 vincere,
1648 1026 1696 1053 sed
1713 1026 1767 1052 vim

989 1073 1096 1105 afferre,
1114 1073 1243 1108 congredi
1264 1076 1362 1107 praeter
1374 1072 1447 1106 leges
1465 1071 1638 1099 certaminis:
1663 1071 1705 1098 lex
1721 1079 1768 1097 ve-

989 1126 1019 1145 ro
1040 1119 1199 1145 certaminis
1227 1121 1268 1145 est
1296 1125 1345 1152 per
1370 1124 1434 1143 eum
1464 1116 1510 1150 qui
1532 1120 1609 1142 antea
1628 1115 1767 1144 occubuit,

989 1172 1117 1199 superare
1139 1172 1202 1191 eum
1224 1165 1271 1198 qui
1285 1164 1339 1198 jam
1363 1163 1479 1193 vicerat,
1502 1167 1529 1189 et
1542 1163 1593 1188 hac
1611 1161 1716 1188 ratione
1741 1165 1769 1187 et

988 1210 1032 1236 via
1047 1211 1217 1244 superiorem
1228 1209 1356 1236 amissam
1375 1208 1519 1235 victoriam
1536 1207 1679 1234 resarcire.
1696 1206 1768 1239 Quo-

989 1254 1070 1280 modo
1081 1261 1132 1281 nos
1143 1254 1226 1281 etiam
1239 1261 1300 1280 eum
1323 1253 1369 1287 qui
1396 1257 1507 1287 propter
1525 1251 1707 1278 differentiam
1728 1251 1769 1276 in-

989 1299 1135 1326 strumenti
1149 1300 1250 1326 virtute
1263 1303 1412 1334 praestaret,
1435 1298 1616 1328 imitaremur,
1639 1305 1652 1323 a
1668 1296 1769 1330 quibus

990 1344 1190 1378 requireretur,
1209 1344 1275 1370 utin
1288 1343 1409 1377 passibili
1422 1347 1450 1369 et
1462 1341 1635 1375 corruptibili
1653 1348 1770 1376 corpore

989 1390 1092 1417 similes
1116 1398 1167 1417 nos
1185 1389 1390 1424 incorruptibili
1412 1389 1610 1416 redderemus?
1631 1390 1682 1416 hoc
1696 1389 1769 1416 enim

990 1435 1079 1462 simile
1093 1436 1159 1462 mihi
1175 1436 1294 1468 videtur,
1308 1439 1337 1462 ut
1353 1435 1375 1462 si
1392 1435 1454 1469 quis
1466 1435 1524 1469 lege
1542 1435 1652 1468 jubere].
1668 1434 1772 1461 instrn-

991 1481 1091 1507 mentis
1105 1480 1249 1507 fabrilibus
1263 1485 1349 1507 artem
1371 1480 1440 1506 fabri
1459 1479 1549 1506 :urarii
1568 1486 1706 1505 exercere.
1723 1478 1770 1505 Et-

990 1526 1064 1552 enim
1088 1526 1111 1552 si
1131 1525 1168 1552 ita
1199 1530 1282 1556 esset.
1306 1525 1388 1552 etiam
1413 1525 1543 1551 aberrare
1565 1524 1599 1550 ab
1616 1524 1770 1550 imitatione

161 1566 207 1591 καὶ
232 1565 263 1590 τὸ
287 1565 336 1600 τῆς
360 1566 543 1602 θεομιμησίας
566 1569 746 1603 διαμαρτεῖν,
774 1571 938 1606 ἀνέγκλητον

991 1570 1050 1602 Dei,
1065 1570 1179 1598 crimine
1206 1578 1319 1604 prorsus
1342 1573 1461 1596 vacaret.
1473 1569 1532 1595 Non
1546 1569 1619 1595 enim
1633 1575 1719 1602 prope
1729 1572 1768 1594 est

161 1611 249 1648 πάντη
273 1612 431 1647 ἐτύγχανεν.
463 1615 498 1640 Οὐ
522 1615 575 1650 γὰρ
598 1616 681 1649 ἐγγὺς
704 1617 734 1643 τὸ
754 1618 938 1653 παράδειγμα,

161 1658 208 1683 καὶ
231 1659 287 1688 τοῖς
309 1658 411 1693 ταύτην
426 1660 655 1695 ἑκμιμουμένοις,
675 1661 707 1688 τὸ
724 1662 768 1688 τὸν
780 1663 940 1690 διδάσκαλον

162 1703 341 1739 ὑπερὸάλλειν
360 1704 548 1738 περιεγένετο,
572 1706 601 1731 ὲν
616 1705 798 1742 ἀσθενεστέρα
812 1709 844 1743 τῇ
861 1709 940 1742 φύσει

162 1747 403 1782 πεπολιτευμένοις
416 1749 655 1784 καὶδιηθληκόσιν.
664 1752 716 1778 Ἐὦ
729 1754 782 1788 γὰρ
795 1754 885 1788 λέγειν
899 1756 940 1781 ὅτι

163 1792 230 1825 μηδὲ
247 1793 417 1827 ,πρακτικῆς
445 1794 491 1820 καὶ
515 1795 688 1830 ἀνθρωπίνης
713 1799 814 1832 ἀρετῆς
842 1800 940 1833 νόμους

162 1837 236 1862 ἔστιν
253 1838 344 1872 εὑρεῖν
361 1839 390 1864 ὲν
406 1838 538 1874 ἀφθάρτῳ
556 1840 678 1874 σώματι,
705 1839 726 1875 ᾧ
739 1851 770 1876 γε
785 1843 830 1869 διὰ
844 1844 873 1870 τὸ
886 1845 941 1870 ἄνω

163 1881 270 1906 κεῖσθαι
295 1882 350 1907 τῶν
373 1882 554 1918 ἀνθρωπίνων
576 1885 685 1917 παθῶν,
715 1887 775 1913 οὐδὲ
800 1889 879 1914 πεῖνα
899 1889 941 1915 ὅτι

165 1926 231 1960 μηδὲ
248 1926 395 1961 ἐγκράτεια
406 1948 413 1959 ,
437 1929 498 1954 οὐδὲ
520 1929 601 1960 πόνος
618 1930 659 1956 ὅτι
675 1932 713 1966 μὴ
729 1932 864 1968 ὑπομονὴ,
880 1934 941 1960 οὐδὲ

164 1971 254 2006 ὕϐρις,
272 1972 314 1998 ὅτι
338 1973 405 2007 μηδὲ
428 1974 605 2006 ταπείνωσις,
630 1976 690 2002 οὐδέ
706 1985 732 2003 τι
746 1977 801 2004 τῶν
813 1979 941 2006 τοιούτων

163 2016 323 2050 πρόσεστιν,
342 2017 385 2044 ἵνα
403 2018 442 2053 μὴ
457 2019 491 2045 τὰ
507 2019 568 2046 καθ’
580 2020 682 2047 ἕκαστα
697 2021 840 2055 διεξιόντες
853 2024 941 2050 ἐνδια-

162 2060 313 2095 τρίὸοιμεν.
332 2063 369 2088 οὐ
385 2064 458 2097 μέγα
471 2063 498 2089 δὲ
511 2065 609 2098 εἰπεῖν,
628 2065 668 2092 ὅτι
685 2068 752 2102 μηδὲ
767 2068 868 2103 ἀρετῆς
883 2069 942 2095 ἐπί-

161 2105 244 2137 δειξιν
258 2106 330 2133 ἐστιν
346 2107 392 2133 ἐπὶ
405 2107 455 2142 τῆς
468 2109 606 2145 ἀφθάρτου
621 2111 668 2138 καὶ
680 2112 820 2144 ἀνενδεοῦς
833 2114 941 2147 φύσεως

163 2150 275 2177 ἑπιδείν.
293 2150 407 2177 Ἀλύπου
423 2152 477 2186 γὰρ
493 2152 601 2186 φύσεως
616 2154 690 2187 ἁγὼν
705 2155 754 2181 οὐκ
768 2155 858 2182 ἐστιν·
875 2157 899 2182 εἰ
912 2157 940 2183 δὲ

164 2194 217 2228 μὴ,
243 2194 303 2220 οὐδὲ
325 2195 386 2230 νίκη
399 2204 406 2210 ι
435 2197 460 2222 εί
473 2196 501 2223 δὲ
517 2197 555 2232 μὴ
571 2198 644 2233 νίκη,
661 2199 721 2225 οὐδὲ
736 2199 874 2234 στέφανοι.
893 2201 940 2234 Εἰς

161 2238 242 2265 τοῦτο
255 2239 286 2274 δὴ
300 2239 350 2274 τῆς
364 2240 479 2272 ἀτοπίας
495 2242 525 2267 τὺ
540 2242 669 2276 μέγεθος,
695 2243 725 2269 τὸ
748 2245 853 2280 κομψὸν
868 2246 941 2281 ὑμᾶς

161 2284 211 2318 τῆς
224 2284 379 2320 ἀφθαρσίας
396 2286 540 2320 ἀπήγαγεν
554 2287 650 2322 ὄνομα.

195 2383 228 2410 Α.
246 2384 352 2419 Κομιδῇ
368 2384 445 2418 γοῦν,
467 2386 571 2418 ἐκεῖνος
584 2386 652 2422 ἔφη,
680 2387 710 2414 τὸ
725 2388 797 2423 μέγα
810 2389 861 2423 τῆς
875 2389 940 2416 ἑνώ-

162 2435 231 2456 seu);
255 2428 416 2461 ὲκταράττει
441 2431 590 2465 μυστήριον
601 2439 608 2445 ·
627 2432 651 2457 εἰ
665 2432 703 2466 μὴ
718 2432 752 2458 τὰ
767 2433 815 2467 τῆς
831 2433 939 2469 ἀφθαρ-

161 2472 347 2506 σίαςὸᾹόγος
373 2473 419 2499 ἀπ’
431 2475 518 2509 ἀρχῆς
541 2475 577 2510 τῷ
601 2477 694 2512 οἰκείῳ
718 2477 867 2513 δεδώρηται
891 2478 940 2505 σώ-

162 2525 229 2551 ματι
241 2537 248 2547 ,
272 2517 341 2543 ἀλλά
363 2518 434 2544 κατὰ
448 2519 493 2544 τὸν
510 2520 566 2545 ἴσον
580 2521 681 2555 τρόπον
696 2522 761 2556 ἡμῖν
775 2523 877 2556 αὐτοῖς,
893 2524 940 2550 καὶ

159 2562 234 2598 αὐτῷ
250 2562 299 2598 τὴν
315 2563 355 2594 είς
370 2561 484 2599 ὕστερον
500 2565 656 2600 ὰφθαρτίαν
672 2567 863 2601 ἐταμιεύσατο.

196 2608 226 2633 0.
245 2608 377 2640 Μείζονος
393 2609 415 2635 δ’
429 2609 462 2636 ἃν
477 2609 520 2644 εἴη
535 2611 585 2644 τῆς
599 2611 741 2644 εὐλαϐείας
757 2613 840 2647 ἄξιον,
852 2612 938 2647 εἷπον,

159 2650 190 2678 τὸ
207 2653 276 2685 μετά
291 2661 351 2679 τινα
366 2654 457 2688 λέγειν
471 2655 636 2690 γεγενῆσθαι
651 2657 758 2691 καιρὸν,
773 2658 818 2684 τοῦ
834 2660 937 2694 Κυρίου

158 2695 209 2730 τὴν
224 2697 368 2732 ἀνάληψιν,
387 2698 434 2725 καὶ
450 2699 498 2734 τὴν
514 2700 546 2726 ἐκ
559 2699 654 2732 δεξιῶν
669 2701 773 2736 ἵδρυσιν
783 2722 791 2735 ,
816 2703 883 2729 ἀλλὰ
901 2703 938 2738 μὴ

197 2814 219 2829 ⁸³
256 2816 264 2842 ι
279 2816 344 2844 Cor.
359 2825 397 2851 ιι,
420 2819 444 2846 1.
502 2819 524 2834 ⁸³
537 2818 631 2845 Matth.
648 2827 684 2852 xi,
700 2820 744 2847 ΞΕ).

990 1615 1199 1650 exemplum.Et
1211 1615 1385 1642 imitantibus
1399 1614 1626 1649 versantibusque
1636 1614 1662 1640 in
1673 1617 1769 1640 natura

989 1660 1192 1692 intirmiore,et
1213 1661 1419 1688 decertantibus
1446 1660 1554 1686 abunde
1578 1659 1683 1689 fuisset,
1697 1659 1770 1693 quod

990 1707 1123 1740 magister
1135 1711 1239 1732 natura!
1253 1705 1459 1733 excellentioris
1467 1709 1535 1731 erat.
1550 1703 1652 1730 Omitto
1666 1703 1778 1734 dicere,

991 1751 1064 1784 quod
1077 1759 1166 1785 neque
1176 1751 1250 1785 leges
1259 1751 1371 1778 virtutis
1387 1751 1413 1777 in
1440 1749 1548 1777 actione
1571 1749 1666 1783 posittc
1677 1753 1705 1775 et
1717 1748 1770 1774 hu-

991 1803 1087 1825 manm.
1100 1796 1126 1822 in
1144 1803 1258 1830 corpore
1273 1795 1472 1829 ineorruptiliili
1485 1794 1605 1828 reperire
1625 1794 1704 1821 licet:
1726 1793 1769 1822 cui

991 1840 1112 1874 quidem,
1123 1841 1187 1875 quia
1205 1848 1289 1875 supra
1300 1840 1441 1874 passiones
1454 1840 1587 1866 humanas
1603 1843 1655 1869 est.
1669 1846 1720 1864 nec
1730 1843 1771 1865 est

991 1885 1087 1916 fames,
1118 1886 1180 1919 quia
1200 1893 1252 1912 nec
1269 1885 1467 1919 temperantia;
1493 1892 1582 1918 neque
1599 1884 1687 1915 labor,
1706 1885 1770 1918 quia

991 1936 1081 1962 neque
1097 1929 1258 1961 tolerantia;
1283 1937 1372 1963 neque
1395 1929 1572 1960 contumelia,
1595 1929 1658 1963 quia
1683 1936 1772 1962 neque

991 1973 1145 2006 humilitas;
1163 1981 1214 2000 nec
1229 1974 1331 2008 aliquid
1346 1973 1555 2009 hujusmodi,ne
1575 1974 1689 2009 singulis
1702 1981 1770 2000 enu-

992 2019 1337 2046 merandisimmoremur:
1359 2027 1447 2054 neque
1459 2027 1588 2054 magnum
1614 2019 1716 2054 aliquid
1731 2019 1771 2046 di-

992 2072 1062 2094 cam.
1077 2065 1100 2091 si
1115 2064 1221 2095 dixero,
1248 2072 1337 2099 neque
1354 2065 1483 2092 virtutem
1502 2065 1619 2099 spectari
1643 2069 1671 2091 et
1695 2065 1771 2092 cerni

992 2108 1020 2135 in
1038 2113 1136 2136 natura
1150 2109 1266 2143 alicujus
1280 2109 1496 2144 incorruptibilis
1506 2114 1534 2136 et
1559 2109 1626 2136 nihil
1648 2109 1772 2145 indigen-
1796 2130 1799 2134 .

992 2154 1038 2181 tis.
1053 2154 1162 2182 Natum
1173 2155 1247 2182 enim
1264 2163 1280 2182 a
1298 2155 1393 2182 dolore
1415 2160 1443 2182 et
1454 2155 1566 2182 tristitia
1578 2156 1699 2182 vacantis
1716 2163 1771 2182 non

957 2217 977 2244 ι)
991 2203 1034 2226 est
1046 2203 1202 2231 certamen;
1220 2199 1243 2226 εἰ
1265 2205 1357 2226 autem
1375 2207 1429 2226 non
1451 2204 1493 2226 est
1518 2203 1665 2232 certamen,
1682 2207 1771 2234 neque

993 2244 1126 2274 victoria;
1144 2244 1166 2270 si
1179 2252 1245 2271 vero
1259 2252 1314 2271 non
1328 2249 1370 2271 est
1397 2244 1522 2276 victoria;
1545 2252 1635 2279 neque
1651 2252 1770 2272 coronze.

992 2288 1033 2314 Ad
1046 2288 1099 2315 hoc
1109 2293 1162 2315 tam
1173 2288 1333 2319 absurdum,
1351 2289 1460 2323 elegans
1489 2296 1588 2316 nomen
1603 2289 1768 2323 ἀφθαρσίας.

992 2332 1019 2359 id
1031 2337 1074 2360 est
1084 2333 1364 2368 incorruptibilitatis,
1380 2341 1429 2360 vos
1443 2333 1544 2368 adegit.

1025 2388 1059 2415 Η.
1077 2389 1266 2421 Vehementer,
1277 2389 1433 2424 inquitille,
1459 2397 1586 2424 magnum
1608 2390 1768 2424 mysterium

990 2434 1102 2461 unionis
1117 2435 1220 2466 turbat,
1237 2435 1259 2461 si
1275 2435 1394 2462 Verbum
1421 2443 1476 2462 non
1492 2435 1568 2462 dedit
1591 2436 1699 2469 corpori
1721 2444 1771 2463 suo

990 2486 1004 2505 a
1017 2479 1164 2514 principio,
1182 2480 1521 2514 utessetincorruptibile,
1535 2480 1582 2507 sed
1599 2489 1676 2515 teque
1689 2486 1771 2516 atque

991 2525 1071 2552 nobis
1086 2525 1152 2559 ipsis
1169 2525 1220 2559 ipsi
1239 2526 1267 2552 in
1281 2529 1421 2560 posterum
1436 2522 1488 2552 hoc
1505 2526 1665 2552 reservavit.

1025 2613 1058 2641 0.
1076 2613 1169 2648 Maiori
1188 2614 1353 2645 reverentia,
1371 2614 1482 2648 inquam
1500 2621 1562 2648 ego,
1589 2613 1702 2648 dignum
1716 2617 1769 2645 cst,

991 2660 1084 2687 dicere
1099 2661 1198 2687 factam
1216 2667 1276 2687 esse
1290 2664 1353 2694 post
1362 2659 1473 2694 aliquod
1487 2663 1594 2693 tempus
1604 2658 1771 2692 assumptio-

991 2712 1052 2732 nem
1064 2705 1184 2738 Domini,
1196 2709 1222 2732 et
1239 2705 1271 2732 ad
1292 2705 1432 2732 dexteram
1453 2705 1481 2732 in
1493 2703 1572 2731 caelis
1597 2710 1769 2731 consessum,
