1973 3098
218 151 280 183 1351

837 153 992 185 LEONTII
1014 154 1217 186 BYZANTINI

1775 155 1786 187 1
1792 156 1848 187 352

214 214 243 237 et
266 217 319 236 non
335 216 349 236 a
367 209 505 244 principio
518 209 639 237 unionis.
652 209 711 236 Non
729 211 801 236 enim
821 210 888 236 mihi
904 210 944 237 fas
960 215 998 237 est

1054 211 1086 237 ἐκ
1113 210 1225 246 πρώτης
1250 211 1383 242 ἐνώσεως.
1415 211 1452 237 υῦ
1476 211 1530 246 γὰρ
1553 211 1631 246 θέμις
1653 211 1746 246 ἔμοιγε
1775 211 1845 245 ἄλλῃ

215 254 270 280 alio
286 254 367 281 modo
384 255 443 289 ejus
458 255 567 282 laudem
583 254 762 289 amplificare.

249 310 281 338 ll.
296 311 349 338 Sed
363 313 385 338 si
402 312 463 343 hoc,
478 311 579 346 inquit,
594 312 696 340 factum
709 317 761 345 est,
785 313 854 339 nihil
874 300 937 340 inde
951 320 1001 340 no-

215 357 258 384 bis
271 358 400 391 amplius.

251 416 282 443 0.
296 416 403 449 Quare?
413 416 524 451 inquam
542 425 602 452 ego.

252 477 282 503 H.
296 477 375 509 Quia,
390 477 487 511 inquit,
514 484 602 511 neque
631 477 671 504 sic
694 477 898 512 gubernantur;
915 487 1003 514 neque

216 523 310 549 stalim
328 523 402 557 juxta
419 523 509 557 ipsum
521 522 639 556 primum
655 527 746 550 ortum
762 524 821 550 sive
837 525 1001 556 naturalem,

215 570 272 596 sive
286 572 422 595 orlumex
447 568 610 602 baptismate
625 576 740 603 regnum
763 569 896 596 caelorum
922 570 1003 597 nobis

203 615 306 642 .datur.

249 676 280 702 Ο.
293 675 330 701 Da
345 675 423 706 mihi,
437 674 550 709 inquam
575 682 636 709 ego,
653 677 683 701 ut
700 675 753 702 hoc
775 674 857 701 modo
886 672 1001 701 habeam

215 721 376 757 mysterium
399 721 691 755 incorruptibilitatis;
713 721 780 755 quid
794 729 864 756 opus
883 725 941 747 erat
973 725 1003 747 ut

215 768 273 801 ipse
287 771 383 801 postea
408 767 613 794 institutionem
628 767 691 793 vita:
707 767 863 794 communis
878 766 1002 800 suscipe-

215 818 267 845 ret,
281 814 302 840 si
316 821 371 840 non
382 813 437 848 jam
452 814 478 840 in
492 813 551 847 ipso
566 813 718 840 secundum
743 813 858 847 primam
879 812 1002 846 corporis

213 859 272 893 ejus
288 859 475 885 formationem
492 859 578 886 totius
604 858 726 894 mysterii
741 858 939 893 perfectionem
958 858 1003 884 ha-

214 905 330 931 bemus?
347 904 374 931 Si
393 905 466 931 enim
486 904 545 931 haec
568 912 622 930 non
643 905 682 931 sic
710 908 784 936 sunt,
811 904 896 937 igitur
912 911 1002 938 neque

214 954 297 977 totam
315 955 428 984 propter
442 958 497 977 nos-
511 950 691 977 (economiam
706 949 805 976 factam
823 957 883 976 esse
896 949 1002 984 reperi-

214 1004 284 1027 mus,
306 996 354 1023 sed
375 996 464 1030 ipsum
483 1000 588 1023 tantum
605 995 730 1030 mysterii
751 996 927 1030 prooemium.

248 1058 281 1084 ll.
298 1057 451 1090 Quomodo,
466 1057 565 1092 inquit,
581 1055 633 1083 hoc
654 1055 743 1083 dicis?
760 1055 818 1082 Non
841 1056 914 1083 enim
926 1054 999 1090 quod

214 1103 307 1129 di\isti
326 1103 460 1138 intelligo.

248 1164 279 1191 Ο.
299 1164 388 1196 Quod,
407 1168 437 1190 ut
468 1169 495 1190 tn
513 1164 564 1196 ais,
588 1164 700 1199 inquam
726 1173 789 1199 ego,
809 1165 863 1191 erit
888 1164 999 1199 quidem

213 1212 372 1238 incarnatus
389 1216 502 1245 propter
530 1218 590 1242 nos,
603 1217 632 1237 et
654 1215 768 1245 propter
797 1215 920 1237 nostram
935 1210 999 1237 inde

214 1256 520 1291 incorruptibilitatcm;
539 1261 666 1283 versatus
687 1263 753 1283 vero
772 1256 799 1283 in
813 1257 881 1286 vita,
897 1261 926 1283 et
939 1264 1000 1290 pas-

213 1311 270 1334 sus,
283 1310 314 1329 ac
324 1302 471 1329 suscitatus
483 1302 577 1329 nescio
588 1310 683 1336 quare.
698 1301 725 1328 Si
741 1309 807 1329 vero
826 1301 998 1336 propositum

213 1353 272 1375 erat
299 1349 434 1375 suscitare
457 1355 521 1374 cum
541 1348 589 1382 qui
615 1348 774 1379 ceciderat,
803 1351 831 1374 et
849 1342 887 1374 cx.
911 1353 999 1374 morte

214 1393 349 1420 redimere
380 1397 461 1426 atque
485 1393 519 1419 ad
551 1393 633 1419 vitam
668 1400 809 1424 revocare,
839 1397 867 1419 et
887 1397 917 1419 ut
938 1400 1000 1419 cor-

213 1447 280 1474 pore
309 1438 511 1473 incorruptibili
537 1438 609 1465 facto
627 1438 848 1472 splendesccrct:
867 1439 926 1465 hmc
943 1447 998 1466 non

213 1486 294 1512 aliter
307 1485 416 1511 abunde
432 1485 513 1511 nobis
539 1484 634 1511 adesse
649 1489 786 1518 poterant.
814 1492 894 1518 quam
907 1484 930 1511 si
945 1484 998 1510 D0-

214 1531 305 1558 minus
335 1530 553 1564 unumquodque
585 1530 682 1556 horum
711 1529 738 1556 in
771 1530 880 1564 propria
916 1538 998 1557 carne

213 1577 444 1603 demonstrasset:
462 1576 520 1605 hinc
531 1579 622 1602 autem
639 1575 741 1606 omnia,
756 1580 786 1601 ut
798 1583 847 1601 vos
858 1575 969 1609 putatis,
983 1583 998 1602 a

213 1621 348 1656 principio
363 1621 473 1648 unionis
485 1621 625 1647 aDomino
650 1621 771 1655 perfecta
787 1624 862 1652 sunt,
883 1629 998 1655 corpore

213 1670 273 1705 ejus
283 1678 316 1696 ex
329 1670 386 1704 ipsa
407 1670 508 1696 unione
522 1669 724 1704 incorruptibili
753 1670 834 1697 facto.
861 1669 998 1696 Habemus

213 1715 297 1749 igitur
307 1722 339 1741 ex
357 1714 416 1748 ipso
438 1714 527 1748 primo
556 1714 678 1749 mystcrii
699 1714 779 1740 initio
799 1718 886 1740 totum
898 1719 999 1749 myste-

213 1761 300 1788 rium:
318 1767 520 1794 supervacanea
543 1759 711 1793 fuitreliqua
736 1759 867 1792 deinceps
885 1766 997 1785 cecouo-

213 1806 277 1833 mia.
297 1805 373 1832 Sicut
386 1805 458 1832 enim
469 1805 490 1831 si
509 1805 596 1839 primo
620 1803 743 1831 remedio
770 1803 877 1838 integra
895 1803 998 1830 sanitas

212 1853 291 1887 aegris
316 1853 488 1882 restituatur,
516 1858 686 1885 supervacua
722 1854 765 1877 est
795 1854 889 1883 postea
914 1857 996 1884 opera

213 1898 395 1929 medicorum,
409 1897 494 1924 semel
510 1895 695 1923 invalitudine
709 1899 853 1929 superata:
871 1894 910 1921 sic
921 1895 943 1921 si
965 1902 997 1920 ex

213 1944 271 1978 ipsa
293 1944 395 1970 unione
411 1950 474 1969 cum
490 1949 572 1969 carne
600 1941 703 1967 bonum
725 1939 998 1974 incorruptibilitatis

211 1990 293 2016 nobis
309 1989 434 2018 immisit,
447 1988 537 2015 omnis
551 1988 659 2021 reliqua
681 1986 810 2014 circuitio
821 1991 848 2013 et
877 1986 998 2013 ambitus

212 2035 333 2069 mysterii
352 2033 507 2068 superﬂuus
525 2037 577 2060 est.
593 2033 646 2059 Sed
662 2033 798 2063 existimo,
824 2031 936 2059 evenire
950 2039 998 2058 vo-

212 2079 264 2108 bis.
279 2079 361 2106 utsic
373 2079 486 2113 putetis,
498 2078 571 2113 quod
585 2078 805 2113 ignoratisaliam
816 2077 927 2111 quidem
937 2085 998 2104 esse

212 2124 345 2151 rationem
370 2124 541 2150 formationis
571 2124 713 2156 corporis.
738 2123 821 2150 alium
853 2131 919 2151 vero
940 2131 998 2150 mo-

211 2170 276 2197 dum
291 2170 410 2198 unionis.
428 2170 515 2204 Atque
543 2170 608 2196 illud
620 2169 732 2204 quidem
753 2178 786 2196 ex
801 2170 948 2204 praesentia
969 2172 998 2195 et

211 2217 331 2244 adventu
352 2216 471 2251 Spiritus
484 2216 570 2243 sancti
586 2216 734 2248 exstitisse,
759 2216 805 2249 qui
827 2215 894 2242 illud
907 2219 938 2241 ut
955 2214 996 2241 ef-

211 2262 298 2289 fector
318 2254 471 2293 formarit,
489 2261 620 2287 unionem
650 2268 716 2287 vero
735 2267 790 2286 non
814 2267 847 2286 ex
864 2259 994 2294 encrgia,

1057 265 1116 287 πως
1133 257 1214 283 αὐτόν
1231 265 1297 283 ποτε
1315 256 1488 292 μεγαλύνειν.

1090 317 1122 342 Δ.
1143 316 1213 342 Ἀλλ’
1227 317 1250 342 εί
1265 317 1312 343 καὶ
1324 317 1405 343 τοῦτο
1418 318 1546 352 γενέσθαι
1559 318 1744 353 συμσὲὁηκεν,
1754 316 1844 351 εἶπεν,

1057 360 1110 387 οὐδ’
1125 361 1158 388 ἂν
1172 360 1206 397 ἦν
1222 371 1247 388 τι
1263 363 1388 389 ἐντεῦθεν
1404 363 1485 390 πλέον
1500 365 1576 399 ἡμῖν.

1091 422 1121 448 Ο.
1142 421 1194 447 Τοῦ
1208 422 1239 456 δὴ
1253 422 1350 457 χάριν;
1368 421 1445 450 εἷπον
1461 424 1525 457 ἐγώ.

1090 482 1122 508 Α,
1141 482 1286 516 Διότιπερ,
1309 482 1375 517 ἔφη,
1401 483 1470 518 μηδὲ
1500 483 1585 516 οὕτως
1613 486 1841 521 οἰκονομούμεοα,

1054 527 1111 553 εἴτε
1127 528 1177 568 τὴν
1191 528 1321 562 φυσικὴν,
1336 529 1392 554 εἴτε
1406 530 1453 555 τοῦ
1469 529 1670 565 βαπτίσματος,
1691 534 1706 567 ὴ
1723 533 1777 558 τῶν
1793 535 1842 558 οὺ-

1056 573 1146 608 ρανῶν
1161 574 1228 608 ἡμῖν
1242 574 1344 600 δίδοται
1358 575 1495 609 βασιλεία.

1090 677 1121 704 0.
1148 676 1239 712 Ταύτῃ
1266 685 1312 712 μοι
1335 676 1406 704 δίδου
1420 697 1427 710 ,
1456 678 1524 713 πρδς
1545 679 1627 705 αὐτὴν
1643 677 1730 712 εἷπον,
1748 681 1795 706 καὶ
1811 681 1842 707 τὸ

1053 724 1103 758 τῆς
1125 724 1281 758 ἀφθαρσίας
1305 723 1378 758 ἔχειν
1405 726 1573 759 μυστήριον·
1603 725 1644 756 τίς
1664 727 1718 761 γὰρ
1738 724 1771 761 ἦν
1792 727 1841 753 καὶ

1053 770 1135 804 χρεία
1163 769 1212 804 τὴν
1236 771 1275 800 εἰς
1297 770 1327 796 τὸ
1344 770 1408 804 ἑξῆς
1424 770 1506 796 αὑτὸν
1521 771 1659 797 πολιτείαν
1675 772 1838 805 ἁναλαδείν,

1054 815 1170 849 ἐχόντων
1186 815 1266 850 ἡμῶν
1280 816 1308 841 ὲν
1321 815 1396 850 αὐτῷ
1412 817 1482 843 κατὰ
1495 816 1543 851 τὴν
1557 817 1668 852 πρώτην
1682 817 1839 852 διάπλασιν,

1052 861 1102 896 τὴν
1136 861 1182 887 τοῦ
1215 861 1316 893 παντὸς
1346 862 1499 897 μυστηρίου
1530 863 1692 895 τε).είωσιν;
1727 864 1758 890 Εἰ
1784 865 1840 898 γὰρ

1055 907 1093 942 μὴ
1110 907 1197 933 ταῦτα
1212 907 1300 939 οὕτως
1313 927 1319 939 ,
1349 908 1410 934 οὐδὲ
1427 909 1520 934 πᾶσαν
1535 909 1700 943 γεγενῆσθαι
1717 910 1750 935 δι’
1765 911 1840 945 ἡμᾶς

1043 948 1102 987 ’τὴν
1128 953 1286 984 οἰκονομίαν
1312 954 1493 989 εὑρίσκομεν,
1524 955 1584 981 ἀλλ’
1610 955 1676 980 αὐτὸ
1702 955 1781 989 μόνον
1809 956 1840 982 τὸ

1053 998 1100 1024 τοῦ
1116 998 1267 1034 μυστηρίου
1285 999 1440 1033 προοίμιον.

1086 1059 1119 1085 Α.
1139 1059 1211 1090 Πῶς,
1226 1058 1290 1093 ἔφη,
1305 1058 1385 1085 τοῦτο
1400 1059 1505 1092 λέγειςς
1524 1060 1554 1086 οὺ
1569 1060 1624 1095 γὰρ
1637 1060 1669 1095 δὴ
1683 1061 1729 1087 τοῦ
1742 1061 1838 1096 ῥηθέν·

1051 1112 1096 1135 τος
1114 1105 1240 1139 συνίημι.

1086 1166 1115 1192 Ο,
1133 1165 1194 1190 Ὅτι
1210 1173 1241 1198 γε
1256 1164 1288 1200 δὴ
1304 1164 1376 1191 κατὰ
1389 1165 1452 1195 τοὺς
1467 1166 1540 1195 σοὺς,
1556 1164 1634 1199 ἔφην,
1649 1165 1755 1199 λόγους,
1771 1174 1839 1200 σαρ-

1051 1210 1151 1242 κωθεὶς
1178 1210 1227 1245 μὲν
1251 1210 1327 1236 ἔσται
1351 1211 1384 1237 δι’
1402 1211 1475 1244 ἡμᾶς
1500 1211 1547 1236 καὶ
1565 1210 1614 1244 τὴν
1628 1210 1754 1236 ἐντεῦθεν
1771 1211 1839 1245 ἡμῖν

1051 1255 1206 1291 ἀφθαρσίαν
1217 1275 1224 1287 ,
1254 1256 1486 1290 πεπολιτευμένος
1501 1255 1530 1281 δὲ
1547 1256 1640 1282 παθών
1655 1263 1683 1281 τε
1707 1259 1754 1282 καὶ
1769 1257 1839 1282 ἁνα-

1052 1303 1117 1333 στὰς
1130 1323 1136 1334 ,
1166 1303 1216 1327 οὐκ
1233 1300 1282 1327 οἷδ’
1298 1301 1357 1327 ἀνθ’
1370 1302 1442 1327 ὅτου.
1470 1301 1544 1327 BHE
1560 1301 1661 1332 σκοπὸς
1677 1302 1725 1334 μὲν
1740 1299 1773 1336 ἦν
1792 1302 1839 1328 τὸν

1051 1347 1170 1374 πεσόντα
1187 1347 1360 1381 ἀναστῆσαι,
1389 1347 1437 1373 καὶ
1453 1348 1486 1372 ὲκ
1499 1347 1615 1372 θανάτου
1634 1346 1838 1382 λυτρώσασθαι,

1050 1394 1097 1419 καὶ
1123 1394 1163 1423 εἰς
1184 1393 1256 1427 ζωὴν
1279 1393 1395 1419 καλέσαι
1413 1393 1460 1418 καὶ
1477 1393 1641 1424 ἀναϐίωσιν,
1660 1393 1792 1428 ἀφθάρτῳ
1806 1401 1838 1420 τι

1050 1439 1281 1474 καταλαμπρῦναι
1297 1439 1421 1473 σώματι,
1441 1438 1528 1464 ταῦτα
1542 1438 1569 1464 δὲ
1587 1439 1653 1473 ἡμῖν
1669 1440 1717 1474 οὐχ
1733 1440 1839 1474 ἑτέρως

1050 1485 1224 1521 περιεγίνετο
1237 1505 1244 1516 ,
1274 1485 1311 1519 μὴ
1325 1485 1388 1519 οὐχὶ
1403 1483 1448 1510 τοῦ
1464 1485 1567 1518 Κυρίου
1583 1486 1612 1510 ὲν
1626 1486 1658 1520 τῇ
1674 1486 1727 1520 ἰδίᾳ
1742 1486 1838 1520 σαρκὶ,

1049 1532 1151 1558 τούτων
1175 1531 1293 1557 ἕκαστον
1319 1530 1529 1565 ἐπιδειξαμένου
1544 1537 1551 1546 ι
1584 1531 1671 1566 ταύτῃ
1696 1531 1723 1557 δὲ
1748 1534 1839 1558 πάντα

1049 1577 1111 1603 καθ’
1135 1577 1207 1611 ὑμᾶς
1233 1577 1265 1602 ἐκ
1291 1576 1403 1610 πρώτης
1427 1578 1550 1608 ἐνώσεως
1579 1578 1632 1603 ὑπὸ
1657 1578 1704 1604 τοῦ
1731 1578 1839 1612 Κυρίου

1057 1623 1227 1653 τετέλεσται,
1246 1623 1276 1648 τὸ
1291 1623 1388 1648 ἑαυτοῦ
1404 1623 1483 1657 σῶμα
1497 1623 1565 1657 πρὸς
1579 1623 1734 1658 ἀφθαρσίαν
1750 1633 1838 1658 μετα-

1050 1669 1233 1704 κεράσαντος,
1262 1668 1360 1703 ἔχομεν
1386 1667 1415 1699 ἐξ
1438 1668 1522 1702 αὐτῆς
1541 1669 1595 1703 ἄρα
1620 1669 1665 1694 τοῦ
1684 1670 1837 1704 μυστηρίου

1049 1715 1099 1749 τῆς
1115 1714 1227 1749 πρώτης
1244 1714 1333 1748 ἀρχῆς
1350 1714 1378 1739 τὸ
1395 1715 1449 1739 πᾶν
1465 1714 1511 1739 τοῦ
1529 1716 1697 1749 μυστηρίου,
1722 1717 1768 1741 καὶ
1788 1724 1838 1740 πε-

1052 1760 1128 1794 ριττὴ
1150 1759 1243 1785 λοιπὸν
1265 1760 1281 1793 ἡ
1300 1759 1364 1794 ἑξῆς
1379 1759 1535 1793 οἰκονομία.
1561 1759 1667 1795 Ὥσπερ
1682 1761 1736 1795 γὰρ
1752 1762 1777 1787 εἰ
1792 1761 1838 1787 διὰ

1050 1806 1159 1840 πρώτου
1182 1806 1331 1841 φαρμάκου
1358 1806 1450 1831 τελεία
1482 1807 1538 1836 τοῖς
1566 1806 1719 1841 κάμνουσιν
1744 1806 1838 1839 ὑγίεια

1050 1851 1241 1885 προσεγίνετο,
1273 1850 1390 1885 περιττὴ
1418 1850 1512 1877 λοιπὸν
1538 1852 1554 1886 ἡ
1581 1852 1651 1885 μετὰ
1672 1851 1758 1877 ταῦτα
1778 1853 1839 1883 τοῖς

1051 1898 1153 1931 ἰατροῖς
1168 1897 1403 1932 ἑπιτετηδευμὲνη
1421 1897 1490 1924 κατὰ
1505 1897 1554 1931 τῆς
1569 1897 1643 1929 ἅπαξ
1655 1898 1839 1933 νενικημένης

1049 1943 1203 1979 ἀρρωστίας
1220 1943 1321 1977 σπουδή
1334 1951 1340 1956 ·
1366 1944 1411 1969 τὸν
1429 1943 1511 1969 αὐτὸν
1525 1943 1558 1978 δὴ
1568 1944 1681 1977 τρόπον,
1700 1944 1724 1969 εί
1741 1945 1772 1970 ἐκ
1788 1945 1839 1978 τῆς

1050 1989 1173 2020 ὲνώσεως
1199 1990 1247 2023 τῆς
1273 1989 1341 2024 προς
1365 1989 1414 2024 τὴν
1438 1990 1544 2024 σάρκα,
1569 1989 1600 2015 τὺ
1615 1990 1664 2024 τῆς
1679 1990 1840 2024 ἀφθαρσίας

1049 2035 1146 2070 ἐνῆκεν
1161 2035 1228 2069 ἡμῖν
1243 2034 1356 2068 ἀγαθὸν,
1376 2035 1492 2069 περιττὴ
1507 2035 1582 2061 πᾶσα
1597 2035 1612 2068 ἡ
1629 2035 1710 2070 λοιπὴ
1725 2036 1771 2062 τοῦ
1786 2045 1839 2070 μυ-

1050 2079 1162 2113 στηρίου
1188 2079 1323 2113 περίοδος.
1354 2079 1425 2105 Ἀλλ’
1444 2079 1521 2114 οἶμαι
1538 2080 1619 2106 τοῦτο
1633 2080 1748 2115 πάσχειν
1763 2082 1839 2115 ὑμᾶς

1049 2125 1214 2159 ἀγνοοῦντας
1228 2145 1234 2156 ,
1265 2125 1306 2150 ὅτι
1331 2124 1410 2156 ἄλλος
1428 2125 1478 2159 μὲν
1494 2126 1508 2151 δ
1521 2125 1600 2158 λόγος
1616 2126 1666 2160 τῆς
1680 2126 1839 2156 οὑσιώσεως

1048 2171 1097 2198 τοῦ
1114 2171 1253 2206 σώματος,
1272 2170 1351 2201 ἄλλος
1366 2170 1394 2196 δὲ
1410 2172 1424 2196 ὁ
1439 2171 1489 2205 τῆς
1504 2172 1627 2204 ὲνώσεως
1640 2172 1751 2206 τρόπος.
1781 2171 1839 2199 Καὶ

1048 2218 1089 2244 ὅτι
1116 2218 1145 2244 τὸ
1167 2217 1217 2252 μὲν
1241 2216 1363 2251 ὑπῆρξεν
1386 2216 1459 2251 αὐτῷ
1485 2218 1516 2243 ἐκ
1540 2217 1589 2251 τῆς
1609 2217 1656 2243 τοῦ
1673 2217 1838 2252 Ilva-Suam;

1049 2263 1199 2296 παρουσίας
1225 2262 1271 2288 καὶ
1295 2261 1444 2295 ὲνδημίας,
1471 2261 1679 2297 δημιουργικῶς
1693 2262 1760 2289 αὐτὸ
1774 2263 1836 2289 δια·

211 2309 268 2335 sive
300 2307 459 2342 operatione
485 2306 577 2338 Verbi,
603 2305 650 2333 sed
673 2314 706 2332 ex
734 2310 789 2332 tota
816 2310 843 2332 et
870 2305 998 2332 substan-

1054 2308 1220 2342 πλαττούτης
1230 2316 1236 2322 ·
1254 2307 1283 2333 τὺ
1296 2307 1325 2332 δὲ
1339 2307 1387 2333 οὐκ
1404 2308 1436 2333 ἐκ
1451 2308 1501 2342 τῆς
1515 2307 1562 2334 τοῦ
1577 2308 1664 2340 Λόγου
1678 2309 1833 2343 ἑνερ-ίεὶαι,

212 2355 268 2382 tiali
293 2353 404 2380 unione.
427 2353 522 2379 Virtus
543 2352 616 2379 enim
645 2351 763 2386 Spiritus
785 2352 872 2378 sancti
901 2351 996 2378 fecun-

211 2401 324 2429 ditatem
339 2399 443 2434 Virgini
458 2397 654 2432 suppeditavit,
677 2401 706 2423 ut
719 2397 831 2431 quidam
857 2396 929 2430 apud
946 2403 996 2422 nos

210 2449 289 2476 valde
307 2446 540 2482 cleganterdixit;
557 2449 584 2472 et
603 2445 730 2471 formatio
756 2444 917 2471 substantia:
932 2451 994 2470 cor-

212 2495 287 2530 poris
302 2501 334 2521 ex
345 2493 449 2527 Spiritu
465 2497 560 2530 sancto
577 2495 618 2517 est
633 2490 785 2518 secundum
805 2489 994 2524 operationem

211 2539 272 2573 ejus
298 2537 465 2564 effectricem
493 2536 652 2565 constituta.
693 2535 806 2562 materia
845 2538 936 2560 autem
962 2540 995 2559 ex

212 2583 322 2618 Virgine
353 2587 460 2616 sumpta
487 2586 539 2608 est.
556 2581 675 2608 Verbum
691 2586 782 2607 autent
809 2579 939 2614 templum
963 2579 997 2605 ab

212 2629 315 2664 Spiritu
329 2632 424 2654 sancto
437 2627 490 2653 sibi
516 2627 679 2653 fabricatum
692 2626 719 2652 in
748 2625 807 2658 ipsa
834 2625 922 2660 prima
942 2624 997 2650 for-

211 2675 332 2703 matione
364 2673 508 2703 inhabitat.
547 2680 601 2698 non
626 2675 793 2706 exspectata,
823 2674 853 2696 ut
885 2669 996 2704 quidam

212 2723 286 2746 recte
297 2718 376 2748 dixit,
392 2718 629 2744 consummatione
642 2716 748 2750 templi,
776 2716 823 2743 sed
842 2716 933 2750 primo
947 2716 998 2742 ini-

213 2761 252 2788 tio
267 2760 414 2787 inefl'abilis
432 2759 601 2791 oeconomia),
628 2760 655 2786 id
681 2764 723 2787 est
757 2760 997 2788 incarnationistin

215 2805 273 2838 ipsa
284 2809 389 2831 natura:
404 2804 513 2831 officina
523 2805 640 2836 unitum,
667 2810 754 2832 totum
772 2805 917 2832 :edificium
946 2805 997 2832 sibi

220 2849 413 2876 circuitidedit.
437 2849 495 2875 Non
522 2849 592 2876 enim
621 2851 692 2877 facto
722 2859 846 2885 corpore,
870 2852 909 2878 sic
933 2851 999 2878 foris

1050 2353 1141 2380 ἁλλ’ἐκ
1151 2353 1199 2387 τῆς
1209 2352 1275 2387 πρὸς
1285 2351 1366 2378 αὑτὸν
1377 2352 1472 2385 ὑλικῆς
1483 2353 1530 2379 καὶ
1538 2353 1684 2384 οὐσιώδους
1698 2354 1833 2385 ὲνώσεως.

1051 2400 1086 2425 To
1109 2399 1157 2433 μὲν
1175 2399 1228 2432 γὰρ
1249 2398 1360 2432 γόνιμον
1377 2400 1410 2433 τῇ
1428 2399 1561 2434 Παρθένῳ
1581 2399 1596 2433 ἡ
1613 2398 1660 2425 τοῦ
1675 2399 1836 2434 ιῐνεύματσς

1050 2444 1163 2478 δύναμις
1177 2444 1355 2478 ἐχορήγησεν,
1374 2443 1412 2474 ὦς
1427 2452 1468 2474 τις
1484 2443 1536 2470 τῶν
1554 2444 1619 2478 παρ’
1631 2445 1698 2479 ἡμῖν
1711 2446 1835 2479 εἴρηκεν,

1049 2489 1096 2514 καὶ
1127 2487 1187 2514 λίαν
1216 2488 1325 2519 καλῶς·
1363 2489 1410 2515 καὶ
1438 2490 1454 2523 ή
1482 2490 1610 2521 οὑσίωσις
1635 2490 1683 2516 τοῦ
1708 2489 1835 2525 σώματα,

1050 2535 1081 2560 ἐκ
1100 2533 1259 2568 Πνεὺματὸς
1275 2535 1349 2559 ἐστιν
1364 2534 1442 2567 ἁγίου
1452 2554 1459 2566 ,
1483 2535 1553 2561 κατὰ
1569 2535 1618 2569 τὴν
1632 2535 1818 2569 δημιουργικὴ
1830 2545 1839 2561 I

1047 2578 1130 2605 αὑτοῦ
1157 2579 1279 2604 συστᾶσα
1319 2579 1480 2614 ἐνέργειαν,
1511 2580 1543 2605 ὲκ
1566 2581 1595 2606 δὲ
1624 2581 1674 2613 τῆς
1700 2582 1838 2607 Pco-.6109

1048 2626 1064 2659 ἡ
1088 2623 1137 2658 ὕλη
1162 2625 1212 2658 τῆς
1235 2624 1328 2656 obsta;
1353 2625 1566 2661 προσείληπται.
1585 2626 1614 2652 Ὀ
1637 2626 1665 2652 δὲ
1686 2626 1774 2659 Λόγος
1792 2627 1841 2652 τον

1048 2671 1079 2696 ὲκ
1095 2669 1141 2695 τοῦ
1158 2669 1315 2705 Πνεύματος
1331 2671 1492 2705 κτιζόμενον
1506 2671 1580 2706 αὐτῷ
1594 2672 1667 2704 ναὸν,
1680 2672 1741 2698 κατ’
1751 2673 1841 2705 αὐτὴν

1050 2716 1099 2750 τὴν
1124 2715 1235 2750 πρώτην
1261 2716 1361 2742 ἐνοικεῖ
1384 2717 1548 2743 διάπλασιν·
1582 2718 1643 2744 οὐδὲ
1669 2717 1840 2752 ἀναμείνας,

1051 2761 1088 2792 ὡς
1101 2759 1161 2787 ε’ίπέ
1173 2761 1224 2787 πού
1237 2770 1279 2792 τις
1292 2761 1380 2796 ὀρθῶς
1391 2762 1490 2796 λέγων,
1500 2763 1548 2797 τὴν
1561 2763 1703 2790 τελείωσιν
1715 2763 1763 2789 τοῦ
1775 2764 1842 2794 νεὼ,

1052 2807 1120 2833 ἀλλὰ
1135 2809 1168 2842 τῇ
1183 2806 1278 2843 πρώτῃ
1293 2808 1342 2842 τῆς
1356 2808 1477 2842 ἀρρήτου
1492 2809 1648 2842 οἰκονομίας
1663 2810 1746 2844 ἀρχῇ,
1760 2809 1792 2835 ἐν
1803 2809 1844 2842 τῷ

1053 2852 1101 2886 τῆς
1119 2851 1225 2886 φύσεως
1243 2853 1417 2886 ἐργαστηρίῳ
1440 2853 1601 2886 συναφθεὶς,
1627 2854 1676 2889 τὴν
1694 2855 1846 2888 οἵκοδομὴν
