1973 3098
91 153 159 188 i357

553 155 636 186 ADV.
658 154 1012 186 INCORRUPTICOLAS
1031 156 1078 186 ET
1099 156 1256 186 NESTOR.

1649 161 1719 194 11ιῖιῦ

88 221 134 239 τον
159 210 351 246 οἰκονομικῶς,
377 210 420 237 ἵνα.
439 210 486 236 καὶ
512 209 617 244 νεκρῶν
638 210 686 236 καὶ
702 209 811 241 ζώντων
827 219 874 236 κυ-

928 215 1003 238 retur
1023 211 1202 245 oeconomice,
1220 216 1251 239 ut
1266 215 1438 241 mortuorum
1450 218 1477 243 et
1493 216 1618 244 vivorum
1631 218 1720 248 dumi.

91 257 197 294 ριεύσῃ.
222 256 331 290 Ἐπειδὴ
349 256 377 281 δὲ
397 255 476 290 σῶμα
491 255 564 289 ζωῆς
579 254 680 281 ἁνεὸἰω
693 255 875 290 παραχρῆμα,

89 302 233 336 νενικηκὸς
251 302 302 336 τὴν
317 301 430 335 φθορὰν,
446 300 501 326 τῶν
511 299 582 326 οὕτω
591 298 698 325 σεπτῶν
712 299 761 334 τὴν
777 300 877 335 κατόρ-

90 349 172 376 θωσιν
186 348 216 374 οὐ
235 347 314 382 φύσει
337 347 449 382 σαρκὸς,
462 346 530 373 ἀλλὰ
553 347 586 382 τῇ
601 346 647 372 τοῦ
660 346 747 379 Λόγοι)
762 345 876 381 δυνάμει

90 394 302 429 προσνέμοντες,
317 392 521 428 εὖοεὸήσωμεν.

125 472 193 499 Cum
212 472 270 498 luec
295 471 329 497 ab
353 470 508 497 illustribus
526 469 656 496 Ecclesiae
679 469 806 496 Patribus
824 479 880 497 uno

90 524 228 544 consensu
245 516 317 543 dicta
342 516 408 548 sint,
434 515 612 550 reperiuntur
630 514 755 549 profecto
781 515 878 542 eodem

89 563 190 597 spiritu
204 563 277 596 pleni
289 562 385 592 fuisse,
395 562 491 588 eadem
504 561 616 587 omnino
626 560 644 586 ii
657 560 707 594 ipsi
717 560 877 588 sentientes.

88 608 222 643 Volebam
234 607 375 641 equidem,
387 607 409 634 si
423 606 482 634 ﬁeri
495 605 642 640 potuisset.
653 605 744 632 omnia
753 606 877 632 omnium

90 653 248 680 testimonia
264 653 419 688 subjicere:
437 652 485 679 sed
505 660 538 678 ne
554 651 640 677 lector
655 656 766 686 propter
783 652 877 678 muiti-

89 699 214 726 tudinem
239 703 418 726 cunctaretur
444 698 546 732 legere,
566 697 735 728 studuimus,
752 702 781 723 ut
805 705 876 723 non—

930 261 1054 284 naretur.
1083 257 1152 290 Quia
1181 265 1246 285 vero
1273 266 1375 294 corpus
1406 261 1470 288 vitae
1495 262 1589 289 statim
1618 265 1719 292 revixit

931 307 1060 337 superata
1082 304 1272 338 corruptione,
1297 306 1371 340 quod
1394 307 1452 334 ltaz'c
1476 312 1531 334 tam
1561 311 1718 338 veneranda

930 348 1095 383 perfecerit,
1124 349 1147 375 si
1170 357 1225 376 non
1251 356 1357 378 naturm
1385 353 1488 386 carnis,
1512 353 1560 380 sed
1588 356 1719 389 potentiae

933 393 1014 420 Verbi
1038 393 1202 426 tribuamus,
1221 395 1258 429 pii
1284 397 1399 424 erimus.

929 471 1067 497 nullorum
1080 476 1108 498 et
1122 479 1208 506 pauca
1226 472 1253 498 in
1269 473 1390 501 medium
1400 475 1574 509 aﬂ‘erremus,
1589 485 1648 512 quae
1659 478 1716 506 lor-

928 524 1000 543 mam
1019 520 1047 543 et
1066 518 1188 551 regulam
1213 519 1338 546 veritatis
1362 528 1422 554 qum
1448 521 1475 548 in
1498 522 1566 556 ipsis
1590 524 1718 551 omnibus

927 561 989 593 fuit,
1009 563 1201 590 continerent.
1215 563 1360 592 Hominem
1383 566 1552 594 laboriosum
1569 568 1603 594 ad
1619 577 1715 596 eorum

930 607 1053 642 integros
1071 608 1158 636 libros
1173 611 1396 644 transmittimus,
1413 612 1440 639 in
1452 613 1554 646 quibus
1568 615 1641 648 quod
1655 623 1717 649 per-

930 652 1030 679 fectum
1044 659 1071 680 et
1084 654 1209 681 limatum
1221 660 1273 687 est,
1291 658 1466 692 magisquam
1479 658 1506 685 in
1519 658 1622 686 nostris
1637 660 1716 687 libris

931 699 1060 732 reperiet.

751 805 1710 821 Ἥ

759 894 942 937 ΛΟΓΟΣ
979 889 1034 936 1"-

124 995 219 1023 ΚΑΤΑ
247 994 571 1023 ΑΦθΑΡΤΟΔΟΚΗΤΩΝ
599 994 667 1020 ΤΗΣ
691 995 902 1023 ΑΠΟΡΡΗΤΟΥ
933 997 993 1024 ΚΑΙ
1023 998 1324 1026 ΔΡΧυΕΙΔΕΣΤΕΡΑΣ
1345 999 1414 1026 ΤΩΝ
1437 1000 1678 1029 ΝΕΣΤΟΡΙΑΝΩΝ

350 1041 523 1074 ΑΣΕΒΕΙΑΣ,
552 1040 612 1067 ΚΑῐ
637 1041 704 1067 ΤΩΝ
731 1041 870 1068 ΤᾹΥΤΗΣ
892 1042 1053 1070 ΠΑΤΕΡΩΝ
1075 1043 1162 1069 ΨΩΡΛ
1185 1044 1244 1070 ΚΑΙ
1266 1044 1448 1072 ΘΡΙΔΜΒΟΣ.

747 1220 924 1264 LIBER
965 1221 1061 1264 III.

149 1333 348 1365 ADVERSUS
380 1331 744 1366 INCORBUPTICOLAS,
777 1331 844 1365 QUI
876 1331 1054 1360 ARCANAM
1082 1331 1129 1360 ET
1159 1331 1422 1362 PRIMIGENIAM
1450 1332 1654 1363 NESTORIA'

560 1378 697 1408 NORUM
722 1376 957 1406 IMPIETATEM
983 1376 1224 1412 SECTANTUR,

356 1425 403 1454 ΕΤ
423 1424 470 1454 DE
500 1424 574 1453 HAC
591 1423 720 1453 EADEM
747 1422 899 1451 ΗᾹΞΒΕΞΙ
915 1421 1129 1457 INQUISITIO
1145 1423 1191 1452 ET
1210 1423 1448 1453 TRIUMPHUS.

610 1501 686 1537 (Aac.
704 1500 764 1534 MAI,
781 1499 904 1535 Spicileg.
921 1499 996 1526 Rom.
1012 1503 1032 1526 t.
1047 1498 1082 1532 Χ,
1097 1506 1123 1533 p.
1136 1499 1198 1534 661)

124 1667 221 1699 Τρίτον
240 1667 287 1692 ἐπὶ
306 1668 361 1698 τοῖς
384 1667 552 1703 προλαϐοῦσι
570 1676 615 1702 μοι
632 1667 692 1693 δυσὶ
709 1667 797 1701 λόγοις
814 1676 875 1694 του-

961 1667 1145 1702 Aggressurus
1154 1668 1301 1704 adjnngere
1318 1669 1392 1697 hunc
1408 1671 1629 1699 tertiumlibrum
1643 1672 1713 1700 duo-

87 1712 148 1739 τονὶ
174 1713 328 1740 συντάττων
353 1713 382 1739 τό
402 1722 432 1740 τε
460 1713 520 1748 Θεῷ
550 1713 739 1748 χαριστήριον,
759 1713 874 1740 καὶτῶν

88 1758 196 1786 ἀσεϐῶν
210 1759 311 1794 στήλην
326 1760 373 1786 καὶ
390 1760 535 1794 θρίαμϐον,
552 1760 687 1794 εὐξαίμην
706 1759 739 1786 ἂν
756 1760 802 1786 τὸν
817 1760 874 1786 Κύ-

89 1811 148 1837 ριον
173 1805 302 1838 παρεῖναι
329 1804 376 1829 καὶ
401 1804 448 1830 νῦν
468 1804 534 1838 ἡμῖν
561 1805 669 1839 ἀρωγὸν
686 1805 734 1839 τῆς
758 1804 872 1836 ἐννοίας,

89 1848 136 1873 καὶ
154 1848 225 1884 λόγῳ
240 1849 285 1874 τὺν
300 1849 379 1882 λόγον
393 1849 472 1884 ἡμῶν
487 1849 651 1875 κατευθῦναι
673 1850 701 1875 ἐν
719 1850 875 1884 Πνευματο-

89 1893 191 1928 κινήτῳ
208 1893 312 1928 χάριτι.
326 1893 357 1919 Et
369 1894 422 1928 γὰρ
436 1894 468 1920 ὲκ
483 1893 552 1920 Θεοῦ
568 1893 757 1929 βοηθούμενοι,
773 1894 828 1921 τῶν
845 1903 875 1920 τε

89 1938 177 1965 ἄλλων
203 1939 324 1970 πάντων,
341 1939 388 1964 καὶ
403 1938 453 1973 τῆς
485 1940 514 1965 ὲν
540 1940 634 1974 χερσὶν
649 1939 803 1970 ὑποθέσεως
826 1940 875 1973 ἐφ-

89 1984 226 2019 αψάμεθα,
242 1985 310 2019 ἡμῖν
319 1994 348 2011 τε
363 1985 439 2011 ἔσται
455 1986 550 2020 μισθὸς
559 1985 705 2020 αὐτοτελὴς
719 1985 774 2011 τῶν
787 1985 875 2014 πόνων

91 2032 106 2066 ή
130 2031 285 2066 συμμαχία,
302 2033 361 2063 τοῖς
376 2039 405 2057 τε
423 2032 492 2066 ὑπὲρ
509 2028 546 2058 ὧν
565 2032 611 2057 καὶ
627 2031 661 2058 δι’
681 2031 728 2062 οὒς
747 2032 771 2058 οἱ
791 2031 875 2065 λόγοι,

89 2077 223 2111 ὠφελείας
242 2078 384 2112 ἐνέχυρον,
399 2079 422 2103 εἰ
435 2078 483 2104 καὶ
498 2077 535 2112 μὴ
554 2079 586 2113 τῇ
607 2077 682 2112 ἀξίᾳ,
697 2079 729 2113 τῇ
748 2086 779 2112 γε
797 2078 877 2105 δυνά-

91 2131 137 2158 μει
151 2123 430 2158 παρσμετρούμενονθ
448 2124 515 2158 ἡμῖν
528 2123 557 2149 δὲ
576 2124 624 2149 καὶ
641 2123 727 2154 ἄλλως
747 2123 875 2158 ἀφοσιοῦ-

88 2177 134 2195 ται
153 2168 187 2195 τὰ
203 2168 262 2194 νῦν.
279 2169 397 2195 Παλαιὸν
413 2169 466 2204 γὰρ
483 2169 561 2204 χρέος
576 2169 749 2204 εἰσφέρομεν,
767 2169 875 2195 πάντων

89 2213 179 2248 χρεῶν
195 2214 235 2245 εἰς
250 2213 354 2240 ἔκτισιν
368 2214 539 2241 δικαιότατον
550 2235 558 2246 ,
575 2214 659 2241 πάλαι
677 2214 725 2249 μὲν
746 2214 876 2248 ἀποδοθῆ-

89 2268 133 2286 ναι
148 2259 336 2294 ὀφειλόμενον,
356 2259 400 2286 διὰ
416 2259 445 2286 δὲ
460 2259 562 2294 πολλὴν
582 2260 628 2286 καὶ
643 2259 753 2294 μακρὰν
769 2259 874 2293 πενίαν,

89 2304 137 2331 νῦν
155 2306 202 2332 καὶ
220 2305 308 2341 μόλις,
324 2306 372 2332 καὶ
384 2305 432 2340 οὐχ
441 2306 504 2332 ὅσον
520 2305 595 2338 ἄξιον
611 2305 781 2332 ὲκτίννυσθαι
794 2304 877 2340 ἀρχό-

92 2359 181 2385 μενον.

125 2438 193 2465 Καθ’
211 2434 248 2464 ὧν
270 2439 324 2473 γὰρ
345 2439 447 2474 στήλην
466 2439 571 2474 ἐγεῖραι
587 2438 626 2472 τῷ
646 2437 706 2472 θεῷ
725 2437 788 2472 ἄρτι
808 2445 875 2471 προ-

89 2484 207 2519 ῄρημαι,
224 2483 358 2519 θριαμϐὀν
375 2492 404 2509 τε
415 2484 507 2515 αὐτοῖς
519 2484 693 2518 περιστῆσαι,
711 2482 809 2519 μηκέτι
824 2482 873 2516 τὴν

90 2529 218 2556 ἀσέϐειαν
236 2531 265 2557 ὲν
285 2529 401 2564 κρυπτῷ
421 2529 642 2564 ταμιευομένοις,
656 2530 704 2555 καὶ
721 2528 761 2563 τῷ
776 2529 874 2563 ἀφανεῖ

91 2575 138 2602 καὶ
153 2575 284 2611 ἀγνώστῳ
300 2574 414 2606 πολλοὺς
432 2574 617 2606 δελεάζοντας,
641 2574 708 2600 ἀλλὰ
731 2573 873 2609 πόρρωθεν

91 2621 281 2655 φαινομένους,
297 2622 344 2648 καὶ
361 2620 447 2656 ταύτῃ
471 2620 631 2654 γινομένους
651 2619 785 2653 φευκτοὺς
807 2618 875 2644 ἀπο-

92 2667 249 2701 τροπαίους,
275 2665 309 2703 ἦν
333 2667 377 2694 ὅτε
405 2665 452 2693 καὶ
475 2666 557 2697 αὐτὸς
570 2664 692 2700 ὑπῆρχον
711 2663 758 2690 τοῦ
781 2663 874 2689 θιάσου

93 2712 188 2748 μέρος.
202 2713 270 2739 Νέον
287 2713 341 2747 γὰρ
366 2712 427 2739 τότε
452 2711 517 2738 ὄντα.
542 2719 587 2746 με,
606 2710 650 2736 τόν
663 2718 693 2736 τε
709 2709 803 2744 χρόνον
828 2709 875 2735 καὶ

91 2757 138 2784 τὸν
148 2757 276 2793 λογισμὸν
290 2759 473 2794 ἡρπάκεισαν,
487 2757 563 2785 οὐδὲν
574 2757 587 2783 ὅ
596 2765 622 2783 τι
631 2755 668 2790 μὴ
684 2754 738 2781 τῶν
751 2754 801 2789 τῆς
825 2762 874 2781 κα-

93 2805 157 2835 κίεις
185 2804 307 2839 ὀργάνων
331 2806 370 2837 εἰς
395 2805 475 2832 τοῦτο
500 2803 678 2839 κινήσαντες’
708 2800 875 2836 προθέμενον

92 2849 147 2884 γὰρ
159 2849 209 2884 τὴν
221 2849 273 2877 τῶν
293 2850 435 2885 δογμάτων
451 2849 604 2885 ἀκρῖὸειαν,
620 2845 656 2875 ὢν
669 2845 763 2881 ἐπειδὴ
776 2846 876 2879 γευσά-

926 1713 978 1739 bus
997 1714 1065 1740 meis
1083 1715 1273 1749 superioribus
1290 1719 1347 1742 tum
1362 1716 1388 1742 in
1407 1717 1556 1750 gratiarum
1577 1718 1711 1746 actionem

925 1758 991 1790 Deo,
1007 1763 1065 1786 tum
1079 1759 1106 1786 in
1124 1760 1293 1794 triumphum
1309 1760 1343 1787 de
1361 1761 1454 1795 impiis
1467 1766 1492 1789 et
1508 1762 1542 1788 ad
1556 1769 1652 1788 eorum
1671 1763 1712 1790 vi-

927 1805 1146 1838 tuperationem;
1167 1805 1301 1839 precabor
1316 1800 1475 1837 Dominum,
1491 1811 1521 1832 nt
1538 1807 1620 1833 etiam
1639 1815 1714 1835 nunc

926 1848 1000 1874 ad:it
1025 1848 1107 1876 nobis
1133 1849 1244 1884 adiutor
1270 1850 1469 1884 intelligentiae,
1498 1856 1525 1878 et
1553 1852 1639 1878 verbo
1662 1860 1713 1879 suo

926 1894 1043 1921 verbum
1062 1900 1188 1922 nostrum
1209 1896 1296 1931 gratia
1317 1895 1437 1931 Spiritus
1454 1897 1541 1924 sancti
1558 1897 1648 1925 amata
1672 1899 1714 1925 di—

927 1938 1007 1971 rigat.
1021 1938 1047 1965 Si
1062 1940 1147 1971 enim,
1157 1940 1305 1974 adiurante
1320 1948 1370 1968 nos
1387 1941 1453 1974 Deo,
1467 1946 1526 1968 tum
1540 1942 1593 1969 alia
1609 1943 1712 1974 omnia,

928 1987 985 2009 tum
1008 1983 1062 2011 hoc
1078 1985 1152 2018 quod
1176 1985 1203 2011 in
1224 1985 1354 2012 manibus
1372 1990 1424 2018 est,
1450 1986 1661 2021 aggrediemur;
1686 1992 1714 2014 et.

927 2029 1009 2055 nobis
1032 2029 1086 2056 erit
1107 2030 1213 2065 integra
1232 2038 1338 2058 merces
1361 2031 1449 2065 ipsum
1465 2032 1653 2067 adjumentum
1676 2033 1714 2060 la-

926 2075 1019 2107 boris;
1035 2079 1062 2102 et
1079 2076 1113 2102 iis
1130 2082 1243 2110 propter
1260 2084 1330 2110 quos
1345 2077 1502 2110 scribimus,
1517 2078 1573 2105 erit
1614 2079 1713 2114 pignus

927 2121 1067 2152 utilitatis,
1086 2122 1108 2148 si
1125 2130 1178 2153 non
1205 2130 1256 2156 pro
1279 2122 1413 2156 dignitate
1439 2131 1506 2158 par,
1549 2124 1645 2151 saltem
1663 2133 1713 2160 pro

926 2165 1031 2193 viribus
1047 2166 1166 2193 nostris:
1184 2174 1235 2193 nos
1248 2171 1337 2194 autem
1347 2167 1428 2194 aliter
1436 2168 1519 2194 etiam
1533 2168 1559 2194 in
1568 2169 1712 2202 praesentia

928 2218 1101 2238 excusamur.
1120 2211 1205 2238 Vetus
1225 2212 1299 2238 cnim
1319 2212 1442 2239 debitum
1469 2213 1623 2246 alierimus,
1638 2214 1712 2248 quod

928 2261 992 2284 ante
1006 2261 1104 2284 caetera
1118 2257 1210 2283 omnia
1226 2257 1320 2284 debila
1334 2258 1442 2285 solvere
1459 2258 1647 2293 aequissimum
1657 2263 1710 2286 est.

926 2301 1004 2334 Quod
1019 2301 1130 2335 quidem
1147 2302 1203 2336 jam
1218 2301 1325 2336 pridem
1341 2303 1410 2328 solvi
1421 2302 1527 2334 debuit,
1539 2302 1587 2329 sed
1601 2306 1712 2337 propter

888 2343 908 2370 C
930 2354 1054 2381 magnam
1070 2347 1190 2382 inopiam
1202 2347 1246 2373 vix
1260 2355 1344 2379 nunc,
1358 2352 1461 2380 etnon,
1475 2347 1629 2383 utdignum
1641 2353 1710 2380 erat,

926 2393 994 2420 solvi
1011 2392 1104 2427 coepit.

960 2436 1095 2469 Quoniam
1110 2440 1205 2464 contra
1215 2444 1284 2472 quos
1297 2438 1379 2472 paulo
1389 2441 1452 2464 ante
1463 2437 1537 2464 volui
1555 2437 1711 2465 columnam

926 2482 982 2509 Deo
996 2489 1109 2516 ponere,
1125 2485 1153 2509 et
1169 2482 1340 2517 triumphum
1356 2482 1390 2510 de
1405 2482 1473 2516 ipsis
1488 2489 1579 2517 agere,
1593 2482 1640 2516 qui
1657 2490 1711 2509 non

926 2527 1044 2562 amplius
1061 2528 1230 2562 impietatem
1245 2529 1346 2560 celant,
1361 2531 1389 2555 et
1401 2529 1428 2555 in
1444 2528 1538 2555 abdito
1551 2532 1672 2560 servant,
1685 2533 1712 2555 et

926 2574 1028 2600 multos
1038 2573 1064 2600 in
1079 2573 1212 2600 fallaciam
1226 2574 1392 2601 occultando
1405 2573 1551 2606 inducunt,
1567 2574 1616 2601 sed
1630 2574 1713 2601 elon-

927 2619 1030 2653 ginquo
1047 2623 1190 2654 apparent,
1209 2627 1243 2647 eo
1260 2620 1347 2655 magis
1365 2619 1487 2654 fugiendi
1504 2624 1532 2647 et
1550 2619 1710 2652 avertendi;

929 2672 962 2691 cx
972 2665 1070 2692 horum
1081 2670 1154 2692 cmtu
1169 2669 1197 2692 et
1209 2673 1325 2692 numero
1337 2665 1485 2700 aliquando
1498 2665 1548 2693 fui.
1559 2665 1627 2693 Cum
1638 2665 1711 2693 enim

929 2715 994 2738 tmtc
1008 2711 1169 2738 adolescens
1183 2719 1286 2743 essem,
1301 2717 1328 2738 et
1344 2716 1450 2746 tempus
1458 2716 1486 2739 et
1498 2712 1631 2739 rationem
1644 2712 1711 2739 mihi

926 2756 1229 2790 subripuerunt,nullo
1254 2757 1438 2784 instrumento
1464 2756 1574 2783 malitiae
1600 2756 1633 2783 ad
1659 2756 1713 2782 hoc

922 2808 976 2826 non
995 2801 1128 2828 adhibito.
1147 2801 1345 2834 Proposueram
1359 2801 1431 2828 enim
1447 2801 1606 2835 dogmalum
1631 2800 1711 2827 abso-

923 2847 1064 2875 lutionem.
1113 2856 1171 2882 quae
1217 2852 1380 2882 postquam,
1418 2847 1494 2881 juxta
1525 2845 1710 2882 proverbium,
