1973 3098
257 124 266 157 Ι
273 126 324 158 363

889 126 1045 158 LEONTII
1065 125 1265 157 BYZANTINI

1813 119 1886 151 l‘TGi

254 180 348 208 Ταῦτα
361 181 426 216 παρ’
441 181 548 212 ἑαυτοῖς
579 179 738 215 στήσαντες,
756 181 803 207 καὶ
823 181 938 216 ἀρίστην
953 180 1056 215 ταύτην
1077 181 1152 216 σφίσι
1172 179 1354 215 καταθέμενοι
1381 177 1488 213 βουλὴν,
1527 176 1664 210 Θεόδωρον
1691 173 1749 201 ἀντ’
1774 174 1886 200 ἐκείνου

253 230 310 259 τοῖς
325 228 431 259 πιστοῖς
446 227 634 262 προΐσχονται.

286 286 331 314 Ἥ.
348 286 427 320 Quod
446 294 511 313 vero
533 290 575 313 est
599 285 642 312 his
666 284 856 312 admirabilius
880 284 942 320 (etsi
966 286 1033 313 enin

1129 286 1174 318 (τ’.
1189 284 1225 310 Τὸ
1235 283 1263 311 δὲ
1277 283 1381 310 τούτων
1396 279 1633 316 θαυμασιώτερον,
1650 279 1752 315 καίπερ
1780 279 1888 314 παρελ-

212 327 215 337 λ
251 332 377 360 volebam
391 332 606 367 praeterire,non
616 337 706 358 tamen
722 331 890 365 sinor),cum
901 337 1039 359 versutam

254 378 388 406 malitiam
411 378 622 405 Manichaaorum
647 377 745 404 imitati
772 382 878 411 essent,
899 386 949 405 nec
966 378 1040 405 enim

253 425 334 451 aliter
349 424 415 458 ipsis
437 424 528 451 vivere
545 424 656 455 licebat,
679 423 749 451 sicut
774 424 813 450 illi
838 432 866 451 se
891 424 917 450 in
939 424 1041 450 electos

253 476 323 503 quos
336 469 387 503 ipsi
401 473 511 499 vocant.
523 473 551 495 et
566 469 593 495 in
604 468 810 500 iridiﬁerentcs;
829 469 868 495 sic
893 469 920 495 hi
937 469 1041 503 seipsos

254 514 348 549 partiti
364 519 428 542 sunt
444 515 471 542 in
492 515 647 542 imitatores
666 515 754 549 ipsius
769 515 900 548 Nestorii,
917 519 945 542 et
963 523 1041 542 eom-

254 560 414 587 niunionem
431 568 463 587 ac
483 561 643 588 societatem
657 561 717 596 ejus
734 561 823 595 magni
841 561 986 593 facientes,
1013 565 1041 588 et

255 606 282 632 in
297 606 561 633 anathematizantes
579 606 747 637 Nestorium,
765 607 929 633 simulantes
949 611 1040 633 autem

253 649 382 678 Ecclesiae
393 651 711 684 eommunionem.Quod
726 659 791 679 vero
805 651 857 679 hoc
868 661 922 679 non
931 652 1040 688 ﬁngam,

255 696 333 723 testis
350 701 402 729 est,
418 697 465 732 qui
485 698 593 724 occulta
605 697 680 724 videt
694 707 699 724 :
714 705 775 725 cum
790 697 864 725 enim
883 698 994 733 quidam
1008 707 1041 726 ex

255 742 383 770 fidelibus
399 747 509 770 coactus
524 748 597 770 esset
613 743 648 770 ab
665 743 741 778 ipsis,
759 749 788 770 ut
804 752 865 771 eum
886 744 953 778 ipsis
968 752 1041 772 com-

254 789 412 815 munionem
422 788 548 821 haberet,
565 793 593 816 et
603 789 678 816 clero
691 789 822 817 Ecclesiae
836 789 1039 823 ascriberetur;

253 839 397 869 postquam
409 835 538 862 viderunt
547 843 609 862 cum
619 843 653 862 ex
664 835 716 862 isto
725 835 849 862 horribili
861 836 1041 863 ausu‘factum

254 879 421 915 pigriorem:
448 879 530 912 Quid,
556 880 696 915 inquiunt,
724 887 839 911 man-es,
869 880 891 906 si
917 879 1040 907 Ecclesia

254 930 383 960 tanquam
396 925 524 961 praetorio
536 926 668 957 uteris,et
679 926 754 953 clero
767 930 895 960 tanquam
905 926 1039 958 exercitu,

1091 330 1148 358 θεῖν
1164 331 1259 362 θέλων,
1275 330 1325 356 οὐκ
1344 328 1545 363 ὲπιτρέπομαι·
1565 327 1614 361 τὴν
1644 326 1699 362 γὰρ
1715 326 1771 352 τῶν
1793 327 1887 352 Μανι-

1091 377 1177 412 χαίων
1195 375 1365 410 ἐζηλωκότες
1384 373 1555 408 πανουργίαν
1569 372 1639 407 (οὐδὲ
1657 371 1712 405 γὰρ
1728 371 1817 402 ἄλλως
1837 371 1887 397 αὗ-

1091 425 1146 454 τοῖς
1164 423 1296 458 βιοτεύειν
1311 420 1385 456 ἐξῆν)
1402 420 1497 455 ὥσπερ
1517 420 1616 445 ἐκεῖνοι
1634 419 1673 449 εἰς
1693 418 1756 449 τοὺς
1780 417 1887 443 καλου-

1093 469 1191 504 μένους
1206 467 1351 498 ἐκλεκτοὺς
1365 466 1412 493 καὶ
1427 465 1602 500 ἀδιαφόρους,
1617 463 1689 490 οὕτω
1703 463 1734 498 δὴ
1747 464 1796 489 καὶ
1807 459 1886 489 οὗτοι

1092 514 1261 541 καταδιείλον
1282 513 1398 544 ἑαυτοὺς
1413 512 1454 543 είς
1473 520 1503 537 τε
1519 511 1582 542 τοὺς
1600 510 1682 536 αὑτὸν
1708 509 1887 544 ἐζηλωκότας

1092 560 1240 595 Νεστόριον
1264 559 1314 586 καὶ
1342 558 1391 593 τὴν
1414 557 1558 584 κοινωνίαν
1584 556 1666 583 αὐτοῦ
1692 556 1755 591 περὶ
1783 554 1886 581 πολλοῦ

1093 607 1282 640 ποιουμένους,
1296 605 1343 632 καὶ
1356 606 1395 636 είς
1409 604 1472 635 τοὺς
1486 604 1590 630 ἐκεῖνον
1603 602 1652 637 μὲν
1667 601 1887 636 ἀναθεματῐζον-

1091 661 1153 685 τας,
1169 651 1400 686 ὑποκρινομένους
1419 650 1446 676 δὲ
1470 650 1520 684 τὴν
1535 649 1585 683 τῆς
1606 648 1771 682 Ἑκκλησίας
1785 650 1891 673 κοινωέ

1092 698 1162 724 νίαν.
1182 698 1236 724 Καὶ
1262 698 1302 724 ὃτι
1329 695 1407 723 τοῦτο
1432 696 1462 722 οὐ
1489 693 1644 721 πέπλασταί
1673 701 1728 726 μοι,
1747 693 1888 727 μαρτυρεῖ

1092 745 1106 771 ὀ
1120 744 1173 771 τῶν
1189 742 1320 778 κρυπτῶν
1332 742 1430 777 ἔφορος
1440 749 1446 757 ο
1463 741 1510 767 καὶ⁸
1523 740 1578 775 γάρ
1590 748 1662 771 τινος
1680 738 1734 764 τῶν
1746 738 1884 772 γνησίων,

1092 789 1317 824 ἀναγκαζομένου
1344 789 1408 822 παρ’
1425 787 1526 819 αὐτῶν,
1553 787 1599 813 καὶ
1624 786 1763 812 κοινωνεῖν
1777 785 1884 816 αὺτοῖς,

1092 837 1141 864 καί·
1156 836 1195 870 τῷ
1210 835 1304 871 κλήρῳ
1320 835 1371 870 τῆς
1392 833 1555 869 Ὲκκλησίας
1570 831 1769 866 ἐγγράφεσθαι,
1787 830 1886 866 ἐπειδὴ

1092 882 1161 917 πρὸς
1183 881 1213 907 τό
1236 881 1306 907 οὕτω
1324 880 1439 916 φρικτὸν
1454 879 1584 914 τόλμημα
1600 878 1780 913 ὀκνηρότερον
1808 877 1883 910 ἴδον,

1093 929 1125 954 Τί
1139 928 1225 962 λυπῇ,
1241 927 1333 961 φασὶν.
1348 927 1371 952 εἰ
1385 927 1418 961 τῇ
1438 926 1485 961 μὲν
1506 925 1656 960 Ἐκκλησία
1666 924 1704 955 ὡς
1718 923 1884 958 πραιτωρίῳ

251 975 280 998 et
295 971 374 998 fidem
385 976 505 998 nostram
516 972 647 1003 habes,et
657 972 879 999 communionem
895 972 1033 999 noliiscun:

1092 975 1218 1010 χρήσαιο,
1235 973 1281 1000 καὶ
1297 972 1336 1007 τῷ
1349 972 1443 1007 κλήρῳ
1458 972 1495 1003 ὡς
1517 971 1644 1006 στρατιᾷ,
1662 970 1711 1005 τὴν
1735 970 1764 996 δὲ
1788 970 1884 996 πίστιν

252 1016 445 1050 amplecteris?
469 1016 517 1043 llle
531 1021 622 1044 autem
648 1024 710 1043 cum
737 1017 765 1043 in
790 1016 906 1043 dubium
925 1017 959 1044 de
986 1016 1039 1044 hoc

252 1061 312 1096 ipso
329 1062 402 1097 quod
430 1062 569 1092 audiebat.
585 1063 703 1094 veniret,
721 1062 880 1097 diceretque
903 1063 962 1090 ﬁeri
985 1071 1039 1090 non

254 1114 334 1141 posse
360 1111 390 1134 ut
403 1114 466 1134 cum
481 1107 548 1142 ipsis
565 1112 593 1134 et
605 1115 668 1135 eum
684 1108 805 1135 Ecclesia
819 1109 977 1135 communio
992 1109 1040 1135 ha-

253 1153 364 1180 lteretur
379 1173 385 1184 ,
411 1153 470 1180 Non
493 1157 612 1188 oportet,
639 1153 778 1188 inquiunt,
795 1158 821 1179 te
834 1153 949 1180 moleste
967 1153 1039 1181 l‘erre

252 1198 322 1226 hanc
336 1198 530 1226 oeconomiam.
547 1199 629 1225 Panis
652 1199 725 1227 enim
746 1199 773 1226 in
797 1202 889 1234 typum
915 1199 1040 1234 corporis

250 1243 353 1272 Christi
377 1244 535 1280 propositus
553 1245 615 1279 plus
637 1244 840 1272 benedictionis
866 1245 1039 1279 participavit

250 1298 333 1326 quam
350 1291 428 1326 panis
448 1291 495 1326 qui
514 1291 541 1318 in
568 1291 628 1318 foro
653 1291 793 1323 venditur,
813 1295 841 1318 et
856 1299 936 1325 quam
953 1299 1038 1326 panes

249 1345 319 1372 quos
340 1336 574 1365 Philumarianitaa
593 1337 714 1364 oﬁerunt
736 1337 763 1364 in
779 1337 891 1364 nomine
916 1337 1017 1364 Marim.

284 1447 338 1475 Vll.
355 1448 474 1483 Tempus
487 1452 529 1475 est
546 1448 600 1483 jam
616 1452 646 1475 ut
680 1447 775 1475 laudes
799 1447 889 1483 magni
915 1447 1037 1474 doctoris

251 1489 388 1520 Theodori
400 1501 561 1526 narremus;
578 1493 652 1520 hunc
673 1493 747 1520 enim
765 1493 843 1520 aiunt
864 1501 924 1520 esse
946 1493 1035 1526 illum,

248 1545 329 1572 quem
345 1545 460 1572 magnus
473 1537 603 1572 Joannes,
620 1542 715 1573 utpote
730 1546 762 1565 ex
775 1538 917 1573 proposito
939 1546 1035 1566 mona-

247 1583 309 1610 stiei
324 1583 442 1610 instituti
458 1583 576 1618 lapsum,
592 1584 639 1619 qui
654 1585 866 1619 promissionem
889 1585 1035 1619 abjurave—

247 1634 314 1659 rat,
344 1629 451 1656 duabus
475 1629 599 1664 epistolis
628 1634 758 1664 tanquam
782 1630 890 1657 duobus
921 1630 1034 1658 funibus

247 1675 365 1703 fortibus
378 1679 406 1702 et
423 1675 568 1710 prmlongis
584 1675 689 1710 lapsum
704 1675 732 1702 in
748 1675 915 1710 profundum
932 1675 1032 1703 intem-

247 1721 388 1756 perantiae,
404 1722 551 1749 extrahere
565 1722 680 1749 studuit.

280 1787 348 1815 Vill.
365 1787 444 1815 Hunc
460 1788 539 1816 aiunt
560 1796 614 1815 non
637 1787 754 1822 amplius
778 1795 860 1823 quam
885 1788 978 1815 decem
1002 1793 1030 1816 et

245 1837 308 1861 octo
319 1841 405 1860 annos
420 1837 514 1860 natum
530 1833 558 1859 in
572 1832 729 1867 Seripturas
742 1833 940 1860 debacchatum
953 1839 1029 1860 esse:

244 1887 300 1906 non
324 1879 397 1906 enim
421 1879 473 1905 nisi
497 1878 726 1906 debacchationes
751 1877 968 1913 Scripturarum,
991 1878 1031 1905 in-

245 1923 457 1959 Ierpretationes
481 1931 550 1958 quas
576 1923 604 1951 in
623 1931 670 1953 eas
696 1924 868 1959 composuitl,
893 1924 1030 1959 appellare

244 1977 367 2004 possum.

278 2025 324 2052 lX.
349 2025 434 2052 Aiunt
466 2026 559 2057 hunc,
589 2034 651 2053 cum
676 2027 758 2053 vellet
791 2034 887 2060 rapere
919 2026 1029 2054 oculum

244 2071 348 2098 Cilicia:
374 2071 506 2103 Tarsum,
537 2076 680 2106 postquam
707 2072 844 2099 Diodorus
868 2073 915 2107 qui
942 2073 1030 2099 fuerat

246 2117 310 2144 huic
335 2118 470 2144 malorum
500 2121 528 2144 et
556 2117 704 2151 impietatis
736 2121 831 2144 anetor
860 2121 887 2144 et
917 2118 972 2144 dux
998 2125 1030 2144 ac

245 2166 332 2198 pater,
356 2163 391 2190 ab
413 2163 464 2190 hac
482 2163 539 2189 vita
563 2162 687 2194 recessit,
703 2170 718 2189 τι
737 2163 891 2197 Theophilo
912 2163 1029 2190 Alexan-

243 2209 324 2236 «irino
350 2209 518 2244 prohibitum
545 2208 648 2240 fuisse,
675 2216 709 2235 ne
743 2209 796 2236 hoc
829 2209 962 2241 auderet;
995 2210 1028 2237 ad

241 2263 305 2282 eum
330 2255 404 2282 enim
426 2255 590 2290 legationem
612 2254 758 2288 miserunt,
783 2255 829 2290 qui
856 2255 1028 2291 tyrannidem

244 2297 430 2332 patiebantur.

277 2375 310 2403 Χ.
328 2376 378 2404 llic
394 2377 572 2404 exsecrabilis
589 2377 615 2404 in
633 2377 813 2405 celeberrima
837 2379 953 2406 ecclesia
969 2379 1026 2406 An-

242 2422 360 2454 tiochiae,
372 2427 403 2449 ut
415 2423 554 2456 quondam
569 2423 730 2455 vocabatur,
743 2431 817 2451 nunc
829 2428 920 2451 autem
936 2425 1026 2451 Theo-

241 2468 323 2502 polis,
349 2476 412 2495 cum
429 2468 587 2503 cxplanaret
611 2469 778 2504 Scriptores,
802 2477 884 2497 ausus
904 2475 946 2497 est
964 2478 1026 2497 cum

241 2514 327 2541 multa
342 2515 406 2546 alia,
423 2519 480 2542 tum
499 2523 594 2542 vocem
610 2515 750 2548 Θεοτόκος,
766 2517 791 2543 id
817 2522 859 2544 est
871 2538 878 2550 ,
895 2517 1024 2552 Deipara,

240 2560 409 2594 vituperare,
428 2564 458 2588 ut
476 2561 514 2588 ita
534 2561 597 2589 inde
618 2565 704 2589 totum
727 2567 822 2590 contra
847 2571 875 2590 se
894 2563 1024 2598 populum

241 2610 439 2633 (τοῐηιιιονοτρι.

277 2660 324 2688 XI.
341 2660 391 2689 Hic
407 2662 540 2690 scelestus
555 2663 582 2690 in
599 2664 673 2691 omni
696 2672 778 2699 prava
799 2664 1027 2700 interpretatione

242 2707 447 2742 Scripturarum
465 2708 575 2736 labores
591 2714 748 2738 sanctorum
768 2711 914 2738 doctorum
932 2711 980 2748 qui
996 2713 1024 2740 in

241 2752 282 2778 eis
297 2752 469 2785 laborarunt,
487 2761 627 2789 nunquam
649 2755 765 2784 irridere
779 2761 807 2784 et
821 2757 935 2785 illudere
949 2757 1024 2785 desi-

243 2795 336 2823 nebat.
352 2797 453 2826 Vidcor
469 2803 560 2826 autem
584 2800 637 2829 iam
663 2801 744 2837 allici,
761 2807 792 2830 ut
807 2802 875 2831 dixit
894 2803 1022 2840 Basilius,

1091 1019 1164 1054 ἔχοις
1188 1019 1237 1054 τὴν
1266 1018 1416 1053 ἡμετέραν,
1434 1017 1481 1043 καὶ
1507 1016 1558 1051 τὴν
1584 1015 1728 1042 κοινωνίαν
1743 1014 1793 1050 τὴν
1821 1013 1883 1049 μεθ’

1091 1065 1170 1100 ἡμῶν
1185 1064 1319 1097 ἀσπάζου)
1332 1073 1338 1096 ;
1361 1063 1483 1090 ’ίεῖκείνου
1499 1062 1528 1089 δὲ
1551 1062 1590 1093 εἰς
1607 1061 1688 1088 τοῦτο
1703 1061 1769 1088 αὐτὸ
1784 1061 1884 1087 διαπο-

1093 1111 1236 1147 ρουμένου,
1259 1110 1306 1137 καὶ
1322 1110 1454 1136 ἀδύνατον
1480 1105 1550 1135 εῖναι
1569 1109 1719 1142 φάσκοντος
1740 1105 1884 1136 κάκείνοις

1090 1157 1231 1183 κοινωνεῖν
1247 1155 1294 1183 καὶ
1309 1154 1531 1191 τῇγἘκκλησίᾳ,
1557 1154 1594 1181 Οὺ
1621 1153 1661 1179 δεῖ
1684 1161 1724 1183 σε,
1751 1153 1831 1186 φασὶ,
1849 1153 1883 1186 τῇ

1089 1203 1203 1238 τοιαύτῃ
1229 1202 1418 1238 δυσχεραίνειν
1437 1201 1578 1236 οἰκονομίᾳ
1590 1209 1596 1215 ·
1614 1199 1660 1226 τοῦ
1683 1198 1738 1234 γὰρ
1757 1199 1802 1224 ἐπ’
1817 1199 1884 1232 ἀγο-

1092 1251 1141 1285 ρᾶς
1163 1248 1392 1284 πιπρασκομένου
1415 1247 1509 1283 ἄρτου,
1525 1247 1574 1273 καὶ
1591 1242 1630 1272 ὧν
1644 1246 1668 1272 οἱ
1682 1245 1883 1280 Φιλομαριαμῦ

1089 1305 1134 1323 ται
1149 1296 1355 1332 προσφέρουσιν
1379 1296 1419 1326 είς
1433 1295 1464 1321 τδ
1476 1294 1563 1327 ὄνομα
1579 1294 1629 1327 τῆς
1644 1292 1767 1328 Μαρίας,
1790 1292 1885 1318 πλείο-

1095 1349 1135 1371 νος
1156 1341 1307 1375 τετύχηκεν
1333 1339 1470 1373 εὐλογίας.
1488 1340 1501 1366 ό
1516 1339 1557 1371 είς
1580 1338 1665 1365 τύπον
1690 1338 1736 1365 τοῦ
1752 1337 1883 1373 σώματος

1088 1386 1136 1412 τοῦ
1154 1385 1272 1421 Χριστοῦ
1290 1384 1472 1420 προκείμενος
1485 1384 1576 1420 ἄρτος.

1123 1454 1159 1480 Ζ¹.
1170 1452 1275 1488 Καιρὸς
1287 1452 1315 1479 δὲ
1329 1453 1379 1487 ἤδη
1393 1453 1427 1480 τὰ
1450 1452 1498 1478 τοῦ
1513 1452 1631 1487 μεγάλου
1647 1451 1735 1478 αὐτῶν
1749 1451 1882 1478 διδασκά-

1087 1500 1133 1526 λου
1149 1499 1288 1534 Θεοδώρου
1299 1497 1446 1530 διεξελθεῖν
1459 1497 1586 1534 ἐγκώμια
1598 1506 1604 1513 ·
1617 1497 1711 1524 τοῦτον
1725 1498 1780 1532 γάρ
1797 1506 1881 1531 φασιν

1087 1543 1158 1572 εἶναι
1185 1546 1288 1571 ἐκεῖνον
1302 1565 1310 1578 ,
1324 1544 1353 1571 ὂν
1378 1545 1392 1571 ό
1414 1544 1502 1579 μέγας
1523 1544 1667 1579 Ἰωάννης,
1683 1543 1730 1571 ἆτε
1759 1543 1808 1570 καὶ¹
1828 1544 1880 1577 τῆς

1087 1591 1245 1626 προθέσεως
1259 1589 1467 1623 ἐκπεπτωκότα,
1479 1589 1526 1616 καὶ
1538 1589 1588 1625 τὴν
1599 1588 1767 1623 ἐπαγγελίαν
1780 1588 1878 1623 95051.n-

1049 1643 1071 1674 ο
1089 1637 1217 1671 σάμενον.
1232 1636 1308 1663 δυσὶν
1320 1635 1476 1667 ἐπιστολαῖς
1494 1635 1590 1671 ὥσπερ
1607 1635 1702 1666 κάλοις
1716 1636 1838 1670 ἰσχυροῖς
1848 1643 1878 1661 τι

1086 1682 1134 1708 καὶ
1157 1682 1320 1717 εὑμήκεσιν,
1336 1683 1376 1713 εἰς
1399 1682 1444 1708 τὸν
1457 1681 1541 1716 -βυθδν
1561 1681 1718 1716 ἐμπεσόντα
1734 1681 1785 1716 τῆς
1810 1681 1878 1708 ἀκο-

1089 1728 1196 1760 λασίας,
1209 1729 1368 1756 ἀνασπᾶσαι
1379 1727 1556 1754 ἐσπούδασεν.

1121 1796 1160 1823 H'.
1181 1795 1283 1822 Τοῦτόν
1304 1803 1388 1830 φασιν
1414 1794 1486 1821 ὀκτὼ
1505 1794 1574 1830 προς
1596 1795 1654 1826 τοῖς
1678 1795 1754 1826 δέκα,
1775 1794 1824 1820 καὶ
1845 1794 1876 1820 οὔ

1087 1841 1214 1873 πλείονας
1240 1842 1344 1875 ἄγοντα
1370 1841 1495 1876 χρόνους,
1515 1840 1587 1868 κατὰ
1607 1840 1661 1867 τῶν
1680 1840 1761 1875 ίερῶν
1776 1847 1877 1874 παροι-

1087 1888 1168 1922 νῆσαι
1182 1887 1300 1922 Γραφῶν
1310 1895 1317 1902 ·
1337 1887 1367 1914 οὐ
1382 1887 1436 1922 γὰρ
1457 1886 1490 1913 ἂν
1510 1885 1597 1918 ἄλλως
1614 1885 1761 1921 καλέσαιμ¹
1775 1886 1809 1912 ἂν
1824 1886 1876 1917 τὰς

1087 1933 1169 1959 αὐτοῦ
1192 1933 1351 1968 ἑρμηνείας,
1369 1933 1418 1964 τὰς
1439 1933 1478 1964 είς
1496 1932 1545 1964 τὰς
1569 1931 1644 1964 θείας
1663 1932 1876 1967 συντεθειμένας

1088 1979 1210 2015 Γραφάς.

1121 2035 1160 2062 ϐ’.
1179 2034 1279 2062 Τοῦτον
1307 2035 1436 2067 ὡσαύτως
1459 2035 1553 2069 φασὶν,
1577 2035 1700 2071 ἁρπάσαι
1723 2035 1876 2070 ϐελήσαντι

1084 2082 1129 2108 τὸν
1157 2082 1206 2116 τῆς
1228 2081 1350 2108 Κιλίκων
1370 2081 1509 2116 ὀφθαλμὶν
1539 2081 1588 2116 τὴν
1613 2081 1732 2116 Ταρσὲιν,
1752 2081 1848 2116 ἐπειδὴ
1862 2081 1876 2106 ὅ

1088 2127 1141 2154 τῶν
1157 2127 1250 2154 κακῶν
1263 2127 1338 2162 αὒτῷ
1355 2127 1401 2154 καὶ
1415 2127 1466 2161 τῆς
1480 2127 1606 2158 ἁσεέείας
1620 2127 1776 2162 ἀρχηγέτης
1800 2128 1875 2160 γενό-

1090 2182 1170 2208 μενος
1185 2173 1232 2200 καὶ
1245 2172 1336 2208 πατὴρ
1353 2172 1485 2207 Διόδωρος
1499 2171 1544 2198 τὶν
1555 2172 1618 2206 τῇδε
1636 2172 1786 2206 μετήλλαξε
1807 2172 1874 2208 βίον,

1085 2219 1099 2245 ό
1114 2219 1163 2253 τῆς
1182 2218 1385 2253 Ἀλεξανδρέων
1397 2217 1525 2252 Θεόφιλος
1546 2217 1645 2244 κωλύει
1665 2217 1713 2243 τοῦ
1729 2218 1874 2253 τολμήμα-

1083 2271 1144 2294 τος’
1166 2263 1234 2297 πρὸς
1260 2263 1341 2290 αὑτὸν
1361 2262 1415 2298 γὰρ
1436 2263 1591 2290 ἐστείλαντο
1610 2263 1758 2299 πρεσϐείαν
1780 2265 1805 2290 οἱ
1828 2273 1874 2290 τυ-

1086 2310 1273 2346 ραννούμενοι.

1118 2389 1147 2416 1’.
1161 2384 1246 2421 οὗτος
1259 2389 1273 2415 ὁ
1286 2389 1413 2425 βδελυρὸς
1422 2390 1451 2416 ἐν
1465 2391 1497 2425 τῇ
1516 2390 1703 2425 μεγαλωνύμῳ
1724 2390 1872 2426 Ἐκκλησία

1083 2434 1133 2468 τῆς
1147 2434 1232 2461 πάλαι
1248 2435 1297 2470 μὲν
1315 2435 1466 2470 Ἀντιόχου,
1481 2435 1529 2462 νῦν
1540 2436 1569 2463 δὲ
1581 2435 1648 2462 Θεοῦ
1661 2435 1764 2467 πόλεως
1775 2436 1871 2462 καλου-

1086 2480 1170 2516 μένης
1185 2480 1378 2516 ἐξηγούμενος,
1396 2481 1548 2516 ἐτόλμησεν
1578 2482 1647 2508 ἄλλα
1667 2490 1698 2508 τε
1712 2482 1808 2514 πολλὰ,
1824 2483 1870 2508 καὶ

1080 2526 1130 2560 τὴν
1157 2527 1300 2558 Θεοτόκος
1326 2526 1479 2562 δυσφημεῖν
1500 2527 1609 2562 φωνήν⁸
1641 2527 1678 2559 ὡς
1696 2527 1757 2554 ὅλον
1783 2528 1873 2554 ἐντεῦ-

1084 2571 1129 2598 θεν
1149 2571 1211 2598 καθ’
1227 2571 1325 2598 ἑαυτοῦ
1341 2572 1506 2607 ωγκινῆσαι
1521 2573 1568 2599 τὸν
1581 2573 1677 2609 δῆμον.

1117 2667 1168 2695 lA'.
1183 2664 1267 2700 Οὗτος
1278 2670 1292 2696 ὁ
1306 2669 1406 2705 μιαρὸς
1419 2670 1466 2698 ἐπὶ
1483 2670 1574 2706 πάσης
1587 2671 1805 2707 παρεξηγήσεως
1816 2673 1869 2699 τῶν

1081 2713 1161 2741 θείων
1183 2715 1309 2751 Γραφῶν,
1329 2716 1463 2744 σκώπτων
1476 2717 1522 2744 καὶ
1538 2716 1672 2752 διασύρων
1687 2717 1751 2748 τοὺς
1772 2719 1870 2749 πόνους

1078 2759 1134 2787 τῶν
1154 2760 1195 2792 είς
1216 2761 1301 2793 αὐτὰς
1323 2762 1504 2796 κεκμηκότων
1523 2761 1604 2798 ἱερῶν
1619 2761 1802 2794 διδασκάλων,
1821 2763 1869 2790 οὐκ

1077 2804 1226 2835 ἐπαύσατο.
1245 2808 1340 2835 Ἔοικα
1357 2808 1386 2835 δέ
1399 2817 1431 2844 γε
1447 2808 1538 2836 λοιπὸν
1554 2809 1678 2844 πάσχειν,
1693 2807 1731 2840 ὡς
1750 2809 1765 2835 ὀ
1782 2809 1869 2846 μέγας
