1973 3098
137 146 147 180 1
154 147 206 180 365

611 148 694 182 Αον.
715 149 1071 182 INCORRL'PTICOLAS
1091 152 1137 181 ΕΤ
1156 150 1315 182 NESTOR.

1698 150 1765 183 1366

133 205 186 239 ἔφη
204 202 355 236 Βασίλειος,
368 203 399 231 ἐκ
413 203 587 240 ῥαπίσματος
600 205 749 234 διευθύνων
761 207 807 234 τδν
828 208 923 243 ἀνδροι

979 215 1007 234 ex
1025 215 1116 242 pugno
1141 215 1173 235 ac
1186 207 1275 242 plaga,
1294 207 1438 242 corrigens
1453 206 1630 236 homicidam.
1644 207 1699 237 Sed
1715 217 1765 244 age

134 250 224 284 φονον.
248 249 320 276 Ἀλλ-³
332 250 381 285 ἄγε
403 251 435 286 δὴ
453 251 598 287 μετάϐηθι,
610 254 657 280 καὶ
679 254 726 280 τὸν
741 254 796 281 ἔσω
822 254 923 289 κόσμον

133 297 236 326 ἄεισον,
251 297 299 324 καὶ
312 297 357 324 τὸν
373 298 402 324 ὲν
415 297 564 334 ἀπορρήτῳ
576 299 668 331 αὐτοῖς
683 300 732 326 καὶ
747 302 803 332 τοῖς
815 301 922 333 πολλοῖς

134 341 245 373 ἄῦατον,
258 341 304 368 τὸν
329 343 379 378 τῆς
403 343 530 376 ἀσεϐείας
545 343 618 378 λέγω
640 345 726 380 μυχὸν
743 346 920 373 ἐπόπτευσον.

134 385 192 411 Οὐκ
215 384 402 422 ὲξορχήσομαι
432 388 493 422 μὲν,
539 397 634 424 φασιν.
652 390 819 426 ἀνακαλύψω
841 391 869 417 δὲ
889 391 923 417 τὰ

133 431 183 465 τῆς
206 431 351 467 ἀθεότητος
373 435 483 469 μυσαρὰ
501 434 636 470 δόγματα.
661 437 868 472 Δνσχεραινέτω
894 437 922 463 δὲ

134 476 201 510 ἡμῖν
213 477 260 503 ἐπὶ
274 480 330 509 τοῖς
348 478 507 515 λεγομένοις
524 481 629 516 μηδεὶς,
646 482 686 508 ὅτι
703 482 741 517 μὴ
755 482 809 508 τῶν
829 482 922 508 κακῶν

134 522 318 557 ἀκουσμάτων
340 525 469 560 ἀρχηγοὶ,
491 527 558 561 μηδὲ
586 528 634 560 τὰς
663 528 753 559 αἰτίας
766 529 847 564 ἡμεῖς
866 529 923 560 τοῖς

134 567 333 603 ῥηθησομένοις
344 570 500 606 δεδώκαμεν
513 581 519 587 '
537 573 635 600 πολλαὶ
651 574 705 608 γὰρ
720 575 807 610 βίϐλοι
828 575 923 609 φέρου-

134 622 177 640 σιν
205 615 296 641 αὐτῶν
323 616 357 642 τὰ
385 617 453 644 ἄθεα
480 619 639 654 μυστήρια·
660 621 721 647 ἐπεὶ
746 621 844 652 καύτὸς
867 620 923 654 ἐγὼ

135 657 271 694 εὐξαίμην
288 660 321 686 ἂν
337 660 375 695 τῷ
400 660 475 696 Θεῷ,
493 664 554 698 σιγῇ
583 664 629 690 καὶ
653 664 741 700 σκότῳ
760 664 794 691 τὰ
809 664 922 691 τοιαῦτα

134 702 358 738 συγκαλυςρθῆναι
387 705 437 740 τῆς
462 706 591 739 ἀσεϐείας
613 711 762 744 μυστήρια.
785 709 841 736 Νῦν
856 709 921 735 δ’οὺ

133 747 187 782 γὰρ
199 748 241 774 ἵνα
263 749 355 775 κακῶν
373 750 498 786 μαθητὰς
516 753 686 788 ποιησαίμην
707 754 790 788 ὑμᾶς,
810 753 866 780 ἀλλ’
879 753 922 780 ἵνα

131 792 186 819 τῶν
210 793 304 820 δεινῶν
327 795 527 832 ἁπαλλάξαιμι,
549 798 591 829 εἰς
614 798 709 824 τούσδε
735 799 799 830 τοὺς
827 798 922 832 λόγους

132 838 253 872 ἐμαυτὸν
282 839 403 875 καθῆκα,
435 842 516 874 αὐτός
538 851 568 868 τε
601 844 794 879 προτροπάδην
824 844 922 875 αὐτοὺς

132 883 251 918 φεύγων,
268 885 316 912 καὶ
341 887 409 914 πᾶσι
437 887 510 922 μέγα
531 888 599 923 βοῶν
613 897 619 903 ·
636 890 764 924 Φεύγετε,
779 887 801 917 ὧ
829 886 902 916 οὗτοι
913 909 920 922 ,
937 885 958 912 Β

133 929 396 965 φεύγετε,κρημνῶν
416 932 463 958 καὶ¹
490 932 636 968 βαράθρων
660 935 768 970 μακρὰν
793 934 920 968 φεύγετε,

130 975 185 1001 τῶν
201 976 277 1012 πάσῃ
293 977 506 1012 μεμολυσμένων
527 978 633 1014 αἱρέσει
649 980 737 1007 ἀθέων
748 980 922 1016 διδαγμάτων

131 1021 181 1053 τὰς
196 1021 306 1057 βίϐλους
319 1023 445 1057 φεύγετε.

167 1067 216 1094 IB’.
231 1066 314 1098 Οὗτος
331 1070 344 1095 ὁ
361 1069 453 1104 σοφὸς,
469 1070 506 1102 ὡς
521 1071 546 1097 oi
561 1071 656 1098 τοῦτον
670 1071 817 1107 ζηλοῦντες
831 1073 921 1106 φαῖεν,

132 1112 180 1138 καὶ
190 1112 275 1148 μέγας
288 1114 437 1149 Θεόδωρος,
455 1116 549 1151 ἐπειδὴ
563 1117 661 1152 μικρὸν
671 1115 705 1152 ἦν
721 1118 795 1152 αὐτῷ
806 1118 836 1144 τὸ
852 1118 923 1144 κατὰ

133 1156 285 1191 ἀνθρώπων
296 1158 452 1194 ἀγώνισμα,
465 1161 526 1187 κατ’
542 1161 626 1196 αὐτῆς
639 1162 761 1197 ἐγχειρεῖ
777 1163 824 1188 καὶ
835 1163 924 1198 τολμᾷ.

133 1201 182 1237 τῆς
207 1202 255 1228 τοῦ
277 1203 436 1238 Πνεύματος
456 1205 547 1241 δόξης,
566 1207 658 1238 πάσας
673 1207 723 1242 μὲν
737 1207 786 1239 τὰς
802 1209 860 1234 κατ’
872 1208 923 1241 ἐμ.-

133 1255 247 1275 πνευσιν
272 1249 354 1276 αὐτοῦ
381 1251 436 1278 τῶν
466 1251 606 1287 θεηγόρων
633 1253 757 1288 ὑψηλὰς,
788 1253 924 1286 ταπεινῶς

133 1294 314 1329 ἐκλαμὸἀνων
328 1297 449 1331 Γραφὰς.
463 1298 620 1333 ἀποκρίνων
635 1298 662 1325 δὲ
676 1300 707 1326 ὲκ
722 1300 769 1326 τοῦ
781 1298 923 1335 θεοκρίτου

136 1339 192 1367 τῶν
207 1341 289 1376 ιερῶν
303 1342 409 1369 Βίῆλων
424 1343 554 1379 ἀριθμοῦ.

173 1431 222 1458 1Γ’.
237 1431 290 1458 Τόν
317 1440 347 1459 τε
370 1432 457 1468 μέγαν
477 1432 525 1460 τοῦ
543 1433 610 1460 Θεοῦ
631 1433 796 1468 θεράποντα,
811 1435 858 1460 καὶ
875 1435 924 1470 τῆς

135 1477 259 1513 ἀνδρείας
272 1478 396 1513 ἔμψυχον
408 1479 454 1505 καὶ
469 1479 513 1505 διὰ
524 1478 621 1510 αἰῶνος
638 1479 811 1514 ἀνάγραπτον
823 1479 925 1514 στήλην

134 1523 180 1550 τὸν
201 1522 271 1555 Ἰὼῦ,
302 1523 361 1550 δυσὶ
392 1524 455 1558 περί
478 1532 528 1550 που
556 1523 658 1559 χιλιάσι
678 1523 771 1558 [manu
797 1524 923 1559 μυριάσι]

135 1569 236 1604 στίχων
266 1569 374 1596 πλύνων
404 1570 450 1596 καὶ
478 1569 699 1605 διαγραφὸμενος
721 1570 770 1605 τὴν
785 1571 824 1601 εἰς
841 1569 923 1597 αὑτὸν

134 1613 182 1639 τοῦ
199 1613 358 1647 Πνεύματος
381 1614 554 1650 συγγραφὴν,
569 1615 601 1650 ἣν
615 1615 628 1640 ὁ
645 1615 732 1649 μέγας
751 1614 878 1646 Ἰάκωϐος
895 1615 923 1643 ὲν

135 1660 168 1694 τῇ
189 1659 250 1685 κατ’
265 1659 345 1686 αὐτον
365 1659 495 1695 καθολικῇ
515 1660 660 1696 Ἐπιστολῇ
685 1659 802 1695 βεϐαιῶν
820 1660 922 1692 ἔλεγεψ

138 1704 198 1738 Τὴν
212 1705 370 1739 ὑπομονὴν
386 1705 447 1733 Ἰὼϐ
461 1706 622 1740 ἠκούσατε,
637 1705 687 1733 καὶ
714 1706 747 1733 τὸ
763 1705 852 1739 τέλος
868 1708 925 1733 Κιν-

132 1751 203 1785 ρίου
220 1751 309 1778 ἴδετε.
324 1752 361 1778 υ)
379 1752 432 1786 γὰρ
448 1752 560 1779 ἄλλοθέν
573 1752 666 1784 ποθεν,
682 1752 743 1779 οὐδὲ
757 1752 807 1787 τὴν
822 1753 925 1787 ὑπομο-

136 1798 184 1833 νὴν
195 1798 363 1833 ἠκούσαμεν,
380 1799 440 1825 οὐδὲ
457 1799 488 1825 τὸ
508 1799 568 1825 κατ’
581 1799 662 1825 αὐτὸν
679 1798 758 1830 τέλος
777 1799 925 1834 ἱστορήσα-

139 1852 198 1880 μεν,
210 1845 252 1871 ὅτι
268 1845 306 1880 μὴ
323 1846 354 1871 ὲκ
369 1846 418 1880 τῆς
434 1845 495 1871 κατ’
510 1845 591 1871 αὐτὸν
607 1845 728 1880 Γραφῆς.

171 1893 221 1918 1Δ’.
235 1892 318 1926 Δι’ἣν
343 1891 432 1917 αἰτίαν
462 1891 548 1926 αὑτήν
564 1899 604 1921 τε,
630 1888 718 1926 οἶμαι,
735 1891 783 1917 τοῦ
807 1891 924 1926 μεγάλου

143 1935 274 1962 Ἰακώϐου
293 1936 342 1970 τὴν
359 1935 517 1970 ἐπιστολὴν,
534 1936 581 1962 καὶ
602 1935 651 1966 τὰς
675 1935 738 1970 ἑξῆς
762 1936 818 1962 τῶν
839 1936 927 1963 ἄλλων

137 1981 324 2016 ἀποκηρύττει
350 1981 506 2013 καθολικάς.
525 1981 561 2007 Οὐ
586 1981 640 2016 γὰρ
662 1982 742 2016 ἤρκει
761 1981 836 2017 αὐτῷ
857 1982 928 2009 κατὰ

137 2028 185 2058 τῆς
199 2026 320 2057 “af/aii;
334 2027 467 2061 ἐγχειρεῖν
483 2025 605 2062 Γραφῆς,
625 2026 674 2062 τὴν
689 2026 852 2061 Μαρκίωνος
864 2026 927 2062 ἐζη-

137 2073 235 2098 λωκότι
247 2072 386 2104 άσὲὄειαν,
399 2071 455 2098 ἀλλ’
472 2071 527 2097 ἔδει
541 2070 588 2097 καὶ
607 2072 677 2097 κατὰ
693 2070 742 2105 τῆς
762 2070 825 2102 νέας
847 2071 927 2097 αὑτὸν

137 2118 334 2152 ἀγωνίσασθαι,
354 2117 398 2144 ἵνα
441 2116 660 2152 περιφανεστέρα
676 2116 749 2152 αὐτῷ
763 2117 779 2152 ἡ
794 2117 865 2144 κατὰ
879 2116 926 2143 τοῦ

138 2164 388 2200 ἁγίουιῐῐνεύματος
403 2163 517 2198 ἀγωνία.

977 254 1072 285 transi,
1086 257 1113 280 ct
1129 254 1289 281 interiorem
1303 258 1430 282 ornatum
1442 254 1539 287 lauda;
1554 258 1583 282 et
1597 261 1679 282 cerne
1691 255 1765 290 quod

974 305 1080 326 secreto
1097 299 1148 334 ipsi
1164 305 1276 327 servant
1289 305 1317 327 et
1333 308 1348 327 a
1363 300 1443 336 vulgo
1469 303 1605 327 remotum
1617 321 1624 332 ,
1642 300 1765 327 abditam

975 344 1047 376 dico,
1065 349 1092 371 et
1112 346 1280 379 penetralem
1308 345 1487 380 impietatem.
1504 345 1565 372 Non
1588 345 1701 372 cli'cram
1725 348 1765 372 ta.

975 389 1072 423 cenda,
1090 393 1120 416 ut
1136 390 1191 417 dici
1215 391 1295 423 solet,
1311 390 1358 417 sed
1372 390 1552 418 exsecrabilia
1570 391 1697 426 dogmata
1716 390 1765 424 τῆς

974 435 1121 471 ἀθεότητος
1134 437 1267 471 aperiam.
1285 437 1372 464 Nemo
1388 437 1483 472 iniquo
1507 436 1611 470 animo,
1635 444 1696 471 quae
1721 435 1764 463 di-

975 486 1081 514 centur,
1109 482 1200 515 ferat,
1212 483 1342 517 quoniam
1368 491 1423 509 non
1453 490 1549 510 sumus
1568 491 1619 510 nos
1636 487 1765 509 auctores

974 526 1073 553 horutn
1086 527 1219 554 malorum
1233 535 1294 562 quzc
1309 528 1467 560 andientur,
1480 536 1569 562 neque
1585 536 1683 555 causas
1695 535 1763 562 prat-

974 572 1085 599 buimus
1107 572 1307 605 dicendorum;
1332 573 1359 600 in
1388 573 1482 600 multis
1505 574 1580 601 enim
1601 574 1681 600 libris
1704 580 1764 608 my-

974 619 1059 645 steria
1083 622 1179 646 eorum
1196 619 1280 652 impia
1298 619 1445 646 feruntur:
1475 619 1498 647 si
1526 620 1636 654 quidem
1655 623 1682 646 et
1705 618 1764 652 ipse

975 672 1102 700 piecarer
1117 670 1143 691 ct
1160 670 1295 699 optarem,
1310 668 1340 691 ut
1353 665 1463 692 silentio
1477 668 1505 690 et
1529 663 1648 690 tenebris
1672 663 1767 698 hujus-

977 711 1050 738 modi
1066 711 1214 744 impietatis
1228 711 1358 745 mysteria
1369 714 1596 745 contegerentur,
1611 717 1684 736 nmtt:
1702 716 1766 735 vero

974 762 1030 782 non
1048 759 1076 782 ut
1091 763 1139 782 vos
1149 755 1283 781 malorum
1300 754 1451 788 discipulos
1466 754 1595 785 facerem,
1612 752 1658 779 sed
1672 750 1764 786 potius

975 803 1005 826 ut
1019 807 1034 826 a
1049 799 1179 835 gravibus
1195 799 1274 826 malis
1292 799 1452 830 liberarem,
1469 798 1502 825 ad
1527 798 1576 824 has
1601 804 1643 823 mc
1670 803 1765 822 narra-

975 845 1065 872 tiones
1071 845 1186 877 contuli,
1196 852 1303 871 summo
1312 844 1403 871 studio
1415 851 1462 870 eos
1472 843 1590 878 fugiens,
1600 847 1627 869 et
1636 840 1768 869 omnibus

972 898 1054 926 quam
1072 898 1183 925 possutn
1200 889 1318 917 maxima
1333 896 1401 916 voce
1417 888 1529 915 dicens:
1544 887 1640 922 Fugite
1649 894 1709 918 vos,
1719 885 1763 912 fu-

973 937 1048 971 gite;
1068 943 1084 963 a
1103 936 1250 971 prteruptis
1273 940 1300 962 et
1320 935 1458 962 barathris
1496 934 1576 968 longe
1599 933 1702 968 fugite:
1729 931 1765 958 li-

973 981 1048 1014 bros,
1071 981 1147 1009 omni
1163 981 1259 1009 haeresi
1282 980 1430 1016 impiarum
1454 979 1641 1007 doctrinarum
1667 978 1764 1012 plenos

974 1026 1073 1061 fugite.

1009 1071 1067 1098 ΧΗ.
1085 1071 1136 1098 Hic
1157 1071 1279 1105 sapiens,
1297 1074 1328 1097 ut
1350 1068 1528 1104 appellabunt
1545 1068 1593 1103 qui
1618 1075 1680 1094 eum
1703 1070 1763 1093 stu-

974 1117 1051 1145 diose
1069 1121 1235 1152 sequuntur,
1261 1120 1289 1144 et
1309 1123 1425 1150 magnus
1444 1115 1618 1146 Theodorus,
1634 1113 1697 1148 quia
1715 1120 1764 1147 pa-

974 1170 1035 1189 rum
1052 1165 1110 1189 erat
1126 1162 1151 1188 ei
1171 1169 1232 1189 cum
1259 1160 1419 1188 hominibus
1442 1166 1547 1187 certare
1561 1180 1567 1191 ,
1595 1158 1764 1194 aggreditur.

973 1212 1001 1236 et
1011 1208 1093 1235 audet
1105 1212 1201 1235 contra
1214 1207 1329 1242 gloriam
1345 1206 1466 1241 Spiritus
1478 1205 1577 1238 sancti,
1591 1212 1653 1232 cum
1667 1211 1765 1231 omnes

974 1253 1085 1288 quidem
1100 1253 1256 1288 Scripturas
1272 1254 1339 1280 altas
1351 1261 1419 1288 quas
1434 1253 1522 1279 sancti
1536 1252 1626 1279 aliiatn
1637 1252 1697 1286 ejus
1710 1255 1767 1277 tra—

972 1298 1113 1331 diderunt,
1137 1298 1280 1325 humiliter
1294 1303 1323 1325 et
1341 1297 1459 1325 demisse
1474 1297 1661 1331 interpretans
1674 1316 1680 1326 ,
1706 1299 1765 1322 tum

973 1351 1041 1371 vero
1053 1351 1067 1370 a
1084 1351 1200 1370 numero
1215 1351 1353 1371 sacrarum
1368 1343 1574 1378 Scripturarum
1588 1341 1681 1368 divine
1695 1347 1766 1376 pra-

975 1389 1079 1423 scripto
1092 1393 1120 1416 et
1132 1389 1252 1415 indicato
1268 1396 1314 1415 eas
1331 1396 1473 1422 separans.

1010 1434 1079 1461 Xlll.
1102 1434 1227 1469 Magnum
1246 1434 1293 1461 Dei
1313 1441 1424 1461 servum
1443 1433 1503 1465 Job,
1513 1433 1667 1460 columnam
1685 1431 1766 1458 forti-

976 1479 1080 1506 tudinis
1093 1479 1251 1512 animatam,
1272 1483 1299 1506 ct
1321 1479 1469 1513 spirantem
1491 1479 1600 1506 duobus
1613 1478 1669 1505 fere
1683 1477 1767 1504 milli-

947 1550 957 1561 ,
977 1526 1028 1553 bus
1049 1534 1177 1553 versuum
1195 1525 1374 1560 perscriptam
1392 1525 1548 1552 conviciose
1572 1524 1715 1559 arguebat,
1738 1526 1768 1551 et

976 1572 1146 1607 Scripturam
1161 1571 1280 1606 Spiritus
1297 1571 1383 1598 sancti
1395 1571 1429 1598 de
1444 1579 1477 1598 eo
1495 1570 1658 1605 abrogabat,
1683 1577 1767 1604 quam

974 1618 1093 1646 Jacobus
1119 1617 1203 1644 frater
1226 1617 1335 1644 Domini
1362 1617 1392 1644 in
1421 1616 1543 1651 Epistola
1571 1624 1618 1643 sua
1632 1615 1767 1643 catholica

975 1663 1139 1690 confirmans
1152 1663 1258 1689 aiebat:
1273 1662 1435 1689 Patientiam
1445 1662 1493 1689 Job
1508 1662 1629 1693 audistis,
1646 1667 1670 1688 et
1686 1660 1767 1695 ﬁnem

978 1709 1082 1736 Domini
1097 1708 1237 1735 vidistis”.
1255 1708 1315 1735 Non
1327 1708 1399 1735 enim
1421 1707 1532 1735 aliunde
1551 1715 1641 1742 neque
1660 1707 1768 1742 patien-

978 1755 1040 1781 tiam
1052 1755 1218 1787 audivimus,
1233 1763 1321 1790 neque
1333 1755 1415 1782 tinem
1428 1756 1488 1790 ejus
1502 1754 1698 1791 spectavimus,
1713 1754 1767 1782 nisi

976 1808 1010 1827 cx
1024 1801 1167 1836 Scriptura
1178 1801 1211 1828 dc
1226 1808 1269 1828 eo.

1013 1897 1082 1924 XIV.
1100 1897 1141 1924 0b
1160 1905 1242 1931 quant
1261 1904 1382 1928 causam,
1401 1901 1431 1923 ut
1443 1895 1578 1927 arbitror.
1603 1896 1689 1931 ipsam
1707 1896 1767 1931 cpi-

978 1942 1074 1970 stolam
1090 1942 1184 1970 Jacobi
1199 1946 1226 1969 et
1240 1942 1307 1969 alias
1327 1941 1457 1976 deinceps
1481 1941 1595 1968 aliorum
1619 1941 1768 1969 catholicas

979 1987 1092 2022 abrogat
1106 1991 1134 2014 et
1153 1987 1286 2022 antiquat.
1314 1987 1373 2014 Non
1396 1987 1469 2013 enim
1496 1986 1561 2013 satis
1581 1986 1632 2014 fuit
1655 1986 1694 2013 illi
1711 1986 1769 2013 bol-

981 2034 1037 2060 lum
1052 2037 1148 2060 contra
1164 2033 1290 2060 Veterem
1304 2032 1474 2068 Scripturam
1491 2032 1630 2067 suscipere
1649 2032 1683 2059 ad
1704 2031 1768 2059 imi-

980 2078 1109 2106 tationem
1134 2077 1298 2110 Marcionis,
1336 2077 1383 2105 sed
1415 2077 1536 2112 oportuit
1562 2077 1645 2104 etiam
1674 2081 1767 2104 contra
1803 2108 1807 2117 Α

979 2126 1149 2160 Scripturam
1166 2131 1265 2151 novam
1287 2131 1421 2159 pugnare,
1448 2128 1478 2150 ut
1495 2132 1583 2158 pugna
1597 2123 1656 2158 ejus
1674 2128 1769 2150 contra
1803 2127 1806 2131 ”

980 2172 1113 2208 Spiritum
1129 2174 1253 2198 sanctum
1270 2170 1371 2197 clarior
1387 2174 1415 2197 et
1430 2169 1562 2196 illustrior
1579 2173 1661 2196 esset.

174 2212 225 2238 IE’.
246 2211 302 2241 Τάς
326 2219 355 2236 τε
382 2209 537 2244 ἐπιγραφὰς
561 2209 615 2236 τῶν
637 2208 791 2244 ἱερωτάτων
811 2209 924 2244 ’Ύμνων

1011 2217 1068 2245 XV.
1091 2216 1286 2251 lnscripliones
1303 2215 1484 2251 Hymnorum,
1500 2220 1526 2242 et
1546 2215 1725 2246 Psalmorum,
1742 2219 1770 2241 et

139 2257 186 2284 καὶ
197 2255 322 2291 Ψαλμῶν
336 2255 383 2282 καὶ
400 2254 482 2290 ᾨδῶν
496 2254 584 2289 πάντη
595 2253 730 2284 ἐκϐαλὼν.
742 2254 805 2285 τοὺς
821 2254 927 2285 πάντας

138 2303 270 2337 Ψαλμοὺς
292 2301 446 2333 Ἰουδαϊκῶς
473 2302 529 2332 τοῖς
559 2301 622 2335 περὶ
643 2300 688 2326 τὸν
708 2299 862 2335 Ζοροϐάϐελ
881 2301 928 2327 καὶ

144 2348 420 2383 Ἑζεκίανᾶνέθηκε,
435 2349 510 2383 τρεῖς
543 2347 641 2382 μόνους
669 2346 708 2382 τῷ
729 2347 824 2382 Κυρίῳ
847 2355 928 2382 προσ-

141 2395 232 2430 ρὲψας.

175 2439 235 2473 lq'.
262 2439 342 2465 Ἀλλὰ
354 2439 408 2474 γὰρ
419 2439 466 2465 καὶ
482 2439 512 2465 τὸ
526 2439 580 2466 τῶν
599 2439 686 2473 ἁγίων
703 2439 856 2472 ἁγιώτατον
873 2439 927 2466 τῶν

140 2487 270 2522 ᾲτμὰτων
282 2483 376 2520 ᾏςμα
394 2485 468 2519 παρὰ
483 2484 591 2511 πάντων
606 2486 655 2519 μὲν
680 2485 816 2519 θεοσὸιρων
828 2505 835 2517 ,
852 2486 929 2520 παρὰ

141 2533 250 2559 πάντων
278 2531 307 2557 δὲ
333 2529 501 2565 ὑμνούμενον
529 2530 719 2564 Χριστιανῶν,
736 2532 795 2562 ταῖς
820 2531 848 2557 δὲ
878 2530 929 2558 ἀνὰ

142 2580 231 2605 πᾶσαν
253 2577 301 2612 τὴν
324 2576 486 2612 οἰκουμένην
515 2575 691 2611 Ἐκκλησίαις
714 2576 929 2612 γνωριζόμενον,

143 2623 350 2658 Θαυμαζόμενον
365 2621 393 2648 δὲ
407 2621 453 2648 καὶ
468 2621 535 2655 πρὸς
554 2621 609 2647 τῶν
624 2621 730 2656 ἐχθρῶν
746 2621 793 2648 τοῦ
808 2622 927 2656 σταυροῦ

142 2669 190 2696 τοῦ
212 2667 332 2702 Χριστοῦ
356 2667 499 2699 Ἰουδαίων,
518 2667 587 2694 κατᾶ
614 2666 662 2702 τὴν
683 2667 816 2703 πορνικὴν
843 2667 927 2695 αὑτοῦ

143 2715 192 2742 καὶ
215 2715 328 2750 γνώμην
352 2714 399 2741 καὶ
425 2713 563 2748 γλῶσσαν,
586 2713 737 2748 ἐκλαϐὼνρ
758 2714 860 2748 θρασὺς
883 2713 929 2740 καὶ

144 2761 263 2794 ἄμετρος
286 2760 335 2794 τὴν
354 2759 468 2794 τόλμαν,
484 2760 515 2786 ὲκ
540 2758 595 2786 τῶν
623 2759 709 2793 ἁγίων
736 2758 841 2787 Βίὸλων
876 2759 931 2786 ἁπ-

145 2805 253 2838 έτεμεν.

184 2860 206 2877 ³⁵
222 2860 280 2889 Jac.
305 2868 338 2894 v,
356 2860 397 2888 il.

978 2263 1154 2291 Canticorum
1175 2262 1286 2298 penitus
1300 2261 1391 2297 ejecit,
1417 2265 1446 2288 et
1473 2268 1568 2288 omnes
1585 2261 1706 2288 Psalmos
1719 2260 1769 2287 Ju-

979 2309 1057 2336 daice
1079 2308 1112 2336 ad
1135 2307 1332 2335 Zorobabelem
1345 2312 1374 2334 et
1389 2307 1533 2335 Ezechiam
1549 2307 1655 2339 retulit,
1681 2306 1769 2334 tribus

980 2358 1083 2382 tantum
1103 2354 1136 2381 ad
1151 2353 1295 2381 Dominum
1310 2353 1427 2387 rejectis.

1016 2443 1085 2470 XVI.
1109 2443 1166 2470 lmo
1187 2447 1214 2470 et
1231 2446 1387 2470 sanctorum
1402 2441 1605 2468 sanctissimum
1625 2440 1772 2468 Canticum

981 2489 1149 2517 canticorum
1169 2489 1203 2517 ab
1227 2488 1357 2516 omnibus
1379 2488 1534 2515 divinarum
1552 2495 1643 2515 rerum
1661 2487 1768 2522 peritis,

981 2540 1009 2564 et
1024 2536 1058 2564 ab
1072 2535 1202 2563 omnibus
1217 2534 1382 2563 Christianis
1406 2533 1557 2565 laudatum,
1575 2532 1704 2560 omnibus
1720 2532 1772 2558 Ec-

982 2582 1073 2610 clesiis
1093 2581 1185 2609 cuncti
1213 2581 1288 2608 orbis
1306 2584 1413 2612 notum,
1441 2584 1469 2606 et
1492 2586 1506 2605 a
1531 2578 1632 2606 Judazis
1652 2577 1771 2604 inimicis

981 2629 1072 2657 crucis
1084 2628 1186 2656 Christi
1205 2627 1233 2654 in
1259 2625 1440 2654 admiratione
1462 2624 1595 2656 habitum,
1624 2623 1770 2650 libidinose

980 2682 1030 2710 pro
1045 2682 1094 2702 sua
1111 2678 1138 2701 et
1162 2677 1253 2700 mente
1278 2676 1306 2699 et
1325 2671 1416 2707 lingua
1440 2669 1608 2701 meretricia,
1636 2669 1772 2702 interpre-

980 2725 1051 2752 tans,
1066 2728 1114 2747 sua
1126 2727 1208 2753 supra
1219 2718 1331 2746 modum
1343 2716 1497 2752 incredibili
1511 2715 1624 2743 audacia
1636 2721 1669 2741 ex
1681 2712 1773 2740 Libri:

983 2759 1069 2793 sacris
1080 2764 1206 2793 abscidit.
