1973 3098
173 156 241 189 ῐ⁶Π3

167 214 216 241 τὸν
239 212 369 250 Χριστὸν,
400 214 460 247 πῶς
485 215 531 242 καὶ
550 200 604 243 τίνι
617 216 708 252 λὲγεις
719 219 886 253 προσκυνεῖν
902 226 910 251 ;
929 218 960 245 Εἰ
977 221 997 248 Α

171 260 221 294 μὲν
233 259 314 286 αὐτὸν
326 260 424 296 ἐαυτῷ,
441 262 611 296 γελοιότατον
626 272 633 279 ·
652 265 676 290 εί
691 264 719 291 δὲ
736 266 770 301 τῇ
792 264 898 301 Τριάδι,
914 265 959 292 διὰ

170 305 252 340 μέσου
267 306 357 338 τινός·
370 307 400 333 οὐ
417 307 471 343 γὰρ
487 308 521 335 δι’
550 309 647 337 ἑαυτοῦ
673 311 687 338 ό
716 312 808 343 αὐτὸς,
824 314 849 339 εί
879 313 958 348 μόνος

167 350 222 376 τῶν
236 350 379 385 ἁπάντων,
390 352 468 380 τοῦτο
478 353 563 390 γέρας
576 355 645 391 ἔχων
654 357 812 392 εὑρίσκεται
822 359 852 384 τὸ
863 359 959 394 μηδενὶ

167 395 309 430 λατρεύειν
322 406 329 413 ⁸
349 398 412 424 ἐπεὶ
431 399 468 434 μὴ
484 400 529 426 τδν
546 401 592 428 σὺν
623 403 738 438 μεσίτην
763 404 844 439 μόνος
877 404 958 436 αὐτὸς

168 440 279 476 ἔσχηκε,
297 443 346 469 καὶ
363 444 405 476 τίς
425 446 487 471 ἀντὶ
508 446 575 473 Θεοῦ
595 448 668 483 ὅρος,
684 449 700 483 ἢ
716 449 744 475 ὂν
756 451 787 476 ab
799 450 836 485 τῷ
849 449 958 485 Χριστῷ

166 487 246 518 δίδως
279 489 360 523 μόνον
389 490 470 516 αὐτὸν
499 491 665 528 τιμώμενον,
691 494 749 521 ἀλλ’
777 495 807 522 οὐ
833 494 958 531 τιμῶντα

166 533 284 567 εἰσάγων
295 534 339 560 τὸν
353 534 424 562 οὕτω
439 537 595 572 τιμήσαντα
609 548 616 574 ;

200 623 263 650 AA’.
287 624 330 656 Ὠς
354 625 419 660 ἡδύς
448 635 490 658 τις
505 626 549 654 ei!
569 628 672 663 σεμνὴν
700 630 754 665 γὰρ
777 630 823 657 καὶ
844 632 957 658 ἀστείαν

165 669 291 703 γέννησιν
321 679 350 696 τε
378 673 423 698 καὶ
439 672 597 708 ἀνατροφὴν
614 675 703 710 τούτῳ
718 677 904 711 προσπλέκεις
919 678 957 713 τῷ

164 714 309 750 ἀνθρώπῳ,
329 717 375 743 καὶ
392 717 453 744 ὅσον
469 721 656 756 προρητικὴν,
675 722 722 748 καί
741 724 840 758 μικρδν
854 725 956 760 ταύτην

164 761 378 796 ὑπεραίρουσαν.
413 764 474 790 Ὅτι
505 764 532 791 δὲ
562 766 631 793 κατὰ
663 768 820 802 πρόγνωσιν
850 771 863 796 ὁ
889 771 956 803 Θεὸς

162 805 257 839 Λόγος,
271 806 367 843 γνώμῃ
383 809 411 833 ἐν
433 809 501 844 αὐτῇ
518 811 567 844 τῆς
599 812 706 847 μήτρας
725 813 881 844 διαπλάσει,
907 815 956 850 τὴν

161 850 260 876 ἕνωσιν
275 852 352 886 αὐτῷ
378 854 599 889 προσκὲχρηκεν,
627 857 769 889 γινώσκων
795 859 878 885 αὐτοῦ
905 859 955 894 τὴν

161 897 272 931 περὶτὰ
286 897 356 924 καλὰ
372 899 501 934 πρόθεσιν
515 901 684 929 ἀδιάπτωτον
697 903 816 931 ἔσεσθαι.

196 942 258 969 AB’.
283 943 408 977 Ἀγνοίας
433 952 462 970 τε
481 945 562 972 αὐτὸν
587 947 661 982 ζόφῳ
687 948 837 982 καλύπτεις
868 951 952 986 μηδὲν

161 987 356 1022 ἐπιστάμενον,
382 990 423 1016 ὃτι
450 990 487 1025 μὴ
513 991 581 1026 ὅπερ
609 992 757 1029 ἐδόκει,τῷ
783 996 845 1022 κατ’
874 997 951 1029 ἀξίαν

159 1033 234 1068 αὐτῷ
249 1034 380 1069 ήνωμένῳ
391 1034 480 1069 Λόγῳ.
499 1036 560 1067 Πῶς
575 1037 613 1070 δ”;
630 1038 741 1071 ἀγνοίας
756 1040 836 1066 αὑτὸν
851 1041 950 1068 ἀναπε-

159 1078 316 1113 πλησμένον
327 1081 454 1113 εἰσάγων,
472 1081 531 1116 οὐχὶ
546 1083 592 1108 καὶ
605 1083 763 1118 ἁμαρτίας;
783 1086 828 1117 ἘΞ
844 1088 950 1122 ἐκείνης

158 1124 213 1159 γὰρ
231 1125 312 1159 αὕτη,
331 1125 367 1157 ὡς
393 1126 447 1151 ἀπὸ
477 1127 569 1160 πηγῆς
593 1128 714 1163 ποταμὸς
742 1131 909 1165 προχέεται·
932 1132 947 1167 ἦ

156 1170 228 1204 τάχα
242 1170 291 1204 τὴν
313 1170 425 1204 ἄγνοιαν
443 1170 517 1205 αὐτῷ
545 1171 653 1206 βοηθεῖν
675 1173 861 1208 δογματίσεις,
888 1176 949 1202 ἐπεὶ

156 1215 194 1246 ὡς
223 1215 257 1241 τὰ
278 1215 362 1242 πολλὰ
392 1217 560 1252 συγγνώμης
586 1217 709 1249 ἀξιοῦται
730 1220 760 1245 τὸ
781 1220 810 1252 ἐξ
839 1221 948 1254 ἀγνοίας

156 1260 233 1295 παρὲ
251 1260 330 1294 λόγον
344 1262 544 1296 πραττόμενον,
562 1262 649 1298 ἄνπερ
684 1264 721 1300 μὴ
737 1265 796 1291 λίαν
856 1275 948 1301 φορτι-

156 1305 214 1331 κόν.
248 1306 369 1339 ’Λγνοείν
393 1307 415 1332 δ’
442 1307 522 1333 αὑτὸν
552 1307 641 1341 λέγεις
665 1309 803 1342 τοσοῦτον,
832 1311 872 1338 ὅτι
901 1313 947 1338 καὶ

155 1350 356 1386 πειραζόμενος
370 1351 419 1378 οὐκ
435 1351 584 1384 ἐγίνωσκεν
600 1353 674 1385 ὅστις
702 1355 744 1390 εἴη
765 1355 780 1380 ὁ
808 1355 946 1391 πειράζων

155 1397 236 1422 αὐτόν
252 1404 258 1411 ·
279 1398 324 1422 καὶ
339 1397 388 1431 τῆς
401 1399 472 1424 κατὰ
482 1398 601 1425 διάνοιαν
617 1400 754 1434 ἁμαρτίας
782 1401 836 1428 οὐδ’
865 1403 946 1430 αὐτὸν

156 1442 268 1477 Κύριον,
287 1443 323 1478 μὴ
338 1444 378 1469 ὅτι
394 1444 456 1475 τοὺς
471 1444 564 1478 ἁγίους
579 1446 744 1481 καθαρεύειν
757 1451 943 1485 παραχωρεῖς,

154 1487 209 1512 οὐδ’
226 1487 364 1522 ἁμαρτίαν
378 1489 463 1524 αὐτὴν
478 1490 602 1525 οίόμενος
617 1489 698 1519 εἶναι.

189 1577 250 1603 ΔΡ.
270 1577 423 1612 Ὀχλεῖσθαί
440 1587 470 1605 τε
485 1579 566 1606 αὑτὸν
581 1579 663 1606 πλέον
684 1582 715 1607 ὲκ
741 1581 796 1608 τῶν
820 1582 942 1618 ψυχικῶν

154 1623 248 1650 παθῶν
266 1624 282 1659 ἢ
299 1624 353 1650 τῶν
369 1625 533 1658 σωματικῶν
556 1626 731 1660 δογματίζειν
760 1628 790 1654 οὐ
811 1629 941 1663 φρίττεις,

154 1669 249 1704 σαφῶς
266 1670 366 1696 οὑτωσὶ
381 1670 530 1704 λέγωνκαὶ
545 1672 584 1706 τῷ
601 1673 736 1707 κρείττονι
751 1673 874 1710 λογισμῴ
895 1675 944 1707 τὰς

153 1717 250 1752 ἡδονὰς
269 1717 420 1752 ἐχειροῦτο.

187 1763 247 1790 ΛΔ’.
263 1763 344 1794 Δίδως
369 1764 391 1790 δ’
416 1765 497 1791 αὑτὸν
518 1765 549 1791 ἐκ
568 1766 712 1801 προκοπῆς
738 1766 843 1801 ἀρετῶν
872 1768 943 1795 κατὰ

155 1809 252 1844 μικρὸν
280 1808 471 1843 καθαίρεσθαι,
501 1810 549 1836 καὶ
569 1811 787 1846 ἐπιτηδειότερον
806 1813 942 1847 ὁσημέραι

152 1854 275 1887 γίνεσθαι
304 1854 373 1889 πρὸς
401 1855 537 1890 ὑποδοχὴν
564 1856 618 1882 τῶν
642 1856 735 1883 θεόθεν
748 1858 822 1893 αὐτῷ
840 1858 877 1889 ὡς
895 1860 942 1885 ἀν-

153 1899 255 1934 θρώπῳ
270 1900 467 1934 παρεσομένων
484 1900 603 1934 ἀγαθῶν.

187 1946 247 1972 AE'.
272 1946 418 1977 Βαπτίζεις
446 1947 468 1972 δ1
495 1947 588 1979 αὐτὴν,
612 1947 644 1974 ἵν’
666 1947 760 1974 ἔκτοτε
791 1948 867 1976 οὔπω
889 1950 942 1985 γὰρ

153 1991 296 2026 πρότερον,
309 1991 464 2023 τελειωθεὶς
477 1992 549 2018 κατὰ
562 1993 676 2028 νομικὴν
691 1994 800 2029 ἀρετὴν,
825 1996 942 2030 Χριστὸς

152 2036 309 2071 χρηματίσῃ
321 2035 423 2066 τέλειος
445 2037 492 2062 καὶ
516 2037 567 2071 τῆς
596 2038 778 2073 εὐαγγελικῆς
803 2039 940 2074 ἐφάψηται

152 2081 300 2113 πολιτείας,
318 2082 364 2107 καὶ
384 2081 487 2116 ταύτην
505 2083 682 2119 ἐκπληρώσῃ.
697 2084 758 2115 Πῶς
772 2084 794 2110 δ’
815 2085 874 2120 οὐχὶ
894 2085 940 2112 καὶ

150 2128 195 2154 τὸν
211 2127 306 2163 χρόνον
319 2127 394 2162 αὐτῷ
422 2127 466 2153 διὰ
495 2127 576 2154 τοῦτο
599 2130 800 2164 συντετμῆσθαι
827 2131 938 2164 λέγειςς

156 2173 307 2206 ’Λποκάμοι
331 2172 385 2208 γὰρ
408 2173 441 2199 ἂν
471 2173 538 2208 πρὸς
565 2173 598 2207 τὸΔ
620 2174 714 2200 τούτου
726 2175 875 2210 διάστημα,
892 2176 938 2203 καὶ

149 2218 193 2245 διὰ
206 2218 285 2246 τοῦτο
300 2219 432 2254 σύντομον
446 2219 505 2246 ὁδον
521 2219 657 2255 σωτηρίας
668 2220 713 2246 τὸν
729 2222 846 2257 σταυρὸν
858 2223 938 2249 ἀνευ-

148 2266 261 2301 ρίσκων.

184 2313 254 2345 ΛΓΓ.
271 2312 318 2343 Εἰς
333 2311 427 2338 δνκαὶ
442 2311 544 2339 ἄκοντα
569 2312 649 2339 αὑτὸν
676 2313 835 2350 ἀναφέρεις,
866 2315 935 2351 ὑπὲρ

148 2357 246 2384 ἑαυτοῦ
265 2358 324 2391 μὲν,
339 2357 388 2392 οὐχ
405 2357 505 2392 ἥκιστα
520 2358 547 2384 δὲ
572 2359 619 2385 καὶ
647 2359 715 2394 ὑπὲρ
743 2360 804 2386 ὅλου
830 2360 933 2395 κόσμου

147 2402 345 2437 τεθνηξόμενον
363 2405 369 2412 '
389 2402 427 2434 ὡς
449 2404 498 2430 οὑκ
524 2403 610 2435 ἄλλως
631 2405 705 2440 αὑτῷ
737 2407 934 2443 περεεσομένης

146 2449 196 2484 τῆς
215 2448 284 2475 κατὰ
297 2448 345 2482 τὴν
361 2448 503 2484 ἀνάληψιν,
519 2450 565 2476 καὶ
582 2451 630 2485 τῆς
645 2451 676 2476 ἐκ
691 2450 784 2482 δεξιῶν
800 2452 934 2488 καθέδρας

146 2494 237 2530 δόξης.
257 2494 292 2529 μὴ
316 2494 360 2520 διὰ
381 2495 531 2529 μαρτυρίου
548 2495 727 2524 τελειωθέντι.
748 2498 804 2524 Οὐκ
820 2497 877 2525 οἶδα
892 2499 933 2528 τίς

146 2539 228 2567 πόθεν
241 2539 321 2566 πέλεν
335 2539 450 2574 ἀνδρῶν,
462 2539 490 2571 ὃς
501 2540 643 2575 τηλικοῦτο
657 2542 735 2576 παρὰ
752 2543 797 2569 σοῦ
814 2544 932 2579 ἐγχειρί-

147 2585 223 2617 ζεται
249 2586 376 2621 πρᾶγμα,
402 2586 450 2612 καὶ
473 2585 629 2621 οἰκονομίαν
649 2588 769 2622 μεγάλην
786 2590 833 2616 καὶ
848 2589 933 2621 οὕτως

146 2631 295 2666 ἐξαίρετον,
320 2631 369 2657 καὶ
389 2631 426 2667 μὴ
445 2632 486 2658 ὄτι
496 2631 544 2667 τὴν
564 2633 720 2668 ἀνθρώπου,
738 2634 806 2661 ἀλλὰ
820 2639 865 2661 καὶ
881 2636 934 2662 πᾶ-

146 2685 195 2703 σαν
206 2677 324 2711 γενητὴν
335 2676 537 2712 ὑπεραίρουσαν
551 2677 640 2712 φύσιν.

180 2722 241 2750 AZ’.
258 2723 368 2749 Δέδοικε
379 2723 407 2750 δὲ
427 2723 470 2750 τὸν
483 2723 608 2755 θάνατον,
629 2725 677 2760 οὐχ
695 2725 733 2756 ὡς
747 2726 821 2761 ἡμᾶς
838 2727 932 2754 τυπῶν

145 2769 174 2795 ἐν
187 2766 286 2804 ἑαυτῷ,
316 2770 361 2797 καὶ
390 2769 461 2798 λύων
488 2769 566 2806 ήμῶν
591 2772 620 2797 ἐν
651 2772 741 2807 ἑαυτῷ
752 2772 801 2808 τὴν
819 2773 930 2807 δειλίαν,

146 2813 202 2839 ἀλλ’
214 2813 251 2844 ὡς
269 2814 349 2846 αὐτὸς
366 2815 458 2843 τοῦτον
476 2817 670 2851 προτροπάδην
687 2817 795 2852 φεύγων
810 2826 818 2833 ⁸
843 2819 872 2845 ὃν
899 2819 930 2846 οὖ

147 2856 209 2884 ποτ’
229 2857 261 2886 ἂν
277 2859 401 2888 ὑπελθεῖν
417 2861 548 2894 ἑκουσίως
565 2861 737 2900 κατεδέξατο,
758 2863 782 2891 εί
815 2864 852 2901 μή
879 2865 930 2902 τῆς

644 162 729 193 ADV.
749 162 1105 195 INCORRUPTICOLAS
1122 165 1169 196 ET
1189 166 1349 197 NESTOR.

1736 163 1801 196 1374

1012 219 1139 248 Christus
1161 226 1225 249 tuus
1249 221 1397 250 adorabit?
1419 221 1447 249 Si
1465 222 1539 249 enim
1557 229 1586 249 se
1605 221 1706 257 ipsum.
1723 223 1804 250 valda

1009 265 1154 294 ridiculum
1168 271 1230 299 est;
1249 268 1290 295 sin
1313 272 1405 295 autem
1422 268 1597 298 Trinitatem.
1616 275 1666 302 per
1682 268 1803 295 medium

1008 310 1148 346 aliquem;
1176 320 1230 339 non
1250 313 1324 340 enim
1349 314 1421 340 idem
1438 321 1486 348 per
1501 321 1529 341 se
1545 314 1654 349 ipsum;
1683 314 1706 341 si
1727 314 1803 342 solus

1008 362 1041 382 ex
1058 356 1186 384 omnibus
1208 357 1282 385 hunc
1296 358 1428 385 honorem
1452 359 1544 391 habet,
1564 358 1701 393 reperitur
1715 358 1802 385 nemi-

1008 407 1071 427 nem
1087 401 1196 434 colere;
1212 403 1341 436 quoniam
1364 403 1422 437 ipse
1446 403 1521 430 solus
1535 411 1591 430 non
1606 403 1702 429 habuit
1723 407 1800 429 tuum

1008 446 1187 474 mediatoretu
1206 456 1213 474 :
1233 452 1261 475 et
1278 449 1418 483 reperitur
1439 450 1530 484 aliqua
1547 449 1718 484 praescriptio
1732 456 1800 475 con-

1009 495 1050 519 tra
1076 492 1181 525 Deum,
1201 501 1283 528 quam
1310 499 1337 520 tu
1366 494 1478 522 Christo
1502 494 1612 525 tribuis,
1641 502 1702 520 cum
1734 501 1797 520 eum

1007 537 1077 565 facis
1094 539 1183 566 solum
1210 540 1357 573 honorari,
1385 546 1412 568 et
1437 549 1492 568 non
1511 541 1658 572 honorare,
1685 541 1732 574 qui
1759 540 1799 567 sic

1007 584 1163 612 honoravit.

1042 629 1138 657 XXXI.
1155 631 1240 663 Quam
1260 632 1353 658 suavis
1372 637 1399 658 et
1417 631 1508 658 dulcis
1519 633 1564 658 es!
1589 632 1752 659 honoratum
1770 635 1797 658 et

1006 676 1163 709 speciosum
1178 680 1281 709 ortum,
1296 682 1324 704 et
1341 677 1532 704 educationem
1550 677 1615 704 huic
1632 677 1735 704 homini
1750 685 1796 711 ap~

1006 721 1109 755 plicas.
1129 729 1156 749 et
1181 723 1263 757 paulo
1280 723 1337 750 fere
1355 723 1580 750 excellentiorem
1597 729 1659 749 ortu
1675 723 1796 757 prophe-

1008 766 1072 793 tico.
1097 767 1174 800 Quod
1197 769 1303 796 scilicet
1329 769 1447 796 Verbum
1466 769 1513 796 Dei
1527 768 1678 795 secundum
1694 776 1797 803 prasen-

1005 812 1156 847 guitionem
1174 815 1200 841 in
1221 815 1278 848 ipsa
1295 814 1460 841 formatione
1475 822 1535 848 qua;
1555 814 1582 840 in
1603 819 1682 841 utero
1702 814 1795 845 liccat,

1007 861 1137 888 unionem
1161 861 1185 888 ei
1207 861 1382 888 commodare
1407 861 1504 892 voluit,
1530 868 1699 896 cognoscens
1723 868 1794 886 mtu-

1007 915 1088 942 quam
1107 915 1121 934 a
1138 907 1280 942 proposito
1293 908 1367 934 circa
1384 907 1503 934 virtutes
1519 907 1706 934 discessurum
1722 913 1793 934 esse.

1040 952 1148 980 XXXII.
1165 953 1328 987 Ignorantia:
1339 953 1421 979 etiam
1438 952 1554 987 caligine
1565 960 1628 979 eum
1645 953 1712 987 tegis
1724 952 1794 980 nihil

1005 1000 1137 1026 scientem
1164 1003 1346 1033 pneterquam
1370 998 1442 1033 quod
1469 998 1560 1025 Verbo
1587 999 1611 1025 ei
1640 999 1793 1025 secundum

1004 1045 1165 1080 dignitatem
1189 1045 1267 1072 linito
1292 1045 1446 1071 videbatur.
1476 1044 1620 1077 Quomodo
1640 1045 1792 1080 ignorantia

1004 1092 1143 1125 oppletum
1173 1090 1325 1118 introducis
1344 1097 1419 1121 etnn,
1451 1093 1477 1116 et
1507 1097 1562 1116 non
1587 1090 1724 1124 peccato?
1752 1090 1792 1117 Ex

1004 1136 1156 1170 ignorantia
1178 1135 1252 1162 enim
1275 1140 1434 1169 peccatum,
1448 1135 1564 1161 sicutex
1578 1135 1652 1161 l‘onte
1679 1134 1789 1167 ﬂuvius,

1003 1187 1113 1208 manat:
1130 1185 1177 1207 aut
1200 1181 1317 1208 fortasse
1337 1180 1450 1207 docebis
1473 1180 1653 1215 ignorantiam
1666 1180 1690 1206 ei
1710 1187 1791 1214 opem

1004 1228 1108 1257 tulisse.
1124 1228 1187 1261 quia
1211 1231 1241 1253 ut
1256 1226 1419 1261 plurimum.
1441 1226 1549 1252 veniant
1564 1225 1626 1258 fert,
1655 1226 1726 1260 quod
1741 1233 1790 1260 per

1002 1273 1181 1309 ignorantiam
1200 1273 1229 1299 Iit
1246 1277 1346 1307 pnetcr
1360 1273 1505 1303 rationem,
1521 1272 1542 1298 si
1562 1280 1614 1298 non
1627 1272 1662 1298 sit
1678 1272 1789 1306 quidem

1000 1320 1079 1346 valde
1089 1327 1179 1353 grave.
1194 1319 1285 1353 Usque
1298 1319 1366 1345 adeo
1378 1325 1468 1345 autem
1485 1319 1624 1353 ignorasse
1635 1326 1697 1345 eum
1709 1317 1787 1351 dicis,

1000 1369 1041 1396 ut,
1058 1373 1120 1392 cum
1138 1370 1303 1397 tentaretur,
1330 1366 1452 1392 nesciret
1477 1366 1539 1400 quis
1557 1370 1631 1392 esset
1656 1365 1702 1400 qui
1724 1373 1788 1392 eum

1000 1411 1122 1438 tentabat
1137 1421 1143 1438 :
1162 1416 1189 1438 et
1201 1419 1216 1438 a
1234 1415 1347 1446 peccato
1360 1411 1430 1437 κατὰ
1445 1411 1573 1441 διάνοιαν,
1591 1411 1616 1438 id
1630 1415 1681 1442 est,
1698 1419 1712 1438 a
1728 1419 1789 1446 pec-

999 1462 1062 1484 cato
1092 1456 1268 1491 cogitationis
1296 1457 1425 1483 concedis
1454 1464 1504 1483 nec
1533 1457 1620 1491 ipsum
1655 1457 1787 1484 mundum

998 1502 1093 1532 fuisse.
1110 1503 1210 1529 nedum
1228 1507 1346 1532 sanctos,
1365 1509 1453 1536 neque
1482 1502 1570 1536 ipsum
1586 1505 1726 1536 peccatum
1743 1509 1789 1528 co-

998 1547 1139 1582 gitationis
1155 1552 1298 1581 peccatum
1318 1554 1377 1573 esse
1391 1550 1479 1580 putas.

1028 1593 1148 1620 XXXIII.
1169 1593 1226 1619 Non
1241 1593 1337 1620 horres
1352 1592 1453 1619 docens
1467 1592 1636 1619 molestiores
1648 1591 1731 1619 fuisse
1747 1592 1787 1620 illi

993 1639 1135 1674 passiones
1156 1638 1253 1665 animae
1278 1646 1359 1673 quam
1386 1638 1535 1672 corporis:
1562 1638 1601 1664 sic
1625 1638 1698 1664 enim
1726 1646 1786 1673 per-

992 1685 1086 1719 spicue
1108 1684 1167 1717 ais;
1195 1688 1222 1711 et
1247 1684 1354 1711 ratione
1381 1683 1495 1711 fortiore
1527 1683 1682 1718 voluptates
1710 1683 1786 1711 subi—

992 1730 1082 1765 gebat.

1028 1775 1147 1803 XXXIV.
1167 1775 1302 1803 Concedis
1327 1783 1473 1810 progressu
1493 1775 1626 1802 virtutum
1654 1777 1783 1810 paulatim

992 1827 1136 1856 purgatum
1161 1829 1231 1851 esse.
1258 1825 1286 1848 et
1312 1821 1447 1855 aptiorem
1477 1821 1580 1848 factum
1602 1821 1724 1855 quotidie
1750 1823 1783 1849 ad

991 1867 1166 1901 suscipienda
1188 1866 1322 1893 divinitus
1344 1866 1426 1898 bona,
1451 1874 1511 1900 qua:
1525 1867 1550 1893 el
1568 1870 1598 1893 ut
1611 1866 1715 1894 homini
1731 1867 1782 1894 ad-

991 1912 1081 1939 futura
1096 1917 1186 1938 erant.

1026 1957 1133 1984 XXXV.
1151 1957 1275 1991 Baptizas
1296 1965 1370 1987 eum.
1384 1962 1414 1985 ut
1428 1965 1460 1984 ex
1477 1966 1510 1985 eo
1532 1963 1664 1994 tempore.
1679 1967 1710 1986 ac
1726 1967 1781 1986 non

991 2001 1078 2036 prius.
1095 2001 1233 2036 perfectus
1248 2001 1399 2028 secundum
1417 2002 1549 2029 virtutem
1562 2004 1638 2038 legis.
1656 2003 1782 2031 Christus

990 2052 1138 2074 vocaretur
1158 2048 1314 2081 perfectus;
1338 2053 1365 2074 et
1387 2048 1419 2074 ad
1436 2049 1618 2084 evangelicum
1634 2050 1717 2076 vitam
1733 2057 1781 2084 ag-

989 2093 1161 2127 grederetur,
1187 2097 1213 2120 ct
1229 2093 1301 2123 hanc
1328 2095 1488 2128 compleret.
1514 2095 1609 2122 Nonne
1626 2096 1696 2123 dicis
1711 2100 1780 2122 tem-

990 2146 1041 2173 pus
1057 2140 1138 2166 ctiam
1156 2138 1240 2166 fuisse
1257 2139 1295 2166 illi
1310 2140 1345 2166 oh
1363 2140 1433 2167 hanc
1444 2148 1552 2167 causam
1569 2147 1738 2169 contractum
1753 2143 1780 2169 in

989 2184 1100 2212 brevius
1125 2185 1270 2221 (potuisset
1287 2187 1359 2213 enim
1374 2186 1516 2221 deiatigari
1527 2188 1614 2221 spatio
1630 2189 1779 2225 temporis).

956 2231 975 2258 D
991 2234 1018 2257 et
1034 2230 1136 2258 idcirco
1153 2231 1264 2258 brevem
1281 2232 1377 2258 salutis
1401 2233 1483 2265 Viam,
1498 2233 1523 2260 id
1542 2237 1583 2260 cst
1597 2242 1716 2266 crucem,
1733 2235 1780 2261 ad-

988 2275 1147 2303 invenisse?

1023 2321 1140 2348 XXXVI.
1158 2322 1186 2348 In
1201 2330 1310 2349 erucem
1325 2322 1439 2350 inritum
1453 2331 1514 2350 eum
1531 2323 1597 2359 agis,
1611 2333 1660 2359 pro
1672 2333 1700 2352 se
1715 2326 1777 2360 qui-

986 2366 1048 2393 dem
1075 2374 1128 2393 non
1145 2367 1237 2394 minus
1248 2375 1328 2402 quam
1344 2377 1391 2402 pro
1406 2373 1460 2396 toto
1474 2370 1578 2397 mundo
1595 2372 1776 2403 moriturum;

986 2415 1115 2445 tanquam
1130 2419 1185 2437 non
1205 2416 1298 2446 posset
1314 2413 1395 2439 aliter
1406 2413 1518 2447 gloriam
1532 2422 1662 2442 ascensus
1676 2417 1703 2443 in
1723 2425 1778 2444 cte-

984 2457 1050 2488 lum,
1065 2461 1092 2483 ct
1108 2465 1253 2484 consessus
1269 2457 1302 2484 ad
1319 2458 1458 2485 dexteram
1469 2459 1516 2486 Dei
1532 2461 1650 2495 assequi,
1662 2462 1713 2489 nisi
1728 2471 1776 2498 per

985 2502 1147 2538 martyrium
1166 2509 1383 2531 consummatus.
1407 2504 1505 2532 Nescio
1521 2506 1583 2540 quis
1606 2507 1648 2533 vir
1672 2513 1723 2541 est,
1748 2515 1776 2536 et

984 2547 1072 2578 unde,
1097 2548 1144 2582 qui
1168 2553 1222 2582 tam
1247 2548 1342 2583 ingens
1364 2557 1379 2575 a
1399 2554 1425 2576 te
1448 2550 1587 2585 ucg'otium
1606 2553 1728 2587 suscipit,
1748 2560 1775 2582 rt

983 2592 1168 2620 oeconomiam
1188 2593 1224 2620 ita
1242 2601 1366 2628 magnam
1382 2598 1410 2620 ct
1430 2595 1568 2629 eximiam,
1588 2601 1681 2625 utnon
1695 2605 1775 2626 natu-

982 2647 1039 2666 ram
1054 2639 1188 2673 hominis,
1206 2639 1252 2666 sed
1270 2647 1380 2667 omnem
1396 2646 1523 2669 naturam
1548 2647 1666 2670 creatam
1694 2644 1773 2679 longe

981 2689 1102 2719 saperet.

1018 2731 1150 2759 XXXVII.
1169 2732 1273 2759 Timuit
1297 2737 1424 2767 mortem,
1450 2743 1505 2762 non
1534 2741 1661 2770 tanquam
1677 2736 1771 2771 expri-

981 2782 1060 2802 mens
1075 2783 1125 2803 nos
1143 2776 1171 2802 in
1189 2777 1290 2811 seipso,
1313 2782 1341 2804 et
1358 2779 1467 2806 solvens
1493 2779 1619 2807 timorem
1643 2785 1769 2808 nostrum

981 2820 1008 2847 in
1021 2827 1059 2852 se.
1076 2820 1122 2848 sed
1140 2826 1266 2856 tanquam
1284 2823 1354 2850 hanc
1367 2824 1446 2852 enixe
1462 2824 1585 2859 fugiens;
1602 2832 1682 2860 quam
1696 2834 1766 2852 utm-

981 2873 1062 2902 quam
1079 2872 1175 2903 sponte
1191 2869 1326 2897 sustinere
1342 2870 1484 2905 voluisset,
1504 2871 1557 2898 nisi
1571 2875 1643 2899 tuam
1659 2871 1765 2908 lorgum
