1973 3098
178 156 246 188 1379

798 153 956 184 LEONTII
975 152 1178 184 ΒΥΖΑΝΤΙΝΙ

1746 153 1818 188 1380

175 210 269 237 ferunt
283 207 365 236 nobis
381 215 413 235 ex
431 207 584 243 Serapione
599 207 715 242 quidem
735 207 814 239 illud,
829 208 903 235 Deus
922 207 963 234 ho-

1024 208 1088 242 ἡμῖν
1104 206 1281 242 Σαραπίωνος
1297 207 1347 243 μὲν
1362 207 1401 240 τδ,
1421 207 1435 234 ό
1451 207 1517 240 Θεὸς
1537 207 1584 236 τὸν
1603 207 1746 244 ἄνθρωπον
1767 217 1819 235 πε-

175 256 278 283 mincm
290 254 397 287 induit;
413 262 446 281 ex
458 254 559 281 Basilio
572 258 675 285 autem,
689 253 770 280 homo
782 252 883 285 dcit‘er;
896 252 963 280 illud

175 305 325 335 utrumque
336 308 370 327 ex
383 299 534 335 Gregoriis.
543 308 665 334 quorum
678 299 748 326 alter
757 298 868 333 quidem
887 299 966 326 dixe—

175 346 211 373 rit
227 346 360 372 :Dieatur
383 345 456 372 Deus
472 353 528 372 non
544 345 639 374 Verbi,
654 343 703 371 sed
721 344 781 378 ejus
802 343 849 378 qui
869 351 966 370 cerne-

175 390 273 423 batur;
292 391 363 417 alter
393 396 458 416 vero
485 398 491 416 :
513 389 547 416 Et
566 390 639 416 servi
664 388 766 415 livores
791 388 864 414 circa
882 395 964 422 quem

176 437 323 469 Dominus;
342 441 370 463 et
386 435 519 470 quasdam
540 435 712 470 reliquorum
731 435 843 462 Patrum
861 434 965 460 similes

175 483 287 509 voculas
306 483 390 509 veluti
413 482 553 516 unguibus
565 480 894 515 corradunt.cujusmodi
912 484 963 511 est,

175 527 304 562 Suscepit,
319 529 471 563 assumpsit,
493 528 589 559 induit,
605 532 634 554 et
654 526 752 561 duplex
778 530 847 559 erat,
863 530 891 553 et
912 526 965 553 alia

175 573 321 608 ejusmodi,
345 581 407 608 quae
421 573 605 600 dilIerentiam
622 576 781 599 naturarum
807 571 909 598 Christi
924 578 965 597 se-

176 619 296 646 cundum
312 619 494 646 substantiam
507 619 646 645 unilarum
659 617 811 644 declarant.
821 617 854 643 Et
865 621 966 650 prmter

176 651 274 692 cetera
295 666 397 697 omnia,
413 665 506 700 Cyrilli
525 665 698 701 hypostases.
715 668 743 691 ct
766 664 906 690 hominem
932 670 965 689 ex

178 709 270 741 Maria,
290 715 318 737 et
333 710 466 744 templitm
481 718 514 737 ex
530 710 651 744 Virgine.
681 709 787 736 Deinde
807 709 965 735 mistioncm

176 760 203 782 et
218 755 437 783 commistioncm
454 760 480 783 et
495 756 648 782 naturalem
664 755 857 786 cohtesionem,
870 759 898 781 et
908 754 966 780 dei-

177 801 344 833 ﬁcationem,
358 805 386 828 et
397 801 556 836 sanguinem
569 800 627 832 Dei,
639 804 666 827 et
677 808 798 832 crucem,
815 804 843 826 et
859 799 966 834 passio-

178 853 256 878 nem;
271 850 298 873 et
315 846 386 881 quod
403 847 464 881 plus
479 850 531 878 est,
545 845 696 872 secundant
710 845 792 872 Verbi
811 844 965 872 secundum

177 899 288 918 carnem
318 892 542 926 generationem;
556 899 618 918 cum
638 891 721 918 iidem
744 889 846 926 alioqui
863 891 966 923 dicant,

178 943 234 962 non
251 941 341 963 tamen
359 936 403 963 isti
419 936 546 963 audiunt.

211 1012 244 1038 Et
256 1011 322 1046 quid
334 1019 404 1046 opus
414 1015 457 1039 est
467 1011 561 1038 dicere
571 1011 606 1038 de
619 1010 721 1037 unione
732 1010 884 1038 secundum
901 1012 964 1039 sub-

177 1057 316 1089 stantiam,
330 1062 358 1084 et
372 1057 406 1085 de
421 1057 561 1092 hypostasi
582 1057 699 1083 duarum
716 1061 890 1090 naturarum,
903 1058 965 1092 qui-

178 1103 230 1130 bus
255 1103 321 1130 nihil
347 1108 387 1130 est
416 1104 502 1139 magis
527 1110 621 1135 unum,
636 1107 664 1129 et
691 1103 853 1130 naturaliter
876 1104 965 1131 cohae-

178 1149 305 1176 rentius?
319 1149 444 1179 Primum
470 1149 564 1184 igitur,
584 1149 652 1176 illud
680 1153 722 1176 est
744 1149 964 1177 consideratione

178 1194 301 1230 dignum,
318 1196 390 1229 quod
405 1203 459 1222 non
475 1200 517 1221 est
532 1195 613 1221 nobis
628 1195 661 1222 de
674 1195 788 1222 vocibus
802 1200 964 1222 controver-

177 1241 227 1272 sia,
247 1240 295 1268 sed
309 1241 342 1267 de
363 1240 444 1267 modo
462 1241 547 1268 totius
573 1241 697 1276 mysterii
711 1240 822 1268 Christi.
839 1241 897 1268 lloc
916 1250 965 1269 au-

177 1289 232 1312 tent
261 1293 316 1312 non
341 1285 504 1320 simpliciter
517 1294 551 1312 ex
566 1286 617 1313 hac
646 1291 694 1313 aut
714 1285 759 1312 illa
774 1293 909 1317 voce,aut
931 1295 964 1314 ex

178 1331 340 1366 quihusdam
362 1332 456 1358 verbis
480 1336 521 1358 est
538 1332 746 1366 approbanduxn
766 1337 813 1359 aut
832 1340 967 1359 accusan-

177 1377 253 1408 dum,
280 1377 327 1404 sed
355 1385 388 1404 ex
415 1377 512 1412 primis
536 1377 692 1411 principiis.
706 1377 786 1404 Circa
809 1378 866 1404 inec
890 1378 962 1404 enim

177 1423 267 1449 omnis
281 1423 394 1450 haeresis
405 1427 644 1449 controversatur.
656 1423 719 1449 Post
735 1423 871 1457 principia
889 1424 962 1450 enim

177 1475 274 1494 omnes
291 1467 362 1494 inter
373 1475 402 1494 se
416 1467 450 1494 de
463 1467 578 1494 vocibus
594 1467 774 1499 conveniunt,
794 1467 830 1494 ita
851 1472 879 1494 ιιι
893 1467 964 1502 ipsa-

179 1518 238 1536 rum
250 1510 456 1545 Scripturarum
471 1519 552 1538 voces
569 1511 621 1538 sibi
635 1512 774 1539 vindicent
788 1519 836 1538 cas
849 1513 882 1539 ad
898 1521 963 1547 pro-

178 1556 268 1590 prium
290 1563 402 1590 scopum
423 1557 674 1584 accommodantes.
686 1558 752 1590 Quae
763 1566 828 1585 vero
837 1564 901 1586 sunt
915 1560 963 1586 ho-

1022 253 1163 288 ριεΰάλετο
1178 261 1184 268 ·
1199 253 1340 279 Βασιλείου
1356 254 1384 280 δὲ
1397 254 1437 286 τὸ,
1461 255 1475 281 ὸ
1500 254 1628 289 θεοφόρος
1650 254 1792 290 ἄνθρωπος
1807 263 1816 270 ·

1020 298 1086 328 Θεὸς
1097 297 1203 331 λέγοιτο
1219 298 1252 324 ἂν
1269 298 1299 324 οὑ
1311 298 1358 324 τοῦ
1377 299 1476 333 Λόγου,
1495 299 1541 326 τοῦ
1555 299 1693 334 ὁρωμένου
1709 300 1747 329 δὲ,
1766 300 1816 326 τοῦ

1019 341 1070 378 [δὲ]
1084 342 1247 377 φάσκοντος,
1267 345 1312 370 καὶ¹
1325 344 1371 370 τοῦ
1386 344 1479 371 δούλου
1491 346 1554 376 τοὺς
1575 344 1724 380 μώλωπας,
1751 347 1817 381 περὶ

1018 387 1075 414 ὃνὸ
1092 388 1233 423 Δεσπότης
1247 396 1254 403 ”
1280 390 1335 416 τῶν
1360 398 1390 416 τε
1411 391 1514 417 λοιπῶν
1543 391 1674 426 Πλτέρων
1703 392 1817 418 τοιαῦτά

1018 441 1079 459 τινα
1099 434 1333 469 περιονυχίζοντες
1344 435 1490 468 ἀποξέουσι
1520 436 1637 468 λεξεὶδια
1654 444 1660 449 ·
1677 434 1733 462 οἷόν
1756 438 1815 462 ἐστι

1018 478 1048 504 τό
1066 486 1096 504 τε
1111 478 1251 511 ἀνέλαϐε,
1276 481 1323 506 καὶ
1341 481 1538 516 προσείληφε,
1565 482 1611 508 καὶ
1635 482 1814 513 ἐνεδύσατο,

1019 523 1065 550 καὶ
1084 524 1125 556 τὸ,
1144 524 1275 558 διπλοῦς
1292 526 1347 561 γὰρ
1361 525 1409 560 ἦν,
1429 527 1478 553 καὶ
1491 527 1542 554 ὅσα
1557 528 1679 558 τοιαῦτα,
1690 528 1738 561 τῆς
1755 528 1816 554 δια-

1019 571 1105 605 φορᾶς
1126 571 1190 598 ὄντα
1213 572 1351 607 δηλωτικὰ
1374 573 1428 599 τῶν
1446 573 1583 604 οὺσιωδῶς
1598 573 1745 607 ἡνωμένων
1764 573 1814 606 φύ-

1019 624 1089 641 σεων
1115 616 1161 643 τοῦ
1189 617 1321 652 Χριστοῦ,
1357 618 1420 643 Ἐπὶ
1451 619 1518 645 πᾶσι
1547 618 1576 645 δὲ
1602 619 1738 654 Κυρίλλου
1764 619 1816 650 τὰς

1019 661 1194 694 ὑποστάσεις,
1216 663 1263 689 καὶ
1279 663 1324 689 τὸν
1346 664 1378 690 ὲκ
1397 664 1506 698 Μαρίας
1525 664 1679 699 ἄνθρωπον,
1696 664 1743 690 καὶ
1767 665 1815 691 τὸν

1019 707 1050 732 ἐκ
1064 707 1204 742 Παρθένου
1228 708 1301 735 ναόν.
1328 709 1385 743 Τὴν
1405 709 1433 735 δὲ
1465 710 1563 744 κρᾶσιν
1591 710 1638 736 καὶ
1661 710 1814 744 ὰνάκρασιν

1020 753 1158 786 συμφυΐαν
1173 761 1202 779 τε
1215 754 1262 779 καὶ
1275 754 1383 786 θέωσιν,
1400 751 1471 789 αἷμά
1487 763 1517 780 τε
1530 754 1608 786 Θεοῦ,
1622 755 1669 781 καὶ
1684 755 1814 790 σταυρὸν,

1020 798 1066 823 καὶ
1096 798 1192 830 πάθος,
1221 799 1268 825 καὶ
1289 799 1413 832 θάνατον,
1430 799 1477 825 καὶ
1494 800 1547 836 πρὸ
1563 799 1667 826 τούτων
1681 801 1814 834 δευτέραν

1018 842 1065 869 τοῦ
1087 844 1176 878 Λόγου
1192 845 1264 871 κατὰ
1279 845 1369 880 σάρκα
1384 846 1523 881 γέννησιν,
1539 847 1593 874 τῶν
1610 847 1701 873 αὐτῶν
1718 846 1814 881 λεγάν-

1017 895 1069 914 τω)
1088 889 1138 915 οὐκ
1149 889 1284 916 ἐπαΐουσι.

1054 1008 1109 1035 Καὶ
1122 1008 1148 1034 τί
1163 1008 1202 1034 δεῖ
1212 1008 1302 1042 λέγειν
1318 1009 1382 1045 περὶ
1411 1010 1461 1045 τῆς
1487 1012 1549 1038 κατ’
1575 1011 1669 1038 οὐσίαν
1695 1011 1742 1038 καὶ
1766 1012 1814 1039 οὒς

1011 1054 1121 1084 σιώδους
1135 1052 1268 1090 ὲνώσεως,
1292 1055 1343 1090 τήν
1368 1063 1409 1094 τε,
1424 1053 1490 1090 μίαν
1517 1056 1666 1083 ὑπόστασιν
1688 1056 1742 1083 τῶν
1765 1057 1815 1083 δύο

1019 1099 1136 1133 φύσεων,
1170 1095 1208 1125 ὧν
1236 1099 1311 1126 οὐδὲν
1343 1100 1507 1137 ὲνικὼτερον
1533 1102 1549 1137 ἢ
1583 1103 1813 1137 convitia-reponi;

1018 1144 1129 1179 Πρῶτον
1142 1144 1191 1179 μὲν
1206 1143 1253 1171 οὖν
1265 1145 1354 1172 ἐκεῖνο
1372 1149 1486 1173 σκοπεῖν
1506 1147 1592 1180 ἄξιον,
1622 1147 1663 1174 ὅτι
1687 1147 1717 1173 οὑ
1748 1147 1815 1182 περὶ

1017 1189 1116 1221 λέξεών
1132 1191 1206 1217 ἔστιν
1227 1191 1293 1226 ἡμῖν
1318 1191 1348 1218 τὺ
1363 1192 1634 1228 ἀμφισϐητούμενον,
1655 1193 1723 1220 ἀλλὰ
1747 1192 1815 1227 περὶ

1017 1236 1064 1261 τοῦ
1094 1237 1194 1272 τρόπου
1222 1237 1269 1264 τοῦ
1298 1237 1361 1263 ὅλου
1393 1239 1465 1264 κατὰ
1493 1239 1612 1274 Χριστὸν
1648 1239 1813 1273 μυστηρίου.

1019 1280 1103 1307 Τοῦτο
1132 1282 1160 1308 δὲ
1185 1282 1234 1317 οὐχ
1260 1283 1353 1315 ἁπλῶς
1369 1284 1401 1310 ἐκ
1416 1283 1496 1319 τῆσδε
1511 1284 1526 1319 ἢ
1540 1284 1620 1318 τῆσδε
1638 1284 1686 1319 τῆς
1700 1284 1812 1317 λέξεως,

1017 1327 1033 1362 ἢ
1054 1327 1132 1354 ἐνίων
1149 1329 1280 1363 ῥημάτων
1295 1329 1368 1356 ἔστιν
1383 1330 1533 1365 ἐγκρίνειν,
1557 1330 1573 1365 ἢ
1599 1330 1812 1366 διαγράφεσθαι,

1017 1373 1074 1399 ἀλλ’
1092 1374 1124 1399 ἐκ
1139 1374 1192 1399 τῶν
1207 1375 1322 1410 πρώτων
1338 1376 1440 1410 ἀρχῶν.
1457 1377 1525 1412 Περὶ
1543 1376 1598 1411 γὰρ
1616 1377 1718 1408 ταύτας
1735 1379 1813 1403 πᾶσα

1017 1419 1122 1454 αἵρεσις
1138 1419 1337 1453 διαστασιάζει,
1361 1421 1423 1446 ἐπεὶ
1442 1421 1511 1456 μετὰ
1532 1421 1580 1453 τὰς
1597 1422 1683 1457 ἀρχὰς
1709 1422 1812 1454 πάντες

1017 1465 1083 1491 πᾶσι
1101 1465 1174 1491 κατὰ
1192 1465 1240 1496 τὰς
1260 1465 1348 1499 λέξεις
1364 1467 1564 1502 συμφέρονται,
1587 1468 1625 1498 ὼς
1651 1468 1698 1493 καὶ
1719 1468 1812 1494 αὐτῶν

1016 1510 1069 1535 τῶν
1094 1509 1210 1544 Γραφῶν
1238 1510 1288 1542 τὰς
1320 1511 1408 1544 λέξεις
1432 1512 1652 1546 σφετερίζεσθαι,
1673 1513 1741 1547 πρὸς
1764 1513 1811 1539 τὸν

1016 1557 1116 1582 οἰκεῖον
1131 1556 1232 1587 ταύτας
1252 1556 1352 1583 σκοπὸν
1369 1557 1586 1592 ὲφαρμόζοντας.
1603 1557 1682 1588 Τίνες
1697 1558 1724 1584 δέ
1740 1559 1811 1584 εἰσιν

178 1609 238 1627 rum
247 1601 394 1635 principia?
402 1601 499 1629 modus
508 1602 613 1629 scilicet
621 1603 732 1630 unionis
740 1605 892 1631 secundum
900 1605 963 1631 sub-

1017 1603 1043 1628 αἰ
1058 1602 1160 1628 τούτων
1174 1602 1282 1637 ἀρχαί;
1314 1604 1328 1629 ὀ
1349 1604 1450 1638 τρόπος
1475 1603 1575 1638 δηλαδὴ
1599 1603 1649 1638 τῆς
1675 1603 1808 1636 ὲνὼσεως,

177 1647 353 1678 stantiam,ct
363 1647 516 1674 secundum
528 1648 718 1675 habitudinem
734 1649 822 1676 factus
833 1659 839 1682 ;
852 1655 882 1676 ut
891 1656 963 1677 esset

179 1692 206 1718 in
222 1691 392 1719 humanitate
403 1693 522 1727 perfecta
533 1693 655 1720 Verbum
669 1694 741 1728 quod
754 1694 780 1720 in
793 1695 870 1722 nobis
881 1695 963 1722 homo

178 1738 295 1765 interior
315 1738 466 1765 secundum
490 1739 652 1773 Apostolum
667 1739 850 1774 συνυφεστὼς,
868 1741 894 1768 id
910 1745 962 1774 est,

178 1782 394 1814 consubsistens,
416 1786 444 1809 et
459 1782 494 1809 ad
512 1783 597 1810 totius
609 1783 800 1811 deﬁnitionem
823 1785 964 1819 pertinens

178 1832 239 1862 post
254 1827 395 1861 unionem,
408 1829 479 1855 sicut
492 1829 589 1855 Patres
599 1830 646 1864 qui
662 1830 775 1857 Paulum
790 1831 964 1859 Samosalen-

178 1879 235 1899 sem
252 1872 417 1907 deposuere,
434 1873 626 1901 enuntiarunt.

215 1944 269 1980 Sed
288 1960 378 1987 neque
391 1960 438 1980 eos
450 1953 497 1987 qui
514 1961 530 1981 e
540 1954 680 1981 contrario
692 1954 772 1982 nobis
783 1960 856 1984 stant
869 1961 964 1986 contra

177 1997 403 2033 veritatem,qui
415 2006 497 2026 voces
526 1999 591 2030 sibi,
617 2004 648 2028 ut
676 2000 856 2034 arbitrantur,
887 2008 964 2038 aptas

179 2042 333 2077 proferunt,
350 2051 490 2077 curamus,
505 2048 635 2079 tanquam
654 2045 696 2073 eis
710 2053 761 2073 nos
775 2051 886 2075 utentes
901 2055 964 2076 cum

177 2087 255 2121 ipsis,
272 2091 319 2114 aut
343 2085 480 2116 ﬁctionem
497 2093 612 2123 naturae,
627 2095 676 2118 aut
691 2091 883 2120 confusionem
898 2101 963 2128 pro-

178 2133 314 2165 liteamur,
330 2140 420 2168 neque
442 2142 502 2169 qum
512 2142 528 2162 a
542 2135 623 2163 nobis
647 2136 713 2170 ipsis
727 2137 916 2171 proferuntur,
929 2138 963 2166 ad

176 2177 389 2211 defendendam,
407 2187 490 2214 quam
512 2181 625 2215 putatis,
646 2181 784 2209 ﬁctionem
799 2183 962 2217 divinitatis,

175 2229 223 2251 aut
234 2233 332 2252 vanam
343 2233 420 2260 spem
434 2230 554 2254 vestram
570 2227 598 2254 in
615 2227 727 2255 homine
738 2236 818 2262 puro,
831 2233 962 2265 tanquam

1014 1648 1152 1679 οὐσιωδῶς
1166 1648 1223 1674 ἀλλ’
1238 1649 1269 1674 οὐ
1295 1648 1427 1683 σχετικῶς
1452 1649 1593 1683 γεγονώςθ
1618 1649 1656 1682 ὡς
1680 1648 1750 1676 slva.
1780 1651 1810 1676 ὲν

1014 1695 1047 1729 τῇ
1062 1694 1152 1729 τελείᾳ
1165 1694 1355 1729 ἁνθρωπὸτητι
1374 1694 1420 1721 τὺν
1437 1695 1533 1729 Λόγον,
1558 1696 1626 1731 ὅπερ
1646 1696 1675 1722 ὲν
1698 1697 1763 1731 ἡμῖν
1794 1697 1810 1723 ό

1014 1738 1068 1766 ἔσω
1084 1739 1226 1774 ἅνθρωπος
1242 1740 1311 1766 κατὰ
1332 1740 1380 1766 ’τὸν
1410 1741 1570 1768 Ἀπόστολον
1596 1741 1808 1775 συνυρεστὼς,

1015 1786 1063 1813 καὶ
1074 1787 1115 1818 εἰς
1127 1786 1175 1812 τὸν
1189 1786 1238 1813 τοῦ
1253 1787 1315 1813 ὅλου
1327 1787 1390 1822 ὅρον
1402 1788 1537 1814 συντελεῖν
1552 1789 1620 1823 μετὰ
1636 1789 1685 1822 τὴν
1698 1788 1807 1820 ἕνωσιν,

1015 1832 1087 1859 καθὰ
1103 1832 1150 1858 καὶ
1169 1833 1195 1859 οἱ
1210 1832 1256 1860 τὸν
1273 1833 1435 1868 Σαμοσατέα
1447 1833 1671 1868 στηλιτεύσαντες
1686 1834 1808 1869 Πατέρες

1014 1875 1197 1911 ἀπεφήναντο.

1049 1955 1121 1982 Ἀλλ’
1138 1955 1200 1983 οὔτε
1212 1956 1268 1983 τῶν
1281 1956 1313 1983 ὲκ
1326 1956 1475 1992 διαμέτρου
1489 1958 1554 1992 ἡμῖν
1569 1957 1637 1992 πρὸς
1660 1959 1710 1993 τὴν
1739 1959 1807 1994 ἁλή-

1014 2000 1090 2028 θειαν
1100 2002 1262 2036 ἱσταμένων,
1273 2002 1333 2034 τὰς,
1343 2002 1381 2033 ὡς
1389 2002 1503 2035 οἴονται,
1512 2003 1702 2037 ἁρμοττούσας
1713 2004 1808 2035 αὐτοῖς

1014 2047 1208 2082 προφερόντων
1246 2048 1469 2084 ἐπιδ-τρεφόμεθα
1485 2055 1493 2063 ⁸
1529 2048 1566 2079 ὡς
1601 2048 1726 2075 ἐντεῦθεν
1755 2050 1807 2083 τὴν

1013 2092 1125 2128 δόκησιν
1139 2094 1186 2120 καὶ
1200 2093 1250 2128 τὴν
1268 2093 1428 2128 φαντασίαν,
1444 2093 1461 2128 ἢ
1476 2094 1525 2128 τὴν
1551 2092 1668 2128 τροπὴν
1683 2093 1730 2119 καὶ
1755 2094 1807 2128 τὴν

1015 2138 1157 2173 σύγχυσιν,
1186 2139 1244 2174 μετ’
1270 2138 1360 2165 αὐτῶν
1384 2139 1458 2173 ἡμᾶς
1481 2138 1643 2173 πρεσϐεύειν
1658 2146 1666 2152 ·
1690 2137 1753 2164 οὔτε
1776 2137 1807 2164 δὲ

1014 2183 1173 2219 παρ’ὑμῶν
1190 2183 1290 2217 αὐτῶν,
1307 2183 1345 2216 ὡς
1375 2183 1409 2210 ἂν
1440 2183 1545 2218 οἴησθε,
1574 2184 1614 2215 εὶς
1641 2184 1808 2219 συνηγορίαν

1013 2231 1063 2266 τῆς
1086 2230 1158 2258 κατὰ
1181 2231 1366 2266 τὴν.θεότητα
1390 2232 1551 2265 φαντασίας,
1569 2231 1585 2266 ἢ
1605 2232 1655 2265 τῆς
1673 2233 1743 2258 κατὰ
1759 2233 1807 2259 τὸν

175 2278 189 2296 a
202 2269 328 2298 Patribus
345 2270 464 2305 prolata,
483 2271 670 2306 admittimus;
687 2273 763 2308 quia,
779 2277 810 2300 ut
824 2274 891 2308 dixi,
907 2283 963 2302 non

1017 2277 1092 2312 ψιλὸν
1111 2277 1264 2313 ἄνθρωπον,
1292 2277 1370 2312 ὑμῶν
1385 2277 1502 2312 ματαίας
1516 2277 1634 2309 ἐλπίδος,
1648 2278 1686 2308 ὡς
1703 2278 1736 2304 ὲκ
1749 2278 1807 2304 τῶν

174 2315 209 2343 de
224 2316 339 2344 vocibus
349 2316 430 2344 nobis
440 2321 483 2344 est
493 2317 668 2352 disceptatio,
677 2318 724 2346 sed
738 2318 773 2346 de
787 2319 854 2354 ipsis
865 2320 960 2353 rebus,

174 2366 203 2389 et
223 2362 321 2390 harum
344 2363 457 2396 unione,
482 2368 511 2390 et
536 2364 656 2391 naturali
683 2364 856 2399 cohmsione,
878 2375 961 2401 quam

175 2409 269 2437 Patres
283 2409 435 2437 secundum
460 2409 642 2438 substantiam
660 2410 760 2438 factam
781 2419 843 2440 esse
868 2421 963 2441 sense-

175 2459 240 2481 runt
260 2463 332 2483 :vos
360 2460 452 2483 autem
479 2456 630 2484 secundum
656 2457 847 2486 habitudinem
870 2463 899 2486 et
912 2467 963 2487 vo-

173 2499 307 2528 luntatem
332 2509 393 2529 eam
422 2501 598 2530 introducitis
620 2511 627 2529 :
649 2507 677 2530 et
700 2503 752 2531 ista
781 2505 883 2533 unione
913 2513 962 2534 an-

174 2545 384 2580 thropolatriam
413 2555 463 2583 per
489 2548 544 2575 vim
570 2548 695 2581 munitis,
725 2557 781 2584 quo
810 2550 876 2584 quid
900 2559 960 2579 esse

175 2595 265 2625 potest
277 2592 362 2627 magis
374 2593 508 2628 impium?
519 2593 610 2621 Solius
620 2594 693 2621 enim
711 2594 861 2629 impietatis
871 2596 958 2629 Pauli,

174 2637 308 2670 Marcelli,
332 2639 453 2672 Photini,
483 2639 602 2667 Nestorii
620 2644 651 2668 et
674 2640 812 2668 Theodori
837 2645 897 2669 erat
922 2643 962 2670 sic

173 2683 288 2715 sentire,
304 2684 350 2718 qui
367 2690 462 2719 aperte
472 2685 613 2712 Christum
626 2686 766 2713 hominem
783 2691 888 2714 tantum
900 2695 961 2715 esse

173 2729 340 2757 deﬁnierunt
355 2739 362 2757 :
376 2731 449 2765 quod
465 2731 578 2765 quidem
596 2732 787 2767 unusquisque
802 2733 920 2768 private,
934 2739 962 2761 et

175 2771 201 2798 in
226 2782 372 2803 commune
393 2784 489 2802 omnes
511 2776 597 2803 divini
608 2777 741 2805 Ecclesiae
759 2779 883 2814 magistri
894 2788 962 2807 con-

174 2818 252 2845 cordi
267 2821 404 2847 sententia
415 2826 581 2848 accusarunt
591 2823 820 2858 ctcxploscrunt;
833 2833 864 2853 ac
876 2827 962 2855 maxi-

1013 2323 1144 2358 Πατέρων
1161 2322 1355 2358 προφερόμενα
1371 2322 1542 2358 προσιέμεθα
1555 2330 1562 2337 ·
1589 2323 1748 2358 ἐπειδήπερ,
1766 2323 1807 2354 ὡς

1012 2368 1090 2403 ἔφην,
1109 2368 1147 2403 μὴ
1163 2368 1227 2403 περὶ
1241 2368 1342 2401 λέξεων
1355 2369 1371 2403 ἡ
1386 2368 1508 2404 διαμάχη
1527 2368 1601 2395 ἐστὶν
1628 2370 1704 2404 ἡμῖν,
1735 2369 1806 2396 ἀλλὰ

1013 2415 1076 2450 περὶ
1091 2414 1181 2442 αὐτῶν
1197 2415 1252 2441 τῶν
1263 2415 1446 2450 πραγμάτων,
1463 2417 1510 2442 καὶ
1533 2417 1582 2450 τῆς
1611 2415 1679 2451 πρὸς
1699 2415 1806 2451 ἄλληλα

1012 2461 1116 2488 τούτων
1130 2461 1256 2494 ὲνώσεώς
1274 2470 1303 2488 τε
1321 2462 1368 2489 καὶ
1393 2463 1543 2497 συμφυΐας,
1566 2462 1600 2497 ἢν
1627 2462 1651 2488 οἱ
1681 2463 1805 2497 ﬂectes;

1011 2507 1150 2539 οὐσιωδῶς
1164 2507 1329 2543 γεγενῆσθαι
1343 2508 1508 2543 ἐφρόνησαν,
1528 2508 1605 2544 ὑμεῖς
1627 2508 1655 2534 δὲ
1675 2510 1804 2543 σχετικὴν

1012 2560 1042 2578 τε
1058 2553 1106 2579 καὶ
1119 2553 1263 2589 γνωμικὴν
1277 2553 1381 2589 ταύτην
1394 2554 1529 2588 εἰσάγετε,
1557 2554 1604 2580 καὶ
1627 2553 1671 2580 διὰ
1699 2553 1804 2588 ταύτης

1013 2599 1062 2634 τὴν
1072 2599 1330 2636 άνθρωπολατρεῑαν
1342 2601 1487 2636 κρατύνειν
1501 2600 1626 2636 βιάζεσθε
1643 2609 1651 2616 ·
1662 2596 1702 2628 ὀὗ
1720 2601 1746 2628 τί
1770 2601 1804 2628 ἄν

1012 2643 1116 2678 γένοιτο
1130 2645 1309 2681 ἀσεϐέστερον
1324 2654 1331 2679 ;
1346 2647 1402 2680 Τῆς
1419 2647 1472 2682 γὰρ
1486 2646 1593 2673 Παύλου
1610 2646 1657 2672 καὶ
1672 2647 1804 2682 Μαρκέλ-

1012 2689 1070 2723 λου,
1092 2691 1226 2718 Φωτεινοῦ
1250 2700 1280 2718 τε
1305 2692 1352 2719 καὶ
1370 2692 1519 2728 Νεστοριου
1531 2693 1577 2720 καὶ
1589 2692 1727 2726 Θεοδώρου
1741 2692 1804 2718 δυο-ς

1014 2737 1120 2768 σεὸείας
1136 2737 1220 2773 μόνης
1233 2738 1267 2765 τὰ
1281 2739 1393 2766 τοιαῦτα
1422 2741 1542 2775 φρονεῖν,
1564 2739 1619 2766 τῶν
1652 2739 1730 2774 ea)»
1756 2740 1805 2766 ἄν-

1013 2782 1122 2818 θρωπον
1149 2784 1193 2810 τὸν
1221 2785 1337 2820 Χριστὸν
1358 2785 1489 2822 ἄντικρυς
1507 2786 1715 2821 διορισαμένων,
1729 2787 1805 2820 ἅπερ

1015 2829 1068 2864 ἰδίᾳ
1083 2838 1112 2856 τε
1128 2829 1252 2864 ἕκαστος,
1267 2831 1313 2858 καὶ
1331 2833 1406 2868 κοινῇ
1431 2832 1532 2865 πάντες
1553 2833 1577 2859 οἱ
1598 2831 1726 2867 θεηγόροι
1751 2832 1803 2866 τῆς
