1973 3098
141 155 208 189 1381

603 156 689 186 ADV.
708 153 1064 186 INCORRUPTICOLAS
1083 153 1131 184 ET
1150 154 1311 186 NESTOR-

1705 153 1774 187 1382

145 213 309 247 Ἑκκλησίας
325 211 514 249 μυσταγωγοὶ,
540 211 692 247 ὁμόφροσιν
714 211 867 246 ἀποφάσεσι
891 211 929 238 δι-

984 218 1026 238 me
1049 216 1188 245 postrema
1217 211 1342 238 omnium
1362 210 1530 247 synodorum
1552 215 1772 247 antegressarum

138 257 263 293 ἔγραψαν
285 266 315 284 τε
341 258 389 284 καὶ
404 256 582 292 ὰπεκήρυξαν
596 265 604 273 ·
618 258 664 283 καὶ
680 257 796 291 μάλιστα
811 257 826 291 ἡ
840 256 934 283 τελευ-

138 304 202 330 ταία
221 303 328 336 πασῶν,
355 304 402 330 καὶ
428 303 483 330 τῶν
514 303 567 338 πρὸ
593 303 678 336 αὐτῆς
704 304 789 336 ἁγίων
816 302 933 329 συνόδων

141 350 260 385 σφραγὶς
272 350 406 384 γενομένη
424 349 496 376 κατὰ
510 350 559 384 τὴν
575 349 779 382 Χαλκηδονέον,
794 349 810 384 ἢ
830 348 876 374 καὶ
886 349 932 374 τὴν

140 395 273 429 ὑμέτερον
283 395 332 429 τῆς
347 395 471 424 ἀσεϐείας
485 394 615 429 πρόῧολον
625 394 726 420 τέλειον
738 394 930 426 καταλέλυκεν,

138 441 169 467 τό
182 450 210 466 τε
221 442 270 475 τῆς
287 441 405 471 πίστεως
422 440 558 474 σύμϐολον
580 439 730 475 κρατύνας,
753 440 801 465 καὶ
815 440 859 465 τὸν
880 440 931 474 τῆς

138 486 266 517 ὰσεῦείας
285 487 361 520 ὑμῶν
378 485 555 520 καθαιρέαην,
571 485 710 519 λαμπραῖς
735 484 931 519 ἀνακηρύξασα

138 533 199 563 ταῖς
216 531 377 565 εὐφημίαις,
404 531 451 557 καὶ
477 531 522 556 τὸν
544 530 630 560 ὅντως
656 530 757 563 Λέοντα
784 530 855 556 κατὰ
881 531 930 564 τῆς

137 577 248 611 δολερᾶς
265 577 400 611 Εὑτυχέος
422 577 565 607 ἀλώπεκος
591 576 775 608 ἐξαναστάντα
807 575 928 605 δικαίως,

981 256 1102 292 sigillum
1117 261 1144 284 et
1154 256 1318 291 obsignatio,
1331 264 1392 291 quae
1403 261 1525 284 vestrum
1535 258 1772 293 propugnaculum

981 302 1131 337 impietatis
1146 302 1271 329 funditus
1295 302 1406 334 evertit,
1427 307 1455 330 et
1471 304 1625 339 symbolum
1645 304 1708 331 ﬁdei
1725 312 1772 331 ro—

978 347 1098 378 boravit.
1122 351 1205 381 atque
1223 351 1323 374 vestrae
1352 348 1501 381 impietatis
1518 356 1685 381 eversorem,
1707 348 1772 375 illu~

982 392 1088 419 stribus
1114 392 1261 426 praeconiis
1286 392 1446 426 praedicavit
1469 401 1533 420 vere
1562 393 1694 425 Leonem,
1723 393 1772 428 qui

981 442 1076 464 contra
1094 437 1244 472 Eutycltem
1256 437 1378 464 dolosam
1392 438 1582 473 vulpemjuste
1598 439 1771 472 surrexit,‘et

981 484 1102 510 abditam
1133 484 1302 518 impietatem
1321 484 1556 511 confutationibus
1576 485 1721 520 dissipavit
1742 489 1772 512 et

981 530 1126 562 exstinxit;
1143 538 1224 564 quem
1241 530 1362 565 synodus
1379 530 1507 558 laudibus
1523 538 1584 565 qua:
1602 538 1666 557 eum
1686 530 1769 558 dece-

979 575 1057 605 bant.
1072 575 1232 603 celebravit.

139 623 185 649 καὶ
215 622 264 657 τὴν
288 623 484 657 κρυπτομένην
510 621 649 653 ἁσέὁειαν,
677 623 733 652 τοῖς
760 621 925 655 ἐλεγκτικοῖς
945 621 1135 648 διασπάσαντά
1164 630 1194 647 τε
1218 621 1265 647 καὶ
1294 621 1469 657 νεκρώσαντα
1491 622 1589 656 λόγοις,
1615 623 1676 653 ταῖς
1700 630 1770 657 πρε-

139 668 252 700 πούσαις
268 668 342 703 αὐτῷ
353 668 598 699 κατεστεφάνωσαν
613 668 715 700 δόξαις.

174 715 239 741 MB'.
264 714 332 740 Ἀλλ’
349 715 446 740 ἐκεῖνοι
463 717 522 748 μὲν,
539 716 616 748 φασὶ,
631 713 851 748 κατεκρίθησαν,
866 713 927 740 τού-

139 769 193 786 των
211 760 240 786 δὲ
265 760 353 790 οὐδεὶς
380 760 617 793 κατέγνο).Τοῦτο,
632 757 654 785 ὦ
672 760 814 794 βέλτιστοι,
831 759 881 785 οὐκ
896 760 928 785 ἐκ

139 805 185 831 τοῦ
203 805 263 831 καθ’
278 805 390 835 ἑαυτοὺς
408 804 486 839 ἔσχον
499 805 657 839 ἀμέμπτου,
672 805 729 830 ἀλλ’
744 806 775 831 ἐκ
791 804 838 830 τοῦ
863 804 928 838 σφό-

139 851 191 885 δρα
208 851 237 877 τὸ
252 850 346 877 λαϐεῖν
362 850 540 884 ἐπιτηδεῦσαι
558 858 564 865 ·
581 851 610 876 οὐ
631 852 685 884 γὰρ
700 851 739 881 είς
756 850 870 880 πολλοὺς
882 850 928 876 ὲκ-

140 896 245 929 φαίνειν
267 896 402 929 ὑπέμενον
423 895 473 931 τὴν
495 895 632 926 ἀσέϐειαν,
664 896 705 922 ὃτι
730 896 791 930 μηδ’
809 894 929 929 ἀσφαλὲς

140 943 232 973 αὐτοῖς
257 941 336 967 τοῦτο
354 941 512 975 ἐγίνωσκον.
530 943 583 968 Καὶ
603 942 689 972 ἄλλως
706 943 721 976 ἡ
745 941 799 967 τῶν
821 941 940 972 ’Λρειαη

140 988 193 1014 νῶν
215 988 276 1014 τότε
301 988 505 1022 φλεγμαίνουσα
529 988 650 1023 αἵρεσις,
665 989 712 1015 καὶ
727 987 820 1022 ὥσπερ
846 985 929 1021 ἀγρία

142 1032 208 1067 φλδξ
222 1034 357 1069 νεμομένη
383 1035 431 1065 τὰς
449 1034 621 1068 Ἑκκλησίας,
640 1034 736 1069 σχολὴν
753 1033 801 1068 μὲν
816 1034 929 1067 παρεῖχε

143 1078 260 1111 πολλοῖς,
277 1080 345 1114 ἀτὰρ
365 1079 398 1114 δὴ
423 1080 615 1115 Ἀπολιναρίῳ,
631 1081 698 1110 τέως
715 1078 748 1106 αὖ
772 1080 819 1105 καὶ
838 1080 928 1105 Μακε-
942 1108 946 1112 ,

135 1125 220 1160 ,δονίῳ
240 1125 270 1150 τὸ
285 1125 476 1160 βλασφημοῦσι
490 1125 644 1152 λανθάνειν.
661 1126 716 1152 Καὶ
731 1125 761 1151 τὸ
778 1125 826 1159 τῆς
843 1126 929 1160 ἰατρι-

142 1171 194 1205 κῆς
211 1172 268 1197 ἐστι
287 1171 377 1203 καλῶς
394 1171 511 1198 ἐνταῦθα
524 1171 612 1205 λέγειν
623 1193 630 1204 ,
646 1172 683 1202 ὡς
698 1171 744 1197 δύο
763 1171 853 1197 πόνων
869 1171 929 1196 ἐπι-

143 1215 314 1250 κρατούντων
339 1217 367 1241 ὲν
387 1215 504 1250 σώματι,
518 1215 532 1240 ό
549 1215 726 1249 σςςοδρότερος
744 1216 863 1250 ἀμαυροῖ
884 1215 930 1241 τὶν

143 1260 280 1287 ἐλάττονα,
299 1260 390 1296 Ταύτῃ
414 1260 468 1294 γὰρ
491 1260 538 1287 καὶ
562 1261 749 1295 Ἀπολιναριος
771 1260 864 1292 ὤσπερ
889 1269 930 1291 τις

144 1305 230 1340 σπλὴν
253 1305 369 1340 ηῠξανεν
385 1306 440 1341 (ἵνα
467 1307 538 1332 κατὰ
563 1306 609 1332 τὸν
636 1306 766 1340 ὑμέτερον
789 1306 929 1340 ὑποφήτην

145 1351 224 1380 εἴπω.
242 1351 288 1377 καί
309 1359 336 1377 τι
352 1351 402 1377 κὰν
417 1353 473 1382 τοῖς
489 1351 610 1385 ἐλέγχοις
626 1352 690 1385 ὑμῖν
703 1351 885 1386 χαρίσωμαι),
902 1352 929 1378 ἑν

144 1396 177 1430 τῇ
203 1395 249 1421 τοῦ
268 1396 327 1421 ὅλου
352 1395 480 1430 σώματος
502 1398 688 1430 κακοπραγίᾳ,
705 1396 735 1422 τὸ
753 1396 828 1430 παρὰ
849 1396 930 1429 φύσιν

145 1441 356 1476 προσκτώμενος
374 1441 500 1476 μὲγεΟο-.
518 1441 563 1476 Τῷ
581 1442 654 1476 αὐτῷ
677 1441 709 1474 δὴ
728 1442 930 1476 παραδείγματι

145 1488 193 1514 καὶ
208 1488 238 1513 τὺ
254 1488 387 1523 ὑμέτερον
400 1487 587 1523 παραϐάλλειν
602 1487 665 1522 ἕλω.
687 1487 718 1513 Ἦ
733 1488 786 1522 γὰρ
802 1488 855 1513 τῶν
872 1488 927 1513 Πα-

144 1534 232 1569 τέρων
244 1535 306 1568 περὶ
322 1535 356 1560 τὰ
371 1534 583 1567 ἀναγκαιότατα,
601 1534 646 1560 καὶ
670 1533 787 1567 μάλιστα
803 1532 930 1558 κατεπεί-

1014 710 1096 737 XIJI.
1113 711 1146 737 At
1159 710 1197 736 illi
1210 710 1330 744 quidem,
1345 711 1473 745 inquiunt
1486 711 1542 742 isti.
1555 711 1678 738 damnati
1694 716 1768 744 sunt,

980 757 1078 783 horum
1089 763 1155 783 vero
1170 756 1273 782 nullus.
1290 756 1357 788 Hoc,
1379 763 1396 783 ο
1414 756 1477 783 boni
1492 757 1556 787 viri,
1573 764 1628 784 non
1643 765 1677 784 ex
1691 758 1771 784 iuno-

979 803 1069 829 centia
1086 805 1273 836 reportarunt,
1288 802 1334 829 sed
1352 809 1386 828 ex
1413 802 1500 828 nimio
1527 803 1618 829 studio
1643 804 1726 838 quod,
1741 808 1769 830 ut

979 847 1108 879 laterent,
1124 847 1311 874 adhibuerunt
1327 856 1334 874 :
1351 855 1405 874 non
1430 848 1504 874 enim
1528 849 1707 882 patiebantur
1728 849 1769 877 cf-

980 892 1047 919 I'erri
1063 892 1090 918 in
1106 892 1202 926 vulgus
1220 892 1400 926 impietatem.
1417 893 1481 926 quia
1502 901 1590 927 neque
1608 893 1660 920 sibi
1678 898 1768 920 tutum

981 945 1042 965 esse
1073 937 1206 965 sciebant.
1234 938 1368 964 Praeterea
1381 937 1483 964 Ariana
1506 942 1571 965 tunc
1584 938 1695 965 haeresis
1712 939 1768 965 fer-

980 991 1059 1017 vens,
1076 989 1104 1011 et
1120 989 1248 1018 tauquam
1270 984 1420 1010 vehemens
1433 983 1540 1011 ﬂamma
1560 985 1700 1012 Ecclesias
1719 985 1770 1012 de-

981 1037 1107 1065 pascens.
1127 1030 1221 1056 multis
1235 1030 1323 1056 otium
1344 1029 1421 1056 dedit
1435 1030 1467 1056 ad
1484 1030 1624 1057 latendum
1651 1031 1767 1063 interea,

981 1081 1012 1103 ut
1033 1075 1206 1110 Apollinario
1221 1080 1248 1102 et
1270 1075 1432 1102 Macedonio
1454 1076 1556 1110 impiis.
1570 1076 1707 1104 Convertit
1724 1077 1770 1104 hic

981 1123 1047 1150 illud
1077 1122 1104 1149 in
1132 1127 1191 1150 arte
1209 1123 1351 1150 medicinae
1378 1123 1471 1154 tritum
1489 1123 1582 1150 dicere
1600 1124 1689 1150 :Cum
1713 1124 1769 1151 duo

980 1169 1069 1196 morbi
1098 1169 1124 1196 in
1151 1177 1267 1204 corpore
1285 1170 1455 1196 dominatum
1467 1168 1606 1201 obtinent.
1622 1171 1769 1198 vehemen-

981 1215 1035 1242 tior
1052 1215 1183 1242 obscurat
1211 1215 1359 1242 minorem.
1373 1215 1427 1242 [Iac
1442 1216 1546 1242 ratione
1558 1220 1586 1242 et
1605 1216 1649 1242 via
1667 1216 1769 1250 Apolli-

981 1262 1076 1288 narius
1092 1266 1219 1295 tanquam
1235 1262 1345 1296 quidam
1363 1262 1439 1296 splen
1455 1262 1542 1288 crevit
1560 1266 1600 1295 (ut
1615 1263 1768 1290 secundum

981 1311 1103 1337 vestrum
1122 1307 1261 1334 doctorem
1287 1308 1386 1338 dicam,
1410 1311 1438 1334 et
1454 1308 1556 1342 aliquid
1582 1308 1664 1334 etiam
1681 1309 1708 1335 in
1725 1316 1770 1335 ar-

981 1353 1090 1387 guendo
1119 1353 1199 1379 vobis
1227 1353 1348 1387 largiar),
1370 1353 1396 1380 in
1414 1354 1499 1380 totius
1510 1355 1635 1388 corporis
1654 1359 1769 1388 aegrota-

981 1398 1055 1425 tione
1073 1398 1288 1432 magnitudinem
1311 1403 1410 1432 prtelcr
1435 1403 1562 1425 naturam
1579 1400 1699 1433 capiens.
1716 1400 1769 1426 Eo-

980 1443 1042 1470 dem
1072 1444 1197 1478 cxemplo
1225 1451 1335 1478 possum
1370 1448 1461 1471 vestra
1484 1444 1621 1471 conferre.
1639 1445 1767 1472 Studium

980 1488 1091 1515 Patrum
1108 1489 1134 1514 in
1149 1488 1264 1514 inasime
1279 1483 1443 1515 necessariis
1466 1493 1494 1516 et
1519 1489 1636 1517 maxime
1664 1498 1768 1525 urgen—

981 1532 1055 1559 tibus
1072 1533 1154 1559 rebus
1170 1537 1344 1567 occupatum,
1361 1533 1437 1564 fecit,
1462 1538 1491 1560 ut
1507 1539 1603 1561 vestra:
1616 1535 1768 1569 impietatis

144 1589 227 1614 γοντα
240 1580 352 1614 σπουδὴ,
370 1579 462 1606 λαϐεῖν
474 1580 537 1611 τοὺς
557 1580 705 1614 ὑμετέρους
731 1579 779 1613 τῆς
802 1579 928 1610 ἁσεὸείας

982 1582 1107 1611 parentes
1118 1581 1145 1603 et
1161 1583 1289 1605 auctores
1299 1578 1426 1609 lateri-nt.
1441 1581 1594 1613 prtesertim
1614 1587 1676 1607 cum
1691 1581 1718 1607 in
1734 1581 1769 1608 iis

143 1627 291 1661 προγόνους
302 1626 518 1661 παρεσκεύασεν,
535 1627 581 1652 καὶ
593 1625 707 1661 μάλιστα
729 1626 824 1652 πλατττ
833 1626 929 1660 μένους

143 1672 191 1707 τὴν
207 1673 235 1697 ὲν
254 1673 311 1704 τοῖς
339 1673 404 1707 περὶ
426 1673 541 1708 Τριάδος
568 1673 616 1698 σὺν
638 1673 730 1703 αὐτοῖς
746 1668 865 1705 ἀγωνίαν
882 1671 929 1697 καὶ

143 1718 369 1754 ἀντιπαράταξιν,
395 1719 441 1744 καὶ
469 1718 595 1745 ἐντεῦθεν
624 1718 791 1749 κλέπτοντάς
819 1727 849 1744 τε
880 1718 929 1752 τὴν

143 1762 259 1795 εὔνοιαν,
285 1764 333 1790 καὶ
355 1763 394 1797 τῷ
413 1763 463 1798 τῆς
483 1763 672 1798 ὁμοφροσύνης
694 1763 870 1798 προσχήματι
901 1762 930 1788 τὸ

143 1808 236 1835 λαϐεῖν
266 1808 456 1842 προπίνοντας.
475 1808 655 1843 Δυσιξώρατον
681 1808 736 1843 γὰρ
758 1809 774 1842 ἡ
801 1809 928 1843 πονηρία,

145 1853 253 1885 εὐνοίας
268 1854 432 1888 προσωπείῳ
446 1853 654 1888 κεκαλυμμένη.
694 1880 699 1885 ,

179 1899 246 1926 MF’.
269 1899 344 1925 Ἐπεὶ
360 1900 388 1925 ὲν
403 1899 443 1935 τῷ
459 1899 530 1925 κατὰ
548 1898 593 1924 τὸν
606 1899 820 1933 δυστυχέστατον
835 1898 931 1925 N5616-

146 1953 203 1980 ριον
221 1943 374 1978 ἀναθέματι
390 1944 542 1979 (δυστυχὴς
559 1944 613 1979 γάρ
638 1944 711 1970 ἐστιν
739 1944 833 1975 ὅντως,
852 1945 930 1978 μόνος

144 1990 191 2016 τοῦ
206 1990 287 2024 φόνου
301 1989 350 2025 τὴν
372 1989 451 2025 δίκην
474 1988 611 2024 ὑποσχὼν,
629 1989 692 2024 παρ’
705 1989 801 2020 ἄλλων,
853 1997 928 2023 φασι,

144 2038 175 2063 τὸ
194 2036 268 2070 ξίφος
285 2036 504 2071 κεκομισμένος)
521 2036 567 2061 καὶ
591 2035 667 2061 αὐτοὶ
690 2034 928 2069 συνεκῦἑόληνται.

151 2083 194 2109 Ἐν
212 2082 266 2117 γὰρ
281 2082 320 2116 τῷ
338 2081 458 2116 μαθητῇ,
474 2080 523 2115 τῷ,
534 2081 607 2116 ὼςὴ
625 2081 721 2116 Γραφή
738 2088 815 2116 φησι,
829 2089 930 2116 κατηρ-

143 2129 262 2164 τισμένῳ
290 2127 360 2154 κατὰ
386 2128 432 2154 τὸν
453 2127 623 2159 διδάσκαλον,
659 2127 720 2158 τοὺς
743 2127 847 2152 ἑαυτῶν
880 2127 930 2152 πό-

143 2183 205 2206 νους
235 2173 390 2208 ἐδρέψαντο.
404 2173 499 2199 Καίτοι
520 2173 566 2199 καὶ
594 2173 617 2198 εί
649 2172 729 2198 τοῦτο
752 2172 845 2207 ζητοίη
876 2181 928 2204 τις,

142 2219 253 2254 εὑρήσει
267 2219 313 2244 καὶ
328 2218 438 2250 αὐτοὺς,
459 2218 496 2248 ὡς
522 2218 629 2252 γραφὴν
643 2217 720 2252 ἔσχον
737 2218 812 2253 παρά
825 2226 852 2244 τε
871 2218 930 2244 ἑτέ-

144 2273 199 2300 ρων
228 2264 343 2298 συχνῶν,
373 2264 419 2289 mi
442 2263 497 2288 τῶν
526 2262 759 2296 ζηλιυτικωτατων
785 2262 855 2289 κατὰ
881 2265 929 2298 τῆς

139 2310 220 2345 ἡμῶν
237 2309 374 2340 ασεὸείας,
390 2308 527 2343 Κυρί).λου
543 2317 572 2334 τε
585 2308 631 2334 καὶ
644 2308 778 2343 Πρόκλου.
788 2306 838 2335 Ὧν
849 2310 862 2335 ὁ
879 2309 928 2344 μὲν

139 2356 207 2389 ὅλην
224 2354 332 2388 γραφὴν
348 2355 408 2380 κατ’
422 2354 513 2380 αὐτῶν
529 2353 692 2387 πεποίηκεν,
707 2354 738 2380 El
760 2355 806 2380 καὶ
829 2355 929 2381 ἀπολο-

138 2398 281 2434 γήσασθαί
307 2407 380 2429 τινες
404 2398 554 2432 ὑπέμειναν
581 2397 728 2431 ἀπολογίαν
747 2399 858 2433 μείζονα
878 2399 929 2434 τῆς

137 2444 205 2472 κατ’
223 2443 313 2470 αὐτῶν
335 2444 504 2478 κατηγορίας
522 2444 684 2477 εἰσάγουσαν
709 2443 855 2471 ὑπόθεσιν·
872 2445 886 2471 ό
899 2445 929 2472 δὲ

135 2490 190 2525 τὴν
205 2489 274 2524 πρὸς
292 2488 456 2523 ’Λρμενίους
471 2488 612 2522 συνοδικὴν
627 2489 741 2524 γράφων
760 2490 905 2524 ἐπιστολὴν
918 2510 926 2522 ,

134 2535 227 2570 ταύτῃ
262 2534 318 2560 τῶν
345 2533 524 2569 βλασφημιῶν
555 2534 694 2570 Θεοδώρου
726 2536 861 2570 κεφάλαια
884 2537 925 2567 εἰς

136 2582 253 2615 ἔλεγχον
275 2579 358 2607 αὑτοῦ
379 2579 429 2614 τῆς
446 2579 572 2610 ἀσεϐείας
593 2580 736 2614 ὑπέταξεν.
755 2581 788 2607 Τί
813 2582 866 2616 γὰρ
884 2582 926 2608 δεῖ

135 2627 231 2660 λέγειν
259 2627 324 2661 περὶ
346 2625 393 2652 τοῦ
413 2625 492 2659 ἁγίου
511 2625 687 2659 Ῥαίὶὃούλου,
701 2627 748 2654 τοῦ
774 2628 924 2654 ἐπισκόπου

144 2672 286 2707 Ἐδέσσης,
304 2671 410 2707 ἀνδρὸς,
426 2671 463 2704 ὥς
479 2680 556 2706 φασι,
570 2673 708 2707 προφήτου
722 2680 730 2704 ;
747 2669 778 2698 οὗ
791 2674 839 2707 τὴν
854 2674 924 2708 παῤ-

136 2718 240 2756 ρησίαν
266 2718 311 2744 καὶ
327 2717 374 2744 τὸν
394 2717 505 2751 ἔλεγχον
519 2717 611 2753 ἐπειδὴ
629 2719 666 2752 μὴ
682 2719 800 2753 ἤνεγκαν
819 2718 844 2744 οἱ
865 2719 926 2745 τότε

133 2763 191 2798 τῆς
215 2761 374 2794 δυσσεϐείας
397 2762 535 2798 Θεοδώρου
560 2761 690 2797 ζηλωταὶ,
708 2762 776 2797 μετὰ
790 2764 853 2794 τοὺς
872 2772 925 2798 μυ-

177 2851 283 2885 {54-56)
300 2851 428 2879 llhabulo.
443 2853 520 2880 Ilunc
529 2853 573 2880 alii
585 2857 681 2880 vocant
697 2852 839 2880 Rubulam.
849 2853 917 2882 Ten.

981 1630 1040 1656 qua:
1067 1623 1100 1648 ad
1119 1622 1281 1650 Trinitatem
1305 1624 1480 1657 pertinebant
1509 1624 1645 1660 fingerent
1666 1633 1695 1652 se
1713 1633 1767 1653 una

981 1675 1041 1695 cum
1062 1668 1128 1702 ipsis
1145 1669 1278 1696 adversus
1307 1670 1401 1696 hostes
1416 1670 1562 1698 Trinitatis
1587 1679 1723 1706 pugnare;
1740 1676 1769 1699 et

980 1721 1013 1740 eo
1024 1714 1104 1740 modo
1116 1714 1335 1741 benevolentiam
1350 1715 1521 1746 simularent,
1535 1717 1627 1750 specie
1638 1725 1670 1744 ac
1681 1718 1769 1744 simu-

980 1760 1081 1787 latione
1107 1760 1178 1787 idem
1206 1761 1342 1787 sentiendi
1362 1761 1480 1788 latebras
1498 1761 1550 1788 sibi
1571 1767 1766 1796 praeparantes.
1806 1764 1810 1768 ‘

980 1805 1145 1832 Dillicillima
1167 1805 1241 1832 enim
1262 1813 1307 1832 res
1328 1810 1369 1833 est
1382 1806 1415 1832 ad
1432 1806 1694 1840 deprehendendum
1709 1816 1768 1835 ma-

980 1850 1051 1882 litia,
1066 1850 1241 1877 simulatione
1256 1851 1456 1878 benevolentia:
1474 1856 1555 1878 tecta.

1017 1894 1108 1922 XLIII.
1123 1895 1226 1922 Verum
1240 1896 1267 1922 in
1285 1896 1458 1923 anathemate
1477 1897 1659 1924 infelicissimi
1672 1898 1770 1926 Nesto-

981 1940 1013 1967 rii
1022 1940 1096 1975 (vere
1106 1940 1180 1967 enim
1196 1941 1291 1968 infelix
1301 1945 1353 1974 est,
1365 1942 1411 1976 qui
1428 1943 1502 1969 solus
1513 1943 1594 1970 caedis
1603 1944 1769 1978 supplicium

984 1986 1125 2016 sustinuit,
1137 1994 1198 2014 cum
1210 1987 1244 2014 ab
1260 1987 1322 2014 aliis
1334 1988 1480 2022 pugionem
1493 1989 1612 2024 tulisset)
1624 1989 1676 2024 ipsi
1687 1990 1768 2017 simul

980 2033 1059 2067 ejecti
1076 2037 1152 2059 sunt.
1166 2033 1194 2060 In
1209 2032 1346 2068 discipulo
1358 2035 1432 2060 enim
1452 2035 1574 2069 perfecto
1587 2055 1593 2065 ,
1605 2035 1663 2070 qui.
1682 2041 1713 2063 ut
1729 2036 1770 2063 ait

985 2078 1138 2113 Scriptura.
1149 2078 1219 2106 sicut
1234 2079 1364 2114 magister
1378 2080 1437 2114 ejus
1452 2083 1504 2112 est,
1520 2081 1628 2108 fructus
1642 2081 1768 2108 laborum

982 2132 1096 2152 suorum
1110 2125 1315 2159 decerpserunt.
1324 2125 1442 2153 Tametsi
1456 2126 1507 2153 hoc
1521 2127 1544 2153 si
1559 2127 1622 2160 quis
1637 2127 1768 2162 inquirat,

983 2170 1103 2204 reperiet
1118 2178 1165 2197 eos
1180 2175 1323 2198 accusatos
1338 2179 1400 2198 cum
1414 2172 1448 2198 ab
1460 2172 1521 2199 aliis
1535 2173 1629 2200 multis
1640 2173 1770 2208 frequen-

984 2221 1035 2248 ter,
1056 2221 1112 2243 tum
1127 2217 1161 2243 ab
1173 2216 1374 2244 ardentissimis
1385 2217 1533 2252 impietatis
1543 2223 1641 2245 vestra:
1651 2219 1770 2247 insecta-

945 2250 967 2278 υ
983 2262 1091 2289 toribus
1102 2261 1204 2297 Cyrillo
1228 2263 1373 2289 etProeIo.
1440 2263 1541 2297 quibus
1559 2263 1605 2291 ille
1622 2268 1706 2292 totam
1724 2273 1769 2292 ac-

982 2308 1153 2345 cusationem
1178 2311 1273 2335 contra
1290 2316 1338 2335 eos
1352 2309 1493 2336 instruxit.
1509 2309 1639 2342 Quamvis
1656 2311 1768 2345 quidam

981 2344 1171 2381 defensionem
1185 2355 1309 2382 scribere
1322 2354 1482 2384 voluerunt.
1499 2363 1560 2389 qua:
1574 2356 1712 2391 copiosius
1726 2364 1770 2383 ar-

980 2406 1141 2435 gumentum
1168 2401 1353 2428 accusationis
1376 2401 1519 2428 afferebat.
1543 2402 1594 2430 Hic
1618 2407 1721 2436 autem,
1741 2403 1769 2430 id

981 2451 1023 2473 est
1038 2446 1164 2479 Proclus,
1180 2447 1323 2481 epistolam
1337 2447 1371 2474 ad
1393 2447 1541 2474 Armenios
1555 2448 1677 2482 scripsit.
1699 2448 1770 2476 Huic

982 2491 1106 2525 epistolae
1131 2492 1249 2527 subjecit
1275 2493 1365 2527 capita
1380 2492 1615 2527 blasphemiarum
1630 2493 1767 2521 Theodori

979 2536 1012 2563 ad
1024 2536 1224 2564 ostendendum
1237 2537 1311 2564 illius
1323 2537 1502 2572 impietatem.
1511 2537 1582 2571 Quid
1595 2543 1686 2566 autem
1698 2547 1768 2574 opus

977 2588 1019 2610 est
1030 2584 1124 2611 dicere
1132 2584 1165 2611 de
1172 2589 1267 2612 sancto
1278 2584 1405 2612 [thabqu
1414 2584 1530 2620 (δι-56),
1539 2586 1669 2620 episeopo
1680 2587 1767 2614 Edes-

977 2636 1056 2660 seno,
1073 2629 1142 2661 viro,
1161 2634 1192 2656 ut
1205 2630 1292 2662 aiunt,
1314 2630 1468 2664 propheta?
1480 2631 1558 2666 cujus
1582 2631 1709 2658 ﬁduciam
1722 2635 1766 2659 at-

977 2682 1031 2709 que
1046 2675 1261 2704 confutationem
1276 2681 1422 2712 postquam
1432 2676 1478 2711 qui
1494 2681 1559 2704 tunc
1575 2681 1654 2704 erant
1668 2677 1766 2712 impie-

981 2720 1044 2747 tatis
1071 2721 1209 2749 Tlicodori
1236 2727 1398 2755 sectatores,
1430 2722 1487 2757 pati
1516 2731 1570 2750 non
1601 2726 1763 2758 potuerunt,

978 2771 1041 2800 post
1057 2768 1141 2794 multa
1156 2769 1280 2804 pericula
1293 2769 1378 2802 illius,
1402 2769 1466 2797 dolo
1490 2768 1700 2804 aggrediuntur,
1713 2768 1762 2796 uni
