1973 3098
143 160 213 194 1417

616 156 814 188 ᾹΒΥΕΒΞΗΞ
832 152 1107 188 NESTORMNOS.
1122 158 1162 174 τέ
1178 156 1250 186 LIB.
1266 156 1290 186 ῐ.

1700 150 1771 184 liiS

144 225 198 247 θος.
217 212 292 250 *Λρα
319 214 364 241 διὰ
387 213 418 240 τὸ
444 213 674 249 καταχρηστικῶς
700 212 771 240 εἶναι
795 213 859 244 Υἱὸς
881 212 928 239 τοῦ

996 219 1034 239 cm
1047 211 1123 238 nullo
1147 219 1180 238 ex
1194 212 1237 238 his
1248 211 1339 238 modis
1351 211 1472 246 qttzedam
1493 210 1637 239 uniuntur.
1649 216 1700 236 nec
1713 208 1771 235 ullo

143 261 333 297 ἀπεριγράφου
359 259 499 292 συνετέθη,
518 259 534 293 ἢ
556 259 617 285 οὐδὲ
640 258 684 285 διὰ
700 258 730 285 τὸ
743 267 928 294 καταχρηστι-

144 307 210 338 κῶς,
225 306 285 333 οὐδὲ
309 305 354 332 διὰ
377 305 406 331 τὸ
432 304 551 339 κυρίωςς
585 304 609 329 εἰ
639 303 667 329 δὲ
682 302 716 329 δι’
735 303 810 329 οὐδὲν
826 303 929 329 τούτων

982 266 1015 284 ex
1031 258 1074 284 his
1087 265 1142 284 non
1162 256 1238 284 unita
1255 257 1466 291 permanebunt,
1488 255 1536 283 sed
1561 254 1623 281 aliis
1647 254 1770 290 propriis

983 303 1201 337 necessariisque
1223 303 1318 330 unioni
1340 303 1465 330 vocibus.

146 351 300 378 συντίθεταί
316 359 387 381 τινα,
405 350 465 376 οὐδὲ
500 349 543 375 διά
566 358 592 375 τι
611 348 713 375 τούτων
738 348 874 375 ἀσύνθετα
903 349 1029 383 μείναιεν
1068 350 1090 376 τ’
1117 350 1161 381 ἂν,
1190 349 1257 375 ἀλλὰ
1289 349 1322 375 δι’
1348 349 1458 384 ἑτέρους
1485 349 1603 380 οἰκείους
1639 348 1686 375 καὶ
1710 347 1774 373 ἁνα-

145 397 258 431 γκαῖους
273 397 306 432 τῇ
323 395 445 422 συνθέσει
460 394 565 429 λόγους.

444 465 568 491 ΚΕΦΔΛ.
592 463 630 490 E’.

184 534 260 560 Πᾶσα
277 532 355 559 οὐσία
380 531 567 566 ἀπερὶγραφος
585 529 733 564 πανταχοῦ,
749 529 796 556 καὶ
823 529 852 555 ὲν
870 528 935 555 ἑκά-

150 587 203 613 στῳ
216 579 262 604 καὶ
279 577 320 611 ὲφ¹
330 578 412 612 ἑαυτῇ
428 576 498 602 κατὰ
513 576 543 602 τὸ
559 575 625 602 αὐτὸ
642 575 690 602 καὶ
701 575 832 606 ὡσαύτως
846 576 936 610 ὑπάρ-

149 634 190 658 χει
215 624 402 659 ἀπερινοήτως
425 622 493 649 καθὺ
514 622 601 652 οὐσία,
620 622 679 648 ἐπεὶ
695 621 774 647 τοῦτο
789 621 855 647 ἴδιον
870 622 938 647 ἀπε-

151 670 301 706 ριγράφου·
322 670 376 696 πᾶν
394 669 422 695 δὲ
453 669 523 695 κατά
541 668 571 694 τὸ
588 668 654 694 αὐτὸ
679 667 727 693 καὶ
751 666 882 697 ὡσαύτως
908 667 936 692 ὲν

150 717 234 742 πᾶσιν
258 716 392 750 ὑπάρχον,
424 714 538 745 ἀλλοίως
563 715 610 740 καὶ
631 713 744 744 ἀλλοίως
766 713 796 739 οὗ
824 712 936 739 δύναται

151 759 223 788 εῖναι
250 761 278 787 ἕν
303 770 356 787 τινι
375 760 446 786 καθὰ
463 760 557 786 οὐσία’
577 759 607 785 τὸ
621 759 675 793 γὰρ
691 759 834 791 ὡσαύτως
857 758 936 784 ἀναι-

153 806 259 840 ρετικόν
271 803 332 831 ἐστι
347 804 393 831 τοῦ
408 804 540 836 (illo/mc
559 803 606 830 καὶ
623 802 764 835 ἀλλοίως.
785 803 864 828 Πᾶσα
884 801 937 835 ἄρα

151 851 230 876 obuio.
244 850 432 884 ἀπερίγραφος
450 849 480 874 οὺ
499 848 611 875 δύναται
630 847 744 878 ἀλλοίως
764 848 811 873 καὶ
824 846 938 877 ἀλλοέως

1315 461 1390 488 CAP.
1410 461 1442 488 V.

1022 528 1118 556 Omnis
1128 529 1247 556 essentia
1260 533 1302 555 est
1315 527 1420 554 inﬁnita
1434 528 1547 562 ubique,
1560 527 1589 553 in
1607 535 1774 562 unoquoque

989 579 1070 609 atque
1095 574 1122 601 in
1147 575 1294 608 semetipsa
1321 573 1472 600 secundum
1498 573 1569 600 idem
1595 577 1622 599 et.
1647 573 1775 600 similiter

990 620 1071 647 modo
1087 620 1360 654 incomprehensibili
1378 624 1408 646 ut
1427 619 1556 650 essentia,
1570 619 1706 654 siquidem
1724 619 1776 645 hoc

990 666 1131 701 proprium
1152 653 1192 692 est
1208 665 1320 692 inﬁniti.
1337 665 1423 692 Omne
1435 668 1526 691 autem
1538 653 1689 690 secundum
1704 663 1775 690 idem

989 719 1021 738 ac
1036 711 1163 738 similiter
1178 711 1205 737 in
1218 710 1348 737 omnibus
1365 709 1510 740 exsistens,
1535 709 1616 735 aliter
1644 713 1672 735 et
1697 708 1777 734 aliter

988 762 1048 782 esse
1066 755 1162 788 nequit
1185 754 1214 780 in
1231 754 1323 788 aliquo
1347 758 1376 780 ut
1399 753 1539 785 essentia;
1557 753 1680 779 similiter
1703 752 1777 779 enim

990 799 1112 826 excludit
1126 799 1203 826 aliter
1215 804 1239 825 et
1256 799 1345 826 aliter.
1362 798 1457 826 Omnis
1469 806 1534 832 ergo
1542 798 1662 825 essentia
1673 797 1778 824 inﬁnita

991 853 1045 872 non
1062 848 1152 879 potest
1167 845 1247 872 aliter
1260 849 1288 871 et
1300 845 1381 871 aliter
1390 851 1450 871 esse
1464 844 1491 870 in
1501 843 1593 878 aliqtto
1604 847 1635 870 ιιι
1647 843 1777 870 essentia.

154 894 221 921 εἶναι
234 894 262 921 ἕν
277 903 330 921 τινι
345 893 412 920 καθὸ
429 894 520 920 οὐσία.
531 893 599 919 Εἱόὲ
610 892 699 925 τοῦτο,
715 890 940 926 ζητητέον,⁷Αρα

996 891 1020 917 Si
1035 898 1100 917 vero
1115 890 1168 917 hoc
1183 894 1266 921 esset,
1289 894 1362 917 esset
1385 889 1562 924 qumrendum
1583 897 1616 915 an
1632 888 1780 916 essentiam

154 941 203 974 τὴν
217 939 311 965 οὐσίαν
325 938 372 965 τοῦ
392 938 460 965 Θεοῦ
478 939 565 971 Λόγου
585 938 777 973 περιγραπτὴν
796 935 867 963 εἶναι
890 937 956 971 φα-’

153 992 217 1020 μεν,
233 985 249 1020 ἢ
279 985 484 1019 ἀπερίγραῳονι
511 984 566 1011 Kal.
582 985 606 1010 εξ
623 981 672 1018 μξὲν
693 980 886 1018 περιγραπτὴν
902 982 942 1008 εῖ-

155 1039 265 1065 ποιμεν,
278 1031 411 1065 πρόῖη).ον
425 1030 455 1056 τὸ
470 1029 638 1064 βλάσφημον.
655 1029 686 1054 Εἰ
697 1029 724 1054 δὲ
741 1028 941 1063 ἀπερίγραςρον,

153 1074 171 1110 ἢ
190 1077 256 1102 πᾶσι
275 1076 415 1109 σύγκειται
434 1076 450 1110 ἡ
464 1075 543 1101 οὐσία
557 1070 604 1100 τοῦ
628 1073 696 1100 Θεοῦ
712 1074 810 1107 Λόγου,
824 1071 840 1108 ἢ
857 1073 943 1099 οὐδενὶ

157 1121 301 1155 σύγκειται
328 1122 343 1156 ἡ
373 1121 452 1147 οὐσία
473 1119 521 1146 τοῦ
545 1119 613 1146 Θεοῦ
638 1120 744 1153 Λόγου·
761 1118 874 1149 ἀλλοίως
888 1117 944 1152 γὰρ

157 1168 203 1193 καὶ
219 1166 369 1197 ἀλλοίωςέν
383 1174 437 1192 τινι
453 1166 483 1192 οὗ
499 1165 609 1192 δύναται
619 1163 688 1191 εἶναι
700 1163 768 1190 καθδ
781 1163 870 1193 οὐσία,
881 1163 944 1189 ἐπεὶ

154 1214 205 1239 καὶ
218 1212 423 1247 ἀπερίγραφος·
438 1211 611 1246 ὡμολόγηται
629 1210 657 1237 δὲ
668 1211 709 1237 ὃτι
723 1211 807 1236 πᾶσιν
830 1210 860 1235 οὺ
877 1208 944 1242 σύγ-

158 1265 263 1284 κειται·
278 1257 338 1284 οὐδὲ
358 1257 411 1292 ἀρα
436 1257 490 1283 τιν).
513 1256 670 1290 σύγκειταυ
687 1256 734 1282 καὶ
760 1254 905 1281 ἀσεϐοῦσιν
919 1253 945 1279 οι

158 1304 283 1337 λέγοντες
300 1302 461 1336 συγκεῖσθαι
476 1302 525 1337 τὴν
549 1301 644 1328 οὐσίαν
659 1301 706 1327 τοῦ
722 1301 788 1326 Θεοῦ
802 1300 888 1332 Λόγου
911 1301 943 1335 τῇ

157 1348 187 1380 ἒξ
215 1348 294 1383 ἡμῶν
316 1349 355 1379 εἰς
377 1347 480 1374 οἰκείαν
512 1346 596 1372 αὐτοῦ
632 1346 785 1381 φανέρωσιν
811 1345 944 1380 ληςθεῐσῃ

159 1395 251 1429 σαρκί.
269 1394 371 1424 Ὄντως
386 1394 414 1419 ἐν
430 1392 520 1427 ἔργοις
533 1391 586 1418 τῶν
609 1391 708 1427 χειρῶν
732 1390 814 1417 αὐτοῦ
833 1389 946 1425 συνελή-

158 1439 214 1474 ’φθη
229 1439 243 1464 ὁ
257 1438 429 1473 ἁμαρτωλὸς,
447 1437 494 1463 καὶ
514 1437 674 1471 ἐπιστρέφει
689 1437 702 1462 ὁ
716 1437 795 1466 πόνος
811 1435 892 1462 αὐτοῦ
907 1435 946 1466 εἰς

160 1483 282 1518 κεφαλὴν
298 1482 381 1509 αὑτοῦ
392 1491 398 1497 ·
413 1481 486 1508 κατὰ
497 1481 551 1516 γὰρ
567 1481 601 1507 τὰ
615 1481 662 1507 νῦν
677 1481 742 1517 παρ’
769 1480 846 1516 ὑμῶν
871 1480 947 1515 εῑρη-

162 1529 241 1562 μένα,
256 1529 279 1554 εἰ
303 1527 442 1562 πανταχοῦ
456 1528 503 1553 καὶ
515 1543 516 1546 η
526 1528 555 1553 ἐν
577 1527 694 1562 ἑκάττῳ,
708 1526 790 1562 ἤγουν
802 1527 831 1552 ἐν
846 1526 885 1552 ἐνὶ
900 1526 946 1552 καὶ

161 1573 244 1599 ’τιςοιντδ⁹
269 1572 462 1607 περιγραπτῷ,
487 1572 535 1598 καὶ
563 1572 605 1606 ἐφ’
632 1573 715 1607 ἑαυτῇ
744 1572 827 1606 ἤγουν
855 1572 883 1598 ἐν
908 1571 947 1606 τῷ

159 1618 361 1652 ἀπεριγρᾶπτῳ
384 1617 454 1643 κατὰ
470 1618 498 1643 τὺ
512 1617 579 1644 αὑτὸ
592 1617 639 1643 καὶ
651 1617 782 1648 ὡσαύτως
795 1616 914 1651 ὑπάρχει
931 1617 947 1652 ἡ

162 1665 351 1699 ἀπερίγραφος
359 1663 437 1689 οὐσία
449 1671 456 1678 ⁸
468 1663 604 1689 καὶτοῦτο
618 1662 693 1695 ἴδιον,
709 1662 745 1694 ὡς
757 1671 836 1697 φατε,
852 1663 949 1697 ἀπερι-

129 1722 137 1743 ,-
162 1710 269 1744 γράφου
283 1708 389 1740 οὐσίας,
408 1708 445 1744 μὴ
466 1709 567 1743 ἑτέρως
582 1706 651 1735 εἶναι
665 1708 693 1734 ὲν
706 1707 745 1742 τῷ
768 1707 948 1742 περιγραπτῷ

164 1755 209 1780 καὶ
224 1755 324 1790 ἑτέρως
351 1755 380 1780 ὲν
402 1755 496 1789 ἑαυτῇ,
513 1754 597 1790 ἤγουν
620 1755 648 1780 ἐν
665 1751 704 1788 τῷ
727 1753 946 1788 ἀπεριγράπτῳ·

162 1801 210 1826 καὶ
234 1801 263 1826 οὐ
288 1800 400 1826 δύναται
422 1799 536 1831 ἀλλοίως
552 1798 621 1826 εἶναι
642 1801 672 1826 ὲν
693 1797 734 1831 οἷς
758 1801 842 1831 ἐστιν,
857 1800 881 1825 εἰ
901 1799 948 1825 καὶ

163 1845 258 1871 ἀλλοῖα
269 1845 338 1870 εἰσιν
355 1845 456 1876 ἐκεῖνα,
472 1843 562 1875 καθὼς
573 1844 623 1878 ἥδη
637 1843 771 1869 ὑπέθεοθε
781 1849 789 1858 ⁵
805 1843 834 1869 ἔν
849 1852 878 1869 τε
894 1843 947 1879 γὰρ

163 1891 218 1921 τοῖς
238 1890 438 1924 περιγραπτοῖς
460 1889 508 1914 καὶ
523 1889 551 1914 ὲν
566 1889 652 1924 ἑαυτῇ
666 1888 867 1923 ἀπεριγράπτῳ
880 1887 947 1923 οὔσῃ

163 1935 261 1969 ὁμοίως
278 1935 345 1966 ἐστὶ,
361 1934 419 1965 πῶς
432 1933 476 1960 διὰ,
491 1934 520 1960 τὸ
537 1933 742 1968 ἀπερίγραπτον
762 1931 841 1966 εἶναι,
854 1934 883 1959 οὐ
903 1934 948 1959 δυ-

163 1980 242 2006 νατὸν
261 1978 329 2006 εἶναι
341 1980 426 2015 αὐτὴν
440 1979 468 2007 ἐν
484 1988 537 2006 τινι
551 1978 731 2014 περιγραπτῷ
747 1979 842 2014 πρώην
860 1987 889 2005 τε
902 1980 948 2006 καὶ

163 2026 226 2057 νῠν;
243 2025 340 2052 Ἔσται
357 2026 410 2061 γὰρ
423 2026 494 2052 κατὰ
507 2026 537 2052 τὸ
557 2024 705 2052 ἀκόλουθον
721 2026 777 2056 τοῖς
792 2024 947 2059 ὑμετέροις,

162 2071 222 2097 οὐδὲ
241 2073 269 2097 ὲν
297 2073 379 2106 ἑαυτῇ
406 2071 541 2106 δυναμένη
569 2069 649 2103 εἶναι,
667 2071 746 2106 εἰπερ
760 2071 860 2105 ὁμοίως
875 2070 903 2096 ἔν
918 2079 947 2096 τε

162 2118 245 2152 ἑαυτῇ
263 2118 309 2143 καὶ
331 2119 359 2143 ἐν
381 2118 438 2148 τοῖς
457 2118 522 2152 παρ’
538 2117 623 2152 αὐτὴν
638 2117 712 2142 ἐστιν
724 2125 730 2132 ’
748 2116 857 2150 ἀνάγκη
873 2116 901 2142 δὲ
914 2114 947 2151 ἦν

164 2163 277 2196 μᾶλλον,
296 2162 353 2196 εἴγε
365 2163 464 2197 ὁμοίως
480 2163 553 2189 ἐστὶν
567 2163 596 2189 ἐν
609 2163 702 2194 πᾶσιν,
720 2161 757 2193 ὡς
772 2161 821 2188 καὶ
839 2163 868 2188 ὲν
883 2163 948 2188 ἐαυ-

162 2210 205 2243 τῇ,
226 2209 309 2243 μηδὲν
328 2209 522 2244 ἐμποδίζεσθαι
541 2209 588 2235 τοῦ
610 2207 679 2235 εἶναι
703 2208 787 2243 αὐτὴν
814 2209 844 2234 ἐν
868 2217 947 2242 περι-

992 935 1039 962 Dei
1058 935 1138 963 Verbi
1153 934 1258 961 ﬁnitam
1272 935 1313 962 vel
1330 934 1464 961 inﬁnitam
1479 941 1540 961 esse
1555 933 1701 960 dicamus?
1714 940 1745 959 ac
1757 932 1780 958 si

993 980 1097 1007 ﬁnitam
1117 980 1251 1011 dicimus,
1273 979 1387 1007 evidens
1400 983 1442 1006 est
1464 979 1644 1014 blasphemia.
1670 977 1698 1004 Si
1713 985 1780 1004 vero

993 1025 1148 1057 inﬁnitam,
1174 1025 1232 1052 sive
1258 1024 1386 1052 omnibus
1408 1025 1571 1060 subjiciatur
1596 1024 1717 1052 essentia
1732 1024 1780 1051 Dei

993 1071 1094 1102 Verbi,
1119 1071 1177 1097 sive
1203 1071 1270 1097 nulli
1290 1071 1454 1106 subjiciatur
1471 1071 1590 1098 essentia
1612 1070 1659 1097 Dei
1680 1069 1780 1100 Verbi;

994 1116 1074 1143 aliter
1086 1116 1160 1142 enim
1175 1121 1202 1143 et
1219 1116 1298 1143 aliter
1309 1116 1336 1142 in
1353 1116 1446 1151 aliquo
1460 1116 1556 1150 nequit
1567 1123 1627 1142 esse
1643 1119 1675 1141 ιιι
1687 1122 1782 1142 essen—

995 1161 1051 1193 tia,
1074 1161 1129 1188 imo
1152 1166 1180 1188 et
1201 1161 1328 1193 inﬁnita;
1353 1161 1472 1188 fatentur
1497 1166 1587 1188 autem
1615 1169 1710 1188 omnes
1727 1168 1782 1187 non

995 1207 1124 1234 omnibus
1133 1207 1248 1242 subjici;
1259 1216 1313 1234 non
1324 1215 1389 1242 ergo
1399 1208 1480 1234 alicui
1490 1206 1646 1243 subjicitur,
1656 1207 1783 1242 blasphe-

995 1257 1125 1287 mantque
1151 1253 1197 1287 qui
1223 1253 1320 1281 dicunt
1337 1255 1484 1281 essentiam
1504 1252 1552 1280 Dei
1577 1253 1658 1281 Verbi
1683 1258 1784 1280 nostrae

996 1299 1073 1326 carni
1105 1298 1138 1325 ad
1162 1299 1205 1325 sui
1223 1299 1472 1327 manifestationem
1500 1304 1646 1334 assumpta
1673 1299 1782 1334 subjici.

996 1344 1066 1371 Vere
1083 1343 1215 1378 operibus
1229 1344 1303 1371 illius
1315 1338 1445 1372 manuum
1455 1344 1587 1372 allevatus
1597 1349 1638 1373 est
1654 1351 1784 1379 peccator

997 1397 1132 1424 poenaque
1150 1389 1236 1424 ipsius
1253 1390 1280 1417 in
1298 1390 1385 1425 ipsius
1396 1396 1479 1426 caput
1493 1399 1624 1420 conversa
1637 1396 1679 1418 est
1689 1400 1696 1423 ;
1706 1391 1784 1426 juxta

996 1436 1069 1462 enim
1084 1443 1144 1470 qua:
1160 1443 1209 1463 vos
1223 1443 1297 1463 nunc
1312 1436 1414 1467 dicitis,
1442 1437 1464 1463 si
1481 1437 1584 1472 ubique
1608 1444 1639 1463 ac
1668 1437 1695 1463 in
1717 1445 1785 1463 uno-

997 1487 1118 1515 quoque,
1139 1481 1197 1508 sive
1213 1481 1241 1508 in
1257 1489 1312 1508 uno
1336 1482 1467 1516 omnique
1484 1483 1575 1515 ﬁnito,
1596 1488 1679 1518 atque
1695 1483 1722 1510 in
1740 1491 1785 1510 se-—

999 1526 1114 1560 metipsa
1128 1526 1186 1553 sive
1201 1525 1228 1552 in
1245 1525 1353 1553 inﬁnito
1368 1527 1519 1553 secundum
1533 1527 1604 1554 idem
1616 1532 1644 1554 et
1659 1526 1786 1554 similiter

998 1571 1107 1598 exsistit
1122 1571 1227 1598 inﬁnita
1244 1572 1362 1599 essentia
1376 1580 1383 1604 ;
1398 1572 1506 1607 hocque
1523 1573 1676 1607 proprium,
1696 1578 1727 1600 ut
1742 1573 1785 1600 di-

998 1615 1070 1646 citis,
1081 1616 1194 1642 inﬁnitaz
1207 1617 1343 1648 essentize,
1356 1624 1411 1644 non
1421 1617 1501 1644 aliter
1511 1626 1569 1645 esse
1578 1618 1604 1646 in
1616 1618 1692 1645 linito
1701 1623 1785 1653 atque

998 1660 1078 1688 aliter
1096 1661 1124 1688 in
1143 1662 1289 1696 semetipsa
1304 1682 1312 1694 ,
1340 1663 1398 1689 sive
1422 1663 1449 1689 in
1474 1664 1600 1696 inﬁnito;
1629 1671 1680 1691 nec
1695 1668 1786 1698 potest

998 1707 1078 1735 aliter
1089 1715 1150 1734 esse
1168 1706 1195 1734 in
1210 1708 1310 1742 quibus
1324 1713 1376 1740 est,
1396 1708 1447 1736 etsi
1464 1709 1549 1736 altera
1568 1709 1603 1736 sit
1618 1710 1672 1740 illa.
1690 1710 1785 1744 utjam

998 1752 1200 1787 supposuistis;
1216 1744 1245 1779 in
1256 1753 1341 1780 linitis
1350 1753 1422 1780 enim
1437 1761 1468 1780 ac
1480 1754 1506 1780 in
1519 1754 1666 1788 semetipsa
1679 1754 1787 1781 inﬁnita

999 1798 1126 1826 similiter
1142 1799 1262 1826 essentia
1277 1803 1335 1831 est,
1357 1800 1494 1833 quomodo
1508 1799 1542 1826 ob
1560 1808 1620 1827 esse
1638 1800 1785 1831 inﬁnitum,

998 1852 1053 1871 non
1070 1850 1113 1871 est
1122 1844 1253 1879 possibile
1271 1845 1329 1872 heri
1345 1849 1372 1872 et
1388 1845 1469 1872 hodie
1484 1853 1544 1872 eam
1567 1853 1626 1873 esse
1647 1846 1674 1872 in
1695 1846 1787 1881 aliquo

1000 1889 1096 1917 ﬁnito?
1123 1889 1204 1917 Juxta
1229 1891 1303 1917 enim
1332 1891 1555 1925 consequentiam
1585 1892 1785 1926 principiorum

998 1939 1153 1961 vestrorum
1173 1934 1237 1966 erit,
1251 1942 1303 1962 nec
1323 1935 1350 1961 in
1368 1935 1515 1970 semetipsa
1530 1943 1590 1963 esse
1606 1944 1696 1971 posse.
1710 1937 1732 1964 si
1747 1943 1788 1964 cst

999 1978 1128 2006 similiter
1144 1983 1172 2006 et
1192 1980 1218 2006 in
1232 1980 1378 2014 semetipsa
1398 1985 1426 2007 et
1444 1980 1470 2007 in
1488 1981 1531 2007 his
1544 1989 1605 2016 qure
1626 1982 1697 2016 apud
1714 1982 1786 2008 illam

999 2030 1072 2052 sunt.
1089 2024 1206 2052 Necesse
1218 2031 1309 2052 autem
1324 2031 1382 2053 erat
1395 2026 1497 2061 potius,
1512 2027 1648 2062 siquidem
1660 2028 1788 2055 Similiter

999 2074 1041 2097 est
1059 2070 1085 2096 in
1101 2070 1239 2102 omnibus,
1256 2070 1327 2097 sicut
1344 2075 1371 2098 et
1390 2071 1417 2098 in
1442 2072 1600 2106 semetipsa,
1626 2073 1786 2108 neutiquam

999 2117 1125 2152 itnpcdiri
1148 2118 1215 2152 quin
1252 2123 1325 2145 esset
1342 2119 1368 2145 in
1391 2119 1478 2151 linito,
1496 2120 1542 2146 sed
1572 2121 1642 2147 utin
1667 2120 1785 2151 inﬁnito,

999 2163 1071 2190 sicut
1087 2167 1115 2190 et
1133 2164 1160 2190 in
1176 2164 1322 2199 semetipsa
1334 2165 1508 2199 simpliciter,
1521 2166 1556 2192 ita
1573 2166 1786 2202 quidcm,juxta

997 2213 1117 2236 vestram
1153 2211 1340 2241 sententiam,
1383 2210 1411 2236 in
1456 2210 1533 2238 ﬁnito
1566 2214 1676 2246 quoqu'e
1702 2217 1786 2239 esset.

160 2254 286 2289 γραπτῷ,
300 2254 358 2280 ἁλλ’
374 2254 412 2285 ὡς
431 2255 459 2280 ὲν
484 2254 695 2290 ἀπεριγράπτῳ,
710 2254 755 2280 καὶ
768 2253 805 2285 ὡς
818 2254 847 2279 ἐν
860 2255 943 2289 ἑαυτῇ

999 2254 1081 2281 Aliud
1098 2262 1163 2289 ergo
1179 2263 1193 2282 a
1207 2255 1286 2282 vobis
1303 2263 1384 2290 quam
1404 2257 1488 2284 vultis
1501 2256 1720 2284 demonstratum
1734 2263 1787 2289 est,

162 2300 264 2331 ἁπλῶς,
279 2299 350 2326 οῦτω
371 2309 402 2334 γε
418 2301 488 2328 κατὰ
504 2301 538 2327 τὰ
561 2300 692 2335 ὑμέτερα.
709 2299 757 2325 καὶ
775 2300 802 2325 ἐν
815 2299 852 2333 τῷ
867 2307 945 2334 περι-

143 2362 146 2364 -
161 2345 275 2379 γραπτῷ
291 2343 370 2372 εἶναι.
385 2346 438 2372 Καὶ
451 2346 606 2372 τούναντίον
626 2346 690 2380 ὑμῖν
709 2344 855 2379 ἀπεδείχθη
873 2345 944 2380 ἥπερ

999 2299 1026 2326 in
1044 2299 1097 2327 hoc
1108 2305 1191 2334 atque
1208 2302 1234 2327 in
1248 2301 1471 2335 praecedentibus
1485 2303 1638 2330 ratiociniis
1649 2322 1656 2335 ,
1683 2303 1788 2330 scilicu

998 2345 1168 2380 impossibile
1185 2354 1244 2374 esse
1258 2347 1335 2374 ﬁnito
1349 2348 1488 2375 inﬁnitum
1506 2350 1591 2376 uniri.

163 2389 300 2424 βούλεσθε,
315 2391 344 2416 ἐν
363 2391 448 2425 τούτῳ
463 2400 492 2417 τε
521 2392 566 2419 καὶ
599 2394 656 2423 τοῖς
692 2391 875 2426 προλαϐοῦσιν
908 2394 1114 2427 ἐπιχειρτεμασι.
1143 2393 1190 2419 τοῦ
1217 2390 1253 2424 μὴ
1276 2394 1387 2421 δυνατὸν
1408 2394 1479 2422 εἶναι
1509 2397 1681 2423 συντίθεσθαι
1709 2406 1787 2432 περι-

162 2436 277 2471 γραπτῷ
295 2437 325 2462 τὺ
344 2437 562 2472 ἀπερίγραπτον.

197 2483 227 2509 Εἰ
240 2483 261 2508 δ’
280 2483 326 2509 οὖν
346 2483 390 2509 διὰ
406 2483 435 2509 τὸ
456 2483 493 2518 μὴ
517 2483 630 2516 ἀλλοίως
646 2484 693 2511 καὶ
708 2485 821 2516 ἀλλοίως
842 2485 942 2512 ἐνεῖναί

159 2538 214 2555 τισι
230 2529 360 2555 δύνατθαι
375 2529 404 2555 τὺ
421 2529 638 2564 ὰπερίγραπτον,
661 2529 747 2561 οὕτως
768 2532 797 2556 ὲν
820 2530 940 2564 Χριστῷ,

158 2575 196 2605 ὡς
217 2575 263 2600 καὶ
283 2575 311 2600 ὲν
333 2574 415 2601 πᾶσιν
433 2571 501 2601 εἶναι
516 2575 599 2609 αὐτὴν
612 2574 738 2608 βιάζεσθε
749 2584 756 2590 ·
772 2575 826 2610 ἄρα
840 2573 885 2602 οὖν
900 2576 943 2601 διὰ

158 2620 188 2647 τδ
204 2621 346 2653 ὡσαύτως
362 2620 554 2655 ἐμφαίνεσθαι,
571 2621 617 2647 καὶ
627 2620 672 2654 ἐφ’
688 2619 792 2654 ἑαυτῇ,
809 2620 846 2652 ὥς
863 2630 942 2654 φατε,

159 2667 195 2698 ὡς
218 2668 264 2693 καὶ
285 2667 314 2694 ὲν
335 2667 429 2698 πᾶσιν,
450 2665 537 2698 οὕτως
559 2666 637 2692 ἔσται
652 2667 681 2692 ἐν
700 2666 787 2696 ὕδατι.
806 2668 851 2693 καὶ
866 2667 942 2701 λίθῳ,

159 2714 206 2739 καὶ
231 2713 316 2747 φυτῷ,
334 2712 379 2740 καὶ
401 2713 536 2748 μύρμηκι,
560 2713 607 2738 καὶ
634 2711 715 2746 ἰχθύῖ,
730 2712 775 2738 καὶ
795 2712 880 2746 ἵππῳ,
899 2714 944 2738 καὶ

159 2759 305 2793 ἀνθρώπῳ,
322 2760 368 2786 καὶ
385 2760 504 2794 ἀγγέλῳ,
526 2759 572 2785 καὶ
594 2759 622 2784 ιν
636 2759 718 2784 πᾶσιν
732 2757 769 2789 ὡς
788 2758 830 2791 ἐφ’
848 2758 941 2792 ἑαυτῇ.

159 2806 190 2831 Εἰ
208 2805 235 2831 δὲ
251 2805 306 2840 οὐχ’
322 2805 423 2840 ὁμοίως
437 2806 479 2840 ἐφ’
496 2806 578 2840 ἑαυτῇ
598 2805 644 2831 καὶ
672 2805 700 2830 ὲν
725 2804 849 2839 μύρμηκί
873 2806 941 2834 ἐστι,

156 2851 266 2877 ὶέλυται
293 2850 322 2876 τὸ
343 2851 495 2884 ὡσαύτως,
519 2852 564 2877 καὶ
582 2851 658 2877 ἔσται
681 2851 709 2876 ἐν
736 2850 847 2886 Χριστῷ
868 2851 942 2885 παρὰ

341 2898 474 2927 Parnm“
493 2899 549 2926 Gn.
572 2897 695 2927 LXX.“
711 2897 733 2926 l.

1032 2485 1059 2511 Si
1077 2484 1158 2519 igitur
1171 2493 1204 2512 eo
1216 2486 1288 2519 quod
1303 2493 1356 2513 non
1368 2487 1448 2513 aliter
1460 2487 1574 2513 ctaliter
1584 2488 1609 2513 in
1622 2484 1785 2522 quibusdam

997 2531 1088 2558 inesse
1102 2539 1157 2557 non
1180 2536 1270 2564 potest
1289 2531 1436 2563 inﬁnitum,
1455 2533 1491 2558 ita
1516 2533 1543 2559 in
1566 2532 1688 2565 Christo,
1713 2533 1787 2562 sicut

996 2581 1024 2604 et
1040 2577 1067 2603 in
1082 2577 1210 2604 omnibtts
1228 2585 1287 2604 eam
1304 2585 1364 2605 esse
1378 2578 1564 2610 contenditis;
1582 2586 1647 2613 ergo
1665 2583 1696 2606 ut
1710 2581 1786 2607 simi-

998 2623 1057 2649 liter
1073 2627 1202 2657 appareat
1217 2628 1298 2657 atque
1315 2625 1341 2650 in
1356 2625 1505 2659 semetipsa,
1525 2630 1555 2652 ut
1569 2625 1671 2657 dicitis,
1691 2634 1786 2660 quem-

997 2669 1143 2696 admodum
1182 2675 1207 2696 et
1229 2669 1256 2696 in
1277 2670 1414 2702 omnibus.
1446 2671 1486 2698 sic
1512 2671 1567 2698 erit
1596 2671 1623 2698 in
1648 2679 1730 2706 aqua.
1758 2672 1786 2701 in

997 2714 1100 2748 planta,
1127 2713 1154 2740 in
1176 2714 1299 2746 formica,
1316 2715 1342 2742 in
1360 2715 1445 2749 pisce,
1465 2715 1493 2742 in
1510 2723 1592 2750 equo,
1617 2716 1645 2743 in
1662 2715 1786 2747 homine,

998 2760 1025 2787 in
1050 2761 1158 2795 angelo,
1179 2766 1260 2795 atque
1279 2761 1307 2788 in
1325 2761 1455 2789 omnibus
1473 2766 1504 2788 ut
1529 2762 1556 2789 in
1581 2762 1739 2797 semetipsa.
1756 2761 1786 2790 Si

996 2813 1061 2833 vero
1076 2815 1131 2834 non
1147 2807 1277 2834 similiter
1301 2813 1342 2835 est
1358 2808 1385 2835 in
1403 2808 1552 2843 semetipsa
1568 2813 1595 2834 et
1614 2808 1642 2834 in
1657 2807 1785 2837 formica.

996 2851 1112 2878 solvitur
1122 2852 1253 2886 similiter,
1265 2853 1372 2888 eritque
1382 2853 1409 2879 in
1420 2852 1530 2880 Christo
1537 2860 1618 2887 supra
1632 2853 1722 2879 omnia
1733 2854 1785 2880 alia

1566 2897 1604 2928 1:5
