1973 3098
96 138 107 172 1
115 140 164 171 525

582 137 779 167 ADVERSUS
797 133 1070 166 NESTORIANOS.
1083 146 1117 153 -
1136 135 1209 167 LIB.
1232 135 1256 165 I.

1654 136 1663 168 i
1670 136 1721 168 5'16

95 198 171 231 Eata;
184 195 290 227 Ἔξεστι
303 194 356 229 γάρ
370 194 434 230 ὑμῖν
449 195 504 225 τοῖς
516 193 661 228 ὑμετέροις
675 194 881 221 ὲπισκέπτονσι,

941 191 1007 218 anim
1025 191 1102 218 vobis
1124 192 1226 219 vestris
1239 191 1449 226 providentibus
1472 197 1621 228 nostraque
1647 192 1721 220 dicta

95 242 142 268 καὶ
157 243 196 273 εἰς
205 241 239 267 τά
256 240 303 266 νῦν
315 239 380 274 παρ’
397 239 475 274 ἡμῶν
497 239 631 273 εἰρημένα
647 238 787 272 βλέπουσι,
819 244 882 262 συν-

94 286 335 320 αιισθάνεσθαιτῆς
357 284 497 320 ἀληθείας,
527 284 575 310 καὶ
599 284 698 310 εἰδέναι
726 283 766 309 ὅτι
793 281 884 314 πάσης

96 333 145 367 μὲν
174 331 351 361 ὑποστάσεως
377 329 406 355 οὐ
438 329 654 363 περιττευούσης
681 327 789 362 φύσεσι,
816 326 884 352 ἀλλὰ.

93 377 165 406 κατὰ
192 377 256 411 μίαν
284 377 345 402 τινὰ
374 375 513 402 σύνθετον.
533 374 615 409 φύσιν
644 373 819 408 ὑπαρχούσης
852 373 884 398 ὲκ

93 423 229 458 διαφόρων
243 422 396 456 δυνάμεων,
414 421 546 456 ἡφυσικὴ
571 420 695 451 σύνθεσις
718 417 785 445 οὖσα
815 418 884 445 κατὰ

94 470 193 501 πάντα,
212 468 410 503 συμπάσχοντα
433 466 468 493 τὰ
489 466 591 500 φυσικὰ
618 465 702 499 αὐτῆς
730 465 800 500 μέρη
833 464 886 490 δεί-

95 523 188 542 κνυσιν
200 523 206 530 ·
223 515 248 540 εί
259 514 287 540 δὲ
302 515 334 540 ἐκ
347 513 476 540 πλειόνων
491 512 533 547 εἴη
550 511 684 546 ιέύσεωνῆ
699 511 884 541 ὑποστάσεων,

96 560 167 587 κατὰ
183 559 329 593 ἀναλογίαν
348 559 397 594 τῆς
413 558 571 594 ὁμοιότητος
586 557 676 584 αὐτῶν
690 556 757 592 πρὸς
769 555 886 590 ἀλλήλας

96 605 166 633 εἶναι
179 607 287 640 ἀνάγκη
314 605 361 631 καὶ
383 604 432 636 τὰς
460 603 634 639 συμπαθείας
657 603 740 629 τῶνδε
766 603 794 628 ἐν
817 601 886 636 αὐτῇ

97 652 179 687 μόνον
195 659 202 666 ’
218 651 331 686 καὶγὰρ
347 649 418 676 οὕτω
443 650 489 676 καὶ
511 649 560 680 τὰς
586 648 697 679 ἐνώσεις
724 647 813 674 αὐτῶν
839 646 888 678 τὰς

98 698 217 733 φυσικὰς
241 697 297 732 ἔχει
311 705 319 712 ·
348 696 425 723 οὐδὲν
438 696 493 730 γὰρ
510 695 600 730 πάντη
617 694 680 722 ἄνευ
696 694 767 724 τινος
781 693 888 719 ταυτό-

97 751 187 776 τητος
198 742 246 768 καὶ
254 741 414 776 συγγενειά
422 752 443 772 ς,
454 740 620 766 συνάπτεται
634 738 731 774 ἑτέρῳ,
745 737 804 764 οὐδὲ
819 745 889 772 συμ-

99 788 199 823 πάσχει
214 787 278 822 ἄρα,
295 787 356 813 οὐδὲ
375 787 422 813 ἐπὶ
445 786 500 812 τῶν
527 786 649 820 ἀψύχων.
663 784 773 819 Ἀμέλει
799 783 889 810 τοίνυν

98 834 134 860 τὰ
147 833 223 860 ἁπλᾶ
234 834 354 868 στοιχεῖα
369 832 516 867 λεγόμενα,
537 831 626 857 εἷτουν
643 831 670 856 αι
689 830 796 865 πρῶται
814 828 888 854 ποιό-

98 888 180 916 τητες
206 879 250 905 διὰ
275 861 356 904 τοῦτο
386 861 442 905 οὐκ.
465 861 533 904 εἰσίν
549 878 578 903 ὲν
599 861 726 911 ὑπάρξεί,
741 874 802 901 καθ’
819 873 887 900 αὐτὰ
904 861 925 888 Β

99 923 243 959 ὑφεστῶτα
260 931 268 940 ν
295 923 336 949 ὃτι
361 923 408 949 καὶ⁴
436 923 460 948 εἰ
483 920 565 957 ἦσαν,
598 921 721 956 ἄχρηστα
747 919 779 945 ἂν
798 916 832 953 ἦν
848 919 888 950 είς

97 969 147 1004 τὴν
162 967 298 1002 κοσμικὴν
314 967 369 993 τῶν
386 967 521 1001 σωμάτων
552 965 678 991 σύνθεσιν
695 973 701 980 ·
721 964 751 991 οὐ
776 965 831 998 γὰρ
854 961 888 999 ἦν

98 1015 191 1045 αὐτοῖς
203 1014 292 1048 πάντη
306 1013 478 1048 διαφέρουσιν
491 1011 614 1047 ἀλλήλων
623 1010 682 1042 πῶς
694 1009 887 1038 συνάπτεσθαι·

99 1060 226 1095 καθάπερ
239 1059 278 1094 τῷ
288 1059 355 1094 πυρὶ
369 1059 415 1084 καὶ
426 1057 512 1090 ὕδατι,
526 1057 572 1084 καὶ
582 1058 617 1092 γῇ
635 1057 681 1082 καὶ
693 1055 814 1091 ἀέρι,διὰ
824 1055 889 1090 μιᾶς

98 1104 154 1130 τῶν
173 1105 201 1130 ἐν
216 1105 308 1135 αὐτοῖς
325 1103 476 1137 ποιοτήτων
493 1102 618 1137 ἀλλήλοις
640 1101 823 1136 κιρναμένων,
845 1100 889 1127 ὅτε

99 1151 164 1184 δέοι,
174 1151 221 1176 καὶ
232 1150 275 1176 διὰ
285 1149 334 1184 τῆς
343 1149 450 1183 ἐτέρας,
461 1149 485 1174 εἰ
496 1148 562 1180 δέοι,
570 1143 798 1182 διακρινομένων.
807 1145 889 1172 Ὅθεν

100 1195 161 1223 οὐδὲ
187 1195 244 1230 πῦρ
269 1194 358 1227 ὕδατι,
374 1195 433 1220 οὐδὲ
447 1194 482 1228 γῆ
496 1193 568 1226 ἀέρι,
582 1192 692 1227 ἀμέσως
723 1191 887 1218 συντίθεται.

139 1241 259 1276 Ὀμοίως
280 1241 371 1267 δὲκαὶ
396 1240 486 1275 ψυχῆς
513 1239 560 1265 καὶ
584 1239 709 1272 σώματος
733 1237 806 1263 ἐστιν
827 1237 890 1263 ἰδεῖν

100 1288 149 1314 καὶ
163 1286 272 1314 πάντων
286 1286 335 1317 τὰς
349 1285 471 1318 ὲνώσεις,
486 1285 538 1311 ὑπὸ
551 1284 600 1310 τοῦ
615 1283 782 1319 δημιουργοῦ
802 1283 889 1317 Λόγου

100 1332 272 1367 τεταγμένας
287 1340 294 1347 ·
313 1331 371 1357 ἐστι
385 1330 439 1365 γάρ
463 1339 506 1362 τις
529 1329 604 1365 αὑτῷ
630 1330 740 1359 πάντως
769 1329 888 1364 γνωστὴ,

101 1378 176 1413 ἡμᾶς
187 1379 214 1404 δὲ
229 1377 361 1408 πολλάκις
373 1376 554 1408 λανθάνουσα,
569 1376 598 1402 ὲν
609 1376 676 1402 πᾶσι
688 1376 744 1406 τοῖς
760 1375 889 1408 κτιστοῖς,

101 1422 233 1457 ὁμοίωσις
250 1430 281 1448 τε
300 1422 347 1449 καὶ
362 1422 489 1456 διαφορά.
504 1421 581 1447 Ἐπεὶ
606 1420 653 1447 οὖν
682 1420 731 1446 οὐκ
746 1420 774 1452 ἐξ
789 1419 890 1454 ὁμοιώ-

102 1478 171 1501 σεως
186 1469 233 1495 καὶ
255 1468 417 1502 συγγενείας
432 1468 558 1502 φυσικῆς,
580 1467 646 1498 Θεὸς
661 1467 745 1502 σαρκὶ
768 1466 890 1501 φυσικῶς

102 1515 226 1550 ἥνωται,
258 1513 318 1540 οὐδὲ
349 1513 507 1548 συμπάσχει
532 1513 651 1548 ἀνάγκῃ,
676 1513 708 1538 ὲκ
737 1512 890 1547 βουλήσεως

102 1561 131 1586 δὲ
143 1560 248 1594 ἀγαθῆς
264 1560 310 1585 καὶ
323 1559 512 1594 εὐεργετικῆς,
535 1559 595 1585 κατ’
622 1557 745 1584 εὐδοκίαν
774 1557 893 1594 προσλα-

103 1606 218 1641 ϐόμενος
247 1605 342 1640 αὐτήν.
367 1606 425 1631 Ἵνα
445 1613 474 1631 τε
491 1604 534 1640 εἴη
546 1604 590 1630 διὰ
601 1604 651 1639 τῆς
661 1603 828 1639 ὁμοιώσεως,
846 1604 893 1639 βε-

103 1651 200 1686 ϐαίαὴ
215 1650 312 1681 ’ἐνωσις
337 1649 421 1676 αὐτοῦ
445 1649 514 1685 πρὸς
535 1649 630 1684 αὐτὴν,
659 1650 706 1675 καὶ
733 1650 750 1684 ἡ
775 1649 818 1675 διὰ
841 1649 892 1684 τῆς

103 1697 227 1728 ἑνώσεως
238 1697 303 1731 ἡμῖν
318 1696 471 1731 εὐεργεσία,
488 1695 583 1722 ἑαυτὸν
603 1694 701 1730 τρέψαι
724 1695 783 1721 κατ’
808 1694 892 1730 αὐτὴν

103 1743 134 1769 οὐ
147 1742 296 1777 δυνάμενος
313 1749 320 1757 ·
335 1742 396 1768 οὐδὲ
422 1742 476 1777 μὴν
502 1741 571 1777 πρὸς
599 1740 644 1767 τὸν
668 1740 764 1767 ἑαυτοῦ
791 1740 892 1767 σκοπὸν

103 1789 206 1816 οὑτωσὶ
218 1788 444 1824 χρησιμουργῶν,
464 1788 620 1814 τούναντίον
641 1786 820 1818 συναπαθῑζει
842 1787 892 1813 αὐ-

103 1835 154 1870 τὴν
166 1834 265 1868 ἐαυτῷ,
278 1833 326 1860 καὶ
337 1833 454 1870 τρεπτδν
468 1833 548 1866 φύσει
574 1832 646 1859 κατὰ
673 1831 722 1866 τὴν
750 1831 893 1867 κρείττονα

106 1879 209 1915 τροπὴν
223 1880 271 1906 καὶ
287 1879 367 1913 φύσιν
380 1878 500 1912 ἐφάπαξ,
520 1878 604 1912 ἦγουν
616 1878 656 1909 εἰς
666 1877 716 1911 τὴν
731 1876 799 1902 ἰδίαν
810 1874 892 1902 αὐτοῦ

104 1925 248 1959 ἁτρεψίαν.
277 1924 316 1951 Οὐ
342 1924 511 1959 τρεπόμενος
540 1924 554 1950 ὁ
581 1923 715 1957 ἄτρεπτος
742 1922 776 1957 τῇ
801 1921 893 1956 φύσει,

104 1972 144 2003 είς
160 1971 209 2006 τὴν
221 1970 331 2006 χείρονα
342 1970 423 2004 φύσιν
435 1968 594 2004 ἐξωμοιώοη
606 1969 675 2004 αὐτῇ
687 1976 694 1983 ·
707 1968 754 1995 καὶ
768 1967 892 1994 σύνθεσιν

105 2017 224 2052 φυσικὴν
251 2016 343 2048 ἀϊδίως
371 2015 459 2050 ἑαυτῷ
489 2015 693 2050 μεμηχάνηται,
725 2013 813 2049 ἀρχῆς
844 2013 894 2048 μὲν

104 2063 186 2099 τῆσδε
205 2062 355 2097 γενομένης
372 2062 420 2097 τῆς
439 2061 561 2092 ἑνώσεως
579 2061 629 2095 τῆς
647 2059 694 2086 τοῦ
711 2059 813 2094 ἀγαθοῦ
831 2059 893 2094 βου-

103 2110 154 2144 λῆς
168 2109 216 2136 καὶ
231 2108 355 2139 εὐδοκίας
370 2116 377 2123 ο
395 2108 513 2143 πέρατος
534 2107 563 2133 δὲ
587 2106 634 2133 καὶ
661 2105 891 2140 ἀποτελέσματος,

103 2156 152 2182 καὶ
165 2154 336 2190 βεϐαιώσεως
346 2154 397 2188 τῆς
414 2152 610 2188 ἀφομοιώσεως
635 2152 684 2187 τῆς
707 2151 774 2187 πρὸς
799 2151 890 2183 αὐτὸν,

935 238 1157 273 inspicientibus,
1181 239 1317 266 assentire
1348 238 1476 271 veritati,
1496 239 1623 273 seireque
1647 239 1722 266 onml

934 284 1045 319 quidem
1058 284 1197 319 hypostasi
1208 292 1261 311 non
1277 284 1384 311 naturis
1394 284 1578 316 redundante,
1589 284 1636 311 sed
1647 284 1722 319 juxta

935 330 1083 365 quamdam
1108 338 1190 357 unam
1214 335 1340 357 naturam
1362 331 1469 357 unitam
1494 330 1664 358 subsistente
1689 337 1721 357 ex

934 376 1086 403 virtutibus
1101 376 1231 407 diversis,
1244 377 1396 404 naturalem
1413 377 1554 408 unionem,
1571 384 1633 411 qua:
1646 377 1722 411 juxta

936 422 1028 449 omnia
1047 427 1099 454 est,
1116 430 1213 449 onmes
1234 423 1373 449 naturales
1391 423 1480 458 ipsius
1496 428 1590 458 partes
1610 430 1723 456 compa-

937 468 1037 494 tientes
1062 467 1209 500 exhibere;
1227 468 1250 495 si
1266 475 1331 495 vero
1347 476 1380 495 ex
1396 468 1522 503 pluribus
1537 468 1643 495 naturis
1658 476 1724 495 conv

933 509 1022 540 ’staret
1039 513 1081 540 vel
1105 513 1310 548 hyposlasibus,
1325 521 1375 548 pro
1390 514 1516 549 analogia
1533 513 1726 541 similitudinis

937 566 1033 586 earum
1051 558 1123 585 inter
1139 566 1178 591 se,
1194 559 1364 594 sympathias
1380 567 1474 586 earum
1497 559 1526 586 in
1543 559 1600 594 ipsa
1619 564 1724 585 tantum

938 605 1110 631 necessarias
1136 612 1217 637 esse;
1243 604 1347 631 etenim
1371 605 1412 632 sic
1434 609 1462 632 et
1489 605 1604 632 uniones
1631 613 1726 632 earum

938 651 1080 678 naturales
1099 651 1193 678 habet.
1210 651 1283 678 Nihil
1303 651 1377 678 enim
1393 651 1449 678 ullo
1467 651 1550 677 modo
1567 652 1625 677 sine
1651 651 1726 676 iden-

921 693 924 696 ’
939 697 1021 723 dilato
1037 704 1068 723 ac
1081 696 1306 723 connuturalilale
1319 696 1400 723 alteri
1417 700 1526 731 aptatur
1539 703 1589 723 nee
1604 703 1666 722 cum
1681 695 1727 722 illo

940 742 1117 776 compatilur,
1129 750 1181 769 nec
1195 750 1257 769 cum
1270 742 1304 769 de
1317 742 1476 769 inanimatis
1487 742 1588 777 agitur.
1602 741 1728 768 Profecto

940 788 1024 823 igitur
1037 787 1173 822 Simplicia
1188 788 1300 814 nomine
1320 788 1457 814 elementa
1472 787 1530 814 sive
1548 787 1644 822 primm
1659 795 1728 821 qua-

940 834 1032 860 litates
1048 833 1108 860 ideo
1128 841 1183 860 non
1199 838 1263 860 sunt
1278 833 1306 860 in
1321 833 1441 860 essentia
1462 834 1540 868 juxta
1555 833 1613 867 ipsa
1626 840 1727 868 suppo-

939 877 1004 910 sita,
1018 877 1091 912 quod
1113 877 1134 904 si
1155 881 1257 909 essent,
1274 877 1343 903 nihil
1361 877 1529 905 inservirent
1552 877 1647 904 mundi
1666 885 1727 904 cor-
1772 876 1775 878 ’

939 931 1038 959 porum
1054 923 1168 955 unioni;
1186 922 1254 949 nihil
1270 922 1343 950 enim
1360 923 1401 950 eis
1417 926 1490 950 esset
1509 922 1581 949 inter
1602 931 1631 949 se
1649 923 1728 950 diﬂ'e-

939 969 1075 1001 rentibus,
1096 968 1168 995 unde
1182 968 1369 995 coalescerent
1385 978 1392 995 :
1411 968 1642 1003 quemadmodum
1661 969 1727 1003 igni.

939 1022 1027 1049 aquze,
1046 1019 1125 1041 teme
1138 1013 1262 1048 aerique,
1279 1013 1316 1041 ob
1331 1021 1414 1040 unam
1428 1013 1550 1048 ipsorum
1567 1014 1727 1049 qualitatem

940 1061 963 1088 si
974 1060 1125 1096 iungenda,
1141 1060 1232 1094 obque
1251 1060 1370 1087 alteram
1389 1060 1412 1088 si
1428 1060 1610 1096 disjungenda
1626 1060 1727 1089 forent.

939 1107 1018 1135 Unde
1049 1114 1100 1134 nec
1128 1106 1199 1142 ignis
1214 1113 1303 1142 aquae,
1325 1112 1375 1134 nec
1396 1107 1452 1134 aeri
1472 1112 1543 1134 terra
1573 1107 1730 1135 immediate

941 1152 1084 1179 uniantur.

976 1237 1052 1265 idem
1074 1241 1167 1265 autem
1194 1237 1342 1266 dicendum
1361 1238 1396 1265 de
1422 1237 1531 1271 animm,
1554 1238 1588 1265 de
1607 1237 1731 1273 corporis

940 1283 1030 1318 deque
1038 1283 1160 1310 omnium
1171 1284 1319 1311 unionibus
1327 1292 1342 1311 a
1353 1284 1444 1312 Verbo
1452 1289 1577 1312 creatore
1585 1283 1729 1317 ordinatis;

942 1328 994 1363 ipsi
1008 1329 1082 1356 enim
1092 1332 1140 1357 ‘est
1155 1329 1277 1364 perfecte
1291 1329 1443 1365 cognitum,
1456 1329 1531 1365 quod
1546 1337 1597 1357 nos
1608 1329 1730 1364 plerum-

940 1381 994 1409 que
1008 1374 1083 1408 latet,
1100 1375 1215 1408 scilicet,
1232 1376 1259 1403 in
1274 1376 1404 1404 omnibus
1418 1375 1564 1408 creaturis,
1580 1375 1731 1402 similitudo

941 1420 1022 1447 simul
1035 1428 1066 1447 ac
1076 1420 1245 1449 diﬁcrentia.
1257 1421 1325 1449 Cum
1334 1422 1420 1457 igitur
1432 1429 1488 1448 non
1500 1429 1534 1448 ex
1548 1421 1730 1448 similitudine

941 1467 1174 1502 generationeque
1201 1468 1338 1500 naturali,
1363 1468 1436 1495 Deus
1460 1468 1537 1495 carni
1565 1467 1731 1494 naturaliter

943 1513 1037 1540 unitus
1053 1514 1098 1546 sit,
1114 1522 1166 1542 nec
1179 1515 1336 1543 necessario
1352 1515 1530 1550 compatitur,
1544 1515 1680 1550 siquidem
1698 1522 1730 1542 ex

943 1557 1014 1585 bona
1023 1558 1200 1594 beneficaque
1211 1561 1351 1587 voluntate
1364 1560 1515 1588 secundum
1528 1560 1731 1594 beneplacitum

944 1610 1005 1630 eam
1029 1605 1219 1639 assumpserit.
1235 1604 1325 1639 thue
1348 1613 1398 1639 per
1424 1605 1646 1637 similitudinem,
1668 1613 1730 1632 eum

943 1648 990 1675 illa
1006 1649 1073 1676 unio
1095 1650 1183 1685 ipsius
1197 1650 1274 1678 firma
1290 1651 1371 1683 foret,
1390 1659 1492 1686 perque
1509 1651 1582 1679 illam
1601 1652 1732 1679 unionem

943 1694 1024 1722 nobis
1046 1695 1244 1729 beneﬁcentia;
1261 1704 1322 1724 cum
1337 1698 1414 1732 juxta
1430 1698 1517 1732 ipsam
1530 1699 1652 1733 scipsum
1666 1707 1733 1727 con-

943 1743 1052 1766 vertere
1074 1741 1212 1775 nequiret,
1232 1749 1284 1768 nec
1310 1741 1350 1768 sic
1372 1742 1484 1776 quidem
1510 1751 1625 1778 scopum
1651 1752 1731 1771 suum

943 1785 1092 1813 efﬁcaciter
1108 1787 1265 1822 attingeret,
1282 1795 1297 1814 e
1314 1788 1455 1815 contrario
1471 1788 1545 1815 illam
1560 1789 1593 1816 ad
1610 1790 1731 1824 seipsum

944 1832 1059 1858 assumit
1078 1831 1180 1866 (littera
1204 1841 1210 1859 :
1231 1840 1323 1860 secum
1351 1841 1411 1860 eam
1443 1833 1508 1861 fecit
1524 1835 1731 1870 impassibiiem,

943 1876 1046 1904 oblatus
1060 1882 1096 1904 est
1114 1879 1176 1913 quia
1190 1879 1243 1913 ipsc
1259 1879 1340 1906 voluit
1352 1880 1384 1913 ³),
1401 1880 1618 1915 mutabilemque
1634 1887 1730 1910 natura

941 1923 1019 1957 juxta
1034 1923 1176 1951 meliorem
1195 1925 1307 1952 modum
1327 1929 1355 1952 et
1371 1929 1496 1952 naturam
1521 1927 1604 1954 semel
1632 1932 1660 1954 et
1683 1936 1732 1962 pro

945 1976 1064 2004 semper,
1080 1976 1128 1996 seu
1149 1970 1178 1996 in
1200 1970 1341 2004 propriam
1364 1970 1448 2005 ipsius
1465 1970 1731 2000 immutabiiitatem.

944 2015 1005 2042 Non
1028 2023 1197 2049 conversus,
1216 2020 1313 2044 natura
1338 2017 1530 2050 immutabilis,
1558 2018 1584 2045 in
1610 2019 1731 2054 pejorcm

944 2065 1071 2088 naturam
1083 2061 1133 2096 ipsi
1148 2061 1567 2098 assimilatusest,unionemque
1579 2065 1731 2092 naturalem

944 2107 1108 2142 sibimetipsi
1125 2107 1154 2134 in
1169 2113 1334 2142 perpetuum
1349 2109 1499 2142 adinvenit,
1517 2110 1655 2145 principio
1671 2111 1732 2146 qui-

944 2153 1006 2180 dem
1021 2153 1176 2188 hujusmodi
1186 2153 1297 2181 unionis
1308 2159 1502 2183 consummatae
1518 2156 1633 2183 consilio
1648 2156 1733 2184 bene-

104 2202 154 2236 τῆς
176 2199 351 2234 συντεθείσης
373 2198 481 2233 φύσεως
509 2198 557 2224 σὺν
574 2197 657 2232 αὐτῷ.
673 2197 712 2232 Τῇ
727 2197 782 2232 γὰρ
793 2197 825 2223 ὲκ
841 2205 889 2230 φυ-

941 2199 1095 2234 placitoque
1121 2199 1185 2226 boni
1210 2199 1300 2235 (Dei);
1318 2200 1370 2228 ﬁne
1396 2205 1487 2228 autem
1515 2209 1547 2229 ac
1558 2210 1731 2229 consumma-

105 2246 185 2281 σικῆς
202 2245 371 2279 ἀγαθότητος
385 2243 493 2278 εὐδοκία
511 2243 559 2270 καὶ
584 2244 640 2274 τοῖς
664 2242 714 2278 τὴν
733 2242 814 2275 φύσιν
844 2242 893 2268 άν-

103 2291 208 2327 ομοίοις
222 2291 282 2317 ὅλον
293 2290 389 2317 ἑαυτὸν
403 2291 476 2325 ἄκρᾳ
490 2290 523 2324 τῇ
541 2289 690 2323 ἀγαθότητι
703 2288 892 2323 χαριζόμενος,

103 2337 213 2365 ἑνοῦται
227 2336 275 2363 νῦν
298 2337 313 2362 ὸ
333 2335 393 2363 κατ’
418 2335 505 2370 ἀρχὰς
529 2336 579 2369 τῆς
607 2335 722 2365 κτίσεως
747 2334 793 2360 καὶ
818 2333 893 2369 αὐτῷ

101 2383 142 2418 τῷ
170 2384 257 2418 πάντη
288 2381 487 2416 ἀντικειμένως
515 2380 604 2416 ἔχοντι
637 2380 705 2415 πρὸς
730 2379 822 2410 αὐτὸν,
846 2379 892 2405 τὸν

101 2431 168 2456 ὅντα
180 2429 219 2463 τῷ
233 2428 270 2463 μὴ
279 2428 338 2454 ὄντι
349 2427 445 2454 ἑαυτόν
458 2435 528 2460 πως,
538 2427 576 2458 ὡς
586 2427 665 2458 αὐτὸς
675 2423 741 2457 οἶδε,
749 2425 888 2460 συνάψας.

102 2475 159 2502 Καὶ
169 2474 203 2501 τὰ
218 2473 277 2504 πῶς
296 2473 372 2504 ὅντα.
393 2473 440 2500 καὶ
453 2473 517 2499 πότε
534 2473 623 2500 πάντα
638 2472 728 2507 ἑαυτῷ
749 2472 892 2507 παραστή-

101 2529 164 2553 σας,
176 2519 223 2546 νῦν
236 2519 264 2546 δὲ
278 2518 448 2554 προϐιϐάσας
465 2519 516 2553 ήδη
531 2519 572 2550 είς
590 2519 620 2544 τὸ
633 2517 713 2549 εἶναι,
729 2517 776 2544 καὶ
802 2518 842 2549 εὶς
862 2517 891 2544 τὸ

100 2566 266 2602 ὑψηλότερον
292 2563 362 2591 εἶναι
386 2564 456 2591 αὐτὰ
480 2564 566 2598 ἄγων,
589 2564 677 2598 ἑαυτῷ
700 2563 866 2597 ὲνυπέστησε
883 2571 890 2578 ·

101 2613 193 2640 πάντα
208 2611 443 2645 ὲγκολπισάμενος
458 2610 505 2636 καὶ
520 2619 552 2636 πε
559 2609 692 2645 ριπράξας
709 2609 722 2634 ὁ
735 2608 772 2635 ὢν
788 2608 887 2644 ἑαυτῷ,

100 2661 146 2686 ἴνα
159 2658 240 2694 μηδὲν
265 2657 306 2684 ἔτι
322 2657 377 2683 τῶν
401 2656 474 2683 ἰδίων
501 2655 545 2682 διὰ
567 2655 617 2690 τῆς
643 2655 755 2690 φθορᾶς,
788 2656 828 2686 εἰς
858 2655 889 2681 τὸ

102 2705 141 2740 μὴ
157 2703 187 2729 ὃν
204 2703 284 2730 πάλιν
301 2701 453 2738 ἀνακάμψῃ
467 2709 474 2716 ·
499 2700 574 2736 μένοι
588 2701 616 2727 δὲ
645 2701 679 2727 τὰ
703 2700 751 2726 ὅλα
775 2699 824 2726 σὺν
849 2699 888 2734 τῷ

101 2749 237 2784 ἀφθάρτῳ
257 2748 396 2784 ἄφθαρτα,
410 2747 512 2782 πάσης
533 2746 589 2782 τῆς
617 2747 743 2779 κτίσεως
769 2745 888 2773 ἐλευθε-

137 2835 149 2852 ⁸
163 2835 214 2864 lsa.
233 2844 288 2869 Lm,
306 2837 331 2863 7.

941 2248 1016 2272 tione
1028 2245 1292 2281 conﬁrmationeque
1304 2246 1510 2274 assimilationis
1519 2248 1579 2283 ejus
1586 2248 1619 2275 ad
1630 2249 1729 2283 ipsum,

942 2289 1019 2317 unita
1036 2294 1134 2316 natura
1150 2298 1212 2317 cum
1237 2290 1306 2325 ipso.
1323 2291 1534 2326 Bcncplaeentia
1557 2293 1632 2320 enim
1649 2297 1731 2321 natu-

941 2335 1006 2363 ralis
1029 2335 1160 2363 bonitatis
1185 2335 1400 2372 diversitateque
1425 2338 1577 2365 secundum
1602 2343 1730 2366 naturam

941 2381 1062 2415 seipsum
1089 2385 1178 2408 tolum
1202 2389 1307 2409 summa
1331 2382 1452 2410 bonitate
1477 2383 1595 2416 donans,
1617 2384 1664 2419 qui
1689 2391 1731 2412 est

945 2427 1111 2462 principium
1128 2432 1272 2461 creaturae,
1287 2429 1315 2456 in
1331 2433 1454 2464 tempore
1470 2431 1565 2457 unitur
1579 2431 1660 2458 etiam
1679 2432 1729 2466 ipsi

945 2472 991 2507 qui
1016 2473 1096 2507 plane
1118 2473 1282 2509 sibimetipsi
1298 2474 1470 2508 adversatur,
1487 2477 1665 2511 semetipsum
1682 2478 1728 2512 qui

945 2523 986 2545 est
1001 2526 1064 2545 cum
1081 2526 1114 2545 eo
1131 2519 1178 2554 qui
1193 2527 1248 2546 non
1270 2524 1312 2547 est
1335 2519 1415 2547 modo
1431 2528 1485 2555 quo
1509 2521 1569 2556 ipse
1592 2522 1644 2549 scit
1661 2530 1728 2549 con-

942 2564 1070 2599 jungens.
1093 2564 1159 2597 Qua:
1171 2569 1262 2592 autem
1283 2565 1374 2599 aliquo
1398 2566 1480 2593 modo
1502 2572 1582 2596 sunt.
1603 2567 1729 2602 aliquan-

943 2609 1032 2648 dpque
1048 2610 1139 2636 omnia
1154 2610 1186 2636 ad
1200 2617 1229 2637 se
1245 2610 1391 2642 advocans,
1406 2618 1479 2638 nunc
1503 2612 1614 2639 tandem
1632 2612 1661 2639 in
1675 2621 1729 2640 esse

942 2663 1107 2690 promovens
1122 2660 1204 2691 atque
1219 2656 1252 2683 ad
1268 2656 1350 2684 altius
1363 2665 1417 2684 esse
1430 2657 1576 2691 extollens,
1588 2658 1646 2693 ipsa
1663 2658 1729 2686 sibi-

943 2701 1052 2736 metipsi
1071 2702 1243 2737 suppositum
1269 2703 1343 2730 fecit.
1359 2703 1411 2736 Qui
1436 2712 1450 2730 a
1470 2712 1500 2732 se
1514 2706 1622 2733 exsistit
1636 2707 1729 2734 omnia

943 2746 970 2773 in
986 2747 1046 2774 sinu
1062 2755 1112 2775 suo
1128 2748 1225 2783 recipit
1241 2752 1323 2783 atque
1341 2750 1517 2785 amplectitur
1529 2759 1563 2779 ne
1577 2751 1728 2787 quidquam
