1973 3098
229 127 294 160 1E7

853 127 1007 158 LEONTII
1029 126 1230 156 ΒΥΖᾹΝΤΙΧΙ

1785 124 1858 156 Χίίὶὸ

227 182 367 217 proprium
393 182 579 217 corruptionis
603 190 686 209 causa
711 181 800 208 adhuc
827 181 854 207 in
882 189 936 207 non
963 187 1011 207 ens

1064 180 1209 213 ρωθείσης
1222 179 1281 205 ἀπὸ
1293 178 1348 212 τῆς
1363 178 1504 210 δουλείας
1519 177 1574 212 τῆς
1597 177 1710 212 φθορᾶς
1730 178 1766 205 ἐν
1787 179 1860 213 Χρι-

227 234 323 254 τυτδιιε
338 231 501 259 revertatur,
518 232 547 254 ut
564 235 631 254 VEI‘O
649 227 741 254 omnia
761 234 823 253 cum
848 226 1011 259 incorrupto

225 273 386 307 incorrupta
407 278 544 306 maneant,
561 274 632 300 omni
647 278 772 300 creatura
796 272 908 299 liberata
924 281 940 298 α
954 280 1012 298 ser-

224 317 305 343 vitate
315 318 489 352 corruptionis
499 319 527 345 in
538 318 640 345 Christo
654 318 674 344 ".
693 318 800 344 Etenim
815 325 829 344 ιι
841 317 1010 351 principio...

225 370 286 396 quae
297 363 443 400 speciebus
451 363 551 390 similia
561 368 640 391 erant
650 364 796 398 principio,
809 363 873 389 dein
886 371 946 397 qua:
958 362 1014 389 illis

224 409 316 436 omnia
343 410 530 436 comtaturalia
557 415 636 437 erant
664 410 823 444 speciesque
863 409 940 436 facta:
978 408 1011 435 ad

221 454 325 489 justam
342 454 464 481 lix-titiam
487 454 514 481 in
536 455 632 489 primis
648 455 839 486 liberaturum,
858 454 914 481 Deo
936 454 1011 481 locus

223 500 306 534 pletia
326 504 400 532 sunt,
418 501 518 534 eritque
535 500 605 526 Dens
625 501 714 527 omnia
730 501 758 526 in
775 500 905 527 omnibus.

539 545 615 573 CAP.
641 546 696 573 V’il.

259 590 345 618 Omne
365 590 550 624 quodcunque
579 590 660 617 alteri
677 591 785 617 unitum
804 589 837 616 ad
862 589 944 616 unius
965 597 1013 616 na-

224 642 293 664 tura:
304 641 386 671 atque
404 636 559 671 liypostasis
573 636 690 663 viventis
703 635 939 665 constitutionem,
950 642 1012 669 pars

228 687 266 710 σει
292 682 436 710 evidenter
458 682 587 716 perfectae
605 686 710 708 naturae
730 682 772 708 vel
787 685 816 708 ct
840 680 1010 716 hypostasis;

226 727 317 754 omnia
346 732 437 754 autem
459 727 531 762 parti
555 732 660 754 naturae
685 727 727 754 vel
749 731 777 753 et
797 726 953 761 hypostasis
971 726 1012 752 vi-

225 774 326 804 ventis.
344 781 415 808 opus
439 778 481 800 est
502 773 615 800 omnino
638 776 717 807 parte
742 773 788 799 cui
811 772 888 798 unita
907 777 960 803 est,
978 771 1011 798 ad

223 820 362 853 tropriam
380 818 568 853 operationem
586 817 793 852 perficiendam.
818 817 922 844 Anima:
938 817 1010 843 enim

224 872 348 898 corpore.
369 863 534 898 corporique
550 863 642 889 anima
659 870 730 897 opus
751 867 794 889 est
818 861 851 888 ad
874 861 1011 896 propriam

223 909 440 944 uniuscujusque
471 908 659 943 operationem
696 907 891 942 perficiendam
919 915 926 939 ;
954 907 1012 934 inec

222 955 334 990 quidem
354 955 387 982 ad
409 954 537 981 mandata
564 954 658 980 divina
682 953 873 988 cognoscenda
901 953 1012 987 Deoque

223 999 459 1034 complacendum,
472 999 538 1025 illud
552 1006 626 1028 vero.
637 1003 667 1025 ut
679 999 734 1025 vita
743 1006 804 1025 cum
816 998 873 1033 ipsa
887 1005 1012 1025 servetur

223 1045 404 1079 omniumque
417 1044 569 1072 visibilium
585 1044 727 1071 meliorem
741 1044 950 1071 wstimationem
963 1044 1012 1070 ba<

223 1091 298 1123 beat,
318 1091 507 1118 necessarium
530 1095 582 1117 est.
613 1090 669 1116 Deo
689 1093 782 1117 autem
806 1089 896 1116 Verbo
919 1089 1012 1124 aliquo

223 1137 258 1164 ad
285 1137 423 1171 propriam
450 1137 638 1171 operationem
665 1143 735 1169 opus
758 1143 819 1162 esse
842 1135 1010 1167 existimare,

224 1189 280 1208 non
297 1185 403 1208 rectum
431 1185 492 1214 est;
519 1181 593 1207 haud
619 1189 684 1215 ergo
701 1180 795 1207 unitus
816 1185 858 1207 est
875 1181 957 1207 alicui
978 1189 1012 1207 ex

223 1228 305 1254 nobis
334 1227 362 1254 in
390 1227 473 1254 unius
497 1233 602 1254 naturae
629 1226 671 1253 vel
701 1225 856 1262 bypostasis
893 1226 1012 1252 viventis

223 1273 463 1301 constitutionem.
487 1271 516 1298 Si
534 1279 599 1298 vero
627 1271 720 1298 unitus
745 1275 798 1301 esl,
814 1269 938 1298 illietiam
953 1270 1012 1304 ipso

223 1320 258 1346 ad
291 1319 432 1354 propriam
460 1318 649 1352 operationem
680 1324 751 1351 opus
775 1321 837 1348 est,
867 1315 941 1349 quod
970 1318 1013 1342 est

224 1363 410 1398 l.lasphemia,
426 1369 489 1389 cum
516 1361 603 1396 ipsius
631 1361 770 1395 potentiae,
795 1361 889 1395 potius
920 1364 1011 1386 autem

224 1409 402 1444 impotentiae,
413 1408 537 1442 prmdicti
551 1415 566 1434 a
578 1407 658 1434 vobis
674 1406 811 1434 ratiocinii
823 1406 929 1440 ,potius
948 1413 1012 1432 vero

224 1454 402 1486 irratiocinii,
425 1461 545 1488 przesens
569 1452 605 1479 sit
624 1457 829 1487 argumentum;
847 1454 921 1484 patet
945 1449 1012 1476 illud

224 1501 351 1528 similiter
367 1507 428 1526 esse
450 1499 588 1526 ruiturum
607 1507 614 1531 ;
630 1498 681 1526 etsi
696 1497 806 1524 selectis
818 1497 923 1530 aliquot
937 1496 1013 1522 locu-
1026 1513 1046 1541 c

224 1546 346 1574 tionibus
362 1553 396 1572 ex
419 1545 463 1572 his
485 1552 545 1578 qua:
569 1544 656 1578 prima
674 1543 871 1577 sequebantur,
889 1541 1009 1568 secunda

224 1590 398 1622 induxeritis,
417 1589 624 1616 multitudinem
642 1589 723 1615 nobis
737 1588 952 1620 facilitatemque
967 1594 1011 1613 ar-

223 1639 415 1670 gumentemur
441 1634 640 1667 ostendentes;
673 1633 746 1667 quod
780 1632 853 1659 enim
883 1631 1012 1659 omnibus

223 1681 372 1709 fatentibus
382 1689 444 1708 cum
461 1681 549 1708 altero
563 1680 740 1715 compatitur,
752 1687 814 1706 cum
831 1678 890 1713 ipso
902 1686 1011 1713 quoque

224 1727 378 1756 secundum
392 1726 459 1761 quid
483 1726 598 1754 omnino
620 1726 794 1761 congaudet:
821 1726 861 1753 illi
876 1733 941 1760 ergo
959 1725 1012 1752 hoc

223 1781 293 1808 opus
311 1777 354 1799 est
369 1771 405 1799 ob
424 1770 556 1806 gaudium
577 1771 732 1805 proprium.
754 1771 782 1799 Si
806 1771 889 1806 igitur
913 1771 1011 1805 hujus-

223 1819 296 1846 modi
311 1817 441 1853 gaudium
457 1820 588 1851 tanquam
607 1816 700 1850 aliqua
715 1816 843 1851 operatio
861 1815 1009 1851 gaudentis

223 1865 349 1896 habetur,
370 1863 442 1891 idem
458 1863 540 1890 nobis
561 1866 590 1889 et
603 1871 638 1889 ex
658 1863 811 1898 sympathia
827 1862 1009 1896 praecedente,

223 1917 350 1944 nuncque
359 1917 390 1936 ex
402 1908 562 1943 operatione
569 1908 703 1935 ambobus
711 1907 862 1935 ratiociniis
874 1907 1010 1934 incertum

223 1955 335 1982 fecistis.
344 1953 398 1981 Sed
410 1953 437 1980 in
444 1952 662 1987 pnecedentibus
669 1960 721 1979 nec
730 1955 822 1987 partes
830 1959 889 1978 esse
898 1951 1012 1978 omnino

223 1999 363 2038 naturales
383 2006 444 2033 quae
465 2002 530 2025 sunt
550 1998 634 2025 unita:
656 1998 684 2024 in
704 1997 873 2033 bypostasim
895 1997 1011 2024 demon-

223 2050 339 2072 stratum
362 2048 415 2076 est,
440 2050 493 2071 nec
520 2043 611 2071 unitas
629 2043 744 2070 omnino
770 2043 853 2070 etiam
876 2043 1009 2078 compati;

223 2098 275 2118 nec
289 2091 499 2124 compatientes,
511 2088 625 2116 omnino
639 2096 749 2123 quoque
764 2089 920 2116 necessario
934 2097 1011 2116 com-

223 2135 286 2171 pati.
318 2134 375 2166 Quo
407 2134 492 2169 igitur
511 2138 672 2161 remanente
687 2141 737 2160 nec
750 2133 872 2160 resoluto
882 2133 910 2160 in
921 2134 1011 2168 primo

226 2187 314 2211 vestro
324 2186 498 2217 argumento,
509 2180 543 2208 ad
552 2181 715 2208 alterutrum
727 2180 821 2207 venire
834 2180 893 2207 ausi
909 2180 1009 2213 fuistis,
1028 2177 1049 2205 D

222 2230 326 2258 clarum
343 2235 398 2255 non
415 2232 468 2255 est.

256 2274 400 2309 Quomodo
411 2272 567 2307 exemplum
579 2271 612 2298 ad
625 2270 814 2306 cognoscenda
824 2275 959 2304 prmeepla
971 2270 1013 2296 di-

222 2323 286 2349 vina
299 2321 410 2355 Deoquc
421 2317 649 2352 complacendum
664 2316 762 2343 animae
781 2323 851 2350 opus
873 2323 933 2342 esse
949 2323 1011 2342 cor-

222 2375 289 2402 pore
306 2374 322 2393 a
336 2364 416 2392 vobis
433 2363 546 2390 allatum
566 2362 627 2389 est?
649 2361 705 2388 Hoc
726 2361 810 2393 enim,
827 2360 893 2387 licet
906 2360 1012 2394 aliquo-

223 2411 304 2439 inodo
325 2410 379 2438 dici
406 2409 500 2444 possit,
537 2407 655 2435 feliciter
680 2405 754 2433 haud
777 2405 928 2437 attulistis;
956 2413 1012 2432 non

222 2457 312 2485 solum
325 2456 399 2483 enim
411 2455 444 2482 ad
460 2462 525 2481 vera
536 2453 685 2487 divinaque
704 2450 927 2486 cognoscendum
944 2450 1012 2478 illud

223 2508 265 2530 est
277 2503 333 2530 dux
346 2505 428 2536 atque
443 2501 634 2535 adjumentum
651 2498 760 2529 animm.
777 2497 824 2524 sed
850 2497 932 2524 etiam
948 2505 1011 2524 cum

223 2549 340 2576 maxime
364 2545 658 2581 nocet,spiritualium
685 2544 857 2579 spiritualem
888 2548 1013 2570 contem-

224 2595 373 2632 plationem
389 2593 563 2621 sensibilium
577 2591 773 2627 imaginatione
783 2590 962 2622 obnubilans;
977 2582 1010 2632 ex‘

223 2624 276 2677 qua
288 2640 414 2675 passione
429 2639 528 2674 sapius
539 2645 649 2673 quoque
662 2637 826 2669 offendistis,
841 2635 964 2671 qumdam
976 2624 1020 2662 ex.

224 2686 362 2723 mysteriis
384 2685 485 2713 divinis
502 2688 725 2719 perscrutantes;
747 2690 781 2710 eo
798 2682 872 2717 quod
890 2681 1010 2711 rudium.

225 2732 408 2767 corporalium
424 2737 507 2765 atque
520 2729 678 2765 hujusmodi
697 2729 869 2757 sensibilium
883 2728 1011 2756 scientia-

265 2823 274 2838 ‘
290 2822 367 2849 Rom.
388 2828 444 2848 vin.
461 2819 505 2844 “ll.

1063 225 1136 257 στῴ.
1153 225 1202 251 Διὰ
1214 225 1269 260 γὰρ
1281 225 1330 259 τῆς
1342 225 1388 251 ἀπ’
1400 224 1486 260 ἀρχῆς
1509 225 1574 252 εὐθυ
1595 244 1602 252 .
1624 244 1633 252 .
1654 244 1662 251 .
1682 226 1717 251 τὰ
1742 225 1858 261 ὁμοειδῆ

1062 273 1095 306 τῇ
1108 272 1232 306 ἁπαρχῇ,
1263 268 1323 297 εἶτα
1349 271 1395 297 καὶ
1423 270 1458 296 τὰ
1485 270 1605 304 συγγενῆ
1635 269 1740 301 τούτοις
1764 270 1859 296 πάντα

1063 318 1193 352 καὶπρὸς
1217 317 1267 352 τὴν
1289 317 1384 352 χρείαν
1406 318 1456 351 τῆς
1485 316 1655 351 καταλλὴλου
1683 316 1860 351 εὐφροσύνης

1062 362 1116 388 τῶν
1130 363 1368 398 ἐλευθερωθέντων
1383 362 1500 396 πρώτως
1511 362 1646 396 γενόμενα
1661 363 1730 397 εἴδη,
1743 362 1860 388 τελουτεί

1062 408 1193 439 Θεὸιηκαὶ
1207 408 1289 434 ἔσται
1300 410 1317 435 ὀ
1333 407 1403 440 Θεὸς
1415 408 1451 434 τὰ
1465 407 1562 435 πάντα
1576 407 1611 434 ὲν
1627 407 1712 436 πᾶσι.

1359 543 1486 570 ΚΕΦΑΛ.
1510 544 1547 570 Ζ’.

1098 590 1154 616 Πᾶν
1166 589 1254 616 ὁτιοῦν
1266 589 1458 625 συντιθέμενον
1472 590 1559 624 ἑτέρῳ
1573 589 1640 624 πρὸς
1664 590 1729 624 μιᾶς
1744 589 1858 622 φύσεως

1063 635 1110 662 καὶ
1129 636 1305 667 ὑποστάσεως
1332 635 1424 671 ζώσης
1451 635 1592 667 σύστασιν,
1614 635 1696 670 μέρος
1715 635 1858 661 δείκνυται

1062 682 1112 716 τῆς
1126 681 1356 716 ἁποτελεσθείσης
1371 682 1479 715 φύσεως
1496 682 1511 716 ἦ
1531 683 1577 708 καὶ
1591 681 1782 713 ὑποστάσεως·
1800 682 1858 708 πᾶν

1061 727 1089 753 δὲ
1106 727 1190 762 μέρος
1207 727 1314 760 φύσεως
1330 727 1346 762 ἦ
1369 728 1416 753 καὶ
1441 727 1618 758 ὑποστάσεως
1644 725 1745 761 ζώσης,
1762 726 1856 752 δέεται

1063 772 1174 803 πάντως
1198 772 1246 798 τοῦ
1266 769 1288 805 ᾧ
1312 771 1439 806 συνετέθη
1468 772 1579 807 μέρους,
1595 771 1664 807 πρὸς
1690 772 1857 807 εὐεργεσίαν

1064 817 1143 844 ἰδίαν.
1156 818 1252 844 Δέεται
1267 818 1321 854 γὰρ
1334 819 1350 853 ἡ
1364 818 1436 853 ψυχὴ
1450 818 1497 844 τοῦ
1518 818 1654 853 σώματος,
1668 819 1717 844 καὶ
1730 818 1761 844 τὸ
1773 818 1857 852 σῶμα

1030 853 1048 880 Β
1063 865 1112 898 τῆς
1129 863 1216 898 ψυχῆς
1229 885 1235 894 ,
1250 864 1362 898 θάτερον
1379 864 1494 899 θατέρου
1510 864 1614 890 οἰκείαν
1632 864 1792 899 εὐεργεσίαν
1810 873 1817 879 -
1838 865 1856 898 ἡ

1064 909 1113 944 μὲν
1127 909 1194 943 πρὸς
1211 909 1330 943 μάθησιν
1343 908 1396 935 τῶν
1413 909 1494 934 θείων
1513 908 1627 934 ἐντολῶν
1642 909 1689 935 καὶ
1703 909 1857 944 εὐαρέστη-

1064 963 1104 981 σιν
1123 955 1198 981 θείαν
1208 975 1214 985 ,
1230 955 1261 980 τὺ
1275 955 1303 981 δὲ
1317 955 1386 989 πρὸς
1400 955 1449 990 τὴν
1463 954 1536 990 ζωὴν
1554 955 1612 990 μετ¹
1627 955 1715 989 αὐτῆς
1734 956 1785 990 τῆς
1806 956 1856 981 καὶ

1061 1000 1115 1025 τῶν
1129 999 1277 1034 ὁρωμένων
1297 1000 1426 1025 ἁπάντων
1446 1000 1588 1035 κρείττονα
1605 1000 1687 1035 τιμὴν
1703 1000 1786 1036 ἔχειν.
1801 1001 1856 1028 Τὺν

1062 1045 1090 1071 δὲ
1105 1045 1171 1071 Θεὸν
1186 1045 1273 1078 Λόγον
1290 1045 1494 1079 ὑπολαμϐάνειν
1516 1045 1626 1072 δέεσθαί
1642 1055 1714 1076 τινος
1729 1046 1800 1080 πρὸς
1814 1048 1855 1072 οξ-

1062 1091 1140 1117 κειαν
1155 1091 1325 1124 εὐεργεσίαν,
1344 1091 1374 1116 οὑ
1391 1090 1471 1125 θέμις
1484 1099 1491 1105 ·
1508 1091 1559 1117 οὐκ
1581 1091 1635 1125 ἄρα
1660 1091 1790 1125 συνετέθη
1814 1091 1856 1126 τῷ

1062 1134 1091 1167 ἐξ
1114 1135 1192 1170 ἡμῶν
1206 1135 1342 1169 ἀνθρώπῳ
1365 1135 1405 1166 εἰς
1428 1135 1493 1170 μιᾶς
1515 1135 1624 1168 φύσεως
1641 1135 1657 1170 ἢ
1676 1137 1855 1168 ὑποστάσεως

1063 1179 1153 1214 ζώσης
1169 1179 1312 1207 σύστασιν.
1326 1180 1358 1206 El
1375 1180 1403 1206 δὲ
1427 1181 1572 1215 συνετέθη,
1589 1181 1637 1207 καὶ
1663 1181 1752 1208 δέεται
1768 1181 1854 1208 αὑτοῦ

1063 1225 1131 1260 arpi);
1156 1226 1259 1252 οἰκείαν
1286 1226 1457 1260 εὐεργεσίαν,
1474 1226 1543 1261 ὅπερ
1569 1226 1688 1260 ἀσεϐές,
1716 1227 1777 1253 ἐπεὶ
1803 1227 1856 1262 τῆς

1063 1271 1148 1305 αὐτῆς
1170 1271 1322 1304 δυνάμεως,
1341 1271 1442 1306 μᾶλλον
1461 1271 1490 1298 δὲ
1506 1273 1672 1306 ἀδυναμίας,
1689 1272 1736 1298 τοῦ
1757 1281 1855 1307 προει-

1064 1317 1183 1353 ρημένου
1196 1317 1259 1352 ὑμῖν
1272 1317 1465 1352 συλλογισμοῦ,
1475 1317 1576 1352 μᾶλλον
1590 1318 1618 1344 δὲ
1630 1318 1854 1352 παραλογισμοῦ,

1063 1361 1154 1386 καὶτὸ
1171 1362 1258 1395 παρδν
1284 1361 1454 1396 ἐπιχείρημά
1480 1363 1548 1393 ἐστι,
1565 1362 1645 1397 δῆλον
1670 1363 1711 1388 ὅτι
1736 1363 1784 1388 καὶ
1801 1363 1855 1398 τῆς

1063 1407 1160 1440 ὁμοίας
1179 1406 1258 1441 ἔλαχε
1274 1407 1496 1438 καταπτώσεως·
1514 1408 1537 1434 εἰ
1554 1409 1600 1434 καὶ
1621 1409 1690 1442 μετά
1703 1417 1776 1438 τινος
1789 1409 1855 1434 ἀντ-

1064 1452 1181 1486 εκλογῆς
1209 1452 1318 1485 λέξεων,
1331 1454 1362 1480 ὲκ
1376 1453 1430 1480 τῶν
1443 1454 1584 1488 ἑπομένων
1599 1455 1656 1485 τοῖς
1670 1453 1800 1489 πρώτοις,
1818 1454 1854 1481 τὰ

1064 1497 1179 1532 δεύτερα
1207 1498 1381 1532 εἰσηγὰγετε,
1413 1499 1516 1533 πλῆθος
1543 1500 1609 1534 ἡμῖν
1639 1500 1686 1526 καὶ
1717 1500 1853 1535 εὐπορίαν

1064 1544 1288 1579 ἐπιχειρημάτων
1314 1544 1521 1579 ἐμφανίζοντες.
1545 1546 1581 1571 Τὸ
1607 1546 1662 1581 γὰρ
1687 1547 1852 1581 συμπάσχον

1062 1590 1116 1615 τινὶ
1148 1590 1384 1625 ὁμολογουμένως,
1402 1591 1489 1625 τούτῳ
1518 1592 1588 1617 κατὰ
1617 1601 1643 1618 τι
1670 1592 1779 1623 πάντως
1802 1593 1851 1618 καὶ

1063 1635 1205 1670 συνήδεται
1221 1643 1228 1651 ⁵
1247 1636 1326 1661 τοῦτο
1357 1636 1410 1670 ἄρα
1434 1636 1480 1663 καὶ
1502 1637 1588 1663 δεῖται
1621 1637 1704 1664 αὑτοῦ
1732 1638 1777 1664 διὰ
1802 1638 1852 1672 τὴν

1062 1682 1166 1708 οἰκείαν
1181 1681 1287 1716 ἡδονήν.
1301 1682 1385 1717 Εἴπερ
1404 1681 1450 1708 οὖν
1465 1684 1481 1717 ἡ
1499 1683 1589 1715 τεῦξις
1602 1683 1651 1718 τῆς
1667 1683 1771 1711 τοιάσδε
1787 1685 1851 1718 ἡδο-

1062 1727 1111 1761 νῆς
1131 1727 1276 1762 εὐεργεσία
1292 1735 1335 1758 τις
1355 1727 1394 1761 τῷ
1411 1728 1534 1762 ἡδομένῳ
1555 1728 1721 1761 λελόγισται,
1738 1729 1768 1755 τὸ
1785 1729 1852 1754 αὐτὸ

1062 1773 1128 1807 ἡμῖν
1143 1773 1174 1798 ἐκ
1187 1781 1216 1799 τε
1235 1773 1286 1806 τῆς
1302 1772 1476 1808 συμπαθείας
1492 1773 1597 1808 πρώην,
1611 1774 1658 1800 καὶ
1671 1773 1720 1799 νῦν
1743 1774 1774 1800 ἐκ
1800 1774 1852 1808 τῆς

1063 1818 1223 1852 εὐεργεσίας
1239 1817 1273 1844 δι’
1290 1818 1455 1854 ἀμφοτέρων
1466 1819 1521 1845 τῶν
1534 1819 1758 1854 ἐπιχειρημάτων
1778 1820 1851 1854 ﬁxo-

1064 1863 1174 1898 ρήσατε.
1197 1862 1267 1889 Ἀλλ’
1280 1864 1309 1890 ἐν
1326 1864 1375 1898 μὲν
1392 1865 1447 1895 τοῖς
1465 1863 1612 1897 φθάσασιν,
1632 1864 1685 1890 ῑδοὺ
1699 1864 1760 1890 οὔτε
1777 1866 1850 1899 μέρη

1062 1906 1133 1935 εἶναι
1157 1908 1265 1940 πάντως
1280 1909 1382 1944 φυσικὰ
1396 1910 1430 1936 τὰ
1447 1910 1626 1943 συντιθέμενα
1645 1911 1685 1941 εἰς
1699 1911 1852 1937 ὑπόστασιν

1062 1954 1208 1988 ἐδείκνυτο,
1220 1954 1281 1982 οὔτε
1298 1955 1461 1982 συντεθέντα
1478 1955 1586 1987 πάντως
1602 1956 1649 1982 καὶ
1664 1955 1849 1990 συμπάσχειν·

1062 1999 1124 2026 οὔτε
1152 2001 1359 2036 συμπάσχοντα,
1375 2001 1483 2033 πάντως
1507 2003 1552 2028 καὶ
1570 2002 1707 2033 ἀκουσίως
1739 2002 1850 2036 συμπά-

1064 2055 1149 2081 σχειν.
1167 2047 1246 2078 Τίνος
1273 2047 1321 2073 οὖν
1346 2047 1517 2074 ἀκαταλύτου
1543 2048 1725 2082 φυλαχθέντος
1755 2049 1783 2074 ἐν
1812 2048 1853 2082 τῷ

1063 2092 1167 2128 πρώτῳ
1178 2092 1255 2127 ὑμῶν
1271 2094 1480 2128 ἐπιχειρήματι,
1495 2093 1564 2128 πρὸς
1584 2093 1614 2120 τὸ
1628 2093 1741 2130 θάτερον
1763 2093 1852 2120 stem

1064 2137 1242 2173 ἐτολμήσατε,
1255 2138 1283 2164 οὑ
1297 2138 1423 2173 φανερόν.

1098 2270 1134 2295 Τὺ
1155 2269 1183 2295 δὲ
1209 2268 1387 2304 παράδειγμα
1409 2268 1469 2294 τόδε
1492 2269 1522 2295 τὺ
1545 2269 1610 2304 παρ’
1623 2267 1700 2302 ὑμῶν
1718 2267 1759 2293 ὅτι
1782 2267 1852 2302 πρὸς

1065 2315 1183 2350 μάθησιν
1200 2314 1254 2340 τῶν
1270 2314 1350 2341 θείων
1364 2315 1479 2341 ἐντολῶν
1498 2315 1546 2341 καὶ
1563 2314 1742 2349 εὐαρέστησιν
1764 2313 1853 2339 δεῖται

1063 2361 1110 2388 τοῦ
1128 2360 1254 2396 σώματος
1271 2361 1287 2395 ἡ
1302 2359 1374 2395 ψυχὴ
1386 2380 1392 2392 ,
1410 2360 1468 2392 πῶς
1486 2361 1539 2395 ἄρα
1554 2361 1618 2395 ὑμῖν
1635 2361 1741 2395 εἴρηται
1755 2367 1762 2391 ;
1782 2359 1852 2385 Οὐδὲ

1063 2407 1119 2442 γὰρ
1138 2406 1228 2439 τοῦτο,
1257 2407 1347 2433 καίτοι
1369 2415 1428 2437 πως
1440 2406 1569 2440 λέγεσθαι
1586 2406 1743 2440 δυνάμενον,
1760 2405 1852 2437 καλῶς

1064 2453 1144 2486 ὑμεῖς
1168 2452 1341 2487 πρνιηγάγετε
1356 2459 1362 2466 ’
1380 2453 1428 2478 καὶ
1453 2452 1508 2486 γὰρ
1536 2452 1566 2477 οὐ
1594 2452 1661 2486 πρὸς
1685 2451 1734 2485 τὴν
1762 2451 1852 2485 μάθη-

1066 2507 1107 2524 σιν
1131 2498 1185 2524 τῶν
1206 2497 1315 2533 ἀληθῶν
1334 2498 1381 2524 καὶ
1406 2498 1496 2529 θείων,
1512 2497 1592 2525 τοῦτό
1617 2498 1675 2523 ἐστι
1694 2497 1724 2522 τὸ
1737 2497 1852 2531 ὁδηγοῦν

1065 2543 1112 2570 καὶ
1141 2543 1335 2578 συναιρόμενον
1359 2544 1390 2577 τῇ
1412 2542 1486 2577 ψυχῇ
1499 2550 1507 2558 ⁸
1523 2541 1581 2568 ἀλλ’
1597 2541 1670 2568 ἐστιν
1692 2541 1736 2568 ὅτε
1757 2542 1804 2567 καὶ
1818 2542 1853 2567 τὰ

1067 2590 1184 2622 μέγιστα
1199 2588 1400 2622 παραϐλάτιτει,
1416 2588 1463 2622 τὴν
1478 2588 1530 2614 τῶν
1545 2587 1648 2621 νοητῶν
1667 2587 1766 2621 νοητὴν
1789 2587 1851 2612 ἐπι-

1068 2634 1179 2666 σκιάζον
1194 2633 1311 2669 θεωρίαν
1326 2633 1370 2660 διὰ
1383 2634 1432 2668 τῆς
1453 2634 1506 2660 τῶν
1521 2633 1659 2668 αἰσθητῶν
1679 2631 1830 2666 φαντασίας
1845 2639 1851 2646 '

1066 2678 1141 2715 ᾧπερ
1158 2680 1204 2707 καὶ
1220 2681 1387 2715 συχνοτέρως
1402 2682 1586 2715 προσπταίετε
1604 2679 1685 2706 πάθει
1711 2678 1776 2712 περὶ
1799 2677 1854 2704 τῶν

1067 2726 1227 2762 θεοπρεπῶν
1237 2727 1402 2762 ἐρευνῶντές
1412 2736 1472 2753 τινα
1487 2726 1661 2761 μυστηρίων·
1677 2724 1718 2750 ὅτι
1731 2723 1787 2759 γὰρ
1800 2722 1852 2749 τῶν
