1973 3098
131 146 200 180 1129

599 151 796 182 ΑωἙὶἱὸυὸ
815 151 1132 182 ΝΕΒἸὈΒΙΑΝΟδπέ
1148 155 1220 184 LIB.
1243 154 1268 184 Ι.

1685 151 1753 183 H30

131 206 230 233 ὐλικῶν
249 207 296 232 καὶ
322 207 486 241 σωματικῶν
500 208 546 233 καὶ
562 208 612 234 τῶν
628 210 686 235 κατ’
703 208 830 243 αῐσθησιν
857 217 910 244 μα-

970 217 1024 236 rum
1049 210 1173 245 lapides,
1191 212 1283 246 ligna,
1303 210 1575 243 anitualia.cmlum,
1600 210 1659 243 sol,
1683 219 1754 245 aqua

130 253 234 287 θήσεων
258 253 327 280 λίθοι
357 254 403 279 καὶ
430 253 496 286 ξύλα
517 254 563 280 καὶ
582 253 638 286 ζῶα
663 255 709 281 καὶ
729 255 844 290 οὐρανὸς
867 255 914 282 καὶ

130 298 203 333 ﬁlio;
218 298 264 324 καὶ
282 298 353 333 ὕδωρ
366 299 413 325 καὶ
431 299 485 334 πῦρ
501 300 585 330 ἐστιν,
637 298 678 331 οἷς
695 300 708 326 ὀ
730 300 837 332 δλισθος
858 301 914 327 τῶν

129 344 235 370 ασεϐὦν
263 345 310 370 καὶ
335 345 617 380 εἰδωλολατρῶν,τῶν
643 346 726 380 μηδὲν
753 346 834 373 πλέον
859 347 914 372 τῶν

128 390 274 424 ὁρωμένων
288 390 457 422 δοξασὰντων
474 392 514 422 εἰς
528 391 696 424 θεοσέϐειαν,
711 392 825 426 γέγονεν
836 391 915 425 εὔδη-

127 436 174 462 λος
186 437 272 463 ἆπασι
289 445 297 452 ·
311 438 358 463 καὶ
375 438 416 463 ὅτι
428 439 444 471 ή
459 437 532 472 ψυχὴ
545 438 574 463 οῦ
591 437 739 472 πειθομένη
759 439 792 473 τῇ
808 438 851 464 διὰ
867 438 914 465 τοῦ

129 481 257 516 σώματος
269 483 394 518 αἰσθήσει
405 483 473 518 μόνῃ
484 483 556 518 λόγῳ
570 480 645 520 εῦρε,
655 483 702 510 καὶ
716 484 746 509 οὐ
763 484 798 510 δι’
810 484 917 517 αἰσθή-

129 536 206 560 σεως
228 529 274 555 τὸν
298 529 413 564 ἀόρατον
441 529 519 555 τοῦδε
542 529 590 556 τοῦ
615 529 715 560 παντὸς
729 531 914 565 Δημιουργδν,

130 575 218 600 καίτοι
243 575 279 610 μὴ
297 574 413 609 ὀφθέντα
435 576 563 611 αἰσθήσει
578 577 730 613 πώποτε,ἢ
749 576 916 611 σωματικῶς

128 620 201 650 ὄντα.
217 620 285 651 ὅλως
301 621 432 655 γνωστδν,
449 623 510 649 οὐδὲ
523 624 594 658 ὑμᾶς
611 622 914 658 οἷμαιδιαμφιὸἁλλειν.

129 665 190 696 Πῶς
220 666 246 691 δὲ
273 666 320 692 καὶ
345 667 376 692 τὸ
395 667 548 702 ἐπιθυμοῦν
577 668 647 695 κατὰ
674 667 723 694 τοῦ
747 668 915 702 πνεύματος,

129 713 195 746 πρὸς
211 713 329 747 μάθησιν
343 713 398 739 τῶν
418 713 500 740 θείων
521 715 637 741 ἐντολῶν
661 716 707 741 καὶ
722 714 915 749 εὐαρέστησιν,

127 758 332 793 συμῦἀλλεσθαι
349 759 423 794 αὐτῷ
434 761 536 786 εἴποιτε
549 760 582 786 ἂν
597 760 695 794 ὀρθῶς,
709 761 732 787 εἰ
758 761 795 795 μή
813 769 840 786 τι
862 760 916 794 ἄρα

126 806 182 836 τοῖς
198 805 301 832 τούτων
315 807 448 846 ἐναντίοις
466 806 497 832 τὺ
512 806 624 841 Πνεῦμα
642 806 819 841 συναίρεσθαι
835 806 916 841 νομι-

127 851 198 884 ζετε,
215 852 325 887 ἄδηλον.
346 853 375 879 '0
389 853 417 879 δὲ
438 852 536 886 λέγων,
557 853 604 885 Τίς
617 861 655 887 με
668 853 794 886 ῥύσεται
809 853 843 879 ἐκ
863 852 916 878 τοῦ

127 897 265 931 σώματος
278 898 332 924 τοῦ
346 900 476 926 θανάτου
496 899 613 930 τηύτου,
632 897 686 934 ἄρα
708 898 756 924 τοῦ
777 898 844 933 πρὸς
865 898 918 932 μά-

128 942 207 978 θησιν
217 943 272 969 τῶν
287 943 368 970 θείων
385 944 498 970 ἐντολῶν
511 945 559 970 καὶ
572 945 754 980 εὐαρέστησιν
770 944 916 980 χρειὼδους

129 989 261 1024 ρυσθῆναι
275 990 414 1023 memmi;
433 991 489 1016 Καὶ
508 990 567 1021 πῶς
582 991 610 1016 ὲν
625 990 710 1020 ὁσίοις
729 989 776 1016 καὶ
797 989 917 1015 θεοδιδὰ-

129 1042 204 1065 κτοις
221 1034 267 1060 καὶ
286 1034 420 1067 φιλοθέοις
432 1032 508 1065 οὗτος
520 1035 672 1070 ἐπίσημοςς
689 1034 721 1060 Τί
736 1035 764 1060 δὲ
784 1033 817 1061 ἂν
832 1034 918 1060 sinet-

129 1088 180 1114 μεν
194 1081 225 1106 ἐκ
243 1081 290 1115 τῆς
312 1080 476 1116 καθημέραν
489 1081 553 1115 περὶ
570 1081 620 1111 τὰς
644 1080 803 1114 σωματικὰς
819 1080 918 1114 έτίιμε-

128 1125 204 1157 λείας
228 1126 307 1160 ήμῶν
329 1126 525 1160 πνευματικῶν
549 1126 695 1160 μαθήσεων
719 1126 764 1152 καὶ
790 1125 918 1160 πράξεων

129 1172 194 1206 ἡμῖν
222 1171 456 1206 ἀμϐλυνομένων;
478 1172 549 1198 Ἀλλ’
563 1173 637 1198 ἐστιν
670 1171 778 1207 ἀληθῶς
804 1171 867 1198 ἰδεῖν
885 1171 916 1197 τὸ

127 1217 258 1244 ὲναντῑον.
279 1219 314 1244 Ἢ
333 1217 463 1252 βούλεσθε
479 1218 563 1250 δεῖξαι
581 1218 781 1252 κερδαίνουσαν
796 1217 846 1252 τὴν
867 1217 918 1251 ψυ-

128 1264 179 1299 χὴν
196 1264 238 1290 διὰ
257 1263 400 1298 σώματος;
416 1265 454 1298 Τῇ
468 1264 523 1299 γὰρ
540 1264 608 1299 πρὸς
624 1264 704 1290 τοῦτο
720 1264 794 1298 μάχῃ
816 1264 862 1289 καὶ
883 1264 916 1298 τῇ

128 1309 223 1336 τούτου
251 1310 372 1346 παιδείᾳ,
391 1309 488 1345 μισθὸν
511 1311 595 1344 ἑαυτῇ
624 1311 817 1344 περιποιεῖται,
836 1309 918 1344 μέχρι

130 1355 209 1390 μόνον
224 1356 300 1382 τοῦδε
314 1358 363 1391 τῆς
378 1356 438 1383 κατ’
452 1357 518 1383 αὐτὸ
534 1355 673 1391 φροντίδος
687 1355 853 1390 ἀντεχομένη
870 1353 918 1381 τοῦ

130 1401 167 1437 μὴ
181 1402 290 1428 ὀδυνοῦν
305 1403 402 1438 αὐτὴν,
420 1402 475 1428 τῶν
495 1402 568 1428 ἰδίων
584 1402 731 1436 ἐνεργειῶν
747 1401 921 1435 ὲμποδέζειν»

139 1449 155 1484 ἢ
185 1448 303 1483 θνῆσκον
326 1449 370 1475 διὰ
392 1449 422 1475 τὸ
441 1449 584 1483 ὑπἀὐτῆς
609 1447 790 1482 ἀπρονόητον,
808 1447 918 1472 αὐτονο-

131 1493 195 1528 μίαν
208 1494 258 1528 τῆς
272 1493 375 1525 λύσεως
392 1494 439 1520 τοῦ
457 1494 526 1529 πρὸς
541 1494 607 1520 αὐτο
621 1492 721 1527 δεσμοῦ
739 1493 918 1528 κατηγορεῖν.

967 255 1092 290 ignisque
1108 261 1159 289 est,
1176 257 1204 284 in
1221 257 1321 291 quibus
1337 265 1416 284 casus
1431 256 1579 291 impiorum
1596 263 1628 283 ac
1642 255 1755 284 idolola-

969 306 1084 334 trarum,
1104 302 1173 329 nihil
1192 303 1279 337 majus
1301 311 1382 337 quam
1398 302 1540 330 sensibilia
1560 302 1752 330 arbitrantium

966 346 1001 373 ad
1016 347 1158 381 pietatem,
1170 349 1299 376 omnibus
1313 349 1427 376 evidens
1438 349 1527 376 factus
1549 353 1607 381 est;
1625 348 1753 383 quodque

967 394 1058 421 anima
1082 394 1190 422 ratione
1213 395 1319 431 invenit
1347 403 1402 422 non
1430 396 1488 422 sola
1509 395 1644 429 corporali
1661 402 1756 429 perce-

966 445 1069 472 ptione:
1083 449 1135 469 nec
1156 449 1205 476 per
1215 441 1393 468 sensationem
1415 440 1585 468 invisibllem
1602 440 1685 473 hujus
1699 440 1761 466 uni-

970 483 1042 510 versi
1055 483 1223 515 Creatorem,
1241 483 1304 511 licet
1321 490 1374 510 non
1389 489 1544 518 perceptum
1558 491 1674 518 unquam
1690 492 1755 511 seu-

971 529 1055 562 sibus,
1067 533 1114 556 aut
1134 529 1313 563 corporaliter
1332 529 1519 560 exsistentem,
1532 529 1643 556 omnino
1661 531 1754 565 cogni-

972 577 1039 606 tum,
1055 581 1106 602 nec
1138 582 1185 602 vos
1213 574 1288 609 ipsos
1311 574 1435 601 dubitare
1458 574 1595 601 existimo.
1613 573 1756 607 Quomodo

967 630 1059 651 autem
1075 625 1273 660 concupiscere
1284 624 1435 651 secundum
1453 623 1592 657 spiritum,
1610 620 1642 647 ad
1655 628 1756 655 cogno-

967 670 1069 697 scenda
1091 670 1183 697 divina
1199 670 1327 697 mandata
1343 668 1625 704 eomplacendumque
1646 667 1711 698 Deo,
1724 667 1756 693 ad

968 716 1058 750 ipsum
1082 717 1179 744 referri
1203 722 1277 744 recte
1299 716 1407 748 dicetis.
1427 715 1478 743 nisi
1501 715 1572 742 forte
1600 715 1627 741 in
1647 715 1757 741 illorum

968 763 1116 790 contrariis
1125 763 1253 798 spiritum
1265 763 1395 798 adjuvare
1421 762 1595 794 existimetis,
1608 768 1662 788 non
1672 764 1756 795 patet.

968 807 1020 840 Qui
1036 815 1105 834 vero
1119 807 1186 834 dicit
1202 817 1207 834 :
1222 807 1283 839 Quis
1299 815 1339 834 me
1357 806 1477 833 liberabit
1493 806 1524 832 de
1547 813 1656 840 corpore
1668 805 1759 831 mortis

969 853 1047 888 hujus
1068 854 1096 880 σι
1122 862 1186 880 num
1205 861 1239 880 ne
1264 846 1310 880 de‘
1328 853 1387 880 utili
1417 851 1608 886 cognoscendo
1631 851 1759 878 mandata

970 898 1062 925 divina
1078 899 1188 933 Deoque
1209 898 1406 933 complaeendo
1422 898 1556 925 liberetur
1572 897 1672 924 timet?
1685 897 1761 930 Quo-

969 944 1107 978 modoque
1131 945 1158 971 in
1179 945 1282 971 sanctis
1308 944 1356 972 Dei
1373 943 1539 971 docibilibus
1554 947 1636 977 atque
1654 942 1760 970 devotis

970 990 1013 1017 hic
1040 991 1195 1026 praecipuus
1221 990 1294 1017 fuit?
1317 990 1388 1023 Quid
1404 989 1564 1024 nosmetipsi
1588 989 1713 1016 dicemus
1728 988 1762 1016 dc

969 1036 1139 1070 quotidianis
1162 1036 1265 1063 nostris
1290 1036 1362 1063 circa
1388 1036 1547 1070 corporales
1572 1043 1654 1063 curas
1680 1035 1762 1070 spiri-

969 1081 1090 1108 tualibus
1109 1082 1284 1108 documentis
1302 1081 1512 1116 actionibusque
1538 1089 1553 1108 a
1575 1081 1656 1108 nobis
1672 1081 1760 1117 negli-

969 1131 1065 1161 genter
1081 1127 1184 1162 gestis?
1199 1127 1253 1154 Sed
1267 1128 1439 1154 contrarium
1460 1135 1525 1154 vere
1539 1127 1689 1154 videndum
1707 1130 1760 1154 est.

969 1171 1023 1198 Aut
1040 1171 1123 1198 vultis
1136 1171 1324 1206 proﬁcientem
1337 1180 1370 1198 ex
1380 1179 1496 1206 corpore
1515 1171 1634 1198 animatn
1647 1172 1762 1198 demon-

969 1215 1076 1242 strare?
1096 1215 1237 1242 Adversus
1266 1216 1339 1242 enim
1366 1215 1433 1242 illud
1457 1215 1607 1250 pugnando
1637 1215 1762 1249 illudque

969 1260 1128 1295 castigando
1148 1261 1304 1288 mercedem
1329 1261 1382 1288 sibi
1396 1265 1546 1296 comparat,
1560 1264 1655 1288 contra
1671 1260 1761 1296 ipsum

970 1306 1159 1332 tantummodo
1179 1306 1314 1334 meditans
1334 1314 1368 1334 ne
1393 1307 1451 1341 ipsa
1479 1307 1526 1333 det
1553 1314 1658 1341 poenas,
1676 1312 1761 1342 utque

969 1352 1176 1386 operationibus
1199 1352 1274 1379 illius
1292 1352 1434 1379 obstacula
1457 1352 1565 1380 afferat.
1583 1352 1662 1386 Quod
1679 1352 1761 1380 etiam

969 1402 1084 1424 vocatur
1103 1398 1225 1424 moriens
1245 1405 1279 1424 eo
1301 1399 1375 1432 quod
1392 1398 1438 1425 illa
1454 1406 1508 1425 non
1524 1399 1692 1434 prmviderit,
1709 1407 1760 1426 no-

969 1451 1032 1470 men
1057 1444 1203 1471 solutionis
1229 1452 1244 1471 a
1263 1444 1374 1471 vinculo
1400 1445 1525 1479 corporis
1551 1445 1682 1472 obtinuit.
1696 1445 1760 1472 Iden

969 1489 1081 1523 quidem
1106 1494 1133 1516 et
1153 1497 1204 1517 nos
1229 1490 1255 1517 in
1282 1497 1366 1517 carne
1390 1489 1524 1522 viventes.
1540 1499 1594 1518 non
1609 1491 1760 1518 secundum

129 1538 174 1565 Διὸ
188 1538 220 1574 δὴ
234 1540 281 1566 καὶ
303 1539 331 1565 ἐν
353 1540 434 1575 σαρκὶ
449 1540 560 1572 ζῶντες,
578 1539 615 1574 μὴ
639 1538 710 1565 κατὰ
730 1538 819 1574 σάρκα
839 1546 917 1574 περι-

970 1543 1081 1563 carnem
1104 1536 1243 1563 ambulare
1266 1536 1385 1563 ordinati
1408 1544 1513 1564 sumus.

131 1587 224 1612 πατεῖν
243 1586 500 1626 προστετάγμεθση

425 1656 550 1683 ΚΕΦᾹΛ.
580 1657 618 1684 ll'.

164 1722 221 1749 Πᾶν
232 1723 321 1750 ὁτιοῦν
332 1724 523 1759 συντιθέμενον
537 1724 622 1758 ἑτέρῳ
634 1725 795 1760 έτεροουσὶῳ
804 1726 843 1757 εἰς
853 1726 918 1760 μίαν

130 1765 234 1801 wiser»;
251 1768 266 1803 ἢ
285 1769 461 1800 ὑποστάσεως
474 1769 615 1800 σύστασιν,
628 1770 709 1804 μέρος
722 1771 771 1804 τῆς
786 1771 918 1797 ἀποτελε-

131 1811 243 1846 σθεὶσης
265 1812 294 1845 ἐξ
312 1812 403 1838 αὐτῶν
420 1813 526 1846 φύσεως
545 1813 701 1840 δείκνυται·
720 1815 774 1840 πᾶν
789 1814 817 1841 δὲ
835 1815 919 1849 μέρος

129 1857 299 1892 ἑτεροοὺσιον
312 1859 378 1893 μιᾶς
392 1858 500 1893 φύσεως
514 1859 529 1893 ἢ
544 1860 731 1892 ὑποστάσεως,
746 1861 777 1886 οὐ
794 1861 919 1887 καλεῖται

129 1902 167 1937 τῷ
192 1903 305 1937 ὀνόματι
329 1903 435 1930 ἐκείνου
461 1900 536 1938 ᾧπερ
562 1903 725 1937 σύγκειται·
741 1906 790 1931 καὶ
804 1906 850 1931 ἐπὶ
871 1905 918 1932 τοῦ

129 1948 273 1983 ἀνθρώπου
288 1949 353 1982 γὰρ,
370 1949 394 1975 εἰ
408 1949 457 1976 καὶ
472 1950 505 1975 τὰ
533 1949 604 1984 μέρη
627 1949 709 1976 αὐτοῦ
733 1950 856 1977 καλεῖται
880 1950 920 1986 τῷ

128 1994 176 2021 τοῦ
191 1995 250 2022 ὅλου
266 1995 378 2030 ὀνόματι
396 1995 466 2028 μετά
484 1996 642 2031 προσθήκης
656 1996 728 2027 τινὸς
741 1996 787 2023 τοῦ
801 1997 855 2023 ἔσω
873 1997 920 2024 καὶ

129 2041 192 2074 ἔξω,
215 2041 228 2076 ἢ
246 2042 296 2068 οὐκ
321 2041 386 2068 ἄνευ
405 2042 563 2076 προσθήκης
585 2042 710 2068 τοιᾶσδε·
726 2043 751 2069 εἰ
770 2043 798 2069 δὲ
823 2044 869 2069 καὶ
889 2043 919 2070 τὸ

129 2086 190 2113 ὅλον
211 2086 267 2113 ἀπὸ
294 2087 392 2121 μέρους
413 2087 478 2113 ποτὲ
499 2087 673 2122 σημαίνεται,
690 2088 748 2114 ἀλλ’
761 2085 807 2114 οὖν
827 2097 859 2122 γε
883 2089 919 2115 τὰ

133 2131 203 2166 μέρη
218 2130 272 2157 τῶν
283 2131 384 2165 ἑτέρων
399 2130 490 2165 μερῶν
505 2131 555 2157 οὐκ
563 2131 678 2166 ἠξίωται
691 2132 746 2158 τῶν
763 2132 915 2167 ὀνομάτων·

130 2176 191 2203 οὔτε
207 2176 262 2211 γὰρ
277 2176 350 2211 ψυχὴ
367 2176 435 2211 σὰρξ
450 2175 584 2210 καλεῖται,
600 2176 661 2203 οὔτε
677 2177 746 2212 σὰρξ
760 2178 842 2213 ψυχή.
860 2179 917 2205 Πᾶν

129 2223 183 2258 ἄρα
198 2222 389 2257 συντιθέμενον
401 2222 488 2257 ἑτέρῳ
500 2223 664 2258 ἐτεροουσίῳ
677 2211 718 2254 εἰς
733 2211 918 2259 praeducit»;
932 2211 957 2241 D

129 2269 145 2304 ἦ
164 2268 211 2295 καὶ
227 2268 401 2295 bneﬁcium:
417 2268 560 2301 σύστασιν,
577 2268 626 2295 οὐκ
638 2268 752 2303 ἠξίωται
765 2269 811 2296 τοῦ
824 2270 920 2305 ἐτέρου

132 2315 231 2350 μέρους
250 2315 297 2341 τοῦ
314 2315 455 2350 ὀνόματος.
473 2314 504 2340 El
522 2314 550 2340 δὲ
569 2314 665 2348 τοῦτο,
679 2314 696 2350 ἢ
712 2315 742 2342 οὒ
761 2316 889 2351 συνετέθη
905 2316 919 2342 ὁ

129 2362 195 2393 Θεὸς
210 2361 297 2394 Λόγος
321 2360 360 2396 τῷ
384 2360 414 2392 ἐξ
437 2360 517 2397 ήμῶν
531 2359 678 2396 ἀνθρώπῳ,
693 2361 757 2392 Υἱὸς
772 2361 918 2396 ἀνθρώπου

129 2406 324 2443 λεγόμενος,ἦ
353 2398 502 2440 συντεθεὶς,
519 2406 580 2433 οὔτε
609 2406 690 2438 αὐτὸς
718 2406 825 2441 λέγεται
854 2407 919 2440 Υἱὸς

82 2457 85 2459 “
128 2452 294 2488 ἀνθρώπου,
321 2452 381 2478 οὐδὲ
408 2452 439 2478 τὸ
468 2452 498 2485 ἐξ
527 2453 622 2488 ἡμῶν,
651 2452 714 2484 Υἱὸς
740 2452 820 2487 Θεοῦ,
850 2453 918 2489 ὅπερ

129 2499 237 2531 ἀσεϐές.

163 2591 221 2618 Νῦν
252 2590 346 2625 ὥσπερ
367 2591 556 2626 ἀμελήσαντες
587 2591 652 2626 περὶ
671 2591 725 2618 τῶν
743 2593 915 2627 πραγμάτων

131 2635 232 2668 ζητεῖν,
248 2636 287 2667 εἰς
303 2636 352 2670 τὴν
372 2637 437 2671 περὶ
449 2636 504 2662 τῶν
519 2636 643 2672 κλήσεων
665 2636 777 2671 ἔρευναν
795 2646 916 2672 μετεχω-

132 2680 244 2716 ρήσστε,
259 2683 305 2709 καὶ
318 2682 475 2717 θαυμαστόν
495 2691 519 2708 τι
533 2683 607 2717 ἡμᾶς
627 2681 766 2714 tandem
790 2683 835 2710 διὰ
850 2693 918 2710 παν-

129 2728 175 2759 τὸς
199 2729 276 2755 τοῦδε
297 2729 344 2756 τοῦ
369 2730 585 2765 ἐπιχειρήματος
600 2728 688 2764 ὑμῶν,
704 2728 742 2760 ὡς
768 2729 868 2763 μᾶλλον
885 2730 918 2757 ἂν

130 2775 236 2807 λέγοιτο
255 2775 295 2810 τῷ
317 2775 364 2802 τοῦ
383 2776 476 2812 ἐτέρου
492 2776 605 2811 ὀνόματι
621 2774 651 2801 τὸ
667 2773 754 2810 πάντη
775 2775 857 2802 αὑτοῦ
873 2785 916 2804 κε-

168 2866 177 2880 ⁵
197 2865 275 2892 Rom.
293 2873 338 2898 vu,
356 2866 399 2892 :25.

1286 1651 1361 1678 CAP.
1380 1650 1447 1677 Vill.

1004 1717 1090 1745 Omne
1101 1717 1286 1753 quodcunque
1299 1718 1407 1745 unitum
1420 1718 1499 1745 alteri
1508 1717 1623 1744 alterius
1632 1717 1761 1744 substan-

971 1766 1013 1792 tim
1028 1764 1055 1792 in
1069 1772 1151 1792 unam
1164 1769 1270 1792 natura:
1283 1763 1326 1791 vel
1346 1763 1500 1799 hypostasis
1517 1761 1759 1791 constitutionem.

969 1810 1098 1845 perfecta:
1109 1818 1142 1837 cx
1154 1810 1221 1844 ipsis
1233 1813 1340 1836 natura:
1351 1817 1415 1843 pars
1426 1808 1545 1835 videtur.
1558 1807 1655 1834 Omnis
1669 1811 1760 1834 autem

970 1864 1033 1890 pars
1056 1856 1171 1883 alterius
1191 1855 1355 1882 substantiae
1373 1859 1477 1881 natura:
1497 1853 1580 1880 unius
1601 1852 1645 1880 vel
1660 1856 1688 1879 et
1712 1853 1762 1888 hy-

970 1901 1098 1936 postasis.
1122 1908 1178 1928 non
1197 1901 1310 1927 nomine
1338 1904 1454 1926 vocatur
1486 1899 1561 1926 illius
1584 1899 1628 1925 cui
1651 1898 1760 1930 unitur;

970 1947 1059 1982 deque
1078 1947 1152 1974 enim
1180 1947 1303 1978 homine,
1337 1945 1389 1972 etsi
1410 1950 1505 1980 partes
1532 1944 1606 1972 illius
1628 1948 1762 1972 vocentur

971 1994 1081 2021 nomine.
1100 1994 1186 2021 totius
1204 1997 1268 2029 post
1282 1993 1500 2021 additamentum
1519 1993 1657 2028 quoddam
1676 1993 1762 2019 inter-

969 2047 1035 2066 num
1057 2044 1138 2074 atque
1154 2044 1311 2072 externum,
1328 2040 1371 2067 vel
1385 2039 1444 2067 sine
1464 2040 1520 2066 ullo
1538 2039 1695 2074 hujusmodi
1714 2038 1762 2065 ad-

969 2087 1134 2118 ditamento,
1162 2086 1214 2113 etsi
1241 2094 1308 2113 vero
1333 2090 1422 2112 totum
1448 2093 1482 2112 ex
1504 2089 1583 2120 parte
1613 2084 1760 2120 aliquando

969 2132 1151 2168 significetur.
1175 2133 1222 2160 sed
1248 2133 1372 2168 profecto
1391 2138 1483 2168 partes
1498 2133 1619 2168 partium
1644 2133 1760 2159 aliarum

969 2186 1025 2206 non
1044 2179 1204 2206 nominibus
1217 2179 1306 2214 dignae
1319 2179 1495 2214 iudicantur;
1511 2187 1566 2205 non
1581 2179 1654 2206 enim
1669 2178 1759 2205 anima

971 2232 1036 2252 caro
1056 2229 1172 2252 vocatur
1200 2233 1252 2252 nec
1275 2232 1339 2252 caro
1358 2224 1460 2251 anima.
1485 2223 1571 2250 Omne
1597 2231 1662 2258 ergo
1679 2223 1760 2251 alteri

971 2271 1085 2298 alterius
1114 2271 1277 2298 substantia:
1300 2271 1408 2298 unitum
1431 2270 1458 2297 in
1489 2270 1572 2297 unius
1590 2274 1694 2298 naturae
1719 2270 1760 2296 vel

970 2323 998 2343 et
1024 2317 1179 2352 hypostasis
1199 2316 1437 2348 constitutionem,
1455 2323 1509 2344 non
1521 2315 1633 2350 dignum
1648 2315 1761 2342 alterius

971 2363 1058 2397 partis
1086 2362 1198 2389 nomine
1211 2361 1362 2396 iudicatur.
1380 2360 1409 2389 Si
1424 2365 1515 2388 autem
1537 2361 1573 2387 ita
1587 2361 1634 2392 sit.
1647 2360 1690 2386 vel
1705 2368 1760 2386 non

971 2409 1065 2436 unitus
1084 2410 1126 2436 est
1148 2408 1231 2435 alicui
1249 2416 1282 2435 ex
1306 2407 1386 2435 nobis
1407 2407 1480 2434 Deus
1496 2406 1628 2438 Verbum,
1649 2405 1696 2441 qui
1716 2405 1760 2432 Fi-

969 2455 1024 2482 lius
1044 2454 1164 2481 hominis
1181 2453 1293 2486 dicitur,
1315 2453 1358 2481 vel
1383 2453 1478 2480 unitus
1501 2457 1553 2484 est,
1571 2460 1622 2479 nec
1643 2452 1699 2486 ipse
1716 2452 1759 2479 di-

970 2500 1043 2527 citttr
1057 2499 1145 2526 Filius
1157 2499 1288 2531 hominis,
1300 2506 1353 2526 nec
1362 2498 1436 2534 quod
1458 2505 1492 2525 cx
1510 2497 1591 2525 nobis
1605 2501 1657 2529 est,
1676 2496 1760 2524 Filius

968 2546 1028 2577 Dei.
1044 2545 1118 2581 quod
1132 2550 1176 2573 est
1196 2545 1310 2580 impium
1327 2566 1335 2573 .

1004 2592 1083 2620 Nune
1095 2592 1173 2627 quasi
1184 2593 1218 2619 de
1231 2591 1315 2619 rebus
1326 2591 1498 2627 inquirendis
1509 2598 1606 2626 parum
1620 2594 1758 2622 curantes.

971 2638 999 2665 in
1013 2638 1228 2673 appellationum
1252 2638 1460 2673 inquisitionem
1481 2637 1629 2668 transistis.
1652 2637 1760 2671 hocque

971 2685 1047 2712 omni
1062 2689 1154 2712 vestro
1173 2689 1336 2720 argumento
1350 2684 1488 2720 quoddam
1504 2684 1630 2712 mirabile
1642 2691 1693 2711 nos
1709 2682 1759 2710 do-

971 2731 1079 2764 cuistis,
1094 2731 1173 2766 quasi
1196 2732 1300 2767 aliquid
1322 2732 1408 2767 magis
1431 2731 1570 2758 diceretur
1591 2731 1702 2758 nomine
1719 2733 1759 2757 at-

971 2777 1058 2806 terius
1074 2786 1088 2805 a
1102 2784 1155 2812 quo
1172 2779 1285 2806 omnino
1300 2778 1419 2806 alienum
1434 2782 1485 2810 est,
1499 2785 1581 2813 quam
1595 2777 1668 2812 quod
1681 2777 1757 2812 juxza
