1973 3098
209 113 279 165 mi

833 138 988 169 LEONTII
1005 139 1190 169 ΒΥΖΑΝΤΙΝ
1192 139 1206 168 Ι

1766 136 1838 169 i432

214 188 366 223 quidquam
390 188 471 216 alteri
496 189 604 217 unitum
625 195 676 218 est.
699 190 829 224 Quamvis
853 199 903 220 nos
928 193 990 219 haut

1051 192 1232 228 χωρισμένον,
1244 191 1261 226 ἢ
1275 191 1305 218 τὸ
1321 190 1391 217 κατὰ
1403 199 1428 217 τι
1444 190 1519 226 αὐτῷ
1534 193 1723 226 συγκείμενον.
1739 192 1839 219 Καίτοι

214 234 337 261 dicamus
350 235 446 262 eodem
466 235 547 263 modo
564 236 667 268 vocari,
691 236 811 272 licetque
833 237 939 264 dicatur
960 238 1000 264 al-

214 286 320 309 terutra
336 291 399 317 pars
418 284 562 318 compositi
580 284 694 312 alterius
715 285 838 319 nomine,
856 293 1000 320 argumen-

216 329 347 355 tationem
356 333 473 356 vestram
492 329 639 357 ordinatim
649 331 799 358 videamus.
809 331 904 358 Dicitis
911 331 998 358 enim:

214 373 296 400 Omne
315 374 487 409 quodcunque
508 376 612 402 unitum
626 376 704 402 alteri
721 377 830 404 alterius
846 378 1000 404 substantia:

175 450 178 451 ν
215 420 241 446 in
261 427 343 446 unam
369 425 472 447 natura;
500 421 540 447 uel
561 425 585 448 et
612 422 757 456 hypostasis
777 423 998 455 constitutionem,

215 465 328 499 perfecto
339 473 371 491 ex
386 466 447 500 ipsis
459 470 563 492 natura?
577 474 640 500 pars
651 467 763 493 videtur.
780 466 802 493 Δ
818 467 896 494 nobis
908 472 998 494 autem

211 511 276 548 jam_
289 510 394 544 dictum
410 515 451 538 est
471 511 497 538 in
521 512 720 546 superioribus,
744 520 825 547 quam
844 517 917 540 recte
938 521 999 547 quae

213 564 247 591 ex
262 557 363 584 unione
387 565 468 584 uuam
489 562 615 584 naturam
637 558 752 591 faciunt,
775 566 828 585 non
845 559 935 591 nobis,
951 559 999 586 sed

214 601 258 628 his
269 601 316 636 qui
331 606 457 629 naturam
468 602 576 629 Domini
589 610 671 630 unam
685 610 744 630 esse
764 603 871 636 dicunt,
884 603 996 630 ail‘crtis.

213 645 278 680 Quae
291 651 383 674 autent
394 655 426 675 ex
445 648 556 680 unione,
570 656 651 675 unam
665 656 726 676 esse
738 649 904 685 hypostasim
919 650 998 676 unice

213 691 406 720 subsistentem
423 693 611 721 demonstrata
629 698 703 726 sunt,
718 695 795 729 quasi
815 702 870 722 non
887 694 998 730 proprie

212 737 312 772 aliquis
335 737 441 765 diceret
452 743 544 773 partes
556 739 710 775 hypostasis
725 740 855 774 quasdam
871 739 996 774 proprie-

213 787 282 810 tates
297 783 524 816 substantiarum,
534 783 586 810 etsi
603 791 656 811 non
669 784 726 811 sine
739 784 856 819 propriis
869 783 997 811 substan—

211 828 257 856 tiis
267 829 544 856 haecconsiderentur
553 839 559 862 ;
569 830 677 857 illarum
690 830 764 857 enim
777 829 903 856 collectio
916 837 995 856 unam

212 873 381 908 bypostasim
397 873 551 905 constituit,
567 882 628 908 qua:
641 882 689 908 per
710 875 784 909 ipsas
798 875 902 909 absque
916 879 997 902 natu-

211 918 259 950 ris,
285 925 338 945 nec
360 925 421 945 esse
440 926 492 945 nec
515 919 567 946 sibi
589 919 706 946 invicem
729 920 856 954 conjungi
880 923 996 954 queunt.

209 961 330 995 Quarum
341 967 431 990 autem
447 963 566 990 essentia
579 965 621 990 vel
633 965 788 999 conjunctio
802 965 928 998 specialis
941 972 995 991 non

207 1011 260 1038 est.
280 1011 310 1034 ut
333 1015 362 1034 se
378 1007 494 1035 invicem
511 1008 712 1041 comitantium,
734 1009 871 1043 quomodo
886 1009 994 1036 illarum

209 1052 322 1086 propria
344 1053 464 1079 totalitas
484 1053 854 1089 intelligetur?.Quibusque
871 1055 993 1084 mutatis.

207 1105 263 1124 non
289 1101 380 1125 autem
409 1099 538 1126 omnibus
564 1099 645 1126 simul
673 1099 700 1126 in
739 1100 858 1133 atomis,
897 1100 993 1127 eadem

206 1143 286 1177 juxta
302 1151 449 1170 numerum
462 1144 568 1171 dicetur
594 1152 653 1172 esse
665 1145 833 1181 hypostasis;
853 1149 992 1179 numquam

207 1197 273 1216 vero
289 1189 360 1216 idem
370 1190 446 1225 juxta
464 1198 619 1222 numerum,
637 1195 741 1218 mutato
749 1191 840 1226 aliquo
853 1192 895 1218 sui
908 1191 993 1226 ipsius

206 1235 249 1261 vel
276 1235 382 1269 aliquot
404 1235 540 1269 partibus,
559 1240 646 1263 totum
669 1237 850 1270 reputabitur.

241 1279 269 1307 Si
286 1284 377 1307 autem
394 1285 487 1315 partes
502 1281 655 1316 hypostasis
665 1287 779 1309 naturas
794 1282 991 1317 proprietatum

206 1325 293 1360 ipsius
316 1325 418 1358 dicitis,
444 1325 487 1353 vel
503 1331 531 1353 et
549 1330 674 1354 naturam
690 1335 750 1362 quas
768 1328 803 1354 sit
829 1331 915 1354 totum
934 1333 993 1354 om-

205 1370 290 1398 nibus
305 1371 431 1405 partibus
446 1375 576 1399 constans
597 1373 717 1399 scientes
733 1379 794 1400 esse
810 1377 920 1400 omnem
939 1371 990 1406 hy-

206 1417 350 1450 postasim,
377 1421 503 1444 naturam
521 1417 668 1451 quamdam
694 1417 798 1453 (dicite)
816 1418 893 1453 juxta
918 1424 991 1444 com-

205 1462 364 1489 mistionem
386 1463 527 1490 unitorum
552 1463 656 1490 scilicet
685 1468 859 1496 naturarum,
882 1463 991 1498 imoque

205 1509 389 1536 accessionem
401 1508 515 1536 alterius
529 1517 590 1536 cum
615 1509 659 1536 his
668 1517 729 1543 qua:
740 1509 906 1545 liypostasim
918 1516 992 1535 com-
1006 1528 1027 1557 Β

205 1557 329 1587 ponunt;
353 1554 396 1581 vel
418 1554 573 1589 hypostasis
591 1559 678 1582 totum
698 1562 752 1581 non
769 1562 830 1582 esse
856 1562 918 1582 cum
934 1555 991 1581 suis

205 1599 336 1635 partibus
345 1599 439 1632 dicite,
458 1600 593 1635 siquidem
614 1600 775 1628 substantia:
792 1605 893 1634 partes,
910 1601 990 1636 quid-

205 1645 267 1671 dam
283 1653 343 1672 essc
358 1645 518 1673 substantia
531 1653 630 1681 expers
647 1646 769 1678 creditis,
790 1653 877 1681 exque
889 1646 990 1673 unione

205 1691 414 1719 subsistendum
425 1691 556 1725 quiddam
571 1699 626 1719 non
641 1692 795 1720 subsistens
807 1691 989 1723 concluditis;

205 1737 278 1763 iuter
294 1736 460 1764 substantias
478 1737 551 1764 enim
570 1741 599 1764 et
615 1738 854 1765 non-substantias
870 1737 990 1764 medium

203 1790 259 1808 non
279 1785 331 1809 est.
343 1781 370 1810 Si
390 1790 456 1809 vero
482 1782 572 1809 dicitis
590 1787 680 1817 partes
696 1782 850 1818 hypostasis
863 1782 990 1810 substan-

206 1828 257 1854 tias
272 1827 508 1862 proprietatesque
521 1828 581 1863 ejus
595 1835 655 1856 esse
673 1828 876 1860 substantiales,
896 1827 989 1862 sicque

206 1881 302 1900 rursus
317 1873 372 1900 imo
389 1873 471 1901 simul
485 1879 512 1900 et
528 1874 554 1900 in
570 1873 666 1901 eodem
682 1873 768 1908 ipsam
786 1881 846 1901 esse
861 1873 989 1901 substan-

205 1918 308 1950 tialem,
330 1926 384 1945 non
409 1923 451 1946 est
476 1926 540 1953 ergo
563 1919 680 1946 dicenda
709 1927 764 1946 non
790 1919 988 1951 substantialis,

204 1963 330 1990 alterutri
352 1963 470 1998 partium
500 1963 586 1998 ipsius
610 1963 782 1991 solummodo
809 1968 897 1991 totum
929 1964 989 1998 ejus

204 2012 279 2035 recte
295 2008 509 2042 comparabitur,
524 2012 605 2043 atque
620 2009 653 2036 ab
666 2009 751 2036 altera
763 2009 882 2041 dill‘erct,
894 2010 988 2044 sicque

203 2053 322 2086 primum
341 2053 396 2080 erit
419 2053 548 2088 equidem
567 2054 682 2081 alterum
710 2055 882 2082 numerabile
905 2059 933 2082 et
953 2062 989 2082 ex

203 2098 355 2125 substantia
369 2099 494 2133 partibus
507 2103 647 2132 constans,
662 2100 800 2134 quomodo
815 2100 918 2135 aliquid
932 2108 986 2128 non

202 2143 384 2171 substantiale
408 2148 492 2176 esset,
515 2144 700 2179 impossibile;
724 2146 766 2172 vel
784 2153 818 2172 ex
845 2145 986 2173 accidente

1051 237 1131 272 ἡμῶν
1158 237 1225 273 μηδὲ
1252 236 1330 264 τοῦτο
1357 236 1500 270 λεγόντων,
1533 237 1571 269 ὡς
1593 237 1693 271 ὁμοίως
1714 237 1836 271 λέγεται,

1051 284 1076 309 εί
1104 283 1151 310 καὶ
1173 283 1278 317 λέγοιτο
1292 283 1405 318 θάτερον
1426 283 1509 318 μέρος
1524 282 1571 309 τοῦ
1588 283 1715 309 συνθέτου
1731 283 1771 318 τῷ
1787 283 1836 310 τοῦ

1051 330 1145 366 ἐτέρου
1169 330 1279 364 ὀνόματι
1293 338 1300 345 ·
1318 329 1416 364 ἴδωμεν
1435 329 1464 355 δὲ
1490 328 1607 363 καθεξῆς
1629 328 1677 363 τὴν
1699 328 1836 364 ὑμετέραν

1051 375 1237 410 κατασκευήν.
1253 375 1356 409 Λέγετε
1372 374 1425 409 γάρ
1436 383 1442 390 ·
1459 373 1524 402 Πᾶν
1538 374 1642 401 ὁτιοῦν
1657 375 1835 407 συντιθέμε-

1049 430 1106 448 νον
1136 421 1227 455 ἑτέρῳ
1251 421 1429 454 ὲτεροουσίῳ
1456 421 1500 453 εἰς
1519 420 1593 454 μίαν
1615 421 1735 454 φύσεως
1749 420 1768 453 ἢ
1784 421 1833 446 καί

1049 466 1247 499 ὑποστάσεως
1260 466 1423 498 σύστασιν,
1436 465 1528 499 μέρος
1549 464 1604 498 τῆς
1621 465 1837 492 ἀποτελεσθεί-

1049 517 1108 544 σης
1123 510 1158 543 ἐξ
1173 511 1273 537 αὐτῶν
1286 511 1405 544 φύσεως
1417 509 1578 536 δείκνυται.
1594 510 1706 544 Εἴρηται
1722 510 1773 544 μὲν
1787 510 1835 536 οὖν

1049 557 1114 589 ἡμῖν
1142 556 1192 591 ἤδη
1217 556 1245 582 ὲν
1273 557 1330 587 τοῖς
1353 555 1507 590 ἔμπροσθεν
1521 555 1559 586 ὡς
1574 555 1608 581 τὰ
1630 556 1662 581 ἐκ
1683 555 1834 587 συνθέσεως

1050 601 1115 636 μίαν
1129 601 1209 636 φύσιν
1225 601 1363 633 ποιοῦντα,
1378 601 1427 635 οὐχ
1449 601 1525 635 ἡμῖν,
1541 601 1596 631 τοῖς
1617 600 1645 626 δὲ
1672 600 1735 635 μίαν
1754 600 1835 634 φύσιν

1048 648 1095 674 τοῦ
1118 648 1222 683 Κυρίου
1243 647 1363 681 λέγουσι,
1380 647 1584 681 προσαγάγοιτε
1599 646 1631 673 ἂν
1653 647 1776 677 εἰκότως.
1793 647 1836 673 Τὰ

1048 694 1076 721 δὲ
1092 694 1125 720 ὲκ
1153 693 1314 724 συνθέσεως,
1335 693 1398 728 μίαν
1416 690 1488 719 εἶναι
1508 692 1558 727 τὴν
1584 692 1735 719 ὑπόστασιν
1754 692 1835 727 μόνον

1049 739 1250 774 παριστάνοντα
1269 738 1413 767 δέδεικται.
1425 737 1463 769 ὡς
1479 737 1509 764 οὐ
1524 737 1625 772 κυρίως
1650 737 1682 764 ἄν
1698 746 1741 768 τις
1761 737 1834 763 εἴποι

1049 785 1120 819 μέρη
1133 784 1308 814 ὑποστάσεως
1325 783 1459 817 ίδιώματά
1475 792 1536 810 τινα
1551 783 1666 815 οὐσιῶν,
1686 784 1711 809 εί
1728 783 1776 810 καὶ
1796 783 1833 818 μὴ

1048 829 1112 856 ἄνευ
1136 829 1189 856 τῶν
1218 829 1289 856 ἰδίων
1313 828 1411 855 οὐσιῶν
1436 828 1522 855 ταῦτα
1543 828 1687 863 θεωρεῖται
1702 836 1710 843 ·
1728 828 1834 855 τούτων

1047 875 1102 911 γὰρ
1125 876 1141 910 ή
1170 874 1303 910 ἄθροισις.
1320 874 1384 909 μίαν
1408 873 1565 908 παρέστησε
1595 873 1644 909 τὴν
1670 873 1832 904 ὑπόστασιν,

1048 920 1109 947 καθ’
1124 921 1194 947 αὑτὰ
1224 920 1308 955 χωρὶς
1332 919 1386 945 τῶν
1415 918 1532 953 φύσεων,
1567 917 1629 944 οὐτε
1657 916 1740 950 εἶναι,
1768 916 1833 943 οὒτε

1046 965 1172 1000 ἀλλήλοις
1201 964 1337 991 συνελθεῖν
1366 963 1533 998 δυναμένων.
1548 959 1598 989 Ὧν
1625 963 1654 989 δὲ
1683 962 1834 997 ὑπαρξιςῆ

1046 1010 1203 1041 συνέλευσις
1221 1009 1291 1045 ίδικὴ
1304 1009 1354 1035 οὐκ
1372 1008 1445 1035 ἔστιν
1455 1029 1462 1039 ,
1477 1009 1525 1035 ἅτε
1539 1008 1629 1039 ἄλλοις
1644 1015 1832 1042 παραπεμπο-

1047 1056 1147 1091 μένων,
1160 1054 1219 1087 πῶς
1243 1055 1276 1081 ἂν
1302 1054 1405 1082 τούτων
1426 1054 1479 1080 ἰδία
1503 1053 1595 1089 ὁλότης
1615 1055 1761 1086 ὲπινοοίτος
1779 1049 1831 1078 Ὧν

1045 1101 1091 1127 καὶ
1113 1100 1313 1135 ἀμειϐομένων,
1329 1100 1377 1134 οὐχ
1396 1099 1454 1134 ἅμα
1475 1099 1504 1125 δὲ
1529 1099 1637 1126 πάντων
1654 1099 1682 1125 ὲν
1696 1099 1752 1128 τοῖς
1765 1098 1830 1124 ἀτό-

1046 1155 1116 1181 μοις,
1133 1146 1149 1180 ἡ
1163 1146 1232 1180 αὐτὴ
1245 1145 1304 1172 κατ’
1318 1145 1434 1179 ἀριθμὸν
1446 1144 1556 1178 λέγεται
1573 1142 1643 1170 εῖναι
1659 1144 1810 1174 ὑπόστασις
1821 1151 1829 1160 ο

1044 1192 1170 1218 οὐδέποτε
1186 1191 1215 1217 δὲ
1234 1190 1266 1217 τὸ
1283 1190 1349 1217 αὐτὸ
1364 1191 1423 1216 κατ’
1439 1189 1557 1224 ἀριθμὸν
1573 1189 1633 1216 ὃλον
1647 1188 1831 1223 ἀμειφθέντος

1043 1237 1115 1268 τινος
1130 1235 1213 1263 αὐτοῦ
1231 1236 1248 1271 ἦ
1263 1244 1345 1263 τινων
1363 1236 1454 1271 μερῶν
1472 1234 1650 1271 ὑποληπτέον.

1077 1282 1109 1309 Εἰ
1124 1282 1152 1308 δὲ
1177 1281 1247 1317 μέρη
1272 1281 1323 1315 τῆς
1340 1281 1515 1312 ὑποστάσεως
1527 1281 1576 1311 τὰς
1594 1280 1647 1306 τῶν
1666 1279 1726 1306 κατ’
1741 1279 1829 1314 αὐτὴν

1044 1328 1195 1362 ἰδιωμάτων
1211 1327 1309 1361 φύσεις
1328 1327 1434 1361 λέγετε,
1448 1327 1465 1362 ἢ
1482 1327 1528 1353 καὶ
1540 1327 1571 1353 τὸ
1583 1326 1643 1352 ὅλον
1654 1325 1753 1360 ὁμοίως
1770 1325 1829 1356 τοῖς

1043 1373 1140 1408 μέρεσι
1164 1372 1244 1407 φύσιν
1264 1372 1365 1403 εἰδότες
1377 1373 1466 1398 πᾶσαν
1490 1371 1650 1402 ὑπόστασιν,
1663 1370 1744 1405 φύσιν
1765 1369 1830 1396 τινὰ

1042 1418 1112 1445 κατὰ
1130 1417 1262 1452 σύγχυσιν
1276 1417 1330 1444 τῶν
1347 1416 1554 1453 συν[τε]θεισῶν
1568 1417 1625 1443 ίστε
1641 1415 1759 1449 φύσεων,
1779 1415 1829 1441 καὶ

1042 1464 1103 1490 ἐπεὶ
1128 1463 1255 1498 γέννησιν
1276 1462 1372 1496 ἑτέρας
1398 1462 1473 1497 παρὰ
1498 1462 1547 1494 τὰς
1570 1462 1599 1488 ὲν
1623 1462 1655 1496 τῇ
1679 1460 1830 1487 ὑποστάσει

1044 1507 1241 1538 συνελθούσας·
1259 1507 1276 1542 ἢ
1291 1507 1340 1533 οὐκ
1357 1507 1458 1541 ὁμοίως
1472 1507 1529 1537 τοῖς
1547 1505 1659 1540 μέρεσιν
1670 1503 1780 1535 ἑαυτοῦ,
1798 1503 1830 1530 τὸ

1042 1554 1101 1581 ὅλον
1115 1554 1166 1588 τῆς
1182 1553 1357 1583 ὑποστάσεως
1373 1550 1442 1578 εἷναι
1461 1551 1566 1585 λέγετε,
1580 1551 1660 1586 εἴπερ
1676 1550 1771 1580 οὐσίας
1793 1549 1830 1576 τέι

1044 1599 1126 1634 μέρη,
1145 1598 1269 1625 ἀνούσιον
1284 1598 1342 1624 τόδε
1363 1595 1471 1624 τιεῖναι
1489 1597 1625 1632 νομίζετε,
1643 1597 1691 1623 καὶ
1717 1596 1749 1622 ἐκ
1764 1604 1829 1621 συν-

1041 1645 1143 1676 θέσεως
1153 1644 1207 1670 τῶν
1229 1639 1409 1678 ένυπάρκτων
1434 1643 1566 1677 συνάγετέ
1587 1651 1614 1669 τι
1629 1641 1805 1676 ἀνύπαρκτον
1818 1649 1827 1656 ·

1043 1691 1124 1726 μέσον
1142 1690 1196 1725 γάρ
1214 1699 1239 1716 τι
1254 1689 1353 1716 οὐσιῶν
1368 1689 1416 1716 καὶ
1432 1689 1567 1716 ἀνουσίων
1594 1688 1644 1715 οὐκ
1663 1688 1733 1714 ἔστι.
1752 1687 1784 1713 Εἰ
1798 1686 1827 1713 δὲ

1042 1737 1112 1771 μέρη
1129 1736 1180 1770 τῆς
1193 1736 1377 1767 ὑποστάσεως,
1393 1735 1442 1766 τάς
1461 1743 1491 1761 τε
1509 1734 1602 1766 οὐσίας
1613 1734 1661 1760 καὶ
1674 1733 1709 1759 τὰ
1717 1732 1828 1759 ὲνοὺσια

1042 1781 1175 1816 ἰδιώματα
1190 1781 1276 1816 αὐτῆς
1291 1781 1397 1814 λέγετε,
1421 1780 1467 1807 καὶ
1491 1779 1561 1806 οὕτω
1578 1779 1659 1806 πάλιν
1680 1778 1741 1805 ἐπεὶ
1768 1777 1827 1812 ἅμα

1039 1828 1085 1854 καὶ
1101 1828 1129 1853 ὲν
1145 1827 1237 1862 ταυτῷ
1252 1827 1369 1861 οὐσιώδη
1387 1835 1417 1853 τε
1440 1824 1509 1852 εἴναι
1535 1824 1620 1860 αὐτὴν
1635 1825 1682 1851 καί
1700 1823 1827 1850 ἁνούσιον

1038 1874 1087 1899 οὐκ
1110 1873 1177 1906 ἔστι,
1195 1872 1303 1907 θατέρῳ
1318 1871 1373 1899 τῶν
1389 1871 1481 1908 μερῶν
1501 1872 1597 1898 ἑαυτοῦ
1614 1871 1694 1905 μὸνον
1709 1869 1740 1895 τὸ
1764 1869 1826 1895 ὅλον

1038 1919 1124 1953 αὐτῆς
1137 1918 1337 1953 ὁμοιωθήσεται
1362 1917 1486 1950 εἰκότως,
1502 1917 1548 1943 καὶ
1569 1916 1609 1950 τῷ
1634 1915 1721 1950 ἑτέρῳ
1739 1915 1827 1940 διενέ-

1038 1964 1124 1997 ξεται,
1140 1964 1187 1990 καὶ
1199 1964 1276 1990 ἔσται
1289 1962 1376 1994 οὕτως
1390 1963 1486 1998 πρῶτα
1502 1963 1551 1998 μὲν
1562 1962 1656 1997 ἕτερον
1673 1960 1827 1995 ἀριθμητὸν

1038 2011 1068 2042 ἐξ
1095 2010 1188 2041 οὐσίας
1209 2019 1238 2036 τε
1258 2009 1312 2036 ἀπὸ
1345 2009 1444 2044 μέρους
1470 2008 1510 2039 ὃν,
1530 2007 1590 2038 πῶς
1618 2006 1743 2033 ἀνούσιον
1769 2006 1826 2040 εἴη,

1037 2057 1156 2091 ἄπορον·
1173 2055 1190 2090 ἢ
1210 2055 1241 2081 ὲκ
1268 2054 1473 2089 συμϐεϐηκότος
1498 2053 1552 2079 ἀπὸ
1579 2053 1677 2087 μέρους
1696 2051 1726 2078 ὃν
1741 2071 1749 2083 ,
1765 2051 1826 2083 πῶς

1037 2101 1114 2128 οὐσία
1131 2110 1172 2133 τις
1188 2101 1241 2135 εἴη,
1260 2100 1366 2135 ἄδηλον.
1384 2099 1456 2134 Πρὸς
1473 2098 1512 2132 τῷ
1528 2098 1586 2130 καὶ,
1606 2099 1630 2124 εἰ
1653 2097 1688 2124 τὰ
1700 2097 1826 2129 ὲνούσια,

1037 2147 1132 2182 ὥσπερ
1147 2147 1194 2173 καὶ
1209 2147 1237 2173 αἰ
1248 2146 1350 2178 οὐσίαι,
1368 2145 1439 2181 μέρη
1457 2145 1504 2171 καὶ
1520 2144 1589 2171 αὐτὰ
1601 2144 1648 2171 τοῦ
1666 2143 1726 2170 ὅλου
1749 2143 1827 2170 ἐστὶν

201 2193 332 2218 constans
345 2190 478 2224 partibus,
491 2190 628 2225 quomodo
638 2191 728 2225 aliqua
740 2191 984 2224 essetsubstantia,

1043 2193 1069 2219 iv
1083 2194 1144 2224 ταῖς
1155 2192 1271 2224 οὐσίαις,
1285 2191 1320 2218 τὰ
1335 2191 1405 2226 μέρη
1421 2191 1467 2217 τοῦ
1480 2190 1541 2217 ὅλου
1555 2191 1584 2217 ἐν
1606 2191 1716 2226 μέρεσιν
1741 2189 1826 2216 αὐτοῦ

201 2243 256 2261 mn
271 2239 354 2270 patet.
369 2235 504 2262 Praeterea
521 2235 544 2262 si
559 2243 668 2270 quoque
690 2236 879 2263 substantialia
891 2244 987 2271 quem-

200 2280 347 2308 admodum
358 2280 518 2308 substantia:
530 2284 595 2307 sunt
608 2285 636 2308 et
647 2281 704 2315 ipsa
719 2281 804 2308 totius
821 2281 847 2308 in
863 2282 987 2308 substan-

202 2325 248 2353 tiis
263 2330 365 2361 partes,
386 2329 478 2360 partes
498 2326 585 2352 totius
600 2326 628 2353 in
642 2326 766 2361 partibus
780 2327 867 2361 ipsius
881 2328 908 2354 in
922 2327 985 2354 inti-

200 2373 301 2405 nitum,
313 2381 364 2400 nec
377 2372 403 2399 in
421 2377 478 2399 toto
487 2372 649 2407 simpliciter
659 2373 792 2400 exsistere
804 2373 983 2406 videbuntur;

200 2419 334 2446 alterutra
357 2418 439 2445 etiam
453 2423 540 2452 parte,
555 2418 613 2445 sive
629 2418 781 2445 substantia
798 2425 942 2453 pereunte,
958 2420 986 2446 in

200 2468 260 2492 toto
274 2468 373 2491 cartera
391 2471 501 2499 quoque
512 2463 603 2498 perire
618 2471 730 2491 necesse
744 2464 806 2496 erit,
823 2464 879 2491 sive
896 2468 987 2498 partes

199 2501 361 2538 cssentialés
379 2517 439 2543 qua:
460 2509 614 2536 accidentia
633 2516 727 2536 omnes
738 2514 835 2542 erunt;
849 2509 885 2536 ita
898 2513 927 2536 ut
943 2513 984 2536 to-

199 2561 258 2583 tum
282 2563 392 2590 quoque
405 2555 603 2590 disperiturum
615 2559 688 2582 esset
702 2555 784 2582 simul
799 2563 861 2582 cum
878 2563 930 2582 una
951 2563 984 2582 ex

198 2601 327 2638 partibus
353 2601 421 2628 suis.
449 2601 515 2634 Quis
538 2601 591 2628 hoc
610 2601 732 2628 omnium
755 2601 984 2629 absurdissimum

198 2655 322 2676 asserere
334 2647 441 2682 posset?
453 2647 595 2683 Siquidem
608 2647 681 2674 enim
695 2647 848 2674 substantia
858 2654 922 2681 pars
931 2651 982 2679 est,

198 2692 406 2727 accidentiaque
422 2700 495 2727 pars.
512 2692 587 2720 Nihil
601 2697 691 2720 autem
715 2693 768 2720 illis
790 2693 908 2728 amplius
933 2693 981 2720 toti

197 2743 335 2773 superest,
348 2739 596 2773 substantialiaque
617 2743 681 2766 sunt
691 2738 859 2771 accidentia;
875 2738 981 2766 sublata

198 2783 283 2817 igitur
293 2784 457 2815 substantia,
474 2783 532 2810 sive
543 2790 596 2810 una
609 2788 689 2818 parte
702 2784 795 2816 totius,
814 2791 909 2811 omnes
923 2783 982 2810 alia:

199 2833 291 2862 partes
307 2828 479 2860 auferuntur,
505 2831 646 2862 totumque
661 2837 725 2864 ergo
745 2838 776 2857 cx
794 2838 846 2857 una
863 2830 980 2864 partium

1038 2239 1172 2273 ὑπάρχειν
1198 2237 1441 2272 ἐπ’άπειρον,καὶ
1464 2237 1514 2264 οὐκ
1541 2237 1570 2263 ὲν
1591 2237 1631 2271 τῷ
1653 2237 1706 2271 ὅλῳ
1729 2236 1827 2267 ἁπλῶς

1039 2282 1276 2319 θεωρεῖσθαι-ἐτι
1306 2282 1360 2318 μὴν
1389 2282 1437 2308 καὶ
1466 2282 1583 2317 θατέρου
1613 2282 1722 2316 μέρους,
1739 2282 1826 2316 ἠγουν

1037 2328 1087 2363 τῆς
1113 2328 1208 2360 οὐσίας
1229 2327 1387 2364 φθαρέντος,
1411 2328 1440 2353 ὲν
1460 2327 1498 2363 τῷ
1523 2327 1576 2362 ὅλῳ
1606 2327 1824 2362 συμφθείρεσθαι

1037 2375 1085 2400 καὶ
1095 2373 1128 2400 τὰ
1138 2373 1219 2409 ἕτερα
1233 2374 1444 2408 ἀνάγκη.ξήγουν
1455 2374 1489 2400 τὰ
1497 2373 1606 2400 ὲνοὺσια
1620 2373 1690 2407 μέρη
1705 2373 1738 2400 τὰ
1752 2381 1825 2407 συμ-

1038 2419 1173 2455 ϐεϐηκότα
1192 2419 1291 2446 πάντα·
1301 2419 1396 2446 οὐκοῦν
1415 2419 1462 2446 καὶ
1482 2419 1512 2445 τὺ
1527 2418 1586 2446 ὅλον
1605 2419 1824 2454 ωναναιρείσθαι

1037 2465 1102 2499 τῷδε
1113 2464 1151 2503 τῇ)
1162 2465 1202 2491 ἑνὶ
1213 2464 1267 2491 τῶν
1279 2465 1351 2491 ἰδίων
1364 2465 1465 2500 μερῶν.
1474 2465 1522 2497 Τίς
1537 2466 1569 2492 ἂν
1583 2465 1700 2500 εὐλόγως
1712 2467 1783 2492 εἴποι
1794 2466 1824 2492 τδ

1038 2511 1145 2536 πάντων
1153 2510 1332 2545 ἀτοπότερονς
1348 2510 1433 2545 Εἴπερ
1441 2510 1495 2546 γὰρ
1507 2511 1524 2545 ἡ
1537 2511 1615 2537 οὐσία
1626 2511 1718 2546 μέρος,
1731 2511 1777 2537 καὶ
1787 2511 1824 2538 τὰ

1038 2554 1232 2590 συμϐεϐηκότα
1247 2555 1329 2590 μέρος
1340 2563 1349 2571 ο
1366 2555 1471 2582 τούτων
1484 2555 1513 2582 δὲ
1523 2555 1599 2582 οὐδὲν
1611 2555 1703 2582 πλεῖόν
1715 2556 1773 2583 ἐστι
1783 2555 1822 2591 τῷ

1035 2601 1098 2634 ὅλῳ,
1110 2600 1219 2628 ἐνοὺσια
1227 2600 1256 2627 δὲ
1273 2601 1467 2636 συμϐεϐηκότα
1479 2621 1487 2634 ,
1499 2601 1696 2637 ἀναιρουμένης
1714 2602 1766 2637 τῆς
1778 2603 1821 2629 οὐ-

1035 2646 1097 2676 σίας
1109 2666 1116 2676 ,
1128 2645 1212 2680 ἤγουν
1240 2645 1288 2671 τοῦ
1303 2645 1362 2676 ένὺς
1380 2645 1482 2680 μέρους
1509 2646 1557 2672 τοῦ
1569 2646 1639 2677 ὅλου,
1653 2646 1743 2672 πάντα
1756 2654 1823 2674 σιν-

1035 2693 1188 2726 αναιρεῖται
1204 2691 1239 2718 τὰ
1257 2691 1325 2719 ἄλλα
1346 2693 1427 2727 μέρη,
1447 2692 1494 2719 καί
1518 2692 1548 2719 τὺ
1564 2692 1624 2719 ὅλον
1642 2692 1695 2728 ἄρα
1711 2692 1742 2725 ἐξ
1762 2693 1823 2725 ἑνὸς

1036 2738 1133 2773 μέρους
1148 2737 1201 2764 τῶν
1216 2737 1312 2764 ἑαυτοῦ
1328 2738 1486 2765 ἀπόλλυται.
1504 2739 1572 2764 Ποῖα
1589 2736 1635 2765 οὖν
1647 2737 1733 2764 ταῦτα
1749 2739 1820 2774 μέρη

1035 2783 1128 2809 καλεῖν
1144 2782 1278 2818 ἠξιώσατε
1292 2784 1468 2815 ὑποστάσεως
1484 2784 1552 2818 πρὸς
1568 2784 1652 2819 ἡμᾶς,
1665 2784 1746 2819 εἰπερ
1766 2793 1820 2818 μη-

1035 2830 1061 2856 δὲ
1077 2830 1103 2855 αἰ
1119 2829 1218 2864 οὐσίαι,
1238 2829 1304 2865 μηδὲ
1321 2830 1355 2856 τὰ
1375 2830 1478 2864 φυσικὰ
1502 2829 1632 2865 ἰδιώματα
1646 2829 1662 2866 ἢ
1678 2829 1820 2866 συμϐεϐη-
