1973 3098
135 137 204 171 1423

622 144 819 175 ADVERSUS
840 145 1111 177 NESTORIANOS.
1123 161 1156 164 —
1172 150 1244 179 LIB.
1265 151 1290 180 Ι.

1698 151 1767 185 125Βᾶ

135 201 202 222 κοτα
222 196 259 228 ὡς
276 196 347 232 μέρη
362 198 431 224 εἰσὶν
448 198 477 223 ἐν
499 200 531 234 τῇ
549 199 699 226 ὑποστάσει
712 208 719 233 ;
734 200 764 226 ού
782 199 834 234 γὰρ
849 200 878 225 τὸ
895 200 923 225 ἐν

977 201 1063 235 ipsius
1083 201 1210 236 disperit.
1226 204 1299 236 Quas
1320 213 1385 239 ergo
1401 210 1491 240 partes
1513 206 1610 242 dignas
1627 208 1766 243 hypostast

135 250 198 272 tm,
216 242 324 274 πάντως
345 243 391 269 καὶ
407 243 444 273 ὡς
467 244 550 278 μέρος
572 245 645 272 ἐστὶν
665 247 692 271 ὲν
712 245 804 279 αὐτῷ·
825 245 923 271 πολλα-

134 286 189 321 χῶς
202 287 256 322 γὰρ
276 287 309 314 τὰ
324 287 351 314 ἔν
362 297 426 315 τινι.

977 247 1047 280 apud
1063 249 1285 283 vosjudicastis?
1303 251 1330 278 Si
1351 260 1401 279 nec
1417 253 1588 285 substantiae,
1611 262 1662 281 nec
1683 258 1766 281 Italu-

979 293 1052 319 rales
1073 295 1257 329 proprietates
1275 298 1318 325 vel
1333 299 1487 328 accidentia
1504 301 1581 334 quasi
1596 305 1687 335 partes
1712 301 1766 326 sint

134 333 162 360 .‘n
184 333 342 370 hypostasi;
367 343 422 361 non
445 335 518 362 enim
534 343 614 364 omne
629 336 700 364 nuod
718 341 760 364 est
776 336 803 363 in
821 336 922 371 aliquo,
943 340 1054 367 omnino
1067 349 1176 376 quoque
1205 347 1246 370 est
1261 345 1339 378 quasi
1354 353 1417 380 pars
1448 347 1474 373 in
1489 333 1551 379 illo;
1571 333 1678 373 (li-verse
1693 346 1766 373 enim

135 384 200 407 sunt
220 388 281 415 qua:
297 381 324 407 in
341 381 434 416 aliquo
450 387 527 409 sunt.

173 426 234 453 Ἔτι
248 426 301 462 μὴν
318 427 343 453 εί
360 428 427 462 πρὸς
441 428 514 462 ἡμᾶς
533 428 597 458 τοὺς
618 429 658 460 εἰς
676 429 740 463 μιᾶς
751 428 926 460 ὑποστάσεως

135 471 231 498 ἕνωσιν
255 473 335 508 μόνον
356 473 535 505 πιστεύοντας
559 472 630 501 εἶναι
660 475 709 510 τὴν
733 475 858 501 σύνθεσιν
872 475 926 501 τῶν

136 516 243 550 φύσεων
264 518 456 554 ἀντειρήκατε,
471 518 588 550 πῶ;,ὼς
601 520 703 552 οἴεσθε,
721 521 829 555 εὐφυῶς
853 521 926 555 ἡμᾶς

136 562 394 606 παρακρουόμενοι,
412 564 520 599 φύσεως
539 564 608 592 εἶναι
627 562 698 601 μέρὴ
716 567 750 592 τὰ
763 566 926 592 συντεθέντα

136 609 175 639 εἰς
191 609 340 636 ὑπόστασιν
368 611 562 646 ἀπεφήνασθε;
578 612 608 638 EE
627 612 676 646 μὲν
701 613 754 647 γὰρ
768 612 805 644 ὡς
825 614 925 639 ταυτὸν

135 653 235 685 εἰδότες
248 653 330 688 φύσιν
344 663 372 680 τε
389 655 436 682 καὶ
450 655 601 682 ὑπόστασιν
616 656 695 681 τοῦτό
711 663 792 689 φατε,
806 655 856 690 ἤδη
880 655 925 682 διὰ

135 699 191 725 τῶν
213 701 323 731 οἰκείως
347 701 415 736 πρὸς
445 701 526 728 τοῦτο
554 703 721 737 είρημὲνων,
736 702 822 737 ἦγουν
840 703 870 729 τὺ
888 702 924 737 μὴ

135 744 234 772 ταυτὸν
253 746 316 773 τάδε
333 744 414 779 εἶναι,
429 747 647 782 καταϐέῦλησθε.
661 749 692 774 Et
707 748 734 774 δὲ
757 748 851 783 ἕτερον
873 749 926 775 οἰό-

137 799 214 824 μενοι
242 791 333 826 φύσιν,
351 792 399 818 καὶ
425 793 519 828 ἕτερον
538 793 698 825 ὑπόστασιν,
715 794 790 828 ὅμως
816 794 870 820 πᾶν
895 793 925 819 τὸ

137 838 327 874 συντιθέμενον
343 840 397 866 εῐτε
414 841 454 872 εἰς
465 841 573 875 φύσεως
586 841 711 876 όλότητα,
731 841 785 868 εἴτε
801 841 842 872 εἰς
857 841 924 867 ὑπο-

136 884 257 917 στάσεως
277 885 365 920 Λόγου
378 886 508 914 σύστασιν
526 887 565 922 (οὐ
578 887 634 922 γὰρ
647 888 722 914 πᾶσα
737 886 861 918 σύνθεσις
875 887 922 912 καὶ

136 932 281 966 συναγωγὴ
296 932 415 966 φυσικῆς
439 932 563 967 όλότητός
580 933 649 965 ἐστι,
666 932 749 968 μέρος
767 931 924 959 δείκνυσθαι

135 977 243 1011 φύσεώς
262 986 331 1012 φατε
347 998 354 1009 ,
365 978 445 1012 δῆλον
459 978 500 1005 ὅτι
519 979 589 1014 μέρη
603 979 709 1012 φύσεως
725 978 805 1014 τυχὸν
821 978 924 1011 ἀνθρω-

134 1023 214 1054 tein;
230 1023 286 1049 ἴστε
300 1024 348 1050 καὶ
362 1023 511 1059 ξανθότητα
530 1024 578 1051 καὶ
598 1024 750 1060 λευκότητα
772 1025 819 1051 καὶ
841 1024 924 1058 γλαυ-

135 1070 256 1104 κότητα·
273 1069 321 1096 καὶ
343 1069 428 1096 ταῦτα
450 1070 505 1105 γὰρ
525 1070 711 1101 ὑποστάσεως,
728 1071 752 1096 ει
777 1069 824 1096 καὶ
851 1069 922 1104 μέρη

135 1115 248 1150 φυσικὰ,
265 1114 333 1142 ἀλλὰ
348 1116 456 1151 μερικοὶ
471 1116 545 1150 λόγοι
559 1116 612 1143 τῶν
629 1116 658 1142 ὲν
676 1116 744 1150 αὐτῇ
759 1123 766 1130 ·
783 1115 860 1148 ἔσται
876 1112 922 1142 οὖν

134 1161 206 1187 κατὰ
228 1161 308 1194 φύσιν
333 1161 479 1197 συγγενὴς,
493 1162 510 1197 ἥ
524 1171 554 1188 τε
572 1161 660 1196 γύψος
684 1161 732 1188 καὶ
757 1161 857 1196 χρυσδς
876 1161 924 1188 καὶ

135 1207 258 1233 θάλασσα
272 1207 310 1242 τῷ
327 1207 490 1242 ἀνθρωπείῳ
504 1208 569 1234 εῖδει
584 1207 644 1242 κατ’
657 1207 761 1239 οὐσίαν,
776 1207 808 1233 ὲκ
823 1206 923 1241 μέρους

134 1254 232 1289 ἔχοντα
257 1254 325 1289 πρὸς
348 1254 428 1280 αὑτὸν
453 1254 503 1289 τὴν
524 1254 653 1289 τοιαύτην
669 1255 697 1279 ὲν
717 1255 772 1285 τοῖς
794 1253 922 1284 τοιούτοις

134 1298 250 1334 οὐσιώδη
261 1299 419 1334 ὁμοιότητα.
437 1300 512 1334 Πλὴν
524 1300 574 1326 οὐκ
591 1301 620 1326 ὲν
632 1299 740 1331 τούτοις
765 1298 844 1334 μόνον
860 1299 923 1334 ὑμῖν

133 1343 164 1370 τὸ
187 1343 296 1377 ἄτοπον,
326 1344 384 1371 ἀλλ’
401 1344 442 1371 ὃτι
466 1345 514 1372 καὶ
537 1345 637 1371 εἴπατε
659 1344 771 1376 ἁπλῶς,
787 1344 821 1370 τὰ
851 1344 923 1380 μέρη

133 1388 182 1415 τοῦ
202 1389 275 1422 ὅλου,
288 1391 342 1417 τῶν
357 1390 459 1426 ἑτέρων
477 1390 568 1426 μερῶν
586 1391 640 1417 τῶν
660 1391 709 1417 σὺν
725 1391 816 1421 αὐτοῖς
833 1390 861 1416 ὲν
884 1389 923 1424 τῷ

134 1435 189 1470 ὅλῳ
208 1435 244 1471 μὴ
260 1435 386 1467 ἀξιοῦσθε
408 1436 462 1463 τῶν
476 1435 617 1471 ὀνομάτων
631 1444 638 1451 ·
661 1434 723 1462 οὔτε
745 1435 799 1470 γὰρ
818 1435 891 1470 ψυχὴ
906 1435 923 1470 ἡ

135 1480 205 1516 σὰρξ
217 1481 351 1513 καλεῖται,
366 1481 428 1508 οὔτε
444 1482 461 1517 ὴ
478 1481 551 1517 ψυχὴ
566 1481 644 1516 σάρξ.
659 1482 714 1508 Kat
742 1481 795 1516 μὴν
810 1481 841 1507 τὸ
862 1481 923 1508 ὅλον

135 1528 152 1561 ὴ
167 1527 342 1567 ἀγίσζΓραφὴ
358 1527 471 1554 ἐκάλεσε
490 1527 579 1562 σάρκα
598 1527 717 1561 λέγουσα
732 1535 739 1542 ·
756 1528 796 1554 οὐ
809 1527 852 1561 μὴ
871 1536 921 1554 κα-

135 1573 257 1607 ταμείνῃ
270 1573 302 1599 τὸ
316 1572 434 1607 πνεῦμά
442 1581 503 1607 μου
515 1573 550 1600 ὲν
563 1572 624 1606 τοῖς
643 1573 809 1607 ἀνθρώποις
823 1594 830 1606 ,
846 1573 921 1600 διότι

134 1619 192 1646 εισι
209 1618 334 1653 σάρκες.
356 1619 400 1646 Ἐν
423 1619 451 1646 δὲ
471 1619 510 1654 τῷ
526 1612 589 1654 ὅλῳ,
610 1620 693 1654 ἤγουν
715 1619 754 1654 τῷ
775 1619 921 1654 ἀνθρώπῳ,

135 1665 173 1698 ὡς
195 1666 278 1700 μέρος
300 1665 420 1701 δηλονότι
438 1666 455 1700 ἡ
478 1665 550 1702 ψυχή
566 1666 635 1698 ἐστι,
659 1664 778 1700 μάλιστά
801 1673 831 1691 τε
853 1664 922 1699 αὐτὴ

134 1711 182 1737 νῦν
197 1713 390 1746 κατηγορεῖται
401 1711 530 1745 γενέσθαι
553 1711 630 1747 σάρξ.
651 1712 682 1738 Ἡ
697 1711 751 1746 γὰρ
767 1711 835 1747 σὰρξ
862 1711 922 1738 οὐδὲ

135 1758 167 1784 ὲκ
192 1757 340 1789 κακώσεως
357 1758 458 1792 ἑαυτῆς
481 1757 579 1792 γέγονε
605 1757 685 1792 σὰρξ,
700 1757 760 1784 οὐδὲ
781 1758 924 1792 ὲγκαλοῖτο

134 1805 168 1831 ἂν
182 1805 234 1831 ὑπὸ
249 1805 317 1831 Θεοῦ
333 1805 374 1832 ὅτι
387 1806 484 1840 γέγονε
498 1805 567 1841 σὰρξ
584 1805 671 1838 οὓτως
688 1806 734 1832 ὑπ’
748 1805 831 1833 αὐτοῦ
849 1815 924 1840 γενο-

136 1849 218 1884 μένη.

169 1934 232 1967 Πῶς
246 1933 293 1962 οὖν
307 1935 357 1962 οὒκ
377 1936 490 1971 ἠξίωται
505 1937 551 1963 τοῦ
565 1936 661 1973 ἑτέρου
679 1937 780 1973 μέρους
799 1937 845 1964 τοῦ
865 1938 926 1965 ὀνό-

137 1990 230 2016 ι,ιιατος,
245 1982 275 2008 τὸ
298 1982 393 2018 ἕτερον
408 1991 416 2016 ;
432 1983 480 2009 καὶ
506 1983 585 2010 τοῦτο
600 1983 667 2010 Θεοῦ
685 1983 778 2010 καλεῖν
798 1984 925 2017 εἰωθότος

134 2028 208 2054 τάδε.
223 2028 278 2054 Καὶ
292 2025 326 2063 ἦν
343 2028 395 2063 μὲν
412 2029 500 2056 εἰπεῖν
517 2029 558 2055 ὅτι
581 2030 630 2064 οὐχ
650 2029 751 2064 ὁμοίως
770 2030 830 2056 οὐδὲ
846 2030 926 2065 φύσει

134 2071 254 2106 λέγεται,
267 2071 325 2106 εΥγε
337 2072 424 2108 ὀρθῶς
433 2073 570 2104 ἐξετάζειν
581 2073 738 2108 ὴϐούλεσθε·
751 2075 797 2100 καὶ
809 2075 926 2110 συνεφή-

135 2126 220 2153 σαμεν
229 2117 263 2144 ἂν
274 2118 322 2145 καὶ
334 2118 414 2152 ἡμεῖς
420 2119 499 2145 τοῦτο
507 2119 581 2154 ὑμῖν
589 2120 649 2146 οὐδὲ
659 2121 714 2155 γάρ
727 2128 817 2155 φαμεν
828 2121 928 2156 ὁμοίως

135 2163 247 2199 Πατέρα
264 2163 311 2190 τοῦ
328 2164 418 2199 Λόγου
442 2165 490 2191 καὶ
504 2166 554 2200 τῆς
573 2166 674 2200 σαρκὸς
689 2166 761 2193 κατὰ
776 2166 857 2200 φύσιν
873 2167 920 2193 τὸν

130 2210 216 2237 ἀὐτόν
228 2219 236 2226 ·
254 2210 270 2245 ἦ
290 2211 390 2245 ὁμοίως
407 2211 513 2246 μητέρα.
531 2210 577 2237 τοῦ
591 2211 679 2245 Λόγου
695 2213 742 2238 καὶ
756 2212 806 2246 τῆς
821 2213 923 2248 σαρκὸς

134 2256 204 2283 κατὰ
233 2256 313 2290 φύσιν
331 2254 401 2283 εἶναι
428 2257 477 2291 τὴν
504 2257 600 2292 αὐτὴν,
615 2258 677 2283 ὅσον
707 2258 778 2284 κατὰ
802 2258 848 2284 τὸν
874 2259 923 2293 τῆς

133 2301 241 2336 φύσεως
255 2302 357 2337 τρόπον
373 2303 420 2329 καὶ
436 2302 524 2336 λόγον.
547 2302 617 2329 Ἀλλ’
636 2303 715 2338 ἴσμεν
740 2304 781 2330 ὃτι
803 2304 850 2330 τοῦ
875 2305 923 2338 μὲν

132 2347 186 2373 τῶν
205 2347 307 2382 μερῶν,
328 2347 366 2379 ὡς
381 2348 482 2380 εἰπεῖν,
498 2348 527 2374 ἐν
544 2347 668 2383 Χριστῷ,
686 2349 757 2375 κατὰ
772 2349 866 2383 φύσιν·
877 2349 923 2376 τοῦ

133 2393 161 2419 δὲ
175 2393 246 2420 κατὰ
258 2394 338 2428 χάριν
350 2394 398 2428 τὴν
409 2394 452 2420 διὰ
467 2395 515 2429 τῆς
530 2394 654 2426 ὲνώσεως
666 2395 716 2429 τῆς
730 2395 797 2431 πρὸς
808 2396 838 2422 τὸ
851 2396 923 2422 κατὰ

135 2439 225 2474 φύσιν,
243 2440 257 2465 ὁ
272 2439 352 2471 αὐτὸς
370 2438 410 2471 εἷς
421 2441 517 2476 Πατήρ
529 2442 587 2468 ἐστι
601 2449 608 2456 ·
623 2442 671 2468 καὶ
690 2442 793 2477 ἑτέρως
809 2442 856 2469 τοῦ
873 2443 922 2478 μὲν

135 2485 205 2512 κατὰ
222 2485 316 2519 φύσιν,
327 2485 374 2512 τοῦ
391 2485 420 2512 δὲ
435 2486 506 2513 κατὰ
517 2487 596 2522 χάριν
612 2487 655 2513 διὰ
669 2488 718 2522 τῆς
732 2488 800 2522 πρὸς
811 2488 842 2514 τὸ
853 2489 925 2515 κατά

134 2530 215 2565 φύσιν
243 2530 383 2564 ὲνώσεως,
399 2533 416 2567 ή
432 2532 501 2568 αὑτὴ
530 2533 579 2567 μία
604 2534 694 2569 μήτηρ
719 2533 787 2561 ἐστί.
803 2534 875 2570 Πλὴν
895 2535 925 2561 τὸ

134 2577 322 2612 συμπέρασμα
331 2578 361 2604 τὸ
371 2578 505 2614 ὑμέτερον
520 2578 635 2612 φάσκον,
650 2579 690 2606 ὅτι
712 2580 747 2606 ’Ἡ
757 2578 804 2606 οὖν
818 2580 848 2606 οὺ
865 2589 925 2607 συν-

133 2623 214 2658 ετέθη
232 2624 246 2650 ὁ
264 2623 329 2655 Θεὸς
353 2624 438 2658 Λόγος
454 2623 494 2659 τῷ
516 2624 546 2657 ἐξ
567 2625 656 2660 ἡμῶν,
675 2626 740 2659 Υἱὸς
765 2626 923 2660 ἀνθρώπου

133 2669 328 2703 λεγόμενο;,ὠς
342 2670 391 2705 τῆς
408 2670 558 2702 συνθέσεως
572 2679 710 2706 καταργου
715 2671 798 2707 μένης
810 2672 862 2698 ὑπὸ
874 2672 925 2708 τῆς

135 2715 256 2748 κλήσεως
266 2724 273 2731 ’
289 2716 305 2751 ἢ
318 2718 454 2749 συντεθεὶς
465 2738 472 2748 ,
487 2717 548 2744 οὔτε
563 2718 645 2749 αὐτὸς
660 2717 768 2752 λέγεται
788 2718 854 2751 υἱὸς
870 2719 923 2746 ἀν-

135 2761 263 2795 θρώπου,
278 2762 338 2789 οὐδὲ
352 2763 382 2789 τὸ
409 2759 536 2798 ὲξ”ὕμῶν
559 2763 623 2790 ΥἱὸΓ
642 2763 734 2796 Θεοῦ,
754 2764 872 2799 μάλιστά
892 2773 923 2799 γε

174 2853 184 2868 ⁸
195 2852 263 2880 Gen.
286 2861 326 2882 νιι
338 2854 363 2880 5.

1014 429 1161 463 Praeterea,
1179 431 1202 458 si
1225 433 1305 461 nobis
1326 434 1353 461 in
1370 435 1451 462 unius
1467 436 1620 471 hypostasis
1634 437 1767 464 unitatem

979 480 1084 503 tantum
1099 478 1277 506 credentibus
1295 481 1424 508 unionem
1440 489 1499 509 esse
1516 487 1675 509 naturarum
1688 483 1766 510 dixe-

978 521 1051 553 ritis,
1066 524 1215 556 quomodo,
1232 525 1279 558 qui
1297 530 1350 552 tam
1363 526 1481 553 solerter
1492 535 1542 554 nos
1555 527 1696 562 decepisse
1710 536 1768 562 spe-

979 567 1057 596 ratis,
1074 571 1180 594 naturae
1199 574 1289 602 partes
1302 577 1363 596 esse
1375 571 1466 597 unitas
1480 572 1507 598 in
1522 572 1688 606 hyposlasim
1702 580 1768 606 pro-

979 611 1087 639 hastis?
1106 613 1134 639 Si
1149 613 1234 646 enim,
1252 616 1328 650 velut
1348 615 1421 642 idem
1436 616 1568 643 habentes
1583 621 1709 643 naturam
1724 623 1769 645 at-

978 665 1032 692 que
1049 659 1228 694 hypostasim,
1242 661 1294 687 hoc
1305 661 1440 693 dixeritis,
1451 662 1506 697 jam
1521 670 1580 696 qua:
1596 663 1630 690 de
1645 664 1697 690 hoc
1716 672 1767 698 op-

979 705 1067 739 posite
1081 705 1153 732 dicta
1178 711 1252 738 sunt,
1280 707 1386 734 scilicet
1399 716 1454 735 non
1470 708 1542 736 idem
1559 716 1620 735 esse
1641 709 1700 736 haec
1716 709 1769 736 hu-

976 750 1107 785 jusmodi,
1133 759 1183 779 vos
1208 753 1409 788 confregerunt.
1430 754 1457 781 Si
1474 762 1539 781 vero
1554 752 1629 781 aliud
1687 759 1768 781 natu-

979 804 1048 828 ram,
1061 793 1139 824 aliud.
1188 798 1356 833 hypostasim
1368 799 1566 831 existimantes,
1579 808 1660 827 omne
1675 805 1766 828 tamen

942 834 962 860 Β
979 842 1097 874 unitum,
1113 843 1172 870 sive
1185 843 1213 870 in
1242 848 1348 871 natura:
1364 845 1525 872 totalitatem
1560 845 1617 875 sive
1638 846 1665 872 in
1678 846 1767 881 hypo-

974 887 1054 914 stasis
1079 887 1162 915 Verbi
1177 889 1403 917 constitutionem
1414 891 1485 926 )non
1502 890 1576 917 enim
1595 891 1685 918 omnis
1700 891 1768 918 unio

974 937 1057 968 atque
1083 935 1260 970 congregatio
1283 936 1419 962 naturalis
1442 940 1484 962 est
1501 936 1769 971 totalitatis).patem

973 984 1079 1006 natura:
1093 979 1311 1007 demonstratum
1328 981 1412 1008 fuisse
1424 981 1560 1013 dixeritis,
1584 981 1698 1008 evidens
1725 986 1767 1007 est

974 1030 1066 1059 partes
1080 1030 1194 1059 naturae,
1216 1026 1330 1054 forsitan
1359 1027 1502 1059 humanae.
1528 1027 1634 1054 futuras
1661 1027 1767 1054 scilicet

973 1071 1146 1104 llavissimas,
1165 1072 1376 1100 eandidissimas
1412 1073 1584 1108 maximeque
1616 1073 1764 1106 cmruleas;

973 1118 1075 1145 etenim
1101 1118 1159 1146 hzee
1181 1127 1242 1154 quas
1271 1125 1335 1146 sunt
1355 1120 1526 1155 hypostasis,
1547 1119 1599 1147 etsi
1624 1119 1767 1146 naturales

973 1169 1075 1199 partes,
1090 1166 1270 1199 particulares
1282 1175 1345 1194 vero
1358 1175 1438 1195 voces
1450 1173 1514 1195 sunt
1526 1167 1552 1194 in
1565 1167 1623 1202 ipsa
1632 1167 1767 1194 exsisten-

974 1210 1063 1242 tium;
1084 1211 1138 1238 erit
1161 1211 1236 1238 enim
1249 1217 1348 1239 natura
1363 1212 1462 1244 allinis,
1478 1213 1534 1240 sive
1556 1220 1682 1248 gypsum,
1708 1212 1766 1239 sive

974 1263 1082 1288 aurum,
1104 1256 1162 1284 sive
1185 1264 1260 1284 mare
1285 1258 1330 1290 sit,
1348 1258 1474 1285 humanae
1490 1259 1592 1292 speciei
1605 1259 1681 1293 juxta
1698 1258 1767 1285 sub-

974 1299 1103 1327 stantiam
1118 1309 1179 1335 que:
1194 1308 1228 1328 ex
1250 1306 1328 1336 parte
1354 1309 1417 1329 cum
1434 1302 1492 1336 ipsa
1510 1302 1591 1329 talem
1618 1302 1646 1328 in
1665 1301 1767 1328 talibus

974 1345 1185 1373 substantialem
1202 1346 1413 1374 similitudinem
1433 1347 1555 1374 habebit.
1570 1347 1696 1373 Attamen
1710 1353 1765 1372 non

973 1399 1006 1419 ex
1024 1392 1077 1419 hoc
1102 1393 1191 1420 solum
1222 1393 1378 1420 absurditas
1400 1393 1481 1420 vobis
1501 1393 1702 1427 exprobratur.
1717 1391 1764 1418 sed

975 1439 1058 1468 etiam
1082 1440 1155 1475 quod
1182 1440 1344 1475 simpliciter
1372 1439 1530 1467 asseruistis
1556 1439 1642 1466 totius
1663 1441 1765 1472 partes,

975 1484 1091 1511 aliarum
1112 1485 1243 1520 partium,
1261 1493 1322 1519 quae
1342 1492 1405 1512 eum
1424 1484 1491 1519 ipsis
1508 1483 1612 1511 suntin
1630 1486 1697 1514 toto,
1714 1489 1766 1509 no-

975 1529 1050 1556 mina
1065 1537 1120 1556 non
1145 1529 1331 1557 admittentes.
1358 1529 1418 1556 Non
1442 1529 1516 1557 enim
1541 1529 1631 1555 anima
1649 1531 1768 1558 vocatur

973 1582 1047 1606 caro,
1066 1582 1117 1602 nee
1140 1582 1204 1601 caro
1229 1575 1329 1601 anima.
1350 1574 1385 1601 At
1403 1574 1524 1609 profecto
1550 1578 1634 1600 totum
1657 1573 1767 1601 vocavit

973 1628 1083 1647 carnem
1108 1620 1251 1655 Scriptura
1273 1628 1349 1648 sacra
1370 1621 1465 1648 dicens
1487 1629 1492 1646 :
1522 1620 1581 1647 Non
1606 1620 1766 1655 permanebit

973 1666 1081 1700 spiritus
1098 1674 1169 1693 meus
1193 1667 1221 1693 in
1243 1665 1401 1698 hominibus,
1424 1666 1488 1701 quid
1501 1673 1595 1692 carnes
1612 1669 1672 1692 sunt
1687 1665 1708 1692 ⁸.
1737 1665 1766 1692 In

975 1715 1028 1738 toto
1045 1715 1137 1738 autent
1165 1712 1224 1739 sive
1251 1712 1280 1738 in
1305 1712 1417 1739 homine
1431 1712 1522 1738 anima
1546 1715 1673 1745 tanquam
1701 1718 1766 1746 pars

973 1757 1116 1784 evidenter
1141 1762 1193 1790 est,
1217 1757 1390 1792 maximeque
1412 1757 1456 1784 hic
1476 1757 1534 1791 ipsa
1556 1757 1680 1791 arguitur
1702 1763 1767 1783 caro

975 1802 1034 1829 ﬁeri
1048 1811 1055 1828 :
1072 1811 1137 1830 caro
1151 1803 1226 1829 enim
1242 1811 1296 1830 non
1312 1811 1346 1830 ex
1363 1802 1467 1829 malitia
1493 1801 1579 1836 ipsius
1605 1809 1668 1828 caro
1695 1802 1766 1829 facta

975 1852 1027 1878 est,
1048 1855 1098 1874 nec
1113 1846 1148 1873 ita
1158 1847 1281 1881 arguitur
1294 1856 1309 1874 a
1321 1847 1378 1874 Deo
1392 1846 1523 1881 quoniam
1542 1853 1609 1873 caro
1627 1846 1698 1872 facta
1711 1851 1764 1878 esl,

976 1899 1038 1918 cum
1055 1891 1089 1918 ab
1107 1892 1166 1926 ipso
1178 1892 1216 1919 ita
1232 1891 1303 1920 facta
1318 1892 1363 1920 sit.

1011 1938 1154 1970 Quomodo
1167 1939 1250 1973 igitur
1265 1939 1375 1966 nomine
1391 1938 1504 1966 alterius
1518 1938 1605 1974 pagis
1617 1945 1672 1964 non
1685 1937 1765 1972 digna

974 1983 1096 2018 judicata
1110 1988 1154 2011 est
1164 1984 1269 2012 altera?
1283 1985 1357 2012 Deus
1379 1988 1420 2012 est
1443 1984 1490 2019 qui
1511 1984 1546 2010 ita
1561 1991 1660 2010 vocare
1685 1983 1765 2010 solet.

977 2029 1183 2064 Dicendumque
1202 2030 1313 2065 quidem
1339 2036 1412 2058 esset
1428 2039 1479 2058 nec
1502 2031 1629 2058 similiter
1643 2038 1695 2057 nec
1715 2038 1765 2056 na-

979 2075 1105 2103 turaliter
1120 2076 1224 2108 voeari,
1243 2076 1266 2103 si
1282 2080 1372 2104 tamen
1393 2076 1511 2104 ﬁdeliter
1528 2076 1687 2111 perquirere
1703 2075 1765 2102 nel—

978 2122 1058 2154 letis;
1072 2122 1179 2157 hocque
1194 2122 1273 2149 vobis
1286 2130 1337 2149 nos
1352 2123 1594 2150 concessissemus.
1616 2121 1675 2148 Non
1691 2121 1765 2148 enim

941 2164 962 2191 D
977 2168 1104 2195 similiter
1119 2168 1237 2195 dicimus
1250 2168 1357 2195 Patrem
1371 2169 1465 2200 Verbi,
1477 2168 1660 2202 eumdemque
1675 2167 1767 2196 carnis

976 2215 1127 2243 secundum
1143 2221 1288 2249 naturam;
1312 2220 1359 2242 aut
1379 2215 1506 2243 similiter
1529 2218 1643 2242 matrem
1671 2214 1765 2244 Verbi.

976 2261 1157 2295 eamdemque
1185 2268 1246 2288 esse
1272 2260 1363 2287 carnis
1390 2259 1542 2287 secundum
1562 2262 1705 2290 naturam;
1732 2257 1765 2284 ad

976 2311 1083 2334 naturae
1094 2306 1206 2334 modum
1222 2307 1292 2334 sicut
1306 2311 1334 2334 et
1346 2306 1380 2333 ad
1391 2314 1485 2333 vocem
1502 2304 1699 2333 attendendum
1713 2308 1765 2330 est.

977 2352 1030 2379 Sed
1057 2352 1159 2378 scimus
1175 2351 1302 2378 eumdem
1319 2359 1404 2378 unum
1421 2359 1482 2378 esse
1499 2351 1608 2378 Patrem
1637 2350 1718 2376 unius
1732 2356 1766 2376 ex

977 2397 1021 2424 his
1035 2397 1170 2432 partibus,
1186 2405 1247 2432 qua:
1265 2397 1292 2423 in
1305 2396 1415 2424 Christo
1430 2401 1504 2428 sunt,
1521 2395 1671 2423 secundum
1688 2398 1767 2421 natu-

977 2453 1047 2477 ram,
1061 2448 1143 2479 atque
1158 2444 1273 2471 alterius
1291 2443 1445 2470 secundum
1458 2442 1573 2477 gratiam
1587 2449 1620 2468 ex
1631 2447 1684 2475 qua
1701 2439 1765 2466 unio

977 2489 1011 2517 ad
1029 2489 1114 2522 illam,
1132 2497 1192 2523 qua
1211 2493 1254 2516 est
1263 2489 1340 2524 juxta
1356 2492 1491 2520 naturam,
1509 2486 1581 2514 facta
1604 2490 1662 2518 est;
1681 2485 1766 2513 vicis-

976 2536 1084 2570 simque
1096 2535 1194 2562 eadem
1210 2543 1265 2562 una
1285 2539 1327 2561 est
1340 2540 1427 2561 mater
1443 2533 1516 2560 illius
1532 2540 1593 2567 qua:
1614 2531 1765 2559 secundum

977 2585 1105 2610 naturam
1121 2585 1172 2613 est,
1189 2585 1217 2608 et
1230 2581 1304 2607 illius
1317 2587 1377 2615 quae
1392 2578 1542 2606 secundum
1559 2576 1685 2612 gratiam,
1706 2583 1766 2611 quae

977 2627 1010 2655 ad
1023 2635 1093 2659 eam,
1109 2635 1171 2662 quae
1189 2631 1232 2654 est
1243 2626 1396 2654 secundum
1407 2628 1544 2657 naturam,
1558 2624 1688 2651 unionem
1702 2629 1768 2657 ope-

978 2678 1036 2700 rata
1051 2677 1104 2701 est.
1122 2673 1249 2700 Attamen
1261 2676 1352 2700 vestra
1364 2670 1505 2699 conclusio
1519 2670 1612 2697 dicens
1625 2669 1667 2696 vel
1683 2668 1768 2703 igitur

978 2720 1064 2747 Deum
1081 2719 1202 2746 Verbum
1223 2719 1330 2746 unitum
1349 2726 1404 2745 non
1421 2717 1505 2744 fuisse
1532 2715 1614 2743 alieui
1628 2722 1661 2742 ex
1675 2713 1766 2744 nobis,

978 2765 1082 2793 dictum
1095 2764 1182 2800 ﬁlium
1198 2765 1320 2796 hominis,
1337 2763 1415 2799 quasi
1429 2762 1611 2798 appellatione
1625 2760 1691 2788 uuio
1702 2767 1767 2787 eva-
