1973 3098
170 127 238 160 H37

664 135 862 164 ADVERSUS
881 135 1154 167 NESTORIANOS.
1176 151 1207 154 —
1221 139 1293 168 LIB.
1315 139 1337 169 I.

1170 65 1175 77 Κ

1719 144 1789 176 1433

168 186 196 211 ὲν
211 184 285 219 αὑτῷ
300 185 523 221 ἀποτελουμένης
540 188 605 222 μιᾶς
620 188 725 222 φύσεως
736 189 753 224 ἢ
768 190 815 216 καὶ
831 191 935 216 ὑποστά

1001 196 1169 218 monstratur
1194 193 1320 226 perfecta:
1347 193 1373 220 in
1397 193 1455 228 ipso
1480 195 1561 222 unius
1586 202 1690 224 naturae
1706 199 1747 226 vel
1762 208 1788 228 Ct

167 239 236 260 σεως
249 240 255 246 ·
268 232 322 258 πᾶν
333 232 361 258 δὲ
375 233 456 266 μέρος
473 234 537 266 μιᾶς
552 233 658 267 φύσεως
670 235 685 269 ἦ
703 236 749 261 καὶ
765 236 949 268 ὑποστάσεως,

166 277 215 303 οὐκ
231 275 284 304 οἶδε
302 277 370 309 πῶς,
387 278 403 313 ἢ
420 278 482 310 ποῦ,
499 279 515 313 ἢ
530 279 594 308 πότε
610 281 738 314 συνετέθη
753 281 791 315 τῷ
802 278 878 316 ᾧπερ
890 291 952 308 συν-

166 322 255 357 ετέθη,
282 324 346 357 μήτι
368 332 399 357 γε
426 325 496 359 μετὰ
519 325 608 352 ταῦτα
626 326 756 360 ἀμυδρῶς
779 336 837 358 πως
859 327 948 362 μάθοι.

166 368 223 393 Πᾶν
237 368 291 403 ἄρα
304 370 493 404 συντιθέμενον
502 371 596 405 ἑτέρῳ,
609 372 648 401 εἰς
659 372 689 397 τὸ
707 373 868 398 ἀποτελέσαι
886 374 949 408 μίαν

165 412 246 446 φύσιν
263 414 278 448 ἢ
297 416 343 440 καὶ
359 416 523 449 ὑπόστασιν,
541 418 591 443 οὐκ
604 415 658 444 οἶδε
672 418 731 448 πῶς
749 418 764 453 ἢ
781 419 832 444 ποῦ
850 420 865 454 ἢ
883 420 948 446 πότε

165 461 293 495 συνετέθη
313 461 351 496 τῷ
373 458 449 496 ᾧπερ
475 463 604 498 συνετέθη
618 484 624 495 ,
644 465 708 498 μήτι
724 473 755 498 γε
774 465 843 498 μετὰ
862 465 948 492 ταῦτα

165 506 294 540 ἀμυδρῶς
315 516 373 538 πως
389 508 470 542 μάθοι
481 516 487 522 ·
503 509 527 533 εἰ
547 509 576 534 δὲ
590 508 682 540 τοῦτο,
698 509 714 544 ἢ
735 510 764 535 οὑ
788 510 918 544 συνετέθη
933 512 947 536 ὁ

164 550 228 582 Θεδς
243 551 328 585 Λόγος
343 552 380 586 τῷ
405 553 434 585 ἐξ
451 553 528 587 ἡμῶν
546 553 680 588 ἀνθρώπῳ
697 554 783 581 πάντα
797 556 946 590 ἐπιστάμε-

163 605 217 628 νος.
241 599 288 624 καὶ
311 599 444 632 μηδέποτε
469 600 552 633 μηδὲν
581 599 735 634 μανθάνων,
759 601 775 635 ἢ
797 601 944 633 συντεθεὶς,

162 642 210 668 οὐκ
223 641 276 669 οἶδε
296 644 354 675 πῶς
376 644 465 678 ἡνώοη
478 644 517 679 τῷ
531 646 609 680 ἡμῶν
625 645 777 682 ἀνθρώπῳ,
793 647 862 681 ὅπερ
883 648 946 673 ἀσε-

161 687 218 719 ΰές.
242 689 272 715 ’11
298 689 348 723 μὲν
367 690 461 725 πρώτη
487 691 563 724 ὑμῶν
579 692 630 717 κὰν
643 692 729 726 τούτῳ
748 692 787 727 τῷ
803 693 945 728 ἐπιχειρή-

162 741 227 766 ματι
245 734 376 769 πρότασις
390 754 396 766 ,
410 733 454 761 οἷά
471 745 511 766 τις
525 734 590 762 οὖσα
611 737 704 770 τρόπις
723 738 769 763 καὶ
784 738 830 763 τοῦ
850 737 944 772 πρώην

159 778 206 804 καὶ
220 778 266 804 τοῦ
280 780 414 813 παρόντος
436 780 616 815 συλλογισμοῦ
632 782 681 816 ἤδη
699 783 902 817 προκατέακται
915 784 944 809 ἐν

158 824 217 854 ταῖς
234 824 431 859 προλαϐούσαις
454 826 531 860 ἡμῶν
549 827 725 861 ὑπαντήσεσι.
742 828 815 863 Πλὴν
828 828 943 854 δεδόσθω

159 869 205 894 καὶ
218 869 304 900 οὕτως
323 869 393 904 ἔχειν
407 870 469 896 καθ’
486 871 623 903 ὑπόθεσιν,
638 873 677 898 ὅτι
691 873 735 898 καὶ
752 874 822 908 μέρη
834 874 888 899 εἰσὶ
907 873 942 900 τὰ

157 914 206 948 τῆς
236 915 409 947 ὑποστάσεως
435 918 595 948 συστατικὰ,
619 919 665 944 καὶ
687 919 737 945 οὐκ
758 920 830 945 ἴσασι
853 919 939 955 πῶςῆ

158 959 210 985 ποῦ
231 960 246 993 ἥ
262 961 326 986 πότε
349 962 544 996 συνετέθησαν·
560 963 618 989 ἀλλ’
633 960 655 990 ὦ
671 961 757 994 οὗτοι,
783 965 842 992 ὅλον
862 966 941 992 τοῦτο

156 1005 187 1030 οὐ
218 1007 322 1040 νοῆσειέ
347 1015 389 1038 τις
415 1007 459 1039 ἂν,
482 1009 534 1035 κᾶν
552 1010 575 1035 εὶ
592 1010 689 1045 μικρὸν
703 1010 811 1046 μετέχοι
828 1011 940 1046 λογικῆς

157 1049 264 1083 φύσεως
290 1051 472 1086 ὲμπύρευμα,
503 1054 544 1079 ὅτι
576 1055 664 1081 ταῦτα
691 1056 752 1081 τότε
781 1057 940 1090 συμϐαίνειν

156 1095 272 1130 ἀνάγκη.
293 1097 388 1123 Ἠνικα
404 1097 432 1123 δὲ
447 1098 620 1133 ὡμολόγηται
640 1101 681 1126 ὅτι
697 1102 710 1127 6
725 1102 804 1132 αὑτός
820 1103 877 1128 ἐστι
890 1104 939 1137 τῆς

157 1141 308 1172 συνθέσεως
320 1143 435 1178 ποιητὴς
445 1145 458 1170 6
474 1145 662 1180 συγκείμενος,
679 1146 736 1177 πῶς
748 1147 782 1174 av
795 1148 939 1183 ἀγνοήσειε

155 1185 205 1220 τὴν
222 1186 320 1212 ἑαυτοῦ
353 1187 492 1220 σύνθεσιν,
506 1189 535 1221 ὃς
549 1190 596 1216 καὶ
611 1192 701 1225 πάσης
714 1192 863 1224 συνθέσεώς
881 1195 938 1220 ἐστι

155 1231 289 1266 ποιητής;
318 1233 421 1265 Ἀλλως
439 1234 466 1260 δὲ
483 1235 563 1262 πάλιν
585 1237 670 1263 εἰπεῖν
687 1239 741 1264 πᾶν
758 1239 841 1273 μέρος
861 1232 875 1265 θ
892 1240 938 1266 τέ-

153 1276 225 1302 λειον
238 1277 355 1312 ὑπάρχει
374 1279 443 1306 κατὰ
463 1281 574 1313 γνῶσιν,
593 1284 766 1318 προῡπέιρχει
786 1293 815 1311 τε
830 1285 938 1320 τῆςιοι-

154 1321 230 1353 κεὶας
246 1324 396 1355 συνθέσεως
407 1345 414 1357 ,
432 1325 483 1352 κᾶν
499 1327 522 1352 εἰ
539 1326 583 1360 ὑφ’
598 1327 695 1362 ἑτέρου
709 1329 880 1356 συντίθεσθαι
893 1331 938 1357 λέ-

154 1376 238 1400 γοιτο,
262 1368 322 1394 δέον
347 1370 395 1396 καὶ
423 1370 488 1397 αὐτὸ
512 1372 619 1403 πάντως
646 1373 754 1405 εἰδέναι,
773 1375 824 1401 ποῦ
839 1384 868 1402 τε
890 1378 936 1404 καὶ

154 1413 223 1444 πῶς,
235 1415 281 1440 καὶ
298 1415 361 1441 πότε
375 1417 515 1450 συνετέθη,
531 1418 587 1450 εἴγε
602 1417 638 1452 μὴ
653 1419 702 1453 τῆς
716 1420 819 1452 οἰκείας
831 1422 936 1455 τελείας

153 1459 289 1491 γνώσεως,
306 1460 321 1495 ἢ
336 1461 406 1494 μετὰ
423 1462 472 1497 τὴν
494 1462 618 1490 σύνθεσιν
635 1464 741 1499 ἐξέστη,
759 1466 775 1502 ἢ
796 1467 848 1501 πρὸ
872 1477 936 1495 συν-

1003 236 1175 271 hypostasis;
1191 239 1280 265 omnis
1302 243 1393 265 autem
1409 247 1471 273 pars
1490 244 1594 268 natura:
1607 243 1687 270 unius
1705 245 1746 271 vel
1761 250 1787 272 et

1001 284 1164 318 hypostasis,
1188 286 1275 312 nescit
1297 287 1445 320 quomodo,
1473 288 1516 315 vel
1535 289 1591 320 ubi,
1620 290 1662 316 vel
1679 291 1787 324 quando

1001 329 1074 355 unita
1088 330 1123 355 sit
1134 330 1366 364 eniennqnenmta
1375 335 1415 356 est
1426 338 1432 362 ;
1445 331 1582 363 multoque
1594 333 1780 365 minusnliqno

1001 374 1080 400 modo
1101 378 1191 408 postea
1212 375 1339 402 disceret.
1357 375 1442 402 Omne
1457 384 1521 408 ergo
1535 376 1612 402 alteri
1628 377 1731 403 unitum
1748 379 1779 403 ad

1000 419 1193 452 perliciendum
1204 427 1283 446 unam
1296 425 1418 446 naturam
1429 420 1470 446 Vel
1480 426 1503 447 et
1517 421 1681 455 hypostasiul
1691 423 1779 448 μυεῖ-η

999 466 1144 498 quomodo,
1162 465 1200 491 vel
1228 465 1282 496 ubi,
1294 466 1335 492 vel
1364 465 1470 500 quando
1494 467 1597 492 unitum
1620 468 1655 493 sit
1670 468 1781 493 enimn-.-

999 518 1053 544 quc
1066 511 1170 537 unitum
1184 515 1236 543 est,
1250 511 1387 543 mnIthne
1402 512 1491 538 minus
1505 517 1597 545 postea
1613 520 1646 538 ne
1666 514 1782 539 obscure

1000 556 1108 590 quidem
1129 556 1257 583 disceret.
1281 557 1308 583 Si
1327 560 1415 583 autem
1437 557 1474 583 ita
1491 558 1536 588 sit,
1554 558 1596 584 vel
1611 566 1662 584 non
1689 559 1780 586 unitus

1001 605 1041 627 est
1059 601 1129 627 Dens
1155 601 1273 628 Verbum
1298 602 1378 628 alicui
1402 603 1504 629 homini
1531 611 1563 630 ex
1588 605 1665 630 nobis
1690 605 1780 630 omnia

1000 654 1180 680 cognoscens,
1195 648 1319 682 nihilque
1346 656 1464 682 unquam
1483 649 1601 681 disrens,
1619 650 1660 676 vel
1679 651 1779 680 nnitus,

1000 694 1116 720 nescivit
1129 695 1265 726 quomodo
1275 695 1354 721 alicui
1365 703 1397 721 ex
1411 695 1489 721 nobis
1502 695 1593 721 unitus
1606 695 1697 726 fuerit,
1709 697 1778 729 quod

1002 739 1115 771 impium
1134 745 1186 766 est.
1204 739 1294 766 Prima
1312 745 1403 767 autem
1418 745 1506 767 vestra
1525 742 1604 767 etiam
1622 742 1646 767 in
1667 743 1723 776 hoq
1735 750 1780 767 ar—

999 790 1129 820 gumento
1159 787 1318 820 propositio,
1349 788 1424 820 quasi
1450 788 1572 820 qumdmu
1605 788 1678 814 basis
1702 793 1779 814 ante-

993 829 1075 856 rioris
1095 830 1294 864 prazsentisque
1309 831 1444 857 ratiocinii
1463 831 1517 865 jam
1540 831 1583 857 his
1600 839 1659 865 qme
1680 839 1781 865 praeve-

995 874 1102 902 nientes
1126 875 1245 903 diximus
1270 876 1374 911 dejeCIa
1390 881 1441 903 est.
1465 876 1497 903 At
1512 877 1591 903 detur
1611 877 1779 912 nobisjuxta

993 920 1176 955 hypothesim,
1202 926 1294 956 partes
1319 931 1379 949 esse
1402 923 1554 958 hypostasis
1578 924 1777 956 conslitutiras,

991 972 1042 991 nec
1054 965 1123 992 scire
1136 966 1284 1000 quomodo,
1300 967 1342 993 vel
1355 967 1412 997 ubi,
1426 967 1467 993 vel
1480 967 1591 1000 quando
1606 968 1687 994 unilm
1698 971 1778 1000 sunt;

991 1012 1050 1044 sed,
1066 1019 1082 1038 ο
1103 1019 1162 1043 vos,
1180 1020 1261 1040 nemo
1277 1013 1327 1040 hoc
1345 1018 1430 1040 totum
1444 1014 1617 1048 intelligeret,
1634 1019 1779 1048 quantum-

990 1056 1032 1082 vis
1043 1064 1139 1090 parum
1153 1057 1189 1083 sit
1201 1057 1228 1083 in
1243 1057 1289 1084 illo
1301 1057 1441 1084 rationalis
1452 1062 1566 1087 natum.
1578 1066 1611 1084 eo
1627 1058 1699 1092 quod
1714 1064 1778 1086 tunc

991 1101 1040 1128 hos
1063 1102 1223 1136 contingere
1252 1110 1363 1129 necesse
1392 1103 1436 1129 sit.
1465 1103 1531 1130 Cum
1557 1108 1646 1130 autem
1672 1108 1778 1130 constat

990 1146 1117 1172 eumdem
1133 1153 1193 1173 esse
1209 1146 1395 1180 factoremque
1410 1147 1519 1174 unionis
1533 1151 1561 1174 et
1576 1149 1693 1179 unitum,
1710 1156 1779 1182 quo-

989 1190 1071 1217 modo
1087 1198 1164 1217 suam
1181 1191 1312 1217 unionem
1334 1191 1483 1225 ignoraret,
1511 1192 1558 1225 qui
1580 1192 1660 1218 etiam
1687 1193 1776 1219 omnis

989 1234 1100 1261 unionis
1116 1240 1212 1262 auctor
1228 1236 1291 1262 est?
1312 1235 1445 1262 Caeterum
1466 1237 1547 1263 nobis
1569 1245 1665 1263 rursus
1683 1237 1775 1264 dicen-

988 1281 1053 1306 dum
1068 1285 1110 1306 est
1122 1287 1230 1307 omnem
1247 1286 1351 1315 partem
1369 1281 1515 1315 perfectam
1533 1282 1666 1309 exsistere
1678 1289 1774 1309 SL‘CUH-

987 1324 1052 1351 dum
1063 1326 1256 1360 cognitionem,
1266 1328 1473 1362 prmedcreque
1485 1328 1621 1362 propriam
1634 1329 1772 1360 unionem,

987 1369 1052 1396 licet
1067 1370 1102 1396 ab
1118 1371 1203 1398 altera
1218 1371 1289 1398 uuiri
1311 1372 1429 1404 dicatur,
1448 1373 1518 1399 scire
1538 1380 1646 1407 quoque
1662 1373 1773 1400 omnino

986 1414 1068 1442 debet
1084 1415 1141 1448 ubi,
1156 1416 1293 1450 quomodo
1308 1418 1475 1451 quandoque
1492 1419 1567 1445 unita
1579 1419 1623 1447 sit.
1638 1418 1689 1446 nisi
1709 1426 1773 1452 pro-

986 1461 1045 1494 pria
1060 1462 1215 1496 cognitione
1240 1463 1377 1497 perfecta,
1404 1463 1461 1490 sive
1479 1468 1539 1497 post
1561 1463 1688 1497 unionem
1725 1470 1774 1490 ex-

153 1503 254 1535 θέσεως
268 1505 470 1533 ἀπολέλειπται.
492 1508 526 1533 Ἢ
541 1506 587 1534 οὖν
602 1509 632 1535 οὑ
654 1510 754 1542 τέλειος
767 1512 816 1546 τὴν
833 1513 934 1546 γνῶσιν

989 1503 1087 1537 :iderit,
1107 1506 1164 1533 sive
1187 1511 1250 1534 ante
1269 1508 1398 1534 unionem
1415 1507 1555 1534 defecerit.
1571 1508 1618 1535 Vel
1638 1516 1702 1542 ergo
1718 1515 1771 1534 non

152 1549 166 1574 ὁ
179 1548 242 1580 Θεὸς
256 1550 350 1583 Λόγος,
368 1551 383 1586 ἢ
397 1551 425 1577 οὐ
443 1554 626 1588 προῦπάρχων
644 1557 693 1589 τῆς
708 1557 859 1589 συνθέσεως
873 1560 935 1586 ἑαυ-

151 1594 196 1619 τοῦ
223 1595 287 1621 καθ’
305 1596 377 1630 ὑμᾶς
406 1597 492 1629 ἔσται,
508 1599 523 1634 ἢ
540 1599 647 1632 πάντως
664 1601 712 1636 τὴν
727 1603 795 1629 ἰδίαν
811 1603 935 1632 σύνθεσιν

151 1638 262 1666 εἵσεται,
290 1640 322 1666 Τί
353 1638 398 1667 οὖν
431 1643 496 1677 ἡμῖν
517 1644 533 1677 ἡ
560 1645 683 1679 ἁχυρμιὲι
706 1646 760 1672 τῶν
783 1649 935 1683 εἰρημένων

151 1684 297 1717 ἀναγκαῖον
324 1685 475 1719 ἐπάγεται,
497 1688 537 1719 εἰς
552 1689 633 1721 δεῖξιν
649 1690 756 1726 ἀσφαλῆ
776 1692 821 1718 τοῦ
834 1693 932 1727 λέγειν,

150 1728 188 1758 ὡς
209 1729 234 1754 εἰ
257 1731 383 1766 συνετέθη
404 1733 417 1758 ὁ
436 1732 503 1764 Θεὸς
518 1734 621 1768 Λόγος,
637 1735 687 1763 οὐκ
706 1735 759 1764 οἶδε
778 1739 863 1775 πῶςῆ
882 1741 933 1767 ποῦ

150 1774 238 1810 ἦνὼοη
253 1777 290 1811 τῷ
305 1777 334 1810 ἐξ
350 1778 427 1812 ἡμῶν
443 1779 578 1814 ἀνθρώπῳ
591 1789 598 1813 ;

446 1887 571 1914 ΚΕΦΑΛ.
600 1890 630 1916 l'.

185 1950 216 1977 El
232 1950 359 1982 σύνθετος
373 1952 386 1977 ὁ
400 1952 539 1988 Δεσπότης
563 1954 689 1989 Χριστὸς,
706 1955 778 1988 καθά
792 1966 869 1990 φασι,
885 1959 934 1992 μὲ-

150 1998 217 2030 ροςό
232 1996 297 2028 Θεὸς
318 1997 492 2030 Λόγος,καθὰ
511 1998 634 2033 βούλεται
645 2001 699 2026 τῶν
716 2002 848 2029 συνθέτων
862 2005 876 2030 6
890 2005 933 2030 νό-

149 2050 209 2076 μος·
226 2043 278 2068 πᾶν
292 2043 321 2068 δὲ
344 2043 426 2077 μέρος
439 2063 446 2075 ,
466 2044 575 2071 ἔλαττον
590 2046 660 2072 κατά
674 2055 699 2072 τι
716 2047 869 2084 καθέστηκε
885 2051 931 2076 τοῦ

150 2086 214 2112 ἰδίου
227 2086 288 2112 ὅ)ου
300 2094 306 2100 ·
320 2087 437 2114 ἐλάττων
452 2088 506 2122 ἄρα
517 2089 587 2120 τινὸς
596 2091 665 2117 κατά
682 2100 708 2118 τι
724 2093 737 2117 ὁ
748 2092 813 2124 Θεὸς
828 2094 912 2127 Λόγος
923 2104 930 2111 ·

146 2130 196 2156 οὐκ
207 2130 238 2156 ἂν
252 2132 306 2165 γὰρ
320 2131 361 2165 εἴη
379 2132 473 2166 μέρος,
486 2133 522 2168 μὴ
540 2134 658 2161 ἐλάττων
670 2135 760 2163 ὣντοῦ
777 2137 847 2165 ὅλου.
863 2139 893 2165 ΕΞ
903 2141 930 2166 δὲ

985 1552 1124 1585 perfectus
1137 1553 1188 1579 erit
1200 1554 1349 1580 secundant
1362 1554 1546 1588 cognitionem
1559 1554 1631 1580 Deus
1642 1554 1770 1583 Verbum.

985 1596 1027 1621 vel
1046 1596 1122 1630 juxta
1147 1604 1196 1624 vos
1222 1605 1276 1624 non
1297 1606 1373 1624 suam
1397 1599 1526 1624 unionem
1555 1599 1699 1632 przrcedet,
1728 1599 1771 1626 vel

985 1642 1096 1668 omnino
1121 1643 1256 1676 propriam
1274 1644 1402 1670 unionem
1421 1644 1498 1670 sciet.
1517 1643 1586 1676 Quid
1610 1652 1675 1679 ergo
1694 1645 1770 1679 palea

985 1686 1119 1713 dictorum
1137 1695 1151 1714 a
1166 1688 1244 1715 nobis
1262 1689 1416 1715 necessario
1435 1690 1581 1724 spargitur,
1603 1690 1636 1716 ad
1657 1690 1767 1717 modum

985 1731 1138 1759 docendum
1154 1737 1242 1760 tutum
1264 1734 1485 1767 dicendi,quasi,
1515 1735 1538 1761 si
1566 1736 1659 1762 unitus
1687 1737 1769 1764 fuerit

984 1777 1056 1804 Deus
1069 1778 1199 1809 Verbum.
1215 1787 1270 1805 non
1289 1779 1371 1806 sciret
1383 1780 1532 1814 quomodo,
1547 1781 1590 1807 vel
1613 1781 1658 1808 ubi
1676 1783 1769 1810 unitus

984 1819 1067 1848 fuerit
1079 1821 1160 1848 alicui
1175 1830 1207 1849 ex
1220 1823 1309 1850 nobis.

1315 1890 1392 1918 (Ὰῐ).
1412 1891 1446 1918 Χ.

1019 1956 1058 1988 Si,
1076 1961 1106 1984 ut
1126 1957 1212 1988 aiunt,
1231 1957 1324 1985 unitus
1345 1958 1380 1985 sit
1394 1958 1520 1986 Christus
1535 1960 1684 1994 Dominus,
1703 1970 1765 1996 pars

982 2006 1024 2027 est
1034 2002 1106 2028 Deus
1118 2002 1247 2033 Verbum,
1260 2007 1289 2029 ut
1305 2004 1363 2030 vult
1383 2004 1426 2030 lex
1442 2005 1581 2031 unitorum
1594 2014 1601 2037 ;
1615 2007 1703 2033 omnis
1717 2016 1765 2034 au-

983 2042 1036 2072 tem
1052 2048 1124 2080 pars,
1141 2048 1292 2074 secundum
1306 2048 1370 2082 quid
1386 2049 1475 2076 minor
1485 2057 1534 2076 suo
1550 2055 1606 2078 toto
1620 2053 1765 2080 constitui-

984 2095 1044 2124 tur;
1063 2092 1135 2119 Deus
1150 2093 1269 2120 Verhum
1292 2094 1381 2122 minor
1401 2095 1484 2130 igitur
1498 2101 1540 2123 est
1555 2096 1646 2131 aliquo
1663 2105 1748 2125 seeun
1766 2114 1772 2119 ο

982 2136 1047 2164 dum
1071 2138 1154 2172 quid;
1179 2146 1232 2165 non
1250 2139 1323 2165 enim
1345 2144 1418 2166 esset
1437 2148 1510 2174 pars,
1535 2142 1587 2168 nisi
1614 2146 1671 2169 toto
1694 2143 1764 2170 foret

147 2175 236 2208 τοῦτο,
263 2176 322 2202 οὐδὲ
348 2177 413 2209 Θεὸς
435 2178 559 2213 ἀληθινὸς
573 2181 587 2206 ὁ
601 2179 666 2212 Θεὸς
686 2182 788 2216 Λόγος’
811 2184 871 2210 ἐπεὶ
888 2186 931 2212 τὸν

989 2183 1081 2210 :ninor.
1098 2183 1126 2210 Si
1149 2189 1240 2211 autem
1256 2185 1307 2212 hoc
1333 2185 1370 2212 ita
1396 2185 1440 2217 sit,
1461 2194 1515 2213 non
1530 2194 1612 2214 verus
1625 2193 1667 2215 est
1680 2189 1762 2221 Deus,

146 2221 272 2255 ἀληθινὸν
299 2221 375 2255 Θεὸν,
403 2223 510 2254 οὐδενὸς
531 2225 659 2252 ἐλάττονα
686 2227 776 2261 λέγειν
797 2229 927 2257 δυνατόν·

146 2267 309 2302 ἀσύγκριτος
331 2269 384 2304 γὰρ
407 2270 421 2296 6
438 2270 503 2302 Θεὸς
523 2272 640 2307 πάμπαν
659 2273 706 2299 καὶ
726 2274 928 2310 ἀπαράὸλητος.

147 2312 183 2338 ’Ἡ
200 2313 265 2346 γοῦν
279 2315 494 2348 ὁμολογείτωσαν
506 2318 629 2352 φανερῶς
642 2319 691 2353 τὴν
703 2320 770 2355 πρὸς
784 2322 846 2352 τοὺς
863 2323 930 2357 ἀλη-

146 2357 219 2385 θινὸν
241 2358 306 2386 Θεὸν
328 2361 432 2396 εἰδότας
453 2362 498 2388 τὸν
512 2363 577 2391 Θεὸν
599 2365 685 2398 Λόγον
707 2365 928 2403 ὲναντιότητα,ἢ

147 2404 346 2430 παυσάσθωσαν
361 2406 486 2433 σύνθετον
502 2408 567 2443 ἡμῖν
582 2409 737 2443 εισάγοντες
753 2411 846 2438 οὐσίαν
858 2413 890 2439 ἔκ
899 2421 930 2439 τε

145 2449 193 2476 τοῦ
212 2450 278 2476 Θεοῦ
294 2451 380 2484 Λόγου
401 2453 448 2478 καὶ
461 2453 511 2487 τῆς
523 2455 602 2488 ήμῶν
626 2456 727 2490 σαρκὸς
746 2456 879 2492 ἐμψύχου.
895 2458 930 2484 Αι

145 2495 288 2533 κᾳθολικαὶ
300 2496 376 2530 ὑμῶν
392 2498 566 2531 καταφάσεις,
593 2501 640 2526 καὶ
659 2502 686 2527 αἱ
698 2502 730 2527 ὲκ
749 2502 849 2529 τούτων
863 2503 930 2530 ἀπο-

145 2541 252 2574 δείξεις,
267 2542 392 2576 ἀνόνητοι
407 2543 469 2577 ὑμῖν
486 2543 593 2578 ἀληθῶς
606 2545 654 2571 νῦν
667 2547 906 2582 ἀποδειχθήσονται
921 2557 927 2562 ·

147 2587 179 2614 δι’
194 2584 231 2614 ὧν
253 2587 307 2622 γὰρ
331 2588 432 2627 ἰσχύειν
453 2589 602 2624 ἡγήσασθε,
614 2591 657 2617 διὰ
670 2592 781 2625 τούτων,
794 2602 929 2629 προψητι-

147 2633 202 2665 κῶς
210 2642 299 2668 φαμεν
311 2635 385 2668 ὑμῖν,
397 2634 582 2669 ἡττηθήσεσθε
592 2636 636 2662 -τὺ
648 2636 702 2672 γὰρ
713 2639 818 2675 καίριον
831 2641 930 2676 ἠγνοή-

146 2688 210 2706 πατε
226 2680 289 2714 περὶ
305 2680 366 2706 ὅτου
381 2681 395 2706 ό
405 2680 485 2714 λόγος
496 2700 504 2713 ,
521 2681 572 2707 οὐκ
588 2682 783 2716 ὲπισκέψαντες
800 2685 881 2711 αὐτοῦ
897 2688 928 2721 τῇ

148 2725 236 2759 φύσει.
253 2726 290 2751 Οὐ
308 2726 361 2761 γὰρ
383 2725 475 2761 ἐπειδὴ
499 2728 553 2753 πᾶν
580 2727 662 2763 μέρος
682 2729 790 2756 ἔλαττον
807 2731 853 2756 τοῦ
868 2731 928 2758 ὅλου

147 2771 307 2806 καθέστηκε,
326 2771 370 2798 διὰ
391 2772 469 2798 τοῦτο
486 2773 532 2799 καὶ
547 2774 560 2800 ὁ
576 2773 642 2805 Θεὸς
663 2775 700 2806 ὡς
714 2775 795 2810 μέρος
809 2775 928 2811 θεωρού-

148 2823 226 2852 μενος
251 2815 297 2843 τοῦ
320 2816 406 2850 Λόγου
433 2818 480 2844 καὶ
500 2818 548 2853 τῆς
564 2819 700 2855 σημασίας
719 2821 764 2846 τοῦ
785 2821 857 2851 ὅλου.
878 2823 928 2857 τῆς

979 2228 1052 2255 Deus
1067 2229 1186 2256 Verbum
1201 2250 1207 2261 ,
1233 2230 1368 2264 siquidem
1388 2239 1471 2258 verus
1485 2232 1557 2258 Deus
1577 2233 1653 2259 nullo
1673 2233 1762 2261 minor

980 2275 1032 2301 dici
1058 2280 1157 2309 queat;
1184 2283 1246 2303 cum
1264 2277 1341 2303 nullo
1360 2277 1432 2303 enim
1457 2278 1559 2312 mquari
1581 2280 1762 2314 componique

979 2320 1036 2346 ullo
1047 2321 1127 2348 modo
1143 2325 1232 2355 potest
1244 2322 1325 2348 Deus.
1337 2322 1392 2348 Aut
1404 2322 1487 2357 igitur
1503 2327 1596 2357 aperte
1610 2324 1761 2352 conﬁtean-

980 2370 1024 2393 tur
1047 2375 1076 2394 se
1092 2367 1230 2394 adversari
1249 2368 1292 2395 his
1314 2369 1361 2403 qui
1379 2376 1472 2396 verum
1488 2369 1573 2396 Deum
1592 2370 1685 2398 sciunt
1700 2379 1760 2399 esse

981 2408 1066 2435 Deum
1084 2408 1211 2442 Verbum,
1227 2415 1272 2436 aut
1286 2412 1340 2445 jam
1371 2413 1497 2440 desinant
1524 2415 1603 2443 nobis
1633 2417 1763 2446 inducere

981 2454 1159 2481 substantiam
1194 2463 1226 2482 ex
1260 2457 1312 2484 Deo
1340 2458 1429 2486 Verbo
1453 2467 1541 2494 exque
1565 2469 1648 2489 carne
1670 2469 1761 2492 nostra

980 2501 1109 2527 animata.
1128 2501 1264 2534 Principia
1286 2509 1374 2530 vestra
1392 2507 1528 2539 generalia
1552 2513 1633 2543 atque
1657 2517 1688 2537 cx
1707 2511 1760 2538 iliis

983 2547 1167 2581 probationes,
1191 2549 1307 2576 absurda
1334 2558 1405 2578 nunc
1421 2553 1497 2578 vobis
1513 2561 1576 2580 vere
1591 2555 1763 2583 deunonslra-

981 2593 1105 2626 buntur;
1121 2602 1136 2621 e
1161 2595 1259 2629 quibus
1284 2597 1356 2623 enim
1372 2605 1420 2625 vos
1444 2599 1534 2627 valere
1552 2601 1699 2635 conﬁditis,
1728 2611 1760 2630 cx

981 2639 1032 2665 illis
1058 2639 1220 2668 inﬁrmiores
1239 2650 1285 2668 vos
1314 2651 1444 2672 evasuros
1472 2647 1667 2682 praedieimns;
1688 2651 1759 2683 quod

981 2687 1056 2714 enim
1074 2688 1153 2716 decet
1170 2690 1236 2718 illud
1255 2692 1289 2719 de
1303 2701 1358 2727 quo
1376 2702 1466 2721 sermo
1481 2698 1523 2722 est
1543 2696 1692 2731 ignoratis;
1713 2706 1762 2725 na-

981 2736 1042 2760 tura
1055 2733 1128 2761 illius
1137 2743 1192 2762 non
1204 2737 1387 2766 considerata.
1398 2740 1520 2775 Namque
1531 2749 1564 2768 eo
1574 2742 1647 2776 quod
1657 2749 1759 2776 partem

981 2786 1031 2806 suo
1046 2783 1101 2806 toto
1125 2781 1259 2809 minorem
1281 2791 1341 2811 esse
1355 2789 1472 2818 constat,
1484 2794 1538 2813 non
1556 2787 1616 2824 ideo
1631 2787 1712 2818 Deus.
1733 2797 1759 2817 nr

981 2832 1043 2859 pars
1059 2825 1140 2853 Verbi
1163 2828 1319 2862 speculatus
1344 2831 1480 2866 totiusque
1497 2833 1584 2868 signi,
1611 2834 1643 2861 ad
1672 2835 1755 2870 ipsum
