1973 3098
198 100 264 133 ΙᾉΒθ

816 105 970 135 LEONTII
991 101 1193 134 BYZANTINI

1761 106 1834 138 MU)

194 157 314 187 unionis.
327 158 419 185 minor
444 163 511 192 toto,
528 160 568 188 sic
582 161 667 193 dicto,
683 160 716 187 ad
735 161 822 195 ipsum
838 162 916 188 unito
933 161 980 187 ha-

1039 160 1096 186 κατ¹
1112 160 1194 186 αὑτὸν
1214 160 1372 194 συνθέσεως,
1386 163 1505 190 ἐλάττων
1518 161 1564 190 τοῦ
1584 161 1620 194 ὡς
1636 162 1697 191 ἔλον
1713 163 1831 198 λεγομέ-

192 205 314 232 bebitur.
328 204 501 233 Contrarium
515 211 606 234 autem
621 211 663 234 est
675 206 709 233 de
725 206 855 234 omnibus
872 207 985 234 cutibus

191 251 299 278 cmtcris
308 259 380 285 quze,
393 259 454 278 cum
471 253 526 279 sint
539 253 580 280 sui
593 254 676 281 totius
688 259 791 289 partes,
805 254 865 288 ipso
877 254 985 280 minora

191 297 331 324 videntur.
347 297 418 325 Deus
436 306 502 325 vero
518 307 572 326 non
591 305 633 327 est
650 308 721 327 unus
736 301 870 332 omnium,
890 300 937 326 sed
957 300 984 326 in

192 343 323 370 omnibus
337 348 364 370 et
381 352 465 378 super
485 345 577 372 omnia
593 346 750 373 eminenter
763 354 792 373 se
805 346 899 374 habet.
913 345 985 373 Con-

199 391 346 420 sequemer
375 394 426 412 non
453 387 546 413 eodem
573 387 653 413 nme
679 395 732 420 quo
765 391 855 416 omnia
887 395 983 419 caetera

201 436 294 464 posset
308 432 391 463 uniri,
408 432 448 458 vel
467 437 496 458 ut
512 440 574 467 pars
601 432 717 468 alicujus
734 435 818 463 tutius
846 438 984 472 reputabi—

205 483 256 503 ΑΠ’-

228 521 466 549 Considerandum
479 526 522 549 est
535 522 609 549 enim
626 522 715 555 vobis,
731 530 828 550 omnes
840 523 985 558 generales

193 567 414 602 propositionum
434 567 637 595 deelarationes
653 573 719 595 tune
731 569 910 603 exponendas
923 576 984 596 esse

193 621 257 640 cum
274 613 389 648 alicujus
404 613 528 648 ejusdem
550 615 659 648 generis
681 615 860 650 ejusdemque
882 614 984 649 speciei

192 667 289 686 eorum
304 667 366 694 qua:
385 660 595 687 determinanda
612 665 676 688 sunt
692 660 796 687 veritas
817 660 983 695 exquiritur.

193 705 316 740 Namque
342 705 375 732 ad
398 706 624 733 manil'estandam
641 711 779 734 .naturam
804 714 902 733 eorum
924 714 986 741 qure

193 752 309 779 alterius
320 757 384 779 sunt
399 753 499 787 speciei
520 753 564 780 vel
588 753 704 781 alterius
718 753 827 788 generis
852 753 922 780 nihil
943 753 986 779 in-

192 797 329 823 servirent
342 804 392 824 nec
408 797 551 831 generales
565 797 763 831 expositiones,
780 796 833 823 nisi
855 800 986 830 tanquam

193 842 296 876 speciei
307 842 430 877 ejusdem
449 842 594 877 quresitum
609 842 896 877 comprehenderent;
910 842 984 877 quod
1001 839 1021 865 Β

194 893 261 915 tune
279 888 400 916 ostendit
417 889 475 916 sive
493 889 660 924 subjectum,
679 889 736 916 sive
753 889 890 916 excedens
912 889 985 915 veri-

193 938 276 960 tatem
292 933 514 960 eonnaturalium
533 933 629 968 ipsius.
645 934 763 961 Perinde
776 942 808 961 ac
819 934 840 961 si
854 934 888 960 de
899 934 984 961 Paulo

193 978 305 1006 homine
323 979 486 1013 exquiratur
503 987 537 1007 an
550 979 586 1007 sit
601 980 723 1012 animal;
754 980 892 1015 generalis
913 979 985 1006 allir-

193 1025 277 1052 malio
294 1025 395 1060 speciei
412 1033 520 1053 onmem
534 1025 674 1052 hominem
693 1026 793 1052 animal
813 1033 873 1052 esse
889 1025 985 1052 dicens

193 1071 226 1099 ad
242 1071 433 1106 probationem
447 1071 554 1106 (μιωείιί
571 1071 728 1098 inserviret.
743 1070 874 1098 Similiter
892 1075 983 1098 autem

193 1125 255 1144 cum
272 1125 286 1144 a
305 1117 385 1144 nobis
402 1116 534 1152 quaeritur
560 1124 594 1143 an
613 1117 658 1144 hic
672 1116 774 1144 Paulus
796 1116 898 1144 animal
916 1116 984 1143 sub-

193 1163 294 1190 stantia
321 1162 375 1194 sit,
407 1166 564 1197 opportuna
586 1167 660 1189 esset
687 1162 834 1189 aﬂirmatio
848 1162 984 1197 generalis

193 1216 275 1236 omne
291 1208 391 1235 animal
407 1208 590 1235 substantiam
605 1215 666 1235 esse
683 1207 788 1235 dicens.
812 1208 840 1235 Si
861 1216 927 1235 vero
950 1208 984 1236 de

192 1255 286 1289 aliquo
300 1253 415 1281 alterius
432 1253 541 1288 generis
558 1253 600 1281 vel
627 1252 730 1288 speciei
749 1253 866 1287 quaestio
880 1253 983 1288 agitur,

193 1309 291 1330 omnes
307 1301 504 1328 allirmationes
520 1308 552 1328 ac
568 1300 782 1336 denegationes,
795 1307 856 1334 qua:
872 1298 984 1334 aliquod

194 1347 352 1383 hujusmodi
367 1347 400 1374 de
415 1347 460 1375 his
471 1355 532 1382 qua:
550 1354 604 1374 non
623 1346 746 1381 ejusdem
761 1345 864 1381 speciei
880 1345 922 1372 vel
937 1353 984 1380 ge-

194 1393 270 1421 neris
279 1397 343 1420 sunt
351 1393 444 1420 dicere
454 1392 627 1423 viderentur,
636 1392 731 1419 otiosze
740 1392 920 1426 absurdaeque
934 1398 984 1426 pro

195 1437 311 1471 quaesito
323 1437 471 1464 habentur.
489 1436 608 1464 Perinde
623 1444 654 1464 ac
681 1437 704 1463 si
724 1436 840 1472 quaesito
867 1445 902 1463 an
929 1444 983 1463 non

195 1483 341 1510 rationalis
352 1483 387 1510 sit
402 1483 511 1514 Paulus,
527 1482 580 1510 hoc
596 1482 707 1517 quidam
723 1483 857 1510 festinans
868 1482 982 1509 (lemon-
997 1506 1019 1535 ο

196 1534 284 1556 strare
301 1527 529 1556 scilicetnonesse
541 1529 701 1557 rationalem
714 1550 721 1561 ,
747 1529 852 1556 diceret
873 1533 983 1555 omnem

196 1574 316 1609 lapidem
331 1582 495 1609 omnemque
518 1574 716 1609 nigritndincm
743 1583 799 1602 non
817 1583 878 1603 esse
898 1575 984 1602 ratio-

195 1621 279 1653 nalia,
302 1621 371 1648 nihil
392 1621 449 1648 ullo
472 1621 554 1648 modo
568 1621 709 1656 proposito
734 1621 894 1656 prodesset;
923 1622 984 1656 jure

195 1675 262 1702 ergo
288 1667 322 1694 de
347 1667 400 1695 hoc
430 1667 585 1699 rideretur,
610 1675 672 1694 cum
700 1668 850 1702 generatim
872 1667 984 1702 quidem

195 1712 314 1740 allirmet
329 1713 476 1748 quemdam
503 1721 559 1740 non
585 1721 645 1741 esse
673 1714 835 1742 rationalem
856 1714 903 1742 sed
930 1722 985 1741 non

195 1759 319 1794 ejusdem
334 1759 449 1794 speciei.

230 1805 354 1832 Dicimus
366 1806 448 1841 igitur
460 1813 571 1840 quoque
583 1807 804 1842 nobismetipsis:
817 1807 912 1834 Omnis
924 1815 986 1842 pars

196 1860 247 1880 suo
256 1857 313 1880 toto
323 1853 414 1880 minor
424 1857 484 1885 est;
501 1854 523 1880 si
538 1858 630 1880 autem
645 1853 775 1880 omnibus
786 1853 910 1888 partibus
926 1861 986 1887 quae

197 1898 332 1926 uniuntur
353 1899 442 1934 majus
467 1903 555 1926 totum
572 1899 731 1934 agnoscitur
745 1920 751 1932 ,
784 1900 890 1934 hocque
913 1899 986 1934 quod

195 1944 318 1980 ejusdem
337 1944 447 1980 generis
474 1945 631 1980 specieiqne
651 1953 683 1972 ac
712 1945 764 1972 illze
787 1945 880 1972 dicitis
900 1946 986 1972 Deum

196 1991 316 2018 Verbum
333 1999 404 2022 esse,
420 1992 519 2018 merito
539 1999 573 2018 ex
599 1991 721 2026 generali
739 1991 918 2018 allirmationc
935 1991 987 2025 ipsi

196 2036 321 2064 eamdem
341 2037 544 2064 accusationem
561 2037 720 2072 imputatis,
738 2036 776 2063 ita
799 2042 829 2064 ut
857 2041 987 2070 tanquam

197 2082 291 2110 omnia
307 2082 431 2117 ejusdem
451 2082 561 2117 generis
584 2091 616 2109 ac
635 2082 738 2116 speciei
753 2089 816 2117 pars
835 2082 933 2115 factus,
950 2083 987 2110 si-

198 2128 302 2156 militer
326 2129 505 2164 semetipsum
523 2128 626 2156 habere
643 2128 716 2163 apud
732 2136 817 2156 suum
838 2122 924 2156 totum
942 2136 988 2156 re-

197 2179 320 2210 putetur.
338 2175 365 2203 Si
383 2183 449 2202 vero
469 2175 541 2202 hanc
551 2175 753 2210 blasphemiam
770 2183 824 2202 non
844 2175 904 2202 ausi
924 2174 986 2202 fue-
1003 2175 1024 2203 Π

198 2222 270 2254 ritis,
285 2222 320 2249 ob
336 2222 490 2256 reprobatis
505 2229 556 2249 vos
569 2225 763 2256 argumentum
791 2221 941 2256 impietatis
960 2221 987 2247 in

197 2275 247 2295 vos
264 2271 377 2302 repente
389 2267 510 2300 irruens,
526 2267 600 2294 haud
616 2271 690 2294 recta
702 2267 810 2294 ratione
824 2275 872 2294 vos
885 2267 988 2296 dixisse

198 2318 296 2349 patet;
317 2313 453 2348 siquidem
474 2313 502 2340 in
519 2313 626 2341 caeteris
641 2312 815 2340 naturalibus
827 2312 880 2340 hoc
892 2313 988 2339 catho-

198 2358 252 2385 liee
271 2357 391 2390 sentitis,
403 2357 582 2392 Verbumque
600 2357 628 2384 in
646 2357 731 2384 verbo
748 2357 822 2391 quod
843 2364 927 2391 supra
941 2365 990 2384 na-

199 2408 289 2432 turam
317 2411 456 2439 supraque
481 2403 533 2430 alia
559 2404 663 2431 eminet
685 2406 759 2430 recte
782 2403 987 2430 demonstratis.

198 2450 264 2478 Inde
282 2455 374 2478 autem
389 2450 424 2477 ob
437 2449 622 2477 reverentiam
645 2449 747 2477 unione
762 2448 942 2476 Divinitatem
956 2448 990 2475 li-

199 2497 296 2526 berare
316 2497 490 2529 simulantes,
505 2497 563 2532 jam
582 2496 710 2532 injustius
732 2497 804 2523 hanc
821 2495 988 2529 eontempsi«

199 2543 268 2574 stis,
293 2549 356 2569 cum
385 2542 454 2569 nihil
482 2549 565 2576 supra
582 2542 690 2576 reliqua
717 2542 830 2576 cognita
848 2541 989 2576 peculiare

199 2593 328 2616 naturam
347 2587 422 2615 illius
437 2587 541 2615 habere
554 2587 749 2620 credideritis;
770 2587 833 2614 ideo
847 2587 923 2622 juxta
940 2594 990 2614 vos

199 2635 258 2670 ipse
272 2641 394 2669 quoque,
409 2633 505 2661 eadem
530 2634 614 2661 verba
632 2633 762 2661 omnibus
777 2633 934 2668 imponens,
955 2633 989 2660 ad

199 2680 330 2708 unionem
344 2687 406 2707 cum
421 2680 510 2707 altero
526 2680 659 2708 accedere
673 2686 777 2715 posset.

235 2727 286 2755 llbi
296 2734 407 2761 quoque
418 2731 483 2754 sunt
498 2726 599 2761 quibus
615 2727 655 2754 illi
671 2727 800 2754 unionem
813 2726 991 2762 denegabatis

201 2771 238 2796 ob
254 2770 341 2804 ipsius
363 2775 491 2798 naturam
512 2771 665 2799 absimilem
693 2776 775 2807 atque
798 2780 881 2807 supra
899 2772 990 2799 omnia

202 2814 470 2848 incomparabilem?
485 2815 538 2843 Sed
555 2821 640 2850 patet,
660 2817 686 2844 in
703 2806 805 2853 quibus
827 2806 928 2846 dicitur
950 2806 1009 2845 fa-l

1038 214 1084 232 νου
1103 205 1164 232 κατ’
1188 206 1268 232 αὐτὸν
1295 207 1425 234 συνθέτου
1444 209 1652 243 νομισθήσεται.
1667 209 1832 236 Τουναντίον

1038 251 1088 286 μὲν
1111 251 1158 278 οὖν
1171 271 1177 283 ,
1196 252 1257 278 ἐπεὶ
1277 253 1367 279 πάντα
1389 253 1422 279 τὰ
1449 253 1517 280 ἄλλα
1533 254 1587 280 τῶν
1605 255 1691 281 ὅντων
1706 254 1831 282 συντιθέ-

1038 306 1108 332 μενα
1129 298 1167 328 ὡς
1183 298 1256 333 μέρη
1272 307 1300 324 τε
1316 298 1365 325 καὶ
1382 299 1515 326 ἐλάττονα
1533 299 1581 326 τοῦ
1594 301 1696 326 οἰκείου
1710 301 1772 327 ὅλου
1786 309 1832 326 τε-

1037 341 1175 377 θεώρηται
1186 350 1194 358 ·
1209 342 1276 374 Θεὸς
1296 343 1323 370 δὲ
1337 344 1386 378 οὐχ
1402 341 1442 376 εἷς
1463 345 1518 371 τῶν
1536 346 1646 372 πάντων
1659 365 1667 378 ,
1682 346 1751 372 ἀλλὰ
1765 346 1831 380 περὶ

1036 389 1136 420 πάντα,
1153 389 1201 415 καὶ
1221 389 1293 424 ὑπὲρ
1315 390 1404 417 πάντα
1425 391 1599 426 ὑπεροχικῶς
1613 392 1670 427 ἔχει
1688 401 1695 408 ·
1716 391 1832 419 ἀκολού-

1037 434 1090 466 θως
1108 435 1168 461 οὐδὲ
1185 436 1256 462 κατά
1270 436 1359 463 πάντα
1371 437 1405 463 τὰ
1417 437 1486 464 ἄλλα
1504 438 1551 464 τὸν
1563 438 1642 473 λόγον
1657 439 1714 474 ἔχοι
1730 447 1830 466 συντε-

1037 480 1110 511 θεῑς·
1129 480 1144 515 ἢ
1162 481 1201 512 ὡς
1217 481 1301 516 μέρος
1315 482 1508 517 λογισθήσεται
1520 483 1581 509 ὅλου
1601 484 1684 515 τινός.

1074 526 1153 553 Ἔστι
1169 527 1222 562 γὰρ
1248 527 1320 561 ὑμᾶς
1338 528 1528 561 ὲπισκὲπτειν,
1546 529 1585 560 ὡς
1601 530 1686 556 πᾶσαι
1703 529 1731 555 αἱ
1759 528 1831 555 καθ-

1036 571 1099 598 όλου
1128 571 1183 598 τῶν
1220 573 1379 607 προτάσεων
1407 574 1576 608 ἀποφάνσεις
1592 575 1653 601 τότε
1679 574 1772 608 ἔχουσι
1799 573 1832 600 τὸ

1036 617 1185 651 ἀναγκαῖον
1200 619 1239 650 εἰς
1259 619 1408 653 ἀπόδειξιν,
1426 620 1508 655 ἡνίκα
1524 620 1596 652 τινὸς
1611 621 1794 654 ταυτογενοῢς
1811 620 1829 655 ἢ

1036 664 1208 696 ταυτοειδοῦς
1220 665 1276 691 τῶν
1297 665 1350 691 ὑπὸ
1364 665 1410 692 τὸν
1432 666 1643 702 προσδιορισμὺν
1655 668 1669 693 ὁ
1683 666 1762 700 λόγος
1778 666 1828 701 ζη-

1036 710 1133 736 τεῖται.
1154 710 1201 742 Εἰς
1222 711 1276 746 γὰρ
1294 711 1344 746 τὴν
1363 712 1418 738 τῶν
1439 712 1599 747 ἐτεροειδῶν
1619 713 1636 748 ἢ
1663 712 1831 747 ἑτερογενῶν

1037 755 1131 790 φύσιν,
1155 756 1230 782 οὐδὲν
1251 756 1308 791 ἔχοι
1331 756 1363 783 ἂν
1378 757 1536 784 λυσιτελοῦν
1551 757 1592 788 εἰς
1610 756 1750 789 ἀπόδειξιν
1768 757 1831 784 οὐδὲ

1036 801 1070 828 τὰ
1086 801 1201 828 καθόλου
1213 803 1404 837 ἁποφαντικὰ,
1419 803 1500 838 εἴπερ
1519 803 1557 838 μὴ
1571 803 1830 839 συμπεριλαμϐάνοι

1035 847 1073 878 ὡς
1087 847 1209 882 ὁμοειδὲς
1221 848 1252 874 τὸ
1268 847 1434 884 ζητούμενον
1446 857 1453 864 ·
1469 849 1517 875 καὶ
1534 849 1669 875 δείκνυσιν
1685 849 1702 884 ἢ
1717 849 1831 876 ὑποκεί-

1037 901 1119 927 μενον
1135 892 1150 928 ἦ
1175 893 1346 928 παραὸαῖνον
1359 894 1405 920 τὸν
1420 894 1500 928 λόγον
1522 895 1577 921 τῶν
1589 895 1718 930 ὁμοφυῶν
1732 895 1828 922 αὐτοῦ.

1036 935 1100 964 Οἷον
1113 939 1137 964 εὶ
1154 939 1217 973 περὶ
1236 939 1344 965 Παύλου
1360 939 1407 966 τοῦ
1421 939 1568 972 ἀνθρώπου
1588 940 1697 974 ζητοῖτο
1720 940 1744 966 εἰ
1760 940 1831 971 ζῶόν

1035 985 1124 1016 ἔστιν,
1138 985 1155 1020 ἡ
1179 985 1240 1010 καθ’
1256 985 1317 1011 ὅλου
1334 985 1488 1019 κατάφασις
1508 985 1555 1012 τοῦ
1574 986 1662 1017 εἴδους
1684 986 1831 1020 φάσκουσα

1035 1032 1123 1058 πάντα
1137 1030 1281 1066 ἄνθρωπον
1293 1031 1361 1063 ζῶον
1377 1030 1447 1058 εἶναι
1463 1032 1643 1068 χρησιμεὺσοι
1655 1032 1686 1058 ἂν
1698 1032 1766 1067 πρὸς
1779 1032 1831 1068 τὴν

1035 1078 1210 1113 κατασκευὴν
1228 1077 1276 1104 τοῦ
1292 1078 1471 1114 ζητουμένου.
1497 1079 1614 1114 Ὀμοεως
1628 1079 1657 1106 δὲ
1675 1079 1722 1106 καὶ
1737 1080 1832 1112 ἐξετα-

1035 1124 1150 1158 ζομένου
1171 1125 1237 1160 ἡμῖν
1257 1126 1281 1150 εἰ
1305 1124 1412 1157 Παῦλος
1431 1122 1509 1157 οὗτος
1523 1125 1554 1152 τὸ
1568 1125 1638 1157 ζῶον
1660 1126 1740 1152 οὐσία
1758 1126 1830 1159 ἐστὶ,

1035 1169 1189 1205 πρόσφορος
1209 1170 1253 1205 εἴη
1278 1170 1311 1197 ἂν
1334 1172 1350 1205 ἠ
1375 1171 1490 1198 καθόλου
1510 1172 1663 1205 κατάφασις
1675 1172 1829 1205 φάσκουσα·

1034 1216 1093 1243 Πᾶν
1109 1216 1178 1248 ζῶον
1198 1216 1286 1243 οὐσία.
1305 1217 1336 1242 El
1352 1216 1380 1243 δὲ
1397 1217 1573 1251 ἑτεωγενοῦς
1584 1225 1656 1248 τινος
1672 1217 1689 1252 ἦ
1711 1218 1831 1252 ὲτεροει-
1846 1239 1850 1242 .

1034 1260 1110 1297 δοῢςρ
1119 1260 1235 1296 ζήτησις
1258 1262 1412 1297 πρόκειται,
1437 1263 1523 1288 πᾶσαι
1536 1262 1565 1288 αἱ
1586 1262 1760 1296 καταφάσεις
1781 1263 1830 1290 καὶ

1034 1307 1205 1342 ἀποφάσεις,
1221 1308 1282 1334 ὅσαι
1309 1307 1342 1334 ἂν
1364 1306 1420 1334 εἷεν
1443 1309 1481 1343 μὴ
1499 1309 1565 1343 περὶ
1586 1309 1641 1335 τῶν
1662 1309 1792 1343 ὁμοειδῶν
1812 1309 1830 1345 ἢ

1033 1353 1175 1389 ὁμογενῶν
1191 1353 1249 1380 τόδε
1267 1362 1293 1380 τι
1316 1354 1458 1387 λέγουσαι,
1470 1354 1554 1389 ἀργαὶ
1565 1354 1614 1381 καὶ
1627 1354 1753 1390 ἀνόνητοι
1763 1355 1831 1381 καθ-

1034 1400 1168 1434 εστήκασι
1179 1390 1248 1434 πρὸς
1260 1398 1290 1425 τὸ
1309 1398 1491 1433 ζητούμενον.-
1500 1398 1563 1425 Οἶον
1575 1399 1741 1435 ζητουμένου
1761 1401 1786 1426 ει
1799 1401 1830 1426 οὐ

1035 1445 1142 1479 λογικὸς
1151 1446 1164 1472 ὁ
1181 1445 1295 1476 Παῦλος,
1305 1444 1385 1471 τοῦτό
1394 1454 1436 1477 τις
1451 1446 1611 1477 σπουδάζων
1625 1446 1830 1477 ἀποδεικνύειν,

1035 1491 1119 1526 ἥγουν
1145 1491 1186 1517 ὅτι
1206 1491 1256 1517 οὐκ
1284 1490 1342 1517 ἔστι
1362 1491 1484 1524 λογικὸς,
1499 1491 1586 1525 λέγοι,
1610 1492 1668 1522 Πᾶς
1689 1492 1763 1523 λιοος
1782 1492 1831 1518 καὶ

1037 1538 1111 1564 πᾶσα
1126 1537 1255 1572 μέλανσις
1267 1536 1372 1571 ἄλογος⁷
1385 1537 1462 1564 οὐδὲν
1473 1537 1590 1569 casam;
1603 1537 1642 1573 τῷ
1655 1538 1831 1573 προκειμένῳ

1036 1583 1207 1616 συνήγαγεν·
1230 1581 1342 1614 εἰκότως
1361 1579 1408 1609 οὖν
1433 1582 1480 1608 ἐπὶ
1502 1582 1590 1616 τούτῳ
1604 1582 1805 1617 γελασθήσεται
1821 1591 1829 1598 ·

1036 1629 1097 1656 καθ’
1109 1628 1170 1657 ὅλου
1201 1627 1250 1663 μὲν
1273 1628 1459 1663 καταφάσκων
1486 1629 1558 1660 τινὸς
1581 1628 1612 1655 τὺ
1640 1628 1747 1663 ἄλογον,
1771 1623 1838 1655 ἀλλ’

1036 1673 1223 1710 ἀνομοειδοῦς.

1072 1807 1226 1838 Φάσκοντες
1243 1804 1289 1833 οὖν
1303 1807 1351 1834 καὶ
1370 1807 1460 1842 ἡμεῖς,
1475 1808 1534 1834 Πᾶν
1551 1807 1643 1843 μέρος,
1658 1807 1768 1834 ἔλαττον
1781 1806 1830 1833 τοῦ

1037 1852 1138 1879 οεκείου
1151 1851 1222 1878 ὅλου·
1238 1852 1262 1877 εἰ
1278 1852 1328 1886 μὲν
1344 1853 1452 1879 πάντων
1475 1853 1529 1879 τῶν
1547 1853 1640 1888 μερῶν
1654 1850 1691 1879 ὧν
1707 1853 1830 1879 συντιθε-

1040 1897 1129 1932 μένων
1147 1897 1242 1932 μείζον
1254 1897 1284 1923 τὺ
1299 1897 1359 1924 ὅλον
1375 1899 1550 1932 γινώσκεται,
1568 1899 1615 1925 καὶ
1631 1898 1710 1925 τοῦτο
1724 1899 1832 1930 τούτοις

1037 1943 1168 1977 ὁμογενὲς
1186 1943 1232 1969 καὶ
1255 1943 1376 1978 ὁμοειδές
1399 1953 1469 1978 φατε
1492 1943 1562 1971 εἶναι
1581 1946 1626 1972 τὸν
1642 1945 1708 1972 Θεὸν
1730 1946 1830 1979 Λόγον,

1039 1989 1130 2020 καλῶς
1143 1989 1192 2024 τὴν
1207 1989 1238 2016 ἐκ
1250 1990 1299 2024 τῆς
1316 1989 1432 2016 καθόλου
1449 1991 1632 2025 καταφάσεως
1643 1992 1740 2026 ὁμοίαν
1756 1992 1832 2027 αὖτῷ

1038 2036 1208 2071 κατηγορίαν
1229 2035 1363 2069 ἐπάγετε,
1380 2036 1423 2063 ἴνα
1438 2036 1476 2068 ὡς
1497 2036 1585 2064 πάντα
1600 2037 1634 2064 τὰ
1647 2039 1765 2073 ὁμογενῆ
1785 2039 1833 2066 καὶ

1039 2081 1148 2116 ὁμοειδῆ
1174 2081 1256 2117 μέρος
1277 2081 1434 2116 γενόμενος,
1456 2082 1558 2116 ὁμοίως
1581 2082 1655 2118 ἔχειν
1679 2083 1726 2110 καὶ
1749 2084 1833 2115 αὺτίς

1039 2127 1108 2162 πρὸς
1120 2127 1149 2153 τὸ
1169 2128 1268 2153 οἰκεῖον
1290 2127 1349 2153 ὅλον
1370 2127 1572 2162 λογισθήσεται.
1601 2129 1632 2155 Εἰ
1652 2129 1680 2155 δὲ
1704 2129 1786 2156 τοῦτο
1801 2130 1832 2155 οὔ

1040 2173 1191 2208 τολμήσετε
1203 2173 1233 2198 τὸ
1253 2173 1332 2199 ἄθεον
1348 2173 1562 2209 ἁπερεύξασθαι,
1575 2174 1619 2200 διὰ
1634 2174 1664 2200 τὸ
1683 2175 1719 2210 μὴ
1736 2176 1833 2210 φέρειν

1039 2218 1084 2245 τὸν
1100 2217 1242 2253 λικμῶντα
1259 2219 1331 2253 ὑμᾶς
1349 2219 1460 2254 ἔλεγχον
1471 2220 1520 2254 τῆς
1537 2220 1665 2252 ἀσεϐείας
1682 2221 1833 2256 παραχρῆο

1042 2274 1080 2300 μα
1091 2265 1157 2300 ὑμῖν
1173 2265 1394 2300 ὲπισκήπτοντα.
1407 2266 1488 2301 δῆλον
1501 2267 1542 2293 ὅτι
1555 2267 1605 2293 οὐκ
1619 2267 1737 2301 εὐλόγως
1748 2275 1754 2281 ’
1773 2267 1835 2293 ἐπεὶ

1039 2312 1068 2337 ὲν
1091 2311 1149 2342 τοῖς
1166 2310 1258 2342 ἄλλοις
1278 2311 1422 2346 πράγμασι
1444 2313 1587 2346 φυσικοῖςἼ
1609 2312 1688 2338 τοῦτο
1719 2312 1833 2347 βλέπετε

1040 2357 1204 2389 καθολικῶς,
1221 2357 1269 2384 καὶ
1283 2358 1312 2384 ἐν
1327 2357 1365 2393 τῷ
1379 2357 1452 2393 ὑπὲρ
1467 2358 1547 2391 φῦσιν
1563 2359 1610 2385 καὶ
1627 2358 1704 2393 παρὰ
1717 2359 1752 2385 τὰ
1766 2359 1834 2385 ἄλλα

1040 2403 1096 2430 ὄντι
1110 2403 1154 2430 τὸν
1167 2403 1245 2438 λόγον
1260 2404 1350 2439 Λόγῳ,
1363 2403 1443 2430 τοῦτο
1454 2404 1543 2439 ὀρθῶς
1561 2404 1698 2439 φαῖνεσθε.
1714 2404 1835 2430 Λὺτάθεν

1040 2450 1069 2476 δὲ
1081 2450 1105 2476 οἱ
1119 2449 1163 2476 διὰ
1176 2450 1261 2485 τιμὴν
1274 2449 1513 2486 προσποιούμενοι,
1527 2449 1577 2485 τῆς
1593 2449 1742 2482 συνθέσεως
1758 2450 1835 2476 ἐλευ-

1042 2495 1139 2532 θεροῦν
1154 2496 1184 2522 τὸ
1201 2495 1290 2527 Θεῖον,
1300 2496 1352 2532 ἤδη
1368 2495 1430 2523 λίαν
1443 2496 1571 2530 ἁθέσμως
1590 2496 1656 2522 αὐτὸ
1669 2496 1834 2530 ἠτιμάσατε.

1041 2541 1160 2575 οἰόμενοι
1175 2540 1258 2576 μηδὲν
1272 2540 1343 2576 ἔχειν
1357 2541 1407 2575 τὴν
1418 2540 1501 2568 αὐτοῦ
1514 2540 1594 2575 (ptio-tv
1611 2540 1748 2576 ἐξαίρετον
1760 2541 1835 2576 παρὰ

1040 2587 1075 2613 τὰ
1089 2586 1171 2613 λοιπὰ
1186 2587 1311 2621 γνωστὰ·
1325 2587 1365 2614 διὸ
1376 2587 1483 2613 δύναιτο
1498 2587 1530 2614 ἂν
1547 2586 1608 2613 καθ’
1625 2587 1709 2621 ὑμᾶς,
1725 2587 1836 2622 ὁμοίους

1042 2633 1139 2667 λόγους
1153 2634 1210 2665 τοῖς
1222 2634 1306 2660 πᾶσιν
1321 2633 1554 2669 εισπραττόμενος
1586 2634 1634 2660 καὶ
1649 2632 1718 2669 πρὸς
1741 2633 1835 2659 σύνθε-

1043 2689 1084 2706 σιν
1098 2679 1176 2714 ἥκειν
1196 2679 1243 2706 καὶ
1258 2679 1338 2711 αὐτὸς
1354 2679 1404 2705 σὺν
1418 2679 1515 2714 ἑτέρῳ.

1077 2726 1133 2752 Καὶ
1149 2725 1201 2752 ποῦ
1217 2725 1294 2760 ὑμῶν
1304 2725 1332 2752 αἱ
1343 2725 1525 2761 προκείμεναι
1537 2724 1739 2760 ἀπαγορεύσεις
1753 2724 1836 2751 αὑτοῦ

1042 2773 1091 2806 τῆς
1108 2771 1278 2804 συνθέσεως,
1294 2771 1338 2798 διὰ
1350 2771 1380 2798 τὸ
1395 2770 1562 2806 ἀσύγκριτον
1578 2771 1626 2798 καὶ
1641 2771 1837 2805 ἀπαράὸλητον

1043 2817 1125 2845 αὖτοῦ
1143 2818 1191 2854 τῆς
1218 2818 1325 2852 φύσεως
1351 2817 1426 2852 παρὰ
1445 2817 1554 2849 telvm;
1577 2816 1658 2843 Ἀλλὰ
1682 2815 1763 2852 δῆλον
1775 2835 1784 2848 ,
1799 2818 1835 2850 ὡς
