1973 3098
189 181 252 214 ι441

674 183 870 214 ADVERSUS
890 183 1153 214 NESTORIANOS
1179 185 1298 214 --LIB.
1320 185 1344 215 ῐ.

1731 183 1808 216 τῙιΗΩ

186 239 232 266 καὶ
247 238 289 272 ἐφ’
304 232 342 264 ὧν
359 236 504 272 λέγοι-δόκη
526 236 613 263 ποιεῖν
627 237 644 272 ἢ
659 237 774 272 πάσχειν
790 237 857 268 Θεὸς
871 237 885 263 ὁ
902 237 959 272 ὑπὲι

1022 246 1085 266 cere
1101 239 1144 266 vel
1158 239 1214 274 pati
1229 239 1301 266 Deus
1313 239 1361 274 qui
1374 247 1457 274 supra
1472 247 1523 266 nos
1533 242 1586 271 est,
1599 247 1654 268 non
1666 240 1739 268 sicut
1755 248 1807 268 nos

186 284 268 319 ἡμᾶς,
283 284 331 319 οὐχ
354 283 453 318 ὁμοίως
471 284 536 318 ἡμῖν
551 283 578 310 ὲν
591 283 679 309 τοῖσδε
705 282 860 317 θεωρεῖται,
877 283 901 309 el
923 283 970 309 καὶ

183 331 238 360 τοῖς
253 329 344 361 αὐτοῖς
358 330 425 364 ἡμῖν
437 328 599 355 ὑποϐἀλοιτο
613 328 713 362 λόγοις,
728 328 809 355 τινῶν
819 328 969 363 γινομένων

183 375 242 401 κατ’
257 375 413 409 οἰκονομίαν
428 374 511 400 αὑτοῦ
521 394 528 406 ,
544 374 584 405 εἰς
598 373 738 408 σωτηρίαν
749 373 969 408 ήμῶν-διαφόρῳ

182 419 236 455 γὰρ
249 420 342 455 τρόπῳ
366 419 490 454 ἀναλόγῳ
513 419 562 454 τῆς
581 419 649 451 ἰδίας
660 419 777 454 φύσεως.
794 419 900 454 Ὠσπερ
915 418 969 453 γὰρ

175 467 229 493 ικαὶ
254 467 350 502 γεννᾷν
372 465 473 500 ὁμοίως
490 466 555 499 ἡμῖν
579 464 728 499 λεγόμενος
749 464 795 490 καὶ
810 464 966 498 γεννᾶσθαι,

182 514 229 548 οὔχ
246 513 408 548 ὁμοτρόπως
432 512 530 545 πάντη,
547 511 615 538 ἀλλὰ
636 511 683 538 καὶ
697 511 767 546 ὑπὲρ
789 511 863 545 ἡμᾶς
874 518 882 525 ³
897 510 968 537 οὕτω

181 557 228 584 καὶ
245 557 445 591 συντιθέμενος,
461 558 489 582 ἐν
506 556 641 591 κρείττονι
653 556 725 590 λόγῳ
740 556 794 582 τῶν
810 555 871 582 καθ’
883 555 965 590 ἡμᾶς.

182 603 248 629 Οὐδὲ
263 603 315 638 γὰρ
329 604 357 628 ἐν
372 603 426 632 τοῖς
437 602 577 637 φθαρτοῖς,
588 603 611 628 ει
624 602 670 628 καὶ
682 602 787 635 λέγοιτο
801 601 846 627 ἐπὶ
859 601 968 627 πάντων

181 647 321 680 σύνθεσις,
334 649 348 673 ὁ
361 647 441 678 αὐτὸς
464 647 542 681 λόγος
558 648 605 673 καὶ
619 647 719 682 τρόπος
739 647 786 674 ἐπὶ
800 647 890 681 πάσης
907 654 968 671 συν-

181 692 291 725 θέσεως,
321 693 379 719 ἀλλ’
408 693 515 723 οἰκείως
544 693 602 728 ἔχει
628 693 675 719 ἐπὶ
704 693 821 727 ἑκάστης
850 692 966 726 φύσεως.

185 737 279 772 Ὑμεῖς
291 738 322 764 δὲ
335 738 381 765 νῦν
395 738 433 769 ὡς
450 738 500 773 τῆς
515 739 600 773 αὐτῆς
612 739 678 765 ὅντα
694 739 739 765 τὸν
756 738 822 764 Θεὸν
840 739 896 769 τοῖς
910 745 968 763 κτι-

168 785 252 814 -στοῖς
263 784 368 815 οὐσίας,
386 783 437 810 ὑπὸ
450 783 503 810 τῶν
519 784 609 810 αὐτῶν
620 784 654 810 τὰ
668 785 714 810 καὶ
729 783 833 815 τούτοις
849 782 966 818 συμϐαί-

166 837 269 861 -νοντα,
289 830 336 855 καὶ
350 829 425 864 αὐτῷ
439 829 553 855 ἔπεσθαι
566 829 702 864 νομίζετε.
720 829 813 863 Μάνην
826 826 872 855 οὖν
890 828 966 854 ἔσται

164 876 248 901 ννοεῖν
274 874 335 900 καθ’
359 875 431 909 ὑμᾶς
459 874 566 909 φύσεως
592 874 668 906 θείας
695 874 894 909 μακαριότητα,
918 873 966 908 τὴν

178 920 300 947 ἔκκλισιν
322 929 352 946 τε
373 920 420 946 καὶ
440 920 602 955 παραίτησιν
614 920 699 955 αὐτῆς
715 921 764 955 τὴν
782 920 836 946 ἀπὺ
851 919 905 946 τῶν
920 919 965 945 δο-

179 966 298 992 κούντων
312 966 511 1001 εὐτελεστέρων
522 967 569 993 καὶ
583 966 829 1002 ταλαιπωροτέρων
844 965 892 992 καὶ
906 966 965 992 ἀτι-

179 1013 302 1048 μοτέρων
324 1013 471 1039 διαθέσεων
483 1033 490 1045 ,
512 1012 548 1039 τοὺ
563 1012 611 1048 τὴν
627 1013 698 1039 κατὰ
719 1012 801 1046 φύσιν
819 1012 867 1039 καὶ
889 1012 964 1046 ἰσχὺν

177 1059 292 1094 οὒσιώδη
311 1058 365 1085 τῶν
376 1058 506 1085 τοιούτων
526 1053 663 1093 ὑπεροχὴν
677 1059 723 1084 καὶ
735 1058 902 1093 ἐλευθερίαν,
919 1057 965 1083 καὶ

180 1105 211 1131 τὸ
222 1105 290 1140 πρὸς
302 1105 351 1136 τὰς
374 1104 502 1137 τοιαύτας
523 1105 702 1137 ταπεινώσεις
717 1105 855 1136 οὖσιωδῶς
879 1104 964 1140 ἀμέθ-

177 1158 256 1178 εκτον
269 1151 316 1177 καὶ
326 1151 521 1185 ἀνυπόῦλητον.
530 1150 608 1178 οὕτω
622 1151 643 1178 δ’
657 1149 703 1178 οὖν
718 1151 776 1186 ὥρα
789 1152 860 1186 ὑμᾶς
874 1151 921 1177 καὶ
934 1151 965 1177 τὸ

170 1197 294 1232 ἀόρατον
308 1196 400 1229 αὑτοῦ,
422 1197 459 1232 μὴ
472 1197 503 1222 ὲκ
524 1196 640 1230 φύσεως,
657 1197 716 1223 ἀλλ’
731 1197 760 1230 ἐξ
782 1196 964 1233 ἀποκρύψεὼς

176 1251 249 1274 τινος
287 1244 513 1278 ἁντιφράττοντος
551 1243 624 1278 αὐτῷ
663 1243 732 1279 πρὸς
772 1244 864 1270 πᾶσαν
902 1243 964 1278 ὄψιν

177 1290 357 1316 ὑποπτεύειν·
368 1290 415 1316 καὶ
431 1291 461 1317 τὸ
477 1291 614 1326 ἄξθαρτον
630 1291 684 1326 ἄρα
701 1291 789 1321 τοῦδε,
805 1290 843 1324 τῷ
861 1289 897 1324 μὴ
909 1299 963 1316 πα-

178 1335 333 1370 ρεμϐαλεῖν,
346 1336 403 1363 ἀλλ’
417 1337 599 1372 ἀφεστηκέναι
614 1337 668 1363 τῶν
689 1337 754 1371 παρ’
767 1337 834 1371 ἡμῖν
851 1336 963 1371 φθαρτι-

177 1380 232 1406 κῶν
248 1381 347 1413 τόπων,
363 1381 410 1408 καὶ
434 1382 518 1408 ποιῶν
541 1382 635 1408 παθῶν
651 1391 680 1408 τε
697 1382 744 1408 καὶ
758 1381 902 1417 ἐνεργειῶν
917 1381 963 1407 καὶ

177 1425 271 1457 ἁπλῶς
299 1427 388 1461 πάσης
415 1429 464 1461 τῆς
481 1427 541 1454 κατ’
570 1427 653 1454 αὑτοῦ
687 1426 854 1461 ἐπιϐουλῆς·
883 1427 963 1452 τοῦτο

170 1469 223 1497 οὖν
248 1471 306 1498 δέον
323 1473 380 1498 ἐστὶ
398 1475 468 1499 νοεῖν
483 1473 569 1508 ὑμᾶς,
599 1473 629 1499 τὺ
646 1473 693 1499 καὶ
716 1473 868 1508 μειρακίοις
884 1473 963 1507 εὔδη-

176 1516 231 1546 λον,
259 1517 296 1548 ὡς
325 1514 362 1544 ὦν
389 1519 415 1544 αἱ
442 1518 538 1552 φύσεις
567 1518 701 1553 διάφοροι,
735 1518 836 1544 τούτων
863 1519 909 1545 καὶ
933 1519 961 1545 αι

170 1562 314 1594 ςσυνθέσεις
327 1571 333 1578 ·
353 1564 400 1589 καὶ
414 1563 447 1590 τὰ
463 1563 575 1595 ταύταις
586 1563 775 1599 παρεπόμενα,
790 1564 917 1598 διάφορα.

204 1608 273 1639 Πῶς
283 1606 366 1638 (ritual
377 1609 407 1634 τι
417 1609 545 1644 διάφορον
555 1609 605 1644 τῆς
617 1610 691 1640 θείας
702 1609 811 1644 φύσεως
824 1609 861 1645 μὴ
872 1611 962 1645 ἀρνεῖ-

171 1653 224 1679 ισθε
241 1653 308 1687 πρὸς
321 1654 406 1688 ἡμᾶς,
428 1655 457 1681 τὸ
471 1655 564 1690 ὅμοιον
578 1656 628 1690 τῆς
642 1655 794 1686 συνθέσεως
807 1656 893 1690 αὐτῆς
907 1656 961 1682 ἀπο

170 1700 277 1726 »αιτεῖτε
305 1699 367 1726 καθ’
388 1700 479 1734 ὴμᾶςς
509 1701 579 1727 Ἀλλ’
598 1701 682 1732 ὅντως
698 1701 728 1727 τὸ
743 1701 830 1732 οὕτως
849 1701 960 1727 εὔκολον

132 1780 134 1782 γ
175 1744 251 1779 ὑμῶν
280 1745 320 1776 εἰς
343 1745 472 1772 ἀσέϐειαν
498 1746 661 1781 φρίξαντες,
701 1746 755 1773 δεῖν
789 1747 862 1782 ὑμᾶς
893 1747 959 1773 ύποτ

171 1790 340 1824 μιμνήσκειν
364 1790 527 1824 νομίζομεν,
554 1792 595 1818 ὅτι
615 1794 819 1827 γραμματικοῖς
838 1792 888 1827 μὲν
907 1793 959 1826 φά-

174 1842 270 1860 σκουσι
289 1834 493 1869 σεσημειῶσθαί
509 1845 569 1862 τινα
583 1836 656 1869 λέξιν
672 1838 700 1863 ἐν
714 1839 772 1868 τοῖς
801 1837 877 1869 ἰδίοις
892 1838 959 1864 καθ-

174 1879 276 1910 ολικοῖς
299 1879 637 1916 κανόσι,παραχωροῦμεν
660 1882 706 1908 καὶ
725 1882 896 1918 ἀνεχόμεθα,
923 1883 959 1918 μὴ

176 1925 350 1959 προτιθέντες
366 1926 415 1960 τῆς
428 1926 554 1961 χρήσεως
568 1927 613 1953 τὸν
627 1927 728 1954 κανόνα
740 1938 745 1944 ·
771 1929 891 1963 προτέρα
905 1929 959 1964 γὰρ

171 1971 259 2005 αὕτη·
283 1971 330 1998 καὶ¹
345 1972 399 2007 γὰρ
415 1973 428 1999 ὁ
440 1973 530 1999 κανὼν
544 1974 592 2009 τῆς
606 1974 765 2009 ἀναλογίας,
783 1977 815 2002 ὲκ
829 1976 878 2011 τῆς
892 1978 960 2011 χρή-

175 2025 243 2048 σεως
257 2017 371 2052 εὓρηται
385 2018 477 2050 αὐτοῖς
486 2027 492 2032 ·
510 2019 556 2045 καὶ
569 2020 616 2054 οὐχ
630 2021 646 2054 ὴ
658 2020 768 2055 χρῆσις,
780 2022 812 2047 ἐκ
822 2022 868 2048 τοῦ
880 2022 960 2048 κανό-

173 2071 217 2094 νος
231 2063 374 2098 εἴληπται·
390 2063 438 2090 καὶ
453 2064 559 2098 βασιλεῖ
571 2065 634 2096 τοὺς
647 2065 744 2100 νόμους
759 2067 957 2102 ὑποτάττομεν,

172 2109 203 2134 οὐ
218 2109 274 2139 τοῖς
289 2109 381 2143 νόμους
399 2109 443 2135 τὸν
458 2109 581 2144 βασιλέα.
598 2110 649 2137 Τὸν
663 2111 691 2137 δὲ
703 2112 769 2138 Θεὸν
784 2112 829 2138 τὸν
842 2113 895 2147 πρὸ
907 2113 958 2140 πά-

173 2162 223 2187 σης
244 2162 274 2180 τε
303 2153 435 2186 κτίσεως,
466 2155 512 2181 καὶ
540 2155 631 2190 πάσης
654 2147 805 2189 συνθέσεως
828 2159 955 2194 εὑρετὴν,

171 2198 257 2230 οὕτως
272 2199 402 2234 ἀξιοῦμεν
420 2200 457 2235 μὴ
473 2200 603 2228 δύνασθαι
621 2203 697 2237 παρὰ
713 2203 775 2235 τοὺς
790 2204 874 2231 πάλαι
890 2205 956 2232 ταύ-

983 903 1004 930 Β

974 1577 996 1606 C

1021 285 1049 312 in
1066 285 1110 313 his
1123 293 1186 313 eum
1201 285 1301 316 videri,
1320 285 1371 312 etsi
1388 286 1432 312 his
1453 285 1546 312 verbis
1567 293 1581 312 a
1602 285 1683 313 nobis
1703 293 1807 320 suppo-

1020 335 1111 362 natur,
1126 338 1189 358 cum
1202 331 1326 365 quaedam
1337 338 1418 357 causa
1431 335 1531 358 nostrae
1542 331 1638 358 salutis
1647 332 1724 365 juxta
1733 337 1808 358 uaco-

1020 376 1140 402 nomiam
1158 376 1245 410 ipsius
1262 376 1347 408 ﬁunt;
1368 375 1424 410 agit
1441 377 1515 403 enim
1527 375 1638 403 diverso
1653 375 1744 407 modo,
1757 375 1807 402 sed

1019 426 1205 449 conscntaneo
1214 422 1332 456 propriae
1339 426 1456 448 naturae.
1466 421 1590 456 Namque
1600 421 1673 449 sicut
1683 421 1806 456 genitum

1018 471 1169 502 natumque
1183 467 1267 494 fuisse
1283 466 1386 493 dicitur
1403 466 1499 494 eodem
1524 466 1604 494 modo
1623 473 1655 493 ac
1674 474 1735 498 nos,
1751 473 1806 492 non

1021 517 1110 539 tamen
1125 513 1239 540 omnino
1255 513 1365 544 eodem,
1382 513 1429 540 sed
1447 519 1475 540 et
1488 521 1572 547 supra
1589 521 1640 540 nos
1653 533 1660 544 ,
1684 513 1725 540 sic
1739 519 1808 546 quo-

1008 567 1072 593 rque
1097 561 1199 592 unitus,
1231 562 1256 588 in
1287 562 1398 590 meliore
1422 570 1495 592 sorte
1510 572 1589 599 quam
1614 574 1664 594 nos
1690 567 1802 598 dicitur.

1021 603 1075 629 Nec
1093 603 1164 629 enim
1187 605 1212 630 in
1226 604 1292 638 ipsis
1314 607 1550 641 corruptibilibus,
1576 611 1626 637 etsi
1652 611 1685 638 dc
1711 614 1801 640 omni-

1020 646 1070 673 bus
1098 647 1167 674 facta
1188 648 1270 675 fuisse
1297 649 1403 677 dicatur
1433 651 1516 686 unio,
1550 654 1646 681 eadem
1675 657 1743 683 ratio
1774 662 1802 684 et

1020 690 1090 718 idem
1117 692 1211 719 modus
1241 694 1357 721 .unionis
1394 701 1560 729 servantur,
1598 699 1645 725 sed
1674 699 1700 725 in
1734 707 1802 727 uua-

1020 742 1129 769 quaque
1154 737 1260 770 [natura
1292 738 1400 772 proprie
1436 747 1466 767 se
1498 740 1608 769 habent.
1647 742 1700 769 Vos
1737 751 1800 770 vero

1022 785 1093 805 nunc
1125 778 1207 807 Deum
1238 781 1357 815 ejusdem
1398 784 1556 812 substantia:
1593 794 1625 812 ac
1661 793 1802 814 creaturas

1021 830 1098 856 esse,
1127 831 1214 859 exque
1248 827 1343 854 iisdem
1378 829 1419 856 his
1441 833 1469 857 et
1502 831 1538 857 illi
1566 832 1715 859 accidentia
1740 841 1803 860 eve-

1024 870 1083 898 nire
1111 871 1281 900 existimatis.
1307 873 1386 901 Juxta
1411 882 1457 902 vos
1477 876 1615 904 beatitudo
1631 878 1719 905 divina
1733 879 1800 906 nihtl

1020 916 1092 943 aliud
1107 917 1159 944 erit
1182 925 1262 952 quant
1290 920 1404 952 privatio
1428 925 1454 948 et
1496 923 1590 950 vitatio
1615 930 1707 950 eorum
1742 933 1801 959 qua:

1019 963 1148 991 videntur
1186 965 1307 999 viliora,
1343 967 1486 994 humiliora
1519 974 1599 1004 atque
1621 970 1800 1003 ignobiliora;

1021 1017 1075 1037 non
1109 1015 1200 1038 autem
1228 1019 1259 1038 ea
1281 1019 1339 1046 quae
1364 1014 1446 1040 habet
1473 1019 1595 1041 naturam
1611 1035 1617 1046 .
1651 1016 1797 1050 potentiam

1021 1055 1206 1083 essentialiter
1231 1064 1289 1091 qum
1308 1058 1460 1090 hujusmodi
1480 1063 1543 1085 sunt
1557 1064 1740 1093 superantem,
1767 1060 1800 1086 li-

1024 1098 1169 1130 bertatem,
1187 1099 1315 1134 quodque
1341 1108 1401 1128 cutn
1419 1102 1571 1136 ltujusmodi
1587 1104 1733 1131 humilibus
1748 1111 1799 1131 nec

1020 1142 1152 1169 constitui
1166 1149 1217 1170 nec
1232 1145 1460 1179 supponirpolest.
1474 1145 1514 1173 Ita
1528 1153 1600 1174 nunc
1612 1147 1694 1182 igitur
1707 1148 1801 1174 invisi-

1015 1198 1149 1225 bilitatem
1165 1198 1252 1233 ipsius
1266 1205 1322 1224 non
1345 1206 1378 1225 ex
1400 1203 1498 1225 natura
1522 1204 1595 1229 esse,
1609 1196 1657 1223 sed
1677 1203 1709 1222 ex
1730 1195 1803 1222 facto

1015 1243 1156 1278 cujusdam
1173 1243 1352 1278 semetipsum
1372 1243 1447 1271 omni
1471 1246 1582 1278 aspectu
1611 1241 1803 1269 subtrahentis

1014 1289 1209 1323 suspicamini;
1223 1289 1413 1324 munditiaque
1427 1289 1514 1324 ipsius
1528 1296 1582 1316 non
1591 1291 1663 1315 esset
1674 1295 1707 1314 ex
1717 1286 1802 1316 intus,

1015 1335 1061 1361 sed
1076 1343 1109 1362 ex
1125 1335 1278 1363 remotione
1295 1344 1310 1363 a
1326 1336 1394 1363 locis
1409 1343 1460 1363 nos
1481 1335 1682 1370 pelluentibus,
1695 1333 1802 1368 passio—

1013 1379 1114 1412 nibus,
1146 1380 1356 1414 operationibus
1379 1381 1599 1416 simpliciterque
1622 1379 1656 1406 ab
1672 1378 1803 1405 omnibus

1014 1430 1110 1452 contra
1123 1426 1212 1460 ipsum
1228 1427 1332 1462 paratis
1347 1427 1466 1454 insidiis.
1494 1427 1550 1453 Hoc
1564 1430 1606 1453 est
1627 1426 1711 1461 igitur
1727 1424 1803 1459 quod

1013 1472 1167 1508 intelligere
1183 1473 1301 1504 debetis,
1320 1473 1448 1508 quodque
1458 1473 1541 1500 etiam
1556 1472 1679 1508 parvulis
1687 1471 1803 1498 evidens

1012 1523 1064 1551 est,
1079 1527 1197 1554 qttorum
1212 1523 1318 1546 natura:
1331 1519 1465 1546 differunt
1478 1519 1578 1546 horum
1599 1526 1710 1554 quoqtte
1723 1517 1803 1544 unio-

1013 1573 1078 1597 nes;
1094 1572 1208 1599 qumque
1218 1565 1280 1591 illas
1289 1569 1506 1599 consequuntur.

1047 1609 1191 1642 Quomodo
1207 1610 1332 1644 igitur,si
1360 1609 1546 1637 differentiam
1570 1613 1676 1636 natura),
1701 1608 1802 1636 divina!

1012 1661 1067 1681 non
1083 1654 1190 1688 negatis
1206 1653 1287 1681 nobis
1298 1674 1304 1686 ,
1331 1653 1542 1681 similitudinent
1561 1653 1673 1680 unionis
1686 1653 1745 1687 ejus
1760 1652 1802 1678 in-

1010 1699 1115 1726 vocatis
1128 1703 1224 1726 contra
1240 1699 1309 1726 nos?
1326 1698 1378 1725 Sed
1392 1706 1456 1725 vere
1469 1706 1503 1725 ne
1518 1698 1575 1725 cito
1588 1698 1616 1724 in
1629 1697 1800 1732 impietatem

1011 1745 1187 1780 abripiamini
1207 1745 1345 1776 timentes,
1360 1752 1409 1771 vos
1428 1744 1568 1771 recordari
1584 1734 1721 1774 volumus,
1732 1742 1802 1770 scri-

1010 1790 1136 1824 ptoribus
1163 1790 1282 1824 aliquam
1309 1790 1456 1817 lectionem
1485 1789 1523 1816 in‘
1541 1789 1600 1816 suis
1626 1787 1800 1823 generalibus

1011 1835 1113 1870 regulis
1127 1834 1277 1869 signiﬁcari
1303 1833 1504 1865 asserentibus,
1536 1841 1586 1860 nos
1601 1833 1700 1860 cedere
1717 1837 1800 1867 atque

1012 1880 1155 1915 indulgere
1168 1901 1175 1912 ,
1196 1888 1230 1907 eo
1244 1880 1316 1914 quod
1335 1880 1493 1907 auctoritati
1526 1879 1647 1914 regulam
1663 1885 1716 1905 non
1730 1883 1799 1909 pra--

1011 1927 1164 1960 posuimus.
1177 1926 1224 1952 llla
1235 1926 1309 1952 enim
1322 1926 1399 1960 prior
1414 1929 1466 1952 est.
1484 1925 1607 1959 Namque
1622 1924 1715 1959 regula
1731 1931 1799 1950 ana-

1011 1971 1088 2006 logia:
1104 1972 1146 1999 his
1161 1979 1192 1999 ex
1207 1971 1369 1999 auctoritate
1382 1971 1520 1998 invenitur
1533 1980 1540 2004 ;
1557 1978 1613 1997 non
1626 1977 1691 1997 vero
1703 1973 1799 1997 aucto-

1011 2017 1078 2044 ritas
1091 2025 1124 2044 ex
1135 2017 1227 2052 regula
1237 2017 1366 2044 sumitur.
1385 2017 1430 2045 Sic
1442 2017 1498 2052 regi
1508 2017 1581 2051 leges
1595 2016 1798 2051 postponimus,

1010 2071 1065 2090 non
1080 2063 1188 2098 legibus
1204 2071 1306 2098 regem.
1323 2064 1408 2090 Deum
1420 2068 1511 2090 autem
1525 2066 1589 2090 ante
1601 2070 1711 2090 omnem
1723 2069 1800 2089 crea-

1011 2109 1114 2135 tionem
1135 2114 1218 2144 atque
1236 2109 1366 2136 unionem
1390 2109 1573 2140 inventorem,
1588 2113 1688 2143 prmter
1704 2108 1799 2135 solitas

1009 2155 1068 2190 ejus
1080 2155 1164 2190 leges,
1177 2163 1240 2182 cum
1252 2154 1383 2187 voluerit,
1401 2155 1477 2182 uniri
1497 2163 1551 2182 non
1565 2162 1646 2189 posse
1659 2153 1799 2181 existima-

1008 2201 1090 2227 mus?
1104 2201 1151 2228 Vel
1162 2201 1266 2236 aliquid
1278 2202 1418 2229 recentius
1431 2209 1462 2228 ac
1478 2200 1688 2228 convenientius
1701 2198 1798 2226 uniuni

171 2253 220 2279 της
232 2245 329 2279 νόμους
343 2245 511 2280 βουληθέντα
524 2247 712 2281 συντίθεσθαι,
743 2248 954 2285 ῆκαινότερόντι

1013 2251 1100 2273 :ontra
1116 2245 1204 2280 ipsum
1220 2248 1420 2281 praescribere?
1435 2247 1579 2280 Quomodo
1605 2254 1716 2281 quoque
1737 2245 1797 2273 hac

170 2290 217 2316 καὶ
235 2289 401 2326 ἰδικώτερον,
419 2292 451 2326 τῇ
469 2291 528 2317 κατῖ
541 2292 623 2318 αὑτὸν
640 2293 764 2320 συνθέσει
780 2295 953 2330 νομοθετεῖν;

170 2336 225 2362 Καὶ
250 2335 308 2366 πῶς
331 2335 418 2362 ταῦτα
442 2336 524 2362 πάλιν
548 2337 598 2363 οὐκ
622 2338 662 2368 εἰς
681 2338 731 2372 τὴν
750 2340 953 2375 προειρημένην

169 2381 241 2415 ὑμᾶς
266 2381 458 2407 ὰποκλεξουσιν
483 2381 593 2414 Mein;
628 2382 680 2409 Τοῦ
707 2384 774 2418 μηδὲ
798 2385 829 2411 ἐκ
860 2385 896 2420 μὴ
911 2387 954 2412 ὀν-

167 2426 269 2453 τωνοῦν
279 2423 400 2462 ’ποιητὴν
415 2424 486 2453 εἶναι
501 2427 624 2460 δοξάζειν
639 2429 685 2454 τὸν
698 2429 744 2455 τοῦ
758 2431 859 2462 παντὸς
872 2433 954 2466 Δημι-

167 2473 266 2507 υυργὸν
294 2471 339 2497 τὸν
365 2472 412 2498 καὶ
435 2472 612 2507 σαρκωθέντα
633 2474 719 2508 Λόγον
742 2475 953 2510 ἁκαταλήπτως.

166 2518 199 2549 Τί
215 2517 243 2543 δὲ
267 2517 315 2543 καὶ
336 2517 409 2552 μόνῳ
427 2517 514 2553 τούτῳ
536 2519 585 2553 τῆς
606 2519 776 2554 θεοπρεποῦς
801 2521 954 2554 συνθέσεως

167 2563 333 2598 ἑνεσκέψατε
348 2563 386 2598 τῷ
402 2563 552 2599 θαυμαστῷ
563 2586 570 2597 ,
594 2565 618 2591 εἰ
634 2565 688 2599 ἄρα
705 2567 800 2600 μηδενὶ
816 2567 869 2594 τῶν
883 2569 953 2604 ὑπὲρ

166 2608 246 2642 λόγον
272 2609 320 2634 καὶ
346 2607 427 2642 φύσιν
450 2608 589 2644 ἡμετέραν
618 2611 782 2645 maestius;
816 2613 872 2639 Καὶ
897 2614 952 2648 γὰρ

167 2655 214 2681 καὶ
227 2654 323 2686 ἄλλους
340 2655 406 2689 ὑμῖν
421 2654 518 2688 λόγους
533 2655 766 2692 παραδοξοτέρους
781 2659 952 2693 κηρύττομεν

167 2700 236 2727 κατὰ
245 2701 325 2734 τήνδε
339 2701 386 2727 καὶ
399 2701 462 2735 περὶ
473 2701 554 2735 τῆσδε
565 2701 615 2736 τῆς
628 2702 696 2737 ὑπὲρ
709 2703 790 2736 φύσιν
802 2703 876 2736 θείας
888 2705 951 2731 ἑνώ-

168 2755 252 2778 σεως.
279 2747 326 2773 καὶ
349 2747 404 2782 γὰρ
430 2747 477 2773 καὶ
502 2747 622 2781 ἄσπορον
638 2748 771 2783 σύλληψιν
792 2753 882 2784 φαμεν
903 2751 948 2778 τοῦ

168 2793 233 2819 Θεοῦ
247 2793 324 2827 ἡμῶν
342 2793 429 2828 Ίησοῦ
443 2793 577 2828 Χριστοῦ·
590 2794 619 2820 ὃν
636 2795 660 2821 εἰ
675 2796 722 2821 καὶ
738 2795 880 2831 ἄνθρωπον
893 2797 949 2824 οἴε-

169 2838 212 2864 σθῖ
229 2836 297 2864 εἶναι
326 2838 419 2872 ψιλὸν,
438 2838 528 2873 πολλῷ
544 2839 646 2874 μᾶλλον
660 2840 838 2876 ἀπιστότερον
852 2842 926 2868 ἔσται
939 2851 945 2857 ·

1009 2287 1119 2316 rtirsum
1138 2295 1187 2316 vos
1205 2289 1232 2316 in
1247 2289 1410 2317 alhcismum
1421 2299 1501 2325 quem
1515 2299 1594 2326 supra
1609 2293 1726 2321 diximus
1738 2302 1790 2321 nun

994 2335 1140 2369 'tlejiciunt
1170 2343 1222 2362 non
1249 2336 1340 2362 omnia
1359 2344 1391 2363 ex
1416 2338 1501 2364 nihilo
1523 2338 1621 2365 fecisse
1649 2339 1792 2366 credentes

1009 2381 1131 2406 Omnium
1150 2379 1309 2407 Creatorem
1325 2388 1461 2416 supraque
1479 2383 1550 2416 quod
1575 2383 1679 2417 concipi
1703 2388 1791 2416 potest

1008 2422 1181 2450 incarnatum
1197 2424 1282 2451 fuisse
1297 2423 1427 2451 Verbum.
1447 2426 1501 2452 Cur
1526 2433 1589 2452 vero
1617 2427 1643 2452 in
1662 2427 1712 2453 hac
1731 2428 1789 2454 sola

1006 2468 1097 2495 divina
1111 2469 1211 2495 uuiottc
1224 2470 1346 2496 miranda
1359 2472 1512 2502 moramini.
1523 2474 1545 2498 si
1558 2472 1627 2498 forte
1639 2473 1702 2498 ιιιιΙΙί
1717 2475 1787 2506 quod

1008 2513 1044 2540 sit
1076 2521 1159 2548 supra
1195 2515 1329 2541 rationem
1363 2521 1543 2550 naturamque
1576 2522 1696 2544 nostram
1731 2525 1789 2544 cre-

1007 2569 1098 2595 datis?
1127 2568 1236 2595 Etenim
1259 2569 1326 2595 alias
1349 2576 1459 2603 quoque
1493 2568 1623 2595 veritates
1655 2567 1793 2594 mirabiles

1008 2614 1160 2641 secundum
1176 2614 1333 2648 huiusmodi
1347 2622 1430 2648 supra
1444 2618 1569 2641 naturain
1584 2614 1714 2640 uniottem
1726 2613 1792 2640 divi-

1005 2668 1067 2687 nam
1089 2660 1178 2694 deque
1196 2660 1280 2687 haece
1303 2660 1382 2687 vobis
1410 2661 1590 2696 praedicamus
1616 2669 1623 2687 :
1645 2661 1703 2687 sine
1718 2659 1794 2687 enim

1005 2705 1108 2733 semine
1124 2705 1333 2740 conceptionem
1347 2705 1394 2732 Dei
1412 2706 1498 2733 nostri
1522 2706 1587 2733 Jesu
1601 2704 1703 2732 Christi
1723 2703 1793 2730 dici-

1004 2759 1084 2783 mus;
1103 2759 1183 2786 quem
1199 2751 1222 2778 si
1234 2759 1338 2778 merum
1349 2751 1490 2779 hominem
1503 2758 1563 2779 esse
1578 2750 1689 2785 putatis,
1704 2749 1791 2776 multo

1003 2797 1196 2824 ineredibiliur
1211 2797 1336 2831 eveniet;
1364 2798 1527 2825 naturaliter
1546 2796 1621 2823 enim
1638 2794 1789 2829 loquendo,

1002 2843 1064 2878 quis
1076 2852 1196 2878 unquam
1211 2844 1354 2871 hominum
1371 2844 1430 2872 sine
1446 2844 1551 2871 semine
1570 2846 1719 2877 conceptus
1733 2841 1790 2870 sit?

168 2882 274 2918 φυσικῷ
289 2882 343 2918 γὰρ
357 2882 447 2918 λόγῳ,
465 2882 508 2915 τίς
522 2883 675 2920 ἀνθρώπων
690 2886 819 2922 ἀσπὸρως
835 2887 990 2925 συνελήφθη
1008 2889 1136 2922 mimo“;
