1973 3098
128 166 196 199 1445

422 221 548 248 ΚΕΦΛΛ.
565 219 615 247 IA'.

159 267 237 294 Πᾶσα
266 265 315 301 μία
337 265 419 299 φύσις
453 265 470 301 ἢ
496 264 543 291 καὶ
569 264 721 296 ὑπόστασις
745 263 916 299 συγκειμένη

125 314 157 339 ὲκ
182 312 275 346 μερῶν
299 310 497 344 έτεροουσίων,
534 310 591 345 ἔχει
614 310 692 341 τινὰς
714 310 866 345 ἐνεργείας,
884 308 917 340 ἃς

124 357 179 384 οὐδ’
195 357 339 390 ὁπότερον,
356 355 385 387 ἐξ
398 352 436 381 ὧν
451 355 612 389 συνέστηκε,
631 354 744 381 δύναται
761 353 823 380 καθ’
836 352 917 379 ἑαυτὸ

125 404 172 429 καὶ
197 403 282 438 χωρὶς
306 402 357 435 τῆς
375 400 422 427 τοῦ
440 401 535 434 ἑτέρου
551 401 693 434 ἐνεργείας
707 399 848 426 ἐκτελέσαι
864 398 918 424 τιν).

125 450 218 484 τρόπῳ
233 448 307 474 ποτέ.
335 446 397 473 υἱον
411 447 484 481 ψυχὴ
504 446 551 472 καὶ
571 446 661 481 σῶμα,
675 446 782 472 δέονται
796 444 918 478 ἀλλήλων

127 497 165 526 είς
183 496 213 520 τὺ
229 493 392 529 καταρτίσαι
407 493 511 524 πλεῖον,
526 492 705 526 οἰκοδομῆσαι
719 489 804 521 οἶκον,
817 491 918 525 ὑφᾶναι

127 541 238 575 χιτῶνα,
251 540 299 566 καὶ
311 540 369 565 εἴτι
385 538 506 565 τοιοῦτον
517 546 524 553 “
537 539 615 573 ὅπερ,
626 537 665 568 ὡς
678 536 765 569 εἶπον,
783 536 918 563 ἀδύνατον

129 588 168 614 ἐνὶ
187 587 277 614 αὐτῶν
300 587 384 621 χωρὶς
403 587 452 620 τῆς
469 585 584 620 θατέρου
599 585 748 620 συνεργίας
763 584 918 613 ἐκτελέσαι,

131 632 164 658 δι’
186 631 318 665 ουδήποτε
341 630 454 663 τρόπου.
484 629 515 655 Et
539 628 629 655 τοίνυν
656 628 705 662 μία
725 627 816 662 φύσις,
835 628 851 662 ἦ
870 628 919 662 μία

132 677 281 705 ὑπόστασις
299 673 469 708 ἀπετελέσθη
487 675 520 700 ὲκ
534 673 695 705 συνθέσεως,
718 673 756 704 ὥς
773 682 850 706 φασι,
869 673 919 708 τῆς

128 722 176 748 τοῦ
191 721 259 748 Θεοῦ
274 721 361 754 Λόγου
389 720 456 755 πρὸς
478 719 526 746 τὸν
548 719 578 751 ἐξ
596 719 676 754 ἡμῶν
692 719 848 754 ἄνθρωπον,
867 719 920 745 εἰσί

127 776 201 798 τινες
215 767 356 801 ἐνέργειαι
371 766 420 800 τῆς
431 765 538 792 τοιᾶσδε
551 765 660 799 φύσεως
674 767 720 791 καὶ
732 766 917 796 ὑποστάσεως,

127 811 160 842 ἃς
183 812 197 838 ὁ
212 811 278 841 Θεὸς
291 811 377 844 Λόγος
393 810 455 836 καθ’
469 810 565 836 ἑαυτὸν
582 811 631 836 οὐκ
645 810 762 844 ἠδύνατο
777 809 920 846 πληρῶσαι

129 866 180 883 τινι
195 856 287 892 τρόπῳ
302 857 342 891 (τὸ
354 857 382 882 δὲ
393 856 437 889 μὴ
451 856 611 888 δύνασθαι,
627 855 709 890 διχῶς
723 856 832 889 λέγεται
845 856 919 891 παρὰ

129 899 162 936 τῇ
179 903 240 938 θείᾳ
255 903 350 936 Γραφῇ
368 903 415 927 καὶ
429 902 458 927 ὲν
472 904 505 936 τῇ
520 903 595 936 κοινῇ
613 901 756 936 συνηθείᾳ·
772 902 788 935 ἦ
804 902 840 931 ὡς
855 901 919 928 ἀδύ-

132 957 209 974 νατον
233 948 279 973 τὴν
301 948 367 973 Θεὸν
391 946 563 981 ψεύσασθαι,
591 947 633 972 διὰ
650 947 680 972 τὸ
694 947 918 981 ἀπερίγραπτον·

130 995 146 1028 ἦ
172 994 209 1024 ὡς
227 994 301 1027 δῶρά
315 1002 344 1018 τε
361 994 406 1018 καὶ
422 992 502 1018 θυςὶα
525 992 562 1027 μὴ
576 992 716 1026 δυνάμενα
745 993 816 1018 κατὰ
833 993 920 1019 συνεί-

130 1040 208 1073 δησιν
224 1038 368 1064 τελειῶσαι
385 1038 429 1064 τὸν
444 1037 623 1072 λατρεύοντα,
641 1037 684 1063 διὰ
701 1038 731 1062 τὸ
748 1038 859 1069 ἀσθενὲς
875 1038 921 1064 καὶ

131 1086 276 1119 ἀνέφικτον
301 1084 411 1110 οἱασοῦν
435 1084 586 1118 ἐνεργείας,
606 1085 629 1109 εἰ
645 1083 811 1118 δώσουσιν),
837 1084 870 1115 ἃς
890 1085 920 1110 οὺ

131 1132 279 1165 δυνάμενος
304 1131 318 1156 ὀ
341 1130 407 1161 Θεὸς
429 1123 517 1163 Λόγος
540 1129 684 1164 πληρῶσαι
702 1130 764 1156 καθ’
777 1130 868 1162 αὐτὸν,
887 1131 920 1165 τῇ

131 1177 178 1203 τοῦ
191 1176 337 1211 ἀνθρώπου
349 1176 476 1210 ἐνεργείᾳ
489 1174 692 1207 ὲξετέλεσεν.Ἢ
705 1175 805 1209 ἀσθενῆ
816 1175 923 1201 δεικνύ-

131 1230 190 1248 ουσι
207 1221 252 1246 τὸν
265 1221 331 1246 Θεὸν
347 1221 444 1254 Λόγον,
463 1220 479 1254 ἢ
498 1220 661 1254 πεπραχότα
677 1220 711 1246 τὰ
724 1220 848 1254 ἀπρεπῆ.
865 1220 922 1246 Καὶ

132 1268 156 1293 εί
173 1267 221 1302 μὲν
238 1266 268 1292 τὸ
281 1267 405 1301 πρῶτον,
430 1266 468 1292 ἔτι
486 1266 531 1292 καὶ
545 1265 592 1291 νῦν
608 1265 622 1291 ὁ
638 1265 730 1300 Πατὴρ
746 1266 837 1292 ἀτονεῖ
854 1266 922 1301 πρὸς

131 1313 180 1349 τὴν
191 1313 388 1348 ἀποπλήρωσιν
400 1313 453 1339 τῶν
467 1313 576 1339 τοιῶνδε
590 1313 633 1338 ὲνε
640 1312 749 1347 ργειῶν,
765 1312 800 1347 μὴ
813 1313 923 1347 συγκεί-

134 1368 215 1394 μενος
232 1359 269 1393 τῷ
285 1359 315 1390 ἐξ
329 1359 407 1393 ἡμῶν
422 1358 575 1392 ἀνθρώπῳ·
602 1358 650 1384 καὶ
665 1358 736 1384 κατὰ
750 1359 843 1390 τοῦτο,
864 1359 923 1393 μείς

134 1405 187 1437 ζων
202 1406 215 1431 ὁ
230 1405 294 1435 Υἱὸς
309 1405 355 1430 τοῦ
371 1403 488 1438 Πατρὸς,
511 1404 580 1439 ὅπερ
596 1403 712 1434 ἀσεϐές·
739 1405 762 1430 εὶ
777 1404 805 1430 δὲ
820 1404 850 1431 τὸ
863 1404 923 1430 δεύ-

133 1459 223 1485 τερον,
243 1450 374 1485 πρόδηλον
390 1449 420 1475 τὸ
438 1449 600 1484 βλάσφημον
612 1457 618 1464 ’
646 1451 660 1475 ὁ
686 1450 752 1481 Θεὸς
769 1450 823 1484 γὰρ
846 1450 923 1476 οὐδὲν

133 1497 187 1523 τῶν
203 1499 335 1531 ἀπρεπῶν
352 1494 559 1532 διαπράττεται,
578 1497 640 1523 οὕτε
658 1498 720 1523 καθ’
737 1498 842 1529 ἑαυτὸν,
860 1498 923 1524 οὒτε

135 1543 196 1577 μεθ’
210 1544 316 1577 ἑτερου.
338 1544 369 1569 Εἰ
384 1543 412 1569 δὲ
428 1543 568 1579 οὐδέτερον
583 1543 677 1570 δοῦναι
692 1544 775 1573 ὅσιον,
793 1544 853 1569 οὐδὲ
868 1543 922 1578 ἄρα

135 1589 196 1615 οὐδὲ
222 1590 238 1623 ὴ
258 1589 384 1620 σύνθεσις
399 1589 547 1624 γεγένηται
563 1589 609 1615 τοῦ
625 1589 693 1615 Θεοῦ
707 1589 795 1622 Λόγου
814 1590 860 1615 καὶ
874 1589 921 1615 τοῦ

135 1635 163 1667 ἐξ
180 1635 257 1669 ἡμῶν
273 1635 428 1670 ἀνθρώπου.

171 1680 283 1715 Ὄμοιόν
303 1689 328 1705 τι
353 1679 516 1706 πεπονθέναι
538 1681 603 1715 ἡμῖν
622 1680 726 1706 δοκεῖτε
749 1683 805 1711 τοῖς
828 1680 922 1714 ἀφυῶς

135 1726 163 1751 ἐν
178 1727 238 1756 ταῖς
261 1725 376 1756 τοξείαις
397 1725 451 1751 τῶν
471 1725 579 1751 σκοπῶν
603 1726 856 1760 ὑπερακοντίζουσι,
875 1725 923 1752 καὶ

135 1772 261 1806 ἀτεχνίαν
274 1771 372 1806 μᾶλλον
383 1772 455 1806 ἥπερ
471 1771 613 1804 εὐστοχίαν
627 1771 872 1806 ἐπιδεικνυμένοις,
885 1771 924 1806 τῷ

137 1817 174 1850 μὴ
190 1817 288 1842 εἰδέναι
317 1816 376 1842 καθ’
402 1814 432 1842 οὗ
446 1825 476 1841 τε
491 1817 538 1842 καὶ
554 1817 617 1841 ὅσον
637 1816 685 1842 καὶ
719 1817 793 1847 ὅπως
809 1817 841 1842 τὰ
860 1816 924 1851 βέλη

135 1862 195 1888 δέον
216 1862 428 1896 ἀποπέμπεσθαι
441 1870 447 1877 ·
466 1862 512 1887 καὶ
528 1861 584 1895 γὰρ
601 1861 647 1886 καὶ
668 1862 697 1887 ἐν
715 1861 802 1895 τούτῳ
824 1862 924 1895 μᾶλλον

136 1907 204 1942 πρὸς
219 1908 280 1937 τοὺς
297 1907 361 1941 μίαν
375 1907 424 1941 τὴν
441 1906 522 1940 φύσιν
540 1906 670 1939 ὶέγοντας
685 1907 837 1940 ἀντιλέγειν
856 1908 911 1934 om

138 1951 354 1987 ροπολήσαντες,
370 1951 464 1985 ὥσπερ
488 1951 539 1976 κὰν
555 1950 594 1984 τῷ
614 1950 666 1985 πρὸ
681 1950 759 1976 τοῦδε
781 1952 925 1987 ἐπιχειρή-

138 2006 213 2032 ματι,
228 1996 275 2022 νῦν
291 1996 385 2031 ὥσπερ
400 1998 431 2031 τῇ
448 1996 521 2032 ῥύμῃ
533 1996 582 2030 τῆς
599 1996 666 2031 πρὸς
683 1997 850 2030 φιλονεικίαν
875 1999 924 2032 ἐερ-

137 2052 231 2074 εσεως.
245 2044 292 2069 καὶ
317 2043 384 2077 πρὸς
399 2043 472 2077 ἡμᾶς
492 2043 635 2077 τοὺςιμίαν
651 2043 780 2077 λέγοντας
795 2044 843 2080 τὴν
859 2045 925 2071 ὑπό-

138 2097 231 2116 στασιν
247 2089 294 2115 καὶ
311 2089 371 2123 οὐχὶ
383 2088 432 2123 τὴν
446 2088 537 2122 φύσιν,
550 2089 596 2114 ἐπὶ
609 2089 656 2114 τοῦ
669 2089 772 2121 Κυρίου
784 2090 862 2124 ἡμῶν
876 2091 926 2124 Ἰη-

139 2135 186 2161 σοῦ
202 2134 319 2170 Χριστοῦ
338 2134 528 2169 ἀντιφέρεσθε.
553 2134 623 2160 Ἀλλ’
640 2135 719 2169 ἡμεῖς
735 2143 766 2168 γε
784 2136 925 2170 συντόμως

140 2181 217 2216 ὑμῶν
240 2181 289 2216 τὴν
318 2179 492 2214 κατασκευὴν
518 2180 755 2214 ἀνασκευάσομεν.
769 2181 848 2208 Πᾶσα
872 2182 926 2216 γὰρ

140 2227 276 2261 ἐνέργεια,
295 2227 326 2252 ἐκ
340 2224 479 2260 δυνάμεώς
498 2226 570 2251 ἐστι·
587 2225 661 2251 πᾶσα
688 2225 715 2250 δὲ
739 2226 855 2260 δύναμις
870 2227 924 2252 τῶν

141 2271 285 2302 συνθέτων,
300 2270 316 2305 ἢ
333 2272 364 2296 ἐκ
376 2270 429 2296 τῶν
445 2269 505 2296 κατ’
520 2269 589 2295 αὐτὰ
602 2269 702 2305 μερῶν,
719 2270 734 2305 ἣ
754 2271 785 2297 ὲκ
799 2271 849 2305 τῆς
861 2280 924 2298 συν-

139 2317 240 2346 θέσεως
257 2316 341 2351 αὐτῆς
356 2315 507 2351 ὲνυπῆρξεν
533 2315 635 2346 αὐτοῖς.
659 2316 744 2351 Εἴπερ
766 2314 812 2342 οὖν
830 2316 860 2342 τὸ
875 2316 924 2351 μὲν

138 2362 166 2389 ἐν
181 2362 261 2397 μέρος
275 2362 354 2396 τῆσδε
366 2361 417 2395 τῆς
429 2361 556 2387 συνθέτου
573 2361 750 2393 ὑποστάσεως
758 2362 839 2393 αὑτός
851 2363 926 2389 ἐστιν

137 2409 151 2434 ὁ
167 2408 233 2438 Θεὸς
249 2407 345 2440 Λόγος,
361 2406 407 2432 τοῦ
423 2407 450 2432 δὲ
465 2407 560 2442 ἑτέρου
579 2407 678 2442 μέρους
694 2406 741 2433 τοῦ
763 2408 812 2434 σὺν
838 2407 923 2442 αὐτῷ,

139 2453 186 2479 καὶ
197 2453 246 2487 τῆς
263 2452 360 2478 ἑαυτοῦ
371 2451 475 2486 δὲπρδς
491 2453 580 2478 έκεῖνο
593 2452 744 2484 συνθέσεως
757 2453 837 2484 αὑτός
852 2454 926 2479 ἐστιν

138 2498 237 2530 αἴτιος,
254 2499 307 2524 πᾶν
318 2498 344 2523 δὲ
357 2498 450 2527 αἴτιον.
471 2497 562 2532 μεῖζον
574 2498 622 2532 τήν
639 2506 668 2523 τε
686 2498 801 2533 δύναμιν
815 2499 862 2525 καὶ
877 2499 925 2530 τὰς

139 2546 280 2582 ἐνεργείας
299 2546 368 2581 ὑπὲρ
389 2545 423 2571 τὰ
440 2544 495 2571 ἴδια
510 2545 631 2571 αἰτιατὰ·
648 2545 707 2577 πῶς
726 2546 754 2572 τὸ
771 2546 842 2572 κατὰ
858 2547 926 2582 Χρι-

140 2592 202 2618 στὸν
224 2592 239 2619 ὃ
253 2601 280 2617 τι
300 2591 333 2618 ἄν
360 2599 401 2622 τις
417 2591 489 2617 εἴποι
505 2591 616 2624 γεγονὸς
641 2591 782 2623 σύνθετον,
811 2593 924 2627 μείζονα

139 2639 196 2672 ἕξει
211 2638 274 2665 τινὰ
288 2639 428 2673 ἐνέργειαν
451 2637 497 2663 τοῦ
524 2638 552 2663 ὲν
580 2637 653 2672 αὑτῷ
671 2639 730 2672 μὲν,
746 2639 833 2665 αἰτίου
842 2639 870 2665 δὲ
890 2638 924 2666 αὖ

138 2685 185 2712 τοῦ
208 2685 318 2720 μέρους,
332 2685 414 2720 ἤγουν
425 2684 472 2710 τοῦ
488 2683 561 2710 θείου
580 2684 681 2717 Λόγους
706 2684 774 2710 Ἀλλ’
786 2686 846 2711 ἐπεὶ
860 2687 925 2721 περὶ

140 2731 238 2757 υύσιῶν
249 2732 314 2765 ἡμῖν
330 2731 449 2766 παρέσχε
462 2730 516 2756 τῶν
527 2729 668 2764 ὑμετέρων
678 2730 798 2756 ἀτοπιῶν
814 2731 830 2766 ἡ
844 2731 925 2766 ὑπερ-

142 2775 276 2807 5λύζουσα
300 2775 405 2809 ἀλογία,
422 2775 462 2801 ἔτι
484 2775 530 2801 καὶ
555 2775 658 2800 τοζτων
688 2775 773 2806 οὕτως
798 2776 923 2811 ἑχόντων,

177 2864 188 2879 ⁷
201 2863 274 2889 "Chr
285 2871 329 2894 vn,
348 2866 384 2891 lii.

609 166 806 197 ADVERSUS
823 166 1097 197 NESTORIANOS,
1113 179 1147 183 -
1163 167 1238 196 LIB.
1258 166 1285 196 Υ.

931 225 953 252 Α

934 890 956 920 Β

937 1560 957 1588 C

941 2223 962 2249 D

1679 167 1748 199 ιιιθ

1287 219 1364 247 (ΖΑΙδμ
1381 219 1427 247 XI.

1001 264 1098 292 Omnis
1113 272 1167 290 una
1182 268 1280 291 natura
1294 265 1338 291 vel
1359 269 1386 292 et
1410 265 1566 299 hypostasis
1579 273 1612 292 ex
1628 267 1752 300 partibus

967 311 1080 338 alterius
1098 309 1206 345 generis
1224 309 1375 343 composita
1388 330 1397 342 ,
1419 310 1551 344 quasdam
1573 312 1752 345 'operationes

968 355 1073 387 habet,
1097 363 1165 389 quas
1180 359 1276 381 neutra
1295 362 1328 381 ex
1349 354 1393 381 Itis
1410 363 1425 382 e
1446 355 1547 389 quibus
1562 356 1752 387 constituitur.

968 401 1120 428 secundum
1143 400 1215 427 idem
1240 400 1355 435 sineque
1370 402 1484 429 alterius
1510 403 1672 436 operatione
1697 403 1754 431 ullo

974 447 1053 474 modo
1067 454 1185 481 unquam
1197 446 1326 480 pertirere
1340 451 1437 480 potest.
1452 448 1488 474 lta
1500 449 1596 475 anima:
1609 454 1636 476 et
1646 450 1753 483 corpori

974 500 1032 520 sese
1058 493 1171 520 invicem
1195 501 1264 527 opus
1289 498 1329 519 est
1355 495 1386 519 ad
1411 502 1504 520 ument
1531 495 1753 527 construendam,

969 538 1155 564 aediﬁcandam
1165 538 1287 569 domum.
1304 539 1424 566 tunicam
1438 540 1593 571 texendam,
1611 548 1643 568 ac
1655 542 1676 567 si
1689 542 1753 575 quid

969 583 1145 617 hujusmodi;
1160 583 1234 617 quod
1251 584 1327 610 nullo
1344 592 1465 618 unquam
1482 585 1563 611 modo
1589 586 1635 611 uni
1660 594 1693 612 cx
1712 587 1756 613 his

970 628 1029 654 sine
1038 628 1199 655 alterutrius
1207 629 1368 663 operatione
1378 630 1500 664 perfecta
1516 630 1645 664 possibile
1654 631 1754 658 dicam.

971 673 997 700 Si
1014 678 1104 700 tamen
1119 683 1174 701 una
1190 679 1298 705 natura,
1315 675 1357 701 vel
1375 683 1428 701 una
1451 675 1607 710 hypostasis
1634 677 1756 710 perfecta

971 720 1007 747 sit
1022 728 1055 747 ex
1069 721 1182 752 unione,
1197 724 1227 747 ut
1241 721 1328 753 aiunt,
1351 721 1398 747 Dei
1415 721 1496 748 Verbi
1515 722 1547 748 ad
1564 726 1689 749 naturam
1705 731 1756 750 noa

971 770 1067 797 stram,
1078 770 1143 793 sunt
1158 766 1282 800 quaedam
1298 767 1638 802 operationeshujusmodi
1651 773 1756 796 naturze

971 816 1052 846 atque
1069 811 1231 847 hypostasis,
1254 820 1322 846 quas
1338 813 1410 839 Deus
1423 813 1544 840 Verbum
1566 822 1615 849 per
1636 814 1756 848 seipsum

971 858 1111 892 complere
1124 857 1181 884 ullo
1197 858 1280 884 modo
1299 858 1396 892 nequit
1418 859 1538 894 (nequire
1548 864 1639 886 autent
1654 860 1756 895 duplici

970 903 1052 930 modo
1066 903 1169 930 dicitur
1189 904 1215 930 in
1234 904 1374 938 Scriptura
1392 912 1469 931 sacra
1482 911 1668 940 consuetaque
1681 907 1762 933 locu.

968 949 1063 975 tione:
1075 949 1158 975 velut
1170 949 1340 983 impossibile
1353 954 1395 976 est
1407 950 1492 977 Deum
1505 951 1629 983 mentiri,
1647 956 1758 985 propter

971 995 1156 1029 inﬁnitatem;
1171 997 1213 1023 vel
1232 1001 1261 1023 ut
1278 996 1349 1023 dona
1366 1001 1394 1023 et
1418 997 1515 1024 hostize
1536 1005 1596 1032 quae
1618 1003 1758 1032 nequeunt

969 1042 1045 1077 juxta
1061 1042 1258 1069 conscientiam
1272 1042 1433 1069 oﬂ‘erentcm
1453 1044 1604 1077 perfectum
1629 1044 1718 1071 facere
1735 1047 1756 1077 ⁷,

971 1087 1316 1121 propterinﬁrmitatemet
1326 1088 1449 1114 umbram
1458 1090 1636 1123 operationis,
1649 1091 1758 1124 quando

971 1132 1224 1167 oﬂ'ernntur),quas
1234 1133 1430 1160 DeusVerbuni
1445 1135 1582 1168 complere
1596 1144 1648 1162 non
1662 1140 1758 1170 potens

971 1186 1022 1213 per
1036 1178 1168 1212 scipsum,
1186 1182 1291 1205 natura;
1309 1179 1436 1206 humana:
1449 1180 1606 1214 operatione
1631 1181 1757 1214 perfecit.

971 1223 1020 1250 Vel
1037 1223 1175 1250 inﬁrmum
1193 1224 1277 1250 Deum
1296 1224 1416 1250 Verbum
1439 1226 1589 1252 ostendunt
1602 1246 1608 1255 .
1627 1227 1669 1252 vel
1697 1235 1759 1260 qua:

971 1276 1026 1295 non
1047 1268 1146 1295 decent
1161 1269 1320 1295 facientem.
1338 1269 1365 1296 Si
1385 1270 1505 1303 primum
1518 1290 1524 1302 ,
1541 1271 1691 1298 etiamnum
1710 1272 1760 1299 I’a-

973 1318 1024 1346 ter,
1041 1315 1088 1348 qui
1101 1314 1228 1341 humanm
1245 1320 1350 1341 natura:
1366 1323 1420 1341 non
1434 1316 1559 1350 subjacct
1575 1336 1582 1348 ,
1609 1317 1642 1343 ad
1664 1317 1760 1351 hujus;

973 1358 1046 1384 modi
1064 1359 1241 1392 operationes
1258 1359 1436 1393 complendas
1454 1360 1590 1395 impotens
1600 1367 1658 1394 cst;
1677 1366 1759 1396 atque

973 1404 1124 1431 secundum
1142 1405 1195 1431 hoc
1208 1426 1214 1438 ,
1235 1406 1322 1439 major
1336 1406 1414 1432 Patre
1433 1406 1518 1432 Filius
1540 1411 1582 1433 est
1596 1427 1602 1437 .
1626 1408 1698 1441 quod
1718 1413 1760 1434 ert

972 1450 1087 1484 impium
1100 1459 1106 1476 :
1119 1450 1142 1477 si
1153 1459 1218 1478 vero
1227 1452 1389 1483 secundant,
1399 1452 1512 1479 evidens
1523 1457 1563 1479 est
1573 1453 1758 1487 blasphemia;

973 1504 1092 1530 namque
1107 1497 1179 1523 Deus
1195 1497 1265 1523 nihil
1280 1497 1352 1531 quod
1367 1505 1422 1523 non
1441 1497 1536 1524 deccat
1553 1498 1626 1528 facit.
1643 1506 1695 1525 nec
1712 1507 1760 1533 per

975 1538 1102 1572 δείρειηιι,
1130 1550 1181 1569 nec
1205 1550 1266 1569 cum
1284 1542 1380 1569 altero.
1402 1542 1430 1570 Si
1448 1551 1513 1569 vero
1529 1548 1657 1570 neutrum
1673 1544 1762 1571 diccre

967 1585 1081 1620 piumest
1099 1607 1105 1618 ,
1123 1596 1178 1614 non
1202 1596 1279 1623 ergo,
1306 1596 1360 1615 non
1377 1589 1444 1615 unio
1462 1589 1533 1616 facta
1552 1594 1594 1616 est
1610 1590 1657 1617 Dei
1676 1591 1757 1617 Verbi

973 1637 1133 1667 naturatque
1150 1633 1288 1660 humanm.

1008 1677 1119 1712 Aliquid
1133 1678 1223 1704 simile
1241 1677 1309 1704 mihi
1323 1685 1403 1712 agere
1428 1678 1558 1705 videmini
1572 1679 1664 1713 inepte
1678 1687 1760 1714 supe-

974 1722 1100 1749 rantibus
1111 1729 1224 1756 scopum
1252 1723 1305 1748 tela
1319 1722 1458 1756 jaciendo,
1483 1723 1648 1757 imperitiam
1670 1725 1761 1757 potius

973 1776 1055 1802 quam
1070 1767 1209 1794 solertiam
1222 1768 1445 1799 ostendentibus,
1458 1767 1495 1794 ita
1511 1773 1540 1794 ut
1557 1769 1681 1794 nesciant
1693 1777 1759 1803 quo.

974 1816 1107 1848 quantum
1125 1812 1320 1846 quornodoque
1341 1813 1394 1838 tela
1411 1812 1537 1846 jacienda
1554 1813 1609 1839 sint
1622 1821 1628 1838 :
1643 1821 1760 1847 namque

975 1865 1036 1884 cum
1050 1858 1078 1883 in
1091 1858 1144 1884 hoc
1156 1857 1246 1891 potius
1261 1857 1448 1884 asserentibus
1459 1865 1539 1884 unam
1557 1863 1680 1884 naturam
1695 1867 1760 1885 con—

976 1903 1110 1931 tradicere
1128 1904 1364 1934 somniavissetis,
1392 1904 1507 1938 perinde
1538 1912 1569 1931 ac
1587 1906 1759 1938 praecedente

975 1957 1146 1987 argumento,
1157 1953 1197 1980 sic
1210 1957 1237 1979 et
1252 1960 1327 1979 nunc
1339 1953 1476 1980 mediante
1489 1954 1675 1981 contentionis
1688 1955 1761 1981 desi-

976 1998 1064 2031 derio,
1082 1999 1228 2026 adversum
1244 2006 1295 2025 nos
1311 2006 1420 2033 quoque
1432 2007 1514 2026 unam
1530 2000 1698 2034 hypostasim
1711 2008 1761 2027 nec

975 2042 1102 2071 naturam
1115 2049 1270 2071 asserentes
1288 2044 1315 2070 in
1333 2044 1447 2070 Domino
1464 2051 1560 2071 nostro
1572 2045 1635 2072 Jesu
1652 2045 1762 2072 Christo

977 2090 1125 2118 irruimini.
1154 2090 1205 2117 Sed
1227 2097 1278 2116 nos
1303 2094 1469 2116 structuram
1488 2094 1607 2116 vestram
1637 2090 1762 2117 breviter

976 2137 1161 2164 destruemus.
1177 2136 1271 2163 Omnis
1287 2135 1360 2162 enim
1375 2135 1500 2169 operatio
1515 2143 1548 2161 ex
1564 2135 1686 2169 potentia
1699 2139 1760 2167 est;

976 2183 1067 2210 omnis
1078 2187 1170 2210 autem
1187 2181 1311 2216 potentia
1326 2181 1479 2211 unitorum,
1503 2180 1560 2207 sive
1585 2188 1616 2207 ex
1637 2180 1761 2214 partibus

977 2229 1048 2255 inter
1066 2236 1105 2259 se,
1125 2228 1183 2254 sive
1196 2235 1230 2254 ex
1252 2227 1309 2260 ipsa
1329 2225 1430 2252 unione
1447 2225 1475 2251 in
1491 2225 1557 2259 ipsis
1582 2225 1715 2251 subsistit.
1733 2225 1761 2251 Si

976 2281 1041 2308 ergo
1067 2277 1094 2299 et
1115 2280 1178 2307 pars
1203 2280 1257 2298 una
1281 2271 1364 2298 unita:
1383 2271 1536 2306 hypostasis
1557 2270 1592 2296 sit
1613 2271 1670 2304 ipse
1691 2270 1762 2297 Deus

975 2319 1097 2347 Verbum
1114 2340 1121 2352 ,
1155 2318 1337 2352 alteriusque
1353 2317 1440 2352 partis
1469 2316 1647 2347 comitantis,
1681 2321 1762 2350 atque

975 2363 1018 2391 sui
1030 2363 1117 2398 ipsius
1127 2362 1239 2389 unionis
1250 2369 1313 2389 cum
1328 2361 1373 2388 illa
1386 2361 1444 2395 ipse
1453 2366 1495 2388 est
1509 2368 1600 2393 causa;
1613 2360 1702 2386 omnis
1713 2367 1761 2386 au-

976 2413 1028 2436 tem
1044 2416 1127 2436 causa
1149 2416 1212 2435 cum
1233 2408 1269 2435 sit
1283 2408 1368 2442 major
1379 2406 1501 2441 potentia
1517 2409 1544 2433 et
1556 2405 1762 2440 operationibus

975 2455 1094 2483 causalis
1107 2454 1174 2485 suis,
1187 2453 1327 2488 quomodo
1335 2451 1501 2484 Christus,si
1512 2452 1575 2485 quis
1586 2459 1649 2478 eum
1662 2450 1760 2477 dixerit

975 2501 1103 2533 unitum,
1131 2500 1265 2535 majorem
1285 2497 1400 2525 habebit
1424 2498 1544 2532 aliquam
1574 2497 1762 2532 operationem

974 2555 1056 2581 quam
1073 2553 1138 2581 pars
1181 2553 1243 2580 quae
1264 2548 1308 2572 est
1321 2545 1348 2571 in
1366 2544 1555 2579 ipso,qna3que
1573 2543 1672 2570 iterum
1684 2543 1767 2575 panis

974 2597 1016 2619 est
1030 2600 1124 2623 causa.
1140 2591 1197 2619 sive
1214 2591 1298 2619 Verbi
1316 2589 1422 2617 divini?
1446 2590 1478 2616 At
1493 2589 1629 2624 siquidem
1646 2589 1762 2616 stultitia

978 2638 1161 2664 absurdorum
1179 2641 1334 2664 vestrorum
1349 2643 1455 2662 summa
1477 2635 1510 2662 de
1529 2635 1690 2662 substantiis
1705 2642 1762 2661 ser-

978 2691 1089 2711 monem
1104 2683 1235 2714 adduxit.
1261 2682 1412 2710 etiamnum
1427 2681 1472 2708 his
1488 2681 1526 2707 ita
1543 2689 1572 2708 se
1588 2680 1762 2709 habentibus,

977 2730 1056 2757 nobis
1074 2735 1165 2757 tamen
1180 2729 1232 2756 hoc.
1250 2736 1360 2764 quoque
1373 2727 1520 2755 dicendum
1538 2731 1596 2759 est,
1615 2726 1638 2753 si
1657 2726 1764 2752 intelle-

977 2775 1144 2802 ctualiilibus
1170 2775 1258 2802 oculis
1288 2773 1456 2806 intendatis,
1487 2781 1535 2800 vos
1565 2773 1643 2800 facile
1669 2771 1763 2798 videre
