1968 3094
243 123 310 156 1447

871 130 1024 160 LEONTII
1044 130 1247 162 BYZANTIN!

1794 135 1862 167 uss

237 179 351 207 omnino
364 180 501 214 quomodo
516 188 626 216 quoque
654 182 720 209 ﬁant
735 183 870 217 pleneque
883 188 911 210 ct
936 185 1014 210 manli

1074 184 1148 219 ὅμως
1179 186 1226 212 καὶ
1254 184 1333 211 τοῦτο
1359 185 1467 212 λεκτέον
1482 186 1558 222 ὑμῖν,
1573 187 1613 214 ὅτι
1637 188 1661 214 εί
1676 189 1732 221 τοῖς
1753 194 1862 225 νοητοῖς

238 225 313 253 festae
326 227 500 260 operationes
514 227 548 254 ab
564 229 652 259 unito,
668 237 736 263 quas
753 237 803 256 nec
818 230 890 256 Deus
907 238 960 256 non
979 230 1021 256 in-

237 277 374 303 carnatus,
384 280 436 300 nec
449 273 531 300 homo
542 274 601 301 sine
609 275 665 301 Deo
673 275 810 309 potuisset
824 276 912 302 facere
925 285 1021 310 quem-

238 318 384 346 admodum
399 326 474 345 nune
491 318 569 346 ﬁunt.
586 319 651 346 Nam
667 319 749 345 dicite
766 319 845 345 nobis
861 326 916 352 quo
939 319 1021 346 modo

238 364 310 391 Deus
330 364 431 397 absque
447 372 529 391 carne
544 364 722 397 corporaliter
738 371 772 390 ex
788 366 849 390 sinu
867 365 1019 398 incorrupti

234 410 358 443 corporis
375 412 522 444 procedere
540 411 633 444 possit,
659 415 686 436 ut
712 417 811 443 corpus
838 410 942 444 absque
965 409 1019 436 Deo

239 465 269 482 ex
281 457 340 482 sinu
353 456 498 490 incorrupti
512 457 633 490 corporis
643 464 761 491 umquam
772 457 806 483 sit
817 463 1016 491 processurum.

238 503 305 535 Quis
326 509 471 537 postquam
489 505 523 530 dt)
539 506 599 529 dies
611 505 773 538 jt‘JllllllsSt‘L.
792 513 843 529 non
862 509 960 529 οδω-ιιι
973 513 1021 529 uo-

238 549 299 575 mo?
314 549 380 581 Quis
396 557 460 575 vero
473 554 536 576 ante
553 552 594 576 vel
610 555 672 584 post
684 551 862 584 quadraginta
875 550 934 576 dies
950 550 1021 576 Deus

236 596 348 622 omnino
362 596 480 623 esuriit?
495 596 562 629 Quis
577 598 659 624 etiam
674 597 871 625 diceretDeum
883 606 947 625 vere
960 606 1021 625 cor-

234 642 368 675 poraliter
378 649 461 677 supra
469 651 569 677 aquam
584 643 701 677 pedibus
716 652 835 678 unquam
846 644 1020 671 ambulasse?

234 688 282 714 vel
302 688 449 714 humanam
466 689 569 723 absque
585 690 640 716 Deo
651 693 777 716 naturam
794 690 920 724 abyssum
936 689 1020 716 maris

200 724 201 727 ¹
235 739 328 759 ansam
347 739 406 759 esse
423 733 552 760 calcare?
572 733 669 768 hisque
686 735 785 761 similia
798 735 940 765 miracula,
952 743 1020 769 quo-

232 785 295 803 rum
309 785 359 804 nec
370 778 461 805 divina
471 782 567 805 natura
578 779 681 814 aliquid
694 787 812 814 unquam
828 780 1018 814 corporaliter,

233 831 286 850 nec
313 823 431 850 humana
459 828 557 851 natura
575 825 686 851 omnino
704 825 829 860 perfecit.
854 825 882 852 Si
904 833 970 861 ergo
985 825 1017 852 ad

1073 231 1222 265 ὀφθαλμοῖς
1242 231 1395 267 ἀτενίσητε,
1413 232 1522 259 εὔκολον
1539 234 1602 260 ἰδεῖν
1616 234 1686 261 πάνυ
1702 235 1740 267 ὠς
1754 237 1801 263 καὶ
1813 245 1861 270 γε-

1073 276 1168 309 γόνασι.
1182 276 1306 303 πλεῖσται
1320 277 1366 304 καὶ
1381 278 1479 313 τραναί
1494 288 1566 311 τινες
1581 279 1717 314 ἐνέργειαι
1738 281 1775 316 τῷ
1794 290 1860 308 συν-

1073 321 1153 356 θέτῳ,
1171 322 1205 353 ἃς
1228 321 1289 348 οὕτε
1305 322 1371 348 Θεδν
1387 323 1521 358 ἄσαρκον,
1539 324 1601 351 οὕτε
1614 326 1757 361 ἄνθρωπον
1770 327 1860 354 ἀθέω-

1071 375 1117 392 τον
1139 365 1173 402 ἦν
1198 367 1310 393 δυνατὸν
1326 367 1420 403 ὥσπερ
1435 369 1482 394 νῦν
1494 369 1623 403 γεγόνασι
1642 371 1858 404 διαπράξασθαι.

1072 412 1130 438 Τίνι
1143 412 1197 446 γὰρ
1213 413 1308 439 εἴπατε
1323 414 1389 447 ἡμῖν
1405 414 1486 450 λόγῳ,
1496 415 1512 450 ἦ
1524 416 1590 448 Θεὸς
1603 417 1723 452 ἄσαρκος
1739 427 1860 452 σωματι-

1072 457 1128 489 κῶς
1141 457 1184 483 διὰ
1206 459 1310 493 μήτρας
1328 459 1448 494 ἁφθόρου
1461 461 1593 495 χωρήσει,
1609 461 1626 496 ἢ
1643 462 1724 496 σῶμα
1738 462 1860 490 ἀθέωτον

1071 501 1114 527 διὰ
1143 501 1269 537 σώματος
1311 504 1429 539 ἁφθόρου
1458 506 1565 540 μήτρας
1584 508 1705 541 χωρήσει
1728 507 1857 540 πώποτες

1072 548 1106 573 Μ’
1121 548 1147 574 δὲ
1166 549 1271 583 ἡμέρας
1293 550 1335 579 τίς
1359 551 1521 586 νηστεύσας,
1532 552 1581 578 οὐκ
1594 553 1738 580 ἐπείνασεν
1751 554 1858 589 ἄνθρω-

1071 601 1136 626 πο;;
1152 594 1200 625 Τίς
1225 594 1253 620 δὲ
1279 594 1375 630 πρώην
1403 596 1419 631 ἢ
1444 597 1512 631 μετὰ
1533 598 1739 633 τεσσαράκοντα
1750 601 1859 635 ἡμέρας

1070 636 1136 668 Θεὸς
1156 638 1225 670 ὅλως
1241 639 1401 673 ὲπείνασεν;
1426 641 1511 676 ’Υπὲρ
1530 641 1625 674 ὕδατος
1639 643 1668 669 δὲ
1681 644 1723 675 τίς
1737 645 1770 670 ἂν
1784 646 1858 672 ετποι

1070 683 1136 709 Θεὸν
1152 684 1259 719 ἀληθῶς
1280 686 1418 720 σαρκικῶς
1434 687 1494 713 ποδὶ
1511 688 1642 718 πεζεῦσαιί
1655 698 1739 721 ποτε;
1770 687 1787 721 ἢ
1808 691 1858 717 ἀν-

1071 729 1209 764 θρωπεὲαν
1223 729 1298 756 ἀθεεὶ
1321 730 1402 765 φύσιν
1420 731 1524 766 ίχνεσιν
1542 732 1699 766 ἀὸυθίστοις
1721 734 1858 762 θαλάσσια

1071 774 1141 800 νῶτα
1149 775 1359 810 διαπορεύεσθαι
1369 785 1377 808 ;
1392 777 1485 803 καὶτὰ
1498 778 1603 810 τούτοις
1613 779 1693 814 ὅμοια
1703 780 1857 816 μεγαλουρ-

1072 822 1194 855 γήματα,
1207 819 1244 847 ὦν
1260 823 1319 848 οὐδὲ
1341 823 1422 857 φύσις
1437 824 1498 850 Θεία
1513 825 1578 851 ποτέ
1596 834 1622 852 τι
1639 827 1779 861 σαρκικῶς
1796 827 1858 854 δια-

235 869 293 896 lucc
325 870 416 896 omnia
439 871 506 897 nihil
533 871 612 898 vobis
630 876 671 898 est
696 871 862 902 dicendum.
876 871 939 898 licet
970 879 1014 906 prc

1072 865 1223 900 πέπρακεν,
1237 866 1299 892 οὔτε
1319 867 1477 902 ἀνθρωπεία
1491 868 1520 894 τὸ
1539 869 1650 896 σύνολον
1665 870 1856 907 ὲθαυματούρ-

234 916 368 942 memoria
386 916 547 943 alterutrum
565 918 644 944 vobis
660 917 762 951 eligere
788 926 794 944 :
818 917 861 944 vel
885 917 1018 944 habentes

234 960 293 987 lucc
311 965 341 987 ut
358 969 422 988 vere
437 962 573 989 mirabilia
586 966 667 996 atque
681 963 836 997 prodigiosa
846 984 853 995 ,
870 963 960 990 dehis
976 964 1017 990 lo-

234 1005 282 1040 qui
296 1006 367 1033 sicut
383 1012 524 1041 gestorum
539 1015 700 1042 magnorum
719 1012 888 1041 spectatores
899 1028 906 1039 ,
921 1008 963 1035 vel
979 1008 1017 1035 nil

235 1059 361 1086 magnum
376 1052 520 1084 habentes,
536 1053 659 1088 nihilque
672 1053 790 1087 amplius
808 1054 916 1088 nugari.

547 1163 623 1191 CAP;
644 1163 701 1191 ΧΠ.

269 1229 456 1264 Quodcunque
480 1232 558 1258 alteri
575 1231 694 1264 unitum,
714 1232 756 1258 vel
773 1239 822 1266 per
841 1232 1017 1266 semetipsum

233 1274 336 1306 unitur,
349 1275 391 1301 vel
407 1283 456 1309 per
466 1275 593 1302 alterum.
609 1275 708 1302 Uuitur
722 1275 831 1310 quidem
852 1283 901 1310 per
916 1280 1017 1303 scmet~

232 1323 321 1354 ipsum
337 1321 409 1347 sicut
437 1321 527 1347 anima
550 1321 678 1355 corpori;
697 1329 745 1355 per
764 1322 880 1348 alterum
896 1329 971 1353 vero,
988 1324 1017 1347 ut

233 1371 325 1401 partes
337 1367 445 1399 domus,
462 1368 567 1394 scilicet
587 1375 635 1402 per
656 1368 806 1394 hominem.
830 1368 903 1395 Deus
923 1372 1016 1394 autem

231 1412 362 1443 Verbum,
386 1421 436 1440 nec
450 1421 498 1447 per
513 1413 688 1447 semetipsum
704 1413 826 1444 lllllt‘llll‘,
851 1413 920 1440 nihil
942 1413 1015 1440 enim

231 1466 302 1493 opus
316 1459 367 1485 sibi
385 1463 426 1485 est
437 1467 443 1473 ·
461 1466 510 1486 nec
524 1466 571 1493 per
586 1459 711 1488 alterum,
733 1459 799 1485 nulli
815 1459 887 1485 enim
904 1459 1016 1493 inferior

231 1508 289 1535 est;
306 1503 440 1538 siquidem
456 1511 537 1530 omne
552 1503 659 1530 unitum
675 1504 752 1530 alteri
775 1512 830 1530 non
853 1512 901 1538 per
913 1508 1014 1531 semel.-

231 1549 332 1583 ipsum,
358 1548 406 1575 sed
425 1556 474 1583 per
486 1549 612 1581 alterum,
640 1548 755 1575 inferius
777 1549 815 1575 illi
836 1549 1014 1576 constituitur

232 1601 281 1626 per
295 1594 368 1628 quod
384 1595 488 1621 unitur.
507 1594 534 1621 Si
549 1602 613 1620 vero
629 1601 679 1621 nec
701 1602 749 1629 per
764 1595 883 1629 scipsum
897 1602 948 1621 nec
965 1602 1013 1628 per

231 1640 349 1667 alterum
370 1640 481 1667 unictur
506 1641 578 1667 Deus
603 1640 741 1671 Verbum,
771 1642 924 1675 asynlhelus
948 1649 1013 1675 ergo

230 1686 297 1718 crit,
313 1694 362 1713 nec
374 1695 436 1713 cum
451 1687 505 1714 ullo
523 1695 641 1722 unquam
663 1688 690 1714 in
712 1688 840 1714 unionem
858 1689 1012 1715 conveniet.

231 1732 318 1760 Unius
333 1740 365 1759 ac
376 1733 497 1767 ejusdem
512 1733 602 1767 impia:
619 1733 718 1760 radicis
728 1741 823 1760 omnes
840 1733 922 1760 vestri
934 1734 1014 1768 stipi-

231 1782 272 1805 tes
293 1778 414 1813 ejusdem
436 1779 509 1805 modi
533 1779 655 1805 stultitim
671 1783 745 1809 sunt.
761 1779 847 1806 Deum
866 1779 912 1814 qui
930 1787 1013 1813 supra

229 1824 321 1851 omnia
336 1829 377 1851 cst
394 1832 456 1851 cum
474 1825 603 1851 omnibus
628 1825 734 1852 caloris
757 1825 875 1852 absurde
897 1825 1014 1852 confun-

229 1870 329 1897 dendo.
347 1870 374 1897 Si
392 1871 476 1902 enim,
496 1875 526 1897 nt
541 1871 634 1903 vultis,
657 1871 839 1905 quodcunque
857 1872 936 1898 alteri
951 1871 1014 1898 uni-

231 1919 299 1947 tum,
324 1916 364 1942 vel
380 1924 429 1951 per
448 1917 579 1950 seipsum,
595 1916 636 1943 vel
651 1924 700 1950 per
721 1917 838 1942 alterum
855 1916 964 1948 unitur;
989 1916 1011 1942 si

231 1968 298 1988 vero
318 1961 390 1988 Deus
405 1957 447 1987 est
469 1960 602 1991 omnium,
627 1965 658 1987 ut
679 1961 809 1993 creditis;
831 1969 863 1988 ex
892 1960 1011 1995 generali

230 2011 320 2033 vestra
335 2007 533 2041 propositione,
547 2014 595 2033 vos
605 2006 739 2033 erravisse
751 2007 1010 2033 demonstrabimus.

230 2053 351 2086 Namque
366 2053 418 2079 hoc
433 2060 541 2086 quoque
552 2060 602 2078 nos
616 2052 652 2078 ita
667 2052 840 2078 diceremus:
855 2059 916 2078 eum
932 2059 1011 2078 omne

230 2097 331 2132 aliquid
342 2098 406 2132 agit,
416 2098 457 2124 vel
473 2105 522 2132 per
535 2097 664 2131 scipsum.
672 2097 715 2124 vel
726 2104 773 2131 per
782 2097 897 2123 alterum
907 2097 1019 2131 aliquid.

229 2143 301 2178 agit;
314 2143 384 2177 quod
401 2147 491 2169 autem
507 2151 554 2177 per
570 2143 689 2176 seipsum
702 2143 766 2177 agit.
785 2143 847 2176 ipsi,
860 2143 935 2176 juxta
952 2151 1010 2175 vos,

1028 1530 1049 1558 ϐ

1070 919 1165 946 γησεν.
1181 912 1213 937 El
1237 909 1284 938 οὖν
1309 912 1378 948 πρὸς
1397 913 1483 940 ταῦτα
1505 914 1594 942 πάντα
1609 916 1691 951 μηδὲν
1709 916 1766 943 ἐστι
1791 918 1858 951 ὑμῖν

1069 955 1168 990 λέγειν,
1187 956 1268 982 καλὸν
1295 957 1367 991 ὑμᾶς
1392 957 1422 988 ἐξ
1448 958 1635 992 ἐπιγνώσεως,
1660 960 1773 995 θάτερον
1798 961 1859 988 δια-

1069 1004 1238 1037 πράττεσθαι
1248 1011 1254 1018 '
1276 1005 1293 1039 ἢ
1321 1005 1470 1040 βλέποντας
1483 1006 1518 1033 τὰ
1533 1007 1571 1038 ὡς
1585 1007 1692 1042 ἀληθῶς
1709 1007 1858 1044 θαυμαστὰ

1069 1050 1116 1075 καὶ
1134 1049 1252 1081 ἐξαίσια,
1268 1050 1358 1077 λαλεῖν
1373 1051 1460 1082 οὕτως
1477 1051 1515 1082 ὡς
1530 1052 1583 1078 τῶν
1600 1053 1724 1087 μεγάλων
1742 1054 1857 1086 θεατὰς,

1069 1094 1132 1129 ῆμὴ
1147 1094 1266 1129 ὁρῶντάς
1280 1104 1305 1121 τι
1322 1096 1403 1131 μέγα,
1421 1096 1458 1130 μὴ
1476 1095 1569 1130 ληρεῖν
1584 1097 1709 1131 περιττά.

1361 1164 1487 1191 ΚΕΦΑΛ.
1508 1164 1558 1190 lB'.

1102 1231 1160 1259 Πᾶν
1175 1231 1263 1258 ὁτιοῦν
1277 1231 1455 1266 συγκείμενον
1482 1231 1579 1267 ἑτέρῳ,
1595 1232 1611 1266 ἢ
1637 1232 1670 1258 δι’
1683 1232 1764 1258 ἑαυτδ
1787 1233 1857 1266 σύγ⁵

1068 1286 1167 1308 κειται,
1183 1278 1199 1311 ἦ
1226 1277 1260 1303 δι’
1280 1277 1385 1311 ἓτερον.
1403 1276 1460 1303 Καὶ
1490 1276 1632 1311 σύγκειται
1648 1277 1698 1312 μὲν
1713 1278 1745 1304 δι’
1759 1278 1856 1309 ἑαυτὸ,

1067 1321 1123 1348 οἷον
1147 1322 1220 1357 ψυχὴ
1241 1321 1280 1356 τῷ
1308 1321 1427 1356 σώματι·
1444 1321 1477 1347 δι’
1492 1322 1585 1356 ἕτερον
1599 1322 1637 1352 δὲ,
1652 1322 1686 1348 τὰ
1707 1322 1778 1358 μέρη
1804 1322 1856 1356 τῆς

1067 1369 1171 1399 οἰκίας·
1196 1368 1230 1394 δι’
1255 1368 1397 1402 ἄνθρωπον
1423 1367 1488 1402 γάρ.
1511 1368 1540 1393 '0
1554 1367 1582 1393 δὲ
1597 1367 1662 1399 Θεὸς
1678 1368 1773 1401 Λόγος,
1790 1367 1855 1394 οὔτε

1067 1414 1101 1440 δι’
1114 1413 1210 1440 ἑαυτὸν
1225 1413 1407 1447 συγκείσεται,
1418 1413 1570 1448 ἀπροσδεὴς
1585 1413 1655 1447 γάρ’
1670 1413 1731 1439 οὔτε
1746 1413 1780 1440 δι’
1796 1414 1855 1439 Ets-

1068 1468 1124 1496 ρον,
1145 1459 1175 1486 οὗ
1198 1468 1271 1490 τινος
1294 1459 1348 1493 γὰρ
1374 1458 1489 1493 χείρων·
1505 1459 1566 1484 ἐπεὶ
1592 1459 1646 1484 πᾶν
1672 1458 1856 1493 συγκείμενον

1067 1505 1164 1541 ἑτέρῳ,
1178 1505 1208 1531 οὑ
1235 1505 1267 1530 δι’
1286 1505 1377 1535 ἑαυτὸ,
1391 1504 1459 1530 ἀλλὰ
1474 1504 1507 1530 δι’
1525 1503 1629 1538 ἕτερον,
1643 1502 1724 1539 ἦττον
1746 1505 1854 1531 ἐκείνου

1065 1552 1217 1585 καθέστηκε
1229 1551 1263 1578 δι’
1275 1551 1342 1586 ὅπερ
1360 1550 1512 1583 σύγκειται.
1529 1550 1560 1575 Εἰ
1572 1550 1599 1576 δὲ
1617 1552 1683 1584 μήτε
1701 1549 1851 1582 δι’ὲαυτὸν,

1067 1598 1134 1631 μήτε
1145 1596 1177 1622 δι’
1189 1596 1284 1631 ἕτερον
1297 1595 1496 1627 συντεθήσεται
1514 1596 1527 1620 ὀ
1539 1595 1604 1626 Θεὸς
1613 1595 1709 1628 Λόγος,
1721 1595 1854 1622 ἀσύνθε-

1065 1651 1116 1674 τος
1142 1643 1195 1677 ἄρα
1217 1642 1264 1668 καί
1279 1641 1332 1667 τινί
1347 1649 1412 1667 ποτε
1427 1641 1466 1672 εἰς
1484 1640 1608 1666 σύνθεσιν
1625 1641 1661 1675 μὴ
1687 1642 1854 1676 συντρέχων,

1067 1689 1139 1719 uti;
1151 1689 1197 1714 καὶ
1210 1688 1259 1722 τῆς
1276 1687 1360 1720 αὐτῆς
1375 1685 1490 1716 ἀσεϐοῦς
1506 1686 1593 1721 ῥίζης,
1608 1686 1714 1713 ἅπαντα
1726 1687 1804 1720 ὑμῶν
1820 1689 1853 1713 τὰ

1066 1734 1260 1768 βλαστήματα,
1285 1734 1333 1758 καὶ
1362 1732 1410 1765 τὴν
1437 1732 1630 1766 ὁμοιοτροπίαν
1660 1732 1708 1764 τῆς
1735 1733 1854 1763 ἀτοπίας

1065 1780 1171 1815 ἔχοντα,
1189 1780 1217 1804 ἐν
1234 1780 1267 1813 τῇ
1285 1778 1432 1812 παραλόγῳ
1446 1776 1492 1803 τοῦ
1510 1777 1581 1812 ὑπὲρ
1601 1778 1688 1803 πάντα
1713 1777 1782 1803 Θεοῦ
1805 1778 1853 1804 civ

1063 1827 1118 1856 τοῖς
1128 1825 1194 1850 πᾶσι
1203 1823 1359 1857 καταμίξει.
1372 1822 1401 1848 Εἰ
1417 1822 1480 1856 γὰρ,
1490 1821 1527 1852 ὡς
1539 1821 1679 1856 βούλεσθε,
1693 1823 1747 1848 πᾶν
1761 1823 1854 1848 ὁτιοῦν

1065 1870 1243 1904 συγκείμενον
1267 1868 1392 1903 ἑτέρῳ,ἢ
1409 1867 1442 1894 δι’
1462 1867 1541 1893 ἑαυτὸ
1555 1867 1570 1902 ἢ
1587 1867 1620 1893 δι’
1632 1867 1724 1900 ἕτερον
1743 1867 1854 1901 σύγκει-

1063 1923 1124 1941 ’ται⁸
1149 1916 1172 1940 εἰ
1192 1914 1220 1940 δὲ
1243 1914 1296 1940 τῶν
1316 1914 1424 1939 πάντων
1441 1914 1454 1939 ὁ
1473 1913 1549 1943 Θεὸς,
1566 1912 1604 1942 ὡς
1628 1912 1728 1943 οἴεσθε,
1744 1913 1777 1938 ὲκ
1802 1912 1853 1945 τῆς

1063 1960 1176 1987 καθόλου
1195 1959 1270 1994 ὑμῶν
1292 1959 1449 1993 προτάσεως
1464 1957 1499 1985 τὰ
1510 1958 1559 1991 τῆς
1575 1958 1710 1992 ὑμετέρας
1727 1959 1854 1984 ἀποπλα-

1063 2007 1168 2041 νήσεως
1188 2004 1322 2039 δείξομεν.
1340 2005 1474 2039 Εἴποιμεν
1487 2003 1541 2038 γὰρ
1560 2004 1592 2030 ἂν
1610 2003 1657 2029 καὶ
1672 2004 1750 2037 ἡμεῖς
1763 2003 1853 2034 οὕτως

1062 2052 1141 2079 τοῦτο
1151 2060 1157 2066 “
1182 2052 1258 2078 Ἐπεὶ
1273 2052 1327 2077 πᾶν
1343 2051 1373 2076 τὸ
1386 2050 1479 2077 ποιοῦν
1493 2058 1530 2079 τι.
1541 2050 1557 2083 ἦ
1573 2049 1606 2075 δι’
1623 2049 1728 2083 ὲαυτδῆ
1741 2050 1776 2075 δι’
1790 2051 1850 2076 ἕτε-

1064 2100 1109 2134 ρόν
1123 2107 1149 2124 τι
1163 2099 1243 2124 ποιεῖ·
1254 2098 1284 2123 τὸ
1298 2097 1326 2122 δὲ
1343 2097 1435 2123 ποιοῦν
1451 2097 1484 2122 δι“
1494 2096 1582 2126 ἑαυτὸ,
1597 2096 1701 2126 ὲπιδεὲς
1714 2095 1762 2121 τοῦ
1777 2104 1854 2128 γινοο

1066 2145 1146 2177 μένου
1163 2144 1223 2170 καθ’
1248 2143 1318 2177 ὑμᾶς
1329 2151 1336 2158 ο
1353 2142 1399 2169 καὶ
1411 2142 1441 2167 τὸ
1453 2141 1487 2167 δι’
1503 2141 1599 2175 ἕτερόν
1614 2150 1640 2166 τι
1655 2140 1758 2172 ποιοῦν,
1770 2139 1854 2176 ἦττον

229 2184 298 2223 opus
308 2192 350 2215 cst
364 2188 411 2214 illo
427 2188 499 2222 quod
517 2188 550 2214 ab
565 2188 623 2222 ipso
638 2188 736 2215 factum
755 2193 795 2215 est
807 2197 814 2221 ;
826 2189 954 2223 quodque
965 2197 1013 2223 per

1066 2190 1168 2216 ἐκείνου
1184 2189 1362 2222 καθέστηκεν,
1379 2187 1416 2218 ὥς
1443 2195 1511 2221 φατε
1525 2195 1531 2201 ·
1552 2187 1618 2218 Θεὸς
1636 2187 1689 2221 ἄρα
1706 2187 1790 2213 ποιῶν
1805 2187 1854 2213 τὸν

230 2234 345 2260 alterum
368 2233 433 2267 agit,
459 2232 497 2258 illi
514 2232 629 2258 inferius
643 2232 820 2259 constituiun‘
852 2238 882 2259 ut
908 2233 1009 2260 dicitis.

229 2279 303 2307 Deus
317 2286 382 2313 ergo
398 2278 530 2304 mundum
548 2278 660 2310 faciens,
686 2278 728 2304 vel
753 2278 787 2305 oh
802 2279 942 2313 propriam
958 2270 1012 2305 uti-

229 2324 344 2356 litatem,
357 2323 398 2349 vel
414 2322 449 2349 ob
461 2323 572 2350 alterius
585 2323 707 2349 melioris
721 2323 835 2355 cultum,
851 2323 924 2350 hunc
935 2323 1009 2351 facit.

229 2369 283 2396 Aut
300 2368 322 2395 si
340 2375 390 2395 nec
408 2375 456 2402 per
469 2367 599 2402 seipsum.
615 2375 666 2394 nec
681 2375 730 2401 per
750 2369 879 2403 majorem
893 2369 1010 2395 alterum

227 2415 303 2447 facit,
316 2422 371 2441 non
387 2414 470 2441 faciet
484 2422 616 2448 unquam.
625 2413 770 2446 Quomodo
783 2415 861 2442 vobis
874 2414 937 2441 talia
950 2422 1012 2448 pro-

229 2461 301 2488 ferre
318 2462 424 2490 liceret.
449 2461 501 2487 nisi
527 2469 659 2487 summam
682 2462 820 2488 infamiam
838 2461 1011 2494 clegissetis?

233 2506 260 2533 Si
277 2506 321 2533 cui
345 2512 431 2534 autem
457 2507 577 2540 providet
592 2507 701 2543 aliquis,
719 2508 761 2536 vei
784 2509 819 2537 ob
845 2509 962 2542 scipsnm
985 2512 1014 2535 ut

230 2552 319 2578 anima
356 2551 475 2586 corpori,
507 2551 549 2579 vel
581 2552 616 2579 ob
651 2554 778 2586 alterum,
807 2559 836 2580 ut
862 2554 931 2581 servi
964 2554 1013 2581 do-

228 2593 461 2625 mustninisteriu,
476 2603 524 2629 per
535 2603 613 2621 suum
626 2596 776 2622 dominum.
791 2597 836 2623 Sic
849 2605 914 2631 ergo
927 2597 1007 2628 Deus,

224 2639 271 2675 qui
289 2647 323 2666 ex
338 2640 437 2666 vestris
452 2640 532 2667 dictis
548 2641 676 2667 omnibus
694 2641 826 2675 providet,
841 2641 883 2667 vel
899 2641 933 2667 ob
947 2649 1009 2675 pro-

182 2681 186 2685 ⁷
224 2685 311 2721 priam
330 2685 478 2712 utilitatem
506 2686 558 2713 hoc
578 2686 652 2716 facit,
677 2686 783 2720 ipsique
803 2694 872 2721 opus
895 2687 947 2713 crit
966 2687 1008 2713 his

224 2730 326 2764 quibus
340 2731 511 2764 p.0viderit:
535 2731 577 2757 vel
606 2737 635 2758 ut
657 2732 767 2766 quidam
792 2733 926 2764 minister,
952 2741 1006 2758 non

225 2776 308 2802 unius
329 2780 433 2803 tantum
462 2776 577 2807 domini,
604 2777 651 2804 scd
668 2778 800 2805 omnium.
828 2778 873 2805 Sic
895 2779 1007 2805 inferior

225 2818 269 2845 his
285 2821 384 2853 quibus
412 2821 446 2847 ab
471 2821 529 2851 ipso
558 2823 718 2856 providctur
746 2825 893 2857 videbitur,
924 2833 1006 2852 corvo

1063 2236 1165 2270 κόσμον
1179 2235 1195 2269 ἣ
1211 2235 1243 2260 δι’
1259 2234 1362 2260 οἰκείαν
1375 2233 1506 2268 χρείαν,ῆ
1523 2232 1567 2259 διὰ
1582 2232 1629 2267 τὴν
1646 2233 1740 2266 ἐτέρου
1759 2232 1854 2266 κρείτ·

1060 2289 1136 2312 τονος
1150 2279 1332 2313 λειτουργίαν,
1347 2278 1441 2304 τοῦτον
1457 2279 1537 2304 ποιεῖ.
1560 2278 1595 2303 Ἢ
1613 2278 1637 2303 εἱ
1655 2278 1722 2311 μήτε
1734 2278 1767 2303 δι’
1784 2278 1851 2303 ἑαυ-

1060 2327 1115 2356 τὸν,
1134 2327 1203 2361 μήτε
1228 2325 1261 2351 δι’
1282 2325 1376 2357 ἕτερον
1411 2323 1522 2358 μείζονα
1549 2325 1631 2354 ποιεῖ,
1647 2323 1706 2349 οῦδὲ
1739 2324 1851 2356 ποιήσει

1061 2372 1180 2402 πώποτε,
1207 2371 1253 2397 καὶ
1270 2370 1328 2401 πῶς
1343 2371 1406 2404 ὑμῖν
1427 2370 1514 2395 ταῦτα
1537 2369 1628 2402 λέγειν
1642 2368 1726 2402 ἐξείη,
1747 2367 1784 2402 μὴ
1803 2368 1851 2400 τὴν

1061 2416 1217 2450 ἀκροτάτην
1237 2414 1412 2449 αἱρουμένοις
1437 2413 1598 2445 κακοδοξίαν
1628 2413 1849 2447 ὲπιγράφεσθαις

1067 2461 1149 2488 Ἀλλὰ
1171 2461 1219 2487 καὶ
1242 2460 1271 2486 τὸ
1296 2459 1427 2494 προκθοοῦν
1453 2467 1536 2489 τινος,
1552 2459 1568 2492 ἣ
1580 2459 1613 2484 δι’
1630 2458 1708 2484 ἑαυτδ
1723 2458 1761 2487 ὡς
1775 2457 1848 2491 dari;

1061 2507 1197 2541 σώματος,
1214 2506 1229 2541 ἢ
1248 2505 1279 2531 δι’
1295 2505 1336 2530 Ere
1344 2514 1397 2539 ρον.
1410 2505 1446 2535 ὡς
1458 2505 1506 2537 τῆς
1528 2505 1588 2530 κατ’
1604 2502 1677 2529 οἷκον
1695 2503 1846 2538 ὑπηρεσίας

1060 2554 1084 2579 ol
1098 2553 1274 2586 θεράποντες,
1291 2551 1333 2576 διὰ
1350 2551 1394 2576 τὸν
1410 2550 1476 2576 ῐδιον
1489 2550 1632 2583 δεσπότην.
1651 2550 1705 2575 Καὶ
1720 2548 1786 2578 Θεὸς
1800 2546 1846 2574 οἷν

1060 2597 1129 2624 κατὰ
1153 2597 1187 2623 τὰ
1212 2596 1241 2629 ἐξ
1260 2595 1336 2629 ὑμῶν
1353 2596 1487 2629 λεγόμενα
1504 2594 1625 2629 προνοῶν
1640 2593 1786 2627 πάντων,ἧ
1801 2594 1844 2618 διὰ

1058 2644 1107 2675 τὴν
1132 2641 1229 2668 ἑαυτοῦ
1257 2642 1350 2676 χρείαν
1365 2641 1445 2667 τοῦτο
1460 2642 1541 2671 ποιεῖ,
1558 2641 1605 2666 καὶ
1621 2640 1696 2666 ἔσται
1711 2639 1765 2664 τῶν
1779 2647 1845 2672 προ-

1059 2686 1211 2720 νοουμένων
1239 2686 1283 2711 ὐπ“
1306 2685 1388 2711 αὑτοῦ
1415 2685 1573 2719 ἐπιδεήςοῆ
1600 2683 1637 2714 ὼς
1656 2683 1773 2717 ὑποδεής
1791 2691 1844 2712 τις,

1058 2733 1106 2766 οὐχ
1134 2731 1192 2762 Eva;
1225 2730 1304 2765 μόνου
1329 2730 1468 2761 δεσπότου,
1482 2730 1549 2756 ἀλλὰ
1572 2731 1624 2756 τῶν
1638 2729 1783 2761 ἁπάντων,
1800 2729 1845 2754 καὶ

1057 2779 1144 2814 ἥττων
1157 2778 1306 2812 φανήσεται
1320 2777 1372 2803 τῶν
1389 2777 1624 2812 προμηθουμένων
1638 2775 1683 2802 ὑπ’
1695 2775 1790 2804 αὐτοῦ.
1800 2775 1846 2801 καὶ

1057 2824 1192 2860 κοράκων,
1211 2824 1256 2850 καὶ
1286 2823 1385 2857 κρίνων
1412 2824 1458 2849 τοῦ
1480 2824 1582 2858 ἀγροῦ,
1602 2824 1648 2849 καὶ
1672 2821 1781 2858 κτηνῶν
1807 2819 1845 2853 οἷς
