1968 3094
255 125 321 159 ’1251

884 137 1038 169 LEONTII
1059 133 1256 169 BYZANTINI

1810 134 1883 170 145ιὲ

257 193 311 212 non
335 190 434 213 manet.
459 186 515 214 Nec
531 188 642 222 quideln
659 195 752 218 manet
766 191 887 226 qualiter
898 197 990 226 partes
1005 193 1038 219 ir-

1097 201 1147 219 νει.
1164 193 1219 218 Kal.
1233 192 1264 218 οὺ
1289 191 1364 227 μένει
1390 192 1448 227 μὲν,
1475 190 1530 219 οἷον
1551 193 1583 219 τὰ
1601 193 1674 228 μέρη
1698 193 1752 220 τῶν
1770 194 1882 228 ἀλόγων

256 232 461 260 rationabilium
474 233 645 267 animalium,
668 241 760 264 manet
772 245 839 265 vero
849 239 968 273 qualiter
983 247 1044 273 par-

256 281 298 304 tes
325 277 480 311 hominum,
507 285 569 314 post
596 282 827 310 resurrectionem
855 291 889 311 ex
915 285 1042 312 mortuis.

254 320 341 349 Omne
352 327 442 350 autent
458 324 532 359 quod
548 325 782 354 indissolubiliter
796 333 899 360 manet,
915 330 958 357 vel
969 330 1042 365 quod

253 367 337 393 etiam
353 375 409 394 non
427 373 532 400 manet,
555 368 583 396 in
600 369 702 398 unione
729 371 763 398 ad
785 371 852 399 illud
871 373 916 400 cui
935 375 1042 402 unitum

253 415 306 442 est,
321 419 372 438 nec
392 419 424 438 ex
451 413 601 448 semetipso
615 419 718 446 manet,
733 415 780 442 sed
791 420 914 451 tempore
933 425 948 445 a
958 418 1042 446 Crea-

251 461 314 483 tore
330 456 458 491 imposito
482 462 587 486 natura:
606 459 776 492 dissolvitur,
795 468 846 488 nec
858 462 970 497 propria
987 463 1044 489 vir-

254 507 313 529 tute
331 507 424 530 manet
439 503 487 530 sed
507 504 609 532 virtute
631 505 754 533 melioris
768 507 909 542 cujusdam
925 515 957 534 ac
974 516 1043 543 prae-

253 549 404 575 stantioris.
416 548 567 581 Quamdam
580 558 645 577 vero
659 552 803 579 meliorem
816 553 872 580 Deo
880 553 969 580 Verbo
982 561 1042 581 esse

252 594 383 622 virtutem
397 603 532 626 asserere,
552 597 723 631 nonjustum
745 602 802 631 est;
821 606 876 626 non
899 606 964 634 ergo
982 599 1043 626 uni-

252 644 296 667 tus
311 645 354 668 est
371 641 444 668 Deus
460 640 578 668 Verbum
595 642 677 670 alicui
695 650 728 670 ex
743 643 832 670 nobis.
850 644 879 671 Si
894 652 961 671 vero
979 644 1041 670 uni-

252 689 297 712 tus
313 689 365 718 est,
382 686 425 714 vel
443 695 498 714 non
516 691 608 714 manet
636 688 865 715 indissolubiliter
887 689 914 716 in
940 690 1042 716 unione

251 731 283 757 ad
299 731 387 765 illum,
411 732 455 759 vel
473 740 599 765 manens,
626 733 729 761 virtute
752 734 894 769 cujusdam
919 734 1042 761 melioris

251 782 354 810 manet,
375 779 448 812 quod
466 779 581 814 impium
598 784 651 806 est.

287 823 466 858 Loquacitate
477 830 568 852 vestra
577 825 782 858 hebetescentc,
796 829 903 860 tempus
911 831 952 853 est
962 826 1042 854 nobis

1095 236 1190 268 ζώων¹
1206 238 1284 271 μένει
1300 237 1339 268 δὲ,
1354 235 1409 263 οἷον
1432 237 1465 264 τὰ
1486 238 1540 264 τῶν
1563 238 1725 273 ἀνθρώπων,
1743 240 1815 274 μετὰ
1831 241 1885 276 τὴν

1094 283 1126 309 ἐκ
1139 283 1244 317 νεκρῶν
1258 283 1417 309 ἀνάστασιν.
1433 283 1490 309 Πᾶν
1502 282 1530 310 δὲ
1546 283 1577 309 τὸ
1593 283 1674 318 μένον
1686 284 1852 317 ἁδιαλύτως,
1865 285 1883 320 ἦ

1094 328 1140 354 καὶ
1155 328 1191 363 μὴ
1208 328 1299 362 μένον,
1314 329 1343 354 ὲν
1358 329 1390 363 τῇ
1406 328 1474 364 πρὸς
1489 329 1533 354 τὸν
1551 325 1574 363 ᾧ
1587 329 1716 364 συνετέθη
1735 331 1881 362 συνθέσει,

1093 373 1155 400 οὗτε
1167 373 1213 408 ἀφ’
1228 373 1326 400 ἑαυτοῦ
1347 374 1440 408 μένει,
1458 374 1526 401 ἀλλὰ
1548 374 1618 401 κατὰ
1632 374 1678 401 τὸν
1690 376 1834 402 ἐντεθέντα
1846 379 1881 411 τῇ

1093 420 1174 455 φύσει
1189 421 1251 455 ὅρον
1271 420 1323 447 ὑπὸ
1337 420 1384 446 τοῦ
1400 420 1573 455 Δημιουργοῦ
1587 420 1727 448 διαλύεται
1738 442 1745 452 .
1764 421 1829 448 οὔτε
1845 424 1880 457 τῇ

1092 465 1181 501 οἰκείᾳ
1198 466 1312 500 δυνάμει
1328 465 1415 500 μένει,
1431 466 1500 492 ἀλλὰ
1519 467 1551 501 τῇ
1569 465 1726 501 κρείττονός
1739 476 1813 499 τινος
1831 470 1881 494 καὶ

1093 511 1323 546 ὑπερϐεϐηκότος·
1336 511 1381 537 τοῦ
1394 512 1421 537 δὲ
1441 511 1508 537 Θεοῦ
1524 511 1610 546 Λόγου
1624 509 1694 539 εἶναι
1707 521 1768 540 τινα
1781 515 1882 547 κρείτ-

1092 565 1155 583 τονα
1171 557 1303 590 δύναμιν,
1332 557 1362 582 οὐ
1381 557 1461 591 Θέμις
1479 557 1565 583 ιιπεῖν
1578 565 1584 572 -
1603 558 1654 584 οὐκ
1669 558 1723 594 ἄρα
1743 558 1879 594 συνετέθη

1091 602 1105 628 ὁ
1120 602 1185 634 Θεὸς
1198 603 1283 636 Λόγος
1296 601 1334 636 τῷ
1345 602 1374 635 ἐξ
1387 602 1465 637 ἡμῶν
1478 602 1625 638 ἀνθρώπῳ.
1638 603 1669 630 El
1683 604 1711 630 δὲ
1728 603 1879 640 συνετέθη,

1095 648 1155 683 ῆοὺ
1177 648 1250 684 μένει
1267 647 1416 680 ἀδιαλύτως
1433 650 1461 674 ὲν
1477 649 1507 683 τῇ
1525 648 1592 683 πρὸς
1608 649 1688 676 αὐτὸν
1704 650 1843 682 συνθέσει,
1860 651 1878 686 ἢ

1092 696 1191 728 μενων,
1204 693 1355 729 κρείττονός
1369 703 1440 724 τινος
1449 693 1562 729 δυνάμει
1579 694 1666 729 μένει,
1681 695 1750 731 ὅπερ
1763 695 1878 727 ἀσεϐές.

1126 822 1227 857 Rupe;
1244 822 1307 857 ἡμῖν
1318 823 1365 857 τῆς
1379 823 1513 858 ὑμετέρας
1527 822 1710 859 θρασυλογιας
1725 831 1878 860 παρακμα-

250 878 314 897 cum
331 870 434 897 Davide
454 870 582 898 dicendi:
607 870 711 898 Inimici
727 871 877 906 defecerunt
892 872 1036 906 frameae”;

1092 867 1200 902 ζούσης,
1218 868 1365 898 Δαυῐτικῶς
1385 869 1612 903 ἐπιφθέγγεσθαι·
1633 870 1688 897 Τοῦ
1702 870 1811 905 ἐχθροῦ
1826 870 1879 903 ἐε-

252 916 320 950 quid
345 916 420 942 enim
444 920 535 951 potest
558 916 637 943 vobis
654 924 687 944 ex
706 912 877 944 absurditate
892 917 1039 944 defensio?

252 962 370 989 Econtra
387 961 461 988 enim
474 969 524 989 nos
535 961 847 997 diceremus:siquidem
859 963 951 990 omnia
963 963 1038 989 unita

251 1008 396 1042 aquodam
425 1007 535 1042 potiore
554 1012 711 1040 servantur,
730 1008 772 1036 vel
791 1013 913 1043 tempore
937 1008 1038 1035 dissol-

251 1058 364 1085 vuntur,
380 1053 414 1079 ab
436 1053 480 1080 his
492 1053 539 1087 qui
563 1053 637 1080 haud
660 1053 744 1090 dubie
759 1054 928 1088 perscrutari
942 1054 1039 1082 volunt

251 1098 369 1125 maxime
389 1098 442 1125 hoc
456 1097 651 1132 inquirendum
665 1102 707 1125 est
722 1098 788 1133 quid
801 1098 892 1126 omnia
911 1099 987 1125 unita
1003 1099 1039 1125 sit

251 1148 435 1170 servaturum.
452 1143 479 1170 Si
493 1147 586 1170 autem
608 1143 701 1178 aliquo
715 1143 797 1171 modo
813 1144 880 1171 illud
896 1143 926 1171 iit
941 1144 1037 1171 imme-

251 1188 324 1215 diate
336 1189 458 1224 quidem,
474 1189 527 1216 alio
537 1189 618 1216 modo
630 1197 695 1218 vero
707 1189 837 1223 mcdiate,
851 1197 900 1225 per
912 1194 1038 1217 naturam

251 1233 367 1266 scilicet,
381 1237 411 1260 ut
424 1233 535 1268 quidam
550 1233 656 1267 dicunt,
678 1234 720 1261 vel
737 1242 785 1268 per
801 1234 881 1261 aliam
894 1234 1036 1266 virtutem,

251 1278 374 1305 omnium
401 1283 491 1305 tamen
510 1286 594 1305 unum
612 1279 737 1306 divinum
758 1279 878 1307 Verbum
903 1284 1036 1312 servator,

252 1324 463 1358 moderatorque
487 1328 540 1356 est,
556 1323 692 1359 siquidem
713 1332 746 1351 ac
761 1329 904 1359 promotor
919 1325 1037 1357 est;-ita

251 1375 281 1397 ut
295 1374 322 1397 et
337 1369 426 1396 media
435 1370 586 1404 junctaque
604 1370 702 1398 mediis
716 1371 759 1397 vel
776 1370 907 1398 distincta
923 1371 1036 1398 ordina-

251 1417 324 1443 tione
341 1416 583 1450 moderationeque
593 1416 680 1451 ipsius
693 1421 839 1443 serventur
848 1422 929 1452 atque
940 1417 1038 1444 unian-

251 1465 305 1487 tur.
313 1459 456 1494 Quomodo
471 1459 555 1495 igitur
578 1460 632 1488 hoc
645 1461 762 1488 stultitia
777 1461 898 1488 alienum
912 1462 1037 1489 modera-

251 1512 339 1533 torem
364 1506 398 1533 de
424 1506 511 1541 ipsius
530 1507 634 1534 unione
654 1509 800 1541 quaerere?
825 1508 866 1535 An
884 1508 966 1535 etiam
984 1509 1036 1536 hoc

251 1552 358 1579 audetis
373 1552 477 1584 dicere,
495 1552 543 1588 qui
560 1560 592 1580 ea
607 1560 667 1587 quae
685 1553 792 1588 longius
812 1561 827 1580 a
842 1559 938 1581 natura
952 1555 1039 1589 ipsius
1052 1542 1073 1570 θ

251 1602 315 1625 sunt
332 1592 440 1625 scrvare
452 1603 552 1634 potest,
569 1606 632 1625 eum
647 1599 719 1633 quod
742 1600 860 1633 proprim
875 1604 978 1627 nalurm
999 1600 1036 1634 ip—

251 1645 310 1671 sius
332 1644 441 1671 unitum
456 1649 499 1672 est
516 1644 661 1672 continere
683 1652 737 1671 non
755 1645 857 1679 posse?
881 1646 950 1677 Quid
973 1654 1039 1680 ergo

251 1689 303 1715 hoc
329 1689 440 1717 stultius
460 1689 552 1717 esset?
581 1689 608 1717 Si
625 1697 690 1717 vero
718 1694 862 1724 propterea
888 1691 960 1725 quod
984 1698 1038 1718 non

250 1735 285 1761 ab
300 1735 475 1770 aliopotiore
487 1739 622 1767 servatur,
640 1735 701 1762 ideo
711 1743 766 1762 non
780 1744 794 1762 a
807 1735 896 1770 seipse
911 1736 1038 1762 unionem

251 1779 338 1814 ipsius
365 1780 421 1807 ullo
444 1779 526 1807 modo
548 1779 776 1807 iudissolubilité-r
787 1782 890 1807 servari
915 1782 1037 1814 creditis,

251 1825 315 1852 ideo
337 1825 464 1852 similiter
488 1833 538 1852 nec
558 1825 592 1852 ab
611 1825 665 1852 alio
682 1826 786 1860 potiore
812 1826 912 1854 factum
934 1827 1037 1860 fuerit;

251 1877 332 1897 omne
349 1870 423 1897 enim
437 1877 487 1897 ens
505 1870 539 1896 ab
553 1870 644 1904 aliquo
659 1871 765 1905 potiore
782 1871 884 1898 factum
900 1876 955 1904 est;
984 1880 1038 1900 non

250 1924 315 1951 ergo
330 1915 406 1943 illum
420 1923 481 1943 esse
496 1916 698 1943 conﬁteremini
714 1925 721 1949 ;
738 1917 806 1943 nihil
823 1918 895 1944 enim
916 1917 972 1944 Deo
990 1925 1038 1944 ex-

251 1961 470 1994 cellentiusuiec
481 1962 638 1989 necessario
651 1962 735 1989 Deum
748 1962 891 1994 exsistere,
903 1963 1037 1997 siquidem

252 2011 306 2030 non
332 2005 505 2038 praestantius
531 2012 546 2032 a
573 2013 627 2040 quo
653 2006 730 2034 fieret
753 2005 890 2041 habebat;
920 2008 962 2036 vel
980 2009 1037 2036 exi-

252 2050 414 2085 stensjnxta
433 2056 554 2079 vestram
579 2053 740 2086 sapientiam
761 2055 795 2080 ab
820 2055 911 2090 aliquo
932 2056 1038 2090 potiora

251 2097 406 2124 necessario
447 2096 536 2126 factus
579 2099 662 2126 fuisse
703 2099 850 2128 videbitur.
903 2100 1038 2129 Ilorttmce

250 2150 358 2170 omnim
378 2144 543 2179 inipie‘atem
570 2146 659 2172 metiri
677 2147 752 2173 vobis
781 2147 1033 2181 cxpergiseentihm

1089 913 1196 940 éJmor
1217 916 1244 940 al
1261 914 1422 948 ρομςριιῖαι·
1444 915 1471 941 τί
1491 915 1545 950 γὰρ
1568 915 1600 950 δὴ
1625 915 1705 942 τοῦτο
1721 917 1786 952 ὑμῖν
1811 917 1878 952 βού-

1089 959 1163 985 λετσιι
1191 959 1222 984 τὺ
1247 960 1276 992 ἐξ
1306 960 1422 994 ἀπορίας
1442 961 1608 996 πρόϐλημας
1635 961 1795 988 Τοὺναντίον
1820 963 1878 997 γὰρ

1088 1005 1168 1040 ἡμεῖς
1192 1006 1315 1039 εἴποιμεν
1330 1005 1373 1037 ἂν,
1391 1006 1454 1032 ἐπεὶ
1473 1006 1562 1033 πάντα
1579 1006 1614 1033 τὰ
1628 1007 1810 1042 συντιθέμενα
1823 1008 1878 1034 ὑπί

1087 1059 1160 1081 τινος
1176 1050 1298 1085 μείζονος
1310 1051 1481 1086 διατηρεῖται
1494 1051 1510 1086 ἢ
1523 1051 1594 1087 gata
1612 1052 1708 1087 καιρὸν
1722 1052 1877 1080 διαλύεται²

1088 1095 1166 1122 τοῦτο
1183 1095 1248 1121 αὐτὸ
1265 1095 1381 1130 μάλιστα
1400 1096 1530 1131 ζητητέον
1546 1098 1603 1129 τοῖς
1615 1097 1745 1132 ἀσφαλῶς
1759 1099 1878 1133 ἐρευνᾷν

1089 1141 1260 1176 βουλομένοις
1270 1142 1299 1168 τί
1310 1142 1340 1168 τὸ
1356 1142 1464 1169 πάντων
1474 1143 1666 1178 διατηρητικὸν
1679 1143 1734 1170 τῶν
1752 1144 1879 1171 cnvenit:-

1089 1187 1177 1221 μένων
1188 1187 1271 1214 ἐστιν.
1287 1187 1316 1213 ΕΞ
1333 1187 1361 1214 δὲ
1373 1189 1410 1223 πῆ
1422 1187 1471 1222 μὲν
1480 1187 1600 1223 ἀμέσως,
1616 1188 1653 1223 πῆ
1669 1188 1697 1214 δὲ
1710 1188 1755 1215 διὰ
1771 1188 1878 1224 μέσων.

1088 1232 1125 1264 ὥς
1148 1233 1305 1267 τινέςφασι,
1320 1233 1427 1268 φύσεως
1451 1234 1531 1268 τυχὸν
1555 1234 1572 1269 ἢ
1601 1234 1698 1270 ἑτέρας
1719 1235 1877 1270 δυνάμεως,

1088 1278 1197 1305 πάντων
1213 1279 1287 1313 ὅμως
1311 1279 1325 1305 ό
1348 1278 1418 1310 Θεῖος
1435 1279 1514 1314 μόνος
1536 1280 1623 1314 Λόγος
1635 1280 1833 1316 διατηρητικός
1848 1289 1878 1307 τε

1088 1323 1134 1350 καὶ
1149 1323 1310 1359 διοριστικός
1330 1323 1414 1358 ἐστιν,
1432 1325 1493 1350 ἐπεὶ
1510 1325 1557 1351 καὶ
1569 1326 1751 1360 προακτικός·
1767 1325 1808 1357 ὡς
1828 1327 1877 1352 καὶ

1088 1368 1122 1395 τὰ
1135 1369 1206 1404 μέσα
1219 1369 1264 1395 καὶ
1277 1371 1311 1395 τὰ
1322 1369 1366 1395 διὰ
1387 1369 1441 1395 τῶν
1457 1369 1547 1404 μέσων
1559 1369 1765 1405 συσφιγγόμενα
1782 1369 1800 1405 ἢ
1815 1371 1877 1396 δια-

1088 1414 1235 1449 κρινόμενα
1251 1416 1284 1450 τῇ
1297 1414 1379 1441 αὑτοῦ
1395 1415 1510 1450 διαταγῇ
1522 1424 1552 1441 τε
1567 1416 1615 1442 καὶ
1630 1417 1741 1452 συνοχῇ,
1756 1417 1806 1443 καὶ
1817 1417 1875 1444 διας

1087 1461 1231 1496 τηρεῖσθαι
1247 1470 1277 1487 τε
1296 1461 1344 1487 καὶ
1366 1460 1547 1488 συντίθεσθαι.
1565 1460 1628 1493 Πῶς
1641 1462 1692 1488 οὐκ
1704 1461 1811 1497 mem
1826 1463 1876 1488 αὖ·

1087 1506 1134 1533 τοῦ
1149 1506 1293 1540 παρόντος,
1309 1506 1402 1541 ἓτερον
1422 1505 1513 1540 ζητεῖν
1535 1506 1650 1541 συνοχέα
1667 1506 1714 1533 ἐπὶ
1726 1507 1777 1541 τῆς
1790 1507 1876 1534 αὐτοῦ

1090 1553 1259 1584 συνθέσεως;
1279 1553 1353 1587 Μήτι
1379 1552 1408 1578 δὲ
1427 1549 1482 1586 ἆρα
1505 1551 1584 1577 τοῦτό
1605 1560 1686 1586 φατε,
1709 1552 1751 1579 ὅτι
1768 1552 1804 1579 τὰ
1826 1553 1876 1587 μὲν

1090 1598 1256 1633 πορρωτέρω
1268 1606 1320 1623 που
1341 1597 1390 1632 τῆς
1405 1597 1488 1623 αὐτοῦ
1502 1596 1606 1631 φύσεως
1621 1597 1760 1633 διατηρεῖν
1773 1595 1831 1630 οἷός
1846 1607 1875 1624 τε

1090 1642 1122 1668 ἂν
1137 1642 1197 1676 εἴη,
1216 1641 1244 1667 τὺ
1266 1642 1293 1668 δὲ
1316 1642 1348 1676 τῇ
1365 1641 1445 1674 φύσει
1470 1641 1542 1672 ἰδίως
1566 1643 1599 1677 τῇ
1623 1641 1705 1668 αὑτοῦ
1729 1642 1876 1677 ἑνούμενον

1089 1687 1212 1722 συνέχειν
1231 1686 1261 1712 οὐ
1277 1686 1403 1718 δύναταις
1420 1686 1474 1713 Καὶ
1488 1686 1513 1712 τί
1526 1686 1620 1713 τούτου
1641 1686 1674 1714 ἂν
1695 1688 1736 1722 εἴη
1754 1687 1875 1723 ληρωδέυ

1089 1740 1202 1767 στερον;
1217 1732 1248 1758 Et
1263 1733 1290 1758 δὲ
1304 1732 1372 1759 διότι
1387 1732 1426 1767 μὴ
1440 1732 1485 1759 ὑπ’
1497 1732 1578 1759 ἄλλου
1597 1733 1766 1769 διατηρεῖται
1785 1734 1876 1769 κρειτ-

1088 1786 1174 1808 τονος,
1188 1777 1232 1804 διὰ
1245 1777 1324 1804 τοῦτο
1357 1777 1424 1813 μηδὲ
1449 1778 1493 1811 ὑφ’
1517 1778 1627 1811 ἑαυτοῦ,
1649 1778 1718 1814 μηδὲ
1735 1779 1804 1810 ὅλως
1818 1779 1875 1806 δια-

1087 1822 1229 1857 τηρεῖσθαι
1252 1822 1301 1857 τὴν
1325 1822 1408 1849 αὐτοῦ
1426 1823 1551 1850 σύνθεσιν
1569 1823 1719 1855 ἀδιαλύτως
1737 1824 1874 1858 νομίζετε,

1087 1867 1187 1902 ὁμοίως
1203 1866 1235 1894 ἂν
1251 1867 1319 1893 διότι
1335 1867 1405 1902 μηδὲ
1429 1867 1475 1894 ὕπ’
1488 1868 1568 1896 ἄλλου
1584 1869 1682 1902 γέγονε
1698 1869 1857 1904 κρείττονος
1867 1878 1873 1884 ·

1088 1915 1142 1940 πᾶν
1162 1915 1216 1948 γὰρ
1230 1913 1260 1940 ὃν
1274 1914 1326 1940 ὑπό
1344 1922 1416 1946 τινος
1438 1915 1594 1950 κρείττονος
1615 1915 1778 1950 γεγένηται.
1808 1916 1874 1951 μηδὲ

1087 1957 1156 1986 εἶναι
1170 1959 1251 1986 αὑτὸν
1262 1959 1453 1995 ὁμολογήσαιτε
1468 1961 1521 1995 av;
1536 1961 1604 1988 Θεοῦ
1621 1962 1676 1996 γὰρ
1688 1961 1765 1988 οὐδὲν
1780 1963 1874 1997 κρεῖσ-

1088 2013 1143 2032 σον·
1160 2005 1207 2031 καὶ
1219 2005 1325 2040 ἀνάγκη
1345 2005 1412 2040 μηδὲ
1431 2005 1502 2033 εἶναι
1531 2006 1608 2039 Θεὸν,
1623 2006 1685 2033 ἐπεὶ
1711 2006 1779 2041 μηδὲ
1795 2006 1873 2041 ἔσχεν

1087 2045 1222 2086 ὑφ’θὸτου
1241 2051 1394 2086 κρείττονος
1417 2052 1573 2087 γεγένηται⁸
1599 2051 1615 2086 ἦ
1639 2053 1704 2079 ὄντα
1727 2053 1800 2079 κατὰ
1825 2052 1873 2088 τὴν

1087 2096 1224 2132 ὑμετέραν
1240 2097 1350 2132 δοκήσει
1365 2098 1473 2132 σοφίαν,
1494 2098 1546 2124 ὑπό
1562 2107 1634 2129 τινος
1655 2099 1813 2134 κρείττονος
1825 2107 1872 2132 γε·

1087 2142 1217 2176 γενῆοθαι
1229 2143 1345 2178 ἀνάγκη.
1361 2143 1470 2170 Τούτων
1484 2143 1512 2169 δὲ
1525 2143 1573 2176 τὴν
1585 2143 1716 2170 ὰσέόειαν
1730 2143 1794 2178 ὅση,
1810 2144 1873 2179 ὑμῖν

249 2186 484 2220 .lorclinquemus.
505 2185 558 2212 Sed
576 2186 631 2213 lucc
645 2184 789 2214 sume-iant.
813 2189 840 2214 In
857 2189 1034 2216 conclusione

1090 2187 1287 2222 καταλείψομεν
1302 2188 1471 2222 ἀφυπνοῦσιν
1486 2188 1719 2224 ὲκμετρήσασθαι.
1742 2188 1814 2215 Ἀλλ’
1826 2188 1872 2215 of»

247 2239 324 2263 vero,
347 2231 485 2266 quomodo
510 2231 714 2259 distinctionem
734 2233 815 2260 Verbi
842 2233 876 2260 ab
904 2234 950 2260 illo
961 2234 1035 2269 quod

249 2277 300 2312 ipsi
323 2277 417 2303 unitur
442 2277 645 2307 concesseritis,
676 2278 861 2312 unionemque
880 2286 895 2304 ιι
929 2279 1036 2312 potiore

249 2322 308 2349 neri
324 2322 463 2357 quomodo
486 2322 659 2353 induxeritis,
678 2323 826 2350 nescimus.
855 2324 936 2351 Initio
961 2325 1034 2352 enim

249 2367 495 2403 argumentationis
521 2371 629 2399 vestrze,
653 2375 733 2395 omne
756 2376 810 2395 non
838 2376 962 2401 manens,
991 2369 1035 2396 vel

250 2422 363 2442 lllalanS
380 2414 406 2441 lll
427 2414 538 2445 lllllUltC,
559 2422 610 2440 nec
624 2422 658 2441 ex
669 2415 759 2449 SClpSO
784 2423 906 2447 manere.
932 2423 983 2442 nec
1001 2423 1035 2442 ex

219 2451 222 2454 ’
249 2461 339 2494 seipse
354 2459 477 2491 dissolvi,
490 2467 506 2484 ο
518 2459 652 2486 ratiocinii
668 2460 837 2494 peritissimi,
857 2461 1032 2488 asserebatis.

559 2567 633 2594 CAP.
655 2567 721 2594 XIV.

285 2635 312 2662 Si
330 2636 401 2662 Deus
421 2636 540 2662 Verbum
557 2641 661 2663 natura:
676 2642 776 2664 nostra:
795 2637 920 2664 rationali
941 2638 1035 2665 unitur

249 2684 378 2715 tamquam
404 2686 497 2708 nostro
520 2682 627 2716 corpori
656 2683 751 2709 unitur
767 2683 856 2709 anima
883 2683 1034 2716 rationalis,

249 2726 360 2760 quando
375 2732 479 2754 naturze
497 2732 596 2754 nostra:
616 2728 742 2755 rationali
771 2729 920 2761 videbitur,
937 2737 1034 2764 opera-

292 2818 303 2833 ’
318 2817 387 2844 Pszil.
406 2826 440 2850 ιδ’,
461 2819 484 2844 '7.

1088 2241 1141 2263 τως
1162 2233 1211 2267 μὲν
1225 2233 1298 2259 τάδε.
1328 2233 1372 2260 Ἐν
1397 2233 1424 2259 δὲ
1449 2233 1487 2268 τῷ
1508 2234 1732 2268 συμπεράσματι,
1748 2233 1810 2264 πῶς
1825 2233 1874 2267 τὴν

1087 2277 1223 2311 διάκρισιν
1234 2277 1279 2303 τοῦ
1288 2277 1375 2311 Λόγου
1391 2277 1444 2304 ἀπὸ
1457 2277 1504 2304 τοῦ
1520 2279 1699 2312 συγκειμένου
1714 2278 1790 2313 αὑτῷ
1807 2286 1875 2313 παρέ

1089 2324 1263 2356 εχωρήσατι,
1284 2322 1335 2357 τὴν
1355 2323 1385 2349 δὲ
1405 2323 1521 2358 συνοχὴν
1555 2323 1608 2349 ὑπὸ
1624 2323 1780 2358 κρείττονος
1804 2321 1873 2350 εἶναι

1090 2368 1264 2402 συνεισάγετε
1276 2388 1284 2400 ,
1308 2369 1359 2395 οὐκ
1378 2368 1468 2403 ἴσμεν.
1491 2369 1535 2394 Ἐν
1553 2369 1622 2403 ἀρχῇ
1641 2369 1695 2404 γὰρ
1719 2369 1771 2403 τῆς
1786 2377 1873 2394 κατα-

1089 2414 1189 2448 σκευῆς
1204 2414 1290 2448 ὑμῶν,
1308 2415 1361 2441 πᾶν
1376 2415 1406 2440 τὸ
1419 2415 1457 2450 μὴ
1476 2414 1567 2450 μένον,
1580 2415 1596 2449 ἢ
1616 2415 1694 2449 μένον
1712 2415 1742 2440 ἐν
1755 2415 1789 2449 τῇ
1810 2422 1874 2439 aw-

1088 2459 1172 2491 θέσει,
1184 2458 1246 2486 οὔτε
1262 2460 1310 2494 ἀφ’
1327 2460 1424 2486 ἑαυτοῦ
1445 2460 1547 2495 μένειν,
1562 2460 1625 2486 οὕτε
1643 2460 1689 2494 ἀφ’
1703 2459 1801 2485 ἑαυτοῦ
1816 2459 1874 2486 δια.

1087 2504 1197 2532 λόεσθαι
1214 2505 1322 2538 ἐλέγετε
1337 2505 1620 2540 συλλογιστικώτατοι.

1376 2571 1502 2599 ΚΕΦΛΛ.
1529 2571 1579 2597 1Δ’.

1125 2640 1156 2665 Εἰ
1174 2638 1313 2673 σύγκειται
1334 2639 1348 2665 ὁ
1368 2639 1433 2671 Θεὸς
1451 2639 1536 2673 Λόγος
1613 2638 1642 2670 ἐξ
1662 2638 1742 2674 ἡμῶν
1759 2638 1871 2672 ὲμψὺχῳ

1091 2685 1184 2719 σαρκὶ,
1199 2684 1237 2716 ὡς
1255 2684 1399 2718 σύγκειται
1422 2684 1439 2719 ἡ
1459 2683 1555 2719 λογικὴ
1581 2683 1654 2718 ψυχὴ
1676 2682 1715 2716 τῷ
1746 2682 1871 2717 ἡμετέρῳ

1091 2730 1207 2765 σώματι,
1221 2732 1270 2766 τῆς
1285 2730 1314 2763 ὲξ
1333 2730 1412 2766 ἡμῶν
1430 2729 1554 2765 ἐμψύχου
1575 2728 1676 2764 σαρκὸς
1693 2727 1871 2755 καθευδυκοὺ-
