1968 3094
266 134 343 169 ⁷1455

912 137 1070 176 LEONTII
1088 142 1293 176 BYZANTINI

1841 148 1904 184 3456

271 197 349 227 dunt,
364 194 472 222 scilicet
488 195 607 222 multum
631 195 848 230 imaginationis,
869 196 917 224 sed
940 201 969 224 et
993 205 1047 233 saep

1116 199 1258 232 πολλάκις,
1286 200 1326 227 ἔτι
1351 200 1379 227 δὲ
1401 202 1448 228 καὶ
1468 202 1519 238 τῆς
1543 205 1640 239 νοερᾶς
1654 205 1704 241 τῆς
1717 205 1808 243 ψυχῆς
1823 207 1902 237 δυνά-

271 242 412 270 memoria:
427 262 434 274 ,
462 241 554 268 adhuc
588 245 680 269 autem
704 246 733 269 et
752 241 946 270 intellectualis
963 243 1061 272 anime

264 288 382 315 -virtutis
414 295 510 322 magna
540 286 666 322 operatio
696 286 723 313 in
754 286 859 313 somnis
886 287 1059 322 producitur.

270 335 368 362 'l'estcs
383 339 448 362 sunt
465 333 610 360 innumera
618 332 725 360 somnia
735 333 849 368 quidem
861 342 922 369 quae
935 336 1059 370 quotidie

271 381 405 412 ridemus,
430 386 548 414 quorum
566 385 651 405 causa
672 378 716 406 vel
747 378 845 406 modus
867 379 998 412 vivendi,
1015 381 1059 408 vel

270 427 423 458 meditatio,
440 426 482 453 vel
499 425 667 457 sollicitudo,
677 425 720 452 vel
734 425 835 460 aliquis
847 432 934 459 error,
951 427 993 454 vel
1006 427 1058 454 alia

268 479 320 501 est.
338 473 367 501 Si
386 481 447 500 rara
462 480 528 499 vero
539 477 603 499 sunt
617 479 759 506 paucaque
771 479 892 502 numero
903 493 910 502 ,
936 477 1057 500 attamen

268 525 341 548 noue
352 518 539 554 apparitiones
551 518 665 549 sanctis,
680 517 836 545 futurorum
852 518 1056 552 praedictiones,

267 566 427 594 sanationes
435 565 583 598 multabque
595 564 716 590 rationes
724 564 907 592 Providentia
918 564 1058 592 dormien-

263 613 343 640 tibus
355 611 433 638 ﬁunt.
447 611 503 638 Cur
514 618 580 645 ergo
588 609 628 636 sic
639 617 690 636 nec
701 618 734 636 ex
742 610 952 645 investigatione
964 617 1058 638 actuo-

266 666 335 691 sam,
356 658 465 692 hocque
480 665 514 684 ex
530 656 698 684 necessitate
712 676 719 689 ,
751 656 778 683 in
807 657 911 684 somnis
937 657 1055 684 animam

265 703 484 732 demonstratis?
527 701 603 736 Quod
644 702 717 729 enim
730 710 785 729 non
800 711 896 731 omnes
915 711 978 730 suas
991 711 1057 738 ope-

263 751 386 779 rationes
397 751 424 778 in
442 750 547 778 somnis
563 758 615 777 nec
630 757 740 784 semper
756 750 870 782 revelat,
883 757 979 777 vermn
1001 755 1053 783 est,

262 798 371 826 scilicet
382 798 557 833 vegetativam
569 800 597 824 et
614 797 726 823 locatam
743 795 892 824 motionem
902 817 909 828 ,
924 797 1055 824 sensibili-

263 849 346 871 tatem
358 848 385 871 et
401 843 631 878 imaginationem,
656 842 813 868 memoriam
827 846 854 868 et
873 841 1053 877 spirituulita-

1117 253 1200 279 μεως,
1217 246 1303 280 πολλὴ
1319 247 1446 283 ἐνέργεια
1459 249 1530 276 κατὰ
1544 250 1607 282 τοὺς
1624 250 1727 285 ὕπνους
1739 255 1901 290 προάγεται.

1115 291 1170 339 ίὶαί
1189 293 1328 328 μάρτυρες
1356 295 1508 331 διμέτρητοι
1535 297 1584 332 μὲν
1611 299 1715 326 αἰτῶν
1739 301 1904 339 καθημέρας

1113 337 1227 373 ὀνείρων
1242 340 1352 374 ἐποψίαι
1363 361 1370 372 ,
1387 341 1442 368 εἴτε
1459 342 1577 376 δίαιταν,
1605 344 1662 372 εἴτε
1688 347 1831 381 φροντίδα,
1848 337 1902 375 εἴτε

1114 384 1241 420 μελέτην,
1259 386 1314 412 εἴτε
1336 387 1441 423 πλάνην
1457 389 1528 422 τινὰ,
1546 390 1562 425 ἢ
1582 390 1680 426 ἑτέραν
1698 392 1785 428 ἔχοιεν
1799 395 1901 422 αἰτίαν.

1162 429 1189 456 δὲ
1210 431 1256 458 καὶ
1275 432 1383 459 σπάνιοι
1401 434 1449 461 καὶ
1464 435 1654 472 εὐαρίθμητοι,
1672 438 1742 474 πλὴν
1760 439 1902 476 ὡμολογη-

1113 475 1193 510 μέναι
1217 478 1275 509 τοῖς
1301 478 1388 512 ἀξίοις
1416 481 1464 507 καὶ
1491 482 1658 517 θεοφάνειαι,
1679 485 1728 511 καὶ
1748 475 1902 521 μελλόντων

1111 522 1251 550 ὲκϐάσεων
1267 526 1445 560 προρρήσεις,
1460 527 1508 554 καὶ
1519 527 1700 563 ίατρεῖαι,κσ.ὶ
1715 531 1838 558 ποικίλαι
1852 532 1901 566 τῆς

1111 567 1244 602 Προνοίας
1263 569 1424 605 κηδεμονίαι
1443 571 1565 605 γίνονται
1586 574 1643 605 τοῖς
1662 575 1788 604 ὑπνοῠσι.
1804 576 1838 603 Τί
1854 577 1901 604 οὖν

1110 612 1182 640 οὕτω
1196 613 1229 648 δὴ
1243 614 1433 648 ἀϐασανίστως
1449 617 1548 653 ἀργὴν,
1563 619 1611 645 καὶ
1629 619 1709 646 τοῦτο
1721 621 1751 654 ἐξ
1765 621 1900 657 ἀνάγκης,

1110 659 1139 685 ὲν
1155 660 1211 691 τοῖς
1223 659 1319 693 ὕπνοις
1333 661 1382 697 τὴν
1393 663 1482 698 ψυχὴν
1494 664 1672 700 ἀπεφήνᾱσθε
1683 674 1691 696 ;
1705 666 1767 694 Ὀτι
1784 667 1836 703 μὲν
1846 669 1900 704 γὰρ

1109 703 1140 730 οὗ
1163 705 1254 737 πάσας
1277 706 1361 741 αὐτῆς
1377 707 1429 740 τὰς
1444 709 1585 745 ἐνεργείας
1601 710 1703 743 ὲνντοτς
1725 711 1823 743 ὕπνοις
1839 703 1900 741 sm:-

1109 749 1247 797 δείκνυται
1263 753 1309 779 καὶ
1328 752 1453 794 παντοτε,
1473 754 1576 790 ἀληθές
1591 757 1651 784 ἐστι
1663 766 1670 772 ·
1687 759 1822 794 φυτικὴν
1833 761 1898 797 φέρε

1109 796 1156 823 καὶ
1167 797 1298 832 τοπικὴν
1314 799 1422 836 κίνησιν
1435 820 1442 834 ,
1460 802 1643 836 αἰσθητικήν
1661 813 1691 831 τε
1714 806 1761 832 καὶ
1786 796 1900 840 φηγ-ται

1109 843 1231 877 στικὴν,
1246 845 1440 880 μνημονικήν
1461 855 1490 873 τε
1506 847 1553 873 καὶ
1573 843 1731 883 νοηέικὴν,
1744 851 1792 877 καὶ
1811 853 1899 887 ἀμφι).

263 895 326 923 tem,
340 898 372 917 ac
384 894 530 924 utramque
546 887 839 924 concupiscibilitatem.
857 887 909 915 Sed
925 888 983 915 haec
1003 896 1047 916 net

1105 889 1188 934 τέραν
1202 889 1371 924 ὀρεκτικήν.
1393 892 1474 919 Ἀλλὰ
1490 892 1575 920 ταῦτα
1589 895 1650 921 οὐδὲ
1665 896 1694 922 ὲν
1711 886 1898 934 ὲγρηγορήσει

261 936 344 963 simul
365 936 393 962 in
415 935 506 970 vigilia
524 934 593 962 ellici
609 942 661 961 nec
678 942 788 969 semper
808 933 960 962 secundum
981 933 1053 961 idem

261 983 426 1018 probantur.
440 982 501 1009 Non
516 981 590 1009 enim
606 989 716 1016 semper
731 988 783 1008 nec
801 988 898 1008 omnes
915 988 977 1008 suas
989 988 1054 1016 ope-

261 1030 384 1057 rationes
408 1028 532 1064 proferre
559 1032 670 1063 potest,
699 1035 761 1055 cum
784 1027 897 1054 omnino
920 1027 1053 1062 simplicis

261 1080 366 1103 naturae
378 1082 433 1102 non
446 1074 493 1106 sit,
506 1074 543 1101 ita
557 1077 588 1101 ut
597 1081 632 1100 ex
643 1081 696 1100 una
707 1075 766 1107 ipsa
776 1080 884 1107 unaque
892 1073 1052 1107 operatione

260 1122 352 1148 omnia
364 1120 569 1156 producantur;
583 1120 632 1146 sed
645 1119 760 1151 alicubi,
769 1119 918 1153 aliquando
931 1119 1051 1153 aliquas-

259 1176 312 1205 que
322 1166 499 1202 operationes
509 1165 575 1200 agit.
587 1164 636 1192 Dei
656 1164 743 1192 solius
755 1168 797 1191 est
807 1164 889 1194 simul
905 1168 932 1192 et
942 1172 1050 1191 omnem

259 1214 364 1248 absque
388 1218 513 1248 tempore
533 1210 674 1247 propriam
693 1210 880 1245 operationem
896 1218 928 1237 ac
949 1211 1051 1245 ubique

259 1253 417 1288 ostendere.

293 1305 438 1340 Quomodo
451 1305 534 1340 igitur
548 1304 689 1339 exemplar
706 1307 780 1331 recte
796 1303 969 1338 sumpsistis?
988 1303 1048 1332 llis-

257 1361 311 1388 que
327 1354 373 1388 qui
387 1352 483 1379 dicunt
502 1352 600 1378 anima:
617 1351 746 1377 unionem
764 1350 797 1376 ad
810 1358 911 1385 corpus
923 1350 1048 1377 eamdem

257 1407 318 1426 csse
345 1406 377 1425 ac
407 1397 537 1424 unionem
555 1396 636 1424 Verbi
660 1396 693 1423 ad
709 1396 870 1429 hominem,
896 1396 1047 1423 secundum

258 1445 323 1480 quid
340 1444 424 1478 igitur
444 1450 556 1478 quoque
585 1442 764 1476 supervenire
780 1442 898 1468 similem
926 1448 1047 1469 sanctam

259 1491 387 1518 unionem
396 1491 473 1525 juxta
484 1496 610 1516 somnum
624 1488 679 1515 Deo
691 1488 781 1516 Verbo
794 1487 917 1515 additis?
931 1487 1047 1521 Quando

257 1537 370 1572 quidem
383 1536 536 1563 assumitur
549 1534 731 1569 comparatio,
752 1542 801 1570 per
814 1534 888 1561 aliud
903 1534 1046 1568 inquiren-

258 1582 333 1609 tibus
345 1580 494 1608 elucidatio
507 1580 580 1607 haud
597 1580 744 1615 praebetur,
760 1581 804 1607 vel
822 1589 872 1615 per
888 1581 973 1608 solam
990 1581 1045 1608 ele-

257 1629 376 1656 ctionem
391 1627 507 1662 aliorum
521 1626 692 1662 cognitorum
704 1626 823 1658 unionis,
848 1627 918 1654 meri
932 1627 1046 1654 forsitan

256 1675 380 1706 habitus,
398 1674 442 1701 vel
458 1672 605 1708 positionis
621 1672 726 1704 loculis,
742 1672 784 1698 vel
799 1676 900 1699 mutuae
923 1672 1044 1704 unionis,

257 1721 298 1748 vel
318 1721 409 1748 mixtae
428 1718 671 1756 (signiﬁcationem
687 1717 760 1758 enim
778 1721 883 1744 tantum
905 1718 944 1745 rei
963 1724 1045 1745 natu-

256 1767 353 1795 raliter
367 1774 422 1794 non
448 1765 534 1793 unita;
556 1772 617 1800 qua:
644 1764 727 1791 mixta
744 1764 814 1791 facta
829 1768 871 1791 est
895 1764 1045 1792 immobilis

254 1814 429 1841 diversarum
453 1812 670 1839 substantiarum
691 1810 757 1837 unio
776 1818 808 1837 cx
826 1810 879 1837 hoc
895 1811 1045 1838 constitue-

259 1857 353 1892 runt);
382 1864 433 1883 ron
460 1855 541 1889 igitur
560 1863 609 1890 per
634 1856 696 1888 hoc,
724 1855 815 1882 omnia
838 1863 897 1890 quae
920 1855 1046 1883 dicuntur

260 1903 293 1930 de
311 1903 394 1930 unitis
408 1903 432 1929 in
448 1902 493 1929 tali
515 1902 625 1934 unione,
644 1903 678 1929 de
690 1901 778 1929 Verbo
792 1902 875 1929 etiam
890 1901 979 1929 dicere
995 1908 1045 1928 nos

262 1949 374 1983 (lugetis.
389 1948 512 1983 Namque
532 1949 571 1975 sic
588 1955 669 1975 carne
692 1947 810 1982 patirme
826 1947 957 1975 doluisset
972 1945 1039 1973 Ver-

261 1995 449 2027 b.nu,crescen
456 2000 490 2027 te,
499 1994 629 2021 crevisset
638 1992 1043 2028 aliquomodo,operationibus-

253 2051 307 2078 que
323 2043 398 2070 illius
415 2042 511 2069 fuisset
535 2046 676 2074 extensus,
699 2042 842 2069 debilitata
858 2046 961 2074 autem,
989 2042 1042 2069 im-

255 2088 377 2114 minutus
391 2087 488 2115 fuisset
512 2091 594 2121 atque
618 2086 767 2120 impeditus
780 2107 787 2117 ,
814 2091 843 2113 ut
859 2087 884 2114 in
902 2088 994 2114 anima
1010 2095 1042 2115 ac

254 2140 369 2167 corpore
391 2132 536 2167 contingit.
555 2131 691 2158 Diceretis
703 2140 813 2166 quoque
830 2133 865 2160 ab
884 2133 970 2160 altero
985 2141 1040 2160 non

253 2188 266 2205 ιι
280 2178 430 2213 semetipso
441 2178 548 2205 unitum
559 2177 655 2209 fuisse,
667 2177 838 2212 invitumque
850 2179 1039 2213 participasse,

1104 932 1161 968 ἅμα
1173 935 1306 970 ἐνεργεῖν,
1329 937 1377 963 καὶ
1394 938 1482 973 πάντη
1500 939 1570 966 κατὰ
1582 939 1613 966 τὸ
1632 941 1698 967 αὐτὸ
1717 932 1897 978 προσμαρτυ-

1105 981 1203 1015 ρεῐται.
1220 982 1287 1008 Οὐδὲ
1306 983 1361 1018 γὰρ
1379 984 1485 1019 πέφυκε
1509 985 1627 1013 πάντοτε
1653 988 1700 1014 καὶ
1728 989 1822 1022 πάσας
1849 991 1898 1022 τὰς

1102 1026 1204 1062 ἑαυτῆς
1219 1029 1400 1064 προΐσχεσθαι
1417 1031 1576 1067 ὲνεργείας⁶
1593 1033 1709 1070 ἐπείπερ
1726 1035 1788 1061 οὐδὲ
1807 1035 1895 1071 ἁπλῆς

1105 1072 1163 1099 ἐστι
1179 1074 1268 1109 πάντη
1287 1075 1407 1109 φύσεως·
1425 1076 1469 1102 ἵνα
1492 1077 1541 1103 καὶ
1563 1079 1628 1112 μιᾶς
1643 1080 1685 1114 εἴη
1706 1080 1742 1106 τὰ
1763 1080 1794 1112 ἑξ
1810 1082 1896 1116 αὐτῆς

1103 1118 1202 1150 πάντα,
1226 1120 1273 1145 καὶ
1293 1120 1360 1154 ὑφὲν
1383 1121 1535 1157 ἐνεργείας·
1552 1122 1621 1150 ἀλλά
1641 1133 1678 1159 πη
1695 1124 1741 1151 καί
1757 1134 1825 1152 ποτε
1849 1128 1895 1153 καί

1100 1171 1176 1195 τινας
1191 1166 1305 1200 ἐνεργεῖ.
1321 1166 1388 1193 Θεοῦ
1400 1167 1427 1193 δὲ
1444 1168 1527 1202 μόνου
1541 1169 1614 1197 ἐστὶν
1626 1169 1685 1204 ἅμα
1695 1180 1724 1197 τε
1739 1174 1788 1198 καὶ
1803 1173 1896 1199 πᾶσαν

1100 1210 1147 1236 καὶ
1172 1210 1296 1245 ἁχρόνως
1316 1212 1414 1240 ἑαυτοῦ
1438 1215 1580 1249 ἐνέργειαν
1611 1217 1658 1243 καὶ
1683 1217 1802 1245 πάντοτε
1827 1228 1895 1255 προ³

1101 1256 1242 1291 ισχεσθαι.

1136 1303 1198 1335 Πῶς
1212 1302 1260 1331 οὖν
1274 1305 1394 1340 εὐλόγως
1406 1307 1454 1334 τοῦ
1470 1309 1693 1345 παραδείγματος
1704 1309 1874 1340 ὲπελάϐεσθε
1887 1322 1893 1345 ι

1099 1349 1147 1376 καὶ
1162 1352 1217 1382 τοῖς
1230 1351 1354 1386 λέγουσιν
1370 1353 1465 1388 ὁμοίαν
1482 1354 1571 1390 ψυχῆς
1583 1356 1652 1391 πρὸς
1668 1357 1749 1392 σῶμα
1761 1359 1892 1392 γενέσθαι

1097 1395 1147 1430 τὴν
1160 1395 1286 1423 σύνθεσιν
1303 1397 1349 1424 τοῦ
1364 1395 1451 1434 Λόγου
1466 1400 1533 1436 πρὸς
1549 1402 1593 1429 τὸν
1605 1402 1762 1438 ἄνθρωπον,
1779 1405 1856 1432 κατὰ
1868 1413 1893 1432 τι

1097 1441 1195 1475 ὁμοίαν
1207 1443 1308 1470 οὐκοῦν
1324 1445 1486 1480 συμϐαίνειν
1503 1448 1550 1474 καὶ
1564 1447 1613 1484 τὴν
1633 1449 1714 1483 ἁγίαν
1731 1451 1794 1477 καθ’
1807 1451 1892 1478 ὕπνον

1097 1486 1136 1521 τῲ
1150 1487 1209 1522 Θεῴ
1229 1489 1307 1524 Λόγῳ
1326 1491 1459 1525 stivave;
1474 1493 1561 1520 Ὅπου
1572 1502 1604 1528 γε
1622 1497 1670 1521 καὶ
1685 1495 1892 1532 ήπαράδλησις

1097 1532 1145 1566 τῆς
1160 1532 1327 1567 ὁμοιώσεως,
1340 1535 1371 1561 οὐ
1387 1535 1421 1561 δι’
1437 1536 1532 1572 ἕτερόν
1548 1547 1575 1564 τι
1590 1540 1646 1570 τοῖς
1660 1540 1804 1575 εἰρηκόσιν
1820 1542 1892 1574 ἑξεί-

1098 1576 1194 1613 ληπτο,
1212 1579 1228 1615 ἢ
1243 1579 1286 1606 διὰ
1302 1580 1385 1615 μόνην
1399 1583 1538 1618 ἀναίρεσιν
1555 1584 1609 1610 τῶν
1631 1585 1814 1621 ἐγνωσμένων
1831 1588 1889 1614 ἑτέ-

1098 1632 1152 1658 ρων
1167 1625 1328 1658 συνθέσεως,
1346 1628 1466 1662 σχέσεως
1481 1630 1562 1665 τυχὸν
1574 1631 1666 1666 ψιλῆς,
1678 1632 1693 1668 ἣ
1706 1634 1890 1667 παραθέσεως

1096 1671 1223 1705 τοπικῆς,
1236 1671 1252 1707 ἢ
1265 1673 1445 1709 ἁλλοιωτικῆς
1460 1675 1621 1712 ἐνὼσεως,ἦ
1638 1679 1806 1714 συγχυτικῆς
1821 1681 1890 1715 κρά-

1097 1723 1165 1748 σεως
1180 1715 1330 1751 (σημασίαν
1352 1719 1407 1755 γὰρ
1427 1720 1508 1754 μόνον
1527 1723 1646 1758 φυσικῆς
1660 1723 1819 1760 ἁσυγχύτου
1841 1734 1890 1760 γε·

1096 1762 1212 1797 νομὲνης
1230 1764 1408 1799 συγκράσεως
1422 1766 1469 1791 καὶ
1482 1766 1619 1802 ἀτρέπτου
1632 1769 1688 1796 τῶν
1699 1770 1891 1806 διαφερόντων

1095 1807 1194 1834 οὐσιῶν
1206 1808 1328 1841 ὲνὼσεως
1347 1812 1378 1837 ἐκ
1393 1810 1470 1838 τοῦδε
1483 1813 1683 1850 παρέστησαν)·
1695 1817 1726 1843 οὐ
1746 1817 1792 1844 διὰ
1807 1818 1891 1845 τοῦτο

1094 1850 1151 1886 οὖν,
1168 1854 1215 1880 καὶ
1233 1856 1321 1882 πάντα
1335 1857 1368 1882 τὰ
1383 1858 1509 1893 ἡνωμένα
1518 1861 1574 1891 τοῖς
1587 1861 1634 1887 ἐπὶ
1645 1862 1677 1896 τῇ
1689 1863 1780 1898 τοιᾷδε
1791 1864 1890 1891 ὲνώσει

1096 1900 1299 1945 συγκειμένοις,
1313 1902 1359 1928 καὶ
1373 1902 1419 1928 ἐπὶ
1430 1903 1568 1938 τοῦΔύγου
1584 1905 1673 1939 λέγειν
1686 1907 1761 1941 ἡμᾶς
1776 1909 1891 1945 εἰσπρά-

1095 1943 1153 1975 ξετε
1166 1953 1173 1959 ·
1190 1945 1262 1972 οὕτω
1278 1946 1333 1981 γὰρ
1347 1947 1379 1974 ἂν
1394 1947 1441 1974 λαὶ
1456 1950 1616 1986 πασχούσης
1629 1951 1679 1986 τῆς
1695 1953 1823 1988 σαρκὺς“,
1845 1943 1892 1981 τὸν

1093 1989 1182 2024 Λόγον
1198 1991 1359 2025 ὀδυνᾶσθαι,
1385 1993 1433 2020 καὶ
1454 1994 1644 2031 αὐξανομένης
1667 1998 1891 2030 συναυξάνεσθαι

1094 2043 1164 2068 πως,
1183 2037 1231 2063 καὶ
1253 2039 1313 2069 ταῖς
1338 2038 1492 2074 ἐνεργείαις
1512 2041 1581 2076 αὐτῇ
1601 2044 1889 2078 συμπαρατείνεσθαι,

1093 2082 1142 2108 καὶ
1151 2083 1388 2119 παρακμαζοὺσης
1404 2085 1598 2113 συστέλλεσθαι
1612 2087 1660 2114 καὶ
1674 2089 1889 2122 ἐμποδίζεσθαι·

1093 2127 1189 2164 ὥσπερ
1207 2130 1252 2156 ἐπὶ
1270 2129 1361 2165 ψυχῆς
1377 2131 1523 2166 συμϐαίνει
1545 2133 1592 2159 καὶ
1614 2133 1750 2169 σώματος.
1775 2135 1889 2164 Εἴποιτε

1093 2174 1127 2201 ἂν
1143 2175 1191 2201 καὶ
1207 2175 1251 2210 ὑφ’
1265 2176 1360 2212 ἑτέρου
1383 2177 1431 2203 καὶ
1447 2178 1497 2212 οὐχ
1515 2178 1613 2205 ἑαυτοῦ
1637 2179 1815 2215 συντεθῆναι,
1844 2184 1890 2210 καὶ

254 2230 283 2252 ut
297 2225 402 2260 justum
415 2229 467 2257 est,
481 2230 664 2259 quacumque
688 2227 753 2249 Suut
776 2224 867 2250 carnis
885 2231 932 2251 seu
947 2232 1041 2252 neces-

1101 2221 1194 2248 ἱκοντα
1208 2223 1354 2258 μετασχεῖν
1373 2223 1435 2249 καθ’
1447 2223 1509 2250 ὅσον
1530 2223 1609 2259 θέμις
1626 2225 1682 2252 τῶν
1699 2226 1731 2252 ἐκ
1750 2227 1803 2261 τῆς
1823 2237 1891 2264 capp

252 2271 333 2297 sitate
349 2290 356 2301 ,
380 2278 428 2297 seu
460 2269 604 2301 mercede;
630 2269 687 2295 hzec
707 2268 780 2295 enim
796 2269 828 2296 ad
845 2269 964 2297 animam
980 2278 1041 2297 cor-

251 2325 359 2352 pusque
379 2316 527 2352 pertinent.

288 2361 336 2390 llis
347 2361 459 2397 quidem
479 2360 546 2388 illud
561 2369 577 2388 a
591 2361 670 2389 nobis
682 2361 809 2396 superius
822 2360 1040 2388 demonstratum

253 2414 303 2441 est,
320 2413 451 2443 tanquam
465 2415 520 2435 non
533 2408 623 2436 simile
637 2408 789 2436 secundum
805 2407 882 2442 quid,
900 2415 952 2434 nec
963 2407 1041 2441 juxta

251 2454 342 2481 omnia
353 2454 548 2481 necessarium.
561 2452 588 2480 Si
602 2457 692 2481 autem
703 2453 806 2480 hancce
816 2452 947 2480 unionem
957 2452 1039 2479 Verbi

249 2499 341 2526 ontnia
357 2503 568 2534 consequuntur
583 2507 644 2533 qme
656 2499 774 2525 animam
790 2498 899 2532 corpori
921 2497 1041 2529 unitam,

250 2554 283 2573 oc
296 2546 369 2572 uniri
379 2546 492 2581 quidem
501 2545 569 2573 illud
580 2545 673 2573 dicere
684 2544 843 2577 admittitis,
856 2544 903 2571 sed
914 2544 1038 2579 postula-

250 2594 287 2620 tis
301 2599 330 2621 ut
345 2594 387 2620 vel
406 2594 483 2628 juxta
510 2593 603 2620 omnia
627 2591 728 2620 similis
749 2591 857 2618 dicatur
874 2591 949 2618 illius
963 2591 1054 2629 unio.‘~

247 2640 302 2671 vel,
318 2639 442 2674 quaedam
460 2639 513 2665 alia
525 2639 602 2674 juxta
618 2646 700 2674 quam
724 2638 828 2672 pariter
848 2637 1039 2664 demonstrare

246 2685 326 2713 vobis
341 2684 408 2711 unio
423 2683 506 2711 Verbi
531 2684 652 2715 videtur,
667 2683 807 2711 credenda
821 2690 876 2709 non
891 2689 963 2714 esse,
983 2689 1038 2709 non

250 2739 308 2764 qum
319 2739 353 2758 ex
365 2729 547 2758 similitudine
563 2734 784 2765 consequuntur,
799 2728 847 2756 sed
861 2736 924 2763 quae
937 2728 964 2756 io
976 2735 1041 2763 pro-

250 2777 306 2809 pria
320 2783 387 2802 voce
407 2780 577 2810 spectantur.
594 2775 716 2802 Primum
734 2775 846 2810 quidem
866 2774 944 2801 vobis
961 2774 1038 2802 dice-

251 2828 311 2846 mus
325 2831 332 2847 ι
347 2821 416 2848 Date
433 2821 513 2847 nobis
532 2821 652 2856 aliquam
668 2826 794 2848 naturam
810 2821 883 2848 inter
895 2821 978 2851 entia,
993 2822 1037 2847 cui

254 2864 329 2897 juxta
339 2867 429 2893 omnia
450 2867 530 2893 Verbi
550 2867 637 2893 divini
658 2872 757 2894 natura
775 2867 810 2894 sit
835 2867 943 2897 similis.
959 2867 1037 2893 dabi-

1093 2266 1150 2300 κὸς,
1167 2266 1184 2302 ἦ
1209 2267 1253 2294 διὰ
1269 2268 1410 2304 ἀνάγκην,
1427 2268 1443 2304 ἢ
1458 2268 1503 2296 διὰ
1521 2269 1617 2304 μισθόν
1629 2278 1636 2284 ο
1652 2270 1739 2298 ταῦτα
1760 2272 1819 2308 γὰρ
1843 2274 1889 2300 ἐπὶ

1091 2312 1181 2348 ψυχῆς
1196 2314 1243 2340 καὶ
1262 2315 1388 2349 σώματος
1406 2315 1561 2349 συμϐαίνει.

1127 2359 1176 2386 Διὰ
1193 2359 1280 2386 ταῦτα
1307 2360 1372 2393 γοῦν
1400 2360 1459 2387 τόδε
1477 2362 1544 2397 ἡμῖν
1569 2363 1828 2397 προαποδέδεικται,
1851 2364 1888 2396 ὡς

1091 2405 1122 2432 οὐ
1142 2405 1171 2432 τὺ
1196 2406 1267 2432 κατά
1283 2415 1309 2432 τι
1330 2407 1434 2441 ὅμοιον,
1446 2408 1498 2434 καὶ
1514 2407 1585 2435 κατὰ
1600 2409 1654 2434 πᾶν
1673 2406 1742 2436 εἶναι
1765 2410 1796 2436 τὸ
1819 2412 1891 2438 αὐτὸ

1091 2451 1250 2484 ἀναγκαῖον.
1270 2451 1302 2477 Εἰ
1324 2452 1352 2478 δὲ
1374 2455 1464 2480 πάντα
1483 2454 1578 2488 ἕψεται
1594 2455 1628 2489 τῇ
1646 2455 1735 2489 τοιᾷδε
1757 2456 1890 2483 συνθέσει

1091 2496 1139 2523 τοῦ
1151 2497 1239 2530 Λόγου
1252 2497 1303 2524 ὅσα
1316 2499 1362 2524 καὶ
1377 2500 1409 2534 τῇ
1425 2499 1497 2535 ψυχῇ
1516 2500 1695 2536 συντιθεμένῃ
1709 2501 1748 2536 τῷ
1764 2501 1888 2537 σώματι.

1093 2543 1160 2578 μηδὲ
1179 2544 1339 2577 συγκεῖσθαι
1366 2545 1448 2572 αὑτὸν
1478 2545 1570 2580 λέγειν
1595 2547 1779 2581 καταδέχεσθε
1799 2555 1806 2562 ·
1828 2549 1888 2574 ἀλλ’

1091 2590 1231 2616 ἀπαιτεῖτε
1248 2589 1264 2625 ἢ
1289 2591 1361 2617 κατὰ
1387 2591 1475 2626 πάντη
1487 2591 1585 2626 ὁμοίαν
1597 2591 1688 2626 λέγειν
1707 2594 1758 2626 τὴν
1774 2593 1886 2622 ἕνωσιν.

1091 2635 1107 2670 ἢ
1124 2635 1221 2671 ἑτέραν
1239 2635 1302 2662 τινὰ
1326 2636 1387 2663 καθ’
1401 2637 1433 2672 ἢν
1448 2637 1668 2672 ἀπαραλλάκτως
1682 2637 1775 2664 ἔοικεν
1800 2639 1818 2674 ἠ
1839 2639 1887 2666 τοῦ

1090 2682 1178 2716 Λόγου
1194 2681 1319 2713 σύνθεσις
1338 2682 1526 2710 ὑποδεικνύειν
1547 2683 1610 2717 ὑμῖν
1634 2683 1672 2714 ὡς
1688 2684 1741 2710 οὐκ
1762 2684 1887 2719 εὐπαρα-

1090 2729 1192 2755 δέκτων
1203 2729 1243 2760 εἰς
1255 2729 1346 2755 πίστιν
1358 2729 1412 2755 τῶν
1427 2729 1478 2755 οὐκ
1491 2729 1520 2761 ἐξ
1536 2729 1685 2764 ἐπαγωγῆς
1703 2729 1758 2756 τῶν
1772 2731 1887 2765 ὁμοίων»

1091 2774 1194 2808 ἀλλ’,ἐν
1222 2775 1350 2807 ἰδιάζοντι
1376 2775 1450 2811 λόγῳ
1467 2775 1678 2811 θεωρουμένων.
1694 2775 1814 2811 Πρῶτον
1837 2777 1886 2811 μὲν

1091 2821 1172 2846 πάλιν
1197 2820 1315 2855 ἐροῦμεν
1330 2821 1395 2855 ὑμῖν
1408 2830 1415 2836 ’
1431 2821 1497 2848 Δότε
1512 2822 1579 2857 ἡμῖν
1604 2830 1664 2848 τινα
1681 2822 1768 2856 φύσιν
1785 2823 1815 2849 ἐν
1831 2823 1884 2852 τοῖς

1090 2865 1166 2893 ὦσιν
1214 2866 1283 2893 κατὰ
1298 2867 1386 2894 πάντα
1400 2867 1473 2894 ἐστὶν
1487 2868 1503 2895 ἡ
1515 2867 1562 2893 τοῦ
1576 2867 1663 2903 Λόγον
1675 2866 1722 2893 τοῦ
1740 2867 1816 2896 θείου
1836 2867 1885 2902 φῦ-
