1968 3094
278 121 292 133 \

70 167 119 199 lii;

546 172 744 203 ADVERSUS
763 172 1038 203 NESTORIANOS.
1054 184 1089 189 —-
1108 172 1183 201 LIB.
1204 171 1230 200 Ι.

1634 169 1701 203 ΣίΓὲ

64 226 136 258 οπερ
152 223 251 255 ἀσεϐὲς
262 243 270 255 ,
286 225 333 251 καὶ
358 226 503 263 βλάστημα
522 227 630 262 Ἀρείου
658 236 687 254 τε
703 227 751 254 καὶ
772 228 852 254 Ἀπο-

906 235 973 255 vero
989 227 1091 263 agitur,
1111 226 1218 254 recidat
1233 234 1266 254 ex
1289 226 1342 255 hoc
1367 226 1539 262 blasphemia
1564 225 1591 254 in
1616 231 1699 261 caput

66 270 204 304 λιναρίου·
233 272 257 297 εἰ
287 271 314 298 δὲ
342 273 453 307 ἄγεται,
481 273 626 310 τετράφθω
649 274 680 301 τὸ
704 275 737 302 ὲκ
761 274 857 301 τούτου

67 316 229 352 βλάσφημον
255 318 295 349 εἰς
317 319 440 354 κεφαλὴν
455 319 510 346 τῶν
536 320 697 354 συγκεῖσθαι
720 320 857 354 λεγόντων

66 363 112 388 τὸν
136 363 202 389 Θεὸν
229 363 316 397 Λόγον
335 364 374 399 τῷ
393 365 423 397 ὲξ
439 366 518 401 ἡμῶν
535 366 683 401 ἀνθρώπῳ.
705 367 737 393 Εἰ
751 367 779 393 δὲ
795 367 857 393 οὐδὲ

66 407 128 441 ἄγει
141 408 178 440 ὡς
189 409 218 435 ὲν
236 409 372 442 συνθέσει,
390 411 434 438 διὰ
450 412 481 438 τὸ
496 411 533 447 μὴ
552 412 648 447 ἄλογον
661 410 731 439 εἶναι
743 413 789 439 τδν
802 414 858 440 Κυ-

68 455 163 489 ριακὸν
189 455 350 490 ἄνθρωπον·
376 457 442 492 μηδὲ
469 457 551 484 πάλιν
575 458 748 492 ἄγεται,διὰ
777 458 807 485 τὸ
825 459 857 485 ἐκ

65 498 163 525 τούτου
182 499 397 536 ὡμολογημένον
431 501 604 538 βλάσφημον,
629 503 690 529 οὐδὲ
719 503 774 538 ἄρα
795 504 857 532 οὐδὲ

68 543 199 579 συνετέθη
214 544 254 580 τῷ
279 545 309 578 ἐξ
333 546 412 581 ἡμῶν
438 547 591 584 ἀνθρώπῳ·
606 549 661 575 πᾶν
686 548 741 584 γὰρ
768 549 857 576 ὁτιοῦν

67 590 262 625 συντιθέμενον
277 592 373 628 ἑτέρῳ,
388 593 404 628 ἢ
422 592 481 628 ἄγει
500 594 516 629 ἢ
531 594 628 629 ἄγεται
651 594 667 630 ἢ
690 595 752 622 οὐδὲ
778 595 858 623 τοῦτο

65 636 241 669 οὑδὲ-ἐκεῖνο,
258 638 351 671 καθὼς
367 640 494 675 εἴπομεν.

100 682 300 717 Θαυμάσαντες
327 684 402 717 ὅπως
423 684 472 715 τὰς
489 686 599 713 τοιάσδε
621 687 677 714 τῶν
691 687 858 722 ἀναγκαστι-

65 728 123 754 κῶν
136 729 327 764 συλλογισμῶν
351 731 481 765 μεθόδους
498 732 690 767 ὲφευρίσκετε,
707 733 857 769 εὐξαίμεθα

65 773 99 800 ἂν
113 773 164 808 τῆς
182 775 290 802 τοιᾶσδε
312 776 389 811 ὑμῶν
403 777 540 810 συνέσεως
559 778 596 814 μὴ
616 779 712 814 μαθεῖν
733 781 784 815 τὴν
800 779 856 806 δει-

64 819 177 854 νότητα.
202 820 234 847 Τί
254 821 309 857 γὰρ
329 822 394 858 ὑμῖν
418 824 458 854 εἰς
473 823 608 850 πίστωσιν
622 824 670 851 τοῦ
687 825 726 859 μὴ
746 826 856 860 συγκεῖ-

66 865 128 891 σθαι
141 865 187 892 τὸν
204 866 290 900 Λόγον
307 868 340 903 τῇ
357 868 441 903 σαρκὶ
465 869 557 904 έχουσι
580 869 614 896 τὰ
638 871 773 906 εἰρημένα
793 880 856 898 σκο-

65 911 184 946 πητέον·
202 911 262 944 ἐξὸν
290 912 345 949 γὰρ
369 914 444 949 ἡμᾶς
466 915 713 951 ἁντιστρέψαντας,
742 918 855 945 τούναν-

64 957 122 983 τίον
136 958 174 989 si;
185 957 269 990 δεῖξιν
283 959 333 993 τῆς
344 958 508 994 συνθέσεως,
517 962 575 993 τοῖς
591 962 734 998 ὑμετέροις
747 964 855 998 χρήσα-

65 1003 130 1029 σθαι
143 1003 258 1038 ῥήμασι,
274 1003 404 1038 λέγοντας
419 1005 520 1038 οὕτως·
533 1007 591 1034 Πᾶν
605 1008 694 1034 ὁτιοῦν
715 1009 752 1044 μὴ
766 1017 856 1036 συντι-

64 1048 179 1082 θέμενον
187 1049 310 1085 ὲτέρῳ,ῆ
323 1049 385 1084 ἄγει
395 1051 425 1078 τὸ
434 1048 455 1085 ᾧ
466 1052 497 1078 οὐ
512 1053 664 1087 σύγκειται,
675 1054 770 1091 ὥσπερ
782 1057 796 1082 ὁ
805 1055 855 1082 κύ-

67 1094 164 1128 6ερνος
178 1095 228 1129 τὴν
243 1094 320 1127 ναῦν,
340 1095 356 1131 ἢ
373 1096 471 1130 ἄγεται
484 1097 531 1124 ὑπ’
545 1098 640 1131 αὑτοῦ,
653 1098 748 1135 ὥσπερ
760 1101 776 1135 ἡ
790 1101 856 1132 ναῦς

66 1139 120 1168 ὑπὸ
133 1139 178 1166 τοῦ
192 1140 341 1178 κυϐέρνου·
361 1142 378 1178 ἢ
394 1142 457 1169 οὔτε
472 1143 535 1178 ἄγει
553 1144 615 1171 οὔτε
637 1145 745 1179 ἄγεται,
760 1145 855 1182 ὥσπερ

65 1185 97 1210 τὸ
117 1185 183 1212 Σινᾶ
202 1186 265 1221 ὅρος
282 1187 334 1213 ὑπὸ
352 1188 400 1223 τῆς
419 1189 570 1224 θαλάσσης.
587 1190 645 1216 Πᾶν
656 1190 684 1217 δὲ
699 1191 729 1218 ἰδ
744 1191 856 1218 ἀσυνθέ‹

65 1239 120 1262 τως
134 1231 206 1266 ἔχον,
219 1233 266 1258 καὶ
281 1232 297 1268 ἥ
314 1233 452 1269 ἀγόμενον
477 1235 570 1270 μόνον,
585 1235 601 1271 ἢ
619 1236 689 1272 μήτε
704 1237 770 1271 ἄγον
786 1238 855 1272 μήτε

65 1277 213 1311 ἀγόμενον,
229 1278 327 1313 ἄλογόν
341 1280 371 1306 τέ
387 1280 446 1307 ἐστι
462 1281 510 1308 καὶ
523 1281 615 1313 ἄνουν,
632 1282 758 1319 καθάπερ
772 1282 807 1310 τά
817 1284 855 1310 εί-

67 1323 185 1356 ρημένα.
202 1322 234 1349 Εἰ
251 1324 341 1351 τοίνυν
354 1325 385 1351 οὐ
399 1325 529 1361 συνετέθη
545 1326 559 1352 ὁ
575 1326 662 1360 Λόγος
678 1326 716 1361 τῷ
734 1327 764 1360 ἐξ
776 1327 856 1362 ἡμῶν

65 1368 214 1404 ἀνθρώπῳ,
232 1370 279 1396 καὶ
291 1370 372 1402 αὐτὸς
396 1371 413 1406 ἢ
436 1370 497 1406 ἄγει
513 1371 529 1407 ἢ
546 1371 655 1406 ἄγεται,
672 1372 689 1407 ἢ
704 1373 856 1400 οὐδὲτοῦτο

65 1415 127 1441 οὐδὲ
143 1416 233 1442 ἐκεῖνο
245 1425 252 1432 ·
265 1417 313 1443 καὶ
327 1417 352 1443 εί
368 1417 419 1452 μὲν
437 1418 510 1453 ἄγει,
526 1418 604 1445 ἔσται
622 1420 636 1445 ὁ
654 1419 685 1451 ἐξ
706 1420 786 1455 ἡμῶν
806 1420 855 1448 ἄν-

67 1459 176 1495 θρωπος
191 1461 289 1495 ἄλογός
302 1470 331 1488 τε
346 1462 393 1489 καὶ
409 1462 506 1494 ἄνους·
533 1464 557 1489 εἰ
579 1462 608 1489 δὲ
632 1462 739 1497 ἄγεται,
756 1458 870 1499 τετρά-’

65 1505 127 1540 φθω
148 1505 180 1532 τὸ
201 1505 362 1542 βλάσφημον
379 1508 419 1539 εις
440 1507 562 1542 κεφαλὴν
576 1507 623 1534 τοῦ
644 1508 790 1543 δράκοντος
805 1508 853 1535 τοῦ

909 281 1006 300 eorum
1034 273 1082 308 qui
1112 273 1202 307 ipsum
1218 278 1324 301 natura:
1351 278 1454 301 nostra:
1477 272 1586 300 unitum
1615 271 1700 299 fuisse

909 319 1016 346 dicunt.
1030 319 1058 346 Si
1071 324 1164 346 autem
1178 327 1231 348 nec
1245 320 1302 355 agit
1317 323 1398 354 prout
1413 319 1440 347 in
1453 319 1566 350 unione.
1581 326 1614 345 eo
1627 319 1700 352 quod

910 365 1069 394 Doniinicus
1092 365 1176 392 homo
1193 366 1301 393 ratione
1325 365 1417 392 orbari
1448 372 1504 392 non
1522 369 1632 400 potest.
1649 372 1700 390 nec

909 411 1010 439 iterum
1029 412 1120 447 agitur
1140 415 1252 447 propter
1271 411 1472 448 blasphemiam
1490 419 1551 447 quae
1576 410 1699 437 ninnium

909 465 1045 486 consensu
1075 466 1109 485 ex
1132 458 1186 485 hoc
1213 458 1413 493 consequitur,
1435 465 1487 485 nec
1504 465 1572 492 ergo
1597 461 1700 483 nostra:

907 509 1015 532 natura).
1042 505 1137 532 unitus
1151 508 1212 537 est;
1231 512 1313 532 omne
1328 504 1402 531 enim
1419 503 1604 539 quodcunque
1620 503 1698 530 alteri

909 551 1029 584 unitum,
1045 551 1088 578 vel
1110 551 1176 586 agit,
1193 551 1235 579 vel
1261 551 1422 586 agiturn‘el
1445 554 1588 583 neutrum,
1615 553 1699 584 prout

909 595 1040 623 diximus.

944 686 1088 721 Quomodo
1106 686 1265 722 hujusmodi
1283 683 1444 713 methodum
1468 683 1630 713 instantium
1655 690 1698 709 ar—

908 737 1101 769 gumentorum
1120 732 1270 760 inveniatis
1293 731 1436 763 mirantes,
1455 730 1560 758 hancce
1579 728 1699 756 solertire

907 781 1006 805 vestra:
1030 777 1161 805 astutiam
1188 777 1261 804 haud
1289 777 1397 804 discere
1420 781 1593 811 optaremns.
1620 774 1698 808 Quod

908 825 982 852 enim
1000 832 1014 851 a
1040 824 1121 852 vobis
1141 823 1246 851 dictum
1264 827 1307 851 est
1327 823 1361 851 ad
1387 822 1561 858 probandum
1579 819 1698 855 Verbum

907 871 983 899 carni
991 879 1045 898 non
1055 871 1162 898 unitum
1174 871 1270 903 fuisse,
1286 869 1512 905 perpendendum
1524 872 1566 896 est
1575 876 1590 896 Α
1600 868 1680 895 nobis
1690 889 1697 899 .

906 925 1026 952 namque
1050 918 1116 945 licet
1140 917 1221 944 nobis
1245 920 1408 950 retorquere
1425 915 1569 942 adversam
1595 922 1696 949 propo-

907 964 1035 991 sitionem
1049 963 1082 991 ad
1097 964 1268 998 probandam
1286 963 1429 997 unionem,
1446 962 1539 989 verbis
1554 961 1698 989 utentibu".

905 1009 1017 1040 vestris,
1050 1008 1145 1043 sicque
1163 1008 1275 1036 dicere:
1293 1008 1381 1036 Omne
1405 1007 1592 1043 quodcunque
1618 1007 1696 1034 alteri

905 1062 963 1082 non
979 1054 1099 1088 unitum,
1118 1054 1161 1081 vel
1182 1054 1237 1089 agit
1256 1053 1321 1082 illud
1339 1055 1383 1082 cui
1403 1061 1459 1081 non
1476 1054 1586 1084 unitur,
1607 1057 1697 1080 litua-

904 1109 966 1130 vem
982 1101 1160 1137 gubernator,
1177 1101 1219 1128 vel
1234 1101 1326 1136 agitur
1341 1100 1376 1128 ab
1390 1100 1448 1132 illo,
1465 1105 1496 1127 ut
1511 1100 1591 1127 navis
1607 1108 1622 1126 a
1646 1108 1698 1134 gxh

906 1147 1064 1180 bernatore,
1081 1147 1124 1175 vel
1140 1155 1192 1174 nec
1209 1146 1264 1182 agit
1281 1154 1332 1174 nec
1347 1146 1450 1181 agitur,
1466 1150 1498 1172 ut
1513 1145 1588 1172 Sinai
1616 1153 1696 1172 mons

906 1201 922 1221 a
940 1194 1020 1221 mari.
1038 1193 1125 1221 Omne
1142 1198 1234 1220 autem
1256 1201 1311 1220 nou
1329 1192 1448 1224 unitum,
1468 1199 1499 1219 ac
1523 1191 1566 1217 vel
1592 1191 1692 1218 solum-

906 1240 988 1267 modo
1001 1245 1103 1275 actum,
1117 1239 1160 1266 vel
1175 1246 1226 1266 nec
1242 1246 1326 1274 agens
1341 1246 1392 1266 nec
1406 1243 1511 1270 actum,
1528 1237 1635 1264 ratione
1653 1236 1695 1263 in-

907 1284 1073 1318 tellectuque
1090 1286 1176 1316 caret,
1205 1286 1289 1317 prout
1315 1282 1485 1317 supradicta.
1505 1281 1532 1308 Si
1549 1289 1615 1316 ergo
1642 1289 1694 1307 non

907 1329 1014 1356 unitum
1034 1332 1077 1356 est
1092 1327 1215 1355 Verbum
1241 1331 1341 1355 nostrae
1370 1331 1487 1356 naturae.
1509 1326 1624 1361 ipseque
1654 1327 1695 1352 vel

906 1374 973 1410 agit,
996 1374 1038 1401 vel
1063 1374 1164 1409 agitur,
1184 1373 1227 1401 vel
1245 1377 1392 1406 neutrum;
1420 1373 1442 1399 si
1469 1372 1525 1407 agit
1548 1371 1694 1407 equidem,

905 1420 959 1447 erit
972 1419 1054 1447 homo
1069 1419 1176 1448 ratione
1189 1417 1427 1453 intelligentiaque
1442 1418 1574 1448 orbatus;
1593 1418 1614 1444 si
1631 1426 1696 1444 vero

905 1465 1007 1500 agitur,
1032 1464 1137 1492 recidat
1152 1463 1324 1498 blasphemia
1344 1464 1371 1490 in
1390 1468 1476 1498 caput
1489 1463 1627 1498 serpentis
1643 1463 1694 1490 hn-

903 1509 1024 1546 jusmodi
1040 1509 1196 1544 impietates
1209 1509 1288 1537 vobis
1305 1510 1425 1546 primum
1444 1509 1633 1549 prxdieantis.
1651 1509 1695 1536 Sic

65 1551 185 1584 πρώτως
199 1552 234 1578 τὰ
252 1552 366 1580 τοιαῦτα
390 1554 454 1589 ὑμῖν
478 1555 662 1590 ὲνηχήσαντος
680 1555 852 1590 ἀσεὸήματα.

906 1565 972 1592 ergo
988 1557 1134 1585 stultitiam
1160 1557 1296 1584 dictarunt
1314 1560 1471 1584 vestrorum
1498 1555 1693 1591 intelligentes.

65 1598 196 1629 Συνέντες
213 1596 260 1625 οὖν
276 1598 329 1625 τῶν
341 1599 427 1632 οὕτως
437 1601 593 1636 εἰρημένων
610 1601 675 1636 ὑμῖν
685 1601 716 1627 τὺ
727 1601 852 1637 ἀνόητον,

63 1645 88 1670 εἰ
117 1645 316 1673 ὲπαναλάῦοιτε
337 1647 462 1680 ἑαυτοὺς,
492 1648 538 1674 καὶ
564 1647 618 1676 ἀπὸ
645 1648 696 1683 τῆς
725 1647 854 1684 δευτέρας

63 1690 142 1724 ὑμῶν
157 1691 329 1725 προτάσεως,
344 1692 394 1726 τῆς
415 1695 590 1729 κατασκευῆς
609 1693 704 1720 λοιπὸν
719 1694 851 1730 ἄρχοισθε

61 1736 110 1762 τοῦ
137 1737 319 1773 συλλογισμοῦ
348 1738 420 1765 οὕτω
444 1739 572 1774 λέγοντες
599 1740 739 1771 ἵσως’ὃτι
765 1741 802 1767 Τὰ
818 1740 854 1766 ἐν

61 1782 207 1810 συνθέσει
236 1784 377 1818 ἀγόμενα,
408 1786 504 1819 ἄλογα
533 1786 624 1820 Ῐσμεν
650 1786 760 1819 πάντα,
795 1787 852 1821 οὐχ

60 1828 167 1861 ἁπλῶς
182 1828 231 1856 διὰ
252 1830 285 1856 τὸ
297 1830 436 1864 ἄγεσθαι,
450 1832 530 1859 ἀλλὰ
544 1832 593 1859 διὰ
608 1833 642 1859 τὸ
657 1833 692 1859 ἐν
706 1832 852 1860 συνθέσει

61 1877 135 1904 ὄντα
148 1877 285 1911 ἄγεσθαιι
323 1878 441 1913 ἐροῦμεν
459 1879 507 1905 ναὶ
524 1879 591 1914 πρὸς
603 1878 682 1906 τοῦτο
695 1887 701 1893 ’
718 1877 791 1914 Ἆρα
806 1877 852 1906 οὖν

59 1922 148 1950 ταῦτα
162 1922 206 1949 διὰ
220 1923 251 1949 τὸ
271 1923 300 1950 ἐν
317 1922 439 1950 συνθέσει
457 1924 582 1958 ἄγεσθαι,
597 1924 613 1959 ἢ
629 1925 661 1951 τὸ
681 1924 776 1955 ἁπλῶς
786 1925 852 1959 ἄγε-

60 1969 137 2002 σθαι,
150 1969 236 2003 ἄλογα
250 1969 323 2001 ῑστε;
336 1969 352 2004 ἢ
369 1970 414 1996 διὰ
426 1970 457 1996 τὸ
469 1971 502 2005 τῇ
522 1971 603 2005 φύσει
623 1971 713 1998 αὐτῶν
733 1971 778 1998 ἀεὶ
796 1980 852 1998 τοι-

59 2014 131 2041 αῦτά
144 2023 205 2041 τινα
218 2012 305 2047 sive“;
317 2014 377 2042 Κᾶν
394 2015 448 2050 ίδίᾳ
461 2024 491 2042 τε
502 2016 553 2043 κᾶν
564 2017 593 2042 ὲν
605 2016 852 2051 συνθέσεινλεγόμε-

58 2069 104 2093 να,
125 2060 172 2087 καὶ
187 2059 364 2095 θεωρούμενα
380 2061 434 2096 εἴη,
449 2061 736 2097 ἄλογαιγνωριζὸμενα
752 2063 803 2089 ὑπὸ
821 2071 850 2089 τε

57 2105 115 2133 τῶν
136 2105 328 2142 συγκειμένων
347 2107 394 2133 καὶ
414 2106 469 2134 τῶν
485 2107 522 2142 μὴ
545 2108 731 2143 συγκειμένων
747 2108 848 2140 αὐτοῖς,

60 2153 138 2187 ἰσχὺν
161 2152 190 2179 δὲ
212 2152 282 2184 ὅλως
307 2152 354 2179 τοῦ
376 2153 454 2187 ἄγειν
469 2153 539 2180 αὐτὰ
565 2154 682 2189 ἑχόντων
699 2154 848 2190 φερόμενα.

57 2199 96 2226 Οὐ
113 2198 166 2234 γὰρ
183 2199 213 2225 τὸ
231 2198 313 2233 φύσει
327 2199 437 2234 λογικὸν
455 2200 484 2226 ὲν
498 2200 622 2226 συνθέσει
638 2201 733 2235 ἄλογον
751 2201 849 2236 ἐσόμε-

905 1602 927 1630 si
947 1602 1130 1637 vosmetipsos
1151 1602 1370 1636 reprehendatis,
1396 1606 1480 1637 atque
1505 1602 1540 1629 ob
1561 1602 1694 1637 reliquam

904 1649 1096 1684 probationem
1118 1648 1246 1677 secunda:
1269 1653 1366 1676 vestrae
1390 1649 1588 1683 propositionis
1612 1657 1693 1683 argn-

904 1701 1027 1723 mentum
1048 1694 1187 1730 incipiatis
1204 1695 1243 1722 sic
1268 1694 1371 1730 pariter
1398 1694 1542 1722 dicentes:
1571 1695 1612 1722 Ea
1635 1703 1694 1728 ante

903 1742 931 1768 in
945 1742 1042 1768 unione
1059 1745 1120 1768 sunt
1145 1745 1222 1772 acta,
1245 1749 1291 1768 nos
1323 1741 1413 1767 omnia
1429 1742 1531 1767 ratione
1541 1739 1636 1766 scimus
1648 1749 1692 1767 cn-

904 1795 971 1817 rere,
988 1795 1040 1814 non
1060 1786 1217 1822 simpliciter
1239 1794 1267 1812 eo
1281 1786 1351 1819 quod
1370 1789 1432 1813 sunt
1457 1791 1528 1817 acta,
1553 1785 1598 1811 sed
1613 1786 1692 1819 quod.

903 1842 963 1860 cum
975 1834 1002 1860 in
1015 1834 1113 1860 unione
1130 1822 1204 1865 sunt,
1217 1836 1351 1868 aguntur.-
1364 1832 1399 1859 atl
1416 1831 1469 1859 hoc
1495 1839 1606 1866 quoque
1622 1831 1691 1858 ilici—

903 1887 982 1907 mus:
1011 1880 1051 1907 An
1071 1879 1154 1915 igitur
1169 1887 1203 1906 eo
1225 1878 1299 1913 quod
1321 1878 1372 1905 ista
1388 1878 1416 1904 in
1437 1877 1538 1904 unione
1561 1881 1691 1912 aguntur,

901 1926 945 1953 vel
962 1926 1133 1961 simpliciter.
1151 1925 1257 1953 ratione
1272 1931 1368 1952 carere
1383 1923 1479 1951 scitis?
1494 1923 1535 1950 vel
1556 1923 1590 1949 ob
1611 1931 1694 1957 [tt-mt-

902 1973 997 2000 liarem
1016 1973 1140 2007 ipsorum
1152 1975 1278 2001 naturam
1295 1970 1422 2006 quadam
1436 1977 1546 2004 semper
1562 1969 1692 2003 hujusce-

901 2018 977 2046 modi
990 2025 1050 2045 esse
1058 2018 1162 2045 ?-Licct
1177 2025 1244 2052 ergo
1256 2017 1284 2044 in
1301 2024 1350 2044 sua
1367 2020 1466 2045 natura
1483 2015 1527 2042 vel
1543 2015 1569 2042 in
1588 2014 1692 2041 unione

902 2063 1030 2090 dicantur
1050 2067 1078 2090 et
1099 2067 1271 2098 spectentur,
1291 2062 1398 2090 ratione
1425 2069 1521 2089 carere
1540 2061 1692 2096 probantur

901 2108 936 2135 ab
953 2107 997 2135 bis
1013 2116 1074 2143 qua:
1099 2108 1151 2135 sibi
1169 2108 1305 2135 uniuntur
1330 2112 1413 2142 atque
1438 2107 1472 2135 ab
1499 2107 1542 2134 his
1560 2115 1620 2141 qua:
1637 2114 1691 2134 non

901 2153 1045 2185 uniuntur,
1062 2153 1211 2188 potentiam
1225 2153 1412 2180 omnimodam
1425 2152 1470 2180 illa
1481 2161 1542 2187 qua:
1565 2153 1692 2180 feruntur

900 2198 998 2233 agendi
1013 2198 1153 2226 habentia.
1170 2199 1278 2226 Etenim
1295 2199 1369 2234 quod
1386 2204 1486 2227 natura
1501 2199 1636 2226 rationale
1649 2204 1691 2227 est

57 2253 104 2271 vov
127 2245 242 2277 δείξετε,
266 2245 283 2280 ἢ
307 2244 479 2280 τοῦμπαλιν·
503 2245 547 2273 διὰ
568 2245 618 2283 τὴν
638 2246 764 2274 σύνθεσιν
780 2247 845 2284 γὰρ,

904 2243 1024 2273 Futurum
1043 2251 1103 2271 esse
1116 2247 1146 2272 ut
1165 2243 1192 2271 in
1211 2244 1312 2271 unione
1332 2244 1439 2271 ratione
1462 2248 1554 2271 careat
1571 2251 1624 2270 non
1641 2243 1689 2270 de-

56 2291 134 2318 οὐδὲν
149 2288 232 2328 ἦττον
247 2291 356 2326 λογικόν
369 2293 455 2319 ἐστιν.

94 2381 125 2407 Εί
149 2380 199 2416 μὲν
219 2379 266 2408 οὖν
290 2381 339 2416 οὐχ
363 2382 451 2414 οὓτως
476 2382 564 2410 ταῦτα
580 2381 650 2410 εἶναι
675 2383 844 2416 συντίθεσθε,

55 2427 125 2454 ἀλλὰ
142 2426 187 2453 διὰ
203 2427 234 2453 τὸ
259 2428 288 2454 ὲν
305 2429 340 2462 τῇ
358 2428 482 2455 συνθέσει
501 2429 628 2463 ἄγεσθαι,
648 2429 746 2464 ἄλογον
766 2430 844 2464 γενέ-

55 2473 118 2499 σθαι
135 2472 166 2498 τὸ
181 2471 262 2506 σῶμα
280 2471 414 2506 λογίζετε,
436 2474 498 2500 καθ’
512 2474 593 2501 ἑαυτὸ
611 2475 664 2510 ἄρα
685 2476 843 2510 γενόμενον,

47 2511 240 2553 “ι.ογικδν,ῐστε
263 2517 400 2552 δηλονότν
420 2519 451 2545 τὺ
467 2519 496 2545 δὲ
512 2520 659 2547 ἀσύνθετον
674 2521 741 2556 πρὸς
755 2521 845 2556 ψυχὴν

53 2565 198 2599 γινόμενον
226 2563 319 2599 σῶμα,
337 2565 365 2591 ὲν
381 2565 410 2592 δὲ
427 2566 460 2600 τῇ
475 2566 543 2601 πρὸς
567 2567 617 2601 τὴν
631 2567 743 2602 λογικὴν
755 2567 844 2603 ψυχὴν

53 2611 177 2638 συνθέσει
209 2611 432 2646 μεταλαμϐάνειν
448 2612 496 2647 τῆς
523 2612 636 2646 ἀλογίας
662 2613 761 2640 οἴεσθε.
789 2614 844 2639 Καὶ

51 2659 94 2688 τίς
111 2657 235 2690 ἀνέξεται
253 2658 304 2692 τῆς
320 2658 450 2694 τοιαύτης
466 2658 577 2693 ἀλογίας
586 2659 639 2686 τῶν
653 2659 740 2686 ταῦτα
752 2659 843 2695 οἰομέ-

52 2713 122 2735 vum;
142 2703 202 2730 Ἔτι
218 2703 246 2730 δὲ
262 2705 311 2738 τῆς
337 2704 490 2736 συνθέσεως
512 2705 661 2740 γινομένης
677 2705 768 2737 αἰτίας
794 2706 843 2740 τῆς

51 2749 163 2783 ἀλογίας
178 2749 217 2784 τῷ
231 2749 349 2785 σώματι,
365 2751 389 2776 εί
406 2750 510 2784 ταύτην
538 2751 640 2786 κυρίως
670 2751 760 2778 αἰτίαν
790 2752 841 2785 τῆς

52 2795 165 2830 ἀλογίας
180 2796 354 2828 ὑποτίθεσθε,
375 2797 422 2823 καὶ
442 2797 492 2832 τὴν
505 2797 595 2833 ψυχὴν
615 2797 718 2833 ὁμοίως
731 2798 840 2833 ἀλογείν

53 2841 179 2878 βιάσεσθέ
197 2841 240 2874 ἄν,
257 2843 318 2869 ἐπεὶ
337 2844 385 2870 καὶ
398 2843 468 2879 αὐτὴ
482 2845 623 2879 συνετέθη.
650 2845 681 2871 Et
697 2844 724 2870 δὲ
737 2845 838 2879 άλογεῐ,

52 2889 98 2916 καὶ
116 2889 185 2924 αὑτὴ
208 2889 324 2923 ἄγεται·
341 2891 365 2916 εἰ
389 2890 416 2916 δὲ
435 2890 527 2925 ἄγοιῖο
551 2892 579 2918 ὲν
593 2893 625 2927 τῇ
644 2892 778 2925 συνθέσει,
794 2893 840 2918 καὶ

899 2290 1099 2322 monstrabitis,
1109 2290 1152 2317 vel
1166 2290 1226 2318 vice
1240 2298 1330 2323 versa,
1341 2294 1456 2326 propter
1467 2290 1541 2318 enim
1557 2290 1687 2317 unionem

897 2336 967 2364 nihil
983 2337 1075 2364 minus
1093 2336 1226 2372 rationale
1241 2340 1294 2364 est.

932 2383 960 2411 Si
975 2387 1066 2411 autem
1088 2383 1173 2418 igitur
1200 2383 1273 2410 haud
1289 2383 1348 2411 haec
1367 2383 1404 2410 ita
1421 2390 1483 2411 esse
1500 2382 1684 2418 prmtcnditis,

897 2428 944 2455 sed
968 2436 1003 2456 eo
1027 2428 1102 2463 quod
1127 2428 1155 2455 in
1184 2428 1289 2456 unione
1316 2428 1422 2464 agitur,
1452 2436 1551 2456 carens
1580 2428 1687 2455 ratione

897 2481 997 2508 corpus
1020 2473 1078 2501 ﬁeri
1094 2473 1197 2505 dicitis,
1217 2481 1279 2501 cum
1296 2481 1362 2508 ergo
1377 2473 1399 2500 si
1410 2472 1496 2501 solum
1509 2473 1602 2506 fuerit,
1618 2473 1686 2501 illud

896 2526 957 2547 esse
980 2519 1113 2547 rationale
1132 2519 1275 2547 evidenter
1292 2520 1475 2553 existimatis;
1502 2528 1604 2555 corpus
1619 2528 1685 2548 vero

895 2573 950 2592 non
969 2565 1002 2592 ad
1016 2565 1136 2593 animam
1148 2565 1327 2601 conjunctum
1343 2565 1475 2593 exsistere
1493 2574 1584 2601 posse,
1602 2572 1684 2602 atque

895 2611 923 2638 in
947 2612 1050 2640 unione
1072 2612 1105 2639 ad
1121 2612 1240 2639 animam
1264 2612 1430 2639 rationalem
1449 2612 1584 2640 rationem
1602 2614 1683 2640 antit—

895 2662 953 2685 tere
972 2666 1052 2692 posse
1071 2658 1244 2686 existimatis.
1267 2657 1335 2691 Quis
1349 2666 1414 2693 ergo
1431 2659 1494 2685 talia
1510 2659 1682 2693 opinantium

895 2707 1039 2736 stultitiam
1057 2707 1225 2735 sustinebit?
1240 2707 1297 2734 Imo
1312 2715 1374 2734 cum
1393 2707 1459 2734 unio
1473 2715 1554 2735 causa
1575 2707 1611 2734 sit
1634 2715 1684 2734 cur

894 2755 1000 2781 ratione
1029 2760 1122 2782 careat
1150 2762 1260 2789 corpus.
1285 2754 1306 2781 si
1335 2754 1407 2781 hanc
1430 2754 1542 2789 proprie
1568 2754 1682 2780 rationis
1722 2783 1727 2786 ,

894 2801 1016 2829 absentis
1032 2810 1141 2828 causam
1166 2809 1226 2828 esse
1244 2801 1417 2836 supponatis,
1436 2801 1539 2835 pariter
1569 2808 1680 2835 quoque

894 2846 1011 2874 animam
1029 2847 1132 2874 ratione
1148 2855 1243 2874 carere
1259 2846 1475 2878 eontemleretis,
1500 2846 1637 2881 siquidem
1655 2851 1681 2872 ιιι

895 2893 951 2928 ipsa
972 2894 1006 2920 sit
1026 2894 1111 2920 unita.
1177 2901 1241 2920 vero
1258 2893 1364 2921 ratione
1389 2899 1473 2926 caret,
1494 2893 1550 2928 ipsa
1571 2901 1681 2928 (utrque
