1968 3094
168 130 235 162 1467

807 134 956 164 LEONTII
977 135 1179 166 BYZANTINI

1723 142 1791 176 “CB

166 195 274 226 poterat
291 189 409 216 transire
425 190 452 216 in
468 189 558 224 ipsum
579 195 606 217 et
628 198 678 217 nos
693 190 794 225 absque
811 191 944 218 essential]

1005 192 1041 228 μὴ
1060 193 1175 227 ἠδύνατο
1189 194 1339 222 διαϐαίνειν
1354 197 1393 228 εἴς
1414 206 1444 223 τε
1463 198 1543 226 αὐτὸν
1560 194 1608 226 iui.
1624 201 1708 235 ἡμᾶς,
1725 203 1790 229 ἄνευ

165 236 199 263 ad
217 241 347 270 utrosque
367 235 485 262 invicem
512 235 598 270 ipsius
622 237 734 263 unione.
751 236 778 262 Si
800 245 865 263 vero
881 237 950 263 nihil

164 282 312 310 dicendum
327 282 430 309 habent
452 281 614 318 (suiliciebat
626 283 699 309 enim
718 282 883 309 intercessus
900 283 949 308 ho-

163 326 244 353 minis
256 333 286 352 οι
303 326 379 352 nobis
390 325 520 359 assmupti
534 329 560 351 et
575 325 773 359 beneplacitum
789 325 834 352 Dei
849 323 943 358 Verbi,

157 371 244 398 etiam
270 370 372 404 absque
398 370 496 396 unione
521 369 684 404 hujusmodi.
704 374 733 396 ut
761 369 838 396 nobis
854 369 944 397 Olllllil

160 416 347 451 cujuscunque
380 416 504 443 beneﬁcii
537 423 618 442 causa
650 422 764 449 esse-nt,
800 416 945 451 ipsumque

157 463 332 490 ostenderent
361 470 456 490 rursus
479 462 615 497 Optimum
641 462 836 498 Dominamque
854 462 944 490 omnis

157 514 299 540 creaturae,
321 510 347 536 iu
364 517 506 543 personam
525 510 571 536 Dei
590 509 684 541 Verbi,
705 517 759 545 quo
773 510 840 537 nihil
859 517 942 537 vene-

163 555 274 582 rabilius
289 555 360 589 quod
383 556 408 582 iu
434 561 558 582 naturam
577 561 696 583 creatam
711 557 814 583 intrare
836 555 942 590 possit),

155 601 292 636 quomodo
307 600 442 635 superﬂua
457 606 484 628 et
498 608 566 627 vana
585 609 637 628 non
667 602 719 629 erit
743 603 790 630 Dei
808 602 890 633 Verbi
907 607 941 634 ad

158 652 281 674 naturam
306 652 425 674 nostram
455 647 518 674 unio
548 647 711 681 praedicata?
738 648 791 676 Sed
820 651 842 677 si
873 653 937 680 nihil

158 692 254 719 inutile
270 699 319 718 nec
332 699 428 718 vanum
455 694 510 727 agit
524 692 604 720 υνυς,
618 700 671 719 non
686 701 751 727 ergo
775 695 844 722 Deus
871 696 941 725 Ver-

155 739 218 765 bum
234 743 337 765 natura:
352 743 452 765 nostra;
468 738 560 765 unitus
575 743 628 767 est.

189 833 247 858 Prte
262 832 472 866 cogitationibus
486 829 623 864 angustati
641 847 649 861 ,
663 830 752 855 omnia
767 836 881 863 qumque
898 829 940 854 iila

157 879 235 904 nobis
264 876 590 909 vulver:itis,phrasihus
621 882 692 902 nunc
716 875 850 902 evolvitis.
882 875 942 901 Ideo

158 923 221 949 illud
235 921 397 949 Incneamini
415 930 421 946 :
443 919 474 946 In
491 919 658 955 multiloquio
678 929 729 946 mm
747 920 830 946 delrit
847 927 942 954 pecca-

158 974 212 995 tum
229 968 259 994 ’°.
277 967 345 1000 Quae
370 966 442 994 enim
470 966 562 998 vobis,
592 966 683 996 dicite,
705 965 783 1000 hujus
813 965 944 998 multipli-

159 1015 198 1040 cis
212 1012 355 1040 divisionis
375 1016 434 1038 emt
450 1012 571 1043 utilitas;
597 1011 650 1042 cui,
663 1012 762 1045 quibus
783 1015 809 1038 et
838 1010 880 1037 cui
900 1011 946 1037 bo-

159 1058 323 1093 neplaeitum
343 1058 504 1084 teconomize
535 1057 632 1086 divina;
659 1057 781 1091 profuit?
807 1063 869 1084 cum
894 1063 945 1082 nos

159 1110 251 1137 aperte
266 1109 347 1138 atque
374 1104 504 1130 audenter
520 1103 571 1130 hoc
593 1103 668 1130 vobis
694 1103 855 1136 simpliciter
886 1101 942 1128 cla-

159 1158 277 1182 mamus,
298 1157 350 1176 non
366 1156 477 1184 propter
497 1149 606 1183 aliquod
633 1149 666 1175 ..ιι
697 1149 780 1183 ipsam
807 1147 947 1182 pertinens

159 1197 324 1224 beneficium
341 1197 462 1224 divinam
493 1202 618 1223 naturam
634 1202 733 1223 nostra:
766 1196 838 1222 uniri
861 1195 946 1222 fuisse

159 1243 382 1279 dignatam;hoc
407 1244 479 1270 enim
504 1244 594 1271 dicere
617 1244 659 1271 vel
689 1244 807 1279 cogitare
831 1243 905 1269 absit
931 1249 946 1269 a

159 1296 321 1323 quocunque
346 1289 458 1316 homine
485 1289 548 1324 pio!
575 1289 628 1317 Sed
655 1295 768 1324 propter
798 1290 945 1318 maximam

160 1336 246 1363 solum
277 1335 494 1362 benevolentiam
532 1335 617 1370 ipsius
643 1337 669 1362 in
702 1345 760 1369 nos,
793 1337 944 1365 iucarnatio

160 1382 247 1416 ipsius
275 1382 346 1409 facta
376 1387 439 1415 est;
468 1382 503 1408 ita
548 1387 576 1408 ut
612 1382 681 1409 facta
718 1383 801 1410 fuerit
843 1384 947 1411 homini

161 1423 304 1450 Dominico
321 1425 449 1455 tanquam
461 1419 624 1447 delibationi
635 1419 760 1447 humana:
775 1426 880 1451 massae,
895 1419 953 1453 pri-

161 1468 301 1503 mogenito
330 1467 480 1493 multorum
503 1465 620 1492 fratrum
653 1464 793 1499 capitique
824 1464 951 1499 corporis

160 1513 302 1544 Ecclesiae,
329 1511 461 1547 primario
497 1510 628 1546 primaria
655 1510 843 1544 assumptione
868 1513 950 1544 atque

161 1558 331 1590 immediate,
350 1557 452 1584 unione
479 1557 668 1591 omnipotente
695 1556 784 1590 ipsius
810 1555 843 1582 ad
873 1555 947 1581 illam
963 1547 984 1576 (ἶ

137 1598 147 1607 ⁸
161 1612 210 1639 per
221 1602 389 1639 hypostasim
403 1603 430 1628 in
446 1606 571 1629 naturam
583 1601 894 1636 propriam,secundum
908 1601 947 1628 di-

161 1650 244 1677 vitias
256 1648 415 1683 apotheosis
428 1646 647 1683 [deiﬁcationis],
657 1654 707 1681 pro
715 1647 817 1673 unione
827 1646 901 1673 illius
912 1645 946 1673 ad

161 1697 263 1729 Deum;
279 1699 307 1722 ut
327 1695 355 1721 in
378 1699 506 1721 cazteram
519 1694 666 1720 humanam
682 1700 799 1720 massam
816 1697 946 1720 caeteros-

160 1750 214 1777 que
232 1742 330 1769 fratres
350 1748 383 1767 ex
401 1740 506 1768 semine
520 1739 675 1773 Abraham,
696 1744 779 1774 atque
798 1739 825 1766 in
845 1746 946 1773 corpus

160 1787 309 1819 Ecclesia,
338 1785 521 1818 secundarioh
541 1784 750 1819 participatione
772 1783 946 1816 mediathue

162 1833 292 1860 transiret
302 1831 453 1859 secundum
481 1831 632 1865 potentiam
661 1831 722 1864 ejus
743 1837 792 1864 per
815 1829 945 1855 unionem

158 1882 236 1917 juxta
254 1885 380 1906 naturam
398 1877 433 1905 ad
459 1877 579 1912 primum
609 1881 779 1911 assumptum
806 1883 839 1902 ex
865 1874 945 1902 nobis

162 1926 300 1953 hominem
325 1924 509 1955 Dominicum,
536 1926 666 1957 tanquam
690 1929 722 1948 ex
747 1921 834 1956 ipsius
844 1927 942 1951 massa,

159 1972 210 1999 etsi
220 1971 562 2003 delibationem,tanquam
570 1967 682 1995 fratrem
695 1967 879 2002 unigenitum,
892 1965 945 1993 etsi

161 2018 372 2053 primogenitum
391 2015 532 2050 ipsiusque
552 2014 687 2048 corporis,
703 2014 753 2040 etsi
768 2017 849 2047 caput
865 2012 944 2039 nobis

159 2061 296 2093 dividens,
319 2067 403 2088 unum
428 2059 530 2086 factum
547 2058 725 2085 mediatorem
742 2057 789 2084 Dei
806 2061 834 2084 et
857 2056 946 2083 homi-

160 2115 237 2140 num,
250 2106 388 2134 hominem
401 2105 538 2133 Christum
548 2104 638 2132 Jesum
649 2103 794 2130 Dominum
808 2107 942 2130 nostrum.

194 2251 223 2278 Si
235 2250 325 2277 adhuc
339 2248 474 2280 dixeritis,
485 2251 583 2274 natura
593 2250 744 2280 assumpta,
758 2246 863 2272 nullum
874 2253 944 2280 opus

159 2296 243 2324 fuisse
269 2296 323 2322 Deo
348 2294 391 2321 cui
419 2301 452 2320 ex
477 2293 523 2319 illa
548 2292 616 2319 nihil
637 2291 782 2327 profuerit,
804 2296 886 2326 atque
911 2298 944 2318 ex

159 2343 206 2370 illo
221 2341 326 2376 aliquid
345 2340 490 2367 dedecoris
514 2342 542 2366 et
556 2337 736 2373 turpitudinis
751 2338 777 2364 in
795 2338 883 2372 ipsum
899 2345 944 2365 re-

158 2388 294 2420 dundare,
307 2387 386 2413 vobis
402 2386 527 2413 dicemus
541 2394 548 2412 :
569 2383 631 2412 Haec
643 2388 685 2412 cst
699 2389 804 2411 natura
819 2384 944 2411 humana:

158 2434 306 2466 deiﬂcatio,
329 2441 379 2468 per
405 2440 486 2466 quam
505 2430 660 2466 hujusmodi
678 2430 827 2457 bonitatem
842 2428 942 2456 libera-

158 2481 267 2514 lemquc
291 2478 440 2513 potentiam
458 2477 579 2511 seipsum
604 2475 707 2502 habere
727 2474 830 2501 mundo
851 2478 943 2501 osten-

159 2532 230 2556 tans,
251 2524 336 2559 magis
351 2531 384 2550 ac
397 2523 483 2558 magis
498 2521 665 2558 gloriﬁcatur
680 2524 823 2548 clamatur
837 2520 872 2546 ab
885 2527 942 2546 om-

158 2570 240 2596 nibus
254 2569 301 2603 qui
314 2568 396 2595 nobis
404 2571 516 2602 propter
526 2575 576 2594 nos
593 2567 686 2594 unitus
697 2570 738 2592 est
754 2566 940 2597 Dcusnoster;

158 2616 270 2647 haecque
292 2620 334 2641 est
350 2618 440 2640 tamen
461 2621 542 2640 causa
556 2613 632 2648 juxta
650 2612 793 2639 stultitiam
811 2615 941 2643 vestram,

157 2670 207 2689 cur
222 2669 272 2688 nec
286 2668 337 2695 per
352 2659 471 2694 seipsum
487 2663 610 2693 tempore
628 2658 720 2692 primm
740 2657 886 2684 creationis
901 2656 942 2691 ip-

157 2715 218 2734 sum
236 2706 375 2733 hominem
396 2707 540 2732 creaturos
555 2703 661 2730 fuisset.
689 2703 741 2730 Sed
765 2701 942 2737 quemadmo-

157 2752 222 2778 dum
241 2759 256 2777 e
272 2756 344 2777 terra
359 2751 401 2777 vel
416 2749 496 2784 aquis
510 2749 627 2776 educere
648 2751 743 2776 statuit
762 2748 866 2783 plantas
879 2748 942 2775 her—

193 2838 214 2853 "
231 2839 310 2866 l‘rov.
326 2851 351 2870 λ.
379 2841 418 2868 ιι».

1002 236 1053 270 τῆς
1065 237 1210 270 οὖσιὼδους
1229 239 1313 265 αὑτοῦ
1334 241 1402 275 πρὸς
1425 242 1558 278 ἀλλήλους
1581 245 1742 278 συνθέσεως.
1758 248 1789 273 Εἰ

1002 281 1029 308 δὲ
1046 282 1120 309 οὐδὲν
1133 282 1240 318 ἔχουσιν
1256 287 1342 311 εἰπεῖν
1364 287 1455 322 (ἤρκει
1471 289 1524 324 γὰρ
1536 290 1553 324 ή
1568 291 1691 324 μεσιτεία
1702 293 1749 318 τοῦ
1760 293 1791 324 ἐξ

1001 328 1080 364 ήμῶν
1091 330 1237 365 ἀνθρώπου
1259 332 1276 367 ἡ
1293 341 1323 358 τε
1340 334 1449 360 εὐδοκία
1465 335 1512 361 τοῦ
1535 336 1601 363 Θεοῦ
1621 338 1719 372 Λόγου,
1742 341 1790 366 καὶ

1000 375 1049 408 τῆς
1062 376 1168 402 τοιᾶσδε
1189 377 1340 409 συνθέσεως
1353 378 1413 414 δίχα
1423 399 1430 412 ,
1446 381 1493 407 καὶ
1508 382 1573 416 ἡμῖν
1587 383 1731 418 παραίτιον
1744 393 1791 418 γε-

1000 420 1094 448 νέσθαι
1109 423 1211 454 παντὸς
1224 424 1379 452 οὑτινοσοῦν
1399 427 1632 463 εὐεργετήματος,
1647 430 1695 456 καὶ
1709 431 1791 457 αὑτὸν

1000 467 1140 501 ἀποδεῖξαι
1173 469 1254 496 πάλιν
1276 471 1419 505 κρείττονα
1443 473 1490 500 καὶ
1515 475 1654 510 Δεσπότην
1678 476 1790 512 ἁπάσης

999 514 1066 548 ὁμοῦ
1087 515 1138 548 τῆς
1157 515 1284 548 κτίσεως,
1312 518 1353 549 εἰς
1367 518 1516 553 πρόσωπον
1531 520 1578 547 τοῦ
1603 521 1671 548 Θεοῦ
1687 523 1786 556 Λόγου,

999 557 1085 595 οὗπερ
1103 561 1180 587 οὐδὲν
1196 562 1358 598 τιμιώτερον
1370 583 1378 596 ,
1396 566 1436 596 εἰς
1449 566 1564 601 κτιστὴν
1581 568 1665 601 φύσιν
1682 568 1785 595 διαϐαί-

999 615 1055 633 νειν
1069 607 1240 643 δυνάμενον),
1260 608 1318 640 πῶς
1335 610 1387 636 οὐκ
1408 610 1485 637 ἐσται
1500 613 1617 647 περιττὴ
1631 615 1679 640 καὶ
1695 614 1788 641 είκαία

999 653 1045 679 τοῦ
1065 653 1132 679 Θεοῦ
1147 654 1235 688 Λόγου
1250 655 1317 690 πρὸς
1327 655 1373 682 τὸν
1389 656 1418 689 ἐξ
1432 657 1510 692 ἡμῶν
1526 659 1679 694 ἄνθρωπον,
1695 661 1712 695 ἡ
1726 661 1788 687 ὲπι-

999 699 1174 735 φημιζομένη
1196 699 1339 734 σύνθεσιςς
1360 702 1431 729 Ἀλλ’
1454 704 1478 729 εἱ
1501 705 1591 739 μάτην
1608 714 1635 731 τε
1652 707 1699 731 καὶ
1723 708 1785 742 εἰκῆ

1000 746 1073 770 ποιεῖ
1086 745 1100 771 6
1117 745 1184 777 Θεὸς
1196 746 1274 773 οὐδὲν
1285 767 1292 779 ,
1308 747 1364 774 οὐδ’
1377 748 1431 783 ἄρα
1448 749 1580 785 συνετέθη
1592 751 1606 777 ὀ
1620 751 1687 783 Θεὸς
1703 752 1790 787 Λόγος

999 789 1038 824 τῷ
1052 790 1082 822 ἐξ
1093 791 1171 826 ἡμῶν
1183 791 1330 826 ἀνθρώπῳ.

1037 836 1098 867 Τοῖς
1110 837 1244 871 νοήμασιν
1260 838 1496 870 ἁποστενωθέντες
1509 837 1553 867 οἷά
1568 849 1629 868 τινα
1641 841 1724 877 ἐρίων
1737 851 1790 877 p1;-

967 882 983 907 Β
1000 881 1108 916 ρύματα
1122 882 1331 915 καταξαίνοντες
1343 884 1420 919 ἡμῖν,
1431 885 1490 911 νυνὶ
1501 887 1561 917 ταῖς
1571 887 1675 931 λέξεσιν
1686 889 1791 922 ἐμπλα-

1000 927 1121 954 τύνεσθε.
1143 929 1187 955 Διὸ
1211 929 1256 960 τὸ,
1289 930 1336 957 Ἐκ
1356 933 1543 966 πολυλογίας
1566 927 1622 960 οὐκ
1655 934 1789 969 ἐκφεύξῃ

1000 971 1156 1005 ἁμαρτίαν,
1173 973 1305 1000 ὲπαῖοιτε.
1316 974 1348 999 Τί
1360 975 1414 1010 γὰρ
1425 975 1456 1010 δὴ
1469 976 1543 1011 ὑμῖν,
1561 979 1667 1010 εἴπατε,
1685 979 1790 1013 ταύτης

1000 1016 1078 1050 χρεία
1102 1014 1136 1051 ἦν
1148 1017 1199 1052 τῆς
1217 1018 1395 1054 πολ.υσχιδοῦς
1418 1019 1593 1055 διαιρέσεως,
1612 1022 1660 1054 Εἰς
1683 1022 1744 1050 τίνα
1759 1032 1790 1049 τε

1000 1062 1047 1088 καὶ
1066 1062 1141 1094 τίνας
1160 1063 1206 1090 καὶ
1228 1064 1292 1090 τίνα
1308 1064 1404 1098 γέγονε
1431 1065 1465 1092 τὰ
1480 1067 1530 1101 τῆς
1555 1067 1716 1103 εὐεργεσίας
1739 1069 1791 1102 τῆς

1000 1108 1076 1140 θείας
1092 1110 1264 1152 οἰκονομίαςς
1299 1110 1378 1144 ἡμῶν
1397 1111 1571 1144 εὐσυνόπτως
1585 1114 1632 1140 καὶ
1646 1115 1790 1150 παρρησίᾳ

999 1154 1077 1181 τοῦτο
1092 1155 1156 1189 ὑμῖν
1180 1155 1271 1187 ἅπλῶς
1290 1155 1426 1190 βοώντων,
1440 1158 1482 1184 ὅτι
1501 1159 1532 1184 οὐ
1552 1159 1596 1186 διά
1610 1167 1672 1186 τινα
1690 1160 1730 1191 είς
1743 1161 1791 1186 αὖ·

999 1200 1048 1234 τὴν
1063 1201 1252 1228 συντείνουσαν
1277 1203 1438 1238 εὐεργεσίαν
1455 1205 1471 1239 ἡ
1487 1203 1546 1232 θεία
1570 1205 1652 1239 φύσις
1671 1207 1704 1240 τῇ
1721 1207 1790 1241 ἠμε-

999 1246 1066 1281 τέρᾳ
1089 1247 1246 1282 συντεθῆναι
1270 1249 1452 1281 κατεδέξατο·
1479 1250 1559 1276 τοῦτο
1583 1250 1637 1285 γὰρ
1656 1251 1747 1284 λέγειν
1770 1251 1789 1285 ἢ

1000 1293 1070 1318 νοεῖν
1084 1292 1121 1327 μὴ
1143 1292 1247 1326 γένοιτό
1278 1301 1331 1320 τινι
1347 1293 1401 1320 τῶν
1414 1294 1549 1321 θεοσεδῶν
1559 1304 1567 1311 ·
1583 1295 1652 1322 ἀλλὰ
1671 1296 1714 1323 διὰ
1737 1296 1789 1331 τὴν

1000 1337 1029 1370 ἐξ
1039 1338 1124 1372 αὐτῆς
1140 1339 1179 1369 εἰς
1193 1339 1267 1373 ἡμᾶς
1281 1339 1360 1373 μόνον
1392 1339 1525 1375 μεγίστην
1539 1341 1713 1376 εὐεργεσίαν,
1740 1343 1786 1374 γέ-

1000 1391 1077 1416 γονεν
1086 1383 1171 1417 αὐτῆς
1187 1384 1204 1418 ἡ
1216 1384 1422 1420 ἐνανορώπησις
1431 1394 1438 1401 ’
1458 1385 1529 1412 ὥστε
1547 1387 1672 1421 γενέσθαι
1685 1387 1725 1423 τῷ
1737 1388 1788 1423 μὲν

1001 1428 1134 1464 Κυριακῴ
1146 1428 1280 1464 ἀνθρώπῳ
1295 1429 1332 1461 ὥς
1346 1431 1458 1466 ἁπαρχῇ
1472 1431 1518 1457 τοῦ
1531 1431 1703 1467 ἀνθρωπίνου
1736 1442 1788 1468 φυ-

1002 1473 1123 1508 ράματος
1143 1473 1191 1500 καὶ
1216 1475 1381 1510 πρωτοτὸκῳ
1398 1476 1453 1502 τῶν
1468 1476 1572 1503 πολλῶν
1590 1478 1712 1512 ἀδελφῶν
1739 1479 1788 1505 καὶ

1001 1519 1104 1553 κεφαλῇ
1123 1518 1170 1545 τοῦ
1186 1519 1236 1554 τῆς
1260 1519 1422 1554 Ἑκκλησίας
1443 1521 1579 1556 σώματος,
1600 1522 1717 1558 πρώτως
1738 1524 1788 1550 καὶ

1000 1564 1177 1599 πρωτοδὸχως
1192 1565 1238 1592 καὶ
1265 1565 1376 1600 ἁμέσως
1405 1566 1449 1593 διὰ
1468 1567 1530 1594 καθ’
1554 1567 1702 1594 ὑπόστασιν
1718 1569 1787 1603 πρὸς

999 1610 1080 1637 αὑτὸν
1093 1611 1330 1646 συνανακρατικῆς
1342 1611 1466 1643 ἑνώσεως
1480 1613 1577 1647 αὐτῆς,
1596 1614 1636 1645 εἰς
1664 1613 1713 1649 τὴν
1734 1614 1786 1640 ὶδιο

999 1655 1050 1691 κὴν
1070 1656 1151 1690 φύσιν
1177 1656 1270 1688 αὐτοῦ,
1290 1657 1335 1683 τὸν
1350 1656 1465 1684 πλοῦτον
1486 1658 1534 1693 τῆς
1564 1659 1732 1690 ὲκθεώσεως,
1753 1660 1787 1685 ὲκ

999 1702 1047 1733 τῆς
1068 1702 1137 1736 πρὸς
1152 1699 1217 1728 Θεὸν
1232 1703 1387 1736 συμφυΐας’
1400 1703 1440 1734 εἰς
1457 1703 1485 1728 δὲ
1500 1703 1529 1729 τὸ
1548 1703 1641 1729 λοιπὸν
1668 1705 1718 1738 τῆς
1739 1704 1786 1730 ἁν-

999 1748 1173 1783 θρωπότητος
1185 1747 1300 1782 φύραμα
1315 1748 1362 1774 καὶ
1378 1748 1440 1780 τοὺς
1456 1749 1567 1780 λοιποὺς
1583 1749 1713 1783 ἀδελφοὺς
1721 1750 1786 1780 τοὺς

998 1793 1031 1819 ἐκ
1045 1793 1201 1828 σπέρματος
1217 1793 1352 1828 Ἀϐραὰμ,
1378 1794 1426 1820 καὶ
1445 1793 1476 1820 τὺ
1500 1795 1580 1829 σῶμα
1598 1795 1648 1830 τῆς
1669 1794 1784 1829 Ἐκκλη-

999 1839 1069 1870 σίας,
1084 1838 1219 1873 δευτέρως
1230 1839 1276 1865 καὶ
1294 1839 1504 1874 μεταληπικῶς
1520 1841 1567 1866 καὶ
1581 1840 1710 1874 ὲμμέσως
1723 1841 1782 1867 δια-

997 1884 1076 1919 6ῆναι
1089 1883 1123 1909 τὰ
1137 1884 1186 1917 τῆς
1208 1884 1375 1919 ὑπεργεσίας
1391 1884 1436 1911 διὰ
1451 1884 1501 1919 τῆς
1532 1885 1602 1912 κατὰ
1618 1885 1699 1919 φύσιν
1716 1885 1783 1912 ἑνώ-

998 1938 1076 1961 σεως,
1090 1929 1139 1964 τῆς
1154 1929 1223 1964 πρὸς
1236 1931 1281 1956 τὸν
1297 1929 1405 1963 πρῶτον
1423 1930 1639 1965 εὐεργετηθέντα
1661 1931 1690 1964 ἐξ
1703 1932 1784 1966 ἡμῶν

997 1976 1136 2012 κυριακὸν
1144 1975 1295 2010 ἄνθρωπον,
1312 1976 1349 2008 ὼς
1368 1976 1401 2003 ὲκ
1415 1976 1462 2002 τοῦ
1475 1976 1556 2003 αὑτοῦ
1582 1977 1744 2012 φυράματος
1757 1979 1783 2004 σί

997 2023 1044 2049 καὶ
1052 2022 1189 2057 ἀπαρχὴν,
1206 2022 1252 2048 καὶ
1267 2022 1304 2050 ὡς
1321 2021 1437 2056 ἀδελφὺν
1460 2022 1592 2057 μονογενῆ
1606 2023 1630 2048 ει
1645 2023 1693 2049 καὶ
1707 2031 1782 2058 πρω-

996 2068 1115 2099 τότοκον,
1147 2067 1257 2094 καὶτοῦ
1278 2067 1361 2093 αὑτοῦ
1389 2067 1515 2102 σώματος
1545 2068 1569 2094 εί
1587 2068 1634 2094 καὶ
1661 2067 1782 2102 κεφαλὴν

996 2113 1060 2140 ὄντα
1070 2113 1115 2139 τὸν
1129 2113 1239 2147 μεσιτεὺ
1245 2121 1327 2139 σαντα
1342 2113 1419 2148 ἡμῖν,
1433 2113 1480 2139 ἕνα
1493 2113 1606 2148 μεσίτην
1615 2113 1783 2148 τυγχάνοντα

996 2158 1064 2185 Θεοῦ
1081 2159 1126 2185 καὶ
1140 2158 1302 2194 ἀνθρώπων,
1318 2158 1460 2192 ἄνθρωπον
1482 2158 1599 2194 Χριστὸν
1617 2158 1721 2194 Ἰησοῦν
1735 2159 1782 2185 τὸν

996 2204 1098 2239 Κύριον
1116 2205 1203 2239 ἡμῶν.

1033 2249 1066 2275 Εἴ
1079 2257 1110 2284 γε
1121 2247 1167 2276 οὖν
1180 2257 1259 2283 φατε,
1282 2249 1322 2276 ὅτι
1338 2250 1385 2281 Τίς
1403 2249 1449 2276 οὖν
1465 2250 1542 2284 χρεία
1569 2247 1603 2285 ἦν
1621 2249 1780 2284 συντεθῆναι

997 2295 1042 2321 τὸν
1070 2295 1153 2330 μηδὲν
1175 2295 1390 2331 εὐεργετηθέντα
1416 2295 1481 2322 Θεὸν
1507 2296 1540 2331 τῇ
1570 2295 1780 2331 εὐεργετηθείη]

997 2339 1088 2374 φύσει,
1101 2339 1148 2366 καὶ
1163 2340 1194 2366 ἐκ
1208 2340 1301 2366 τούτου
1320 2339 1422 2372 ἀδοξεῖν
1432 2340 1478 2366 καὶ
1492 2340 1673 2374 ἀτιμάζεσθαι
1683 2347 1691 2373 ;
1701 2339 1782 2374 ὲροῦ-

999 2393 1048 2419 μεν
1064 2385 1146 2419 ὑμῖν,
1156 2383 1194 2416 ὡς
1215 2384 1247 2411 Ἠ
1263 2385 1316 2411 τῶν
1329 2384 1565 2419 εὐεργετουμένων
1586 2384 1695 2415 θέωσις,
1705 2382 1782 2421 δι’ἧς

995 2429 1127 2464 τοσαύτην
1141 2429 1296 2464 ἁγαθότητα
1315 2430 1362 2457 καὶ
1387 2430 1501 2464 δύναμιν
1516 2429 1692 2464 εὐεργετικὴν
1707 2429 1781 2464 ἔχειν

995 2474 1091 2501 ἑαυτὸν
1106 2474 1291 2509 θριαμϐεύσας
1308 2474 1346 2509 τῷ
1363 2475 1469 2510 κόσμῳ,
1485 2474 1585 2510 μᾶλλον
1609 2475 1657 2501 καὶ
1680 2475 1780 2510 μᾶλλον

995 2519 1135 2552 δοξάζεταί
1153 2528 1183 2545 τε
1209 2520 1255 2546 καὶ
1273 2520 1413 2554 ἀγαπᾶται
1429 2521 1505 2556 παρὰ
1527 2522 1636 2547 πάντων
1651 2521 1666 2547 ὁ
1689 2528 1782 2546 συντε-

995 2565 1051 2596 θεὶς
1063 2566 1128 2600 ἡμῖν
1142 2565 1175 2591 δι’
1187 2566 1260 2600 ἡμᾶς
1271 2566 1337 2597 Θεὸς
1346 2567 1423 2601 ἡμῶν
1434 2575 1440 2582 ·
1456 2567 1504 2593 καὶ
1514 2566 1582 2602 αὕτη
1598 2567 1647 2601 μὲν
1660 2567 1676 2602 ἡ
1694 2567 1779 2599 αἰτία,

994 2611 1068 2646 ὅμως
1080 2611 1150 2638 κατὰ
1160 2611 1261 2645 ταύτην
1277 2611 1353 2646 ὑμῶν
1363 2612 1412 2647 τὴν
1424 2613 1638 2660 ἀπόνοιανηοῠτε
1648 2613 1782 2648 δημιουρ-

995 2658 1054 2692 γεῖν
1071 2657 1123 2683 ἔδει
1139 2657 1219 2683 αὐτὸν
1230 2657 1264 2683 δι’
1292 2658 1389 2684 ἑαυτοῦ
1404 2659 1472 2685 κατὰ
1487 2659 1535 2694 τὴν
1562 2657 1674 2694 ᾖρὼτην
1693 2659 1782 2685 κτίσιν

994 2703 1039 2729 τὸν
1050 2703 1207 2738 ἄνθρωπον·
1224 2703 1281 2729 ἀλλ’
1294 2703 1387 2739 ὥσπερ
1400 2705 1432 2739 τῇ
1446 2705 1480 2739 γῇ
1494 2705 1509 2739 ἢ
1533 2706 1589 2736 τοῖς
1604 2704 1681 2731 ὕδασι
1696 2713 1782 2738 προσ-

995 2750 1103 2775 έταττεν
1132 2749 1276 2783 ἐξαγαγεῖν
1293 2750 1363 2784 φυτὰ
1386 2751 1433 2777 καὶ
1449 2750 1562 2786 βοτάνην
1576 2751 1685 2786 χόρτον,
1706 2752 1781 2776 ιεπεῖ-
