1968 3094
170 149 238 184 M73

649 149 845 184 AllV-ERS‘US
866 143 1139 186 NE-STORIANOS.
1155 168 1187 173 ’-
1205 156 1275 185 LIB.
1296 155 1320 184 ῐ.

1730 148 1786 184 ιιῖι

170 209 216 234 καὶ
233 207 263 233 οὐ
281 204 405 242 τῷΛόγῳ
418 207 447 233 ἑν
458 203 480 241 ᾧ
497 207 526 234 τδ
541 207 602 233 κατ’
616 207 708 234 οὐσίαν
720 216 727 223 ⁸
743 208 820 234 ἔσται
835 208 863 234 δὲ
875 207 960 238 οὕτως

1016 209 1111 244 Spiritu
1134 210 1166 236 ".
1183 209 1286 244 Spiritu
1299 216 1365 242 ergo
1378 207 1545 242 justiﬂcat‘us
1557 209 1609 239 est,
1633 214 1688 234 non
1704 205 1792 235 Verbi

170 254 217 279 καὶ
228 253 258 279 οὐ
284 253 486 289 προαιρετικὸν,
500 253 557 279 ἀλλ’
577 253 706 284 οὐσιῶδες
726 254 756 279 τὺ
779 253 957 288 κατόρθωμα.

206 342 312 377 ’Ὠσπερ
333 342 358 369 oi
377 343 426 374 τὰς
451 343 572 378 μεγάλας
597 343 735 379 πυρκαϊὰς
759 343 887 376 ἐξάπτειν
898 344 958 370 ἐθέ-

171 388 271 419 λοντες,
287 388 384 424 καὶτῷ
401 390 544 425 παμφάγῳ
560 391 625 426 πυρὶ
640 390 798 425 νικώμενοι,
817 391 886 424 pari
909 391 960 426 τὴν

171 433 220 467 τῆς
243 433 390 468 ἁδροτέρας
405 434 471 468 ὕλης
486 435 609 470 δαπάνην
628 435 826 471 μαραγγιῶσαν
843 436 894 471 ήδη
912 437 960 462 αὑ-

170 479 227 510 τοῖς
240 479 290 513 τὴν
309 479 397 513 φλόγα
422 479 565 514 θεώμενοι,
596 480 644 507 καὶ
660 481 697 515 μὴ
719 481 883 516 διαρκοῦσαν
910 481 960 516 τὴν

172 524 238 559 ὓλην
257 525 296 556 εἰς
310 525 470 560 παραμονὴν
483 525 530 552 τοῦ
544 525 767 561 σπουδαζομὲνου
782 526 959 561 κεκτημένοι,

172 570 367 605 καρφολογίαις
395 571 450 597 τισὶ
475 571 578 606 ταύτην
605 571 635 604 ἐξ
658 572 777 607 ἀπορίας
801 572 960 606 ὲπιτρέφειν

173 615 380 647 σπουδάζουσιν,
395 615 439 643 ἵνα
458 617 494 651 μὴ
506 616 617 647 τελείως
630 617 721 648 αὐτοῖς
736 618 752 652 ἡ
767 617 879 651 λαμπὰς
894 618 961 643 ἁπο-

172 661 316 688 σὸέννυται
327 670 334 677 ·
351 661 423 688 οὕτω
436 662 469 696 δὴ
487 662 533 688 καὶ
552 662 632 696 ὑμεῖς
651 662 698 688 νῦν
709 662 759 697 τῆς
786 662 841 689 τῶν
857 661 960 696 προτά-

172 714 242 732 σεων
264 706 340 740 ὑμῶν
355 705 573 738 ἐξαναλωθείσης
588 706 678 741 πάσης
699 705 864 740 ὑλαιοτάτης
893 710 959 739 συρ-

173 752 332 785 φετολογίας
356 752 395 786 τῷ
415 752 462 778 τοῦ
494 751 609 786 ψεύδους
630 751 790 786 ἀναλωτικῷ
818 751 886 786 πυρὶ
911 751 961 785 τῆς
984 756 990 760 ·

171 780 313 831 ἀληθείας,
322 780 516 831 Ἰβαττολογίαις
532 780 587 823 τιδὶ
600 780 694 832 ’μόνον
707 797 757 832 τὴν
776 780 960 822 εκκαόθεῖσαν

172 843 236 877 ὑμῖν
262 843 330 878 ἔριν.
359 842 427 877 πρὸς
452 843 524 877 ὑμᾶς
553 843 766 878 «upupa-metr
799 842 880 868 ποίαν
905 841 960 877 γὰρ

171 889 238 923 ἡμῖν
265 888 390 923 ἀνάγκην
407 888 500 920 ἐπάξει
519 888 667 923 καθολικῆς
679 889 840 923 ὁμοιότητος
857 887 873 923 ὴ
890 888 960 923 πρός

172 942 198 960 τι
214 933 262 960 τοῦ
288 933 510 968 παραδείγματος
523 935 572 968 τῆς
584 933 676 968 ψυχῆς
697 934 744 960 καὶ
758 933 805 960 τοῦ
834 933 960 968 σώματος

173 978 204 1010 ἐξ
218 978 295 1013 ὑμῶν
303 979 436 1014 εἰρημένη
458 976 709 1013 παράθεσις;⁷Αρα
722 979 776 1014 γὰρ
791 978 873 1004 πάλιν
887 978 961 1012 ὑμᾶς

173 1021 420 1060 ὕπομνήσομεν,ὠς
435 1024 514 1051 τοῦτο
528 1025 693 1060 ἡγνοήσατε,
705 1022 728 1052 ὦ
744 1024 905 1059 σοφώτατοι,
920 1024 961 1051 ὃτι

172 1071 203 1097 οὺ
221 1071 330 1102 πάντως
347 1066 385 1098 ὧν
397 1070 425 1097 αι
438 1070 580 1102 συνθέσεις
591 1071 620 1097 at
632 1070 713 1097 αὐταὶ
729 1070 800 1097 κατά
814 1079 852 1101 τι,
861 1069 962 1096 τούτων

174 1118 221 1144 καὶ
233 1119 260 1144 αἱ
274 1117 411 1152 ἐνέργειαι
436 1117 465 1144 αι
481 1117 562 1143 αὑταὶ
589 1117 686 1148 πᾶσαι,
704 1116 721 1152 ἢ
745 1116 780 1143 τὰ
802 1116 889 1147 ἄλλως
902 1116 964 1142 ἑπό-

176 1171 262 1196 μενας
276 1162 332 1188 ἀλλ’
348 1162 399 1188 οὐκ
411 1161 488 1195 οῐμαι
500 1161 580 1188 τοῦτο
603 1162 677 1196 ὑμᾶς
694 1161 755 1188 ὅλον
779 1159 960 1195 ἠγνοηκέναι·

174 1207 244 1243 ἀνὴρ
254 1207 308 1242 γὰρ
318 1207 396 1242 ἀνδρὶ
408 1207 567 1235 κατά,τόπον
581 1207 685 1242 ἥνωται
698 1207 744 1233 τὸν
756 1207 785 1233 ὲν
803 1205 962 1240 Ἐκκλησίᾳ·

176 1251 223 1279 καὶ
247 1252 334 1287 ψηφὶς
357 1251 455 1287 ψηφῖδι
470 1252 571 1287 ὁμοίως
597 1253 669 1279 κατά
691 1252 775 1278 τόπον
803 1251 907 1286 ἥνωται
934 1252 964 1277 ὲν

174 1298 244 1332 αὐτῇ
255 1306 262 1313 ·
279 1297 326 1324 καὶ
340 1297 380 1332 τῷ
396 1297 444 1332 μὲν
455 1298 476 1332 ἡ
493 1297 619 1327 σύνθεσις
632 1297 649 1332 ἢ
666 1297 831 1332 παράθεσις.
854 1296 964 1331 ὁμιλίαν

175 1351 205 1369 τε
222 1343 269 1369 καὶ
283 1343 388 1377 θέρμην
404 1342 454 1377 τὴν
465 1343 494 1375 ἐξ
507 1342 630 1377 ἀλλήλων
643 1342 691 1369 καὶ
704 1342 737 1368 τὰ
746 1342 828 1369 λοιπὰ
845 1341 965 1376 ἀμφοτέ-

176 1395 234 1423 ροις
247 1387 405 1423 χαρίζεται·
432 1387 487 1414 τῶν
514 1386 543 1414 δὲ
568 1389 584 1423 ἠ
607 1387 732 1419 σύνθεσις
750 1388 828 1414 οὐδὲν
843 1386 964 1413 τοιοῦτον

175 1428 449 1460 ἐπιδείκνυταιοδέον
472 1432 502 1459 δὲ
518 1433 591 1468 ὑμᾶς
615 1431 649 1468 ἦν
674 1433 754 1459 τοῦτο
775 1432 963 1464 ὲπισκέπτειν,

175 1479 214 1511 ὡς
225 1475 262 1505 ὧν
275 1479 302 1505 αῑ
316 1478 412 1513 φύσεις
426 1478 476 1513 οὐχ
503 1478 531 1504 αἱ
549 1477 641 1509 αὑταὶ,
656 1478 717 1504 οὐδὲ
735 1479 762 1504 αἱ
785 1477 944 1513 μεταδόσεις
956 1485 963 1492 ·

177 1524 239 1550 ἐπεὶ
256 1524 323 1559 μηδὲ
338 1522 367 1550 αἱ
385 1523 528 1559 ποιότητες
547 1523 575 1550 αί
589 1523 671 1550 αὐταί
689 1524 758 1550 εἰσιν
771 1542 778 1555 ,
798 1523 865 1558 μηδὲ
877 1523 961 1549 αίδυ-

177 1569 298 1605 νάμειςῆ
312 1569 340 1596 αἱ
355 1568 491 1604 ἐνέργειαι
504 1568 624 1602 γένοιντο
633 1567 666 1594 ἂν
683 1569 711 1595 αι
725 1569 818 1600 αὐταὶ,
834 1569 858 1595 εἰ
874 1569 920 1594 καὶ
932 1569 960 1595 αι

177 1615 316 1647 συνθέσεις
330 1613 385 1641 εἷεν
411 1616 446 1641 αἱ.
461 1615 542 1642 αὐταί
559 1622 617 1646 πως
636 1614 793 1650 νοούμεναι·
808 1613 893 1641 ταῦτα
917 1612 963 1641 οὖν

177 1662 245 1697 πρὸς
259 1661 290 1688 τὺ
307 1661 432 1688 ἀπαιτεῖν
446 1662 519 1696 ἡμᾶς
534 1661 649 1696 φυτικὴν
668 1661 741 1697 ζωὴν
760 1660 808 1688 καὶ
833 1661 961 1696 αἴσθησιν

175 1708 290 1743 τοπικὴν
313 1708 346 1734 ὲκ
359 1707 405 1734 τοῦ
416 1704 502 1741 Λόγου
523 1707 609 1738 δεῖξαι
631 1708 664 1742 τῇ
690 1707 771 1741 σαρκὶ
798 1706 959 1741 γενομένην,

1012 256 1039 282 in
1063 263 1117 290 quo
1134 255 1285 282 secundum
1310 254 1493 281 substantiam
1517 253 1616 280 inerat.
1634 251 1681 280 Sic
1702 256 1795 280 autem

1010 300 1063 327 erit
1080 308 1135 326 non
1159 299 1244 326 libera
1272 299 1320 326 scd
1337 298 1491 326 essentialis
1510 297 1659 325 rectitude.

1045 346 1279 379 Quemadmodum
1295 345 1313 372 ii
1329 345 1376 380 qui
1388 345 1526 379 ingentem
1538 343 1630 379 ignem
1640 343 1796 371 accendere

1010 391 1117 424 volunt,
1145 399 1220 424 cum,
1243 395 1405 425 consumpta
1428 390 1504 417 omni
1527 389 1719 422 maleria,sibi
1739 389 1794 424 jam

1010 437 1232 471 languescentem
1251 435 1387 463 ﬂammam
1415 435 1549 468 videant,
1569 435 1727 462 devorantis
1770 433 1794 458 i-

1009 481 1069 518 guis
1075 481 1220 509 voracitate
1229 482 1361 517 superati,
1373 482 1504 516 quoniam
1519 481 1553 508 ad
1564 481 1693 508 alendum
1704 482 1793 514 ignem

1010 535 1066 553 non
1087 527 1209 561 suppetit
1226 535 1275 562 par
1292 527 1436 558 materies,
1454 525 1616 560 colligendis
1632 525 1744 559 stipulis
1760 525 1795 551 ob

1012 571 1130 606 inopiam
1146 570 1212 598 dant
1231 578 1342 605 operam
1362 571 1464 605 quibus
1488 570 1596 597 ﬂamma
1609 571 1749 597 nutriatur
1762 577 1797 596 ne

1010 617 1122 643 omnino
1148 616 1241 643 lumen
1253 617 1461 651 exstinguatur:
1481 615 1518 642 ita
1534 619 1561 642 et
1583 623 1633 642 vos
1646 635 1652 646 .
1671 623 1705 642 eo
1723 614 1797 649 quod

1011 662 1137 689 immanis
1153 666 1307 689 vestrorum
1329 665 1555 695 argumentorum
1576 668 1662 695 agger.
1675 660 1798 687 veritatis

1011 708 1074 742 igne
1097 707 1305 734 mendaciorum
1332 706 1417 734 edace
1439 706 1549 741 penitus
1570 706 1732 740 absumptus
1744 710 1796 737 est.

1012 752 1113 787 ineptis
1136 756 1241 779 tantum
1270 751 1493 779 cavillationibus
1523 751 1643 786 jurgium
1668 750 1799 777 adversus

1011 806 1062 826 nos
1075 799 1225 833 incoeptum
1238 797 1311 825 alitis
1325 807 1331 824 :
1344 797 1483 832 quomodo
1496 797 1598 824 etenim
1613 797 1797 831 universalem

1012 844 1221 872 similitudinem
1247 844 1360 871 inducet
1381 844 1428 871 illa
1446 843 1617 878 comparatio
1633 842 1757 877 corporis
1772 847 1800 873 ct

1011 891 1108 918 animae
1122 890 1224 927 avobis
1234 889 1262 916 in
1276 889 1386 916 modum
1400 889 1519 923 exempli
1534 888 1633 916 allata?
1646 888 1715 915 Illud
1724 888 1798 914 enim

1010 936 1088 963 vobis
1100 935 1127 963 in
1140 935 1300 962 memoriam
1313 934 1504 962 revocabimus
1528 934 1607 969 quasi
1625 933 1798 969 ignoraretis,

1010 980 1216 1015 sapientissimi,
1241 987 1297 1006 non
1316 979 1430 1006 omnino
1447 978 1554 1006 scilicet
1575 979 1785 1013 conjunctiones

1010 1027 1131 1059 illarum,
1148 1035 1210 1061 quae
1230 1025 1381 1053 secundum
1402 1024 1468 1059 quid
1482 1024 1587 1052 similes
1603 1028 1676 1056 sunt,
1688 1031 1748 1051 esse
1760 1023 1799 1050 si-

1011 1072 1090 1098 miles
1100 1075 1161 1098 actu
1177 1074 1224 1097 aut
1234 1078 1329 1097 earnm
1340 1075 1438 1096 caetera
1450 1068 1637 1096 consectaria?
1646 1069 1699 1096 Vos
1707 1072 1799 1095 autem

1012 1117 1124 1144 minime
1135 1123 1234 1143 censeo
1248 1116 1304 1142 hinc
1316 1115 1408 1142 omnia
1425 1115 1584 1149 ignorasse:
1599 1114 1642 1141 vir
1653 1114 1727 1141 enim
1739 1113 1801 1140 viro

1012 1162 1164 1190 secundum
1188 1161 1279 1188 locum
1300 1161 1329 1187 in
1348 1160 1470 1187 Ecclesia
1487 1159 1665 1194 coniungitur
1685 1163 1713 1186 et
1731 1158 1803 1193 lapis

1011 1207 1114 1242 lapidi:
1130 1207 1182 1234 viri
1195 1211 1285 1234 autem
1299 1206 1474 1241 eonjunctio,
1491 1213 1539 1232 seu
1558 1204 1737 1240 juxtapositio
1762 1204 1802 1231 fa-

1012 1253 1200 1280 miliaritatem
1225 1260 1273 1279 seu
1293 1252 1457 1279 charilatem
1490 1255 1615 1278 mutuam
1645 1254 1672 1277 et
1702 1254 1801 1277 caetera

1013 1296 1172 1332 hujusmodi
1200 1296 1229 1323 in
1254 1296 1371 1322 alterum
1397 1295 1495 1330 gignit,
1515 1294 1637 1329 lapidum
1654 1301 1720 1321 vero
1733 1301 1801 1320 con-

1010 1342 1118 1379 junctio
1139 1342 1209 1368 nihil
1225 1342 1315 1368 simile
1332 1340 1420 1375 parit;
1443 1340 1624 1379 illud_autem
1647 1339 1727 1366 vobis
1743 1342 1803 1365 erat

1013 1386 1194 1423 spectandum
1203 1393 1322 1421 quorum
1338 1394 1393 1412 non
1407 1375 1629 1413 ea‘dcm'naturaa
1648 1392 1741 1411 eorum
1755 1391 1805 1410 nc-

1014 1441 1067 1468 que
1088 1433 1197 1459 easdem
1214 1439 1274 1459 esse
1293 1431 1582 1463 communieationes;
1600 1430 1734 1465 siquidem
1756 1437 1803 1456 ne‘

1013 1487 1066 1514 que
1078 1484 1142 1506 sunt
1157 1478 1257 1506 eaedem
1269 1477 1465 1513 proprietates,
1482 1485 1533 1504 nec
1543 1477 1644 1504 ewdem
1659 1475 1804 1503 facultates

1015 1531 1062 1552 aut
1081 1525 1220 1560 potentiae,
1236 1525 1342 1552 etiamsi
1358 1518 1567 1561 coniunctiones
1581 1524 1684 1552 eadem
1699 1531 1804 1558 suppo-

1015 1576 1135 1598 nantur:
1152 1575 1320 1606 quapropter
1331 1572 1502 1606 postulamus
1512 1574 1542 1598 ut
1553 1570 1634 1597 nobis
1642 1569 1805 1596 ostendatur

1016 1618 1099 1644 vitam
1114 1618 1307 1652 vegetativam,
1330 1626 1441 1645 sensum
1466 1621 1493 1644 et
1513 1617 1628 1644 localem
1653 1616 1803 1642 motionem

1014 1671 1049 1690 ex
1074 1662 1165 1690 Verbo
1197 1663 1273 1690 carni
1299 1664 1457 1698 provenire.
1476 1663 1541 1698 quia
1575 1663 1634 1690 haec
1654 1661 1747 1689 omnia
1771 1668 1804 1688 ex

1014 1707 1106 1734 anima
1122 1708 1232 1742 corpori
1253 1709 1399 1743 conjuncta
1423 1709 1562 1735 eveniant.

174 1752 243 1779 διότι
254 1752 341 1779 ταῦτα
351 1752 388 1778 ὲκ
402 1751 491 1786 ψυχῆς
506 1751 611 1785 πέφυκε
634 1751 756 1785 γίνεσθαι
769 1749 962 1786 συντιθεμένης
980 1750 1018 1786 τῷ
1032 1751 1150 1786 σώματι.

217 1796 327 1832 Ἐπειδὴ
353 1796 381 1823 δὲ
394 1798 418 1822 εῑ
446 1797 493 1823 καὶ
521 1796 558 1831 μὴ
573 1796 607 1822 τὰ
622 1797 671 1831 τῆς
682 1796 783 1831 ψυχῆς,
805 1795 861 1822 ἀλλ’
889 1797 963 1831 ὅμως

176 1843 228 1870 κᾶν
238 1842 332 1878 ἕτερόν
345 1850 371 1869 τι
393 1842 459 1868 ιδεῑν
476 1842 530 1867 τῶν
549 1842 626 1876 παρὰ
656 1841 703 1867 τοῦ
720 1838 806 1874 Λόγου
820 1842 853 1876 τῇ
881 1841 964 1876 σαρκὶ

176 1887 393 1924 κερδαινομένων
407 1887 480 1920 ἡμᾶς
492 1887 682 1919 εῑσπράττετε,
693 1887 762 1920 εἴγε,
779 1887 816 1917 ὥς
828 1891 909 1920 φατε,
927 1886 964 1920 μὴ

179 1932 272 1969 μέλλοι
285 1933 374 1968 πάντη
389 1933 519 1966 ἀνόνητος
535 1931 623 1966 ταύτῃ
639 1928 709 1958 εἶναι
724 1932 774 1966 τῆς
782 1931 862 1962 θείας
874 1928 965 1957 συνθέ-

179 1988 248 2011 σεως
265 1980 279 2006 ὲ
288 1980 398 2015 τρόπος,
421 1979 503 2014 μηδέν
517 1988 544 2006 τι
557 1978 610 2005 τῶν
623 1979 673 2013 τῆς
684 1979 773 2014 ψυχῆς
790 1979 806 2013 ἡ
820 1978 889 2013 ὑπὲρ
900 1977 965 2004 ταύ-

177 2034 229 2060 την
244 2026 313 2060 αὖτῇ
328 2025 499 2060 δωρούμενος
511 2033 519 2041 ⁸
544 2025 623 2052 τοῦτο
635 2026 695 2060 ίγάρ
709 2024 832 2059 βούλεται
856 2024 932 2059 ὑμῶν
948 2025 965 2060 ή

179 2071 259 2106 ῥῆσις
270 2070 422 2104 φάσκουσα,
437 2070 478 2096 ὃτι
493 2071 525 2097 El
540 2070 675 2097 ἀπάθειαν
698 2070 746 2097 καὶ
761 2069 916 2105 ἀφθαρσίαν
932 2070 966 2105 τῇ

179 2116 302 2143 συνθέσει
319 2117 554 2152 μαρτυρήσοιμεν,
576 2116 747 2151 ψευδόμεθα·
765 2116 843 2143 τοῦτο
865 2116 920 2151 γὰρ
937 2116 966 2149 ἐξ

178 2162 355 2194 ἀναστάσεως
370 2162 516 2197 ἐσχηκέναι
527 2163 541 2189 ό
556 2162 696 2198 Κυριακδς
707 2163 849 2199 ἄνθρωπος
861 2171 968 2198 μεμαρ-

178 2207 295 2244 τύρηται
305 2216 313 2224 '
327 2207 478 2235 ἀκούσεσθε
490 2208 554 2244 παρ’
571 2209 650 2244 ἡμῶν
664 2209 710 2235 καὶ
726 2210 790 2244 περὶ
800 2209 876 2236 τοῦδε
890 2209 966 2241 τάδε,

178 2255 203 2281 οἱ
222 2254 276 2281 τῶν
292 2254 371 2281 θείων
385 2254 494 2290 δωρεῶν
510 2255 715 2288 ἀνεπίσκεπτοι,
726 2256 766 2282 ὅτι
782 2256 837 2282 Καὶ
854 2255 968 2282 πλεῖστά

178 2301 232 2327 εἰσι
247 2300 282 2327 τὰ
297 2301 329 2327 ὲκ
344 2299 391 2327 τοῦ
410 2300 500 2334 Λόγου
521 2301 555 2335 τῇ
577 2301 659 2336 σαρκὶ
672 2301 824 2336 δωρήματα
846 2302 893 2328 καὶ
922 2301 969 2336 μέ-

1051 1797 1119 1825 Cum
1136 1803 1228 1825 autem
1246 1805 1261 1826 a
1280 1798 1362 1825 nobis
1382 1798 1497 1832 exigatis
1517 1802 1565 1830 ut,
1589 1797 1642 1824 nisi
1664 1804 1725 1831 quae
1741 1801 1806 1824 sunt

1015 1844 1114 1870 animm
1129 1863 1135 1875 ,
1156 1843 1232 1870 aliud
1254 1848 1344 1870 tamen
1370 1842 1437 1878 quid
1466 1850 1646 1878 agnoscamus
1674 1850 1689 1869 a
1714 1841 1808 1869 Verbo

1016 1896 1126 1916 carnem
1142 1889 1281 1923 accepisse
1292 1910 1299 1921 ,
1322 1896 1357 1915 ne
1373 1888 1487 1915 omnino
1500 1908 1507 1921 ,
1534 1893 1563 1915 ut
1591 1887 1683 1915 dicitis
1697 1908 1704 1920 ,
1728 1887 1753 1914 ei
1771 1887 1807 1914 sit

1016 1934 1122 1962 inutilis
1139 1935 1232 1962 divina
1247 1935 1323 1967 unio,
1340 1935 1362 1961 si
1379 1942 1469 1968 neque
1489 1942 1521 1961 ea
1538 1942 1598 1969 qua:
1616 1934 1715 1961 animse
1731 1938 1806 1965 sunt,

1016 1987 1107 2014 neque
1122 1979 1174 2007 alia
1189 1988 1250 2015 qua:
1268 1988 1352 2014 super
1364 1987 1424 2006 eam
1436 2001 1443 2013 ,
1457 1980 1521 2007 inde
1537 1980 1614 2006 carni
1633 1983 1781 2014 suppetant
1799 1986 1807 2005 :

1018 2026 1085 2053 illud
1100 2026 1174 2053 enim
1197 2026 1249 2054 sibi
1273 2026 1333 2053 vult
1347 2025 1374 2052 id
1389 2025 1462 2060 quod
1481 2026 1589 2058 dicitis,
1613 2033 1664 2052 nos
1680 2024 1809 2057 mentiri,

1018 2071 1265 2106 impassibilitatem
1297 2075 1325 2098 et
1366 2070 1658 2105 incorruptibilitalem
1697 2069 1808 2096 unionis

1019 2122 1148 2152 tanquam
1169 2125 1259 2144 causae
1277 2117 1431 2144 tribuentes
1443 2136 1450 2149 ,
1473 2124 1537 2144 cum
1553 2124 1586 2143 ex
1603 2115 1810 2143 resurrectione

1018 2163 1077 2190 hzec
1087 2162 1218 2189 habuisse
1234 2162 1372 2189 hominem
1389 2162 1561 2189 Dominicum
1581 2162 1660 2196 plane
1673 2165 1780 2188 constet
1800 2169 1810 2187 ι

1019 2217 1034 2236 a
1051 2209 1132 2236 nobis
1148 2209 1277 2241 audietis,
1296 2217 1312 2236 ο
1322 2209 1458 2236 donorum
1470 2208 1518 2236 Dei
1533 2208 1632 2243 ignari,
1649 2208 1734 2234 multa
1748 2214 1810 2234 esse

1020 2260 1049 2282 et
1071 2255 1300 2290 praestantissima
1319 2255 1390 2282 dona
1407 2263 1421 2282 a
1440 2254 1529 2282 Verbo
1549 2255 1624 2282 carni
1648 2254 1746 2281 collata
1762 2262 1768 2280 :
1785 2254 1810 2280 si

1019 2303 1121 2330 etenim
1137 2306 1165 2328 ct
1176 2301 1424 2336 impassibilitatem
1436 2305 1464 2328 et
1476 2300 1766 2335 incorruptibilitatcm
1777 2305 1812 2327 ex

179 2354 261 2380 γιστα
271 2354 277 2360 ·
295 2347 319 2372 εἰ
331 2346 386 2380 γὰρ
403 2346 454 2373 καὶ
466 2345 516 2381 τὴν
535 2346 671 2373 ἀπάθειαν
685 2348 732 2374 καὶ
749 2347 799 2382 τὴν
812 2347 963 2382 ἀφθαρσίαν

1020 2349 1224 2376 resurrectione
1244 2348 1360 2381 habuit,
1380 2354 1433 2374 non
1447 2347 1525 2375 aliter
1538 2355 1570 2374 ac
1586 2355 1683 2374 omnes
1698 2354 1746 2373 nos
1763 2347 1814 2372 hoc
1837 2340 1844 2352 ‘

180 2394 210 2425 ἐξ
238 2393 412 2425 ἀναστάσεως
438 2394 594 2426 ἐπεδέξατο,
608 2394 680 2420 καθὰ
706 2395 806 2426 πάντες
833 2394 967 2429 μέλλομεν

180 2439 252 2474 ἔχειν
271 2439 296 2465 οἱ
313 2439 462 2474 ἄνθρωποι,
477 2439 545 2465 ἀλλὰ
561 2441 608 2466 καὶ
622 2439 677 2475 πρδ
698 2440 885 2472 ἀναστάσεως,
901 2441 968 2467 πᾶσι

179 2486 237 2515 τοῖς
253 2486 360 2515 πιστοῖς
374 2484 409 2510 τὰ
432 2484 501 2520 ὑπὲρ
516 2484 672 2520 ἄνθρωπον,
691 2484 775 2521 ἤγουν
795 2486 969 2521 θαυματουρ-

181 2529 248 2564 γικὰ
265 2529 583 2565 δεδώρηταιχαρίσματα
593 2539 600 2546 '
618 2531 665 2558 καὶ
674 2532 866 2568 ἀναμαρτησία
878 2531 906 2558 δὲ
921 2533 969 2559 καὶ

182 2575 291 2609 ἔξουσία
305 2575 388 2610 πολλή
405 2584 435 2602 τε
451 2577 497 2602 καὶ
515 2576 645 2608 ποικίλως
660 2577 868 2613 μαρτυρηθέντα
887 2578 969 2613 αὐτῇ,

183 2620 264 2650 πόθεν
279 2621 478 2656 προσγενέσθαι
489 2623 520 2657 τῇ
535 2623 616 2657 σαρκὶ
627 2623 751 2658 εἴποιμεν
765 2624 832 2658 αὐτῇ
845 2632 852 2655 ;
870 2624 899 2649 οὐ
913 2624 968 2657 γὰρ

182 2667 216 2693 ἂν
239 2667 334 2699 ἁπλῶς
353 2676 395 2698 τις
411 2668 482 2693 εἴποι
510 2668 576 2694 αὐτὸ
590 2668 672 2695 τοῦτο
700 2670 730 2695 τὸ
745 2670 774 2695 ὲν
796 2669 968 2704 ὑποκειμένῳ

182 2713 367 2748 θεωρούμενον
383 2715 510 2748 πρᾶγμα,
534 2715 580 2740 καὶ
596 2715 632 2750 μὴ
665 2715 731 2741 αὐτὸ
749 2715 864 2750 βεϐηκὸς
891 2716 967 2742 νοού-

184 2766 276 2793 μενον,
289 2760 372 2794 ήγουν
383 2761 432 2794 τὴν
452 2761 611 2793 ἀνάστασιν,
627 2761 707 2795 φύσιν
724 2760 792 2788 εἷναί
804 2771 864 2788 τινα
892 2763 969 2797 ἐνερ-

183 2805 300 2839 γητικὴν
313 2806 449 2840 ὲγέρσεως
461 2808 507 2833 καὶ
524 2807 658 2839 ἀπαθείας
678 2809 724 2835 καὶ
738 2807 892 2844 ἀφθαρσίας
916 2807 968 2835 ad»

222 2863 242 2880 "
259 2864 269 2890 ι
285 2863 358 2891 Tim.
375 2873 413 2898 ιιι,
441 2866 483 2893 l6.

1021 2395 1111 2422 mines
1124 2402 1219 2421 sumus
1234 2394 1368 2426 habituri,
1381 2397 1502 2420 attamen
1515 2398 1543 2421 et
1559 2397 1622 2420 ante
1632 2393 1814 2420 resurrectiw

1022 2448 1084 2468 nem
1103 2440 1232 2467 omnibus
1260 2440 1389 2467 ﬁdelibus
1419 2446 1450 2467 ea
1475 2447 1535 2474 qua:
1564 2444 1647 2473 smper
1672 2438 1811 2465 hominem

1021 2491 1098 2519 sunt,
1113 2487 1172 2514 sive
1187 2486 1406 2521 tbaumaturgica
1426 2485 1497 2513 dona
1511 2485 1624 2520 largitus
1638 2490 1680 2512 cst
1690 2506 1696 2517 ,
1711 2484 1817 2519 impera

1022 2532 1148 2559 cabilitas
1162 2539 1272 2566 quoque
1285 2537 1312 2558 et
1331 2539 1428 2566 magna
1446 2531 1567 2565 potentia
1588 2530 1661 2556 varie
1695 2530 1811 2556 maniit‘

1023 2583 1094 2605 stata
1108 2598 1115 2610 ,
1137 2577 1211 2604 unde
1231 2577 1307 2604 carni
1333 2578 1387 2604 huc
1404 2577 1553 2604 accessisse
1579 2575 1720 2602 dicemus?
1753 2575 1811 2602 Non

1021 2624 1095 2652 enim
1118 2623 1284 2659 insipienter
1307 2623 1448 2651 diceretur
1471 2622 1537 2649 illud
1553 2627 1657 2649 tantum
1678 2621 1751 2656 quod
1771 2626 1814 2647 est

1021 2670 1208 2697 essentialiter
1220 2669 1248 2696 in
1261 2669 1386 2703 subjecto
1399 2690 1406 2702 ,
1429 2672 1484 2695 noti
1498 2672 1591 2696 autem
1609 2668 1683 2703 quod
1703 2673 1731 2693 et
1747 2675 1810 2700 sup-

1022 2720 1172 2751 poneretur
1192 2723 1242 2750 per
1257 2715 1387 2742 accidens
1401 2715 1543 2746 accedere,
1559 2714 1650 2749 qualis
1665 2718 1707 2740 cst
1722 2720 1813 2739 rosur—

1024 2763 1124 2795 rectio,
1141 2763 1196 2789 vim
1214 2762 1360 2796 quamdam
1374 2769 1436 2789 esse
1450 2760 1620 2789 eﬂectricem
1631 2759 1815 2787 resurrectio‘

1024 2807 1066 2835 nis
1075 2828 1082 2841 ,
1097 2808 1326 2843 impassihilitatis
1336 2812 1363 2835 ct
1373 2807 1590 2842 incorruptionis
1601 2806 1724 2842 corporis
1732 2806 1770 2833 Ch
1776 2805 1815 2832 ri«
