  <div class='ocr_page' id='page_1' title='image "/cluster/home/n/w/nwhite01/storage/ocr_20150623/86,pt.1/njp.32101007877465/811.png"; bbox 0 0 1968 3094; ppageno 0'>
   <div class='ocr_carea' id='block_1_1' title="bbox 182 143 250 175">
    <p class='ocr_par' dir='ltr' id='par_1_1' title="bbox 182 143 250 175">
     <span class='ocr_line' id='line_1_1' title="bbox 182 143 250 175; baseline 0.015 -1"><span class='ocrx_word' id='word_1_1' title='bbox 182 143 250 175; x_wconf 72' lang='grc'><strong>1475</strong></span> 
     </span>
    </p>
   </div>
   <div class='ocr_carea' id='block_1_2' title="bbox 808 142 1181 173">
    <p class='ocr_par' dir='ltr' id='par_1_2' title="bbox 808 142 1181 173">
     <span class='ocr_line' id='line_1_2' title="bbox 808 142 1181 173; baseline -0.005 1"><span class='ocrx_word' id='word_1_2' title='bbox 808 142 961 173; x_wconf 84' lang='lat' dir='ltr'><strong>LEONTII</strong></span> <span class='ocrx_word' id='word_1_3' title='bbox 982 142 1181 172; x_wconf 79' lang='grc' dir='ltr'><strong>ΒΥΖΛΝΤῘΝΙ</strong></span> 
     </span>
    </p>
   </div>
   <div class='ocr_carea' id='block_1_3' title="bbox 1729 142 1796 173">
    <p class='ocr_par' dir='ltr' id='par_1_3' title="bbox 1729 142 1796 173">
     <span class='ocr_line' id='line_1_3' title="bbox 1729 142 1796 173; baseline 0 0"><span class='ocrx_word' id='word_1_4' title='bbox 1729 142 1796 173; x_wconf 65' lang='grc'>1476</span> 
     </span>
    </p>
   </div>
   <div class='ocr_carea' id='block_1_4' title="bbox 176 195 959 231">
    <p class='ocr_par' dir='ltr' id='par_1_4' title="bbox 176 197 959 231">
     <span class='ocr_line' id='line_1_4' title="bbox 176 197 959 231; baseline -0.004 -6"><span class='ocrx_word' id='word_1_5' title='bbox 176 199 227 230; x_wconf 83' lang='lat' dir='ltr'><strong>sli;</strong></span> <span class='ocrx_word' id='word_1_6' title='bbox 241 205 294 224; x_wconf 86' lang='lat' dir='ltr'><strong>non</strong></span> <span class='ocrx_word' id='word_1_7' title='bbox 310 197 384 224; x_wconf 89' lang='lat' dir='ltr'><strong>enim</strong></span> <span class='ocrx_word' id='word_1_8' title='bbox 402 197 487 224; x_wconf 88' lang='lat' dir='ltr'><strong>nisiin</strong></span> <span class='ocrx_word' id='word_1_9' title='bbox 497 197 660 224; x_wconf 67' lang='lat' dir='ltr'><strong>substantiis</strong></span> <span class='ocrx_word' id='word_1_10' title='bbox 675 197 816 224; x_wconf 83' lang='lat' dir='ltr'><strong>invenitur</strong></span> <span class='ocrx_word' id='word_1_11' title='bbox 827 197 959 231; x_wconf 89' lang='lat' dir='ltr'><strong>quidquid</strong></span> 
     </span>
    </p>
   </div>
   <div class='ocr_carea' id='block_1_5' title="bbox 1011 195 1795 231">
    <p class='ocr_par' dir='ltr' id='par_1_5' title="bbox 1016 195 1795 231">
     <span class='ocr_line' id='line_1_5' title="bbox 1016 195 1795 231; baseline -0.001 -8"><span class='ocrx_word' id='word_1_12' title='bbox 1016 206 1097 231; x_wconf 78' lang='grc' dir='ltr'>ματος</span> <span class='ocrx_word' id='word_1_13' title='bbox 1125 197 1252 231; x_wconf 76' lang='grc' dir='ltr'>Χριστοῦ·</span> <span class='ocrx_word' id='word_1_14' title='bbox 1278 197 1356 230; x_wconf 84' lang='grc' dir='ltr'>μόνον</span> <span class='ocrx_word' id='word_1_15' title='bbox 1376 196 1430 230; x_wconf 80' lang='grc' dir='ltr'><strong>γὰρ</strong></span> <span class='ocrx_word' id='word_1_16' title='bbox 1446 197 1506 228; x_wconf 82' lang='grc' dir='ltr'>ταῖς</span> <span class='ocrx_word' id='word_1_17' title='bbox 1524 197 1631 228; x_wconf 68' lang='grc' dir='ltr'>οὐσίαις</span> <span class='ocrx_word' id='word_1_18' title='bbox 1646 195 1795 230; x_wconf 76' lang='grc' dir='ltr'>ἑνθεωροὺ-</span> 
     </span>
    </p>
   </div>
   <div class='ocr_carea' id='block_1_6' title="bbox 176 243 957 274">
    <p class='ocr_par' dir='ltr' id='par_1_6' title="bbox 176 243 957 274">
     <span class='ocr_line' id='line_1_6' title="bbox 176 243 957 274; baseline -0.001 -4"><span class='ocrx_word' id='word_1_19' title='bbox 176 243 334 274; x_wconf 69' lang='grc' dir='ltr'>ιιεεειιιιίιιίε,</span> <span class='ocrx_word' id='word_1_20' title='bbox 364 243 516 271; x_wconf 74' lang='lat' dir='ltr'><strong>accidentia</strong></span> <span class='ocrx_word' id='word_1_21' title='bbox 536 247 625 270; x_wconf 84' lang='lat' dir='ltr'><strong>autem</strong></span> <span class='ocrx_word' id='word_1_22' title='bbox 642 243 669 270; x_wconf 81' lang='lat' dir='ltr'><strong>in</strong></span> <span class='ocrx_word' id='word_1_23' title='bbox 683 250 776 273; x_wconf 84' lang='lat' dir='ltr'><strong>carne.</strong></span> <span class='ocrx_word' id='word_1_24' title='bbox 795 247 898 269; x_wconf 87' lang='lat' dir='ltr'><strong>utsunt</strong></span> <span class='ocrx_word' id='word_1_25' title='bbox 916 243 957 269; x_wconf 95' lang='lat' dir='ltr'><strong>in-</strong></span> 
     </span>
    </p>
   </div>
   <div class='ocr_carea' id='block_1_7' title="bbox 175 287 960 321">
    <p class='ocr_par' dir='ltr' id='par_1_7' title="bbox 175 287 960 321">
     <span class='ocr_line' id='line_1_7' title="bbox 175 287 960 321; baseline 0 -8"><span class='ocrx_word' id='word_1_26' title='bbox 175 288 336 318; x_wconf 64' lang='lat' dir='ltr'><strong>earceratio,</strong></span> <span class='ocrx_word' id='word_1_27' title='bbox 354 287 480 318; x_wconf 75' lang='lat' dir='ltr'><strong>elevatio,</strong></span> <span class='ocrx_word' id='word_1_28' title='bbox 492 287 647 314; x_wconf 83' lang='lat' dir='ltr'><strong>liumiliatio</strong></span> <span class='ocrx_word' id='word_1_29' title='bbox 656 287 808 319; x_wconf 88' lang='lat' dir='ltr'><strong>etsimilia;</strong></span> <span class='ocrx_word' id='word_1_30' title='bbox 821 295 882 321; x_wconf 69' lang='lat' dir='ltr'><strong>quae</strong></span> <span class='ocrx_word' id='word_1_31' title='bbox 895 287 960 314; x_wconf 83' lang='lat' dir='ltr'><strong>facit</strong></span> 
     </span>
    </p>
   </div>
   <div class='ocr_carea' id='block_1_8' title="bbox 176 332 960 365">
    <p class='ocr_par' dir='ltr' id='par_1_8' title="bbox 176 332 960 365">
     <span class='ocr_line' id='line_1_8' title="bbox 176 332 960 365; baseline 0.001 -7"><span class='ocrx_word' id='word_1_32' title='bbox 176 333 329 360; x_wconf 70' lang='lat' dir='ltr'><strong>substantia</strong></span> <span class='ocrx_word' id='word_1_33' title='bbox 344 336 371 359; x_wconf 90' lang='lat' dir='ltr'><strong>et</strong></span> <span class='ocrx_word' id='word_1_34' title='bbox 384 333 411 359; x_wconf 87' lang='lat' dir='ltr'><strong>in</strong></span> <span class='ocrx_word' id='word_1_35' title='bbox 427 332 579 359; x_wconf 82' lang='lat' dir='ltr'><strong>substantia</strong></span> <span class='ocrx_word' id='word_1_36' title='bbox 596 332 654 359; x_wconf 73' lang='lat' dir='ltr'><strong>ﬁeri</strong></span> <span class='ocrx_word' id='word_1_37' title='bbox 668 336 793 365; x_wconf 83' lang='lat' dir='ltr'><strong>possunt,</strong></span> <span class='ocrx_word' id='word_1_38' title='bbox 807 340 858 359; x_wconf 83' lang='lat' dir='ltr'><strong>nec</strong></span> <span class='ocrx_word' id='word_1_39' title='bbox 867 337 960 359; x_wconf 84' lang='lat' dir='ltr'><strong>tamen</strong></span> 
     </span>
    </p>
   </div>
   <div class='ocr_carea' id='block_1_9' title="bbox 176 377 958 411">
    <p class='ocr_par' dir='ltr' id='par_1_9' title="bbox 176 377 958 411">
     <span class='ocr_line' id='line_1_9' title="bbox 176 377 958 411; baseline 0.003 -9"><span class='ocrx_word' id='word_1_40' title='bbox 176 377 279 411; x_wconf 73' lang='lat' dir='ltr'><strong>scripta</strong></span> <span class='ocrx_word' id='word_1_41' title='bbox 304 377 394 404; x_wconf 78' lang='lat' dir='ltr'><strong>facere</strong></span> <span class='ocrx_word' id='word_1_42' title='bbox 416 381 463 404; x_wconf 83' lang='lat' dir='ltr'><strong>aut</strong></span> <span class='ocrx_word' id='word_1_43' title='bbox 485 377 618 411; x_wconf 75' lang='lat' dir='ltr'><strong>quidquid</strong></span> <span class='ocrx_word' id='word_1_44' title='bbox 644 377 715 404; x_wconf 86' lang='lat' dir='ltr'><strong>alius</strong></span> <span class='ocrx_word' id='word_1_45' title='bbox 740 384 773 404; x_wconf 74' lang='lat' dir='ltr'><strong>es</strong></span> <span class='ocrx_word' id='word_1_46' title='bbox 812 377 909 411; x_wconf 85' lang='lat' dir='ltr'><strong>seipsis</strong></span> <span class='ocrx_word' id='word_1_47' title='bbox 930 378 958 404; x_wconf 91' lang='lat' dir='ltr'><strong>in</strong></span> 
     </span>
    </p>
   </div>
   <div class='ocr_carea' id='block_1_10' title="bbox 176 423 958 458">
    <p class='ocr_par' dir='ltr' id='par_1_10' title="bbox 176 423 958 458">
     <span class='ocr_line' id='line_1_10' title="bbox 176 423 958 458; baseline 0.003 -9"><span class='ocrx_word' id='word_1_48' title='bbox 176 423 338 450; x_wconf 72' lang='lat' dir='ltr'><strong>substantiis</strong></span> <span class='ocrx_word' id='word_1_49' title='bbox 361 431 480 457; x_wconf 89' lang='lat' dir='ltr'><strong>unquam</strong></span> <span class='ocrx_word' id='word_1_50' title='bbox 499 427 629 458; x_wconf 80' lang='lat' dir='ltr'><strong>poterunt</strong></span> <span class='ocrx_word' id='word_1_51' title='bbox 647 432 653 450; x_wconf 87' lang='lat'>:</span> <span class='ocrx_word' id='word_1_52' title='bbox 670 431 732 450; x_wconf 84' lang='lat' dir='ltr'><strong>nam</strong></span> <span class='ocrx_word' id='word_1_53' title='bbox 748 431 838 458; x_wconf 82' lang='lat' dir='ltr'><strong>neque</strong></span> <span class='ocrx_word' id='word_1_54' title='bbox 853 424 958 456; x_wconf 82' lang='lat' dir='ltr'><strong>Lazari,</strong></span> 
     </span>
    </p>
   </div>
   <div class='ocr_carea' id='block_1_11' title="bbox 176 469 959 503">
    <p class='ocr_par' dir='ltr' id='par_1_11' title="bbox 176 469 959 503">
     <span class='ocr_line' id='line_1_11' title="bbox 176 469 959 503; baseline 0.004 -8"><span class='ocrx_word' id='word_1_55' title='bbox 176 469 346 503; x_wconf 67' lang='lat' dir='ltr'><strong>nequmtiliae</strong></span> <span class='ocrx_word' id='word_1_56' title='bbox 370 469 448 501; x_wconf 82' lang='lat' dir='ltr'><strong>Jairi,</strong></span> <span class='ocrx_word' id='word_1_57' title='bbox 469 474 516 496; x_wconf 91' lang='lat' dir='ltr'><strong>aut</strong></span> <span class='ocrx_word' id='word_1_58' title='bbox 532 475 694 497; x_wconf 51' lang='lat' dir='ltr'><strong>ceterorum</strong></span> <span class='ocrx_word' id='word_1_59' title='bbox 719 470 887 498; x_wconf 82' lang='lat' dir='ltr'><strong>resurrectio</strong></span> <span class='ocrx_word' id='word_1_60' title='bbox 908 471 959 498; x_wconf 88' lang='lat' dir='ltr'><strong>ali—</strong></span> 
     </span>
    </p>
   </div>
   <div class='ocr_carea' id='block_1_12' title="bbox 175 513 556 548">
    <p class='ocr_par' dir='ltr' id='par_1_12' title="bbox 175 513 556 548">
     <span class='ocr_line' id='line_1_12' title="bbox 175 513 556 548; baseline 0.003 -9"><span class='ocrx_word' id='word_1_61' title='bbox 175 514 241 548; x_wconf 87' lang='lat' dir='ltr'><strong>quid</strong></span> <span class='ocrx_word' id='word_1_62' title='bbox 258 513 285 540; x_wconf 94' lang='lat' dir='ltr'><strong>in</strong></span> <span class='ocrx_word' id='word_1_63' title='bbox 301 514 341 541; x_wconf 89' lang='lat' dir='ltr'><strong>eis</strong></span> <span class='ocrx_word' id='word_1_64' title='bbox 356 522 388 541; x_wconf 84' lang='lat' dir='ltr'><strong>ex</strong></span> <span class='ocrx_word' id='word_1_65' title='bbox 405 522 434 541; x_wconf 87' lang='lat' dir='ltr'><strong>se</strong></span> <span class='ocrx_word' id='word_1_66' title='bbox 454 514 556 541; x_wconf 84' lang='lat' dir='ltr'><strong>ell‘ecit.</strong></span> 
     </span>
    </p>
   </div>
   <div class='ocr_carea' id='block_1_13' title="bbox 210 559 960 594">
    <p class='ocr_par' dir='ltr' id='par_1_13' title="bbox 210 559 960 594">
     <span class='ocr_line' id='line_1_13' title="bbox 210 559 960 594; baseline 0.004 -9"><span class='ocrx_word' id='word_1_67' title='bbox 210 559 353 591; x_wconf 78' lang='lat' dir='ltr'><strong>Quomodo</strong></span> <span class='ocrx_word' id='word_1_68' title='bbox 365 567 430 594; x_wconf 84' lang='lat' dir='ltr'><strong>ergo</strong></span> <span class='ocrx_word' id='word_1_69' title='bbox 445 559 539 586; x_wconf 87' lang='lat' dir='ltr'><strong>dicitis</strong></span> <span class='ocrx_word' id='word_1_70' title='bbox 554 560 612 587; x_wconf 65' lang='lat' dir='ltr'><strong>haec</strong></span> <span class='ocrx_word' id='word_1_71' title='bbox 633 567 666 586; x_wconf 85' lang='lat' dir='ltr'><strong>ex</strong></span> <span class='ocrx_word' id='word_1_72' title='bbox 687 560 890 588; x_wconf 79' lang='lat' dir='ltr'><strong>resurrectione</strong></span> <span class='ocrx_word' id='word_1_73' title='bbox 909 561 960 588; x_wconf 83' lang='lat' dir='ltr'><strong>ba-</strong></span> 
     </span>
    </p>
   </div>
   <div class='ocr_carea' id='block_1_14' title="bbox 176 602 961 632">
    <p class='ocr_par' dir='ltr' id='par_1_14' title="bbox 176 602 961 632">
     <span class='ocr_line' id='line_1_14' title="bbox 176 602 961 632; baseline 0.004 -3"><span class='ocrx_word' id='word_1_74' title='bbox 176 602 268 630; x_wconf 78' lang='lat' dir='ltr'><strong>buisse</strong></span> <span class='ocrx_word' id='word_1_75' title='bbox 280 604 420 631; x_wconf 84' lang='lat' dir='ltr'><strong>hominem</strong></span> <span class='ocrx_word' id='word_1_76' title='bbox 432 604 602 630; x_wconf 86' lang='lat' dir='ltr'><strong>Dominicum</strong></span> <span class='ocrx_word' id='word_1_77' title='bbox 612 603 659 631; x_wconf 87' lang='lat' dir='ltr'><strong>?Si</strong></span> <span class='ocrx_word' id='word_1_78' title='bbox 669 605 742 631; x_wconf 85' lang='lat' dir='ltr'><strong>enim</strong></span> <span class='ocrx_word' id='word_1_79' title='bbox 758 612 773 631; x_wconf 94' lang='lat' dir='ltr'><strong>a</strong></span> <span class='ocrx_word' id='word_1_80' title='bbox 785 613 815 632; x_wconf 90' lang='lat' dir='ltr'><strong>re</strong></span> <span class='ocrx_word' id='word_1_81' title='bbox 824 613 878 632; x_wconf 90' lang='lat' dir='ltr'><strong>non</strong></span> <span class='ocrx_word' id='word_1_82' title='bbox 887 606 961 632; x_wconf 81' lang='lat' dir='ltr'><strong>exsi-</strong></span> 
     </span>
    </p>
   </div>
   <div class='ocr_carea' id='block_1_15' title="bbox 176 648 959 684">
    <p class='ocr_par' dir='ltr' id='par_1_15' title="bbox 176 648 959 684">
     <span class='ocr_line' id='line_1_15' title="bbox 176 648 959 684; baseline 0.005 -10"><span class='ocrx_word' id='word_1_83' title='bbox 176 648 259 675; x_wconf 84' lang='lat' dir='ltr'><strong>stenti</strong></span> <span class='ocrx_word' id='word_1_84' title='bbox 284 649 397 681; x_wconf 82' lang='lat' dir='ltr'><strong>habuit,</strong></span> <span class='ocrx_word' id='word_1_85' title='bbox 412 649 467 684; x_wconf 89' lang='lat' dir='ltr'><strong>jam</strong></span> <span class='ocrx_word' id='word_1_86' title='bbox 489 657 543 675; x_wconf 88' lang='lat' dir='ltr'><strong>non</strong></span> <span class='ocrx_word' id='word_1_87' title='bbox 564 649 739 684; x_wconf 74' lang='lat' dir='ltr'><strong>reputabitur</strong></span> <span class='ocrx_word' id='word_1_88' title='bbox 752 657 849 677; x_wconf 89' lang='lat' dir='ltr'><strong>eorum</strong></span> <span class='ocrx_word' id='word_1_89' title='bbox 861 653 888 677; x_wconf 89' lang='lat' dir='ltr'><strong>et</strong></span> <span class='ocrx_word' id='word_1_90' title='bbox 906 651 959 678; x_wconf 86' lang='lat' dir='ltr'><strong>sibi</strong></span> 
     </span>
    </p>
   </div>
   <div class='ocr_carea' id='block_1_16' title="bbox 176 693 960 730">
    <p class='ocr_par' dir='ltr' id='par_1_16' title="bbox 176 693 960 730">
     <span class='ocr_line' id='line_1_16' title="bbox 176 693 960 730; baseline 0.004 -11"><span class='ocrx_word' id='word_1_91' title='bbox 176 698 203 719; x_wconf 87' lang='lat' dir='ltr'><strong>et</strong></span> <span class='ocrx_word' id='word_1_92' title='bbox 219 693 298 720; x_wconf 90' lang='lat' dir='ltr'><strong>nobis</strong></span> <span class='ocrx_word' id='word_1_93' title='bbox 314 694 398 721; x_wconf 81' lang='lat' dir='ltr'><strong>fuisse</strong></span> <span class='ocrx_word' id='word_1_94' title='bbox 409 702 501 727; x_wconf 86' lang='lat' dir='ltr'><strong>causa,</strong></span> <span class='ocrx_word' id='word_1_95' title='bbox 519 695 566 729; x_wconf 88' lang='lat' dir='ltr'><strong>qui</strong></span> <span class='ocrx_word' id='word_1_96' title='bbox 581 700 640 722; x_wconf 91' lang='lat' dir='ltr'><strong>erat</strong></span> <span class='ocrx_word' id='word_1_97' title='bbox 654 699 681 722; x_wconf 91' lang='lat' dir='ltr'><strong>ct</strong></span> <span class='ocrx_word' id='word_1_98' title='bbox 698 695 770 722; x_wconf 74' lang='lat' dir='ltr'><strong>Deus</strong></span> <span class='ocrx_word' id='word_1_99' title='bbox 779 700 855 728; x_wconf 88' lang='lat' dir='ltr'><strong>erat,</strong></span> <span class='ocrx_word' id='word_1_100' title='bbox 870 703 960 730; x_wconf 89' lang='lat' dir='ltr'><strong>neque</strong></span> 
     </span>
    </p>
   </div>
   <div class='ocr_carea' id='block_1_17' title="bbox 176 739 959 777">
    <p class='ocr_par' dir='ltr' id='par_1_17' title="bbox 176 739 959 777">
     <span class='ocr_line' id='line_1_17' title="bbox 176 739 959 777; baseline 0.005 -12"><span class='ocrx_word' id='word_1_101' title='bbox 176 739 248 766; x_wconf 82' lang='lat' dir='ltr'><strong>Deus</strong></span> <span class='ocrx_word' id='word_1_102' title='bbox 260 747 323 766; x_wconf 92' lang='lat' dir='ltr'><strong>eum</strong></span> <span class='ocrx_word' id='word_1_103' title='bbox 347 741 541 774; x_wconf 88' lang='lat' dir='ltr'><strong>resnscitasse;</strong></span> <span class='ocrx_word' id='word_1_104' title='bbox 554 741 576 767; x_wconf 90' lang='lat' dir='ltr'><strong>si</strong></span> <span class='ocrx_word' id='word_1_105' title='bbox 590 745 681 768; x_wconf 88' lang='lat' dir='ltr'><strong>autem</strong></span> <span class='ocrx_word' id='word_1_106' title='bbox 692 742 828 768; x_wconf 81' lang='lat' dir='ltr'><strong>exsistens</strong></span> <span class='ocrx_word' id='word_1_107' title='bbox 842 741 959 777; x_wconf 87' lang='lat' dir='ltr'><strong>aliquid,</strong></span> 
     </span>
    </p>
   </div>
   <div class='ocr_carea' id='block_1_18' title="bbox 175 784 960 821">
    <p class='ocr_par' dir='ltr' id='par_1_18' title="bbox 175 784 960 821">
     <span class='ocr_line' id='line_1_18' title="bbox 175 784 960 821; baseline 0.005 -10"><span class='ocrx_word' id='word_1_108' title='bbox 175 784 228 812; x_wconf 86' lang='lat' dir='ltr'><strong>hoc</strong></span> <span class='ocrx_word' id='word_1_109' title='bbox 251 790 311 813; x_wconf 88' lang='lat' dir='ltr'><strong>erat</strong></span> <span class='ocrx_word' id='word_1_110' title='bbox 335 791 363 813; x_wconf 90' lang='lat' dir='ltr'><strong>et</strong></span> <span class='ocrx_word' id='word_1_111' title='bbox 385 787 509 821; x_wconf 65' lang='lat' dir='ltr'><strong>quaedam</strong></span> <span class='ocrx_word' id='word_1_112' title='bbox 530 787 571 813; x_wconf 87' lang='lat' dir='ltr'><strong>vis</strong></span> <span class='ocrx_word' id='word_1_113' title='bbox 584 795 678 814; x_wconf 87' lang='lat' dir='ltr'><strong>eorum</strong></span> <span class='ocrx_word' id='word_1_114' title='bbox 695 786 819 814; x_wconf 80' lang='lat' dir='ltr'><strong>eti‘ectrix</strong></span> <span class='ocrx_word' id='word_1_115' title='bbox 831 792 858 814; x_wconf 83' lang='lat' dir='ltr'><strong>et</strong></span> <span class='ocrx_word' id='word_1_116' title='bbox 878 795 960 815; x_wconf 81' lang='lat' dir='ltr'><strong>causa</strong></span> 
     </span>
    </p>
   </div>
   <div class='ocr_carea' id='block_1_19' title="bbox 177 830 959 868">
    <p class='ocr_par' dir='ltr' id='par_1_19' title="bbox 177 830 959 868">
     <span class='ocr_line' id='line_1_19' title="bbox 177 830 959 868; baseline 0.004 -11"><span class='ocrx_word' id='word_1_117' title='bbox 177 830 404 864; x_wconf 85' lang='lat' dir='ltr'><strong>impassibilitatis</strong></span> <span class='ocrx_word' id='word_1_118' title='bbox 414 835 442 859; x_wconf 82' lang='lat' dir='ltr'><strong>et</strong></span> <span class='ocrx_word' id='word_1_119' title='bbox 452 832 733 867; x_wconf 82' lang='lat' dir='ltr'><strong>incorruptibilitatis,</strong></span> <span class='ocrx_word' id='word_1_120' title='bbox 746 834 809 868; x_wconf 88' lang='lat' dir='ltr'><strong>quia</strong></span> <span class='ocrx_word' id='word_1_121' title='bbox 822 833 896 860; x_wconf 91' lang='lat' dir='ltr'><strong>nulla</strong></span> <span class='ocrx_word' id='word_1_122' title='bbox 907 833 959 860; x_wconf 91' lang='lat' dir='ltr'><strong>alia</strong></span> 
     </span>
    </p>
   </div>
   <div class='ocr_carea' id='block_1_20' title="bbox 1013 240 1795 276">
    <p class='ocr_par' dir='ltr' id='par_1_20' title="bbox 1013 240 1795 276">
     <span class='ocr_line' id='line_1_20' title="bbox 1013 240 1795 276; baseline -0.001 -9"><span class='ocrx_word' id='word_1_123' title='bbox 1013 242 1091 276; x_wconf 84' lang='grc' dir='ltr'>μενόν</span> <span class='ocrx_word' id='word_1_124' title='bbox 1099 241 1124 268; x_wconf 88' lang='grc' dir='ltr'><strong>τί</strong></span> <span class='ocrx_word' id='word_1_125' title='bbox 1135 243 1202 272; x_wconf 77' lang='grc' dir='ltr'>ἐστι,</span> <span class='ocrx_word' id='word_1_126' title='bbox 1210 242 1254 268; x_wconf 70' lang='grc' dir='ltr'>καὶ</span> <span class='ocrx_word' id='word_1_127' title='bbox 1263 240 1458 274; x_wconf 72' lang='grc' dir='ltr'>ὲπισυμὸαἴνον</span> <span class='ocrx_word' id='word_1_128' title='bbox 1466 241 1550 276; x_wconf 73' lang='grc' dir='ltr'>αὐτῇ,</span> <span class='ocrx_word' id='word_1_129' title='bbox 1561 240 1656 275; x_wconf 82' lang='grc' dir='ltr'>ὥσπερ</span> <span class='ocrx_word' id='word_1_130' title='bbox 1665 241 1711 266; x_wconf 72' lang='grc' dir='ltr'>καὶ</span> <span class='ocrx_word' id='word_1_131' title='bbox 1720 242 1736 275; x_wconf 87' lang='grc' dir='ltr'><strong>ή</strong></span> <span class='ocrx_word' id='word_1_132' title='bbox 1748 249 1795 267; x_wconf 70' lang='grc' dir='ltr'><strong>χά-</strong></span> 
     </span>
    </p>
   </div>
   <div class='ocr_carea' id='block_1_21' title="bbox 1011 286 1793 320">
    <p class='ocr_par' dir='ltr' id='par_1_21' title="bbox 1011 286 1793 320">
     <span class='ocr_line' id='line_1_21' title="bbox 1011 286 1793 320; baseline -0.001 -7"><span class='ocrx_word' id='word_1_133' title='bbox 1011 287 1147 318; x_wconf 79' lang='grc' dir='ltr'>τάκλεισις</span> <span class='ocrx_word' id='word_1_134' title='bbox 1159 287 1204 313; x_wconf 73' lang='grc' dir='ltr'>καὶ</span> <span class='ocrx_word' id='word_1_135' title='bbox 1220 286 1323 320; x_wconf 50' lang='lat' dir='ltr'><strong>ﬁsi/mete</strong></span> <span class='ocrx_word' id='word_1_136' title='bbox 1337 286 1384 312; x_wconf 74' lang='grc' dir='ltr'><strong>καὶ</strong></span> <span class='ocrx_word' id='word_1_137' title='bbox 1394 286 1558 318; x_wconf 79' lang='grc' dir='ltr'><strong>ταπείνωσις</strong></span> <span class='ocrx_word' id='word_1_138' title='bbox 1569 287 1616 313; x_wconf 70' lang='grc' dir='ltr'><strong>καὶ</strong></span> <span class='ocrx_word' id='word_1_139' title='bbox 1625 286 1658 313; x_wconf 78' lang='grc' dir='ltr'><strong>τὰ</strong></span> <span class='ocrx_word' id='word_1_140' title='bbox 1673 287 1793 313; x_wconf 72' lang='grc' dir='ltr'>τοιαῦτα·</span> 
     </span>
    </p>
   </div>
   <div class='ocr_carea' id='block_1_22' title="bbox 1010 331 1795 368">
    <p class='ocr_par' dir='ltr' id='par_1_22' title="bbox 1010 331 1795 368">
     <span class='ocr_line' id='line_1_22' title="bbox 1010 331 1795 368; baseline -0.001 -10"><span class='ocrx_word' id='word_1_141' title='bbox 1010 331 1096 358; x_wconf 82' lang='grc' dir='ltr'>ταῦτα</span> <span class='ocrx_word' id='word_1_142' title='bbox 1113 332 1165 366; x_wconf 78' lang='grc' dir='ltr'><strong>γὰρ</strong></span> <span class='ocrx_word' id='word_1_143' title='bbox 1182 331 1259 358; x_wconf 76' lang='grc' dir='ltr'>οὐσία</span> <span class='ocrx_word' id='word_1_144' title='bbox 1278 331 1327 365; x_wconf 80' lang='grc' dir='ltr'><strong>μέν</strong></span> <span class='ocrx_word' id='word_1_145' title='bbox 1342 339 1384 362; x_wconf 85' lang='grc' dir='ltr'><strong>τις</strong></span> <span class='ocrx_word' id='word_1_146' title='bbox 1398 332 1553 368; x_wconf 81' lang='grc' dir='ltr'>ὲνεργήσοι,</span> <span class='ocrx_word' id='word_1_147' title='bbox 1582 332 1629 358; x_wconf 81' lang='grc' dir='ltr'><strong>καὶ</strong></span> <span class='ocrx_word' id='word_1_148' title='bbox 1643 332 1683 363; x_wconf 83' lang='grc' dir='ltr'><strong>είς</strong></span> <span class='ocrx_word' id='word_1_149' title='bbox 1701 331 1795 357; x_wconf 83' lang='grc' dir='ltr'>οὐσίαν</span> 
     </span>
    </p>
   </div>
   <div class='ocr_carea' id='block_1_23' title="bbox 1011 377 1795 414">
    <p class='ocr_par' dir='ltr' id='par_1_23' title="bbox 1011 377 1795 414">
     <span class='ocr_line' id='line_1_23' title="bbox 1011 377 1795 414; baseline 0 -10"><span class='ocrx_word' id='word_1_150' title='bbox 1011 377 1169 412; x_wconf 78' lang='grc' dir='ltr'>ἐνεργηοεεη</span> <span class='ocrx_word' id='word_1_151' title='bbox 1182 378 1214 404; x_wconf 77' lang='grc' dir='ltr'>ἄν</span> <span class='ocrx_word' id='word_1_152' title='bbox 1226 386 1232 394; x_wconf 84' lang='grc'><strong>·</strong></span> <span class='ocrx_word' id='word_1_153' title='bbox 1247 377 1316 404; x_wconf 76' lang='grc' dir='ltr'>αὖτά</span> <span class='ocrx_word' id='word_1_154' title='bbox 1328 379 1418 412; x_wconf 81' lang='grc' dir='ltr'>μέντοι</span> <span class='ocrx_word' id='word_1_155' title='bbox 1446 378 1508 406; x_wconf 79' lang='grc' dir='ltr'>οὔτε</span> <span class='ocrx_word' id='word_1_156' title='bbox 1518 379 1614 410; x_wconf 79' lang='grc' dir='ltr'>ἑαυτὰ,</span> <span class='ocrx_word' id='word_1_157' title='bbox 1625 378 1688 405; x_wconf 79' lang='grc' dir='ltr'>οὔτε</span> <span class='ocrx_word' id='word_1_158' title='bbox 1702 379 1795 414; x_wconf 67' lang='grc' dir='ltr'>ἕτερόν</span> 
     </span>
    </p>
   </div>
   <div class='ocr_carea' id='block_1_24' title="bbox 1011 423 1796 460">
    <p class='ocr_par' dir='ltr' id='par_1_24' title="bbox 1011 423 1796 460">
     <span class='ocr_line' id='line_1_24' title="bbox 1011 423 1796 460; baseline 0.003 -12"><span class='ocrx_word' id='word_1_159' title='bbox 1011 431 1038 448; x_wconf 91' lang='grc' dir='ltr'><strong>τι</strong></span> <span class='ocrx_word' id='word_1_160' title='bbox 1059 423 1088 455; x_wconf 78' lang='grc' dir='ltr'><strong>ἐξ</strong></span> <span class='ocrx_word' id='word_1_161' title='bbox 1106 423 1209 449; x_wconf 80' lang='grc' dir='ltr'><strong>ἑαυτῶν</strong></span> <span class='ocrx_word' id='word_1_162' title='bbox 1232 424 1260 450; x_wconf 75' lang='grc' dir='ltr'>ἐν</span> <span class='ocrx_word' id='word_1_163' title='bbox 1280 424 1383 455; x_wconf 64' lang='grc' dir='ltr'>οὐσίαις</span> <span class='ocrx_word' id='word_1_164' title='bbox 1419 425 1563 460; x_wconf 81' lang='grc' dir='ltr'>ὲνεργήσοι</span> <span class='ocrx_word' id='word_1_165' title='bbox 1585 424 1713 451; x_wconf 81' lang='grc' dir='ltr'>πώποτε”</span> <span class='ocrx_word' id='word_1_166' title='bbox 1736 425 1796 451; x_wconf 66' lang='grc' dir='ltr'><strong>οὐδὲ</strong></span> 
     </span>
    </p>
   </div>
   <div class='ocr_carea' id='block_1_25' title="bbox 1010 468 1796 505">
    <p class='ocr_par' dir='ltr' id='par_1_25' title="bbox 1010 468 1796 505">
     <span class='ocr_line' id='line_1_25' title="bbox 1010 468 1796 505; baseline 0.003 -11"><span class='ocrx_word' id='word_1_167' title='bbox 1010 468 1064 503; x_wconf 86' lang='grc' dir='ltr'><strong>γὰρ</strong></span> <span class='ocrx_word' id='word_1_168' title='bbox 1078 469 1093 502; x_wconf 89' lang='grc' dir='ltr'><strong>ἡ</strong></span> <span class='ocrx_word' id='word_1_169' title='bbox 1110 469 1236 504; x_wconf 80' lang='grc' dir='ltr'><strong>Λαζάρου</strong></span> <span class='ocrx_word' id='word_1_170' title='bbox 1248 469 1307 495; x_wconf 73' lang='grc' dir='ltr'><strong>οὐδὲ</strong></span> <span class='ocrx_word' id='word_1_171' title='bbox 1319 470 1368 504; x_wconf 80' lang='grc' dir='ltr'>τῆς</span> <span class='ocrx_word' id='word_1_172' title='bbox 1381 470 1476 501; x_wconf 79' lang='grc' dir='ltr'>παιδὸς</span> <span class='ocrx_word' id='word_1_173' title='bbox 1484 470 1597 505; x_wconf 77' lang='grc' dir='ltr'>Ἰαείρου</span> <span class='ocrx_word' id='word_1_174' title='bbox 1618 469 1696 504; x_wconf 85' lang='grc' dir='ltr'><strong>ἢτῶν</strong></span> <span class='ocrx_word' id='word_1_175' title='bbox 1708 469 1796 496; x_wconf 66' lang='grc' dir='ltr'>ἄλλων</span> 
     </span>
    </p>
   </div>
   <div class='ocr_carea' id='block_1_26' title="bbox 1011 514 1794 550">
    <p class='ocr_par' dir='ltr' id='par_1_26' title="bbox 1011 514 1794 550">
     <span class='ocr_line' id='line_1_26' title="bbox 1011 514 1794 550; baseline 0 -10"><span class='ocrx_word' id='word_1_176' title='bbox 1011 514 1159 545; x_wconf 75' lang='grc' dir='ltr'>ἀνάστασίς</span> <span class='ocrx_word' id='word_1_177' title='bbox 1167 523 1193 540; x_wconf 82' lang='grc' dir='ltr'><strong>τι</strong></span> <span class='ocrx_word' id='word_1_178' title='bbox 1205 515 1354 549; x_wconf 85' lang='grc' dir='ltr'>πεποίηκεν</span> <span class='ocrx_word' id='word_1_179' title='bbox 1368 515 1408 546; x_wconf 79' lang='grc' dir='ltr'>εἰς</span> <span class='ocrx_word' id='word_1_180' title='bbox 1416 515 1515 546; x_wconf 74' lang='grc' dir='ltr'>αὐτοὺς</span> <span class='ocrx_word' id='word_1_181' title='bbox 1523 515 1591 550; x_wconf 78' lang='grc' dir='ltr'>αὕτη</span> <span class='ocrx_word' id='word_1_182' title='bbox 1599 514 1794 550; x_wconf 73' lang='grc' dir='ltr'>αὖτουργικῶς.</span> 
     </span>
    </p>
   </div>
   <div class='ocr_carea' id='block_1_27' title="bbox 1046 558 1796 594">
    <p class='ocr_par' dir='ltr' id='par_1_27' title="bbox 1046 558 1796 594">
     <span class='ocr_line' id='line_1_27' title="bbox 1046 558 1796 594; baseline 0 -10"><span class='ocrx_word' id='word_1_183' title='bbox 1046 559 1108 589; x_wconf 83' lang='grc' dir='ltr'><strong>Πῶς</strong></span> <span class='ocrx_word' id='word_1_184' title='bbox 1134 558 1181 586; x_wconf 77' lang='grc' dir='ltr'>οὖν</span> <span class='ocrx_word' id='word_1_185' title='bbox 1206 559 1234 592; x_wconf 81' lang='grc' dir='ltr'>ὲε</span> <span class='ocrx_word' id='word_1_186' title='bbox 1266 559 1439 592; x_wconf 75' lang='grc' dir='ltr'><strong>ἀναστάσεως</strong></span> <span class='ocrx_word' id='word_1_187' title='bbox 1467 560 1554 587; x_wconf 86' lang='grc' dir='ltr'>ταῦτα</span> <span class='ocrx_word' id='word_1_188' title='bbox 1580 561 1726 594; x_wconf 72' lang='grc' dir='ltr'><strong>ἐσχηκέναι</strong></span> <span class='ocrx_word' id='word_1_189' title='bbox 1750 559 1796 585; x_wconf 71' lang='grc' dir='ltr'>τιν</span> 
     </span>
    </p>
   </div>
   <div class='ocr_carea' id='block_1_28' title="bbox 1011 604 1408 640">
    <p class='ocr_par' dir='ltr' id='par_1_28' title="bbox 1011 604 1408 640">
     <span class='ocr_line' id='line_1_28' title="bbox 1011 604 1408 640; baseline -0.003 -8"><span class='ocrx_word' id='word_1_190' title='bbox 1011 605 1148 640; x_wconf 76' lang='grc' dir='ltr'>κυριακὸν</span> <span class='ocrx_word' id='word_1_191' title='bbox 1164 604 1305 639; x_wconf 78' lang='grc' dir='ltr'>ἄνθρωπόν</span> <span class='ocrx_word' id='word_1_192' title='bbox 1323 614 1390 639; x_wconf 80' lang='grc' dir='ltr'>φατε</span> <span class='ocrx_word' id='word_1_193' title='bbox 1401 615 1408 637; x_wconf 83' lang='grc'>;</span> 
     </span>
    </p>
   </div>
   <div class='ocr_carea' id='block_1_29' title="bbox 1011 649 1797 684">
    <p class='ocr_par' dir='ltr' id='par_1_29' title="bbox 1011 649 1797 684">
     <span class='ocr_line' id='line_1_29' title="bbox 1011 649 1797 684; baseline -0.001 -8"><span class='ocrx_word' id='word_1_194' title='bbox 1011 658 1076 676; x_wconf 86' lang='grc' dir='ltr'>κτου</span> <span class='ocrx_word' id='word_1_195' title='bbox 1091 650 1255 684; x_wconf 83' lang='grc' dir='ltr'>πράγματος</span> <span class='ocrx_word' id='word_1_196' title='bbox 1269 651 1356 676; x_wconf 81' lang='grc' dir='ltr'>ταῦτα</span> <span class='ocrx_word' id='word_1_197' title='bbox 1371 650 1483 684; x_wconf 82' lang='grc' dir='ltr'>γέγονεν</span> <span class='ocrx_word' id='word_1_198' title='bbox 1500 650 1585 684; x_wconf 83' lang='grc' dir='ltr'>αὐτῷ.</span> <span class='ocrx_word' id='word_1_199' title='bbox 1599 650 1649 684; x_wconf 85' lang='grc' dir='ltr'>οὐχ</span> <span class='ocrx_word' id='word_1_200' title='bbox 1672 650 1686 676; x_wconf 81' lang='grc' dir='ltr'><em>ὁ</em></span> <span class='ocrx_word' id='word_1_201' title='bbox 1709 649 1797 683; x_wconf 79' lang='grc' dir='ltr'>ὑπάρ-</span> 
     </span>
    </p>
   </div>
   <div class='ocr_carea' id='block_1_30' title="bbox 1010 694 1796 730">
    <p class='ocr_par' dir='ltr' id='par_1_30' title="bbox 1010 694 1796 730">
     <span class='ocr_line' id='line_1_30' title="bbox 1010 694 1796 730; baseline -0.001 -8"><span class='ocrx_word' id='word_1_202' title='bbox 1010 704 1065 730; x_wconf 85' lang='grc' dir='ltr'>χων</span> <span class='ocrx_word' id='word_1_203' title='bbox 1082 696 1128 722; x_wconf 84' lang='grc' dir='ltr'><strong>καὶ</strong></span> <span class='ocrx_word' id='word_1_204' title='bbox 1154 694 1191 722; x_wconf 80' lang='grc' dir='ltr'>ὦν</span> <span class='ocrx_word' id='word_1_205' title='bbox 1215 695 1281 727; x_wconf 80' lang='grc' dir='ltr'>Θεὸς</span> <span class='ocrx_word' id='word_1_206' title='bbox 1306 696 1409 722; x_wconf 81' lang='grc' dir='ltr'>τούτων</span> <span class='ocrx_word' id='word_1_207' title='bbox 1431 696 1518 727; x_wconf 83' lang='grc' dir='ltr'>αίτιος</span> <span class='ocrx_word' id='word_1_208' title='bbox 1534 696 1599 730; x_wconf 84' lang='grc' dir='ltr'><strong>ήμίν</strong></span> <span class='ocrx_word' id='word_1_209' title='bbox 1614 703 1644 722; x_wconf 84' lang='grc' dir='ltr'><strong>τε</strong></span> <span class='ocrx_word' id='word_1_210' title='bbox 1660 696 1706 721; x_wconf 71' lang='lat' dir='ltr'><strong>aut</strong></span> <span class='ocrx_word' id='word_1_211' title='bbox 1721 694 1796 728; x_wconf 80' lang='grc' dir='ltr'><strong>αὖτῷ</strong></span> 
     </span>
    </p>
   </div>
   <div class='ocr_carea' id='block_1_31' title="bbox 1009 739 1795 775">
    <p class='ocr_par' dir='ltr' id='par_1_31' title="bbox 1009 739 1795 775">
     <span class='ocr_line' id='line_1_31' title="bbox 1009 739 1795 775; baseline -0.003 -9"><span class='ocrx_word' id='word_1_212' title='bbox 1009 740 1212 775; x_wconf 75' lang='grc' dir='ltr'><strong>λογισθήσεται,</strong></span> <span class='ocrx_word' id='word_1_213' title='bbox 1243 741 1305 768; x_wconf 83' lang='grc' dir='ltr'><strong>οὐδὲ</strong></span> <span class='ocrx_word' id='word_1_214' title='bbox 1332 742 1347 768; x_wconf 86' lang='grc' dir='ltr'><strong>ό</strong></span> <span class='ocrx_word' id='word_1_215' title='bbox 1372 741 1437 772; x_wconf 78' lang='grc' dir='ltr'>Θεὸς</span> <span class='ocrx_word' id='word_1_216' title='bbox 1461 741 1542 767; x_wconf 84' lang='grc' dir='ltr'>αὑτὸν</span> <span class='ocrx_word' id='word_1_217' title='bbox 1570 741 1688 774; x_wconf 77' lang='grc' dir='ltr'>ἔγειρεν·</span> <span class='ocrx_word' id='word_1_218' title='bbox 1728 739 1795 765; x_wconf 73' lang='grc' dir='ltr'>εἰδὲ</span> 
     </span>
    </p>
   </div>
   <div class='ocr_carea' id='block_1_32' title="bbox 1011 785 1794 821">
    <p class='ocr_par' dir='ltr' id='par_1_32' title="bbox 1011 785 1794 821">
     <span class='ocr_line' id='line_1_32' title="bbox 1011 785 1794 821; baseline -0.003 -8"><span class='ocrx_word' id='word_1_219' title='bbox 1011 786 1133 821; x_wconf 85' lang='grc' dir='ltr'>ὑπάρχον</span> <span class='ocrx_word' id='word_1_220' title='bbox 1148 787 1174 813; x_wconf 83' lang='grc' dir='ltr'><strong>τι</strong></span> <span class='ocrx_word' id='word_1_221' title='bbox 1188 787 1257 819; x_wconf 73' lang='grc' dir='ltr'>ἐστι,</span> <span class='ocrx_word' id='word_1_222' title='bbox 1279 787 1326 813; x_wconf 75' lang='grc' dir='ltr'><strong>καὶ</strong></span> <span class='ocrx_word' id='word_1_223' title='bbox 1339 786 1419 821; x_wconf 86' lang='grc' dir='ltr'><strong>φύσις</strong></span> <span class='ocrx_word' id='word_1_224' title='bbox 1434 786 1508 812; x_wconf 77' lang='grc' dir='ltr'>ἐστὶν</span> <span class='ocrx_word' id='word_1_225' title='bbox 1525 787 1542 821; x_wconf 80' lang='grc' dir='ltr'><strong>ἠ</strong></span> <span class='ocrx_word' id='word_1_226' title='bbox 1554 785 1641 811; x_wconf 77' lang='grc' dir='ltr'>ταῦτα</span> <span class='ocrx_word' id='word_1_227' title='bbox 1659 786 1794 819; x_wconf 77' lang='grc' dir='ltr'><strong>ποιήσασα</strong></span> 
     </span>
    </p>
   </div>
   <div class='ocr_carea' id='block_1_33' title="bbox 1010 829 1796 868">
    <p class='ocr_par' dir='ltr' id='par_1_33' title="bbox 1010 829 1796 868">
     <span class='ocr_line' id='line_1_33' title="bbox 1010 829 1796 868; baseline 0 -10"><span class='ocrx_word' id='word_1_228' title='bbox 1010 832 1058 859; x_wconf 80' lang='grc' dir='ltr'>καὶ</span> <span class='ocrx_word' id='word_1_229' title='bbox 1073 833 1206 868; x_wconf 82' lang='grc' dir='ltr'><strong>λεγομένη</strong></span> <span class='ocrx_word' id='word_1_230' title='bbox 1231 833 1365 864; x_wconf 80' lang='grc' dir='ltr'><strong>ἀπαθείας</strong></span> <span class='ocrx_word' id='word_1_231' title='bbox 1384 832 1431 859; x_wconf 80' lang='grc' dir='ltr'>καὶ</span> <span class='ocrx_word' id='word_1_232' title='bbox 1455 831 1609 867; x_wconf 78' lang='grc' dir='ltr'><strong>ἀφθαρσίας</strong></span> <span class='ocrx_word' id='word_1_233' title='bbox 1626 829 1696 859; x_wconf 76' lang='grc' dir='ltr'>εἶναι</span> <span class='ocrx_word' id='word_1_234' title='bbox 1716 841 1796 867; x_wconf 74' lang='grc' dir='ltr'>χαριο</span> 
     </span>
    </p>
   </div>
   <div class='ocr_carea' id='block_1_34' title="bbox 1427 604 1796 640">
    <p class='ocr_par' dir='ltr' id='par_1_34' title="bbox 1427 604 1796 640">
     <span class='ocr_line' id='line_1_34' title="bbox 1427 604 1796 640; baseline -0.003 -9"><span class='ocrx_word' id='word_1_235' title='bbox 1427 607 1451 631; x_wconf 87' lang='grc' dir='ltr'>εἰ</span> <span class='ocrx_word' id='word_1_236' title='bbox 1469 606 1523 640; x_wconf 80' lang='grc' dir='ltr'><strong>γὰρ</strong></span> <span class='ocrx_word' id='word_1_237' title='bbox 1552 606 1582 631; x_wconf 82' lang='grc' dir='ltr'><strong>ὲκ</strong></span> <span class='ocrx_word' id='word_1_238' title='bbox 1601 604 1647 631; x_wconf 82' lang='grc' dir='ltr'>τοῦ</span> <span class='ocrx_word' id='word_1_239' title='bbox 1672 604 1796 639; x_wconf 75' lang='grc' dir='ltr'>ἀνυπάρ-</span> 
     </span>
    </p>
   </div>
   <div class='ocr_carea' id='block_1_35' title="bbox 175 875 959 914">
    <p class='ocr_par' dir='ltr' id='par_1_35' title="bbox 175 878 958 914">
     <span class='ocr_line' id='line_1_35' title="bbox 175 878 958 914; baseline 0.006 -12"><span class='ocrx_word' id='word_1_240' title='bbox 175 881 273 903; x_wconf 87' lang='lat' dir='ltr'><strong>natura</strong></span> <span class='ocrx_word' id='word_1_241' title='bbox 295 884 355 904; x_wconf 88' lang='lat' dir='ltr'><strong>esse</strong></span> <span class='ocrx_word' id='word_1_242' title='bbox 381 882 471 912; x_wconf 81' lang='lat' dir='ltr'><strong>potest</strong></span> <span class='ocrx_word' id='word_1_243' title='bbox 495 878 592 905; x_wconf 90' lang='lat' dir='ltr'><strong>horum</strong></span> <span class='ocrx_word' id='word_1_244' title='bbox 609 878 733 906; x_wconf 79' lang='lat' dir='ltr'><strong>ell‘ectrix</strong></span> <span class='ocrx_word' id='word_1_245' title='bbox 751 884 850 914; x_wconf 66' lang='lat' dir='ltr'><strong>praeter</strong></span> <span class='ocrx_word' id='word_1_246' title='bbox 872 880 958 907; x_wconf 89' lang='lat' dir='ltr'><strong>Deum</strong></span> 
     </span>
    </p>
   </div>
   <div class='ocr_carea' id='block_1_36' title="bbox 1011 875 1796 914">
    <p class='ocr_par' dir='ltr' id='par_1_36' title="bbox 1011 875 1796 912">
     <span class='ocr_line' id='line_1_36' title="bbox 1011 875 1796 912; baseline 0 -9"><span class='ocrx_word' id='word_1_247' title='bbox 1011 878 1089 912; x_wconf 86' lang='grc' dir='ltr'>στική</span> <span class='ocrx_word' id='word_1_248' title='bbox 1101 885 1109 892; x_wconf 88' lang='grc'><strong>·</strong></span> <span class='ocrx_word' id='word_1_249' title='bbox 1130 876 1193 904; x_wconf 71' lang='grc' dir='ltr'>ἐπεὶ</span> <span class='ocrx_word' id='word_1_250' title='bbox 1212 877 1262 912; x_wconf 85' lang='grc' dir='ltr'>οὐχ</span> <span class='ocrx_word' id='word_1_251' title='bbox 1285 877 1367 912; x_wconf 81' lang='grc' dir='ltr'>ἑτέρα.</span> <span class='ocrx_word' id='word_1_252' title='bbox 1382 876 1463 911; x_wconf 81' lang='grc' dir='ltr'>φύσις</span> <span class='ocrx_word' id='word_1_253' title='bbox 1484 875 1561 903; x_wconf 76' lang='grc' dir='ltr'>ἔσται</span> <span class='ocrx_word' id='word_1_254' title='bbox 1573 877 1676 903; x_wconf 86' lang='grc' dir='ltr'>τούτων</span> <span class='ocrx_word' id='word_1_255' title='bbox 1691 885 1796 912; x_wconf 75' lang='grc' dir='ltr'>παρεκ-</span> 
     </span>
    </p>
   </div>
   <div class='ocr_carea' id='block_1_37' title="bbox 176 922 959 960">
    <p class='ocr_par' dir='ltr' id='par_1_37' title="bbox 176 922 959 960">
     <span class='ocr_line' id='line_1_37' title="bbox 176 922 959 960; baseline 0.004 -11"><span class='ocrx_word' id='word_1_256' title='bbox 176 922 242 955; x_wconf 90' lang='lat' dir='ltr'><strong>(non</strong></span> <span class='ocrx_word' id='word_1_257' title='bbox 256 923 329 950; x_wconf 90' lang='lat' dir='ltr'><strong>enim</strong></span> <span class='ocrx_word' id='word_1_258' title='bbox 343 923 464 950; x_wconf 87' lang='lat' dir='ltr'><strong>hominis</strong></span> <span class='ocrx_word' id='word_1_259' title='bbox 475 928 527 956; x_wconf 85' lang='lat' dir='ltr'><strong>est,</strong></span> <span class='ocrx_word' id='word_1_260' title='bbox 542 924 613 951; x_wconf 82' lang='lat' dir='ltr'><strong>sicut</strong></span> <span class='ocrx_word' id='word_1_261' title='bbox 628 924 732 951; x_wconf 87' lang='lat' dir='ltr'><strong>dictum</strong></span> <span class='ocrx_word' id='word_1_262' title='bbox 745 925 796 960; x_wconf 90' lang='lat' dir='ltr'><strong>est)</strong></span> <span class='ocrx_word' id='word_1_263' title='bbox 813 933 820 950; x_wconf 84' lang='lat'>:</span> <span class='ocrx_word' id='word_1_264' title='bbox 840 925 901 959; x_wconf 90' lang='lat' dir='ltr'><strong>quis</strong></span> <span class='ocrx_word' id='word_1_265' title='bbox 917 930 959 953; x_wconf 87' lang='lat' dir='ltr'><strong>est</strong></span> 
     </span>
    </p>
   </div>
   <div class='ocr_carea' id='block_1_38' title="bbox 175 967 958 1005">
    <p class='ocr_par' dir='ltr' id='par_1_38' title="bbox 175 967 958 1005">
     <span class='ocr_line' id='line_1_38' title="bbox 175 967 958 1005; baseline 0.004 -11"><span class='ocrx_word' id='word_1_266' title='bbox 175 967 258 994; x_wconf 89' lang='lat' dir='ltr'><strong>bomo</strong></span> <span class='ocrx_word' id='word_1_267' title='bbox 272 969 320 1003; x_wconf 85' lang='lat' dir='ltr'><strong>qui</strong></span> <span class='ocrx_word' id='word_1_268' title='bbox 335 968 408 996; x_wconf 87' lang='lat' dir='ltr'><strong>vivet</strong></span> <span class='ocrx_word' id='word_1_269' title='bbox 423 973 452 996; x_wconf 82' lang='lat' dir='ltr'><strong>et</strong></span> <span class='ocrx_word' id='word_1_270' title='bbox 463 977 518 995; x_wconf 93' lang='lat' dir='ltr'><strong>non</strong></span> <span class='ocrx_word' id='word_1_271' title='bbox 530 969 635 996; x_wconf 88' lang='lat' dir='ltr'><strong>videbit</strong></span> <span class='ocrx_word' id='word_1_272' title='bbox 645 974 771 1003; x_wconf 85' lang='lat' dir='ltr'><strong>mortem,</strong></span> <span class='ocrx_word' id='word_1_273' title='bbox 785 971 885 1005; x_wconf 82' lang='lat' dir='ltr'><strong>eripiet</strong></span> <span class='ocrx_word' id='word_1_274' title='bbox 898 971 958 997; x_wconf 85' lang='lat' dir='ltr'><strong>ani-</strong></span> 
     </span>
    </p>
   </div>
   <div class='ocr_carea' id='block_1_39' title="bbox 175 1014 958 1051">
    <p class='ocr_par' dir='ltr' id='par_1_39' title="bbox 175 1014 958 1051">
     <span class='ocr_line' id='line_1_39' title="bbox 175 1014 958 1051; baseline 0.005 -12"><span class='ocrx_word' id='word_1_275' title='bbox 175 1021 248 1040; x_wconf 90' lang='lat' dir='ltr'><strong>mam</strong></span> <span class='ocrx_word' id='word_1_276' title='bbox 265 1021 342 1040; x_wconf 91' lang='lat' dir='ltr'><strong>suam</strong></span> <span class='ocrx_word' id='word_1_277' title='bbox 362 1014 396 1041; x_wconf 87' lang='lat' dir='ltr'><strong>de</strong></span> <span class='ocrx_word' id='word_1_278' title='bbox 411 1022 492 1041; x_wconf 88' lang='lat' dir='ltr'><strong>manu</strong></span> <span class='ocrx_word' id='word_1_279' title='bbox 512 1014 612 1042; x_wconf 82' lang='lat' dir='ltr'><strong>inferi?</strong></span> <span class='ocrx_word' id='word_1_280' title='bbox 634 1015 707 1042; x_wconf 88' lang='lat' dir='ltr'><strong>Deus</strong></span> <span class='ocrx_word' id='word_1_281' title='bbox 727 1023 810 1043; x_wconf 88' lang='lat' dir='ltr'><strong>verus</strong></span> <span class='ocrx_word' id='word_1_282' title='bbox 834 1016 887 1043; x_wconf 89' lang='lat' dir='ltr'><strong>erit</strong></span> <span class='ocrx_word' id='word_1_283' title='bbox 911 1016 958 1051; x_wconf 90' lang='lat' dir='ltr'><strong>qui</strong></span> 
     </span>
    </p>
   </div>
   <div class='ocr_carea' id='block_1_40' title="bbox 176 1058 958 1095">
    <p class='ocr_par' dir='ltr' id='par_1_40' title="bbox 176 1058 958 1095">
     <span class='ocr_line' id='line_1_40' title="bbox 176 1058 958 1095; baseline 0.005 -11"><span class='ocrx_word' id='word_1_284' title='bbox 176 1058 234 1085; x_wconf 59' lang='lat' dir='ltr'><strong>lizec</strong></span> <span class='ocrx_word' id='word_1_285' title='bbox 247 1059 338 1086; x_wconf 84' lang='lat' dir='ltr'><strong>omnia</strong></span> <span class='ocrx_word' id='word_1_286' title='bbox 354 1059 433 1092; x_wconf 82' lang='lat' dir='ltr'><strong>facit;</strong></span> <span class='ocrx_word' id='word_1_287' title='bbox 448 1063 477 1086; x_wconf 85' lang='lat' dir='ltr'><strong>et</strong></span> <span class='ocrx_word' id='word_1_288' title='bbox 492 1059 555 1086; x_wconf 89' lang='lat' dir='ltr'><strong>inde</strong></span> <span class='ocrx_word' id='word_1_289' title='bbox 571 1059 649 1087; x_wconf 87' lang='lat' dir='ltr'><strong>vobis</strong></span> <span class='ocrx_word' id='word_1_290' title='bbox 659 1060 713 1087; x_wconf 88' lang='lat' dir='ltr'><strong>erit</strong></span> <span class='ocrx_word' id='word_1_291' title='bbox 726 1060 876 1095; x_wconf 78' lang='lat' dir='ltr'><strong>intelligere</strong></span> <span class='ocrx_word' id='word_1_292' title='bbox 894 1068 958 1088; x_wconf 87' lang='lat' dir='ltr'><strong>eum</strong></span> 
     </span>
    </p>
   </div>
   <div class='ocr_carea' id='block_1_41' title="bbox 175 1102 959 1139">
    <p class='ocr_par' dir='ltr' id='par_1_41' title="bbox 175 1102 959 1139">
     <span class='ocr_line' id='line_1_41' title="bbox 175 1102 959 1139; baseline 0.005 -10"><span class='ocrx_word' id='word_1_293' title='bbox 175 1102 260 1130; x_wconf 70' lang='lat' dir='ltr'><strong>fuisse</strong></span> <span class='ocrx_word' id='word_1_294' title='bbox 271 1110 368 1131; x_wconf 89' lang='lat' dir='ltr'><strong>eorum</strong></span> <span class='ocrx_word' id='word_1_295' title='bbox 391 1111 501 1131; x_wconf 79' lang='lat' dir='ltr'><strong>causam</strong></span> <span class='ocrx_word' id='word_1_296' title='bbox 516 1108 543 1131; x_wconf 93' lang='lat' dir='ltr'><strong>et</strong></span> <span class='ocrx_word' id='word_1_297' title='bbox 556 1110 695 1132; x_wconf 84' lang='lat' dir='ltr'><strong>auctorem</strong></span> <span class='ocrx_word' id='word_1_298' title='bbox 707 1125 714 1137; x_wconf 84' lang='lat'><strong>,</strong></span> <span class='ocrx_word' id='word_1_299' title='bbox 731 1105 959 1139; x_wconf 87' lang='lat' dir='ltr'><strong>impassibilitatis</strong></span> 
     </span>
    </p>
   </div>
   <div class='ocr_carea' id='block_1_42' title="bbox 176 1149 958 1186">
    <p class='ocr_par' dir='ltr' id='par_1_42' title="bbox 176 1149 958 1186">
     <span class='ocr_line' id='line_1_42' title="bbox 176 1149 958 1186; baseline 0.004 -11"><span class='ocrx_word' id='word_1_300' title='bbox 176 1149 280 1176; x_wconf 82' lang='lat' dir='ltr'><strong>scilicet</strong></span> <span class='ocrx_word' id='word_1_301' title='bbox 303 1153 332 1176; x_wconf 88' lang='lat' dir='ltr'><strong>et</strong></span> <span class='ocrx_word' id='word_1_302' title='bbox 359 1149 639 1184; x_wconf 85' lang='lat' dir='ltr'><strong>incorruptibilitatis,</strong></span> <span class='ocrx_word' id='word_1_303' title='bbox 658 1151 731 1185; x_wconf 86' lang='lat' dir='ltr'><strong>quod</strong></span> <span class='ocrx_word' id='word_1_304' title='bbox 749 1159 814 1178; x_wconf 86' lang='lat' dir='ltr'><strong>vere</strong></span> <span class='ocrx_word' id='word_1_305' title='bbox 838 1151 958 1186; x_wconf 87' lang='lat' dir='ltr'><strong>seipsum</strong></span> 
     </span>
    </p>
   </div>
   <div class='ocr_carea' id='block_1_43' title="bbox 176 1194 957 1231">
    <p class='ocr_par' dir='ltr' id='par_1_43' title="bbox 176 1194 957 1231">
     <span class='ocr_line' id='line_1_43' title="bbox 176 1194 957 1231; baseline 0.005 -11"><span class='ocrx_word' id='word_1_306' title='bbox 176 1194 323 1221; x_wconf 87' lang='lat' dir='ltr'><strong>suscitasse</strong></span> <span class='ocrx_word' id='word_1_307' title='bbox 339 1194 457 1226; x_wconf 84' lang='lat' dir='ltr'><strong>dicatur,</strong></span> <span class='ocrx_word' id='word_1_308' title='bbox 475 1195 521 1229; x_wconf 90' lang='lat' dir='ltr'><strong>qui</strong></span> <span class='ocrx_word' id='word_1_309' title='bbox 540 1203 638 1229; x_wconf 86' lang='lat' dir='ltr'><strong>nempe</strong></span> <span class='ocrx_word' id='word_1_310' title='bbox 653 1195 722 1222; x_wconf 80' lang='lat' dir='ltr'><strong>dixit</strong></span> <span class='ocrx_word' id='word_1_311' title='bbox 738 1204 743 1222; x_wconf 95' lang='lat'><strong>:</strong></span> <span class='ocrx_word' id='word_1_312' title='bbox 761 1196 817 1231; x_wconf 86' lang='lat' dir='ltr'><strong>Ego</strong></span> <span class='ocrx_word' id='word_1_313' title='bbox 832 1205 891 1223; x_wconf 73' lang='lat' dir='ltr'><strong>sum</strong></span> <span class='ocrx_word' id='word_1_314' title='bbox 904 1198 957 1224; x_wconf 80' lang='lat' dir='ltr'><strong>vita</strong></span> 
     </span>
    </p>
   </div>
   <div class='ocr_carea' id='block_1_44' title="bbox 174 1239 957 1273">
    <p class='ocr_par' dir='ltr' id='par_1_44' title="bbox 174 1239 957 1273">
     <span class='ocr_line' id='line_1_44' title="bbox 174 1239 957 1273; baseline 0.008 -10"><span class='ocrx_word' id='word_1_315' title='bbox 174 1242 200 1264; x_wconf 76' lang='lat' dir='ltr'><strong>cl</strong></span> <span class='ocrx_word' id='word_1_316' title='bbox 216 1239 371 1265; x_wconf 74' lang='lat' dir='ltr'><strong>resurrectio</strong></span> <span class='ocrx_word' id='word_1_317' title='bbox 382 1239 417 1270; x_wconf 83' lang='grc'><strong>¹⁶,</strong></span> <span class='ocrx_word' id='word_1_318' title='bbox 430 1239 502 1273; x_wconf 93' lang='lat' dir='ltr'><strong>quod</strong></span> <span class='ocrx_word' id='word_1_319' title='bbox 519 1240 633 1266; x_wconf 80' lang='lat' dir='ltr'><strong>verbum</strong></span> <span class='ocrx_word' id='word_1_320' title='bbox 648 1247 696 1268; x_wconf 88' lang='lat' dir='ltr'><strong>vos</strong></span> <span class='ocrx_word' id='word_1_321' title='bbox 709 1240 826 1268; x_wconf 84' lang='lat' dir='ltr'><strong>maxime</strong></span> <span class='ocrx_word' id='word_1_322' title='bbox 836 1242 903 1269; x_wconf 84' lang='lat' dir='ltr'><strong>estis</strong></span> <span class='ocrx_word' id='word_1_323' title='bbox 914 1250 957 1269; x_wconf 78' lang='lat' dir='ltr'><strong>as-</strong></span> 
     </span>
    </p>
   </div>
   <div class='ocr_carea' id='block_1_45' title="bbox 175 1285 957 1320">
    <p class='ocr_par' dir='ltr' id='par_1_45' title="bbox 175 1285 957 1320">
     <span class='ocr_line' id='line_1_45' title="bbox 175 1285 957 1320; baseline 0.006 -10"><span class='ocrx_word' id='word_1_324' title='bbox 175 1285 302 1317; x_wconf 81' lang='lat' dir='ltr'><strong>pernati;</strong></span> <span class='ocrx_word' id='word_1_325' title='bbox 326 1292 377 1320; x_wconf 80' lang='lat' dir='ltr'><strong>ego</strong></span> <span class='ocrx_word' id='word_1_326' title='bbox 389 1290 479 1312; x_wconf 85' lang='lat' dir='ltr'><strong>tamen</strong></span> <span class='ocrx_word' id='word_1_327' title='bbox 501 1285 550 1312; x_wconf 87' lang='lat' dir='ltr'><strong>tibi</strong></span> <span class='ocrx_word' id='word_1_328' title='bbox 567 1285 630 1313; x_wconf 92' lang='lat' dir='ltr'><strong>dico</strong></span> <span class='ocrx_word' id='word_1_329' title='bbox 644 1286 711 1320; x_wconf 89' lang='lat' dir='ltr'><strong>quid</strong></span> <span class='ocrx_word' id='word_1_330' title='bbox 729 1288 932 1315; x_wconf 84' lang='lat' dir='ltr'><strong>ostendendum</strong></span> <span class='ocrx_word' id='word_1_331' title='bbox 950 1297 957 1315; x_wconf 70' lang='grc' dir='ltr'>ε</span> 
     </span>
    </p>
   </div>
   <div class='ocr_carea' id='block_1_46' title="bbox 175 1331 959 1367">
    <p class='ocr_par' dir='ltr' id='par_1_46' title="bbox 175 1331 959 1367">
     <span class='ocr_line' id='line_1_46' title="bbox 175 1331 959 1367; baseline 0.005 -9"><span class='ocrx_word' id='word_1_332' title='bbox 175 1332 223 1358; x_wconf 78' lang='lat' dir='ltr'><strong>sed</strong></span> <span class='ocrx_word' id='word_1_333' title='bbox 245 1331 337 1359; x_wconf 87' lang='lat' dir='ltr'><strong>edocti</strong></span> <span class='ocrx_word' id='word_1_334' title='bbox 361 1340 375 1359; x_wconf 74' lang='grc' dir='ltr'><strong><em>ι</em></strong></span> <span class='ocrx_word' id='word_1_335' title='bbox 406 1333 491 1360; x_wconf 79' lang='lat' dir='ltr'><strong>verbo</strong></span> <span class='ocrx_word' id='word_1_336' title='bbox 513 1333 719 1360; x_wconf 88' lang='lat' dir='ltr'><strong>aecidentaliter</strong></span> <span class='ocrx_word' id='word_1_337' title='bbox 735 1335 880 1367; x_wconf 88' lang='lat' dir='ltr'><strong>sensibili,</strong></span> <span class='ocrx_word' id='word_1_338' title='bbox 904 1343 959 1363; x_wconf 89' lang='lat' dir='ltr'><strong>una</strong></span> 
     </span>
    </p>
   </div>
   <div class='ocr_carea' id='block_1_47' title="bbox 175 1374 959 1411">
    <p class='ocr_par' dir='ltr' id='par_1_47' title="bbox 175 1374 959 1411">
     <span class='ocr_line' id='line_1_47' title="bbox 175 1374 959 1411; baseline 0.005 -9"><span class='ocrx_word' id='word_1_339' title='bbox 175 1384 238 1402; x_wconf 90' lang='lat' dir='ltr'><strong>eum</strong></span> <span class='ocrx_word' id='word_1_340' title='bbox 263 1384 359 1404; x_wconf 81' lang='lat' dir='ltr'><strong>sorore</strong></span> <span class='ocrx_word' id='word_1_341' title='bbox 383 1374 490 1409; x_wconf 76' lang='lat' dir='ltr'><strong>Laza&#39;ri,</strong></span> <span class='ocrx_word' id='word_1_342' title='bbox 519 1377 643 1404; x_wconf 84' lang='lat' dir='ltr'><strong>sensibili</strong></span> <span class='ocrx_word' id='word_1_343' title='bbox 667 1378 790 1411; x_wconf 89' lang='lat' dir='ltr'><strong>corporis</strong></span> <span class='ocrx_word' id='word_1_344' title='bbox 805 1378 959 1406; x_wconf 84' lang='lat' dir='ltr'><strong>voluntarie</strong></span> 
     </span>
    </p>
   </div>
   <div class='ocr_carea' id='block_1_48' title="bbox 174 1421 960 1456">
    <p class='ocr_par' dir='ltr' id='par_1_48' title="bbox 174 1421 960 1456">
     <span class='ocr_line' id='line_1_48' title="bbox 174 1421 960 1456; baseline 0.006 -9"><span class='ocrx_word' id='word_1_345' title='bbox 174 1421 252 1448; x_wconf 73' lang='lat' dir='ltr'><strong>surdi</strong></span> <span class='ocrx_word' id='word_1_346' title='bbox 265 1422 332 1449; x_wconf 87' lang='lat' dir='ltr'><strong>estis</strong></span> <span class='ocrx_word' id='word_1_347' title='bbox 346 1431 351 1448; x_wconf 93' lang='lat'><strong>:</strong></span> <span class='ocrx_word' id='word_1_348' title='bbox 365 1423 448 1454; x_wconf 74' lang='lat' dir='ltr'><strong>Sicut,</strong></span> <span class='ocrx_word' id='word_1_349' title='bbox 464 1423 502 1449; x_wconf 83' lang='lat' dir='ltr'><strong>ait</strong></span> <span class='ocrx_word' id='word_1_350' title='bbox 513 1439 521 1452; x_wconf 77' lang='lat'><strong>,</strong></span> <span class='ocrx_word' id='word_1_351' title='bbox 536 1423 620 1450; x_wconf 81' lang='lat' dir='ltr'><strong>Pater</strong></span> <span class='ocrx_word' id='word_1_352' title='bbox 641 1424 751 1450; x_wconf 71' lang='lat' dir='ltr'><strong>suscitat</strong></span> <span class='ocrx_word' id='word_1_353' title='bbox 765 1428 882 1451; x_wconf 74' lang='lat' dir='ltr'><strong>mortuos</strong></span> <span class='ocrx_word' id='word_1_354' title='bbox 895 1443 902 1456; x_wconf 84' lang='lat'><strong>,</strong></span> <span class='ocrx_word' id='word_1_355' title='bbox 922 1425 960 1452; x_wconf 79' lang='lat' dir='ltr'><strong>sic</strong></span> 
     </span>
    </p>
   </div>
   <div class='ocr_carea' id='block_1_49' title="bbox 177 1466 960 1505">
    <p class='ocr_par' dir='ltr' id='par_1_49' title="bbox 177 1466 960 1505">
     <span class='ocr_line' id='line_1_49' title="bbox 177 1466 960 1505; baseline 0.005 -12"><span class='ocrx_word' id='word_1_356' title='bbox 177 1466 200 1492; x_wconf 64' lang='grc' dir='ltr'><strong>1Γ</strong></span> <span class='ocrx_word' id='word_1_357' title='bbox 203 1467 248 1493; x_wconf 84' lang='lat' dir='ltr'><strong>ilio</strong></span> <span class='ocrx_word' id='word_1_358' title='bbox 273 1471 428 1502; x_wconf 77' lang='lat' dir='ltr'><strong>potestatem</strong></span> <span class='ocrx_word' id='word_1_359' title='bbox 444 1467 515 1494; x_wconf 81' lang='lat' dir='ltr'><strong>dedit</strong></span> <span class='ocrx_word' id='word_1_360' title='bbox 532 1473 647 1495; x_wconf 81' lang='lat' dir='ltr'><strong>mortuos</strong></span> <span class='ocrx_word' id='word_1_361' title='bbox 663 1469 790 1496; x_wconf 75' lang='lat' dir='ltr'><strong>suscitare</strong></span> <span class='ocrx_word' id='word_1_362' title='bbox 806 1470 837 1495; x_wconf 87' lang='lat'><strong>&quot;.</strong></span> <span class='ocrx_word' id='word_1_363' title='bbox 859 1469 886 1496; x_wconf 93' lang='lat' dir='ltr'><strong>Si</strong></span> <span class='ocrx_word' id='word_1_364' title='bbox 894 1477 960 1505; x_wconf 81' lang='lat' dir='ltr'><strong>ergo</strong></span> 
     </span>
    </p>
   </div>
   <div class='ocr_carea' id='block_1_50' title="bbox 177 1509 959 1544">
    <p class='ocr_par' dir='ltr' id='par_1_50' title="bbox 177 1509 959 1544">
     <span class='ocr_line' id='line_1_50' title="bbox 177 1509 959 1544; baseline 0.006 -8"><span class='ocrx_word' id='word_1_365' title='bbox 177 1509 235 1537; x_wconf 72' lang='lat' dir='ltr'><strong>haec</strong></span> <span class='ocrx_word' id='word_1_366' title='bbox 252 1511 329 1537; x_wconf 82' lang='lat' dir='ltr'><strong>vobis</strong></span> <span class='ocrx_word' id='word_1_367' title='bbox 345 1511 378 1538; x_wconf 89' lang='lat' dir='ltr'><strong>ad</strong></span> <span class='ocrx_word' id='word_1_368' title='bbox 390 1511 558 1538; x_wconf 88' lang='lat' dir='ltr'><strong>credendum</strong></span> <span class='ocrx_word' id='word_1_369' title='bbox 576 1512 643 1540; x_wconf 87' lang='lat' dir='ltr'><strong>satis</strong></span> <span class='ocrx_word' id='word_1_370' title='bbox 661 1517 735 1544; x_wconf 88' lang='lat' dir='ltr'><strong>sunt,</strong></span> <span class='ocrx_word' id='word_1_371' title='bbox 752 1517 850 1541; x_wconf 64' lang='lat' dir='ltr'><strong>caetera</strong></span> <span class='ocrx_word' id='word_1_372' title='bbox 862 1514 959 1542; x_wconf 86' lang='lat' dir='ltr'><strong>saltem</strong></span> 
     </span>
    </p>
   </div>
   <div class='ocr_carea' id='block_1_51' title="bbox 175 1555 958 1594">
    <p class='ocr_par' dir='ltr' id='par_1_51' title="bbox 175 1555 958 1594">
     <span class='ocr_line' id='line_1_51' title="bbox 175 1555 958 1594; baseline 0.008 -13"><span class='ocrx_word' id='word_1_373' title='bbox 175 1555 294 1582; x_wconf 83' lang='lat' dir='ltr'><strong>audietis</strong></span> <span class='ocrx_word' id='word_1_374' title='bbox 310 1563 407 1583; x_wconf 87' lang='lat' dir='ltr'><strong>eorum</strong></span> <span class='ocrx_word' id='word_1_375' title='bbox 426 1565 487 1591; x_wconf 75' lang='lat' dir='ltr'><strong>qua:</strong></span> <span class='ocrx_word' id='word_1_376' title='bbox 510 1565 525 1584; x_wconf 88' lang='lat' dir='ltr'><strong>a</strong></span> <span class='ocrx_word' id='word_1_377' title='bbox 548 1558 627 1585; x_wconf 91' lang='lat' dir='ltr'><strong>vobis</strong></span> <span class='ocrx_word' id='word_1_378' title='bbox 641 1563 706 1585; x_wconf 84' lang='lat' dir='ltr'><strong>sunt</strong></span> <span class='ocrx_word' id='word_1_379' title='bbox 720 1558 793 1586; x_wconf 86' lang='lat' dir='ltr'><strong>dicta</strong></span> <span class='ocrx_word' id='word_1_380' title='bbox 809 1568 815 1586; x_wconf 94' lang='lat'>:</span> <span class='ocrx_word' id='word_1_381' title='bbox 832 1559 855 1586; x_wconf 89' lang='lat' dir='ltr'><strong>si</strong></span> <span class='ocrx_word' id='word_1_382' title='bbox 873 1560 958 1594; x_wconf 84' lang='lat' dir='ltr'><strong>enim,</strong></span> 
     </span>
    </p>
   </div>
   <div class='ocr_carea' id='block_1_52' title="bbox 176 1600 959 1638">
    <p class='ocr_par' dir='ltr' id='par_1_52' title="bbox 176 1600 959 1638">
     <span class='ocr_line' id='line_1_52' title="bbox 176 1600 959 1638; baseline 0.009 -13"><span class='ocrx_word' id='word_1_383' title='bbox 176 1600 405 1633; x_wconf 86' lang='lat' dir='ltr'><strong>quemadmodum</strong></span> <span class='ocrx_word' id='word_1_384' title='bbox 421 1609 517 1629; x_wconf 87' lang='lat' dir='ltr'><strong>omnes</strong></span> <span class='ocrx_word' id='word_1_385' title='bbox 531 1602 658 1630; x_wconf 86' lang='lat' dir='ltr'><strong>homines</strong></span> <span class='ocrx_word' id='word_1_386' title='bbox 677 1604 858 1631; x_wconf 87' lang='lat' dir='ltr'><strong>resurrecturi</strong></span> <span class='ocrx_word' id='word_1_387' title='bbox 875 1610 938 1632; x_wconf 89' lang='lat' dir='ltr'><strong>sunt</strong></span> <span class='ocrx_word' id='word_1_388' title='bbox 951 1625 959 1638; x_wconf 92' lang='lat'><strong>,</strong></span> 
     </span>
    </p>
   </div>
   <div class='ocr_carea' id='block_1_53' title="bbox 176 1645 960 1684">
    <p class='ocr_par' dir='ltr' id='par_1_53' title="bbox 176 1645 960 1684">
     <span class='ocr_line' id='line_1_53' title="bbox 176 1645 960 1684; baseline 0.008 -13"><span class='ocrx_word' id='word_1_389' title='bbox 176 1645 216 1671; x_wconf 83' lang='lat' dir='ltr'><strong>sic</strong></span> <span class='ocrx_word' id='word_1_390' title='bbox 229 1647 380 1673; x_wconf 86' lang='lat' dir='ltr'><strong>resurrexit</strong></span> <span class='ocrx_word' id='word_1_391' title='bbox 391 1647 530 1679; x_wconf 85' lang='lat' dir='ltr'><strong>Dominus,</strong></span> <span class='ocrx_word' id='word_1_392' title='bbox 548 1655 598 1674; x_wconf 88' lang='lat' dir='ltr'><strong>cur</strong></span> <span class='ocrx_word' id='word_1_393' title='bbox 613 1656 726 1676; x_wconf 87' lang='lat' dir='ltr'><strong>necesse</strong></span> <span class='ocrx_word' id='word_1_394' title='bbox 748 1648 799 1676; x_wconf 83' lang='lat' dir='ltr'><strong>fuit</strong></span> <span class='ocrx_word' id='word_1_395' title='bbox 809 1657 872 1676; x_wconf 91' lang='lat' dir='ltr'><strong>eum</strong></span> <span class='ocrx_word' id='word_1_396' title='bbox 884 1650 960 1684; x_wconf 89' lang='lat' dir='ltr'><strong>prius</strong></span> 
     </span>
    </p>
   </div>
   <div class='ocr_carea' id='block_1_54' title="bbox 177 1692 959 1730">
    <p class='ocr_par' dir='ltr' id='par_1_54' title="bbox 177 1692 959 1730">
     <span class='ocr_line' id='line_1_54' title="bbox 177 1692 959 1730; baseline 0.008 -13"><span class='ocrx_word' id='word_1_397' title='bbox 177 1692 339 1726; x_wconf 81' lang='lat' dir='ltr'><strong>resurgere?</strong></span> <span class='ocrx_word' id='word_1_398' title='bbox 358 1693 386 1719; x_wconf 90' lang='lat' dir='ltr'><strong>Si</strong></span> <span class='ocrx_word' id='word_1_399' title='bbox 403 1693 477 1720; x_wconf 90' lang='lat' dir='ltr'><strong>enim</strong></span> <span class='ocrx_word' id='word_1_400' title='bbox 499 1697 529 1720; x_wconf 88' lang='lat' dir='ltr'><strong>ut</strong></span> <span class='ocrx_word' id='word_1_401' title='bbox 545 1701 595 1721; x_wconf 88' lang='lat' dir='ltr'><strong>nos</strong></span> <span class='ocrx_word' id='word_1_402' title='bbox 614 1695 784 1726; x_wconf 85' lang='lat' dir='ltr'><strong>resurrexit,</strong></span> <span class='ocrx_word' id='word_1_403' title='bbox 802 1698 831 1722; x_wconf 88' lang='lat' dir='ltr'><strong>et</strong></span> <span class='ocrx_word' id='word_1_404' title='bbox 844 1703 895 1722; x_wconf 91' lang='lat' dir='ltr'><strong>nos</strong></span> <span class='ocrx_word' id='word_1_405' title='bbox 908 1695 959 1730; x_wconf 85' lang='lat' dir='ltr'><strong>ipsi</strong></span> 
     </span>
    </p>
   </div>
   <div class='ocr_carea' id='block_1_55' title="bbox 176 1738 961 1776">
    <p class='ocr_par' dir='ltr' id='par_1_55' title="bbox 176 1738 961 1776">
     <span class='ocr_line' id='line_1_55' title="bbox 176 1738 961 1776; baseline 0.006 -13"><span class='ocrx_word' id='word_1_406' title='bbox 176 1741 207 1764; x_wconf 92' lang='lat' dir='ltr'><strong>ut</strong></span> <span class='ocrx_word' id='word_1_407' title='bbox 230 1738 275 1764; x_wconf 89' lang='lat' dir='ltr'><strong>ille</strong></span> <span class='ocrx_word' id='word_1_408' title='bbox 305 1746 489 1773; x_wconf 81' lang='lat' dir='ltr'><strong>resurgcmus,</strong></span> <span class='ocrx_word' id='word_1_409' title='bbox 520 1739 585 1774; x_wconf 90' lang='lat' dir='ltr'><strong>quid</strong></span> <span class='ocrx_word' id='word_1_410' title='bbox 609 1747 679 1774; x_wconf 90' lang='lat' dir='ltr'><strong>opus</strong></span> <span class='ocrx_word' id='word_1_411' title='bbox 706 1740 757 1767; x_wconf 83' lang='lat' dir='ltr'><strong>fuit</strong></span> <span class='ocrx_word' id='word_1_412' title='bbox 781 1741 842 1776; x_wconf 85' lang='lat' dir='ltr'><strong>ejus</strong></span> <span class='ocrx_word' id='word_1_413' title='bbox 857 1749 961 1776; x_wconf 66' lang='lat' dir='ltr'><strong>praece-</strong></span> 
     </span>
    </p>
   </div>
   <div class='ocr_carea' id='block_1_56' title="bbox 175 1783 960 1821">
    <p class='ocr_par' dir='ltr' id='par_1_56' title="bbox 175 1783 960 1821">
     <span class='ocr_line' id='line_1_56' title="bbox 175 1783 960 1821; baseline 0.006 -11"><span class='ocrx_word' id='word_1_414' title='bbox 175 1783 244 1811; x_wconf 86' lang='lat' dir='ltr'><strong>eisse</strong></span> <span class='ocrx_word' id='word_1_415' title='bbox 261 1785 506 1821; x_wconf 83' lang='lat' dir='ltr'><strong>resurrectionem?</strong></span> <span class='ocrx_word' id='word_1_416' title='bbox 514 1785 541 1813; x_wconf 89' lang='lat' dir='ltr'><strong>Si</strong></span> <span class='ocrx_word' id='word_1_417' title='bbox 554 1790 644 1813; x_wconf 86' lang='lat' dir='ltr'><strong>tamen</strong></span> <span class='ocrx_word' id='word_1_418' title='bbox 655 1793 709 1813; x_wconf 88' lang='lat' dir='ltr'><strong>non</strong></span> <span class='ocrx_word' id='word_1_419' title='bbox 722 1791 835 1821; x_wconf 88' lang='lat' dir='ltr'><strong>propter</strong></span> <span class='ocrx_word' id='word_1_420' title='bbox 842 1795 901 1814; x_wconf 91' lang='lat' dir='ltr'><strong>eam</strong></span> <span class='ocrx_word' id='word_1_421' title='bbox 909 1796 960 1816; x_wconf 90' lang='lat' dir='ltr'><strong>nos</strong></span> 
     </span>
    </p>
   </div>
   <div class='ocr_carea' id='block_1_57' title="bbox 176 1828 960 1866">
    <p class='ocr_par' dir='ltr' id='par_1_57' title="bbox 176 1828 960 1866">
     <span class='ocr_line' id='line_1_57' title="bbox 176 1828 960 1866; baseline 0.006 -12"><span class='ocrx_word' id='word_1_422' title='bbox 176 1828 227 1862; x_wconf 83' lang='lat' dir='ltr'><strong>ipsi</strong></span> <span class='ocrx_word' id='word_1_423' title='bbox 244 1830 412 1864; x_wconf 79' lang='lat' dir='ltr'><strong>resurgimus</strong></span> <span class='ocrx_word' id='word_1_424' title='bbox 424 1835 496 1857; x_wconf 90' lang='lat' dir='ltr'><strong>eteo</strong></span> <span class='ocrx_word' id='word_1_425' title='bbox 514 1831 586 1865; x_wconf 87' lang='lat' dir='ltr'><strong>quod</strong></span> <span class='ocrx_word' id='word_1_426' title='bbox 605 1831 662 1865; x_wconf 88' lang='lat' dir='ltr'><strong>ipsa</strong></span> <span class='ocrx_word' id='word_1_427' title='bbox 678 1831 834 1866; x_wconf 64' lang='lat' dir='ltr'><strong>praecessit;</strong></span> <span class='ocrx_word' id='word_1_428' title='bbox 855 1832 902 1859; x_wconf 91' lang='lat' dir='ltr'><strong>illo</strong></span> <span class='ocrx_word' id='word_1_429' title='bbox 916 1837 960 1859; x_wconf 85' lang='lat' dir='ltr'><strong>et-</strong></span> 
     </span>
    </p>
   </div>
   <div class='ocr_carea' id='block_1_58' title="bbox 175 1875 957 1911">
    <p class='ocr_par' dir='ltr' id='par_1_58' title="bbox 175 1875 957 1911">
     <span class='ocr_line' id='line_1_58' title="bbox 175 1875 957 1911; baseline 0.006 -11"><span class='ocrx_word' id='word_1_430' title='bbox 175 1875 250 1901; x_wconf 89' lang='lat' dir='ltr'><strong>enim</strong></span> <span class='ocrx_word' id='word_1_431' title='bbox 265 1882 318 1901; x_wconf 86' lang='lat' dir='ltr'><strong>non</strong></span> <span class='ocrx_word' id='word_1_432' title='bbox 335 1879 495 1910; x_wconf 79' lang='lat' dir='ltr'><strong>resurgcnte</strong></span> <span class='ocrx_word' id='word_1_433' title='bbox 507 1895 515 1907; x_wconf 87' lang='lat'><strong>,</strong></span> <span class='ocrx_word' id='word_1_434' title='bbox 540 1876 586 1910; x_wconf 87' lang='lat' dir='ltr'><strong>qui</strong></span> <span class='ocrx_word' id='word_1_435' title='bbox 604 1883 667 1903; x_wconf 78' lang='lat' dir='ltr'><strong>eum</strong></span> <span class='ocrx_word' id='word_1_436' title='bbox 689 1881 718 1904; x_wconf 87' lang='lat' dir='ltr'><strong>ut</strong></span> <span class='ocrx_word' id='word_1_437' title='bbox 733 1885 783 1904; x_wconf 90' lang='lat' dir='ltr'><strong>nos</strong></span> <span class='ocrx_word' id='word_1_438' title='bbox 797 1877 957 1911; x_wconf 82' lang='lat' dir='ltr'><strong>suscitavit,</strong></span> 
     </span>
    </p>
   </div>
   <div class='ocr_carea' id='block_1_59' title="bbox 175 1921 960 1955">
    <p class='ocr_par' dir='ltr' id='par_1_59' title="bbox 175 1921 960 1955">
     <span class='ocr_line' id='line_1_59' title="bbox 175 1921 960 1955; baseline 0.005 -8"><span class='ocrx_word' id='word_1_439' title='bbox 175 1928 226 1947; x_wconf 87' lang='lat' dir='ltr'><strong>nos</strong></span> <span class='ocrx_word' id='word_1_440' title='bbox 248 1928 358 1955; x_wconf 86' lang='lat' dir='ltr'><strong>quoque</strong></span> <span class='ocrx_word' id='word_1_441' title='bbox 374 1921 519 1949; x_wconf 86' lang='lat' dir='ltr'><strong>suscitaret</strong></span> <span class='ocrx_word' id='word_1_442' title='bbox 535 1926 564 1949; x_wconf 86' lang='lat' dir='ltr'><strong>ut</strong></span> <span class='ocrx_word' id='word_1_443' title='bbox 589 1930 664 1953; x_wconf 79' lang='lat' dir='ltr'><strong>eum,</strong></span> <span class='ocrx_word' id='word_1_444' title='bbox 681 1930 714 1949; x_wconf 83' lang='lat' dir='ltr'><strong>ex</strong></span> <span class='ocrx_word' id='word_1_445' title='bbox 731 1923 757 1949; x_wconf 88' lang='lat' dir='ltr'><strong>vi</strong></span> <span class='ocrx_word' id='word_1_446' title='bbox 775 1924 960 1953; x_wconf 87' lang='lat' dir='ltr'><strong>communiter</strong></span> 
     </span>
    </p>
   </div>
   <div class='ocr_carea' id='block_1_60' title="bbox 174 1967 960 2005">
    <p class='ocr_par' dir='ltr' id='par_1_60' title="bbox 174 1967 960 2005">
     <span class='ocr_line' id='line_1_60' title="bbox 174 1967 960 2005; baseline 0.005 -12"><span class='ocrx_word' id='word_1_447' title='bbox 174 1967 203 1994; x_wconf 87' lang='lat' dir='ltr'><strong>in</strong></span> <span class='ocrx_word' id='word_1_448' title='bbox 216 1967 343 1994; x_wconf 89' lang='lat' dir='ltr'><strong>omnibus</strong></span> <span class='ocrx_word' id='word_1_449' title='bbox 356 1967 506 1994; x_wconf 85' lang='lat' dir='ltr'><strong>exsistente</strong></span> <span class='ocrx_word' id='word_1_450' title='bbox 517 1971 546 1995; x_wconf 89' lang='lat' dir='ltr'><strong>et</strong></span> <span class='ocrx_word' id='word_1_451' title='bbox 564 1968 638 1995; x_wconf 89' lang='lat' dir='ltr'><strong>illius</strong></span> <span class='ocrx_word' id='word_1_452' title='bbox 653 1968 752 2002; x_wconf 87' lang='lat' dir='ltr'><strong>simili;</strong></span> <span class='ocrx_word' id='word_1_453' title='bbox 767 1968 804 1996; x_wconf 87' lang='lat' dir='ltr'><strong>ita</strong></span> <span class='ocrx_word' id='word_1_454' title='bbox 818 1969 902 2005; x_wconf 79' lang='lat' dir='ltr'><strong>igitur</strong></span> <span class='ocrx_word' id='word_1_455' title='bbox 918 1970 960 2005; x_wconf 89' lang='lat' dir='ltr'><strong>ip-</strong></span> 
     </span>
    </p>
   </div>
   <div class='ocr_carea' id='block_1_61' title="bbox 176 2013 962 2048">
    <p class='ocr_par' dir='ltr' id='par_1_61' title="bbox 176 2013 962 2048">
     <span class='ocr_line' id='line_1_61' title="bbox 176 2013 962 2048; baseline 0.006 -9"><span class='ocrx_word' id='word_1_456' title='bbox 176 2021 236 2039; x_wconf 88' lang='lat' dir='ltr'><strong>sum</strong></span> <span class='ocrx_word' id='word_1_457' title='bbox 249 2020 282 2040; x_wconf 83' lang='lat' dir='ltr'><strong>ex</strong></span> <span class='ocrx_word' id='word_1_458' title='bbox 294 2013 443 2048; x_wconf 88' lang='lat' dir='ltr'><strong>semetipso</strong></span> <span class='ocrx_word' id='word_1_459' title='bbox 457 2014 641 2041; x_wconf 82' lang='lat' dir='ltr'><strong>resurrexisse</strong></span> <span class='ocrx_word' id='word_1_460' title='bbox 657 2019 797 2042; x_wconf 88' lang='lat' dir='ltr'><strong>ostensum</strong></span> <span class='ocrx_word' id='word_1_461' title='bbox 807 2019 849 2043; x_wconf 88' lang='lat' dir='ltr'><strong>est</strong></span> <span class='ocrx_word' id='word_1_462' title='bbox 867 2019 895 2043; x_wconf 85' lang='lat' dir='ltr'><strong>et</strong></span> <span class='ocrx_word' id='word_1_463' title='bbox 910 2023 962 2044; x_wconf 87' lang='lat' dir='ltr'><strong>nos</strong></span> 
     </span>
    </p>
   </div>
   <div class='ocr_carea' id='block_1_62' title="bbox 175 2059 743 2096">
    <p class='ocr_par' dir='ltr' id='par_1_62' title="bbox 175 2059 743 2096">
     <span class='ocr_line' id='line_1_62' title="bbox 175 2059 743 2096; baseline 0.002 -10"><span class='ocrx_word' id='word_1_464' title='bbox 175 2067 209 2085; x_wconf 70' lang='lat' dir='ltr'><strong>es</strong></span> <span class='ocrx_word' id='word_1_465' title='bbox 225 2059 327 2087; x_wconf 91' lang='lat' dir='ltr'><strong>unione</strong></span> <span class='ocrx_word' id='word_1_466' title='bbox 340 2060 432 2086; x_wconf 88' lang='lat' dir='ltr'><strong>carnis</strong></span> <span class='ocrx_word' id='word_1_467' title='bbox 446 2064 473 2087; x_wconf 89' lang='lat' dir='ltr'><strong>et</strong></span> <span class='ocrx_word' id='word_1_468' title='bbox 491 2059 573 2087; x_wconf 87' lang='lat' dir='ltr'><strong>Verbi</strong></span> <span class='ocrx_word' id='word_1_469' title='bbox 590 2067 743 2096; x_wconf 75' lang='lat' dir='ltr'><strong>resurgere.</strong></span> 
     </span>
    </p>
   </div>
   <div class='ocr_carea' id='block_1_63' title="bbox 1009 922 1796 958">
    <p class='ocr_par' dir='ltr' id='par_1_63' title="bbox 1009 922 1796 958">
     <span class='ocr_line' id='line_1_63' title="bbox 1009 922 1796 958; baseline 0.001 -9"><span class='ocrx_word' id='word_1_470' title='bbox 1009 922 1071 957; x_wconf 82' lang='grc' dir='ltr'>τικὴ</span> <span class='ocrx_word' id='word_1_471' title='bbox 1093 922 1161 957; x_wconf 86' lang='grc' dir='ltr'>πλὴν</span> <span class='ocrx_word' id='word_1_472' title='bbox 1183 923 1251 949; x_wconf 76' lang='grc' dir='ltr'>Θεοῦ</span> <span class='ocrx_word' id='word_1_473' title='bbox 1268 932 1275 938; x_wconf 68' lang='grc'><strong><em>⁸</em></strong></span> <span class='ocrx_word' id='word_1_474' title='bbox 1297 922 1359 950; x_wconf 78' lang='grc' dir='ltr'>οὔτε</span> <span class='ocrx_word' id='word_1_475' title='bbox 1380 923 1434 957; x_wconf 79' lang='grc' dir='ltr'><strong>γάρ</strong></span> <span class='ocrx_word' id='word_1_476' title='bbox 1456 922 1600 958; x_wconf 73' lang='grc' dir='ltr'>ἀνθρώπου</span> <span class='ocrx_word' id='word_1_477' title='bbox 1616 923 1688 956; x_wconf 71' lang='grc' dir='ltr'>τάδε,</span> <span class='ocrx_word' id='word_1_478' title='bbox 1706 923 1796 954; x_wconf 76' lang='grc' dir='ltr'>καθὼς</span> 
     </span>
    </p>
   </div>
   <div class='ocr_carea' id='block_1_64' title="bbox 1009 968 1795 1004">
    <p class='ocr_par' dir='ltr' id='par_1_64' title="bbox 1009 968 1795 1004">
     <span class='ocr_line' id='line_1_64' title="bbox 1009 968 1795 1004; baseline 0.001 -10"><span class='ocrx_word' id='word_1_479' title='bbox 1009 969 1132 1003; x_wconf 75' lang='grc' dir='ltr'>εἴρηται·</span> <span class='ocrx_word' id='word_1_480' title='bbox 1148 968 1189 999; x_wconf 89' lang='grc' dir='ltr'><strong>τίς</strong></span> <span class='ocrx_word' id='word_1_481' title='bbox 1207 969 1281 994; x_wconf 77' lang='grc' dir='ltr'>ἐστιν</span> <span class='ocrx_word' id='word_1_482' title='bbox 1302 968 1445 1004; x_wconf 80' lang='grc' dir='ltr'>ἄνθρωπος</span> <span class='ocrx_word' id='word_1_483' title='bbox 1470 968 1500 1000; x_wconf 86' lang='grc' dir='ltr'>ὃς</span> <span class='ocrx_word' id='word_1_484' title='bbox 1528 968 1642 1002; x_wconf 80' lang='grc' dir='ltr'><strong>ζήσεται</strong></span> <span class='ocrx_word' id='word_1_485' title='bbox 1673 969 1720 995; x_wconf 80' lang='grc' dir='ltr'><strong>καὶ</strong></span> <span class='ocrx_word' id='word_1_486' title='bbox 1745 969 1795 995; x_wconf 76' lang='grc' dir='ltr'><strong>οὐκ</strong></span> 
     </span>
    </p>
   </div>
   <div class='ocr_carea' id='block_1_65' title="bbox 1008 1013 1795 1049">
    <p class='ocr_par' dir='ltr' id='par_1_65' title="bbox 1008 1013 1795 1049">
     <span class='ocr_line' id='line_1_65' title="bbox 1008 1013 1795 1049; baseline 0 -9"><span class='ocrx_word' id='word_1_487' title='bbox 1008 1013 1103 1048; x_wconf 77' lang='grc' dir='ltr'>δψεται</span> <span class='ocrx_word' id='word_1_488' title='bbox 1117 1013 1242 1047; x_wconf 82' lang='grc' dir='ltr'>θάνατον,</span> <span class='ocrx_word' id='word_1_489' title='bbox 1256 1013 1368 1049; x_wconf 80' lang='grc' dir='ltr'>ῥύσεται</span> <span class='ocrx_word' id='word_1_490' title='bbox 1390 1014 1439 1049; x_wconf 80' lang='grc' dir='ltr'><strong>τήν</strong></span> <span class='ocrx_word' id='word_1_491' title='bbox 1463 1014 1552 1049; x_wconf 81' lang='grc' dir='ltr'>ψυχὴν</span> <span class='ocrx_word' id='word_1_492' title='bbox 1565 1014 1648 1041; x_wconf 84' lang='grc' dir='ltr'>αὑτοῦ</span> <span class='ocrx_word' id='word_1_493' title='bbox 1663 1015 1694 1040; x_wconf 82' lang='grc' dir='ltr'><strong>ὲκ</strong></span> <span class='ocrx_word' id='word_1_494' title='bbox 1704 1014 1795 1049; x_wconf 82' lang='grc' dir='ltr'>χειρὸς</span> 
     </span>
    </p>
   </div>
   <div class='ocr_carea' id='block_1_66' title="bbox 1008 1058 1792 1094">
    <p class='ocr_par' dir='ltr' id='par_1_66' title="bbox 1008 1058 1792 1094">
     <span class='ocr_line' id='line_1_66' title="bbox 1008 1058 1792 1094; baseline 0 -9"><span class='ocrx_word' id='word_1_495' title='bbox 1008 1058 1092 1094; x_wconf 72' lang='grc' dir='ltr'>ᾇδους</span> <span class='ocrx_word' id='word_1_496' title='bbox 1108 1059 1173 1090; x_wconf 83' lang='grc' dir='ltr'><strong>Θεὸς</strong></span> <span class='ocrx_word' id='word_1_497' title='bbox 1188 1059 1315 1094; x_wconf 81' lang='grc' dir='ltr'>ἀληθινὸς</span> <span class='ocrx_word' id='word_1_498' title='bbox 1329 1059 1406 1086; x_wconf 79' lang='grc' dir='ltr'>ἔσται</span> <span class='ocrx_word' id='word_1_499' title='bbox 1431 1059 1462 1085; x_wconf 78' lang='grc' dir='ltr'>τὸ</span> <span class='ocrx_word' id='word_1_500' title='bbox 1485 1059 1570 1086; x_wconf 76' lang='grc' dir='ltr'>τῶνδε</span> <span class='ocrx_word' id='word_1_501' title='bbox 1590 1060 1731 1094; x_wconf 69' lang='grc' dir='ltr'>ποιητικὸν</span> <span class='ocrx_word' id='word_1_502' title='bbox 1749 1060 1792 1086; x_wconf 79' lang='grc' dir='ltr'><strong>ατ-</strong></span> 
     </span>
    </p>
   </div>
   <div class='ocr_carea' id='block_1_67' title="bbox 1008 1104 1792 1140">
    <p class='ocr_par' dir='ltr' id='par_1_67' title="bbox 1008 1104 1792 1140">
     <span class='ocr_line' id='line_1_67' title="bbox 1008 1104 1792 1140; baseline 0 -10"><span class='ocrx_word' id='word_1_503' title='bbox 1008 1112 1065 1130; x_wconf 84' lang='grc' dir='ltr'>τιον</span> <span class='ocrx_word' id='word_1_504' title='bbox 1076 1112 1082 1119; x_wconf 91' lang='grc'><strong>·</strong></span> <span class='ocrx_word' id='word_1_505' title='bbox 1099 1105 1146 1131; x_wconf 82' lang='grc' dir='ltr'><strong>καὶ</strong></span> <span class='ocrx_word' id='word_1_506' title='bbox 1163 1104 1240 1131; x_wconf 72' lang='grc' dir='ltr'>ἔσται</span> <span class='ocrx_word' id='word_1_507' title='bbox 1254 1104 1361 1140; x_wconf 83' lang='grc' dir='ltr'>ἀληθῶς</span> <span class='ocrx_word' id='word_1_508' title='bbox 1377 1104 1501 1130; x_wconf 73' lang='grc' dir='ltr'>ἐντεῦθεν</span> <span class='ocrx_word' id='word_1_509' title='bbox 1524 1104 1589 1131; x_wconf 77' lang='grc' dir='ltr'>ἰδεῖν</span> <span class='ocrx_word' id='word_1_510' title='bbox 1604 1105 1676 1139; x_wconf 78' lang='grc' dir='ltr'>ὑμᾶς</span> <span class='ocrx_word' id='word_1_511' title='bbox 1694 1104 1732 1136; x_wconf 83' lang='grc' dir='ltr'>ὼς</span> <span class='ocrx_word' id='word_1_512' title='bbox 1746 1106 1792 1131; x_wconf 78' lang='grc' dir='ltr'><strong>αὺ-</strong></span> 
     </span>
    </p>
   </div>
   <div class='ocr_carea' id='block_1_68' title="bbox 1008 1147 1794 1184">
    <p class='ocr_par' dir='ltr' id='par_1_68' title="bbox 1008 1147 1794 1184">
     <span class='ocr_line' id='line_1_68' title="bbox 1008 1147 1794 1184; baseline 0 -9"><span class='ocrx_word' id='word_1_513' title='bbox 1008 1149 1054 1180; x_wconf 67' lang='grc' dir='ltr'>τδς</span> <span class='ocrx_word' id='word_1_514' title='bbox 1074 1147 1108 1184; x_wconf 82' lang='grc' dir='ltr'>ἦν</span> <span class='ocrx_word' id='word_1_515' title='bbox 1131 1151 1144 1175; x_wconf 84' lang='grc' dir='ltr'><strong>ό</strong></span> <span class='ocrx_word' id='word_1_516' title='bbox 1164 1149 1249 1175; x_wconf 85' lang='grc' dir='ltr'>τῶνδε</span> <span class='ocrx_word' id='word_1_517' title='bbox 1277 1149 1374 1182; x_wconf 77' lang='grc' dir='ltr'>αἴτιος,</span> <span class='ocrx_word' id='word_1_518' title='bbox 1391 1149 1438 1176; x_wconf 70' lang='grc' dir='ltr'><strong>καὶ</strong></span> <span class='ocrx_word' id='word_1_519' title='bbox 1455 1149 1518 1176; x_wconf 83' lang='grc' dir='ltr'>τάδε</span> <span class='ocrx_word' id='word_1_520' title='bbox 1538 1149 1634 1181; x_wconf 81' lang='grc' dir='ltr'>ποιῶν,</span> <span class='ocrx_word' id='word_1_521' title='bbox 1647 1149 1731 1183; x_wconf 73' lang='grc' dir='ltr'>ἤγουν</span> <span class='ocrx_word' id='word_1_522' title='bbox 1744 1150 1794 1183; x_wconf 80' lang='grc' dir='ltr'>τὴν</span> 
     </span>
    </p>
   </div>
   <div class='ocr_carea' id='block_1_69' title="bbox 1008 1195 1795 1230">
    <p class='ocr_par' dir='ltr' id='par_1_69' title="bbox 1008 1195 1795 1230">
     <span class='ocr_line' id='line_1_69' title="bbox 1008 1195 1795 1230; baseline 0.001 -9"><span class='ocrx_word' id='word_1_523' title='bbox 1008 1195 1142 1222; x_wconf 83' lang='grc' dir='ltr'>ἀπάθειαν</span> <span class='ocrx_word' id='word_1_524' title='bbox 1155 1196 1202 1222; x_wconf 80' lang='grc' dir='ltr'><strong>καὶ</strong></span> <span class='ocrx_word' id='word_1_525' title='bbox 1216 1195 1371 1230; x_wconf 76' lang='grc' dir='ltr'>ἀφθαρσίαν</span> <span class='ocrx_word' id='word_1_526' title='bbox 1381 1203 1388 1210; x_wconf 86' lang='grc'>·</span> <span class='ocrx_word' id='word_1_527' title='bbox 1406 1196 1485 1230; x_wconf 82' lang='grc' dir='ltr'>είπερ</span> <span class='ocrx_word' id='word_1_528' title='bbox 1500 1195 1580 1227; x_wconf 69' lang='grc' dir='ltr'>αὐτὸς</span> <span class='ocrx_word' id='word_1_529' title='bbox 1597 1196 1694 1222; x_wconf 77' lang='grc' dir='ltr'>ἑαυτὸν</span> <span class='ocrx_word' id='word_1_530' title='bbox 1709 1196 1795 1226; x_wconf 73' lang='grc' dir='ltr'>ὅντως</span> 
     </span>
    </p>
   </div>
   <div class='ocr_carea' id='block_1_70' title="bbox 1008 1241 1794 1276">
    <p class='ocr_par' dir='ltr' id='par_1_70' title="bbox 1008 1241 1794 1276">
     <span class='ocr_line' id='line_1_70' title="bbox 1008 1241 1794 1276; baseline 0.001 -9"><span class='ocrx_word' id='word_1_531' title='bbox 1008 1241 1160 1275; x_wconf 74' lang='grc' dir='ltr'>ἀναστῆσαι</span> <span class='ocrx_word' id='word_1_532' title='bbox 1183 1241 1301 1275; x_wconf 83' lang='grc' dir='ltr'>λέγεται,</span> <span class='ocrx_word' id='word_1_533' title='bbox 1318 1242 1332 1267; x_wconf 86' lang='grc' dir='ltr'>ὁ</span> <span class='ocrx_word' id='word_1_534' title='bbox 1349 1242 1396 1268; x_wconf 84' lang='grc' dir='ltr'>καὶ</span> <span class='ocrx_word' id='word_1_535' title='bbox 1418 1242 1506 1276; x_wconf 89' lang='grc' dir='ltr'>φήσας</span> <span class='ocrx_word' id='word_1_536' title='bbox 1517 1250 1523 1256; x_wconf 93' lang='grc'><strong>·</strong></span> <span class='ocrx_word' id='word_1_537' title='bbox 1546 1241 1616 1276; x_wconf 79' lang='grc' dir='ltr'>Ἐγώ</span> <span class='ocrx_word' id='word_1_538' title='bbox 1630 1243 1687 1276; x_wconf 82' lang='grc' dir='ltr'>ειμι</span> <span class='ocrx_word' id='word_1_539' title='bbox 1703 1243 1722 1275; x_wconf 79' lang='grc' dir='ltr'><strong><em>ἠ</em></strong></span> <span class='ocrx_word' id='word_1_540' title='bbox 1738 1241 1794 1275; x_wconf 64' lang='lat' dir='ltr'><strong>{ide</strong></span> 
     </span>
    </p>
   </div>
   <div class='ocr_carea' id='block_1_71' title="bbox 1009 1284 1793 1323">
    <p class='ocr_par' dir='ltr' id='par_1_71' title="bbox 1009 1284 1793 1323">
     <span class='ocr_line' id='line_1_71' title="bbox 1009 1284 1793 1323; baseline -0.001 -10"><span class='ocrx_word' id='word_1_541' title='bbox 1009 1286 1058 1313; x_wconf 78' lang='grc' dir='ltr'><strong>καὶ</strong></span> <span class='ocrx_word' id='word_1_542' title='bbox 1075 1287 1094 1320; x_wconf 74' lang='grc' dir='ltr'><em>ὴ</em></span> <span class='ocrx_word' id='word_1_543' title='bbox 1112 1286 1281 1320; x_wconf 80' lang='grc' dir='ltr'>ἀνάστασις</span> <span class='ocrx_word' id='word_1_544' title='bbox 1294 1307 1302 1318; x_wconf 82' lang='grc'><strong>.</strong></span> <span class='ocrx_word' id='word_1_545' title='bbox 1319 1284 1354 1323; x_wconf 80' lang='grc' dir='ltr'><strong>ἧς</strong></span> <span class='ocrx_word' id='word_1_546' title='bbox 1381 1287 1479 1322; x_wconf 72' lang='grc' dir='ltr'>μᾶλλον</span> <span class='ocrx_word' id='word_1_547' title='bbox 1507 1287 1585 1321; x_wconf 75' lang='grc' dir='ltr'>ὑμεῖς</span> <span class='ocrx_word' id='word_1_548' title='bbox 1609 1287 1700 1321; x_wconf 81' lang='grc' dir='ltr'>φωνῆς</span> <span class='ocrx_word' id='word_1_549' title='bbox 1725 1295 1793 1321; x_wconf 80' lang='grc' dir='ltr'>παρ-</span> 
     </span>
    </p>
   </div>
   <div class='ocr_carea' id='block_1_72' title="bbox 1009 1332 1795 1367">
    <p class='ocr_par' dir='ltr' id='par_1_72' title="bbox 1009 1332 1795 1367">
     <span class='ocr_line' id='line_1_72' title="bbox 1009 1332 1795 1367; baseline 0 -9"><span class='ocrx_word' id='word_1_550' title='bbox 1009 1333 1268 1367; x_wconf 72' lang='grc' dir='ltr'>ηκούσατενκαίτοι,</span> <span class='ocrx_word' id='word_1_551' title='bbox 1280 1332 1350 1367; x_wconf 85' lang='grc' dir='ltr'><strong>Ἐγώ</strong></span> <span class='ocrx_word' id='word_1_552' title='bbox 1376 1334 1433 1367; x_wconf 77' lang='grc' dir='ltr'>ειμι</span> <span class='ocrx_word' id='word_1_553' title='bbox 1447 1333 1460 1359; x_wconf 82' lang='grc' dir='ltr'><strong><em>ὁ</em></strong></span> <span class='ocrx_word' id='word_1_554' title='bbox 1478 1332 1565 1358; x_wconf 81' lang='grc' dir='ltr'>λαλῶν</span> <span class='ocrx_word' id='word_1_555' title='bbox 1586 1341 1639 1363; x_wconf 87' lang='grc' dir='ltr'>σοι,</span> <span class='ocrx_word' id='word_1_556' title='bbox 1660 1332 1795 1359; x_wconf 76' lang='grc' dir='ltr'>δεικτικὶν</span> 
     </span>
    </p>
   </div>
   <div class='ocr_carea' id='block_1_73' title="bbox 1009 1377 1795 1413">
    <p class='ocr_par' dir='ltr' id='par_1_73' title="bbox 1009 1377 1795 1413">
     <span class='ocr_line' id='line_1_73' title="bbox 1009 1377 1795 1413; baseline -0.001 -9"><span class='ocrx_word' id='word_1_557' title='bbox 1009 1377 1038 1404; x_wconf 79' lang='grc' dir='ltr'>δν</span> <span class='ocrx_word' id='word_1_558' title='bbox 1050 1386 1057 1393; x_wconf 81' lang='lat'>&#39;</span> <span class='ocrx_word' id='word_1_559' title='bbox 1075 1379 1122 1404; x_wconf 69' lang='grc' dir='ltr'>καὶ</span> <span class='ocrx_word' id='word_1_560' title='bbox 1137 1379 1168 1404; x_wconf 84' lang='grc' dir='ltr'><strong>ὲκ</strong></span> <span class='ocrx_word' id='word_1_561' title='bbox 1181 1378 1229 1404; x_wconf 83' lang='grc' dir='ltr'>τοῦ</span> <span class='ocrx_word' id='word_1_562' title='bbox 1247 1379 1320 1404; x_wconf 76' lang='grc' dir='ltr'>κατὰ</span> <span class='ocrx_word' id='word_1_563' title='bbox 1332 1378 1382 1413; x_wconf 87' lang='grc' dir='ltr'>τὴν</span> <span class='ocrx_word' id='word_1_564' title='bbox 1394 1378 1554 1412; x_wconf 83' lang='grc' dir='ltr'>προσφορὰν</span> <span class='ocrx_word' id='word_1_565' title='bbox 1570 1377 1699 1412; x_wconf 76' lang='grc' dir='ltr'><strong>αἰσθητοῦ</strong></span> <span class='ocrx_word' id='word_1_566' title='bbox 1715 1377 1795 1411; x_wconf 74' lang='grc' dir='ltr'>λόγου</span> 
     </span>
    </p>
   </div>
   <div class='ocr_carea' id='block_1_74' title="bbox 1010 1423 1796 1458">
    <p class='ocr_par' dir='ltr' id='par_1_74' title="bbox 1010 1423 1796 1458">
     <span class='ocr_line' id='line_1_74' title="bbox 1010 1423 1796 1458; baseline -0.003 -8"><span class='ocrx_word' id='word_1_567' title='bbox 1010 1423 1188 1458; x_wconf 77' lang='grc' dir='ltr'>ὲνηχούμενοι</span> <span class='ocrx_word' id='word_1_568' title='bbox 1216 1423 1285 1458; x_wconf 82' lang='grc' dir='ltr'><strong>μετά</strong></span> <span class='ocrx_word' id='word_1_569' title='bbox 1305 1424 1356 1458; x_wconf 83' lang='grc' dir='ltr'>τῆς</span> <span class='ocrx_word' id='word_1_570' title='bbox 1383 1423 1501 1458; x_wconf 80' lang='grc' dir='ltr'><strong>ἀδελφῆς</strong></span> <span class='ocrx_word' id='word_1_571' title='bbox 1523 1423 1650 1458; x_wconf 76' lang='grc' dir='ltr'>Λαζάρου</span> <span class='ocrx_word' id='word_1_572' title='bbox 1675 1423 1796 1457; x_wconf 77' lang='grc' dir='ltr'><strong>αἰσθητῷ</strong></span> 
     </span>
    </p>
   </div>
   <div class='ocr_carea' id='block_1_75' title="bbox 1011 1468 1795 1505">
    <p class='ocr_par' dir='ltr' id='par_1_75' title="bbox 1011 1468 1795 1505">
     <span class='ocr_line' id='line_1_75' title="bbox 1011 1468 1795 1505; baseline 0 -11"><span class='ocrx_word' id='word_1_573' title='bbox 1011 1469 1117 1503; x_wconf 78' lang='grc' dir='ltr'>σώματι</span> <span class='ocrx_word' id='word_1_574' title='bbox 1141 1469 1230 1495; x_wconf 77' lang='grc' dir='ltr'>ἑκοντὶ</span> <span class='ocrx_word' id='word_1_575' title='bbox 1255 1468 1625 1505; x_wconf 74' lang='grc' dir='ltr'>κωφεύετε·Ὦσπερ,φησὶ,</span> <span class='ocrx_word' id='word_1_576' title='bbox 1660 1469 1678 1494; x_wconf 83' lang='lat' dir='ltr'><strong>d</strong></span> <span class='ocrx_word' id='word_1_577' title='bbox 1692 1469 1795 1502; x_wconf 75' lang='grc' dir='ltr'>Πατὴρ</span> 
     </span>
    </p>
   </div>
   <div class='ocr_carea' id='block_1_76' title="bbox 1011 1513 1795 1554">
    <p class='ocr_par' dir='ltr' id='par_1_76' title="bbox 1011 1513 1795 1554">
     <span class='ocr_line' id='line_1_76' title="bbox 1011 1513 1795 1554; baseline -0.003 -13"><span class='ocrx_word' id='word_1_578' title='bbox 1011 1515 1117 1549; x_wconf 74' lang='grc' dir='ltr'>ἐγείρει</span> <span class='ocrx_word' id='word_1_579' title='bbox 1135 1515 1206 1547; x_wconf 84' lang='grc' dir='ltr'>τοὺς</span> <span class='ocrx_word' id='word_1_580' title='bbox 1220 1514 1358 1548; x_wconf 77' lang='grc' dir='ltr'>νεκροὺς,</span> <span class='ocrx_word' id='word_1_581' title='bbox 1376 1514 1426 1540; x_wconf 75' lang='grc' dir='ltr'><strong>καὶ</strong></span> <span class='ocrx_word' id='word_1_582' title='bbox 1439 1514 1533 1554; x_wconf 69' lang='lat' dir='ltr'><strong>011ch</strong></span> <span class='ocrx_word' id='word_1_583' title='bbox 1553 1513 1603 1540; x_wconf 74' lang='grc' dir='ltr'><strong>καὶ</strong></span> <span class='ocrx_word' id='word_1_584' title='bbox 1617 1513 1657 1546; x_wconf 78' lang='grc' dir='ltr'>τῷ</span> <span class='ocrx_word' id='word_1_585' title='bbox 1675 1513 1730 1545; x_wconf 81' lang='grc' dir='ltr'><strong>Υιῷ</strong></span> <span class='ocrx_word' id='word_1_586' title='bbox 1747 1513 1795 1540; x_wconf 78' lang='grc' dir='ltr'><strong>δὲ-</strong></span> 
     </span>
    </p>
   </div>
   <div class='ocr_carea' id='block_1_77' title="bbox 1010 1558 1796 1594">
    <p class='ocr_par' dir='ltr' id='par_1_77' title="bbox 1010 1558 1796 1594">
     <span class='ocr_line' id='line_1_77' title="bbox 1010 1558 1796 1594; baseline -0.001 -8"><span class='ocrx_word' id='word_1_587' title='bbox 1010 1560 1105 1586; x_wconf 80' lang='grc' dir='ltr'>δωκεν</span> <span class='ocrx_word' id='word_1_588' title='bbox 1127 1559 1273 1592; x_wconf 78' lang='grc' dir='ltr'>ἐξουσίαν</span> <span class='ocrx_word' id='word_1_589' title='bbox 1294 1559 1422 1594; x_wconf 78' lang='grc' dir='ltr'>ἐγείρειν</span> <span class='ocrx_word' id='word_1_590' title='bbox 1443 1559 1514 1592; x_wconf 82' lang='grc' dir='ltr'>τοὺς</span> <span class='ocrx_word' id='word_1_591' title='bbox 1538 1559 1676 1591; x_wconf 78' lang='grc' dir='ltr'><strong>νεκρούς.</strong></span> <span class='ocrx_word' id='word_1_592' title='bbox 1693 1558 1725 1585; x_wconf 80' lang='lat' dir='ltr'><strong>Et</strong></span> <span class='ocrx_word' id='word_1_593' title='bbox 1745 1560 1796 1593; x_wconf 79' lang='grc' dir='ltr'>μὲν</span> 
     </span>
    </p>
   </div>
   <div class='ocr_carea' id='block_1_78' title="bbox 1009 1603 1796 1640">
    <p class='ocr_par' dir='ltr' id='par_1_78' title="bbox 1009 1603 1796 1640">
     <span class='ocr_line' id='line_1_78' title="bbox 1009 1603 1796 1640; baseline -0.004 -8"><span class='ocrx_word' id='word_1_594' title='bbox 1009 1603 1056 1632; x_wconf 84' lang='grc' dir='ltr'>οὖν</span> <span class='ocrx_word' id='word_1_595' title='bbox 1072 1606 1153 1640; x_wconf 80' lang='grc' dir='ltr'>ἀρκεῖ</span> <span class='ocrx_word' id='word_1_596' title='bbox 1171 1605 1258 1631; x_wconf 83' lang='grc' dir='ltr'>ταῦτα</span> <span class='ocrx_word' id='word_1_597' title='bbox 1273 1605 1336 1640; x_wconf 86' lang='grc' dir='ltr'>ὑμῖν</span> <span class='ocrx_word' id='word_1_598' title='bbox 1350 1606 1389 1637; x_wconf 85' lang='grc' dir='ltr'><strong>είς</strong></span> <span class='ocrx_word' id='word_1_599' title='bbox 1408 1605 1550 1636; x_wconf 83' lang='grc' dir='ltr'>πίστωσιν,</span> <span class='ocrx_word' id='word_1_600' title='bbox 1569 1604 1631 1631; x_wconf 70' lang='grc' dir='ltr'>ἐπεί</span> <span class='ocrx_word' id='word_1_601' title='bbox 1644 1604 1685 1630; x_wconf 88' lang='grc' dir='ltr'><strong>τοί</strong></span> <span class='ocrx_word' id='word_1_602' title='bbox 1701 1612 1733 1638; x_wconf 86' lang='grc' dir='ltr'><strong>γε</strong></span> <span class='ocrx_word' id='word_1_603' title='bbox 1747 1604 1796 1630; x_wconf 79' lang='grc' dir='ltr'>καὶ</span> 
     </span>
    </p>
   </div>
   <div class='ocr_carea' id='block_1_79' title="bbox 1010 1649 1796 1686">
    <p class='ocr_par' dir='ltr' id='par_1_79' title="bbox 1010 1649 1796 1686">
     <span class='ocr_line' id='line_1_79' title="bbox 1010 1649 1796 1686; baseline -0.004 -8"><span class='ocrx_word' id='word_1_604' title='bbox 1010 1652 1110 1686; x_wconf 73' lang='grc' dir='ltr'>ἑτέρων</span> <span class='ocrx_word' id='word_1_605' title='bbox 1137 1651 1288 1677; x_wconf 85' lang='grc' dir='ltr'>ἀκούσεσθε</span> <span class='ocrx_word' id='word_1_606' title='bbox 1312 1651 1468 1685; x_wconf 85' lang='grc' dir='ltr'>λεγομένων</span> <span class='ocrx_word' id='word_1_607' title='bbox 1489 1651 1564 1684; x_wconf 67' lang='grc' dir='ltr'>ὑμῖνθ</span> <span class='ocrx_word' id='word_1_608' title='bbox 1591 1651 1616 1676; x_wconf 81' lang='grc' dir='ltr'><strong>εί</strong></span> <span class='ocrx_word' id='word_1_609' title='bbox 1641 1650 1695 1684; x_wconf 82' lang='grc' dir='ltr'><strong>γάρ</strong></span> <span class='ocrx_word' id='word_1_610' title='bbox 1724 1649 1796 1676; x_wconf 57' lang='lat' dir='ltr'><strong>mea</strong></span> 
     </span>
    </p>
   </div>
   <div class='ocr_carea' id='block_1_80' title="bbox 1010 1695 1797 1731">
    <p class='ocr_par' dir='ltr' id='par_1_80' title="bbox 1010 1695 1797 1731">
     <span class='ocr_line' id='line_1_80' title="bbox 1010 1695 1797 1731; baseline -0.004 -8"><span class='ocrx_word' id='word_1_611' title='bbox 1010 1697 1109 1728; x_wconf 85' lang='grc' dir='ltr'>πάντες</span> <span class='ocrx_word' id='word_1_612' title='bbox 1137 1697 1279 1731; x_wconf 85' lang='grc' dir='ltr'>μέλλουσιν</span> <span class='ocrx_word' id='word_1_613' title='bbox 1308 1696 1380 1731; x_wconf 78' lang='grc' dir='ltr'>ἔχειν</span> <span class='ocrx_word' id='word_1_614' title='bbox 1403 1697 1428 1723; x_wconf 77' lang='grc' dir='ltr'>οἱ</span> <span class='ocrx_word' id='word_1_615' title='bbox 1451 1696 1599 1730; x_wconf 76' lang='grc' dir='ltr'>ἄνθρωποι,</span> <span class='ocrx_word' id='word_1_616' title='bbox 1624 1695 1687 1730; x_wconf 74' lang='grc' dir='ltr'>ἔσχε</span> <span class='ocrx_word' id='word_1_617' title='bbox 1711 1695 1760 1721; x_wconf 76' lang='grc' dir='ltr'><strong>καὶ</strong></span> <span class='ocrx_word' id='word_1_618' title='bbox 1784 1697 1797 1720; x_wconf 68' lang='grc' dir='ltr'><strong>ὁ</strong></span> 
     </span>
    </p>
   </div>
   <div class='ocr_carea' id='block_1_81' title="bbox 1010 1741 1798 1778">
    <p class='ocr_par' dir='ltr' id='par_1_81' title="bbox 1010 1741 1798 1778">
     <span class='ocr_line' id='line_1_81' title="bbox 1010 1741 1798 1778; baseline -0.004 -9"><span class='ocrx_word' id='word_1_619' title='bbox 1010 1743 1112 1778; x_wconf 81' lang='grc' dir='ltr'>Κύριος</span> <span class='ocrx_word' id='word_1_620' title='bbox 1127 1742 1178 1777; x_wconf 83' lang='grc' dir='ltr'>τὴν</span> <span class='ocrx_word' id='word_1_621' title='bbox 1195 1742 1356 1772; x_wconf 76' lang='grc' dir='ltr'>ἀνάστασιν,</span> <span class='ocrx_word' id='word_1_622' title='bbox 1370 1742 1412 1772; x_wconf 89' lang='grc' dir='ltr'><strong>τίς</strong></span> <span class='ocrx_word' id='word_1_623' title='bbox 1434 1742 1450 1776; x_wconf 88' lang='grc' dir='ltr'>ὴ</span> <span class='ocrx_word' id='word_1_624' title='bbox 1472 1741 1551 1776; x_wconf 82' lang='grc' dir='ltr'>χρεία</span> <span class='ocrx_word' id='word_1_625' title='bbox 1568 1741 1616 1767; x_wconf 76' lang='grc' dir='ltr'>τοῦ</span> <span class='ocrx_word' id='word_1_626' title='bbox 1633 1741 1716 1767; x_wconf 81' lang='grc' dir='ltr'>αὑτὸν</span> <span class='ocrx_word' id='word_1_627' title='bbox 1732 1741 1798 1767; x_wconf 80' lang='grc' dir='ltr'>ἀνα-</span> 
     </span>
    </p>
   </div>
   <div class='ocr_carea' id='block_1_82' title="bbox 1010 1786 1794 1823">
    <p class='ocr_par' dir='ltr' id='par_1_82' title="bbox 1010 1786 1794 1823">
     <span class='ocr_line' id='line_1_82' title="bbox 1010 1786 1794 1823; baseline -0.004 -8"><span class='ocrx_word' id='word_1_628' title='bbox 1010 1789 1108 1823; x_wconf 83' lang='grc' dir='ltr'>στῆσαι</span> <span class='ocrx_word' id='word_1_629' title='bbox 1121 1787 1228 1823; x_wconf 82' lang='grc' dir='ltr'>πρῶτον</span> <span class='ocrx_word' id='word_1_630' title='bbox 1239 1795 1246 1819; x_wconf 85' lang='lat'><strong>;</strong></span> <span class='ocrx_word' id='word_1_631' title='bbox 1257 1788 1282 1813; x_wconf 81' lang='grc' dir='ltr'>εί</span> <span class='ocrx_word' id='word_1_632' title='bbox 1294 1787 1348 1822; x_wconf 88' lang='grc' dir='ltr'><strong>γὰρ</strong></span> <span class='ocrx_word' id='word_1_633' title='bbox 1362 1787 1409 1813; x_wconf 71' lang='grc' dir='ltr'><strong>καὶ</strong></span> <span class='ocrx_word' id='word_1_634' title='bbox 1422 1787 1505 1818; x_wconf 73' lang='grc' dir='ltr'>αὐτὸς</span> <span class='ocrx_word' id='word_1_635' title='bbox 1517 1787 1579 1813; x_wconf 83' lang='grc' dir='ltr'>καθ’</span> <span class='ocrx_word' id='word_1_636' title='bbox 1593 1787 1669 1822; x_wconf 73' lang='grc' dir='ltr'>ἡμᾶς</span> <span class='ocrx_word' id='word_1_637' title='bbox 1684 1786 1794 1819; x_wconf 78' lang='grc' dir='ltr'>ἀνέστη,</span> 
     </span>
    </p>
   </div>
   <div class='ocr_carea' id='block_1_83' title="bbox 1009 1831 1797 1868">
    <p class='ocr_par' dir='ltr' id='par_1_83' title="bbox 1009 1831 1797 1868">
     <span class='ocr_line' id='line_1_83' title="bbox 1009 1831 1797 1868; baseline -0.003 -8"><span class='ocrx_word' id='word_1_638' title='bbox 1009 1834 1056 1860; x_wconf 82' lang='grc' dir='ltr'><strong>καὶ</strong></span> <span class='ocrx_word' id='word_1_639' title='bbox 1075 1834 1157 1868; x_wconf 82' lang='grc' dir='ltr'>ἡμεῖς</span> <span class='ocrx_word' id='word_1_640' title='bbox 1173 1833 1234 1860; x_wconf 77' lang='grc' dir='ltr'>κατ’</span> <span class='ocrx_word' id='word_1_641' title='bbox 1253 1832 1333 1858; x_wconf 81' lang='grc' dir='ltr'>αὑτὸν</span> <span class='ocrx_word' id='word_1_642' title='bbox 1353 1832 1533 1866; x_wconf 80' lang='grc' dir='ltr'>ἀνιστάμεθα,</span> <span class='ocrx_word' id='word_1_643' title='bbox 1549 1832 1592 1864; x_wconf 83' lang='grc' dir='ltr'><strong>τίς</strong></span> <span class='ocrx_word' id='word_1_644' title='bbox 1611 1833 1627 1866; x_wconf 84' lang='grc' dir='ltr'>ἡ</span> <span class='ocrx_word' id='word_1_645' title='bbox 1653 1833 1735 1867; x_wconf 82' lang='grc' dir='ltr'>χρεία</span> <span class='ocrx_word' id='word_1_646' title='bbox 1749 1831 1797 1858; x_wconf 74' lang='grc' dir='ltr'>τοῦ</span> 
     </span>
    </p>
   </div>
   <div class='ocr_carea' id='block_1_84' title="bbox 1010 1877 1796 1914">
    <p class='ocr_par' dir='ltr' id='par_1_84' title="bbox 1010 1877 1796 1914">
     <span class='ocr_line' id='line_1_84' title="bbox 1010 1877 1796 1914; baseline -0.003 -9"><span class='ocrx_word' id='word_1_647' title='bbox 1010 1878 1191 1914; x_wconf 83' lang='grc' dir='ltr'>προγενέσθαι</span> <span class='ocrx_word' id='word_1_648' title='bbox 1209 1877 1293 1904; x_wconf 77' lang='grc' dir='ltr'>αὑτοῦ</span> <span class='ocrx_word' id='word_1_649' title='bbox 1314 1877 1363 1912; x_wconf 86' lang='grc' dir='ltr'>τὴν</span> <span class='ocrx_word' id='word_1_650' title='bbox 1386 1878 1553 1911; x_wconf 81' lang='grc' dir='ltr'>ἀνάστασιν;</span> <span class='ocrx_word' id='word_1_651' title='bbox 1570 1877 1649 1912; x_wconf 86' lang='grc' dir='ltr'>εῐπερ</span> <span class='ocrx_word' id='word_1_652' title='bbox 1661 1878 1742 1912; x_wconf 80' lang='grc' dir='ltr'>ἡμεῖς</span> <span class='ocrx_word' id='word_1_653' title='bbox 1759 1877 1796 1912; x_wconf 82' lang='grc' dir='ltr'><strong>μὴ</strong></span> 
     </span>
    </p>
   </div>
   <div class='ocr_carea' id='block_1_85' title="bbox 1009 1922 1795 1962">
    <p class='ocr_par' dir='ltr' id='par_1_85' title="bbox 1009 1922 1795 1962">
     <span class='ocr_line' id='line_1_85' title="bbox 1009 1922 1795 1962; baseline -0.003 -12"><span class='ocrx_word' id='word_1_654' title='bbox 1009 1924 1042 1951; x_wconf 82' lang='grc' dir='ltr'><strong>δι’</strong></span> <span class='ocrx_word' id='word_1_655' title='bbox 1056 1924 1140 1958; x_wconf 76' lang='grc' dir='ltr'>αὐτῆς</span> <span class='ocrx_word' id='word_1_656' title='bbox 1155 1922 1340 1962; x_wconf 62' lang='grc' dir='ltr'>ἀνιστάμεθα,</span> <span class='ocrx_word' id='word_1_657' title='bbox 1361 1923 1409 1949; x_wconf 74' lang='grc' dir='ltr'><strong>καὶ</strong></span> <span class='ocrx_word' id='word_1_658' title='bbox 1432 1922 1470 1958; x_wconf 81' lang='grc' dir='ltr'><strong>τῷ</strong></span> <span class='ocrx_word' id='word_1_659' title='bbox 1496 1922 1676 1958; x_wconf 78' lang='grc' dir='ltr'>προγενέσθαι</span> <span class='ocrx_word' id='word_1_660' title='bbox 1692 1923 1776 1956; x_wconf 84' lang='grc' dir='ltr'>αὐτήν</span> <span class='ocrx_word' id='word_1_661' title='bbox 1788 1930 1795 1937; x_wconf 95' lang='grc'><strong>·</strong></span> 
     </span>
    </p>
   </div>
   <div class='ocr_carea' id='block_1_86' title="bbox 1011 1967 1796 2004">
    <p class='ocr_par' dir='ltr' id='par_1_86' title="bbox 1011 1967 1796 2004">
     <span class='ocr_line' id='line_1_86' title="bbox 1011 1967 1796 2004; baseline -0.005 -8"><span class='ocrx_word' id='word_1_662' title='bbox 1011 1969 1058 1997; x_wconf 74' lang='grc' dir='ltr'><strong>καὶ</strong></span> <span class='ocrx_word' id='word_1_663' title='bbox 1075 1969 1157 1996; x_wconf 77' lang='grc' dir='ltr'>αὐτοῦ</span> <span class='ocrx_word' id='word_1_664' title='bbox 1172 1970 1226 2004; x_wconf 88' lang='grc' dir='ltr'>γὰρ</span> <span class='ocrx_word' id='word_1_665' title='bbox 1249 1969 1286 2004; x_wconf 86' lang='grc' dir='ltr'><strong>μὴ</strong></span> <span class='ocrx_word' id='word_1_666' title='bbox 1305 1968 1481 2000; x_wconf 78' lang='grc' dir='ltr'>ἀναστάντος,</span> <span class='ocrx_word' id='word_1_667' title='bbox 1502 1969 1516 1994; x_wconf 83' lang='grc' dir='ltr'>ὁ</span> <span class='ocrx_word' id='word_1_668' title='bbox 1539 1969 1696 2002; x_wconf 81' lang='grc' dir='ltr'>ἀναστήσας</span> <span class='ocrx_word' id='word_1_669' title='bbox 1713 1967 1796 1994; x_wconf 73' lang='grc' dir='ltr'>αὑτὸν</span> 
     </span>
    </p>
   </div>
   <div class='ocr_carea' id='block_1_87' title="bbox 1011 2013 1798 2050">
    <p class='ocr_par' dir='ltr' id='par_1_87' title="bbox 1011 2013 1798 2050">
     <span class='ocr_line' id='line_1_87' title="bbox 1011 2013 1798 2050; baseline -0.006 -7"><span class='ocrx_word' id='word_1_670' title='bbox 1011 2015 1072 2043; x_wconf 77' lang='grc' dir='ltr'>καθ’</span> <span class='ocrx_word' id='word_1_671' title='bbox 1087 2016 1172 2050; x_wconf 69' lang='grc' dir='ltr'>ἡμᾶς.</span> <span class='ocrx_word' id='word_1_672' title='bbox 1191 2016 1288 2050; x_wconf 80' lang='grc' dir='ltr'>ἀνιστᾷ</span> <span class='ocrx_word' id='word_1_673' title='bbox 1305 2015 1338 2042; x_wconf 81' lang='grc' dir='ltr'>ἂν</span> <span class='ocrx_word' id='word_1_674' title='bbox 1352 2015 1425 2050; x_wconf 77' lang='grc' dir='ltr'><strong>ἡμᾶς</strong></span> <span class='ocrx_word' id='word_1_675' title='bbox 1443 2014 1503 2040; x_wconf 80' lang='grc' dir='ltr'><strong>κατ’</strong></span> <span class='ocrx_word' id='word_1_676' title='bbox 1516 2014 1598 2040; x_wconf 72' lang='grc' dir='ltr'><strong>αὐτὸν</strong></span> <span class='ocrx_word' id='word_1_677' title='bbox 1616 2014 1659 2040; x_wconf 81' lang='grc' dir='ltr'><strong>διὰ</strong></span> <span class='ocrx_word' id='word_1_678' title='bbox 1674 2013 1725 2047; x_wconf 84' lang='grc' dir='ltr'>τῆς</span> <span class='ocrx_word' id='word_1_679' title='bbox 1739 2021 1798 2039; x_wconf 80' lang='grc' dir='ltr'>κοι-</span> 
     </span>
    </p>
   </div>
   <div class='ocr_carea' id='block_1_88' title="bbox 1012 2058 1797 2095">
    <p class='ocr_par' dir='ltr' id='par_1_88' title="bbox 1012 2058 1797 2095">
     <span class='ocr_line' id='line_1_88' title="bbox 1012 2058 1797 2095; baseline -0.005 -8"><span class='ocrx_word' id='word_1_680' title='bbox 1012 2061 1066 2092; x_wconf 82' lang='grc' dir='ltr'><strong>νῶς</strong></span> <span class='ocrx_word' id='word_1_681' title='bbox 1091 2061 1119 2086; x_wconf 77' lang='grc' dir='ltr'>ὲν</span> <span class='ocrx_word' id='word_1_682' title='bbox 1141 2060 1227 2087; x_wconf 72' lang='grc' dir='ltr'>ἅπασι</span> <span class='ocrx_word' id='word_1_683' title='bbox 1256 2061 1402 2095; x_wconf 75' lang='grc' dir='ltr'>γινομένης</span> <span class='ocrx_word' id='word_1_684' title='bbox 1424 2060 1471 2086; x_wconf 75' lang='grc' dir='ltr'><strong>καὶ</strong></span> <span class='ocrx_word' id='word_1_685' title='bbox 1496 2059 1592 2094; x_wconf 67' lang='grc' dir='ltr'>ὁμιλίας</span> <span class='ocrx_word' id='word_1_686' title='bbox 1620 2058 1703 2085; x_wconf 80' lang='grc' dir='ltr'>αὑτοῦ</span> <span class='ocrx_word' id='word_1_687' title='bbox 1720 2059 1797 2093; x_wconf 84' lang='grc' dir='ltr'>ὲνερ-</span> 
     </span>
    </p>
   </div>
   <div class='ocr_carea' id='block_1_89' title="bbox 176 2101 1797 2152">
    <p class='ocr_par' dir='ltr' id='par_1_89' title="bbox 176 2101 1797 2152">
     <span class='ocr_line' id='line_1_89' title="bbox 176 2101 1797 2152; baseline -0.001 -22"><span class='ocrx_word' id='word_1_688' title='bbox 176 2105 252 2138; x_wconf 82' lang='grc' dir='ltr'>γεὶας</span> <span class='ocrx_word' id='word_1_689' title='bbox 264 2113 270 2119; x_wconf 90' lang='grc'><strong>·</strong></span> <span class='ocrx_word' id='word_1_690' title='bbox 284 2104 355 2130; x_wconf 78' lang='grc' dir='ltr'>οὕτω</span> <span class='ocrx_word' id='word_1_691' title='bbox 371 2105 421 2138; x_wconf 77' lang='grc' dir='ltr'>μὲν</span> <span class='ocrx_word' id='word_1_692' title='bbox 437 2101 482 2131; x_wconf 77' lang='grc' dir='ltr'>οὖν</span> <span class='ocrx_word' id='word_1_693' title='bbox 502 2104 633 2130; x_wconf 78' lang='grc' dir='ltr'>δέδεικται</span> <span class='ocrx_word' id='word_1_694' title='bbox 650 2105 733 2130; x_wconf 82' lang='grc' dir='ltr'>αὐτοῦ</span> <span class='ocrx_word' id='word_1_695' title='bbox 754 2113 784 2131; x_wconf 86' lang='grc' dir='ltr'><strong>τε</strong></span> <span class='ocrx_word' id='word_1_696' title='bbox 802 2105 817 2139; x_wconf 88' lang='grc' dir='ltr'><strong>ή</strong></span> <span class='ocrx_word' id='word_1_697' title='bbox 835 2105 983 2138; x_wconf 80' lang='grc' dir='ltr'>ἀνάστασις</span> <span class='ocrx_word' id='word_1_698' title='bbox 1001 2105 1196 2140; x_wconf 71' lang='grc' dir='ltr'>αὐτοενέργεια</span> <span class='ocrx_word' id='word_1_699' title='bbox 1227 2103 1309 2137; x_wconf 75' lang='grc' dir='ltr'>εἶναι,</span> <span class='ocrx_word' id='word_1_700' title='bbox 1325 2105 1373 2131; x_wconf 78' lang='grc' dir='ltr'>καὶ</span> <span class='ocrx_word' id='word_1_701' title='bbox 1387 2104 1466 2139; x_wconf 85' lang='grc' dir='ltr'>ήμῶν</span> <span class='ocrx_word' id='word_1_702' title='bbox 1500 2105 1532 2130; x_wconf 78' lang='grc' dir='ltr'><strong>ὲκ</strong></span> <span class='ocrx_word' id='word_1_703' title='bbox 1564 2103 1717 2152; x_wconf 62' lang='grc' dir='ltr'>συνθέσεως</span> <span class='ocrx_word' id='word_1_704' title='bbox 1748 2104 1797 2138; x_wconf 79' lang='grc' dir='ltr'>τῆς</span> 
     </span>
    </p>
   </div>
   <div class='ocr_carea' id='block_1_90' title="bbox 176 2150 750 2186">
    <p class='ocr_par' dir='ltr' id='par_1_90' title="bbox 176 2150 750 2186">
     <span class='ocr_line' id='line_1_90' title="bbox 176 2150 750 2186; baseline 0.002 -9"><span class='ocrx_word' id='word_1_705' title='bbox 176 2153 244 2186; x_wconf 58' lang='grc' dir='ltr'>πρὸς</span> <span class='ocrx_word' id='word_1_706' title='bbox 258 2151 302 2177; x_wconf 79' lang='grc' dir='ltr'>τὸν</span> <span class='ocrx_word' id='word_1_707' title='bbox 314 2151 400 2183; x_wconf 86' lang='grc' dir='ltr'>Λόγον</span> <span class='ocrx_word' id='word_1_708' title='bbox 417 2152 465 2186; x_wconf 85' lang='grc' dir='ltr'>τῆς</span> <span class='ocrx_word' id='word_1_709' title='bbox 480 2151 580 2185; x_wconf 80' lang='grc' dir='ltr'>σαρκὸς</span> <span class='ocrx_word' id='word_1_710' title='bbox 591 2150 750 2182; x_wconf 78' lang='grc' dir='ltr'>ἀνάστασις.</span> 
     </span>
    </p>
   </div>
   <div class='ocr_carea' id='block_1_91' title="bbox 210 2192 959 2234">
    <p class='ocr_par' dir='ltr' id='par_1_91' title="bbox 210 2192 959 2232">
     <span class='ocr_line' id='line_1_91' title="bbox 210 2192 959 2232; baseline 0 -6"><span class='ocrx_word' id='word_1_711' title='bbox 210 2198 290 2226; x_wconf 82' lang='lat' dir='ltr'><strong>Nunc</strong></span> <span class='ocrx_word' id='word_1_712' title='bbox 309 2197 540 2225; x_wconf 87' lang='lat' dir='ltr'><strong>considerandum</strong></span> <span class='ocrx_word' id='word_1_713' title='bbox 551 2197 626 2225; x_wconf 87' lang='lat' dir='ltr'><strong>aliud</strong></span> <span class='ocrx_word' id='word_1_714' title='bbox 637 2206 652 2225; x_wconf 86' lang='lat' dir='ltr'><strong>a</strong></span> <span class='ocrx_word' id='word_1_715' title='bbox 668 2198 746 2226; x_wconf 89' lang='lat' dir='ltr'><strong>vobis</strong></span> <span class='ocrx_word' id='word_1_716' title='bbox 760 2192 862 2226; x_wconf 87' lang='lat' dir='ltr'><strong>dictum</strong></span> <span class='ocrx_word' id='word_1_717' title='bbox 873 2220 880 2232; x_wconf 92' lang='lat'><strong>,</strong></span> <span class='ocrx_word' id='word_1_718' title='bbox 897 2207 959 2226; x_wconf 89' lang='lat' dir='ltr'><strong>nam</strong></span> 
     </span>
    </p>
   </div>
   <div class='ocr_carea' id='block_1_92' title="bbox 1011 2192 1797 2234">
    <p class='ocr_par' dir='ltr' id='par_1_92' title="bbox 1047 2195 1797 2234">
     <span class='ocr_line' id='line_1_92' title="bbox 1047 2195 1797 2234; baseline -0.008 -8"><span class='ocrx_word' id='word_1_719' title='bbox 1047 2199 1201 2234; x_wconf 80' lang='grc' dir='ltr'>Σκοπητέον</span> <span class='ocrx_word' id='word_1_720' title='bbox 1216 2199 1244 2225; x_wconf 67' lang='grc' dir='ltr'><strong>δὲ</strong></span> <span class='ocrx_word' id='word_1_721' title='bbox 1258 2198 1351 2226; x_wconf 80' lang='grc' dir='ltr'>λοιπὸν</span> <span class='ocrx_word' id='word_1_722' title='bbox 1371 2198 1418 2225; x_wconf 73' lang='grc' dir='ltr'>καὶ</span> <span class='ocrx_word' id='word_1_723' title='bbox 1438 2197 1468 2224; x_wconf 79' lang='grc' dir='ltr'><strong>τὺ</strong></span> <span class='ocrx_word' id='word_1_724' title='bbox 1483 2196 1583 2231; x_wconf 60' lang='grc' dir='ltr'>ἕτερον</span> <span class='ocrx_word' id='word_1_725' title='bbox 1595 2197 1626 2223; x_wconf 79' lang='grc' dir='ltr'>τὸ</span> <span class='ocrx_word' id='word_1_726' title='bbox 1639 2195 1704 2230; x_wconf 75' lang='grc' dir='ltr'><strong>παρ’</strong></span> <span class='ocrx_word' id='word_1_727' title='bbox 1719 2195 1797 2230; x_wconf 81' lang='grc' dir='ltr'>ὑμῶν</span> 
     </span>
    </p>
   </div>
   <div class='ocr_carea' id='block_1_93' title="bbox 176 2243 958 2279">
    <p class='ocr_par' dir='ltr' id='par_1_93' title="bbox 176 2243 958 2279">
     <span class='ocr_line' id='line_1_93' title="bbox 176 2243 958 2279; baseline 0.003 -9"><span class='ocrx_word' id='word_1_728' title='bbox 176 2244 250 2279; x_wconf 86' lang='lat' dir='ltr'><strong>quod</strong></span> <span class='ocrx_word' id='word_1_729' title='bbox 266 2249 309 2271; x_wconf 90' lang='lat' dir='ltr'><strong>est</strong></span> <span class='ocrx_word' id='word_1_730' title='bbox 320 2244 446 2272; x_wconf 87' lang='lat' dir='ltr'><strong>mirabile</strong></span> <span class='ocrx_word' id='word_1_731' title='bbox 459 2244 485 2270; x_wconf 93' lang='lat' dir='ltr'><strong>in</strong></span> <span class='ocrx_word' id='word_1_732' title='bbox 499 2243 592 2271; x_wconf 87' lang='lat' dir='ltr'><strong>divina</strong></span> <span class='ocrx_word' id='word_1_733' title='bbox 607 2244 666 2279; x_wconf 85' lang='lat' dir='ltr'><strong>ejus</strong></span> <span class='ocrx_word' id='word_1_734' title='bbox 681 2244 836 2276; x_wconf 89' lang='lat' dir='ltr'><strong>nativitate,</strong></span> <span class='ocrx_word' id='word_1_735' title='bbox 848 2245 881 2272; x_wconf 87' lang='lat' dir='ltr'><strong>ad</strong></span> <span class='ocrx_word' id='word_1_736' title='bbox 896 2244 958 2279; x_wconf 87' lang='lat' dir='ltr'><strong>Spi-</strong></span> 
     </span>
    </p>
   </div>
   <div class='ocr_carea' id='block_1_94' title="bbox 176 2289 956 2324">
    <p class='ocr_par' dir='ltr' id='par_1_94' title="bbox 176 2289 956 2324">
     <span class='ocr_line' id='line_1_94' title="bbox 176 2289 956 2324; baseline 0 -7"><span class='ocrx_word' id='word_1_737' title='bbox 176 2291 259 2317; x_wconf 86' lang='lat' dir='ltr'><strong>ritum</strong></span> <span class='ocrx_word' id='word_1_738' title='bbox 269 2295 391 2318; x_wconf 77' lang='lat' dir='ltr'><strong>sanetum</strong></span> <span class='ocrx_word' id='word_1_739' title='bbox 399 2289 506 2316; x_wconf 76' lang='lat' dir='ltr'><strong>refertis</strong></span> <span class='ocrx_word' id='word_1_740' title='bbox 515 2294 543 2316; x_wconf 91' lang='lat' dir='ltr'><strong>et</strong></span> <span class='ocrx_word' id='word_1_741' title='bbox 555 2290 615 2324; x_wconf 86' lang='lat' dir='ltr'><strong>ejus</strong></span> <span class='ocrx_word' id='word_1_742' title='bbox 623 2289 730 2324; x_wconf 79' lang='lat' dir='ltr'><strong>signum</strong></span> <span class='ocrx_word' id='word_1_743' title='bbox 743 2297 803 2317; x_wconf 83' lang='lat' dir='ltr'><strong>esse</strong></span> <span class='ocrx_word' id='word_1_744' title='bbox 816 2291 936 2318; x_wconf 86' lang='lat' dir='ltr'><strong>censetis</strong></span> <span class='ocrx_word' id='word_1_745' title='bbox 948 2298 956 2324; x_wconf 89' lang='lat'><strong>;</strong></span> 
     </span>
    </p>
   </div>
   <div class='ocr_carea' id='block_1_95' title="bbox 176 2336 962 2370">
    <p class='ocr_par' dir='ltr' id='par_1_95' title="bbox 176 2336 962 2370">
     <span class='ocr_line' id='line_1_95' title="bbox 176 2336 962 2370; baseline 0.001 -7"><span class='ocrx_word' id='word_1_746' title='bbox 176 2345 230 2364; x_wconf 82' lang='lat' dir='ltr'><strong>non</strong></span> <span class='ocrx_word' id='word_1_747' title='bbox 248 2341 338 2366; x_wconf 86' lang='lat' dir='ltr'><strong>autem</strong></span> <span class='ocrx_word' id='word_1_748' title='bbox 355 2337 454 2370; x_wconf 80' lang='lat' dir='ltr'><strong>pignus</strong></span> <span class='ocrx_word' id='word_1_749' title='bbox 469 2336 657 2363; x_wconf 83' lang='lat' dir='ltr'><strong>substantialis</strong></span> <span class='ocrx_word' id='word_1_750' title='bbox 671 2337 782 2363; x_wconf 90' lang='lat' dir='ltr'><strong>unionis</strong></span> <span class='ocrx_word' id='word_1_751' title='bbox 799 2336 881 2363; x_wconf 85' lang='lat' dir='ltr'><strong>Verbi</strong></span> <span class='ocrx_word' id='word_1_752' title='bbox 896 2345 903 2370; x_wconf 89' lang='lat'>;</span> <span class='ocrx_word' id='word_1_753' title='bbox 920 2337 962 2364; x_wconf 91' lang='lat' dir='ltr'><strong>di-</strong></span> 
     </span>
    </p>
   </div>
   <div class='ocr_carea' id='block_1_96' title="bbox 175 2381 963 2417">
    <p class='ocr_par' dir='ltr' id='par_1_96' title="bbox 175 2381 963 2417">
     <span class='ocr_line' id='line_1_96' title="bbox 175 2381 963 2417; baseline -0.001 -8"><span class='ocrx_word' id='word_1_754' title='bbox 175 2383 229 2409; x_wconf 73' lang='lat' dir='ltr'><strong>cite</strong></span> <span class='ocrx_word' id='word_1_755' title='bbox 244 2381 326 2417; x_wconf 81' lang='lat' dir='ltr'><strong>igitur</strong></span> <span class='ocrx_word' id='word_1_756' title='bbox 343 2390 401 2413; x_wconf 82' lang='lat' dir='ltr'><strong>vos,</strong></span> <span class='ocrx_word' id='word_1_757' title='bbox 432 2389 482 2409; x_wconf 85' lang='lat' dir='ltr'><strong>cur</strong></span> <span class='ocrx_word' id='word_1_758' title='bbox 500 2381 609 2408; x_wconf 82' lang='lat' dir='ltr'><strong>tandem</strong></span> <span class='ocrx_word' id='word_1_759' title='bbox 624 2382 651 2408; x_wconf 93' lang='lat' dir='ltr'><strong>in</strong></span> <span class='ocrx_word' id='word_1_760' title='bbox 665 2382 721 2408; x_wconf 88' lang='lat' dir='ltr'><strong>sola</strong></span> <span class='ocrx_word' id='word_1_761' title='bbox 738 2381 798 2416; x_wconf 82' lang='lat' dir='ltr'><strong>ejus</strong></span> <span class='ocrx_word' id='word_1_762' title='bbox 821 2382 963 2409; x_wconf 85' lang='lat' dir='ltr'><strong>nativitate</strong></span> 
     </span>
    </p>
   </div>
   <div class='ocr_carea' id='block_1_97' title="bbox 177 2427 960 2462">
    <p class='ocr_par' dir='ltr' id='par_1_97' title="bbox 177 2427 960 2462">
     <span class='ocr_line' id='line_1_97' title="bbox 177 2427 960 2462; baseline -0.001 -7"><span class='ocrx_word' id='word_1_763' title='bbox 177 2427 244 2455; x_wconf 82' lang='lat' dir='ltr'><strong>iilud</strong></span> <span class='ocrx_word' id='word_1_764' title='bbox 263 2427 426 2457; x_wconf 82' lang='lat' dir='ltr'><strong>sitfactum.</strong></span> <span class='ocrx_word' id='word_1_765' title='bbox 449 2435 502 2462; x_wconf 89' lang='lat' dir='ltr'><strong>qua</strong></span> <span class='ocrx_word' id='word_1_766' title='bbox 518 2427 551 2454; x_wconf 92' lang='lat' dir='ltr'><strong>de</strong></span> <span class='ocrx_word' id='word_1_767' title='bbox 565 2434 657 2459; x_wconf 77' lang='lat' dir='ltr'><strong>causa,</strong></span> <span class='ocrx_word' id='word_1_768' title='bbox 676 2427 831 2454; x_wconf 87' lang='lat' dir='ltr'><strong>istiusmodi</strong></span> <span class='ocrx_word' id='word_1_769' title='bbox 852 2427 960 2462; x_wconf 78' lang='lat' dir='ltr'><strong>signum</strong></span> 
     </span>
    </p>
   </div>
   <div class='ocr_carea' id='block_1_98' title="bbox 176 2473 961 2507">
    <p class='ocr_par' dir='ltr' id='par_1_98' title="bbox 176 2473 961 2507">
     <span class='ocr_line' id='line_1_98' title="bbox 176 2473 961 2507; baseline -0.001 -7"><span class='ocrx_word' id='word_1_770' title='bbox 176 2474 246 2501; x_wconf 70' lang='lat' dir='ltr'><strong>banc</strong></span> <span class='ocrx_word' id='word_1_771' title='bbox 262 2474 347 2500; x_wconf 79' lang='lat' dir='ltr'><strong>solum</strong></span> <span class='ocrx_word' id='word_1_772' title='bbox 364 2473 535 2500; x_wconf 88' lang='lat' dir='ltr'><strong>nativitatem</strong></span> <span class='ocrx_word' id='word_1_773' title='bbox 550 2480 610 2500; x_wconf 87' lang='lat' dir='ltr'><strong>esse</strong></span> <span class='ocrx_word' id='word_1_774' title='bbox 628 2473 757 2504; x_wconf 83' lang='lat' dir='ltr'><strong>voluerit.</strong></span> <span class='ocrx_word' id='word_1_775' title='bbox 779 2473 916 2507; x_wconf 83' lang='lat' dir='ltr'><strong>siquidem</strong></span> <span class='ocrx_word' id='word_1_776' title='bbox 928 2480 961 2499; x_wconf 80' lang='lat' dir='ltr'><strong>ex</strong></span> 
     </span>
    </p>
   </div>
   <div class='ocr_carea' id='block_1_99' title="bbox 176 2518 960 2554">
    <p class='ocr_par' dir='ltr' id='par_1_99' title="bbox 176 2518 960 2554">
     <span class='ocr_line' id='line_1_99' title="bbox 176 2518 960 2554; baseline -0.004 -7"><span class='ocrx_word' id='word_1_777' title='bbox 176 2521 275 2547; x_wconf 66' lang='lat' dir='ltr'><strong>vestris</strong></span> <span class='ocrx_word' id='word_1_778' title='bbox 288 2519 432 2554; x_wconf 79' lang='lat' dir='ltr'><strong>principiis</strong></span> <span class='ocrx_word' id='word_1_779' title='bbox 462 2519 616 2551; x_wconf 79' lang='lat' dir='ltr'><strong>habemus,</strong></span> <span class='ocrx_word' id='word_1_780' title='bbox 641 2526 758 2553; x_wconf 89' lang='lat' dir='ltr'><strong>quorum</strong></span> <span class='ocrx_word' id='word_1_781' title='bbox 787 2518 960 2545; x_wconf 87' lang='lat' dir='ltr'><strong>insociabiles</strong></span> 
     </span>
    </p>
   </div>
   <div class='ocr_carea' id='block_1_100' title="bbox 177 2564 960 2599">
    <p class='ocr_par' dir='ltr' id='par_1_100' title="bbox 177 2564 960 2599">
     <span class='ocr_line' id='line_1_100' title="bbox 177 2564 960 2599; baseline -0.005 -5"><span class='ocrx_word' id='word_1_782' title='bbox 177 2571 291 2598; x_wconf 59' lang='lat' dir='ltr'><strong>naturis,</strong></span> <span class='ocrx_word' id='word_1_783' title='bbox 323 2565 368 2592; x_wconf 87' lang='lat' dir='ltr'><strong>illa</strong></span> <span class='ocrx_word' id='word_1_784' title='bbox 393 2573 449 2591; x_wconf 92' lang='lat' dir='ltr'><strong>non</strong></span> <span class='ocrx_word' id='word_1_785' title='bbox 477 2572 556 2599; x_wconf 87' lang='lat' dir='ltr'><strong>posse</strong></span> <span class='ocrx_word' id='word_1_786' title='bbox 581 2564 707 2591; x_wconf 89' lang='lat' dir='ltr'><strong>eamdem</strong></span> <span class='ocrx_word' id='word_1_787' title='bbox 733 2564 960 2599; x_wconf 88' lang='lat' dir='ltr'><strong>compositionem</strong></span> 
     </span>
    </p>
   </div>
   <div class='ocr_carea' id='block_1_101' title="bbox 177 2608 961 2646">
    <p class='ocr_par' dir='ltr' id='par_1_101' title="bbox 177 2608 961 2646">
     <span class='ocr_line' id='line_1_101' title="bbox 177 2608 961 2646; baseline -0.004 -9"><span class='ocrx_word' id='word_1_788' title='bbox 177 2611 308 2646; x_wconf 79' lang='lat' dir='ltr'><strong>recipere.</strong></span> <span class='ocrx_word' id='word_1_789' title='bbox 328 2610 407 2637; x_wconf 87' lang='lat' dir='ltr'><strong>Nunc</strong></span> <span class='ocrx_word' id='word_1_790' title='bbox 431 2609 528 2644; x_wconf 76' lang='lat' dir='ltr'><strong>igitur,</strong></span> <span class='ocrx_word' id='word_1_791' title='bbox 561 2617 595 2636; x_wconf 80' lang='lat' dir='ltr'><strong>ex</strong></span> <span class='ocrx_word' id='word_1_792' title='bbox 618 2613 711 2636; x_wconf 88' lang='lat' dir='ltr'><strong>vestro</strong></span> <span class='ocrx_word' id='word_1_793' title='bbox 741 2617 831 2643; x_wconf 88' lang='lat' dir='ltr'><strong>nuper</strong></span> <span class='ocrx_word' id='word_1_794' title='bbox 856 2608 961 2642; x_wconf 87' lang='lat' dir='ltr'><strong>prolato</strong></span> 
     </span>
    </p>
   </div>
   <div class='ocr_carea' id='block_1_102' title="bbox 177 2654 962 2690">
    <p class='ocr_par' dir='ltr' id='par_1_102' title="bbox 177 2654 962 2690">
     <span class='ocr_line' id='line_1_102' title="bbox 177 2654 962 2690; baseline 0 -9"><span class='ocrx_word' id='word_1_795' title='bbox 177 2655 330 2690; x_wconf 82' lang='lat' dir='ltr'><strong>principio,</strong></span> <span class='ocrx_word' id='word_1_796' title='bbox 348 2655 401 2681; x_wconf 91' lang='lat' dir='ltr'><strong>hoc</strong></span> <span class='ocrx_word' id='word_1_797' title='bbox 413 2654 519 2681; x_wconf 85' lang='lat' dir='ltr'><strong>axioma</strong></span> <span class='ocrx_word' id='word_1_798' title='bbox 541 2658 637 2681; x_wconf 89' lang='lat' dir='ltr'><strong>contra</strong></span> <span class='ocrx_word' id='word_1_799' title='bbox 651 2654 732 2681; x_wconf 84' lang='lat' dir='ltr'><strong>linem</strong></span> <span class='ocrx_word' id='word_1_800' title='bbox 746 2662 761 2681; x_wconf 73' lang='grc' dir='ltr'><strong>ιι</strong></span> <span class='ocrx_word' id='word_1_801' title='bbox 776 2654 854 2681; x_wconf 83' lang='lat' dir='ltr'><strong>vobis</strong></span> <span class='ocrx_word' id='word_1_802' title='bbox 870 2655 962 2681; x_wconf 87' lang='lat' dir='ltr'><strong>inten-</strong></span> 
     </span>
    </p>
   </div>
   <div class='ocr_carea' id='block_1_103' title="bbox 179 2698 962 2736">
    <p class='ocr_par' dir='ltr' id='par_1_103' title="bbox 179 2698 962 2736">
     <span class='ocr_line' id='line_1_103' title="bbox 179 2698 962 2736; baseline 0 -9"><span class='ocrx_word' id='word_1_803' title='bbox 179 2707 235 2729; x_wconf 81' lang='lat' dir='ltr'><strong>tum</strong></span> <span class='ocrx_word' id='word_1_804' title='bbox 251 2708 385 2736; x_wconf 90' lang='lat' dir='ltr'><strong>ponemus</strong></span> <span class='ocrx_word' id='word_1_805' title='bbox 408 2708 414 2727; x_wconf 94' lang='lat'><strong>:</strong></span> <span class='ocrx_word' id='word_1_806' title='bbox 434 2707 551 2734; x_wconf 87' lang='lat' dir='ltr'><strong>quorum</strong></span> <span class='ocrx_word' id='word_1_807' title='bbox 575 2707 674 2734; x_wconf 86' lang='lat' dir='ltr'><strong>nempe</strong></span> <span class='ocrx_word' id='word_1_808' title='bbox 713 2698 962 2732; x_wconf 85' lang='lat' dir='ltr'><strong>incomparabiliter</strong></span> 
     </span>
    </p>
   </div>
   <div class='ocr_carea' id='block_1_104' title="bbox 179 2745 960 2781">
    <p class='ocr_par' dir='ltr' id='par_1_104' title="bbox 179 2745 960 2781">
     <span class='ocr_line' id='line_1_104' title="bbox 179 2745 960 2781; baseline 0.003 -10"><span class='ocrx_word' id='word_1_809' title='bbox 179 2746 291 2773; x_wconf 67' lang='lat' dir='ltr'><strong>diversae</strong></span> <span class='ocrx_word' id='word_1_810' title='bbox 317 2750 381 2773; x_wconf 88' lang='lat' dir='ltr'><strong>sunt</strong></span> <span class='ocrx_word' id='word_1_811' title='bbox 407 2745 579 2778; x_wconf 87' lang='lat' dir='ltr'><strong>nativitates,</strong></span> <span class='ocrx_word' id='word_1_812' title='bbox 594 2753 690 2773; x_wconf 90' lang='lat' dir='ltr'><strong>eorum</strong></span> <span class='ocrx_word' id='word_1_813' title='bbox 706 2754 845 2781; x_wconf 88' lang='lat' dir='ltr'><strong>nunquam</strong></span> <span class='ocrx_word' id='word_1_814' title='bbox 858 2745 960 2773; x_wconf 64' lang='lat' dir='ltr'><strong>caedem</strong></span> 
     </span>
    </p>
   </div>
   <div class='ocr_carea' id='block_1_105' title="bbox 218 2833 681 2867">
    <p class='ocr_par' dir='ltr' id='par_1_105' title="bbox 218 2833 681 2867">
     <span class='ocr_line' id='line_1_105' title="bbox 218 2833 681 2867; baseline 0.002 -8"><span class='ocrx_word' id='word_1_815' title='bbox 218 2833 238 2848; x_wconf 84' lang='lat'>“</span> <span class='ocrx_word' id='word_1_816' title='bbox 251 2833 328 2860; x_wconf 81' lang='lat' dir='ltr'><strong>Joan.</strong></span> <span class='ocrx_word' id='word_1_817' title='bbox 339 2834 425 2862; x_wconf 60' lang='lat'><strong>31,25.</strong></span> <span class='ocrx_word' id='word_1_818' title='bbox 465 2835 484 2850; x_wconf 86' lang='grc'><strong>¹⁷</strong></span> <span class='ocrx_word' id='word_1_819' title='bbox 499 2834 577 2862; x_wconf 81' lang='lat' dir='ltr'><strong>Joan.</strong></span> <span class='ocrx_word' id='word_1_820' title='bbox 595 2842 623 2867; x_wconf 89' lang='lat' dir='ltr'><strong>v,</strong></span> <span class='ocrx_word' id='word_1_821' title='bbox 637 2834 681 2860; x_wconf 74' lang='lat'><strong>2|.</strong></span> 
     </span>
    </p>
   </div>
   <div class='ocr_carea' id='block_1_106' title="bbox 1010 2240 1796 2280">
    <p class='ocr_par' dir='ltr' id='par_1_106' title="bbox 1010 2240 1796 2280">
     <span class='ocr_line' id='line_1_106' title="bbox 1010 2240 1796 2280; baseline -0.008 -9"><span class='ocrx_word' id='word_1_822' title='bbox 1010 2245 1155 2280; x_wconf 79' lang='grc' dir='ltr'>εἰρημένον</span> <span class='ocrx_word' id='word_1_823' title='bbox 1165 2252 1172 2259; x_wconf 88' lang='grc'><strong>·</strong></span> <span class='ocrx_word' id='word_1_824' title='bbox 1190 2244 1220 2270; x_wconf 82' lang='grc' dir='ltr'>τὸ</span> <span class='ocrx_word' id='word_1_825' title='bbox 1235 2244 1290 2279; x_wconf 80' lang='grc' dir='ltr'><strong>γὰρ</strong></span> <span class='ocrx_word' id='word_1_826' title='bbox 1304 2243 1456 2278; x_wconf 80' lang='grc' dir='ltr'>παράδοξον</span> <span class='ocrx_word' id='word_1_827' title='bbox 1472 2242 1520 2277; x_wconf 82' lang='grc' dir='ltr'>τῆς</span> <span class='ocrx_word' id='word_1_828' title='bbox 1531 2241 1699 2276; x_wconf 80' lang='grc' dir='ltr'>θεοπρεποῦς</span> <span class='ocrx_word' id='word_1_829' title='bbox 1713 2240 1796 2266; x_wconf 75' lang='grc' dir='ltr'>αὐτοῦ</span> 
     </span>
    </p>
   </div>
   <div class='ocr_carea' id='block_1_107' title="bbox 1010 2286 1796 2326">
    <p class='ocr_par' dir='ltr' id='par_1_107' title="bbox 1010 2286 1796 2326">
     <span class='ocr_line' id='line_1_107' title="bbox 1010 2286 1796 2326; baseline -0.006 -9"><span class='ocrx_word' id='word_1_830' title='bbox 1010 2291 1173 2326; x_wconf 83' lang='grc' dir='ltr'>γεννήσεως,</span> <span class='ocrx_word' id='word_1_831' title='bbox 1193 2290 1240 2316; x_wconf 76' lang='grc' dir='ltr'><strong>ἐπὶ</strong></span> <span class='ocrx_word' id='word_1_832' title='bbox 1251 2290 1281 2316; x_wconf 81' lang='grc' dir='ltr'><strong>τὸ</strong></span> <span class='ocrx_word' id='word_1_833' title='bbox 1296 2290 1373 2323; x_wconf 83' lang='grc' dir='ltr'>ἆγιον</span> <span class='ocrx_word' id='word_1_834' title='bbox 1392 2289 1503 2323; x_wconf 84' lang='grc' dir='ltr'>Πνεῦμα</span> <span class='ocrx_word' id='word_1_835' title='bbox 1521 2288 1646 2321; x_wconf 77' lang='grc' dir='ltr'>ἀνάγετε,</span> <span class='ocrx_word' id='word_1_836' title='bbox 1664 2287 1710 2313; x_wconf 78' lang='grc' dir='ltr'>καὶ</span> <span class='ocrx_word' id='word_1_837' title='bbox 1726 2286 1796 2320; x_wconf 86' lang='grc' dir='ltr'>σύμ-</span> 
     </span>
    </p>
   </div>
   <div class='ocr_carea' id='block_1_108' title="bbox 1012 2330 1799 2370">
    <p class='ocr_par' dir='ltr' id='par_1_108' title="bbox 1012 2330 1799 2370">
     <span class='ocr_line' id='line_1_108' title="bbox 1012 2330 1799 2370; baseline -0.009 -7"><span class='ocrx_word' id='word_1_838' title='bbox 1012 2336 1090 2363; x_wconf 82' lang='grc' dir='ltr'>ϐολον</span> <span class='ocrx_word' id='word_1_839' title='bbox 1107 2335 1176 2362; x_wconf 83' lang='grc' dir='ltr'>εἶναι</span> <span class='ocrx_word' id='word_1_840' title='bbox 1195 2335 1298 2370; x_wconf 81' lang='grc' dir='ltr'>ταύτην</span> <span class='ocrx_word' id='word_1_841' title='bbox 1313 2335 1408 2362; x_wconf 78' lang='grc' dir='ltr'>τούτου</span> <span class='ocrx_word' id='word_1_842' title='bbox 1420 2334 1558 2368; x_wconf 77' lang='grc' dir='ltr'>νομίζετε,</span> <span class='ocrx_word' id='word_1_843' title='bbox 1574 2333 1622 2359; x_wconf 74' lang='grc' dir='ltr'>καὶ</span> <span class='ocrx_word' id='word_1_844' title='bbox 1639 2332 1687 2358; x_wconf 79' lang='grc' dir='ltr'><strong>οὐκ</strong></span> <span class='ocrx_word' id='word_1_845' title='bbox 1701 2330 1799 2357; x_wconf 66' lang='grc' dir='ltr'>οὑπιώ-</span> 
     </span>
    </p>
   </div>
   <div class='ocr_carea' id='block_1_109' title="bbox 1012 2376 1797 2416">
    <p class='ocr_par' dir='ltr' id='par_1_109' title="bbox 1012 2376 1797 2416">
     <span class='ocr_line' id='line_1_109' title="bbox 1012 2376 1797 2416; baseline -0.008 -8"><span class='ocrx_word' id='word_1_846' title='bbox 1012 2382 1074 2413; x_wconf 77' lang='grc' dir='ltr'>δους</span> <span class='ocrx_word' id='word_1_847' title='bbox 1091 2381 1251 2416; x_wconf 80' lang='grc' dir='ltr'>συμπλοκῆς</span> <span class='ocrx_word' id='word_1_848' title='bbox 1276 2381 1323 2407; x_wconf 79' lang='grc' dir='ltr'>τοῦ</span> <span class='ocrx_word' id='word_1_849' title='bbox 1344 2381 1432 2414; x_wconf 87' lang='grc' dir='ltr'>Λόγου</span> <span class='ocrx_word' id='word_1_850' title='bbox 1452 2380 1621 2414; x_wconf 80' lang='grc' dir='ltr'>τεκμήριον·</span> <span class='ocrx_word' id='word_1_851' title='bbox 1636 2377 1733 2403; x_wconf 85' lang='grc' dir='ltr'>εῐπατε</span> <span class='ocrx_word' id='word_1_852' title='bbox 1748 2376 1797 2403; x_wconf 80' lang='grc' dir='ltr'>οὖν</span> 
     </span>
    </p>
   </div>
   <div class='ocr_carea' id='block_1_110' title="bbox 1014 2422 1798 2463">
    <p class='ocr_par' dir='ltr' id='par_1_110' title="bbox 1014 2422 1798 2463">
     <span class='ocr_line' id='line_1_110' title="bbox 1014 2422 1798 2463; baseline -0.009 -9"><span class='ocrx_word' id='word_1_853' title='bbox 1014 2428 1080 2463; x_wconf 81' lang='grc' dir='ltr'>ἡμῖν</span> <span class='ocrx_word' id='word_1_854' title='bbox 1095 2428 1190 2460; x_wconf 75' lang='grc' dir='ltr'>ὅντως,</span> <span class='ocrx_word' id='word_1_855' title='bbox 1207 2425 1229 2453; x_wconf 84' lang='grc' dir='ltr'>ὧ</span> <span class='ocrx_word' id='word_1_856' title='bbox 1244 2423 1329 2459; x_wconf 69' lang='grc' dir='ltr'>οὗτοι,</span> <span class='ocrx_word' id='word_1_857' title='bbox 1344 2426 1387 2452; x_wconf 75' lang='grc' dir='ltr'>διὰ</span> <span class='ocrx_word' id='word_1_858' title='bbox 1407 2425 1433 2451; x_wconf 84' lang='grc' dir='ltr'><strong>τί</strong></span> <span class='ocrx_word' id='word_1_859' title='bbox 1445 2425 1491 2450; x_wconf 67' lang='grc' dir='ltr'><strong>ἐπὶ</strong></span> <span class='ocrx_word' id='word_1_860' title='bbox 1505 2424 1555 2458; x_wconf 80' lang='grc' dir='ltr'>τῆς</span> <span class='ocrx_word' id='word_1_861' title='bbox 1570 2423 1664 2450; x_wconf 74' lang='grc' dir='ltr'>τούτου</span> <span class='ocrx_word' id='word_1_862' title='bbox 1679 2424 1727 2449; x_wconf 66' lang='grc' dir='ltr'>καὶ</span> <span class='ocrx_word' id='word_1_863' title='bbox 1751 2422 1798 2456; x_wconf 81' lang='grc' dir='ltr'><strong>μό-</strong></span> 
     </span>
    </p>
   </div>
   <div class='ocr_carea' id='block_1_111' title="bbox 1013 2465 1795 2506">
    <p class='ocr_par' dir='ltr' id='par_1_111' title="bbox 1013 2465 1795 2506">
     <span class='ocr_line' id='line_1_111' title="bbox 1013 2465 1795 2506; baseline -0.009 -8"><span class='ocrx_word' id='word_1_864' title='bbox 1013 2481 1058 2498; x_wconf 80' lang='grc' dir='ltr'><strong>νον</strong></span> <span class='ocrx_word' id='word_1_865' title='bbox 1085 2472 1238 2506; x_wconf 84' lang='grc' dir='ltr'>γεννήσεως</span> <span class='ocrx_word' id='word_1_866' title='bbox 1263 2470 1342 2496; x_wconf 83' lang='grc' dir='ltr'>τοῦτο</span> <span class='ocrx_word' id='word_1_867' title='bbox 1365 2469 1534 2504; x_wconf 83' lang='grc' dir='ltr'>γεγένηται;</span> <span class='ocrx_word' id='word_1_868' title='bbox 1561 2467 1607 2493; x_wconf 79' lang='grc' dir='ltr'><strong>καὶ</strong></span> <span class='ocrx_word' id='word_1_869' title='bbox 1620 2466 1700 2492; x_wconf 76' lang='grc' dir='ltr'>διὰτί</span> <span class='ocrx_word' id='word_1_870' title='bbox 1717 2465 1795 2500; x_wconf 76' lang='grc' dir='ltr'>τήνδε</span> 
     </span>
    </p>
   </div>
   <div class='ocr_carea' id='block_1_112' title="bbox 1013 2510 1796 2551">
    <p class='ocr_par' dir='ltr' id='par_1_112' title="bbox 1013 2510 1796 2551">
     <span class='ocr_line' id='line_1_112' title="bbox 1013 2510 1796 2551; baseline -0.009 -8"><span class='ocrx_word' id='word_1_871' title='bbox 1013 2517 1060 2551; x_wconf 82' lang='grc' dir='ltr'>τὴν</span> <span class='ocrx_word' id='word_1_872' title='bbox 1087 2516 1166 2542; x_wconf 73' lang='grc' dir='ltr'>αὑτοῦ</span> <span class='ocrx_word' id='word_1_873' title='bbox 1198 2515 1323 2549; x_wconf 75' lang='grc' dir='ltr'>τοιαύτην</span> <span class='ocrx_word' id='word_1_874' title='bbox 1337 2515 1475 2549; x_wconf 82' lang='grc' dir='ltr'>γέννησιν,</span> <span class='ocrx_word' id='word_1_875' title='bbox 1490 2513 1520 2539; x_wconf 73' lang='grc' dir='ltr'>τὸ</span> <span class='ocrx_word' id='word_1_876' title='bbox 1534 2513 1634 2538; x_wconf 74' lang='grc' dir='ltr'>τοιόνδε</span> <span class='ocrx_word' id='word_1_877' title='bbox 1663 2510 1796 2545; x_wconf 75' lang='grc' dir='ltr'>σύμϐολον</span> 
     </span>
    </p>
   </div>
   <div class='ocr_carea' id='block_1_113' title="bbox 1013 2557 1795 2598">
    <p class='ocr_par' dir='ltr' id='par_1_113' title="bbox 1013 2557 1795 2598">
     <span class='ocr_line' id='line_1_113' title="bbox 1013 2557 1795 2598; baseline -0.01 -9"><span class='ocrx_word' id='word_1_878' title='bbox 1013 2563 1197 2598; x_wconf 75' lang='grc' dir='ltr'>κατήρτισατο</span> <span class='ocrx_word' id='word_1_879' title='bbox 1213 2563 1310 2596; x_wconf 80' lang='grc' dir='ltr'>μόνον;</span> <span class='ocrx_word' id='word_1_880' title='bbox 1326 2561 1373 2587; x_wconf 76' lang='grc' dir='ltr'><strong>καὶ</strong></span> <span class='ocrx_word' id='word_1_881' title='bbox 1389 2561 1443 2594; x_wconf 85' lang='grc' dir='ltr'><strong>γὰρ</strong></span> <span class='ocrx_word' id='word_1_882' title='bbox 1456 2560 1486 2586; x_wconf 82' lang='grc' dir='ltr'>ὲκ</span> <span class='ocrx_word' id='word_1_883' title='bbox 1501 2559 1556 2585; x_wconf 85' lang='grc' dir='ltr'>τῶν</span> <span class='ocrx_word' id='word_1_884' title='bbox 1571 2557 1712 2592; x_wconf 80' lang='grc' dir='ltr'>ὑμετέρων</span> <span class='ocrx_word' id='word_1_885' title='bbox 1724 2557 1795 2590; x_wconf 84' lang='grc' dir='ltr'>λημ-</span> 
     </span>
    </p>
   </div>
   <div class='ocr_carea' id='block_1_114' title="bbox 1014 2601 1796 2644">
    <p class='ocr_par' dir='ltr' id='par_1_114' title="bbox 1014 2601 1796 2644">
     <span class='ocr_line' id='line_1_114' title="bbox 1014 2601 1796 2644; baseline -0.012 -9"><span class='ocrx_word' id='word_1_886' title='bbox 1014 2609 1107 2644; x_wconf 81' lang='grc' dir='ltr'>μάτων</span> <span class='ocrx_word' id='word_1_887' title='bbox 1126 2608 1234 2643; x_wconf 82' lang='grc' dir='ltr'>ἐχομεν,</span> <span class='ocrx_word' id='word_1_888' title='bbox 1249 2608 1290 2634; x_wconf 78' lang='grc' dir='ltr'>ὅτι</span> <span class='ocrx_word' id='word_1_889' title='bbox 1317 2603 1355 2633; x_wconf 82' lang='grc' dir='ltr'>ὧν</span> <span class='ocrx_word' id='word_1_890' title='bbox 1380 2606 1553 2640; x_wconf 80' lang='grc' dir='ltr'>ἀσυγκρίτως</span> <span class='ocrx_word' id='word_1_891' title='bbox 1577 2603 1753 2637; x_wconf 81' lang='grc' dir='ltr'>διαφέρουσιν</span> <span class='ocrx_word' id='word_1_892' title='bbox 1767 2601 1796 2627; x_wconf 84' lang='grc' dir='ltr'>αἱ</span> 
     </span>
    </p>
   </div>
   <div class='ocr_carea' id='block_1_115' title="bbox 1014 2649 1797 2689">
    <p class='ocr_par' dir='ltr' id='par_1_115' title="bbox 1014 2649 1797 2689">
     <span class='ocr_line' id='line_1_115' title="bbox 1014 2649 1797 2689; baseline -0.013 -7"><span class='ocrx_word' id='word_1_893' title='bbox 1014 2655 1120 2689; x_wconf 82' lang='grc' dir='ltr'>φύσεις,</span> <span class='ocrx_word' id='word_1_894' title='bbox 1136 2655 1240 2685; x_wconf 79' lang='grc' dir='ltr'>τούτοις</span> <span class='ocrx_word' id='word_1_895' title='bbox 1259 2654 1289 2680; x_wconf 85' lang='grc' dir='ltr'>οὐ</span> <span class='ocrx_word' id='word_1_896' title='bbox 1304 2653 1416 2680; x_wconf 76' lang='grc' dir='ltr'>δυνατὸν</span> <span class='ocrx_word' id='word_1_897' title='bbox 1427 2651 1476 2686; x_wconf 82' lang='grc' dir='ltr'><strong>τὴν</strong></span> <span class='ocrx_word' id='word_1_898' title='bbox 1494 2650 1578 2684; x_wconf 76' lang='grc' dir='ltr'>αὐτὴν</span> <span class='ocrx_word' id='word_1_899' title='bbox 1595 2649 1719 2675; x_wconf 83' lang='grc' dir='ltr'>σύνθεσιν</span> <span class='ocrx_word' id='word_1_900' title='bbox 1735 2649 1797 2673; x_wconf 81' lang='grc' dir='ltr'><strong>ἐπι-</strong></span> 
     </span>
    </p>
   </div>
   <div class='ocr_carea' id='block_1_116' title="bbox 1014 2692 1798 2735">
    <p class='ocr_par' dir='ltr' id='par_1_116' title="bbox 1014 2692 1798 2735">
     <span class='ocr_line' id='line_1_116' title="bbox 1014 2692 1798 2735; baseline -0.013 -9"><span class='ocrx_word' id='word_1_901' title='bbox 1014 2699 1189 2735; x_wconf 77' lang='grc' dir='ltr'>συμϐαίνειν’</span> <span class='ocrx_word' id='word_1_902' title='bbox 1211 2698 1257 2725; x_wconf 80' lang='grc' dir='ltr'>νῦν</span> <span class='ocrx_word' id='word_1_903' title='bbox 1272 2696 1319 2725; x_wconf 80' lang='grc' dir='ltr'><strong>οὖν</strong></span> <span class='ocrx_word' id='word_1_904' title='bbox 1346 2698 1412 2732; x_wconf 84' lang='grc' dir='ltr'>ὑμῖν</span> <span class='ocrx_word' id='word_1_905' title='bbox 1436 2696 1480 2722; x_wconf 81' lang='grc' dir='ltr'><strong>διὰ</strong></span> <span class='ocrx_word' id='word_1_906' title='bbox 1497 2695 1526 2721; x_wconf 75' lang='grc' dir='ltr'>τὸ</span> <span class='ocrx_word' id='word_1_907' title='bbox 1541 2694 1673 2728; x_wconf 76' lang='grc' dir='ltr'>ὑμέτερον</span> <span class='ocrx_word' id='word_1_908' title='bbox 1697 2692 1798 2724; x_wconf 77' lang='grc' dir='ltr'>ἀρτίως</span> 
     </span>
    </p>
   </div>
   <div class='ocr_carea' id='block_1_117' title="bbox 1014 2738 1800 2781">
    <p class='ocr_par' dir='ltr' id='par_1_117' title="bbox 1014 2738 1800 2781">
     <span class='ocr_line' id='line_1_117' title="bbox 1014 2738 1800 2781; baseline -0.013 -9"><span class='ocrx_word' id='word_1_909' title='bbox 1014 2745 1095 2781; x_wconf 83' lang='grc' dir='ltr'>θέμα,</span> <span class='ocrx_word' id='word_1_910' title='bbox 1112 2745 1242 2776; x_wconf 72' lang='grc' dir='ltr'>ἐναντίως</span> <span class='ocrx_word' id='word_1_911' title='bbox 1262 2743 1312 2779; x_wconf 67' lang='grc' dir='ltr'>μὲν</span> <span class='ocrx_word' id='word_1_912' title='bbox 1338 2743 1377 2778; x_wconf 82' lang='grc' dir='ltr'>τῷ</span> <span class='ocrx_word' id='word_1_913' title='bbox 1403 2740 1496 2775; x_wconf 85' lang='grc' dir='ltr'>σκοπῷ</span> <span class='ocrx_word' id='word_1_914' title='bbox 1520 2739 1579 2766; x_wconf 81' lang='grc' dir='ltr'>τόδε</span> <span class='ocrx_word' id='word_1_915' title='bbox 1601 2738 1666 2764; x_wconf 74' lang='grc' dir='ltr'>αὐτὸ</span> <span class='ocrx_word' id='word_1_916' title='bbox 1689 2738 1800 2771; x_wconf 66' lang='grc' dir='ltr'>ἀξίωμα</span> 
     </span>
    </p>
   </div>
  </div>
