  <div class='ocr_page' id='page_1' title='image "/cluster/home/n/w/nwhite01/storage/ocr_20150623/86,pt.1/njp.32101007877465/812.png"; bbox 0 0 1968 3094; ppageno 0'>
   <div class='ocr_carea' id='block_1_1' title="bbox 157 151 223 189">
    <p class='ocr_par' dir='ltr' id='par_1_1' title="bbox 157 151 223 189">
     <span class='ocr_line' id='line_1_1' title="bbox 157 151 223 189; baseline -0.03 0"><span class='ocrx_word' id='word_1_1' title='bbox 157 151 223 189; x_wconf 74' lang='lat' dir='ltr'><strong>im</strong></span> 
     </span>
    </p>
   </div>
   <div class='ocr_carea' id='block_1_2' title="bbox 629 152 1311 187">
    <p class='ocr_par' dir='ltr' id='par_1_2' title="bbox 629 152 1311 187">
     <span class='ocr_line' id='line_1_2' title="bbox 629 152 1311 187; baseline -0.007 0"><span class='ocrx_word' id='word_1_2' title='bbox 629 155 826 187; x_wconf 74' lang='lat' dir='ltr'><strong>ADVERSUS</strong></span> <span class='ocrx_word' id='word_1_3' title='bbox 846 153 1117 184; x_wconf 77' lang='lat' dir='ltr'><strong>NESTORIANOS.</strong></span> <span class='ocrx_word' id='word_1_4' title='bbox 1140 164 1175 169; x_wconf 82' lang='lat'><strong>—</strong></span> <span class='ocrx_word' id='word_1_5' title='bbox 1194 153 1266 182; x_wconf 80' lang='lat' dir='ltr'><strong>Ll&#39;B.</strong></span> <span class='ocrx_word' id='word_1_6' title='bbox 1288 152 1311 182; x_wconf 89' lang='grc' dir='ltr'><strong>ῐ.</strong></span> 
     </span>
    </p>
   </div>
   <div class='ocr_carea' id='block_1_3' title="bbox 1714 149 1782 180">
    <p class='ocr_par' dir='ltr' id='par_1_3' title="bbox 1714 149 1782 180">
     <span class='ocr_line' id='line_1_3' title="bbox 1714 149 1782 180; baseline 0 0"><span class='ocrx_word' id='word_1_7' title='bbox 1714 149 1782 180; x_wconf 74' lang='grc'><strong>1478</strong></span> 
     </span>
    </p>
   </div>
   <div class='ocr_carea' id='block_1_4' title="bbox 158 206 949 247">
    <p class='ocr_par' dir='ltr' id='par_1_4' title="bbox 158 207 943 247">
     <span class='ocr_line' id='line_1_4' title="bbox 158 207 943 247; baseline -0.004 -10"><span class='ocrx_word' id='word_1_8' title='bbox 158 213 291 247; x_wconf 67' lang='grc' dir='ltr'>φήσομεν,</span> <span class='ocrx_word' id='word_1_9' title='bbox 309 211 350 237; x_wconf 74' lang='grc' dir='ltr'><strong>ὃτι</strong></span> <span class='ocrx_word' id='word_1_10' title='bbox 367 207 403 237; x_wconf 82' lang='grc' dir='ltr'>ὧν</span> <span class='ocrx_word' id='word_1_11' title='bbox 423 211 450 246; x_wconf 82' lang='grc' dir='ltr'><strong>αἱ</strong></span> <span class='ocrx_word' id='word_1_12' title='bbox 466 211 607 246; x_wconf 76' lang='grc' dir='ltr'><strong>γεννήσεις</strong></span> <span class='ocrx_word' id='word_1_13' title='bbox 623 211 745 244; x_wconf 82' lang='grc' dir='ltr'>διάφοροι</span> <span class='ocrx_word' id='word_1_14' title='bbox 757 209 943 244; x_wconf 80' lang='grc' dir='ltr'>ἀσυγγρίτως,</span> 
     </span>
    </p>
   </div>
   <div class='ocr_carea' id='block_1_5' title="bbox 1002 206 1784 247">
    <p class='ocr_par' dir='ltr' id='par_1_5' title="bbox 1002 206 1784 242">
     <span class='ocr_line' id='line_1_5' title="bbox 1002 206 1784 242; baseline 0.001 -8"><span class='ocrx_word' id='word_1_15' title='bbox 1002 213 1078 235; x_wconf 72' lang='lat' dir='ltr'><strong>:runt</strong></span> <span class='ocrx_word' id='word_1_16' title='bbox 1094 212 1198 234; x_wconf 76' lang='lat' dir='ltr'><strong>natura:</strong></span> <span class='ocrx_word' id='word_1_17' title='bbox 1212 217 1217 233; x_wconf 91' lang='lat'>:</span> <span class='ocrx_word' id='word_1_18' title='bbox 1236 209 1299 242; x_wconf 83' lang='lat' dir='ltr'><strong>quia</strong></span> <span class='ocrx_word' id='word_1_19' title='bbox 1319 207 1351 234; x_wconf 88' lang='lat' dir='ltr'><strong>ad</strong></span> <span class='ocrx_word' id='word_1_20' title='bbox 1371 215 1455 234; x_wconf 88' lang='lat' dir='ltr'><strong>unum</strong></span> <span class='ocrx_word' id='word_1_21' title='bbox 1468 214 1550 234; x_wconf 89' lang='lat' dir='ltr'><strong>nemo</strong></span> <span class='ocrx_word' id='word_1_22' title='bbox 1562 206 1682 241; x_wconf 85' lang='lat' dir='ltr'><strong>ambiget</strong></span> <span class='ocrx_word' id='word_1_23' title='bbox 1695 214 1726 233; x_wconf 83' lang='lat' dir='ltr'><strong>ea</strong></span> <span class='ocrx_word' id='word_1_24' title='bbox 1742 208 1784 235; x_wconf 85' lang='lat' dir='ltr'><strong>in-</strong></span> 
     </span>
    </p>
   </div>
   <div class='ocr_carea' id='block_1_6' title="bbox 156 254 943 291">
    <p class='ocr_par' dir='ltr' id='par_1_6' title="bbox 156 254 943 291">
     <span class='ocr_line' id='line_1_6' title="bbox 156 254 943 291; baseline -0.005 -8"><span class='ocrx_word' id='word_1_25' title='bbox 156 257 284 284; x_wconf 69' lang='grc' dir='ltr'>οὐδέποτε</span> <span class='ocrx_word' id='word_1_26' title='bbox 296 257 323 282; x_wconf 75' lang='grc' dir='ltr'>αἱ</span> <span class='ocrx_word' id='word_1_27' title='bbox 339 257 419 282; x_wconf 73' lang='grc' dir='ltr'>αὐταὶ</span> <span class='ocrx_word' id='word_1_28' title='bbox 436 256 530 291; x_wconf 78' lang='grc' dir='ltr'>φύσεις</span> <span class='ocrx_word' id='word_1_29' title='bbox 546 258 726 291; x_wconf 78' lang='grc' dir='ltr'>γενήσονται-</span> <span class='ocrx_word' id='word_1_30' title='bbox 742 256 782 281; x_wconf 83' lang='grc' dir='ltr'>ὅτι</span> <span class='ocrx_word' id='word_1_31' title='bbox 801 255 856 289; x_wconf 87' lang='grc' dir='ltr'>γὰρ</span> <span class='ocrx_word' id='word_1_32' title='bbox 868 254 897 280; x_wconf 84' lang='grc' dir='ltr'><strong>τδ</strong></span> <span class='ocrx_word' id='word_1_33' title='bbox 913 254 943 279; x_wconf 83' lang='grc' dir='ltr'>ὲν</span> 
     </span>
    </p>
   </div>
   <div class='ocr_carea' id='block_1_7' title="bbox 158 300 942 337">
    <p class='ocr_par' dir='ltr' id='par_1_7' title="bbox 158 300 942 337">
     <span class='ocr_line' id='line_1_7' title="bbox 158 300 942 337; baseline -0.004 -9"><span class='ocrx_word' id='word_1_34' title='bbox 158 303 283 337; x_wconf 80' lang='grc' dir='ltr'>ἀνομίαις</span> <span class='ocrx_word' id='word_1_35' title='bbox 298 303 484 337; x_wconf 72' lang='grc' dir='ltr'><strong>συλληφθῆναι</strong></span> <span class='ocrx_word' id='word_1_36' title='bbox 501 302 668 337; x_wconf 75' lang='grc' dir='ltr'><strong>ἀσύγκριτον</strong></span> <span class='ocrx_word' id='word_1_37' title='bbox 686 301 742 336; x_wconf 79' lang='grc' dir='ltr'>ἔχει</span> <span class='ocrx_word' id='word_1_38' title='bbox 757 301 786 327; x_wconf 87' lang='grc' dir='ltr'>τὺ</span> <span class='ocrx_word' id='word_1_39' title='bbox 803 300 942 336; x_wconf 65' lang='grc' dir='ltr'>διάφορον,</span> 
     </span>
    </p>
   </div>
   <div class='ocr_carea' id='block_1_8' title="bbox 157 345 944 383">
    <p class='ocr_par' dir='ltr' id='par_1_8' title="bbox 157 345 944 383">
     <span class='ocr_line' id='line_1_8' title="bbox 157 345 944 383; baseline -0.004 -9"><span class='ocrx_word' id='word_1_40' title='bbox 157 350 207 375; x_wconf 75' lang='grc' dir='ltr'><strong>οὐκ</strong></span> <span class='ocrx_word' id='word_1_41' title='bbox 230 347 378 383; x_wconf 78' lang='grc' dir='ltr'>ἀμφισάλοι</span> <span class='ocrx_word' id='word_1_42' title='bbox 397 348 429 374; x_wconf 81' lang='grc' dir='ltr'><strong>ἂν</strong></span> <span class='ocrx_word' id='word_1_43' title='bbox 446 348 506 374; x_wconf 76' lang='grc' dir='ltr'>οὐδὲ</span> <span class='ocrx_word' id='word_1_44' title='bbox 527 348 594 379; x_wconf 79' lang='grc' dir='ltr'>ὅλως</span> <span class='ocrx_word' id='word_1_45' title='bbox 613 356 656 378; x_wconf 79' lang='grc' dir='ltr'><strong>τις</strong></span> <span class='ocrx_word' id='word_1_46' title='bbox 670 348 724 374; x_wconf 82' lang='grc' dir='ltr'>τῶν</span> <span class='ocrx_word' id='word_1_47' title='bbox 739 347 823 373; x_wconf 71' lang='grc' dir='ltr'>ὄντων</span> <span class='ocrx_word' id='word_1_48' title='bbox 837 355 843 361; x_wconf 74' lang='grc'><strong><em>⁸</em></strong></span> <span class='ocrx_word' id='word_1_49' title='bbox 864 345 944 372; x_wconf 79' lang='grc' dir='ltr'>ἔτιδὲ</span> 
     </span>
    </p>
   </div>
   <div class='ocr_carea' id='block_1_9' title="bbox 158 392 943 429">
    <p class='ocr_par' dir='ltr' id='par_1_9' title="bbox 158 392 943 429">
     <span class='ocr_line' id='line_1_9' title="bbox 158 392 943 429; baseline -0.004 -9"><span class='ocrx_word' id='word_1_50' title='bbox 158 395 206 420; x_wconf 75' lang='grc' dir='ltr'><strong>καὶ</strong></span> <span class='ocrx_word' id='word_1_51' title='bbox 227 393 314 425; x_wconf 83' lang='grc' dir='ltr'>οὕτως</span> <span class='ocrx_word' id='word_1_52' title='bbox 340 393 421 420; x_wconf 81' lang='grc' dir='ltr'>πάλιν</span> <span class='ocrx_word' id='word_1_53' title='bbox 446 393 580 429; x_wconf 74' lang='grc' dir='ltr'>ἐροῦμεν·</span> <span class='ocrx_word' id='word_1_54' title='bbox 608 394 638 420; x_wconf 82' lang='lat' dir='ltr'><strong>El</strong></span> <span class='ocrx_word' id='word_1_55' title='bbox 661 393 691 419; x_wconf 76' lang='grc' dir='ltr'>τὸ</span> <span class='ocrx_word' id='word_1_56' title='bbox 715 393 814 427; x_wconf 82' lang='grc' dir='ltr'>ἐκιτῆς</span> <span class='ocrx_word' id='word_1_57' title='bbox 833 392 943 427; x_wconf 76' lang='grc' dir='ltr'>σαρκὸς,</span> 
     </span>
    </p>
   </div>
   <div class='ocr_carea' id='block_1_10' title="bbox 160 437 944 475">
    <p class='ocr_par' dir='ltr' id='par_1_10' title="bbox 160 437 944 475">
     <span class='ocr_line' id='line_1_10' title="bbox 160 437 944 475; baseline -0.003 -10"><span class='ocrx_word' id='word_1_58' title='bbox 160 439 228 475; x_wconf 81' lang='grc' dir='ltr'>σάρξ</span> <span class='ocrx_word' id='word_1_59' title='bbox 247 440 316 472; x_wconf 79' lang='grc' dir='ltr'>ἐστι,</span> <span class='ocrx_word' id='word_1_60' title='bbox 342 438 372 465; x_wconf 83' lang='grc' dir='ltr'><strong>τὸ</strong></span> <span class='ocrx_word' id='word_1_61' title='bbox 389 438 417 465; x_wconf 85' lang='grc' dir='ltr'>δὲ</span> <span class='ocrx_word' id='word_1_62' title='bbox 431 440 464 465; x_wconf 80' lang='grc' dir='ltr'>ὲκ</span> <span class='ocrx_word' id='word_1_63' title='bbox 479 439 524 465; x_wconf 84' lang='grc' dir='ltr'>τοῦ</span> <span class='ocrx_word' id='word_1_64' title='bbox 543 438 711 473; x_wconf 86' lang='grc' dir='ltr'>πνεύματος,</span> <span class='ocrx_word' id='word_1_65' title='bbox 732 437 843 472; x_wconf 83' lang='grc' dir='ltr'>πνεῦμά</span> <span class='ocrx_word' id='word_1_66' title='bbox 866 438 923 463; x_wconf 75' lang='grc' dir='ltr'>ἐστι</span> <span class='ocrx_word' id='word_1_67' title='bbox 937 445 944 452; x_wconf 93' lang='grc'><strong>·</strong></span> 
     </span>
    </p>
   </div>
   <div class='ocr_carea' id='block_1_11' title="bbox 160 482 946 518">
    <p class='ocr_par' dir='ltr' id='par_1_11' title="bbox 160 482 946 518">
     <span class='ocr_line' id='line_1_11' title="bbox 160 482 946 518; baseline -0.001 -9"><span class='ocrx_word' id='word_1_68' title='bbox 160 483 228 517; x_wconf 78' lang='grc' dir='ltr'>σὰρξ</span> <span class='ocrx_word' id='word_1_69' title='bbox 244 483 272 509; x_wconf 83' lang='grc' dir='ltr'><strong>δὲ</strong></span> <span class='ocrx_word' id='word_1_70' title='bbox 290 483 337 509; x_wconf 75' lang='grc' dir='ltr'>καὶ</span> <span class='ocrx_word' id='word_1_71' title='bbox 360 483 471 518; x_wconf 82' lang='grc' dir='ltr'><strong>Πνεῦμα</strong></span> <span class='ocrx_word' id='word_1_72' title='bbox 486 484 516 509; x_wconf 75' lang='grc' dir='ltr'><strong>οὐ</strong></span> <span class='ocrx_word' id='word_1_73' title='bbox 531 484 580 518; x_wconf 81' lang='grc' dir='ltr'>τῆς</span> <span class='ocrx_word' id='word_1_74' title='bbox 606 483 690 517; x_wconf 75' lang='grc' dir='ltr'>αὐτῆς</span> <span class='ocrx_word' id='word_1_75' title='bbox 711 482 804 513; x_wconf 77' lang='grc' dir='ltr'>οὐσίας</span> <span class='ocrx_word' id='word_1_76' title='bbox 816 491 822 497; x_wconf 90' lang='grc'>·</span> <span class='ocrx_word' id='word_1_77' title='bbox 838 482 891 514; x_wconf 79' lang='grc' dir='ltr'>πᾶς</span> <span class='ocrx_word' id='word_1_78' title='bbox 918 482 946 508; x_wconf 82' lang='grc' dir='ltr'>δὲ</span> 
     </span>
    </p>
   </div>
   <div class='ocr_carea' id='block_1_12' title="bbox 159 528 947 564">
    <p class='ocr_par' dir='ltr' id='par_1_12' title="bbox 159 528 947 564">
     <span class='ocr_line' id='line_1_12' title="bbox 159 528 947 564; baseline -0.001 -10"><span class='ocrx_word' id='word_1_79' title='bbox 159 529 303 564; x_wconf 85' lang='grc' dir='ltr'>ἄνθρωπος</span> <span class='ocrx_word' id='word_1_80' title='bbox 319 528 387 564; x_wconf 79' lang='grc' dir='ltr'>σὰρξ</span> <span class='ocrx_word' id='word_1_81' title='bbox 399 530 430 554; x_wconf 78' lang='grc' dir='ltr'>ὲκ</span> <span class='ocrx_word' id='word_1_82' title='bbox 443 529 543 564; x_wconf 82' lang='grc' dir='ltr'>σαρκός</span> <span class='ocrx_word' id='word_1_83' title='bbox 554 537 560 543; x_wconf 93' lang='grc'>·</span> <span class='ocrx_word' id='word_1_84' title='bbox 579 528 619 554; x_wconf 81' lang='grc' dir='ltr'><strong>διὸ</strong></span> <span class='ocrx_word' id='word_1_85' title='bbox 632 528 680 554; x_wconf 63' lang='grc' dir='ltr'><strong>καὶ⁴</strong></span> <span class='ocrx_word' id='word_1_86' title='bbox 694 528 726 554; x_wconf 85' lang='grc' dir='ltr'><strong>ἐκ</strong></span> <span class='ocrx_word' id='word_1_87' title='bbox 738 528 839 563; x_wconf 77' lang='grc' dir='ltr'>σαρκὸς</span> <span class='ocrx_word' id='word_1_88' title='bbox 851 529 947 562; x_wconf 84' lang='grc' dir='ltr'>ὁμοου-</span> 
     </span>
    </p>
   </div>
   <div class='ocr_carea' id='block_1_13' title="bbox 161 573 947 609">
    <p class='ocr_par' dir='ltr' id='par_1_13' title="bbox 161 573 947 609">
     <span class='ocr_line' id='line_1_13' title="bbox 161 573 947 609; baseline -0.001 -9"><span class='ocrx_word' id='word_1_89' title='bbox 161 574 225 606; x_wconf 89' lang='grc' dir='ltr'>σίως</span> <span class='ocrx_word' id='word_1_90' title='bbox 244 573 396 608; x_wconf 71' lang='grc' dir='ltr'>σαρκωθεὶς</span> <span class='ocrx_word' id='word_1_91' title='bbox 414 573 563 609; x_wconf 75' lang='grc' dir='ltr'>ἐγεννήθη·</span> <span class='ocrx_word' id='word_1_92' title='bbox 584 573 597 599; x_wconf 88' lang='grc'>6</span> <span class='ocrx_word' id='word_1_93' title='bbox 620 573 649 600; x_wconf 83' lang='grc' dir='ltr'><strong>δὲ</strong></span> <span class='ocrx_word' id='word_1_94' title='bbox 669 574 770 608; x_wconf 82' lang='grc' dir='ltr'>Κύριος</span> <span class='ocrx_word' id='word_1_95' title='bbox 795 573 874 608; x_wconf 83' lang='grc' dir='ltr'>ἡμῶν</span> <span class='ocrx_word' id='word_1_96' title='bbox 895 573 947 609; x_wconf 79' lang='grc' dir='ltr'><strong>’1η-</strong></span> 
     </span>
    </p>
   </div>
   <div class='ocr_carea' id='block_1_14' title="bbox 162 618 946 655">
    <p class='ocr_par' dir='ltr' id='par_1_14' title="bbox 162 618 946 655">
     <span class='ocr_line' id='line_1_14' title="bbox 162 618 946 655; baseline -0.001 -9"><span class='ocrx_word' id='word_1_97' title='bbox 162 619 224 651; x_wconf 87' lang='grc' dir='ltr'>σοῠς</span> <span class='ocrx_word' id='word_1_98' title='bbox 241 621 272 646; x_wconf 80' lang='grc' dir='ltr'>ὲκ</span> <span class='ocrx_word' id='word_1_99' title='bbox 287 619 443 655; x_wconf 85' lang='grc' dir='ltr'>Πνεύματος</span> <span class='ocrx_word' id='word_1_100' title='bbox 462 619 540 653; x_wconf 80' lang='grc' dir='ltr'>ἁγίου</span> <span class='ocrx_word' id='word_1_101' title='bbox 556 620 602 646; x_wconf 73' lang='grc' dir='ltr'><strong>καὶ</strong></span> <span class='ocrx_word' id='word_1_102' title='bbox 621 619 728 654; x_wconf 82' lang='grc' dir='ltr'>Μαρίας</span> <span class='ocrx_word' id='word_1_103' title='bbox 741 619 790 654; x_wconf 77' lang='grc' dir='ltr'>τῆς</span> <span class='ocrx_word' id='word_1_104' title='bbox 808 618 946 654; x_wconf 81' lang='grc' dir='ltr'><strong>Παρθένου</strong></span> 
     </span>
    </p>
   </div>
   <div class='ocr_carea' id='block_1_15' title="bbox 161 662 948 700">
    <p class='ocr_par' dir='ltr' id='par_1_15' title="bbox 161 662 948 700">
     <span class='ocr_line' id='line_1_15' title="bbox 161 662 948 700; baseline 0.003 -11"><span class='ocrx_word' id='word_1_105' title='bbox 161 664 215 691; x_wconf 81' lang='grc' dir='ltr'><strong>τῶν</strong></span> <span class='ocrx_word' id='word_1_106' title='bbox 231 664 409 700; x_wconf 82' lang='grc' dir='ltr'>ὲτεροουσίων</span> <span class='ocrx_word' id='word_1_107' title='bbox 427 663 577 700; x_wconf 79' lang='grc' dir='ltr'>σαρκωθεὶς</span> <span class='ocrx_word' id='word_1_108' title='bbox 598 664 733 700; x_wconf 76' lang='grc' dir='ltr'><strong>ἐγεννήθη</strong></span> <span class='ocrx_word' id='word_1_109' title='bbox 745 673 752 680; x_wconf 91' lang='grc'><strong>·</strong></span> <span class='ocrx_word' id='word_1_110' title='bbox 768 664 825 696; x_wconf 79' lang='grc' dir='ltr'><strong>πῶς</strong></span> <span class='ocrx_word' id='word_1_111' title='bbox 840 662 886 691; x_wconf 78' lang='grc' dir='ltr'><strong>οὖν</strong></span> <span class='ocrx_word' id='word_1_112' title='bbox 897 665 948 691; x_wconf 81' lang='grc' dir='ltr'><strong>οὐκ</strong></span> 
     </span>
    </p>
   </div>
   <div class='ocr_carea' id='block_1_16' title="bbox 161 709 948 745">
    <p class='ocr_par' dir='ltr' id='par_1_16' title="bbox 161 709 948 745">
     <span class='ocr_line' id='line_1_16' title="bbox 161 709 948 745; baseline 0.001 -10"><span class='ocrx_word' id='word_1_113' title='bbox 161 710 309 741; x_wconf 82' lang='grc' dir='ltr'>ούσιώδους</span> <span class='ocrx_word' id='word_1_114' title='bbox 325 709 485 744; x_wconf 81' lang='grc' dir='ltr'><strong>συμπλοκῆς</strong></span> <span class='ocrx_word' id='word_1_115' title='bbox 504 709 551 736; x_wconf 82' lang='grc' dir='ltr'>τοῦ</span> <span class='ocrx_word' id='word_1_116' title='bbox 569 710 657 743; x_wconf 88' lang='grc' dir='ltr'>Λόγου</span> <span class='ocrx_word' id='word_1_117' title='bbox 675 710 856 745; x_wconf 81' lang='grc' dir='ltr'>τεκμήριον,ὴ</span> <span class='ocrx_word' id='word_1_118' title='bbox 873 710 948 737; x_wconf 79' lang='grc' dir='ltr'>τοιά-</span> 
     </span>
    </p>
   </div>
   <div class='ocr_carea' id='block_1_17' title="bbox 161 752 946 791">
    <p class='ocr_par' dir='ltr' id='par_1_17' title="bbox 161 752 946 791">
     <span class='ocr_line' id='line_1_17' title="bbox 161 752 946 791; baseline 0.001 -10"><span class='ocrx_word' id='word_1_119' title='bbox 161 754 190 780; x_wconf 89' lang='grc' dir='ltr'><strong>δε</strong></span> <span class='ocrx_word' id='word_1_120' title='bbox 207 754 334 790; x_wconf 79' lang='grc' dir='ltr'>γέννησις</span> <span class='ocrx_word' id='word_1_121' title='bbox 348 756 378 782; x_wconf 86' lang='grc' dir='ltr'>ὲν</span> <span class='ocrx_word' id='word_1_122' title='bbox 426 755 457 782; x_wconf 83' lang='grc' dir='ltr'>τὸ</span> <span class='ocrx_word' id='word_1_123' title='bbox 472 755 518 782; x_wconf 86' lang='grc' dir='ltr'>τοῦ</span> <span class='ocrx_word' id='word_1_124' title='bbox 532 755 611 790; x_wconf 80' lang='grc' dir='ltr'>ἁγίου</span> <span class='ocrx_word' id='word_1_125' title='bbox 627 755 784 790; x_wconf 82' lang='grc' dir='ltr'>Πνεύματος</span> <span class='ocrx_word' id='word_1_126' title='bbox 801 755 946 791; x_wconf 78' lang='grc' dir='ltr'>σύμϐολον,</span> 
     </span>
    </p>
   </div>
   <div class='ocr_carea' id='block_1_18' title="bbox 161 798 946 836">
    <p class='ocr_par' dir='ltr' id='par_1_18' title="bbox 161 798 946 836">
     <span class='ocr_line' id='line_1_18' title="bbox 161 798 946 836; baseline 0.003 -10"><span class='ocrx_word' id='word_1_127' title='bbox 161 798 199 832; x_wconf 83' lang='grc' dir='ltr'>ὼς</span> <span class='ocrx_word' id='word_1_128' title='bbox 215 800 357 836; x_wconf 73' lang='grc' dir='ltr'>ἐνομίζετε</span> <span class='ocrx_word' id='word_1_129' title='bbox 379 800 581 836; x_wconf 76' lang='grc' dir='ltr'>ὑμεῖς,γέγονε;</span> <span class='ocrx_word' id='word_1_130' title='bbox 598 801 645 827; x_wconf 78' lang='grc' dir='ltr'>καὶ</span> <span class='ocrx_word' id='word_1_131' title='bbox 664 801 694 827; x_wconf 88' lang='grc' dir='ltr'>τὺ</span> <span class='ocrx_word' id='word_1_132' title='bbox 708 798 754 827; x_wconf 81' lang='grc' dir='ltr'>οὖν</span> <span class='ocrx_word' id='word_1_133' title='bbox 768 802 800 827; x_wconf 85' lang='grc' dir='ltr'>ὲκ</span> <span class='ocrx_word' id='word_1_134' title='bbox 822 801 946 836; x_wconf 80' lang='grc' dir='ltr'>Πνεῦμα-</span> 
     </span>
    </p>
   </div>
   <div class='ocr_carea' id='block_1_19' title="bbox 161 844 947 882">
    <p class='ocr_par' dir='ltr' id='par_1_19' title="bbox 161 844 947 882">
     <span class='ocr_line' id='line_1_19' title="bbox 161 844 947 882; baseline 0.004 -11"><span class='ocrx_word' id='word_1_135' title='bbox 161 854 208 877; x_wconf 84' lang='grc' dir='ltr'><strong>τος</strong></span> <span class='ocrx_word' id='word_1_136' title='bbox 232 847 280 873; x_wconf 68' lang='grc' dir='ltr'>καὶ</span> <span class='ocrx_word' id='word_1_137' title='bbox 294 845 408 880; x_wconf 84' lang='grc' dir='ltr'>Πνεῦμα</span> <span class='ocrx_word' id='word_1_138' title='bbox 427 844 498 872; x_wconf 83' lang='grc' dir='ltr'>εἶναι</span> <span class='ocrx_word' id='word_1_139' title='bbox 526 847 595 882; x_wconf 72' lang='grc' dir='ltr'>μετὰ</span> <span class='ocrx_word' id='word_1_140' title='bbox 623 846 672 873; x_wconf 84' lang='grc' dir='ltr'>τοῦ</span> <span class='ocrx_word' id='word_1_141' title='bbox 697 846 745 874; x_wconf 76' lang='grc' dir='ltr'>καὶ</span> <span class='ocrx_word' id='word_1_142' title='bbox 770 847 869 882; x_wconf 81' lang='grc' dir='ltr'><strong>σάρκα,</strong></span> <span class='ocrx_word' id='word_1_143' title='bbox 887 848 947 874; x_wconf 84' lang='grc' dir='ltr'>τόδε</span> 
     </span>
    </p>
   </div>
   <div class='ocr_carea' id='block_1_20' title="bbox 995 252 1783 288">
    <p class='ocr_par' dir='ltr' id='par_1_20' title="bbox 995 252 1783 288">
     <span class='ocr_line' id='line_1_20' title="bbox 995 252 1783 288; baseline -0.001 -9"><span class='ocrx_word' id='word_1_144' title='bbox 995 253 1226 288; x_wconf 83' lang='lat' dir='ltr'><strong>compossihiliter</strong></span> <span class='ocrx_word' id='word_1_145' title='bbox 1239 253 1351 280; x_wconf 77' lang='lat' dir='ltr'><strong>diﬂ‘erre</strong></span> <span class='ocrx_word' id='word_1_146' title='bbox 1367 261 1427 288; x_wconf 65' lang='lat' dir='ltr'><strong>quat</strong></span> <span class='ocrx_word' id='word_1_147' title='bbox 1447 253 1474 279; x_wconf 91' lang='lat' dir='ltr'><strong>in</strong></span> <span class='ocrx_word' id='word_1_148' title='bbox 1491 252 1624 287; x_wconf 83' lang='lat' dir='ltr'><strong>oppositis</strong></span> <span class='ocrx_word' id='word_1_149' title='bbox 1638 252 1783 279; x_wconf 77' lang='lat' dir='ltr'><strong>continen-</strong></span> 
     </span>
    </p>
   </div>
   <div class='ocr_carea' id='block_1_21' title="bbox 996 297 1782 333">
    <p class='ocr_par' dir='ltr' id='par_1_21' title="bbox 996 297 1782 333">
     <span class='ocr_line' id='line_1_21' title="bbox 996 297 1782 333; baseline -0.004 -6"><span class='ocrx_word' id='word_1_150' title='bbox 996 305 1057 332; x_wconf 83' lang='lat' dir='ltr'><strong>tur;</strong></span> <span class='ocrx_word' id='word_1_151' title='bbox 1073 300 1113 327; x_wconf 87' lang='lat' dir='ltr'><strong>sic</strong></span> <span class='ocrx_word' id='word_1_152' title='bbox 1123 306 1232 333; x_wconf 89' lang='lat' dir='ltr'><strong>quoque</strong></span> <span class='ocrx_word' id='word_1_153' title='bbox 1245 307 1353 326; x_wconf 82' lang='lat' dir='ltr'><strong>rursum</strong></span> <span class='ocrx_word' id='word_1_154' title='bbox 1363 299 1485 326; x_wconf 84' lang='lat' dir='ltr'><strong>dicemus</strong></span> <span class='ocrx_word' id='word_1_155' title='bbox 1495 306 1500 323; x_wconf 94' lang='lat'><strong>:</strong></span> <span class='ocrx_word' id='word_1_156' title='bbox 1511 297 1538 325; x_wconf 89' lang='lat' dir='ltr'><strong>Si</strong></span> <span class='ocrx_word' id='word_1_157' title='bbox 1553 297 1627 332; x_wconf 90' lang='lat' dir='ltr'><strong>quod</strong></span> <span class='ocrx_word' id='word_1_158' title='bbox 1643 305 1676 324; x_wconf 84' lang='lat' dir='ltr'><strong>ex</strong></span> <span class='ocrx_word' id='word_1_159' title='bbox 1688 305 1782 331; x_wconf 79' lang='lat' dir='ltr'><strong>carne,</strong></span> 
     </span>
    </p>
   </div>
   <div class='ocr_carea' id='block_1_22' title="bbox 995 344 1784 380">
    <p class='ocr_par' dir='ltr' id='par_1_22' title="bbox 995 344 1784 380">
     <span class='ocr_line' id='line_1_22' title="bbox 995 344 1784 380; baseline -0.004 -7"><span class='ocrx_word' id='word_1_160' title='bbox 995 353 1059 373; x_wconf 87' lang='lat' dir='ltr'><strong>caro</strong></span> <span class='ocrx_word' id='word_1_161' title='bbox 1077 350 1128 377; x_wconf 86' lang='lat' dir='ltr'><strong>est,</strong></span> <span class='ocrx_word' id='word_1_162' title='bbox 1145 345 1218 380; x_wconf 90' lang='lat' dir='ltr'><strong>quod</strong></span> <span class='ocrx_word' id='word_1_163' title='bbox 1238 350 1328 372; x_wconf 87' lang='lat' dir='ltr'><strong>autem</strong></span> <span class='ocrx_word' id='word_1_164' title='bbox 1345 353 1376 371; x_wconf 82' lang='lat' dir='ltr'><strong>ex</strong></span> <span class='ocrx_word' id='word_1_165' title='bbox 1395 344 1504 379; x_wconf 82' lang='lat' dir='ltr'><strong>spiritu,</strong></span> <span class='ocrx_word' id='word_1_166' title='bbox 1521 344 1636 379; x_wconf 75' lang='lat' dir='ltr'><strong>spiritus</strong></span> <span class='ocrx_word' id='word_1_167' title='bbox 1651 348 1784 375; x_wconf 84' lang='lat' dir='ltr'><strong>est;caro</strong></span> 
     </span>
    </p>
   </div>
   <div class='ocr_carea' id='block_1_23' title="bbox 995 390 1784 425">
    <p class='ocr_par' dir='ltr' id='par_1_23' title="bbox 995 390 1784 425">
     <span class='ocr_line' id='line_1_23' title="bbox 995 390 1784 425; baseline -0.001 -8"><span class='ocrx_word' id='word_1_168' title='bbox 995 398 1062 417; x_wconf 86' lang='lat' dir='ltr'><strong>vero</strong></span> <span class='ocrx_word' id='word_1_169' title='bbox 1079 395 1105 417; x_wconf 85' lang='lat' dir='ltr'><strong>et</strong></span> <span class='ocrx_word' id='word_1_170' title='bbox 1120 391 1235 425; x_wconf 90' lang='lat' dir='ltr'><strong>spiritus</strong></span> <span class='ocrx_word' id='word_1_171' title='bbox 1248 399 1301 417; x_wconf 92' lang='lat' dir='ltr'><strong>non</strong></span> <span class='ocrx_word' id='word_1_172' title='bbox 1314 394 1378 417; x_wconf 89' lang='lat' dir='ltr'><strong>sunt</strong></span> <span class='ocrx_word' id='word_1_173' title='bbox 1389 390 1510 425; x_wconf 81' lang='lat' dir='ltr'><strong>ejusdem</strong></span> <span class='ocrx_word' id='word_1_174' title='bbox 1523 391 1651 418; x_wconf 71' lang='lat' dir='ltr'><strong>essentia:</strong></span> <span class='ocrx_word' id='word_1_175' title='bbox 1664 398 1670 424; x_wconf 89' lang='lat'>;</span> <span class='ocrx_word' id='word_1_176' title='bbox 1693 390 1784 417; x_wconf 86' lang='lat' dir='ltr'><strong>omnis</strong></span> 
     </span>
    </p>
   </div>
   <div class='ocr_carea' id='block_1_24' title="bbox 996 435 1785 471">
    <p class='ocr_par' dir='ltr' id='par_1_24' title="bbox 996 435 1785 471">
     <span class='ocr_line' id='line_1_24' title="bbox 996 435 1785 471; baseline -0.001 -8"><span class='ocrx_word' id='word_1_177' title='bbox 996 442 1089 463; x_wconf 85' lang='lat' dir='ltr'><strong>autem</strong></span> <span class='ocrx_word' id='word_1_178' title='bbox 1106 436 1189 463; x_wconf 85' lang='lat' dir='ltr'><strong>homo</strong></span> <span class='ocrx_word' id='word_1_179' title='bbox 1208 443 1241 462; x_wconf 81' lang='lat' dir='ltr'><strong>ex</strong></span> <span class='ocrx_word' id='word_1_180' title='bbox 1259 444 1352 467; x_wconf 84' lang='lat' dir='ltr'><strong>carne,</strong></span> <span class='ocrx_word' id='word_1_181' title='bbox 1365 444 1398 463; x_wconf 78' lang='lat' dir='ltr'><strong>eo</strong></span> <span class='ocrx_word' id='word_1_182' title='bbox 1420 436 1493 471; x_wconf 85' lang='lat' dir='ltr'><strong>quod</strong></span> <span class='ocrx_word' id='word_1_183' title='bbox 1510 435 1785 463; x_wconf 84' lang='lat' dir='ltr'><strong>consubstantialiter</strong></span> 
     </span>
    </p>
   </div>
   <div class='ocr_carea' id='block_1_25' title="bbox 995 481 1786 516">
    <p class='ocr_par' dir='ltr' id='par_1_25' title="bbox 995 481 1786 516">
     <span class='ocr_line' id='line_1_25' title="bbox 995 481 1786 516; baseline -0.003 -7"><span class='ocrx_word' id='word_1_184' title='bbox 995 490 1029 509; x_wconf 85' lang='lat' dir='ltr'><strong>ex</strong></span> <span class='ocrx_word' id='word_1_185' title='bbox 1049 490 1131 509; x_wconf 87' lang='lat' dir='ltr'><strong>carne</strong></span> <span class='ocrx_word' id='word_1_186' title='bbox 1148 482 1183 508; x_wconf 92' lang='lat' dir='ltr'><strong>sit</strong></span> <span class='ocrx_word' id='word_1_187' title='bbox 1197 482 1316 516; x_wconf 79' lang='lat' dir='ltr'><strong>genitus.</strong></span> <span class='ocrx_word' id='word_1_188' title='bbox 1331 482 1462 508; x_wconf 86' lang='lat' dir='ltr'><strong>Dominus</strong></span> <span class='ocrx_word' id='word_1_189' title='bbox 1487 487 1578 508; x_wconf 85' lang='lat' dir='ltr'><strong>autem</strong></span> <span class='ocrx_word' id='word_1_190' title='bbox 1598 486 1692 508; x_wconf 90' lang='lat' dir='ltr'><strong>noster</strong></span> <span class='ocrx_word' id='word_1_191' title='bbox 1705 481 1786 508; x_wconf 83' lang='lat' dir='ltr'><strong>Jesus</strong></span> 
     </span>
    </p>
   </div>
   <div class='ocr_carea' id='block_1_26' title="bbox 997 527 1786 563">
    <p class='ocr_par' dir='ltr' id='par_1_26' title="bbox 997 527 1786 563">
     <span class='ocr_line' id='line_1_26' title="bbox 997 527 1786 563; baseline -0.004 -8"><span class='ocrx_word' id='word_1_192' title='bbox 997 536 1012 555; x_wconf 92' lang='lat' dir='ltr'><strong>e</strong></span> <span class='ocrx_word' id='word_1_193' title='bbox 1028 527 1132 563; x_wconf 89' lang='lat' dir='ltr'><strong>Spiritu</strong></span> <span class='ocrx_word' id='word_1_194' title='bbox 1141 533 1241 555; x_wconf 80' lang='lat' dir='ltr'><strong>sancto</strong></span> <span class='ocrx_word' id='word_1_195' title='bbox 1256 532 1283 554; x_wconf 85' lang='lat' dir='ltr'><strong>et</strong></span> <span class='ocrx_word' id='word_1_196' title='bbox 1298 527 1382 554; x_wconf 82' lang='lat' dir='ltr'><strong>Maria</strong></span> <span class='ocrx_word' id='word_1_197' title='bbox 1401 527 1512 562; x_wconf 76' lang='lat' dir='ltr'><strong>Virgine</strong></span> <span class='ocrx_word' id='word_1_198' title='bbox 1533 535 1587 554; x_wconf 93' lang='lat' dir='ltr'><strong>non</strong></span> <span class='ocrx_word' id='word_1_199' title='bbox 1603 527 1725 562; x_wconf 78' lang='lat' dir='ltr'><strong>ejusdem</strong></span> <span class='ocrx_word' id='word_1_200' title='bbox 1738 533 1786 553; x_wconf 90' lang='lat' dir='ltr'><strong>na-</strong></span> 
     </span>
    </p>
   </div>
   <div class='ocr_carea' id='block_1_27' title="bbox 997 573 1786 608">
    <p class='ocr_par' dir='ltr' id='par_1_27' title="bbox 997 573 1786 608">
     <span class='ocr_line' id='line_1_27' title="bbox 997 573 1786 608; baseline -0.003 -7"><span class='ocrx_word' id='word_1_201' title='bbox 997 575 1286 606; x_wconf 72' lang='lat' dir='ltr'><strong>turaeincarnatusest;</strong></span> <span class='ocrx_word' id='word_1_202' title='bbox 1295 573 1503 608; x_wconf 79' lang='lat' dir='ltr'><strong>quomodoergo</strong></span> <span class='ocrx_word' id='word_1_203' title='bbox 1511 573 1700 600; x_wconf 83' lang='lat' dir='ltr'><strong>substantialis</strong></span> <span class='ocrx_word' id='word_1_204' title='bbox 1708 573 1786 599; x_wconf 86' lang='lat' dir='ltr'><strong>unio-</strong></span> 
     </span>
    </p>
   </div>
   <div class='ocr_carea' id='block_1_28' title="bbox 996 617 1784 655">
    <p class='ocr_par' dir='ltr' id='par_1_28' title="bbox 996 617 1784 655">
     <span class='ocr_line' id='line_1_28' title="bbox 996 617 1784 655; baseline -0.003 -9"><span class='ocrx_word' id='word_1_205' title='bbox 996 619 1041 647; x_wconf 82' lang='lat' dir='ltr'><strong>nis</strong></span> <span class='ocrx_word' id='word_1_206' title='bbox 1049 619 1130 647; x_wconf 87' lang='lat' dir='ltr'><strong>Verbi</strong></span> <span class='ocrx_word' id='word_1_207' title='bbox 1143 620 1251 655; x_wconf 78' lang='lat' dir='ltr'><strong>signum</strong></span> <span class='ocrx_word' id='word_1_208' title='bbox 1267 628 1322 646; x_wconf 92' lang='lat' dir='ltr'><strong>non</strong></span> <span class='ocrx_word' id='word_1_209' title='bbox 1336 625 1407 646; x_wconf 84' lang='lat' dir='ltr'><strong>esset</strong></span> <span class='ocrx_word' id='word_1_210' title='bbox 1421 619 1576 646; x_wconf 78' lang='lat' dir='ltr'><strong>istiusmodi</strong></span> <span class='ocrx_word' id='word_1_211' title='bbox 1588 619 1716 645; x_wconf 76' lang='lat' dir='ltr'><strong>nativitas</strong></span> <span class='ocrx_word' id='word_1_212' title='bbox 1729 638 1736 650; x_wconf 88' lang='lat'><strong>,</strong></span> <span class='ocrx_word' id='word_1_213' title='bbox 1757 617 1784 645; x_wconf 90' lang='lat' dir='ltr'><strong>in</strong></span> 
     </span>
    </p>
   </div>
   <div class='ocr_carea' id='block_1_29' title="bbox 997 663 1786 700">
    <p class='ocr_par' dir='ltr' id='par_1_29' title="bbox 997 663 1786 700">
     <span class='ocr_line' id='line_1_29' title="bbox 997 663 1786 700; baseline -0.004 -8"><span class='ocrx_word' id='word_1_214' title='bbox 997 673 1051 700; x_wconf 90' lang='lat' dir='ltr'><strong>qua</strong></span> <span class='ocrx_word' id='word_1_215' title='bbox 1064 665 1183 700; x_wconf 88' lang='lat' dir='ltr'><strong>Spiritus</strong></span> <span class='ocrx_word' id='word_1_216' title='bbox 1194 665 1281 692; x_wconf 87' lang='lat' dir='ltr'><strong>sancti</strong></span> <span class='ocrx_word' id='word_1_217' title='bbox 1298 665 1417 700; x_wconf 77' lang='lat' dir='ltr'><strong>signum.</strong></span> <span class='ocrx_word' id='word_1_218' title='bbox 1432 670 1463 692; x_wconf 85' lang='lat' dir='ltr'><strong>ut</strong></span> <span class='ocrx_word' id='word_1_219' title='bbox 1472 664 1552 691; x_wconf 86' lang='lat' dir='ltr'><strong>vobis</strong></span> <span class='ocrx_word' id='word_1_220' title='bbox 1567 664 1668 698; x_wconf 84' lang='lat' dir='ltr'><strong>placet,</strong></span> <span class='ocrx_word' id='word_1_221' title='bbox 1684 663 1786 690; x_wconf 81' lang='lat' dir='ltr'><strong>factum</strong></span> 
     </span>
    </p>
   </div>
   <div class='ocr_carea' id='block_1_30' title="bbox 997 708 1787 745">
    <p class='ocr_par' dir='ltr' id='par_1_30' title="bbox 997 708 1787 745">
     <span class='ocr_line' id='line_1_30' title="bbox 997 708 1787 745; baseline -0.003 -8"><span class='ocrx_word' id='word_1_222' title='bbox 997 711 1061 738; x_wconf 83' lang='lat' dir='ltr'><strong>est?</strong></span> <span class='ocrx_word' id='word_1_223' title='bbox 1073 708 1113 738; x_wconf 83' lang='lat' dir='ltr'><strong>Ex</strong></span> <span class='ocrx_word' id='word_1_224' title='bbox 1128 711 1226 745; x_wconf 89' lang='lat' dir='ltr'><strong>spiritu</strong></span> <span class='ocrx_word' id='word_1_225' title='bbox 1244 719 1304 738; x_wconf 88' lang='lat' dir='ltr'><strong>esse</strong></span> <span class='ocrx_word' id='word_1_226' title='bbox 1319 715 1347 738; x_wconf 88' lang='lat' dir='ltr'><strong>et</strong></span> <span class='ocrx_word' id='word_1_227' title='bbox 1361 710 1489 745; x_wconf 83' lang='lat' dir='ltr'><strong>spiritum</strong></span> <span class='ocrx_word' id='word_1_228' title='bbox 1506 717 1567 737; x_wconf 87' lang='lat' dir='ltr'><strong>esse</strong></span> <span class='ocrx_word' id='word_1_229' title='bbox 1582 708 1664 736; x_wconf 85' lang='lat' dir='ltr'><strong>simul</strong></span> <span class='ocrx_word' id='word_1_230' title='bbox 1681 716 1714 736; x_wconf 90' lang='lat' dir='ltr'><strong>ac</strong></span> <span class='ocrx_word' id='word_1_231' title='bbox 1727 716 1787 735; x_wconf 91' lang='lat' dir='ltr'><strong>car-</strong></span> 
     </span>
    </p>
   </div>
   <div class='ocr_carea' id='block_1_31' title="bbox 998 755 1788 791">
    <p class='ocr_par' dir='ltr' id='par_1_31' title="bbox 998 755 1788 791">
     <span class='ocr_line' id='line_1_31' title="bbox 998 755 1788 791; baseline -0.005 -7"><span class='ocrx_word' id='word_1_232' title='bbox 998 764 1072 790; x_wconf 86' lang='lat' dir='ltr'><strong>nem,</strong></span> <span class='ocrx_word' id='word_1_233' title='bbox 1086 757 1140 784; x_wconf 89' lang='lat' dir='ltr'><strong>boc</strong></span> <span class='ocrx_word' id='word_1_234' title='bbox 1155 757 1232 784; x_wconf 91' lang='lat' dir='ltr'><strong>illum</strong></span> <span class='ocrx_word' id='word_1_235' title='bbox 1248 757 1412 788; x_wconf 82' lang='lat' dir='ltr'><strong>constituit;</strong></span> <span class='ocrx_word' id='word_1_236' title='bbox 1424 757 1544 791; x_wconf 88' lang='lat' dir='ltr'><strong>Spiritus</strong></span> <span class='ocrx_word' id='word_1_237' title='bbox 1556 761 1647 783; x_wconf 88' lang='lat' dir='ltr'><strong>autem</strong></span> <span class='ocrx_word' id='word_1_238' title='bbox 1664 755 1747 788; x_wconf 87' lang='lat' dir='ltr'><strong>Deus,</strong></span> <span class='ocrx_word' id='word_1_239' title='bbox 1759 758 1788 781; x_wconf 87' lang='lat' dir='ltr'><strong>et</strong></span> 
     </span>
    </p>
   </div>
   <div class='ocr_carea' id='block_1_32' title="bbox 997 799 1787 837">
    <p class='ocr_par' dir='ltr' id='par_1_32' title="bbox 997 799 1787 837">
     <span class='ocr_line' id='line_1_32' title="bbox 997 799 1787 837; baseline -0.004 -8"><span class='ocrx_word' id='word_1_240' title='bbox 997 802 1131 829; x_wconf 86' lang='lat' dir='ltr'><strong>Dominus</strong></span> <span class='ocrx_word' id='word_1_241' title='bbox 1140 801 1282 837; x_wconf 84' lang='lat' dir='ltr'><strong>Spiritus:</strong></span> <span class='ocrx_word' id='word_1_242' title='bbox 1314 806 1463 836; x_wconf 84' lang='lat' dir='ltr'><strong>conceptus</strong></span> <span class='ocrx_word' id='word_1_243' title='bbox 1479 805 1522 830; x_wconf 86' lang='lat' dir='ltr'><strong>est</strong></span> <span class='ocrx_word' id='word_1_244' title='bbox 1542 801 1615 828; x_wconf 88' lang='lat' dir='ltr'><strong>enim</strong></span> <span class='ocrx_word' id='word_1_245' title='bbox 1630 801 1664 828; x_wconf 88' lang='lat' dir='ltr'><strong>de</strong></span> <span class='ocrx_word' id='word_1_246' title='bbox 1683 799 1787 834; x_wconf 88' lang='lat' dir='ltr'><strong>Spiritu</strong></span> 
     </span>
    </p>
   </div>
   <div class='ocr_carea' id='block_1_33' title="bbox 999 845 1787 882">
    <p class='ocr_par' dir='ltr' id='par_1_33' title="bbox 999 845 1787 882">
     <span class='ocr_line' id='line_1_33' title="bbox 999 845 1787 882; baseline -0.005 -7"><span class='ocrx_word' id='word_1_247' title='bbox 999 852 1110 880; x_wconf 84' lang='lat' dir='ltr'><strong>sancto,</strong></span> <span class='ocrx_word' id='word_1_248' title='bbox 1128 855 1185 874; x_wconf 92' lang='lat' dir='ltr'><strong>non</strong></span> <span class='ocrx_word' id='word_1_249' title='bbox 1210 847 1284 874; x_wconf 90' lang='lat' dir='ltr'><strong>enim</strong></span> <span class='ocrx_word' id='word_1_250' title='bbox 1306 847 1467 882; x_wconf 88' lang='lat' dir='ltr'><strong>simpliciter</strong></span> <span class='ocrx_word' id='word_1_251' title='bbox 1495 847 1526 874; x_wconf 84' lang='lat' dir='ltr'><strong>de</strong></span> <span class='ocrx_word' id='word_1_252' title='bbox 1541 847 1637 881; x_wconf 72' lang='lat' dir='ltr'><strong>spiritu</strong></span> <span class='ocrx_word' id='word_1_253' title='bbox 1663 845 1787 877; x_wconf 84' lang='lat' dir='ltr'><strong>dicitur;</strong></span> 
     </span>
    </p>
   </div>
   <div class='ocr_carea' id='block_1_34' title="bbox 163 881 949 929">
    <p class='ocr_par' dir='ltr' id='par_1_34' title="bbox 163 881 948 927">
     <span class='ocr_line' id='line_1_34' title="bbox 163 881 948 927; baseline 0.005 -11"><span class='ocrx_word' id='word_1_254' title='bbox 163 890 327 926; x_wconf 80' lang='grc' dir='ltr'>παρίστησιν</span> <span class='ocrx_word' id='word_1_255' title='bbox 340 891 421 918; x_wconf 78' lang='grc' dir='ltr'>αὐτόν</span> <span class='ocrx_word' id='word_1_256' title='bbox 431 898 439 906; x_wconf 88' lang='grc'>·</span> <span class='ocrx_word' id='word_1_257' title='bbox 455 891 568 926; x_wconf 79' lang='grc' dir='ltr'>Πνεῦμα</span> <span class='ocrx_word' id='word_1_258' title='bbox 579 892 608 918; x_wconf 84' lang='grc' dir='ltr'>δὲ</span> <span class='ocrx_word' id='word_1_259' title='bbox 625 893 639 918; x_wconf 84' lang='grc' dir='ltr'><strong>ό</strong></span> <span class='ocrx_word' id='word_1_260' title='bbox 653 892 720 923; x_wconf 82' lang='grc' dir='ltr'>Θεός</span> <span class='ocrx_word' id='word_1_261' title='bbox 730 900 736 907; x_wconf 94' lang='grc'><strong>·</strong></span> <span class='ocrx_word' id='word_1_262' title='bbox 751 881 828 919; x_wconf 16' lang='grc' dir='ltr'>καὶγό</span> <span class='ocrx_word' id='word_1_263' title='bbox 845 893 948 927; x_wconf 80' lang='grc' dir='ltr'>Κύριος</span> 
     </span>
    </p>
   </div>
   <div class='ocr_carea' id='block_1_35' title="bbox 1002 881 1788 929">
    <p class='ocr_par' dir='ltr' id='par_1_35' title="bbox 1002 881 1788 929">
     <span class='ocr_line' id='line_1_35' title="bbox 1002 881 1788 929; baseline -0.004 -8"><span class='ocrx_word' id='word_1_264' title='bbox 1002 894 1046 920; x_wconf 88' lang='lat' dir='ltr'><strong>illa</strong></span> <span class='ocrx_word' id='word_1_265' title='bbox 1059 901 1126 921; x_wconf 84' lang='lat' dir='ltr'><strong>vero</strong></span> <span class='ocrx_word' id='word_1_266' title='bbox 1143 894 1198 921; x_wconf 91' lang='lat' dir='ltr'><strong>sint</strong></span> <span class='ocrx_word' id='word_1_267' title='bbox 1211 894 1284 921; x_wconf 87' lang='lat' dir='ltr'><strong>dicta</strong></span> <span class='ocrx_word' id='word_1_268' title='bbox 1301 894 1334 921; x_wconf 89' lang='lat' dir='ltr'><strong>de</strong></span> <span class='ocrx_word' id='word_1_269' title='bbox 1350 881 1382 921; x_wconf 77' lang='lat' dir='ltr'><strong>ea</strong></span> <span class='ocrx_word' id='word_1_270' title='bbox 1406 901 1467 929; x_wconf 70' lang='lat' dir='ltr'><strong>qute</strong></span> <span class='ocrx_word' id='word_1_271' title='bbox 1488 892 1623 920; x_wconf 82' lang='lat' dir='ltr'><strong>mirabilis</strong></span> <span class='ocrx_word' id='word_1_272' title='bbox 1639 888 1788 919; x_wconf 53' lang='lat' dir='ltr'><strong>vobis&#39;non</strong></span> 
     </span>
    </p>
   </div>
   <div class='ocr_carea' id='block_1_36' title="bbox 162 935 946 972">
    <p class='ocr_par' dir='ltr' id='par_1_36' title="bbox 162 935 946 972">
     <span class='ocr_line' id='line_1_36' title="bbox 162 935 946 972; baseline 0.005 -11"><span class='ocrx_word' id='word_1_273' title='bbox 162 935 193 961; x_wconf 79' lang='grc' dir='ltr'>τὸ</span> <span class='ocrx_word' id='word_1_274' title='bbox 203 935 315 970; x_wconf 85' lang='grc' dir='ltr'>Πνεῦμά</span> <span class='ocrx_word' id='word_1_275' title='bbox 330 936 398 962; x_wconf 71' lang='grc' dir='ltr'>ἔστι-</span> <span class='ocrx_word' id='word_1_276' title='bbox 414 936 567 971; x_wconf 80' lang='grc' dir='ltr'>συνελήφθη</span> <span class='ocrx_word' id='word_1_277' title='bbox 583 936 638 972; x_wconf 79' lang='grc' dir='ltr'>γὰρ</span> <span class='ocrx_word' id='word_1_278' title='bbox 652 937 683 963; x_wconf 82' lang='grc' dir='ltr'>ὲκ</span> <span class='ocrx_word' id='word_1_279' title='bbox 693 936 850 972; x_wconf 83' lang='grc' dir='ltr'>Πνεύματος</span> <span class='ocrx_word' id='word_1_280' title='bbox 858 938 946 972; x_wconf 79' lang='grc' dir='ltr'>ἁγίου·</span> 
     </span>
    </p>
   </div>
   <div class='ocr_carea' id='block_1_37' title="bbox 1001 937 1680 972">
    <p class='ocr_par' dir='ltr' id='par_1_37' title="bbox 1001 937 1680 972">
     <span class='ocr_line' id='line_1_37' title="bbox 1001 937 1680 972; baseline -0.004 -6"><span class='ocrx_word' id='word_1_281' title='bbox 1001 939 1123 972; x_wconf 76' lang='lat' dir='ltr'><strong>videtur,</strong></span> <span class='ocrx_word' id='word_1_282' title='bbox 1137 937 1229 966; x_wconf 86' lang='lat' dir='ltr'><strong>divina</strong></span> <span class='ocrx_word' id='word_1_283' title='bbox 1247 939 1398 967; x_wconf 86' lang='lat' dir='ltr'><strong>Salvatoris</strong></span> <span class='ocrx_word' id='word_1_284' title='bbox 1417 939 1506 966; x_wconf 90' lang='lat' dir='ltr'><strong>nostri</strong></span> <span class='ocrx_word' id='word_1_285' title='bbox 1524 938 1680 965; x_wconf 85' lang='lat' dir='ltr'><strong>nativitate.</strong></span> 
     </span>
    </p>
   </div>
   <div class='ocr_carea' id='block_1_38' title="bbox 163 981 1788 1021">
    <p class='ocr_par' dir='ltr' id='par_1_38' title="bbox 163 981 1788 1021">
     <span class='ocr_line' id='line_1_38' title="bbox 163 981 1788 1021; baseline 0 -12"><span class='ocrx_word' id='word_1_286' title='bbox 163 983 193 1009; x_wconf 82' lang='grc' dir='ltr'>οὐ</span> <span class='ocrx_word' id='word_1_287' title='bbox 216 982 272 1018; x_wconf 82' lang='grc' dir='ltr'>γὰρ</span> <span class='ocrx_word' id='word_1_288' title='bbox 294 981 387 1013; x_wconf 79' lang='grc' dir='ltr'>ἅπλῶς</span> <span class='ocrx_word' id='word_1_289' title='bbox 403 983 572 1017; x_wconf 79' lang='grc' dir='ltr'>πνεύματος</span> <span class='ocrx_word' id='word_1_290' title='bbox 592 983 716 1018; x_wconf 75' lang='grc' dir='ltr'>εῐρηται·</span> <span class='ocrx_word' id='word_1_291' title='bbox 731 983 818 1010; x_wconf 84' lang='grc' dir='ltr'>ταῦτα</span> <span class='ocrx_word' id='word_1_292' title='bbox 837 985 886 1019; x_wconf 79' lang='grc' dir='ltr'>μὲν</span> <span class='ocrx_word' id='word_1_293' title='bbox 903 982 950 1012; x_wconf 76' lang='grc' dir='ltr'><strong>οὖν</strong></span> <span class='ocrx_word' id='word_1_294' title='bbox 969 986 1015 1013; x_wconf 80' lang='grc' dir='ltr'>καὶ</span> <span class='ocrx_word' id='word_1_295' title='bbox 1029 986 1093 1020; x_wconf 69' lang='grc' dir='ltr'>περὶ</span> <span class='ocrx_word' id='word_1_296' title='bbox 1108 986 1156 1021; x_wconf 81' lang='grc' dir='ltr'>τῆς</span> <span class='ocrx_word' id='word_1_297' title='bbox 1171 986 1201 1012; x_wconf 89' lang='grc' dir='ltr'>οὺ</span> <span class='ocrx_word' id='word_1_298' title='bbox 1224 986 1355 1021; x_wconf 79' lang='grc' dir='ltr'>δοκούσης</span> <span class='ocrx_word' id='word_1_299' title='bbox 1372 986 1436 1020; x_wconf 86' lang='grc' dir='ltr'>ὑμῖν</span> <span class='ocrx_word' id='word_1_300' title='bbox 1467 984 1618 1018; x_wconf 79' lang='grc' dir='ltr'>παραδόξου</span> <span class='ocrx_word' id='word_1_301' title='bbox 1652 983 1727 1014; x_wconf 81' lang='grc' dir='ltr'>θείας</span> <span class='ocrx_word' id='word_1_302' title='bbox 1741 981 1788 1010; x_wconf 86' lang='grc' dir='ltr'>τοῦ</span> 
     </span>
    </p>
   </div>
   <div class='ocr_carea' id='block_1_39' title="bbox 164 1024 564 1064">
    <p class='ocr_par' dir='ltr' id='par_1_39' title="bbox 164 1024 564 1064">
     <span class='ocr_line' id='line_1_39' title="bbox 164 1024 564 1064; baseline 0 -10"><span class='ocrx_word' id='word_1_303' title='bbox 164 1024 289 1063; x_wconf 86' lang='grc' dir='ltr'><strong>Σωτῆρος</strong></span> <span class='ocrx_word' id='word_1_304' title='bbox 305 1028 385 1063; x_wconf 82' lang='grc' dir='ltr'>ἡμῶν</span> <span class='ocrx_word' id='word_1_305' title='bbox 400 1030 564 1064; x_wconf 75' lang='grc' dir='ltr'>γεννήσεως.</span> 
     </span>
    </p>
   </div>
   <div class='ocr_carea' id='block_1_40' title="bbox 198 1069 950 1110">
    <p class='ocr_par' dir='ltr' id='par_1_40' title="bbox 198 1069 950 1110">
     <span class='ocr_line' id='line_1_40' title="bbox 198 1069 950 1110; baseline 0.001 -12"><span class='ocrx_word' id='word_1_306' title='bbox 198 1072 235 1098; x_wconf 85' lang='grc' dir='ltr'>Τὸ</span> <span class='ocrx_word' id='word_1_307' title='bbox 261 1071 289 1098; x_wconf 80' lang='grc' dir='ltr'>δὲ</span> <span class='ocrx_word' id='word_1_308' title='bbox 312 1072 408 1107; x_wconf 73' lang='grc' dir='ltr'>ἕτερον</span> <span class='ocrx_word' id='word_1_309' title='bbox 432 1071 481 1106; x_wconf 82' lang='grc' dir='ltr'>τῆς</span> <span class='ocrx_word' id='word_1_310' title='bbox 505 1071 641 1106; x_wconf 76' lang='grc' dir='ltr'>ὑμετέρας</span> <span class='ocrx_word' id='word_1_311' title='bbox 660 1071 797 1110; x_wconf 72' lang='grc' dir='ltr'>διαϐολῆς,</span> <span class='ocrx_word' id='word_1_312' title='bbox 812 1072 841 1098; x_wconf 78' lang='grc' dir='ltr'>ὲν</span> <span class='ocrx_word' id='word_1_313' title='bbox 857 1069 873 1109; x_wconf 80' lang='grc' dir='ltr'>ᾖ</span> <span class='ocrx_word' id='word_1_314' title='bbox 892 1081 950 1105; x_wconf 83' lang='grc' dir='ltr'><strong>πως</strong></span> 
     </span>
    </p>
   </div>
   <div class='ocr_carea' id='block_1_41' title="bbox 162 1117 952 1153">
    <p class='ocr_par' dir='ltr' id='par_1_41' title="bbox 162 1117 952 1153">
     <span class='ocr_line' id='line_1_41' title="bbox 162 1117 952 1153; baseline 0.003 -10"><span class='ocrx_word' id='word_1_315' title='bbox 162 1118 213 1149; x_wconf 79' lang='grc' dir='ltr'>τὰς</span> <span class='ocrx_word' id='word_1_316' title='bbox 237 1118 404 1152; x_wconf 84' lang='grc' dir='ltr'>θεοσημείας</span> <span class='ocrx_word' id='word_1_317' title='bbox 435 1117 482 1144; x_wconf 82' lang='grc' dir='ltr'>τοῦ</span> <span class='ocrx_word' id='word_1_318' title='bbox 509 1117 639 1144; x_wconf 86' lang='grc' dir='ltr'>δεσπότου</span> <span class='ocrx_word' id='word_1_319' title='bbox 664 1117 702 1148; x_wconf 89' lang='grc' dir='ltr'>ὡς</span> <span class='ocrx_word' id='word_1_320' title='bbox 728 1117 804 1144; x_wconf 77' lang='grc' dir='ltr'>οὐδὲν</span> <span class='ocrx_word' id='word_1_321' title='bbox 831 1117 903 1153; x_wconf 73' lang='grc' dir='ltr'>ἔχειν</span> <span class='ocrx_word' id='word_1_322' title='bbox 917 1118 952 1146; x_wconf 88' lang='grc' dir='ltr'>δι’</span> 
     </span>
    </p>
   </div>
   <div class='ocr_carea' id='block_1_42' title="bbox 163 1162 951 1199">
    <p class='ocr_par' dir='ltr' id='par_1_42' title="bbox 163 1162 951 1199">
     <span class='ocr_line' id='line_1_42' title="bbox 163 1162 951 1199; baseline 0.001 -10"><span class='ocrx_word' id='word_1_323' title='bbox 163 1163 268 1195; x_wconf 80' lang='grc' dir='ltr'>οἰκείας</span> <span class='ocrx_word' id='word_1_324' title='bbox 283 1162 450 1196; x_wconf 78' lang='grc' dir='ltr'>ἀποδείξεως</span> <span class='ocrx_word' id='word_1_325' title='bbox 465 1163 716 1198; x_wconf 84' lang='grc' dir='ltr'>παρεγχαράσσειν.</span> <span class='ocrx_word' id='word_1_326' title='bbox 739 1182 746 1189; x_wconf 90' lang='grc'><em>.</em></span> <span class='ocrx_word' id='word_1_327' title='bbox 768 1182 775 1190; x_wconf 94' lang='grc'>.</span> <span class='ocrx_word' id='word_1_328' title='bbox 797 1163 859 1190; x_wconf 80' lang='grc' dir='ltr'>ὅθεν</span> <span class='ocrx_word' id='word_1_329' title='bbox 886 1164 951 1199; x_wconf 85' lang='grc' dir='ltr'>ὑμῖν</span> 
     </span>
    </p>
   </div>
   <div class='ocr_carea' id='block_1_43' title="bbox 165 1207 951 1244">
    <p class='ocr_par' dir='ltr' id='par_1_43' title="bbox 165 1207 951 1244">
     <span class='ocr_line' id='line_1_43' title="bbox 165 1207 951 1244; baseline 0.001 -9"><span class='ocrx_word' id='word_1_330' title='bbox 165 1208 244 1235; x_wconf 78' lang='grc' dir='ltr'>τοῦτο</span> <span class='ocrx_word' id='word_1_331' title='bbox 265 1209 302 1244; x_wconf 87' lang='grc' dir='ltr'>μὴ</span> <span class='ocrx_word' id='word_1_332' title='bbox 330 1207 408 1235; x_wconf 83' lang='grc' dir='ltr'>Θεοῦ.</span> <span class='ocrx_word' id='word_1_333' title='bbox 432 1228 438 1235; x_wconf 98' lang='grc'>.</span> <span class='ocrx_word' id='word_1_334' title='bbox 461 1227 469 1235; x_wconf 92' lang='grc'><strong>.</strong></span> <span class='ocrx_word' id='word_1_335' title='bbox 497 1208 596 1239; x_wconf 77' lang='grc' dir='ltr'>Ἡδέως</span> <span class='ocrx_word' id='word_1_336' title='bbox 629 1207 661 1235; x_wconf 79' lang='grc' dir='ltr'>ἂν</span> <span class='ocrx_word' id='word_1_337' title='bbox 687 1207 767 1235; x_wconf 79' lang='grc' dir='ltr'>τοῦτο</span> <span class='ocrx_word' id='word_1_338' title='bbox 794 1208 951 1244; x_wconf 81' lang='grc' dir='ltr'>πυθοίμεθα</span> 
     </span>
    </p>
   </div>
   <div class='ocr_carea' id='block_1_44' title="bbox 165 1253 954 1290">
    <p class='ocr_par' dir='ltr' id='par_1_44' title="bbox 165 1253 954 1290">
     <span class='ocr_line' id='line_1_44' title="bbox 165 1253 954 1290; baseline 0.001 -9"><span class='ocrx_word' id='word_1_339' title='bbox 165 1254 230 1290; x_wconf 74' lang='grc' dir='ltr'>παρ’</span> <span class='ocrx_word' id='word_1_340' title='bbox 244 1254 336 1290; x_wconf 78' lang='grc' dir='ltr'>ὑμῶν·</span> <span class='ocrx_word' id='word_1_341' title='bbox 347 1253 418 1290; x_wconf 74' lang='grc' dir='ltr'><strong>Ἆρά</strong></span> <span class='ocrx_word' id='word_1_342' title='bbox 433 1263 465 1289; x_wconf 90' lang='grc' dir='ltr'><strong>γε</strong></span> <span class='ocrx_word' id='word_1_343' title='bbox 483 1254 615 1290; x_wconf 85' lang='grc' dir='ltr'>βασιλέως</span> <span class='ocrx_word' id='word_1_344' title='bbox 634 1254 838 1290; x_wconf 82' lang='grc' dir='ltr'>λοιδορήσαντος</span> <span class='ocrx_word' id='word_1_345' title='bbox 848 1254 865 1290; x_wconf 85' lang='grc' dir='ltr'>ἣ</span> <span class='ocrx_word' id='word_1_346' title='bbox 875 1255 954 1282; x_wconf 84' lang='grc' dir='ltr'>ἀπει-</span> 
     </span>
    </p>
   </div>
   <div class='ocr_carea' id='block_1_45' title="bbox 166 1300 952 1336">
    <p class='ocr_par' dir='ltr' id='par_1_45' title="bbox 166 1300 952 1336">
     <span class='ocr_line' id='line_1_45' title="bbox 166 1300 952 1336; baseline 0.003 -10"><span class='ocrx_word' id='word_1_347' title='bbox 166 1301 298 1336; x_wconf 82' lang='grc' dir='ltr'>λήσαντος</span> <span class='ocrx_word' id='word_1_348' title='bbox 314 1300 386 1335; x_wconf 89' lang='grc' dir='ltr'>λόγῳ</span> <span class='ocrx_word' id='word_1_349' title='bbox 409 1301 484 1336; x_wconf 83' lang='grc' dir='ltr'>μόνῳ</span> <span class='ocrx_word' id='word_1_350' title='bbox 507 1300 573 1333; x_wconf 82' lang='grc' dir='ltr'>τινὶ,</span> <span class='ocrx_word' id='word_1_351' title='bbox 588 1300 643 1327; x_wconf 82' lang='grc' dir='ltr'><strong>τῶν</strong></span> <span class='ocrx_word' id='word_1_352' title='bbox 666 1301 695 1327; x_wconf 81' lang='grc' dir='ltr'>δὲ</span> <span class='ocrx_word' id='word_1_353' title='bbox 720 1300 815 1328; x_wconf 84' lang='grc' dir='ltr'>τούτου</span> <span class='ocrx_word' id='word_1_354' title='bbox 832 1303 952 1328; x_wconf 83' lang='grc' dir='ltr'>ὑπασπι-</span> 
     </span>
    </p>
   </div>
   <div class='ocr_carea' id='block_1_46' title="bbox 166 1345 952 1381">
    <p class='ocr_par' dir='ltr' id='par_1_46' title="bbox 166 1345 952 1381">
     <span class='ocr_line' id='line_1_46' title="bbox 166 1345 952 1381; baseline -0.001 -9"><span class='ocrx_word' id='word_1_355' title='bbox 166 1346 236 1372; x_wconf 76' lang='grc' dir='ltr'>στῶν</span> <span class='ocrx_word' id='word_1_356' title='bbox 259 1346 325 1381; x_wconf 75' lang='grc' dir='ltr'>παρ’</span> <span class='ocrx_word' id='word_1_357' title='bbox 342 1345 412 1372; x_wconf 79' lang='grc' dir='ltr'>αὐτὰ</span> <span class='ocrx_word' id='word_1_358' title='bbox 428 1346 474 1371; x_wconf 80' lang='grc' dir='ltr'>καὶ</span> <span class='ocrx_word' id='word_1_359' title='bbox 501 1345 662 1377; x_wconf 79' lang='grc' dir='ltr'>αἰκιζόντων</span> <span class='ocrx_word' id='word_1_360' title='bbox 680 1345 810 1377; x_wconf 82' lang='grc' dir='ltr'>πολλάκις</span> <span class='ocrx_word' id='word_1_361' title='bbox 833 1345 849 1380; x_wconf 84' lang='grc' dir='ltr'>ἦ</span> <span class='ocrx_word' id='word_1_362' title='bbox 877 1346 952 1372; x_wconf 75' lang='grc' dir='ltr'>ἀναι-</span> 
     </span>
    </p>
   </div>
   <div class='ocr_carea' id='block_1_47' title="bbox 166 1391 951 1427">
    <p class='ocr_par' dir='ltr' id='par_1_47' title="bbox 166 1391 951 1427">
     <span class='ocr_line' id='line_1_47' title="bbox 166 1391 951 1427; baseline 0 -9"><span class='ocrx_word' id='word_1_363' title='bbox 166 1391 287 1427; x_wconf 87' lang='grc' dir='ltr'>ρούντων</span> <span class='ocrx_word' id='word_1_364' title='bbox 314 1391 360 1418; x_wconf 77' lang='grc' dir='ltr'>τὸν</span> <span class='ocrx_word' id='word_1_365' title='bbox 388 1391 551 1426; x_wconf 82' lang='grc' dir='ltr'>ὑῦρισθέντα</span> <span class='ocrx_word' id='word_1_366' title='bbox 579 1391 632 1418; x_wconf 80' lang='grc' dir='ltr'>ὑπὸ</span> <span class='ocrx_word' id='word_1_367' title='bbox 657 1391 704 1418; x_wconf 82' lang='grc' dir='ltr'>τοῦ</span> <span class='ocrx_word' id='word_1_368' title='bbox 730 1392 833 1427; x_wconf 78' lang='grc' dir='ltr'>Κυρίου</span> <span class='ocrx_word' id='word_1_369' title='bbox 852 1391 951 1424; x_wconf 82' lang='grc' dir='ltr'>αὐτῶν,</span> 
     </span>
    </p>
   </div>
   <div class='ocr_carea' id='block_1_48' title="bbox 124 1436 953 1473">
    <p class='ocr_par' dir='ltr' id='par_1_48' title="bbox 124 1436 953 1473">
     <span class='ocr_line' id='line_1_48' title="bbox 124 1436 953 1473; baseline 0.001 -10"><span class='ocrx_word' id='word_1_370' title='bbox 124 1470 128 1471; x_wconf 19' lang='grc' dir='ltr'><strong>γ</strong></span> <span class='ocrx_word' id='word_1_371' title='bbox 167 1438 228 1464; x_wconf 73' lang='grc' dir='ltr'>ἐπεὶ</span> <span class='ocrx_word' id='word_1_372' title='bbox 242 1436 366 1472; x_wconf 80' lang='grc' dir='ltr'>μείζονες</span> <span class='ocrx_word' id='word_1_373' title='bbox 382 1438 410 1464; x_wconf 83' lang='grc' dir='ltr'><strong>αί</strong></span> <span class='ocrx_word' id='word_1_374' title='bbox 432 1437 534 1472; x_wconf 79' lang='grc' dir='ltr'>πληγαὶ</span> <span class='ocrx_word' id='word_1_375' title='bbox 560 1437 659 1470; x_wconf 82' lang='grc' dir='ltr'>αὐτῶν,</span> <span class='ocrx_word' id='word_1_376' title='bbox 683 1438 791 1472; x_wconf 81' lang='grc' dir='ltr'>μείζους</span> <span class='ocrx_word' id='word_1_377' title='bbox 809 1438 826 1473; x_wconf 79' lang='grc' dir='ltr'><strong>ἢ</strong></span> <span class='ocrx_word' id='word_1_378' title='bbox 845 1438 953 1473; x_wconf 84' lang='grc' dir='ltr'>ὁμοίους</span> 
     </span>
    </p>
   </div>
   <div class='ocr_carea' id='block_1_49' title="bbox 163 1481 948 1517">
    <p class='ocr_par' dir='ltr' id='par_1_49' title="bbox 163 1481 948 1517">
     <span class='ocr_line' id='line_1_49' title="bbox 163 1481 948 1517; baseline 0.001 -9"><span class='ocrx_word' id='word_1_379' title='bbox 163 1483 221 1516; x_wconf 66' lang='grc' dir='ltr'>ἄρα</span> <span class='ocrx_word' id='word_1_380' title='bbox 237 1483 282 1508; x_wconf 82' lang='grc' dir='ltr'>καὶ</span> <span class='ocrx_word' id='word_1_381' title='bbox 293 1481 356 1513; x_wconf 81' lang='grc' dir='ltr'>τοὺς</span> <span class='ocrx_word' id='word_1_382' title='bbox 372 1482 513 1517; x_wconf 85' lang='grc' dir='ltr'>ὑπηρέτας</span> <span class='ocrx_word' id='word_1_383' title='bbox 525 1482 571 1508; x_wconf 78' lang='grc' dir='ltr'>τοῦ</span> <span class='ocrx_word' id='word_1_384' title='bbox 587 1482 718 1517; x_wconf 81' lang='grc' dir='ltr'>βασιλέως</span> <span class='ocrx_word' id='word_1_385' title='bbox 731 1482 856 1517; x_wconf 67' lang='grc' dir='ltr'>εἴποιμεν</span> <span class='ocrx_word' id='word_1_386' title='bbox 868 1481 948 1516; x_wconf 78' lang='grc' dir='ltr'>εἶναι;</span> 
     </span>
    </p>
   </div>
   <div class='ocr_carea' id='block_1_50' title="bbox 167 1528 948 1564">
    <p class='ocr_par' dir='ltr' id='par_1_50' title="bbox 167 1528 948 1564">
     <span class='ocr_line' id='line_1_50' title="bbox 167 1528 948 1564; baseline 0.001 -10"><span class='ocrx_word' id='word_1_387' title='bbox 167 1529 248 1555; x_wconf 71' lang='grc' dir='ltr'>’πάλιν</span> <span class='ocrx_word' id='word_1_388' title='bbox 266 1529 294 1554; x_wconf 68' lang='grc' dir='ltr'>ἐν</span> <span class='ocrx_word' id='word_1_389' title='bbox 310 1528 479 1563; x_wconf 85' lang='grc' dir='ltr'>εὐεργεσίαις</span> <span class='ocrx_word' id='word_1_390' title='bbox 500 1528 587 1555; x_wconf 86' lang='grc' dir='ltr'>ταῦτα</span> <span class='ocrx_word' id='word_1_391' title='bbox 614 1529 732 1563; x_wconf 81' lang='grc' dir='ltr'>ὁρῶντες</span> <span class='ocrx_word' id='word_1_392' title='bbox 753 1528 948 1564; x_wconf 77' lang='grc' dir='ltr'>συμϐαίνοντα,</span> 
     </span>
    </p>
   </div>
   <div class='ocr_carea' id='block_1_51' title="bbox 1038 1073 1788 1109">
    <p class='ocr_par' dir='ltr' id='par_1_51' title="bbox 1038 1073 1788 1109">
     <span class='ocr_line' id='line_1_51' title="bbox 1038 1073 1788 1109; baseline 0.001 -8"><span class='ocrx_word' id='word_1_393' title='bbox 1038 1074 1072 1101; x_wconf 87' lang='lat' dir='ltr'><strong>Et</strong></span> <span class='ocrx_word' id='word_1_394' title='bbox 1099 1073 1133 1102; x_wconf 87' lang='lat' dir='ltr'><strong>de</strong></span> <span class='ocrx_word' id='word_1_395' title='bbox 1154 1074 1240 1102; x_wconf 86' lang='lat' dir='ltr'><strong>altera</strong></span> <span class='ocrx_word' id='word_1_396' title='bbox 1262 1078 1354 1101; x_wconf 85' lang='lat' dir='ltr'><strong>vestra</strong></span> <span class='ocrx_word' id='word_1_397' title='bbox 1368 1073 1505 1101; x_wconf 86' lang='lat' dir='ltr'><strong>calumnia</strong></span> <span class='ocrx_word' id='word_1_398' title='bbox 1519 1094 1526 1106; x_wconf 89' lang='lat'><strong>,</strong></span> <span class='ocrx_word' id='word_1_399' title='bbox 1548 1073 1575 1100; x_wconf 92' lang='lat' dir='ltr'><strong>in</strong></span> <span class='ocrx_word' id='word_1_400' title='bbox 1591 1081 1645 1108; x_wconf 85' lang='lat' dir='ltr'><strong>qua</strong></span> <span class='ocrx_word' id='word_1_401' title='bbox 1662 1074 1788 1109; x_wconf 76' lang='lat' dir='ltr'><strong>magistri</strong></span> 
     </span>
    </p>
   </div>
   <div class='ocr_carea' id='block_1_52' title="bbox 1002 1119 1790 1154">
    <p class='ocr_par' dir='ltr' id='par_1_52' title="bbox 1002 1119 1790 1154">
     <span class='ocr_line' id='line_1_52' title="bbox 1002 1119 1790 1154; baseline 0 -8"><span class='ocrx_word' id='word_1_402' title='bbox 1002 1119 1238 1147; x_wconf 84' lang='lat' dir='ltr'><strong>manifestatioues</strong></span> <span class='ocrx_word' id='word_1_403' title='bbox 1251 1140 1258 1151; x_wconf 87' lang='lat'><strong>,</strong></span> <span class='ocrx_word' id='word_1_404' title='bbox 1277 1124 1408 1154; x_wconf 85' lang='lat' dir='ltr'><strong>tanquam</strong></span> <span class='ocrx_word' id='word_1_405' title='bbox 1431 1119 1501 1146; x_wconf 85' lang='lat' dir='ltr'><strong>nihil</strong></span> <span class='ocrx_word' id='word_1_406' title='bbox 1522 1119 1657 1146; x_wconf 84' lang='lat' dir='ltr'><strong>habentes</strong></span> <span class='ocrx_word' id='word_1_407' title='bbox 1671 1128 1726 1154; x_wconf 87' lang='lat' dir='ltr'><strong>quo</strong></span> <span class='ocrx_word' id='word_1_408' title='bbox 1739 1128 1790 1154; x_wconf 88' lang='lat' dir='ltr'><strong>per</strong></span> 
     </span>
    </p>
   </div>
   <div class='ocr_carea' id='block_1_53' title="bbox 1001 1165 1789 1200">
    <p class='ocr_par' dir='ltr' id='par_1_53' title="bbox 1001 1165 1789 1200">
     <span class='ocr_line' id='line_1_53' title="bbox 1001 1165 1789 1200; baseline 0 -8"><span class='ocrx_word' id='word_1_409' title='bbox 1001 1165 1129 1200; x_wconf 86' lang='lat' dir='ltr'><strong>proprias</strong></span> <span class='ocrx_word' id='word_1_410' title='bbox 1143 1169 1222 1192; x_wconf 83' lang='lat' dir='ltr'><strong>notas</strong></span> <span class='ocrx_word' id='word_1_411' title='bbox 1237 1166 1469 1200; x_wconf 80' lang='lat' dir='ltr'><strong>signarenlur.....</strong></span> <span class='ocrx_word' id='word_1_412' title='bbox 1490 1165 1563 1192; x_wconf 89' lang='lat' dir='ltr'><strong>unde</strong></span> <span class='ocrx_word' id='word_1_413' title='bbox 1589 1165 1668 1193; x_wconf 87' lang='lat' dir='ltr'><strong>vobis</strong></span> <span class='ocrx_word' id='word_1_414' title='bbox 1681 1173 1736 1192; x_wconf 86' lang='lat' dir='ltr'><strong>non</strong></span> <span class='ocrx_word' id='word_1_415' title='bbox 1755 1173 1789 1192; x_wconf 79' lang='lat' dir='ltr'><strong>ex</strong></span> 
     </span>
    </p>
   </div>
   <div class='ocr_carea' id='block_1_54' title="bbox 1002 1211 1789 1246">
    <p class='ocr_par' dir='ltr' id='par_1_54' title="bbox 1002 1211 1789 1246">
     <span class='ocr_line' id='line_1_54' title="bbox 1002 1211 1789 1246; baseline -0.001 -7"><span class='ocrx_word' id='word_1_416' title='bbox 1002 1212 1116 1239; x_wconf 88' lang='lat' dir='ltr'><strong>Deo.....</strong></span> <span class='ocrx_word' id='word_1_417' title='bbox 1128 1211 1181 1239; x_wconf 89' lang='lat' dir='ltr'><strong>hoc</strong></span> <span class='ocrx_word' id='word_1_418' title='bbox 1195 1220 1210 1239; x_wconf 72' lang='grc' dir='ltr'><strong>ει</strong></span> <span class='ocrx_word' id='word_1_419' title='bbox 1222 1212 1300 1239; x_wconf 86' lang='lat' dir='ltr'><strong>vobis</strong></span> <span class='ocrx_word' id='word_1_420' title='bbox 1308 1212 1406 1239; x_wconf 78' lang='lat' dir='ltr'><strong>vellem</strong></span> <span class='ocrx_word' id='word_1_421' title='bbox 1418 1219 1552 1246; x_wconf 65' lang='lat' dir='ltr'><strong>quaerere,</strong></span> <span class='ocrx_word' id='word_1_422' title='bbox 1561 1211 1694 1243; x_wconf 89' lang='lat' dir='ltr'><strong>utrum,si</strong></span> <span class='ocrx_word' id='word_1_423' title='bbox 1706 1219 1789 1246; x_wconf 84' lang='lat' dir='ltr'><strong>quem</strong></span> 
     </span>
    </p>
   </div>
   <div class='ocr_carea' id='block_1_55' title="bbox 1002 1257 1790 1292">
    <p class='ocr_par' dir='ltr' id='par_1_55' title="bbox 1002 1257 1790 1292">
     <span class='ocr_line' id='line_1_55' title="bbox 1002 1257 1790 1292; baseline 0 -8"><span class='ocrx_word' id='word_1_424' title='bbox 1002 1265 1018 1284; x_wconf 88' lang='lat' dir='ltr'><strong>a</strong></span> <span class='ocrx_word' id='word_1_425' title='bbox 1030 1264 1094 1292; x_wconf 80' lang='lat' dir='ltr'><strong>rege</strong></span> <span class='ocrx_word' id='word_1_426' title='bbox 1108 1257 1195 1284; x_wconf 85' lang='lat' dir='ltr'><strong>verbo</strong></span> <span class='ocrx_word' id='word_1_427' title='bbox 1212 1262 1292 1284; x_wconf 87' lang='lat' dir='ltr'><strong>tenus</strong></span> <span class='ocrx_word' id='word_1_428' title='bbox 1303 1257 1414 1291; x_wconf 88' lang='lat' dir='ltr'><strong>probris</strong></span> <span class='ocrx_word' id='word_1_429' title='bbox 1428 1261 1457 1284; x_wconf 85' lang='lat' dir='ltr'><strong>et</strong></span> <span class='ocrx_word' id='word_1_430' title='bbox 1472 1257 1556 1284; x_wconf 88' lang='lat' dir='ltr'><strong>minis</strong></span> <span class='ocrx_word' id='word_1_431' title='bbox 1580 1257 1709 1284; x_wconf 75' lang='lat' dir='ltr'><strong>allectum</strong></span> <span class='ocrx_word' id='word_1_432' title='bbox 1728 1257 1790 1284; x_wconf 90' lang='lat' dir='ltr'><strong>vul-</strong></span> 
     </span>
    </p>
   </div>
   <div class='ocr_carea' id='block_1_56' title="bbox 1002 1303 1790 1338">
    <p class='ocr_par' dir='ltr' id='par_1_56' title="bbox 1002 1303 1790 1338">
     <span class='ocr_line' id='line_1_56' title="bbox 1002 1303 1790 1338; baseline 0 -8"><span class='ocrx_word' id='word_1_433' title='bbox 1002 1308 1132 1330; x_wconf 88' lang='lat' dir='ltr'><strong>nerarent</strong></span> <span class='ocrx_word' id='word_1_434' title='bbox 1144 1303 1285 1330; x_wconf 88' lang='lat' dir='ltr'><strong>autetiam</strong></span> <span class='ocrx_word' id='word_1_435' title='bbox 1298 1303 1490 1330; x_wconf 87' lang='lat' dir='ltr'><strong>interimerent</strong></span> <span class='ocrx_word' id='word_1_436' title='bbox 1505 1303 1573 1338; x_wconf 79' lang='lat' dir='ltr'><strong>regii</strong></span> <span class='ocrx_word' id='word_1_437' title='bbox 1590 1303 1722 1331; x_wconf 78' lang='lat' dir='ltr'><strong>satellites</strong></span> <span class='ocrx_word' id='word_1_438' title='bbox 1734 1324 1741 1336; x_wconf 91' lang='lat'><strong>,</strong></span> <span class='ocrx_word' id='word_1_439' title='bbox 1755 1311 1790 1330; x_wconf 90' lang='lat' dir='ltr'><strong>eo</strong></span> 
     </span>
    </p>
   </div>
   <div class='ocr_carea' id='block_1_57' title="bbox 1003 1347 1791 1383">
    <p class='ocr_par' dir='ltr' id='par_1_57' title="bbox 1003 1347 1791 1383">
     <span class='ocr_line' id='line_1_57' title="bbox 1003 1347 1791 1383; baseline 0.004 -9"><span class='ocrx_word' id='word_1_440' title='bbox 1003 1348 1076 1383; x_wconf 89' lang='lat' dir='ltr'><strong>quod</strong></span> <span class='ocrx_word' id='word_1_441' title='bbox 1093 1349 1206 1375; x_wconf 87' lang='lat' dir='ltr'><strong>istorum</strong></span> <span class='ocrx_word' id='word_1_442' title='bbox 1224 1347 1382 1375; x_wconf 85' lang='lat' dir='ltr'><strong>acerbiores</strong></span> <span class='ocrx_word' id='word_1_443' title='bbox 1404 1352 1498 1376; x_wconf 86' lang='lat' dir='ltr'><strong>essent</strong></span> <span class='ocrx_word' id='word_1_444' title='bbox 1520 1348 1590 1376; x_wconf 87' lang='lat' dir='ltr'><strong>ictus</strong></span> <span class='ocrx_word' id='word_1_445' title='bbox 1603 1369 1609 1381; x_wconf 87' lang='lat'><strong>,</strong></span> <span class='ocrx_word' id='word_1_446' title='bbox 1634 1348 1791 1377; x_wconf 79' lang='lat' dir='ltr'><strong>diceremus</strong></span> 
     </span>
    </p>
   </div>
   <div class='ocr_carea' id='block_1_58' title="bbox 1003 1394 1790 1429">
    <p class='ocr_par' dir='ltr' id='par_1_58' title="bbox 1003 1394 1790 1429">
     <span class='ocr_line' id='line_1_58' title="bbox 1003 1394 1790 1429; baseline 0.001 -9"><span class='ocrx_word' id='word_1_447' title='bbox 1003 1394 1121 1428; x_wconf 86' lang='lat' dir='ltr'><strong>majores</strong></span> <span class='ocrx_word' id='word_1_448' title='bbox 1138 1398 1185 1421; x_wconf 86' lang='lat' dir='ltr'><strong>aut</strong></span> <span class='ocrx_word' id='word_1_449' title='bbox 1194 1395 1290 1421; x_wconf 85' lang='lat' dir='ltr'><strong>saltem</strong></span> <span class='ocrx_word' id='word_1_450' title='bbox 1309 1395 1430 1428; x_wconf 73' lang='lat' dir='ltr'><strong>aequales</strong></span> <span class='ocrx_word' id='word_1_451' title='bbox 1446 1394 1503 1429; x_wconf 82' lang='lat' dir='ltr'><strong>regi</strong></span> <span class='ocrx_word' id='word_1_452' title='bbox 1519 1394 1653 1421; x_wconf 87' lang='lat' dir='ltr'><strong>satellites</strong></span> <span class='ocrx_word' id='word_1_453' title='bbox 1668 1394 1679 1421; x_wconf 86' lang='lat'>?</span> <span class='ocrx_word' id='word_1_454' title='bbox 1694 1394 1790 1421; x_wconf 88' lang='lat' dir='ltr'><strong>Denuo</strong></span> 
     </span>
    </p>
   </div>
   <div class='ocr_carea' id='block_1_59' title="bbox 1005 1439 1789 1472">
    <p class='ocr_par' dir='ltr' id='par_1_59' title="bbox 1005 1439 1789 1472">
     <span class='ocr_line' id='line_1_59' title="bbox 1005 1439 1789 1472; baseline 0.001 -7"><span class='ocrx_word' id='word_1_455' title='bbox 1005 1439 1125 1472; x_wconf 89' lang='lat' dir='ltr'><strong>idipsum</strong></span> <span class='ocrx_word' id='word_1_456' title='bbox 1147 1439 1175 1466; x_wconf 90' lang='lat' dir='ltr'><strong>in</strong></span> <span class='ocrx_word' id='word_1_457' title='bbox 1200 1439 1353 1467; x_wconf 81' lang='lat' dir='ltr'><strong>benefactis</strong></span> <span class='ocrx_word' id='word_1_458' title='bbox 1380 1440 1438 1467; x_wconf 82' lang='lat' dir='ltr'><strong>ﬁeri</strong></span> <span class='ocrx_word' id='word_1_459' title='bbox 1450 1440 1586 1472; x_wconf 86' lang='lat' dir='ltr'><strong>videntes,</strong></span> <span class='ocrx_word' id='word_1_460' title='bbox 1607 1448 1668 1467; x_wconf 89' lang='lat' dir='ltr'><strong>cum</strong></span> <span class='ocrx_word' id='word_1_461' title='bbox 1681 1440 1789 1467; x_wconf 88' lang='lat' dir='ltr'><strong>scilicet</strong></span> 
     </span>
    </p>
   </div>
   <div class='ocr_carea' id='block_1_60' title="bbox 1002 1483 1789 1522">
    <p class='ocr_par' dir='ltr' id='par_1_60' title="bbox 1002 1483 1789 1522">
     <span class='ocr_line' id='line_1_60' title="bbox 1002 1483 1789 1522; baseline 0.003 -13"><span class='ocrx_word' id='word_1_462' title='bbox 1002 1483 1072 1518; x_wconf 82' lang='lat' dir='ltr'><strong>quia</strong></span> <span class='ocrx_word' id='word_1_463' title='bbox 1085 1491 1148 1518; x_wconf 78' lang='lat' dir='ltr'><strong>rege</strong></span> <span class='ocrx_word' id='word_1_464' title='bbox 1158 1483 1295 1522; x_wconf 74' lang='lat' dir='ltr'><strong>colloquio</strong></span> <span class='ocrx_word' id='word_1_465' title='bbox 1303 1489 1408 1511; x_wconf 91' lang='lat' dir='ltr'><strong>tantum</strong></span> <span class='ocrx_word' id='word_1_466' title='bbox 1422 1489 1450 1511; x_wconf 88' lang='lat' dir='ltr'><strong>et</strong></span> <span class='ocrx_word' id='word_1_467' title='bbox 1462 1491 1589 1511; x_wconf 89' lang='lat' dir='ltr'><strong>sermone</strong></span> <span class='ocrx_word' id='word_1_468' title='bbox 1599 1483 1728 1518; x_wconf 82' lang='lat' dir='ltr'><strong>dignatus</strong></span> <span class='ocrx_word' id='word_1_469' title='bbox 1736 1487 1789 1517; x_wconf 87' lang='lat' dir='ltr'><strong>est,</strong></span> 
     </span>
    </p>
   </div>
   <div class='ocr_carea' id='block_1_61' title="bbox 1002 1528 1790 1563">
    <p class='ocr_par' dir='ltr' id='par_1_61' title="bbox 1002 1528 1790 1563">
     <span class='ocr_line' id='line_1_61' title="bbox 1002 1528 1790 1563; baseline 0.001 -9"><span class='ocrx_word' id='word_1_470' title='bbox 1002 1535 1065 1554; x_wconf 86' lang='lat' dir='ltr'><strong>eum</strong></span> <span class='ocrx_word' id='word_1_471' title='bbox 1083 1528 1247 1555; x_wconf 86' lang='lat' dir='ltr'><strong>muneribus</strong></span> <span class='ocrx_word' id='word_1_472' title='bbox 1269 1528 1352 1556; x_wconf 86' lang='lat' dir='ltr'><strong>variis</strong></span> <span class='ocrx_word' id='word_1_473' title='bbox 1365 1532 1392 1555; x_wconf 90' lang='lat' dir='ltr'><strong>et</strong></span> <span class='ocrx_word' id='word_1_474' title='bbox 1404 1528 1557 1555; x_wconf 89' lang='lat' dir='ltr'><strong>honoribus</strong></span> <span class='ocrx_word' id='word_1_475' title='bbox 1568 1530 1707 1556; x_wconf 87' lang='lat' dir='ltr'><strong>cumulant</strong></span> <span class='ocrx_word' id='word_1_476' title='bbox 1721 1528 1790 1563; x_wconf 78' lang='lat' dir='ltr'><strong>regii</strong></span> 
     </span>
    </p>
   </div>
   <div class='ocr_carea' id='block_1_62' title="bbox 167 1563 949 1610">
    <p class='ocr_par' dir='ltr' id='par_1_62' title="bbox 167 1570 949 1610">
     <span class='ocr_line' id='line_1_62' title="bbox 167 1570 949 1610; baseline 0.001 -10"><span class='ocrx_word' id='word_1_477' title='bbox 167 1575 205 1606; x_wconf 81' lang='grc' dir='ltr'>ὡς</span> <span class='ocrx_word' id='word_1_478' title='bbox 234 1570 310 1609; x_wconf 79' lang='grc' dir='ltr'>ᾧτινι</span> <span class='ocrx_word' id='word_1_479' title='bbox 336 1574 415 1608; x_wconf 81' lang='grc' dir='ltr'>λόγου</span> <span class='ocrx_word' id='word_1_480' title='bbox 432 1574 513 1610; x_wconf 88' lang='grc' dir='ltr'>μόνου</span> <span class='ocrx_word' id='word_1_481' title='bbox 530 1575 693 1608; x_wconf 84' lang='grc' dir='ltr'>μεταδίδωσι</span> <span class='ocrx_word' id='word_1_482' title='bbox 707 1575 753 1602; x_wconf 76' lang='grc' dir='ltr'>καὶ</span> <span class='ocrx_word' id='word_1_483' title='bbox 774 1576 918 1610; x_wconf 83' lang='grc' dir='ltr'>συντυχίας</span> <span class='ocrx_word' id='word_1_484' title='bbox 936 1575 949 1601; x_wconf 84' lang='grc' dir='ltr'><strong>ό</strong></span> 
     </span>
    </p>
   </div>
   <div class='ocr_carea' id='block_1_63' title="bbox 1002 1563 1792 1610">
    <p class='ocr_par' dir='ltr' id='par_1_63' title="bbox 1002 1572 1792 1608">
     <span class='ocr_line' id='line_1_63' title="bbox 1002 1572 1792 1608; baseline 0.003 -10"><span class='ocrx_word' id='word_1_485' title='bbox 1002 1572 1132 1605; x_wconf 88' lang='lat' dir='ltr'><strong>ministri,</strong></span> <span class='ocrx_word' id='word_1_486' title='bbox 1145 1573 1261 1608; x_wconf 89' lang='lat' dir='ltr'><strong>majores</strong></span> <span class='ocrx_word' id='word_1_487' title='bbox 1282 1581 1342 1601; x_wconf 89' lang='lat' dir='ltr'><strong>esse</strong></span> <span class='ocrx_word' id='word_1_488' title='bbox 1365 1573 1557 1601; x_wconf 81' lang='lat' dir='ltr'><strong>benefactores</strong></span> <span class='ocrx_word' id='word_1_489' title='bbox 1569 1573 1709 1600; x_wconf 85' lang='lat' dir='ltr'><strong>ministros</strong></span> <span class='ocrx_word' id='word_1_490' title='bbox 1727 1581 1792 1601; x_wconf 87' lang='lat' dir='ltr'><strong>cen-</strong></span> 
     </span>
    </p>
   </div>
   <div class='ocr_carea' id='block_1_64' title="bbox 167 1620 951 1656">
    <p class='ocr_par' dir='ltr' id='par_1_64' title="bbox 167 1620 951 1656">
     <span class='ocr_line' id='line_1_64' title="bbox 167 1620 951 1656; baseline 0 -10"><span class='ocrx_word' id='word_1_491' title='bbox 167 1620 306 1656; x_wconf 81' lang='grc' dir='ltr'>βασιλεὺς,</span> <span class='ocrx_word' id='word_1_492' title='bbox 334 1620 410 1655; x_wconf 84' lang='grc' dir='ltr'><strong>δῶρά</strong></span> <span class='ocrx_word' id='word_1_493' title='bbox 431 1629 460 1646; x_wconf 83' lang='grc' dir='ltr'><strong>τε</strong></span> <span class='ocrx_word' id='word_1_494' title='bbox 488 1621 599 1647; x_wconf 78' lang='grc' dir='ltr'>ποικίλα</span> <span class='ocrx_word' id='word_1_495' title='bbox 628 1621 675 1648; x_wconf 65' lang='grc' dir='ltr'>καὶ</span> <span class='ocrx_word' id='word_1_496' title='bbox 698 1621 778 1656; x_wconf 83' lang='grc' dir='ltr'>τιμαὶ</span> <span class='ocrx_word' id='word_1_497' title='bbox 797 1621 872 1656; x_wconf 78' lang='grc' dir='ltr'>παρὰ</span> <span class='ocrx_word' id='word_1_498' title='bbox 898 1620 951 1647; x_wconf 81' lang='grc' dir='ltr'>τῶν</span> 
     </span>
    </p>
   </div>
   <div class='ocr_carea' id='block_1_65' title="bbox 168 1665 954 1702">
    <p class='ocr_par' dir='ltr' id='par_1_65' title="bbox 168 1665 954 1702">
     <span class='ocr_line' id='line_1_65' title="bbox 168 1665 954 1702; baseline 0 -10"><span class='ocrx_word' id='word_1_499' title='bbox 168 1667 295 1701; x_wconf 81' lang='grc' dir='ltr'>ὑπηκόων</span> <span class='ocrx_word' id='word_1_500' title='bbox 311 1666 357 1692; x_wconf 81' lang='grc' dir='ltr'><strong>τοῦ</strong></span> <span class='ocrx_word' id='word_1_501' title='bbox 378 1665 509 1701; x_wconf 80' lang='grc' dir='ltr'>βασιλέως</span> <span class='ocrx_word' id='word_1_502' title='bbox 523 1666 735 1702; x_wconf 78' lang='grc' dir='ltr'>προσφέρονται,</span> <span class='ocrx_word' id='word_1_503' title='bbox 758 1666 884 1701; x_wconf 83' lang='grc' dir='ltr'>μείζονας</span> <span class='ocrx_word' id='word_1_504' title='bbox 908 1667 954 1692; x_wconf 82' lang='grc' dir='ltr'>εύ-</span> 
     </span>
    </p>
   </div>
   <div class='ocr_carea' id='block_1_66' title="bbox 168 1709 952 1748">
    <p class='ocr_par' dir='ltr' id='par_1_66' title="bbox 168 1709 952 1748">
     <span class='ocr_line' id='line_1_66' title="bbox 168 1709 952 1748; baseline 0.001 -11"><span class='ocrx_word' id='word_1_505' title='bbox 168 1711 281 1746; x_wconf 80' lang='grc' dir='ltr'>εργὲτας</span> <span class='ocrx_word' id='word_1_506' title='bbox 313 1709 384 1738; x_wconf 74' lang='grc' dir='ltr'>εἶναι</span> <span class='ocrx_word' id='word_1_507' title='bbox 413 1712 535 1746; x_wconf 75' lang='grc' dir='ltr'>φήσομεν</span> <span class='ocrx_word' id='word_1_508' title='bbox 563 1712 626 1743; x_wconf 82' lang='grc' dir='ltr'>τοὺς</span> <span class='ocrx_word' id='word_1_509' title='bbox 654 1711 843 1748; x_wconf 76' lang='grc' dir='ltr'>ὑπηκόους;ἢ</span> <span class='ocrx_word' id='word_1_510' title='bbox 869 1711 952 1743; x_wconf 73' lang='grc' dir='ltr'>ὅντως</span> 
     </span>
    </p>
   </div>
   <div class='ocr_carea' id='block_1_67' title="bbox 167 1757 953 1793">
    <p class='ocr_par' dir='ltr' id='par_1_67' title="bbox 167 1757 953 1793">
     <span class='ocr_line' id='line_1_67' title="bbox 167 1757 953 1793; baseline 0 -9"><span class='ocrx_word' id='word_1_511' title='bbox 167 1758 226 1784; x_wconf 74' lang='grc' dir='ltr'>δέον</span> <span class='ocrx_word' id='word_1_512' title='bbox 239 1757 337 1784; x_wconf 78' lang='grc' dir='ltr'>ειδέναι</span> <span class='ocrx_word' id='word_1_513' title='bbox 351 1758 415 1788; x_wconf 74' lang='grc' dir='ltr'>τοὺς</span> <span class='ocrx_word' id='word_1_514' title='bbox 428 1759 492 1793; x_wconf 79' lang='grc' dir='ltr'>περὶ</span> <span class='ocrx_word' id='word_1_515' title='bbox 505 1758 600 1784; x_wconf 79' lang='grc' dir='ltr'>τούτου</span> <span class='ocrx_word' id='word_1_516' title='bbox 615 1757 856 1792; x_wconf 81' lang='grc' dir='ltr'>διαγινώσκοντας.</span> <span class='ocrx_word' id='word_1_517' title='bbox 872 1757 953 1784; x_wconf 81' lang='grc' dir='ltr'>πόθεν</span> 
     </span>
    </p>
   </div>
   <div class='ocr_carea' id='block_1_68' title="bbox 168 1803 952 1838">
    <p class='ocr_par' dir='ltr' id='par_1_68' title="bbox 168 1803 952 1838">
     <span class='ocr_line' id='line_1_68' title="bbox 168 1803 952 1838; baseline 0 -9"><span class='ocrx_word' id='word_1_518' title='bbox 168 1805 183 1838; x_wconf 79' lang='grc' dir='ltr'>ἡ</span> <span class='ocrx_word' id='word_1_519' title='bbox 200 1803 270 1838; x_wconf 81' lang='grc' dir='ltr'><strong>ἀρχὴ</strong></span> <span class='ocrx_word' id='word_1_520' title='bbox 283 1803 330 1829; x_wconf 83' lang='grc' dir='ltr'>τοῦ</span> <span class='ocrx_word' id='word_1_521' title='bbox 345 1804 490 1838; x_wconf 77' lang='grc' dir='ltr'>γενομένου</span> <span class='ocrx_word' id='word_1_522' title='bbox 509 1805 555 1829; x_wconf 71' lang='grc' dir='ltr'>καὶ</span> <span class='ocrx_word' id='word_1_523' title='bbox 569 1803 642 1835; x_wconf 80' lang='grc' dir='ltr'>τινος</span> <span class='ocrx_word' id='word_1_524' title='bbox 658 1803 800 1838; x_wconf 84' lang='grc' dir='ltr'>δυνάμεως</span> <span class='ocrx_word' id='word_1_525' title='bbox 816 1804 952 1838; x_wconf 83' lang='grc' dir='ltr'>ἐνέργεια,</span> 
     </span>
    </p>
   </div>
   <div class='ocr_carea' id='block_1_69' title="bbox 168 1849 951 1884">
    <p class='ocr_par' dir='ltr' id='par_1_69' title="bbox 168 1849 951 1884">
     <span class='ocr_line' id='line_1_69' title="bbox 168 1849 951 1884; baseline 0 -9"><span class='ocrx_word' id='word_1_526' title='bbox 168 1849 216 1875; x_wconf 77' lang='grc' dir='ltr'>καὶ</span> <span class='ocrx_word' id='word_1_527' title='bbox 242 1849 283 1881; x_wconf 80' lang='grc' dir='ltr'><strong>τίς</strong></span> <span class='ocrx_word' id='word_1_528' title='bbox 299 1850 315 1884; x_wconf 82' lang='grc' dir='ltr'>ὴ</span> <span class='ocrx_word' id='word_1_529' title='bbox 339 1849 442 1875; x_wconf 82' lang='grc' dir='ltr'>τούτων</span> <span class='ocrx_word' id='word_1_530' title='bbox 460 1849 576 1884; x_wconf 84' lang='grc' dir='ltr'>πρώτως</span> <span class='ocrx_word' id='word_1_531' title='bbox 599 1849 673 1875; x_wconf 78' lang='grc' dir='ltr'>αἰτία</span> <span class='ocrx_word' id='word_1_532' title='bbox 691 1849 951 1884; x_wconf 86' lang='grc' dir='ltr'>παρασκευαστική;</span> 
     </span>
    </p>
   </div>
   <div class='ocr_carea' id='block_1_70' title="bbox 167 1893 954 1930">
    <p class='ocr_par' dir='ltr' id='par_1_70' title="bbox 167 1893 954 1930">
     <span class='ocr_line' id='line_1_70' title="bbox 167 1893 954 1930; baseline 0 -10"><span class='ocrx_word' id='word_1_533' title='bbox 167 1895 192 1920; x_wconf 79' lang='grc' dir='ltr'><strong>εί</strong></span> <span class='ocrx_word' id='word_1_534' title='bbox 213 1894 267 1930; x_wconf 79' lang='grc' dir='ltr'>γὰρ</span> <span class='ocrx_word' id='word_1_535' title='bbox 286 1894 323 1929; x_wconf 86' lang='grc' dir='ltr'>μὴ</span> <span class='ocrx_word' id='word_1_536' title='bbox 347 1893 453 1925; x_wconf 82' lang='grc' dir='ltr'>τούτοις</span> <span class='ocrx_word' id='word_1_537' title='bbox 473 1894 668 1929; x_wconf 73' lang='grc' dir='ltr'>ὲπισκὲψομεν,</span> <span class='ocrx_word' id='word_1_538' title='bbox 690 1894 737 1921; x_wconf 78' lang='grc' dir='ltr'>καὶ</span> <span class='ocrx_word' id='word_1_539' title='bbox 764 1894 814 1929; x_wconf 84' lang='grc' dir='ltr'><strong>τὴν</strong></span> <span class='ocrx_word' id='word_1_540' title='bbox 836 1894 954 1929; x_wconf 85' lang='grc' dir='ltr'>μάστιγα</span> 
     </span>
    </p>
   </div>
   <div class='ocr_carea' id='block_1_71' title="bbox 167 1936 953 1974">
    <p class='ocr_par' dir='ltr' id='par_1_71' title="bbox 167 1936 953 1974">
     <span class='ocr_line' id='line_1_71' title="bbox 167 1936 953 1974; baseline 0 -10"><span class='ocrx_word' id='word_1_541' title='bbox 167 1936 236 1965; x_wconf 78' lang='grc' dir='ltr'>εἶναι</span> <span class='ocrx_word' id='word_1_542' title='bbox 254 1939 365 1973; x_wconf 78' lang='grc' dir='ltr'>μείζονα</span> <span class='ocrx_word' id='word_1_543' title='bbox 381 1938 506 1974; x_wconf 75' lang='grc' dir='ltr'>εἴποιμεν</span> <span class='ocrx_word' id='word_1_544' title='bbox 520 1939 553 1966; x_wconf 81' lang='grc' dir='ltr'>ἂν</span> <span class='ocrx_word' id='word_1_545' title='bbox 575 1939 621 1966; x_wconf 77' lang='grc' dir='ltr'>τοῦ</span> <span class='ocrx_word' id='word_1_546' title='bbox 634 1940 753 1974; x_wconf 82' lang='grc' dir='ltr'>ἡνιόχου,</span> <span class='ocrx_word' id='word_1_547' title='bbox 771 1939 818 1965; x_wconf 80' lang='grc' dir='ltr'><strong>καὶ</strong></span> <span class='ocrx_word' id='word_1_548' title='bbox 833 1939 863 1965; x_wconf 82' lang='grc' dir='ltr'><strong>τὸ</strong></span> <span class='ocrx_word' id='word_1_549' title='bbox 877 1939 953 1974; x_wconf 77' lang='grc' dir='ltr'>βέλος</span> 
     </span>
    </p>
   </div>
   <div class='ocr_carea' id='block_1_72' title="bbox 167 1984 954 2020">
    <p class='ocr_par' dir='ltr' id='par_1_72' title="bbox 167 1984 954 2020">
     <span class='ocr_line' id='line_1_72' title="bbox 167 1984 954 2020; baseline 0 -9"><span class='ocrx_word' id='word_1_550' title='bbox 167 1984 214 2011; x_wconf 81' lang='grc' dir='ltr'>τοῦ</span> <span class='ocrx_word' id='word_1_551' title='bbox 227 1984 348 2017; x_wconf 78' lang='grc' dir='ltr'>τοξότου,</span> <span class='ocrx_word' id='word_1_552' title='bbox 366 1985 414 2011; x_wconf 80' lang='grc' dir='ltr'>καὶ</span> <span class='ocrx_word' id='word_1_553' title='bbox 433 1986 479 2012; x_wconf 83' lang='grc' dir='ltr'><strong>τδν</strong></span> <span class='ocrx_word' id='word_1_554' title='bbox 504 1985 628 2020; x_wconf 84' lang='grc' dir='ltr'>μαθητὴν</span> <span class='ocrx_word' id='word_1_555' title='bbox 651 1985 698 2011; x_wconf 86' lang='grc' dir='ltr'>τοῦ</span> <span class='ocrx_word' id='word_1_556' title='bbox 715 1985 889 2017; x_wconf 82' lang='grc' dir='ltr'>διδασκάλου,</span> <span class='ocrx_word' id='word_1_557' title='bbox 907 1985 954 2011; x_wconf 76' lang='grc' dir='ltr'><strong>καὶ</strong></span> 
     </span>
    </p>
   </div>
   <div class='ocr_carea' id='block_1_73' title="bbox 167 2030 949 2066">
    <p class='ocr_par' dir='ltr' id='par_1_73' title="bbox 167 2030 949 2066">
     <span class='ocr_line' id='line_1_73' title="bbox 167 2030 949 2066; baseline 0 -9"><span class='ocrx_word' id='word_1_558' title='bbox 167 2031 250 2063; x_wconf 86' lang='grc' dir='ltr'>πόδας</span> <span class='ocrx_word' id='word_1_559' title='bbox 273 2032 319 2057; x_wconf 77' lang='grc' dir='ltr'><strong>ἐπὶ</strong></span> <span class='ocrx_word' id='word_1_560' title='bbox 338 2030 471 2066; x_wconf 80' lang='grc' dir='ltr'>κεφαλὴν,</span> <span class='ocrx_word' id='word_1_561' title='bbox 483 2031 512 2058; x_wconf 69' lang='grc' dir='ltr'>τὸ</span> <span class='ocrx_word' id='word_1_562' title='bbox 527 2031 559 2065; x_wconf 85' lang='grc' dir='ltr'>δὴ</span> <span class='ocrx_word' id='word_1_563' title='bbox 572 2031 728 2066; x_wconf 76' lang='grc' dir='ltr'>λεγόμενον,</span> <span class='ocrx_word' id='word_1_564' title='bbox 743 2031 932 2066; x_wconf 81' lang='grc' dir='ltr'>ἀνατρέψομεν</span> <span class='ocrx_word' id='word_1_565' title='bbox 942 2039 949 2047; x_wconf 75' lang='grc' dir='ltr'><strong>ο</strong></span> 
     </span>
    </p>
   </div>
   <div class='ocr_carea' id='block_1_74' title="bbox 167 2076 954 2111">
    <p class='ocr_par' dir='ltr' id='par_1_74' title="bbox 167 2076 954 2111">
     <span class='ocr_line' id='line_1_74' title="bbox 167 2076 954 2111; baseline -0.001 -8"><span class='ocrx_word' id='word_1_566' title='bbox 167 2076 254 2108; x_wconf 71' lang='grc' dir='ltr'>ἄλλως</span> <span class='ocrx_word' id='word_1_567' title='bbox 269 2076 298 2102; x_wconf 78' lang='grc' dir='ltr'>δὲ</span> <span class='ocrx_word' id='word_1_568' title='bbox 318 2076 413 2103; x_wconf 79' lang='grc' dir='ltr'>πάλιν·</span> <span class='ocrx_word' id='word_1_569' title='bbox 433 2077 463 2102; x_wconf 85' lang='lat' dir='ltr'><strong>El</strong></span> <span class='ocrx_word' id='word_1_570' title='bbox 485 2076 546 2103; x_wconf 83' lang='grc' dir='ltr'>καθ’</span> <span class='ocrx_word' id='word_1_571' title='bbox 564 2077 636 2111; x_wconf 79' lang='grc' dir='ltr'>ὑμᾶς</span> <span class='ocrx_word' id='word_1_572' title='bbox 663 2077 718 2103; x_wconf 78' lang='grc' dir='ltr'>ἴσον</span> <span class='ocrx_word' id='word_1_573' title='bbox 739 2076 819 2103; x_wconf 80' lang='grc' dir='ltr'>αὐτὸν</span> <span class='ocrx_word' id='word_1_574' title='bbox 849 2077 954 2107; x_wconf 79' lang='grc' dir='ltr'>ἑαυτοῖς</span> 
     </span>
    </p>
   </div>
   <div class='ocr_carea' id='block_1_75' title="bbox 166 2122 954 2157">
    <p class='ocr_par' dir='ltr' id='par_1_75' title="bbox 166 2122 954 2157">
     <span class='ocr_line' id='line_1_75' title="bbox 166 2122 954 2157; baseline 0.001 -9"><span class='ocrx_word' id='word_1_575' title='bbox 166 2123 191 2148; x_wconf 79' lang='grc' dir='ltr'>οὶ</span> <span class='ocrx_word' id='word_1_576' title='bbox 209 2122 353 2149; x_wconf 80' lang='grc' dir='ltr'>ἀπόστολοι</span> <span class='ocrx_word' id='word_1_577' title='bbox 376 2122 459 2148; x_wconf 81' lang='grc' dir='ltr'>αὑτοῦ</span> <span class='ocrx_word' id='word_1_578' title='bbox 484 2123 571 2157; x_wconf 83' lang='grc' dir='ltr'>γήϊνοι</span> <span class='ocrx_word' id='word_1_579' title='bbox 592 2122 667 2154; x_wconf 73' lang='grc' dir='ltr'>ὄντες</span> <span class='ocrx_word' id='word_1_580' title='bbox 682 2122 885 2157; x_wconf 71' lang='grc' dir='ltr'>διεγνώκεισαν,</span> <span class='ocrx_word' id='word_1_581' title='bbox 907 2123 954 2149; x_wconf 69' lang='grc' dir='ltr'>καὶ</span> 
     </span>
    </p>
   </div>
   <div class='ocr_carea' id='block_1_76' title="bbox 168 2167 954 2204">
    <p class='ocr_par' dir='ltr' id='par_1_76' title="bbox 168 2167 954 2204">
     <span class='ocr_line' id='line_1_76' title="bbox 168 2167 954 2204; baseline 0.001 -11"><span class='ocrx_word' id='word_1_582' title='bbox 168 2168 249 2198; x_wconf 67' lang='grc' dir='ltr'>αὐτὸς</span> <span class='ocrx_word' id='word_1_583' title='bbox 275 2168 289 2193; x_wconf 85' lang='grc' dir='ltr'><strong>ό</strong></span> <span class='ocrx_word' id='word_1_584' title='bbox 318 2167 420 2194; x_wconf 83' lang='grc' dir='ltr'>τούτων</span> <span class='ocrx_word' id='word_1_585' title='bbox 446 2168 493 2195; x_wconf 78' lang='grc' dir='ltr'>καὶ</span> <span class='ocrx_word' id='word_1_586' title='bbox 528 2168 606 2204; x_wconf 83' lang='grc' dir='ltr'>ήμῶν</span> <span class='ocrx_word' id='word_1_587' title='bbox 635 2168 761 2203; x_wconf 67' lang='grc' dir='ltr'>Κύριος,</span> <span class='ocrx_word' id='word_1_588' title='bbox 798 2168 856 2200; x_wconf 81' lang='grc' dir='ltr'>πῶς</span> <span class='ocrx_word' id='word_1_589' title='bbox 886 2168 954 2203; x_wconf 79' lang='grc' dir='ltr'>μηδὲ</span> 
     </span>
    </p>
   </div>
   <div class='ocr_carea' id='block_1_77' title="bbox 168 2214 990 2259">
    <p class='ocr_par' dir='ltr' id='par_1_77' title="bbox 168 2214 990 2259">
     <span class='ocr_line' id='line_1_77' title="bbox 168 2214 990 2259; baseline 0.001 -20"><span class='ocrx_word' id='word_1_590' title='bbox 168 2214 274 2248; x_wconf 80' lang='grc' dir='ltr'>πατέρα</span> <span class='ocrx_word' id='word_1_591' title='bbox 319 2215 386 2249; x_wconf 85' lang='grc' dir='ltr'>μηδὲ</span> <span class='ocrx_word' id='word_1_592' title='bbox 421 2214 504 2250; x_wconf 77' lang='grc' dir='ltr'>ραὃὸὶ</span> <span class='ocrx_word' id='word_1_593' title='bbox 533 2214 602 2249; x_wconf 86' lang='grc' dir='ltr'>μηδὲ</span> <span class='ocrx_word' id='word_1_594' title='bbox 639 2214 733 2250; x_wconf 85' lang='grc' dir='ltr'>κύριον</span> <span class='ocrx_word' id='word_1_595' title='bbox 771 2215 787 2250; x_wconf 77' lang='grc' dir='ltr'>ἢ</span> <span class='ocrx_word' id='word_1_596' title='bbox 829 2214 952 2249; x_wconf 82' lang='grc' dir='ltr'>καθηγη-</span> <span class='ocrx_word' id='word_1_597' title='bbox 968 2233 990 2259; x_wconf 74' lang='lat' dir='ltr'><strong>D</strong></span> 
     </span>
    </p>
   </div>
   <div class='ocr_carea' id='block_1_78' title="bbox 166 2259 949 2295">
    <p class='ocr_par' dir='ltr' id='par_1_78' title="bbox 166 2259 949 2295">
     <span class='ocr_line' id='line_1_78' title="bbox 166 2259 949 2295; baseline 0.003 -11"><span class='ocrx_word' id='word_1_598' title='bbox 166 2259 216 2295; x_wconf 74' lang='grc' dir='ltr'>τὴν</span> <span class='ocrx_word' id='word_1_599' title='bbox 240 2259 334 2286; x_wconf 84' lang='grc' dir='ltr'>καλεῖν</span> <span class='ocrx_word' id='word_1_600' title='bbox 363 2268 424 2286; x_wconf 89' lang='grc' dir='ltr'>τινα</span> <span class='ocrx_word' id='word_1_601' title='bbox 453 2259 508 2287; x_wconf 86' lang='grc' dir='ltr'><strong>τῶν</strong></span> <span class='ocrx_word' id='word_1_602' title='bbox 545 2260 592 2286; x_wconf 76' lang='grc' dir='ltr'><strong>ἐπὶ</strong></span> <span class='ocrx_word' id='word_1_603' title='bbox 617 2260 669 2295; x_wconf 87' lang='grc' dir='ltr'><strong>γῆς</strong></span> <span class='ocrx_word' id='word_1_604' title='bbox 699 2260 949 2295; x_wconf 79' lang='grc' dir='ltr'>προσταττομένου,</span> 
     </span>
    </p>
   </div>
   <div class='ocr_carea' id='block_1_79' title="bbox 167 2305 950 2340">
    <p class='ocr_par' dir='ltr' id='par_1_79' title="bbox 167 2305 950 2340">
     <span class='ocr_line' id='line_1_79' title="bbox 167 2305 950 2340; baseline 0 -9"><span class='ocrx_word' id='word_1_605' title='bbox 167 2305 269 2340; x_wconf 82' lang='grc' dir='ltr'>Κύριον</span> <span class='ocrx_word' id='word_1_606' title='bbox 297 2305 378 2332; x_wconf 79' lang='grc' dir='ltr'>αὐτὸν</span> <span class='ocrx_word' id='word_1_607' title='bbox 405 2306 453 2332; x_wconf 79' lang='grc' dir='ltr'>καὶ</span> <span class='ocrx_word' id='word_1_608' title='bbox 483 2306 550 2332; x_wconf 76' lang='grc' dir='ltr'>Θεὸν</span> <span class='ocrx_word' id='word_1_609' title='bbox 571 2305 685 2333; x_wconf 71' lang='grc' dir='ltr'>ἐκάλουν</span> <span class='ocrx_word' id='word_1_610' title='bbox 710 2307 758 2333; x_wconf 86' lang='grc' dir='ltr'><strong>καὶ</strong></span> <span class='ocrx_word' id='word_1_611' title='bbox 774 2306 950 2339; x_wconf 79' lang='grc' dir='ltr'>διδάσκαλον;</span> 
     </span>
    </p>
   </div>
   <div class='ocr_carea' id='block_1_80' title="bbox 173 2351 952 2388">
    <p class='ocr_par' dir='ltr' id='par_1_80' title="bbox 173 2351 952 2388">
     <span class='ocr_line' id='line_1_80' title="bbox 173 2351 952 2388; baseline 0 -10"><span class='ocrx_word' id='word_1_612' title='bbox 173 2351 254 2378; x_wconf 80' lang='grc' dir='ltr'>Ἀλλὰ</span> <span class='ocrx_word' id='word_1_613' title='bbox 270 2351 340 2378; x_wconf 84' lang='grc' dir='ltr'><strong>καὶὸ</strong></span> <span class='ocrx_word' id='word_1_614' title='bbox 350 2351 437 2379; x_wconf 70' lang='grc' dir='ltr'>ταῦτα</span> <span class='ocrx_word' id='word_1_615' title='bbox 448 2352 538 2383; x_wconf 82' lang='grc' dir='ltr'>αὐτοῖς</span> <span class='ocrx_word' id='word_1_616' title='bbox 555 2351 720 2388; x_wconf 78' lang='grc' dir='ltr'>προστάξας,</span> <span class='ocrx_word' id='word_1_617' title='bbox 733 2352 770 2384; x_wconf 83' lang='grc' dir='ltr'>ὡς</span> <span class='ocrx_word' id='word_1_618' title='bbox 781 2352 871 2383; x_wconf 79' lang='grc' dir='ltr'>καλῶς</span> <span class='ocrx_word' id='word_1_619' title='bbox 886 2352 952 2388; x_wconf 86' lang='grc' dir='ltr'>παρ’</span> 
     </span>
    </p>
   </div>
   <div class='ocr_carea' id='block_1_81' title="bbox 167 2396 949 2433">
    <p class='ocr_par' dir='ltr' id='par_1_81' title="bbox 167 2396 949 2433">
     <span class='ocr_line' id='line_1_81' title="bbox 167 2396 949 2433; baseline 0.004 -11"><span class='ocrx_word' id='word_1_620' title='bbox 167 2396 257 2423; x_wconf 76' lang='grc' dir='ltr'>αὐτῶν</span> <span class='ocrx_word' id='word_1_621' title='bbox 285 2397 348 2423; x_wconf 79' lang='grc' dir='ltr'>τάδε</span> <span class='ocrx_word' id='word_1_622' title='bbox 387 2397 522 2432; x_wconf 84' lang='grc' dir='ltr'>λεγόμενα</span> <span class='ocrx_word' id='word_1_623' title='bbox 554 2398 628 2433; x_wconf 80' lang='grc' dir='ltr'>αὐτῷ</span> <span class='ocrx_word' id='word_1_624' title='bbox 657 2398 821 2433; x_wconf 84' lang='grc' dir='ltr'>ἀπεδέχετο,</span> <span class='ocrx_word' id='word_1_625' title='bbox 847 2398 949 2425; x_wconf 86' lang='grc' dir='ltr'>είπών·</span> 
     </span>
    </p>
   </div>
   <div class='ocr_carea' id='block_1_82' title="bbox 174 2440 950 2476">
    <p class='ocr_par' dir='ltr' id='par_1_82' title="bbox 174 2440 950 2476">
     <span class='ocr_line' id='line_1_82' title="bbox 174 2440 950 2476; baseline 0.003 -9"><span class='ocrx_word' id='word_1_626' title='bbox 174 2440 267 2475; x_wconf 84' lang='grc' dir='ltr'>Ὑμεῖς</span> <span class='ocrx_word' id='word_1_627' title='bbox 283 2441 406 2474; x_wconf 71' lang='grc' dir='ltr'><strong>φωνεῖτέ</strong></span> <span class='ocrx_word' id='word_1_628' title='bbox 422 2450 471 2476; x_wconf 83' lang='grc' dir='ltr'><strong>με,</strong></span> <span class='ocrx_word' id='word_1_629' title='bbox 496 2443 512 2468; x_wconf 83' lang='lat' dir='ltr'><strong>d</strong></span> <span class='ocrx_word' id='word_1_630' title='bbox 534 2443 640 2476; x_wconf 79' lang='grc' dir='ltr'>Κύριος</span> <span class='ocrx_word' id='word_1_631' title='bbox 654 2443 702 2469; x_wconf 79' lang='grc' dir='ltr'>καὶ</span> <span class='ocrx_word' id='word_1_632' title='bbox 721 2444 737 2470; x_wconf 84' lang='grc' dir='ltr'><em>ὀ</em></span> <span class='ocrx_word' id='word_1_633' title='bbox 753 2442 950 2476; x_wconf 77' lang='grc' dir='ltr'>διδάσκαλος,</span> 
     </span>
    </p>
   </div>
   <div class='ocr_carea' id='block_1_83' title="bbox 166 2486 951 2522">
    <p class='ocr_par' dir='ltr' id='par_1_83' title="bbox 166 2486 951 2522">
     <span class='ocr_line' id='line_1_83' title="bbox 166 2486 951 2522; baseline 0.001 -10"><span class='ocrx_word' id='word_1_634' title='bbox 166 2486 216 2513; x_wconf 79' lang='grc' dir='ltr'><strong>καὶ</strong></span> <span class='ocrx_word' id='word_1_635' title='bbox 230 2486 329 2519; x_wconf 77' lang='grc' dir='ltr'>καλῶς</span> <span class='ocrx_word' id='word_1_636' title='bbox 347 2486 466 2520; x_wconf 71' lang='grc' dir='ltr'>λέγετε·</span> <span class='ocrx_word' id='word_1_637' title='bbox 491 2487 549 2520; x_wconf 77' lang='grc' dir='ltr'><strong>είμί</strong></span> <span class='ocrx_word' id='word_1_638' title='bbox 566 2488 620 2522; x_wconf 75' lang='grc' dir='ltr'>γάρ</span> <span class='ocrx_word' id='word_1_639' title='bbox 634 2495 640 2502; x_wconf 90' lang='grc'><strong>·</strong></span> <span class='ocrx_word' id='word_1_640' title='bbox 661 2487 759 2514; x_wconf 74' lang='grc' dir='ltr'>οὐκοῦν</span> <span class='ocrx_word' id='word_1_641' title='bbox 776 2488 860 2521; x_wconf 65' lang='grc' dir='ltr'>σαφὲς</span> <span class='ocrx_word' id='word_1_642' title='bbox 875 2487 912 2519; x_wconf 76' lang='grc' dir='ltr'>ὡς</span> <span class='ocrx_word' id='word_1_643' title='bbox 928 2488 951 2513; x_wconf 86' lang='grc' dir='ltr'><strong>εί</strong></span> 
     </span>
    </p>
   </div>
   <div class='ocr_carea' id='block_1_84' title="bbox 1002 1619 1792 1654">
    <p class='ocr_par' dir='ltr' id='par_1_84' title="bbox 1002 1619 1792 1654">
     <span class='ocr_line' id='line_1_84' title="bbox 1002 1619 1792 1654; baseline 0.001 -9"><span class='ocrx_word' id='word_1_644' title='bbox 1002 1619 1145 1646; x_wconf 87' lang='lat' dir='ltr'><strong>seremus?</strong></span> <span class='ocrx_word' id='word_1_645' title='bbox 1158 1619 1253 1646; x_wconf 86' lang='lat' dir='ltr'><strong>Nonne</strong></span> <span class='ocrx_word' id='word_1_646' title='bbox 1266 1627 1328 1646; x_wconf 90' lang='lat' dir='ltr'><strong>vere</strong></span> <span class='ocrx_word' id='word_1_647' title='bbox 1341 1619 1571 1647; x_wconf 79' lang='lat' dir='ltr'><strong>Considerandum</strong></span> <span class='ocrx_word' id='word_1_648' title='bbox 1587 1619 1621 1647; x_wconf 93' lang='lat' dir='ltr'><strong>iis</strong></span> <span class='ocrx_word' id='word_1_649' title='bbox 1631 1620 1678 1654; x_wconf 92' lang='lat' dir='ltr'><strong>qui</strong></span> <span class='ocrx_word' id='word_1_650' title='bbox 1694 1619 1726 1646; x_wconf 86' lang='lat' dir='ltr'><strong>de</strong></span> <span class='ocrx_word' id='word_1_651' title='bbox 1739 1619 1792 1647; x_wconf 90' lang='lat' dir='ltr'><strong>hoc</strong></span> 
     </span>
    </p>
   </div>
   <div class='ocr_carea' id='block_1_85' title="bbox 999 1664 1790 1700">
    <p class='ocr_par' dir='ltr' id='par_1_85' title="bbox 999 1664 1790 1700">
     <span class='ocr_line' id='line_1_85' title="bbox 999 1664 1790 1700; baseline 0.001 -9"><span class='ocrx_word' id='word_1_652' title='bbox 999 1664 1125 1699; x_wconf 84' lang='lat' dir='ltr'><strong>judicare</strong></span> <span class='ocrx_word' id='word_1_653' title='bbox 1140 1665 1256 1697; x_wconf 86' lang='lat' dir='ltr'><strong>volunt,</strong></span> <span class='ocrx_word' id='word_1_654' title='bbox 1270 1665 1342 1692; x_wconf 92' lang='lat' dir='ltr'><strong>unde</strong></span> <span class='ocrx_word' id='word_1_655' title='bbox 1359 1665 1425 1692; x_wconf 82' lang='lat' dir='ltr'><strong>facti</strong></span> <span class='ocrx_word' id='word_1_656' title='bbox 1442 1665 1610 1700; x_wconf 84' lang='lat' dir='ltr'><strong>principium</strong></span> <span class='ocrx_word' id='word_1_657' title='bbox 1623 1685 1630 1697; x_wconf 99' lang='lat'><strong>,</strong></span> <span class='ocrx_word' id='word_1_658' title='bbox 1646 1666 1790 1700; x_wconf 88' lang='lat' dir='ltr'><strong>cujusnam</strong></span> 
     </span>
    </p>
   </div>
   <div class='ocr_carea' id='block_1_86' title="bbox 1003 1701 1792 1745">
    <p class='ocr_par' dir='ltr' id='par_1_86' title="bbox 1003 1701 1792 1745">
     <span class='ocr_line' id='line_1_86' title="bbox 1003 1701 1792 1745; baseline 0.003 -9"><span class='ocrx_word' id='word_1_659' title='bbox 1003 1710 1133 1744; x_wconf 63' lang='lat' dir='ltr'><strong>potentiae</strong></span> <span class='ocrx_word' id='word_1_660' title='bbox 1150 1711 1175 1736; x_wconf 93' lang='lat' dir='ltr'><strong>vi</strong></span> <span class='ocrx_word' id='word_1_661' title='bbox 1191 1715 1299 1743; x_wconf 85' lang='lat' dir='ltr'><strong>ortum,</strong></span> <span class='ocrx_word' id='word_1_662' title='bbox 1324 1710 1387 1745; x_wconf 86' lang='lat' dir='ltr'><strong>quis</strong></span> <span class='ocrx_word' id='word_1_663' title='bbox 1402 1701 1499 1737; x_wconf 71' lang='lat' dir='ltr'><strong>horum</strong></span> <span class='ocrx_word' id='word_1_664' title='bbox 1519 1711 1624 1744; x_wconf 81' lang='lat' dir='ltr'><strong>primus</strong></span> <span class='ocrx_word' id='word_1_665' title='bbox 1648 1719 1730 1738; x_wconf 87' lang='lat' dir='ltr'><strong>causa</strong></span> <span class='ocrx_word' id='word_1_666' title='bbox 1752 1710 1792 1738; x_wconf 77' lang='lat' dir='ltr'><strong>ef-</strong></span> 
     </span>
    </p>
   </div>
   <div class='ocr_carea' id='block_1_87' title="bbox 1003 1755 1792 1788">
    <p class='ocr_par' dir='ltr' id='par_1_87' title="bbox 1003 1755 1792 1788">
     <span class='ocr_line' id='line_1_87' title="bbox 1003 1755 1792 1788; baseline 0.003 -6"><span class='ocrx_word' id='word_1_667' title='bbox 1003 1755 1120 1782; x_wconf 84' lang='lat' dir='ltr'><strong>ﬁciens?</strong></span> <span class='ocrx_word' id='word_1_668' title='bbox 1133 1756 1189 1782; x_wconf 86' lang='lat' dir='ltr'><strong>Nisi</strong></span> <span class='ocrx_word' id='word_1_669' title='bbox 1204 1757 1306 1783; x_wconf 89' lang='lat' dir='ltr'><strong>etenim</strong></span> <span class='ocrx_word' id='word_1_670' title='bbox 1321 1756 1353 1782; x_wconf 90' lang='lat' dir='ltr'><strong>ad</strong></span> <span class='ocrx_word' id='word_1_671' title='bbox 1371 1756 1428 1783; x_wconf 83' lang='lat' dir='ltr'><strong>haec</strong></span> <span class='ocrx_word' id='word_1_672' title='bbox 1438 1757 1622 1788; x_wconf 88' lang='lat' dir='ltr'><strong>attendamus,</strong></span> <span class='ocrx_word' id='word_1_673' title='bbox 1635 1756 1792 1784; x_wconf 76' lang='lat' dir='ltr'><strong>diceremus</strong></span> 
     </span>
    </p>
   </div>
   <div class='ocr_carea' id='block_1_88' title="bbox 1002 1799 1793 1836">
    <p class='ocr_par' dir='ltr' id='par_1_88' title="bbox 1002 1799 1793 1836">
     <span class='ocr_line' id='line_1_88' title="bbox 1002 1799 1793 1836; baseline 0.003 -10"><span class='ocrx_word' id='word_1_674' title='bbox 1002 1799 1117 1835; x_wconf 80' lang='lat' dir='ltr'><strong>ﬂagrum</strong></span> <span class='ocrx_word' id='word_1_675' title='bbox 1134 1800 1228 1835; x_wconf 80' lang='lat' dir='ltr'><strong>auriga</strong></span> <span class='ocrx_word' id='word_1_676' title='bbox 1246 1806 1388 1835; x_wconf 59' lang='lat' dir='ltr'><strong>praestare,</strong></span> <span class='ocrx_word' id='word_1_677' title='bbox 1401 1801 1526 1836; x_wconf 82' lang='lat' dir='ltr'><strong>sagittam</strong></span> <span class='ocrx_word' id='word_1_678' title='bbox 1542 1802 1694 1836; x_wconf 76' lang='lat' dir='ltr'><strong>sagittario,</strong></span> <span class='ocrx_word' id='word_1_679' title='bbox 1708 1802 1793 1830; x_wconf 86' lang='lat' dir='ltr'><strong>disci-</strong></span> 
     </span>
    </p>
   </div>
   <div class='ocr_carea' id='block_1_89' title="bbox 1003 1845 1792 1881">
    <p class='ocr_par' dir='ltr' id='par_1_89' title="bbox 1003 1845 1792 1881">
     <span class='ocr_line' id='line_1_89' title="bbox 1003 1845 1792 1881; baseline 0.004 -11"><span class='ocrx_word' id='word_1_680' title='bbox 1003 1845 1098 1878; x_wconf 90' lang='lat' dir='ltr'><strong>pulum</strong></span> <span class='ocrx_word' id='word_1_681' title='bbox 1120 1845 1252 1879; x_wconf 82' lang='lat' dir='ltr'><strong>magistro</strong></span> <span class='ocrx_word' id='word_1_682' title='bbox 1266 1851 1304 1878; x_wconf 87' lang='lat' dir='ltr'><strong>et,</strong></span> <span class='ocrx_word' id='word_1_683' title='bbox 1320 1850 1350 1872; x_wconf 93' lang='lat' dir='ltr'><strong>ut</strong></span> <span class='ocrx_word' id='word_1_684' title='bbox 1365 1845 1401 1872; x_wconf 91' lang='lat' dir='ltr'><strong>ita</strong></span> <span class='ocrx_word' id='word_1_685' title='bbox 1417 1846 1506 1873; x_wconf 86' lang='lat' dir='ltr'><strong>dicam</strong></span> <span class='ocrx_word' id='word_1_686' title='bbox 1519 1866 1525 1878; x_wconf 92' lang='lat'><strong>,</strong></span> <span class='ocrx_word' id='word_1_687' title='bbox 1542 1847 1626 1881; x_wconf 87' lang='lat' dir='ltr'><strong>capiti</strong></span> <span class='ocrx_word' id='word_1_688' title='bbox 1645 1846 1729 1880; x_wconf 86' lang='lat' dir='ltr'><strong>pedes</strong></span> <span class='ocrx_word' id='word_1_689' title='bbox 1743 1854 1792 1873; x_wconf 85' lang='lat' dir='ltr'><strong>an-</strong></span> 
     </span>
    </p>
   </div>
   <div class='ocr_carea' id='block_1_90' title="bbox 1003 1891 1791 1926">
    <p class='ocr_par' dir='ltr' id='par_1_90' title="bbox 1003 1891 1791 1926">
     <span class='ocr_line' id='line_1_90' title="bbox 1003 1891 1791 1926; baseline 0.003 -9"><span class='ocrx_word' id='word_1_690' title='bbox 1003 1895 1149 1918; x_wconf 83' lang='lat' dir='ltr'><strong>tevertere.</strong></span> <span class='ocrx_word' id='word_1_691' title='bbox 1169 1891 1248 1918; x_wconf 91' lang='lat' dir='ltr'><strong>Nunc</strong></span> <span class='ocrx_word' id='word_1_692' title='bbox 1274 1897 1366 1918; x_wconf 88' lang='lat' dir='ltr'><strong>autem</strong></span> <span class='ocrx_word' id='word_1_693' title='bbox 1393 1892 1494 1919; x_wconf 89' lang='lat' dir='ltr'><strong>aliter:</strong></span> <span class='ocrx_word' id='word_1_694' title='bbox 1511 1892 1544 1924; x_wconf 88' lang='lat' dir='ltr'><strong>si,</strong></span> <span class='ocrx_word' id='word_1_695' title='bbox 1567 1896 1597 1919; x_wconf 89' lang='lat' dir='ltr'><strong>ut</strong></span> <span class='ocrx_word' id='word_1_696' title='bbox 1616 1892 1791 1926; x_wconf 80' lang='lat' dir='ltr'><strong>existimatis,</strong></span> 
     </span>
    </p>
   </div>
   <div class='ocr_carea' id='block_1_91' title="bbox 1003 1937 1791 1974">
    <p class='ocr_par' dir='ltr' id='par_1_91' title="bbox 1003 1937 1791 1974">
     <span class='ocr_line' id='line_1_91' title="bbox 1003 1937 1791 1974; baseline 0.003 -11"><span class='ocrx_word' id='word_1_697' title='bbox 1003 1937 1064 1971; x_wconf 90' lang='lat' dir='ltr'><strong>ejus</strong></span> <span class='ocrx_word' id='word_1_698' title='bbox 1078 1937 1227 1971; x_wconf 76' lang='lat' dir='ltr'><strong>discipuli,</strong></span> <span class='ocrx_word' id='word_1_699' title='bbox 1241 1938 1288 1972; x_wconf 91' lang='lat' dir='ltr'><strong>qui</strong></span> <span class='ocrx_word' id='word_1_700' title='bbox 1305 1946 1337 1965; x_wconf 81' lang='lat' dir='ltr'><strong>ex</strong></span> <span class='ocrx_word' id='word_1_701' title='bbox 1354 1941 1427 1965; x_wconf 85' lang='lat' dir='ltr'><strong>terra</strong></span> <span class='ocrx_word' id='word_1_702' title='bbox 1440 1942 1518 1965; x_wconf 87' lang='lat' dir='ltr'><strong>erant</strong></span> <span class='ocrx_word' id='word_1_703' title='bbox 1532 1958 1539 1970; x_wconf 88' lang='lat'><strong>,</strong></span> <span class='ocrx_word' id='word_1_704' title='bbox 1553 1946 1616 1965; x_wconf 90' lang='lat' dir='ltr'><strong>eum</strong></span> <span class='ocrx_word' id='word_1_705' title='bbox 1631 1939 1682 1965; x_wconf 90' lang='lat' dir='ltr'><strong>sibi</strong></span> <span class='ocrx_word' id='word_1_706' title='bbox 1697 1947 1791 1974; x_wconf 53' lang='lat' dir='ltr'><strong>mqua—</strong></span> 
     </span>
    </p>
   </div>
   <div class='ocr_carea' id='block_1_92' title="bbox 1003 1983 1793 2018">
    <p class='ocr_par' dir='ltr' id='par_1_92' title="bbox 1003 1983 1793 2018">
     <span class='ocr_line' id='line_1_92' title="bbox 1003 1983 1793 2018; baseline 0.004 -9"><span class='ocrx_word' id='word_1_707' title='bbox 1003 1983 1056 2009; x_wconf 91' lang='lat' dir='ltr'><strong>lem</strong></span> <span class='ocrx_word' id='word_1_708' title='bbox 1074 1983 1244 2016; x_wconf 87' lang='lat' dir='ltr'><strong>habuissent,</strong></span> <span class='ocrx_word' id='word_1_709' title='bbox 1258 1991 1343 2018; x_wconf 88' lang='lat' dir='ltr'><strong>quare</strong></span> <span class='ocrx_word' id='word_1_710' title='bbox 1361 1992 1423 2011; x_wconf 82' lang='lat' dir='ltr'><strong>cuni</strong></span> <span class='ocrx_word' id='word_1_711' title='bbox 1439 1992 1534 2011; x_wconf 86' lang='lat' dir='ltr'><strong>eorum</strong></span> <span class='ocrx_word' id='word_1_712' title='bbox 1549 1989 1576 2012; x_wconf 90' lang='lat' dir='ltr'><strong>et</strong></span> <span class='ocrx_word' id='word_1_713' title='bbox 1588 1989 1682 2012; x_wconf 87' lang='lat' dir='ltr'><strong>noster</strong></span> <span class='ocrx_word' id='word_1_714' title='bbox 1700 1985 1793 2012; x_wconf 91' lang='lat' dir='ltr'><strong>Domi-</strong></span> 
     </span>
    </p>
   </div>
   <div class='ocr_carea' id='block_1_93' title="bbox 1003 2029 1790 2064">
    <p class='ocr_par' dir='ltr' id='par_1_93' title="bbox 1003 2029 1790 2064">
     <span class='ocr_line' id='line_1_93' title="bbox 1003 2029 1790 2064; baseline 0.003 -9"><span class='ocrx_word' id='word_1_715' title='bbox 1003 2036 1055 2055; x_wconf 84' lang='lat' dir='ltr'><strong>nus</strong></span> <span class='ocrx_word' id='word_1_716' title='bbox 1078 2029 1211 2056; x_wconf 86' lang='lat' dir='ltr'><strong>vetuisset</strong></span> <span class='ocrx_word' id='word_1_717' title='bbox 1227 2037 1262 2056; x_wconf 94' lang='lat' dir='ltr'><strong>ne</strong></span> <span class='ocrx_word' id='word_1_718' title='bbox 1277 2037 1358 2064; x_wconf 89' lang='lat' dir='ltr'><strong>quem</strong></span> <span class='ocrx_word' id='word_1_719' title='bbox 1375 2030 1403 2056; x_wconf 95' lang='lat' dir='ltr'><strong>in</strong></span> <span class='ocrx_word' id='word_1_720' title='bbox 1419 2030 1501 2057; x_wconf 90' lang='lat' dir='ltr'><strong>terris</strong></span> <span class='ocrx_word' id='word_1_721' title='bbox 1518 2034 1651 2057; x_wconf 84' lang='lat' dir='ltr'><strong>vocarent</strong></span> <span class='ocrx_word' id='word_1_722' title='bbox 1668 2035 1715 2058; x_wconf 85' lang='lat' dir='ltr'><strong>aut</strong></span> <span class='ocrx_word' id='word_1_723' title='bbox 1740 2038 1790 2064; x_wconf 87' lang='lat' dir='ltr'><strong>pa-</strong></span> 
     </span>
    </p>
   </div>
   <div class='ocr_carea' id='block_1_94' title="bbox 1004 2073 1791 2110">
    <p class='ocr_par' dir='ltr' id='par_1_94' title="bbox 1004 2073 1791 2110">
     <span class='ocr_line' id='line_1_94' title="bbox 1004 2073 1791 2110; baseline 0.001 -8"><span class='ocrx_word' id='word_1_724' title='bbox 1004 2079 1084 2108; x_wconf 90' lang='lat' dir='ltr'><strong>trem,</strong></span> <span class='ocrx_word' id='word_1_725' title='bbox 1099 2073 1146 2102; x_wconf 84' lang='lat' dir='ltr'><strong>aut</strong></span> <span class='ocrx_word' id='word_1_726' title='bbox 1163 2076 1334 2110; x_wconf 80' lang='lat' dir='ltr'><strong>magistrum,</strong></span> <span class='ocrx_word' id='word_1_727' title='bbox 1350 2081 1397 2103; x_wconf 87' lang='lat' dir='ltr'><strong>aut</strong></span> <span class='ocrx_word' id='word_1_728' title='bbox 1409 2076 1565 2109; x_wconf 91' lang='lat' dir='ltr'><strong>Dominum,</strong></span> <span class='ocrx_word' id='word_1_729' title='bbox 1582 2081 1629 2103; x_wconf 89' lang='lat' dir='ltr'><strong>aut</strong></span> <span class='ocrx_word' id='word_1_730' title='bbox 1640 2081 1791 2110; x_wconf 71' lang='lat' dir='ltr'><strong>praecepto-</strong></span> 
     </span>
    </p>
   </div>
   <div class='ocr_carea' id='block_1_95' title="bbox 1004 2121 1790 2156">
    <p class='ocr_par' dir='ltr' id='par_1_95' title="bbox 1004 2121 1790 2156">
     <span class='ocr_line' id='line_1_95' title="bbox 1004 2121 1790 2156; baseline 0 -8"><span class='ocrx_word' id='word_1_731' title='bbox 1004 2129 1073 2153; x_wconf 89' lang='lat' dir='ltr'><strong>rem,</strong></span> <span class='ocrx_word' id='word_1_732' title='bbox 1099 2121 1138 2148; x_wconf 92' lang='lat' dir='ltr'><strong>illi</strong></span> <span class='ocrx_word' id='word_1_733' title='bbox 1166 2129 1228 2148; x_wconf 89' lang='lat' dir='ltr'><strong>eum</strong></span> <span class='ocrx_word' id='word_1_734' title='bbox 1245 2122 1334 2156; x_wconf 80' lang='lat' dir='ltr'><strong>ipsum</strong></span> <span class='ocrx_word' id='word_1_735' title='bbox 1345 2122 1490 2154; x_wconf 84' lang='lat' dir='ltr'><strong>vocabant,</strong></span> <span class='ocrx_word' id='word_1_736' title='bbox 1505 2122 1649 2149; x_wconf 91' lang='lat' dir='ltr'><strong>Dominum</strong></span> <span class='ocrx_word' id='word_1_737' title='bbox 1663 2127 1691 2149; x_wconf 90' lang='lat' dir='ltr'><strong>et</strong></span> <span class='ocrx_word' id='word_1_738' title='bbox 1704 2122 1790 2149; x_wconf 89' lang='lat' dir='ltr'><strong>Deum</strong></span> 
     </span>
    </p>
   </div>
   <div class='ocr_carea' id='block_1_96' title="bbox 1003 2167 1789 2203">
    <p class='ocr_par' dir='ltr' id='par_1_96' title="bbox 1003 2167 1789 2203">
     <span class='ocr_line' id='line_1_96' title="bbox 1003 2167 1789 2203; baseline 0.001 -9"><span class='ocrx_word' id='word_1_739' title='bbox 1003 2172 1031 2195; x_wconf 90' lang='lat' dir='ltr'><strong>et</strong></span> <span class='ocrx_word' id='word_1_740' title='bbox 1048 2168 1265 2202; x_wconf 71' lang='lat' dir='ltr'><strong>przeceptorem?</strong></span> <span class='ocrx_word' id='word_1_741' title='bbox 1292 2167 1345 2195; x_wconf 89' lang='lat' dir='ltr'><strong>Sed</strong></span> <span class='ocrx_word' id='word_1_742' title='bbox 1366 2168 1412 2195; x_wconf 90' lang='lat' dir='ltr'><strong>ille</strong></span> <span class='ocrx_word' id='word_1_743' title='bbox 1437 2168 1495 2203; x_wconf 85' lang='lat' dir='ltr'><strong>ipse</strong></span> <span class='ocrx_word' id='word_1_744' title='bbox 1511 2169 1558 2202; x_wconf 88' lang='lat' dir='ltr'><strong>qui</strong></span> <span class='ocrx_word' id='word_1_745' title='bbox 1576 2169 1612 2195; x_wconf 83' lang='lat' dir='ltr'><strong>ita</strong></span> <span class='ocrx_word' id='word_1_746' title='bbox 1630 2168 1670 2195; x_wconf 81' lang='lat' dir='ltr'><strong>eis</strong></span> <span class='ocrx_word' id='word_1_747' title='bbox 1684 2176 1789 2203; x_wconf 57' lang='lat' dir='ltr'><strong>praece-</strong></span> 
     </span>
    </p>
   </div>
   <div class='ocr_carea' id='block_1_97' title="bbox 1004 2213 1790 2247">
    <p class='ocr_par' dir='ltr' id='par_1_97' title="bbox 1004 2213 1790 2247">
     <span class='ocr_line' id='line_1_97' title="bbox 1004 2213 1790 2247; baseline -0.001 -7"><span class='ocrx_word' id='word_1_748' title='bbox 1004 2217 1093 2247; x_wconf 88' lang='lat' dir='ltr'><strong>perat,</strong></span> <span class='ocrx_word' id='word_1_749' title='bbox 1120 2221 1180 2247; x_wconf 60' lang='lat' dir='ltr'><strong>quae</strong></span> <span class='ocrx_word' id='word_1_750' title='bbox 1199 2213 1233 2240; x_wconf 92' lang='lat' dir='ltr'><strong>ab</strong></span> <span class='ocrx_word' id='word_1_751' title='bbox 1252 2213 1293 2240; x_wconf 88' lang='lat' dir='ltr'><strong>eis</strong></span> <span class='ocrx_word' id='word_1_752' title='bbox 1310 2213 1474 2240; x_wconf 85' lang='lat' dir='ltr'><strong>dicebantur</strong></span> <span class='ocrx_word' id='word_1_753' title='bbox 1492 2218 1521 2241; x_wconf 86' lang='lat' dir='ltr'><strong>ut</strong></span> <span class='ocrx_word' id='word_1_754' title='bbox 1547 2218 1621 2240; x_wconf 86' lang='lat' dir='ltr'><strong>recte</strong></span> <span class='ocrx_word' id='word_1_755' title='bbox 1645 2214 1697 2240; x_wconf 86' lang='lat' dir='ltr'><strong>sibi</strong></span> <span class='ocrx_word' id='word_1_756' title='bbox 1711 2214 1790 2241; x_wconf 81' lang='lat' dir='ltr'><strong>attri-</strong></span> 
     </span>
    </p>
   </div>
   <div class='ocr_carea' id='block_1_98' title="bbox 1004 2257 1790 2292">
    <p class='ocr_par' dir='ltr' id='par_1_98' title="bbox 1004 2257 1790 2292">
     <span class='ocr_line' id='line_1_98' title="bbox 1004 2257 1790 2292; baseline 0 -8"><span class='ocrx_word' id='word_1_757' title='bbox 1004 2257 1070 2284; x_wconf 85' lang='lat' dir='ltr'><strong>bula</strong></span> <span class='ocrx_word' id='word_1_758' title='bbox 1085 2257 1318 2292; x_wconf 81' lang='lat' dir='ltr'><strong>probavitdicens</strong></span> <span class='ocrx_word' id='word_1_759' title='bbox 1333 2267 1339 2285; x_wconf 90' lang='lat'>:</span> <span class='ocrx_word' id='word_1_760' title='bbox 1357 2257 1405 2285; x_wconf 80' lang='lat' dir='ltr'><strong>Vos</strong></span> <span class='ocrx_word' id='word_1_761' title='bbox 1431 2259 1529 2285; x_wconf 80' lang='lat' dir='ltr'><strong>vocatis</strong></span> <span class='ocrx_word' id='word_1_762' title='bbox 1550 2267 1609 2285; x_wconf 83' lang='lat' dir='ltr'><strong>me:</strong></span> <span class='ocrx_word' id='word_1_763' title='bbox 1635 2258 1744 2285; x_wconf 80' lang='lat' dir='ltr'><strong>Domine</strong></span> <span class='ocrx_word' id='word_1_764' title='bbox 1765 2261 1790 2284; x_wconf 75' lang='lat' dir='ltr'><strong>et</strong></span> 
     </span>
    </p>
   </div>
   <div class='ocr_carea' id='block_1_99' title="bbox 1003 2304 1820 2340">
    <p class='ocr_par' dir='ltr' id='par_1_99' title="bbox 1003 2304 1820 2340">
     <span class='ocr_line' id='line_1_99' title="bbox 1003 2304 1820 2340; baseline 0.001 -9"><span class='ocrx_word' id='word_1_765' title='bbox 1003 2304 1139 2340; x_wconf 81' lang='lat' dir='ltr'><strong>Magister,</strong></span> <span class='ocrx_word' id='word_1_766' title='bbox 1155 2309 1178 2330; x_wconf 82' lang='lat' dir='ltr'><strong>et</strong></span> <span class='ocrx_word' id='word_1_767' title='bbox 1190 2304 1252 2331; x_wconf 76' lang='lat' dir='ltr'><strong>bene</strong></span> <span class='ocrx_word' id='word_1_768' title='bbox 1264 2304 1349 2331; x_wconf 76' lang='lat' dir='ltr'><strong>dicitis</strong></span> <span class='ocrx_word' id='word_1_769' title='bbox 1364 2313 1372 2331; x_wconf 86' lang='lat'><strong><em>:</em></strong></span> <span class='ocrx_word' id='word_1_770' title='bbox 1389 2313 1446 2331; x_wconf 83' lang='lat' dir='ltr'><strong>sum</strong></span> <span class='ocrx_word' id='word_1_771' title='bbox 1460 2305 1592 2338; x_wconf 78' lang='lat' dir='ltr'><strong>etenim&quot;;</strong></span> <span class='ocrx_word' id='word_1_772' title='bbox 1611 2304 1683 2332; x_wconf 85' lang='lat' dir='ltr'><strong>unde</strong></span> <span class='ocrx_word' id='word_1_773' title='bbox 1703 2305 1791 2340; x_wconf 82' lang='lat' dir='ltr'><strong>liquet</strong></span> <span class='ocrx_word' id='word_1_774' title='bbox 1818 2332 1820 2339; x_wconf 37' lang='grc' dir='ltr'><strong>ν</strong></span> 
     </span>
    </p>
   </div>
   <div class='ocr_carea' id='block_1_100' title="bbox 1004 2350 1792 2385">
    <p class='ocr_par' dir='ltr' id='par_1_100' title="bbox 1004 2350 1792 2385">
     <span class='ocr_line' id='line_1_100' title="bbox 1004 2350 1792 2385; baseline 0.001 -9"><span class='ocrx_word' id='word_1_775' title='bbox 1004 2351 1027 2377; x_wconf 91' lang='lat' dir='ltr'><strong>si</strong></span> <span class='ocrx_word' id='word_1_776' title='bbox 1040 2350 1141 2377; x_wconf 84' lang='lat' dir='ltr'><strong>similia</strong></span> <span class='ocrx_word' id='word_1_777' title='bbox 1153 2350 1274 2377; x_wconf 87' lang='lat' dir='ltr'><strong>etetiam</strong></span> <span class='ocrx_word' id='word_1_778' title='bbox 1288 2350 1392 2385; x_wconf 83' lang='lat' dir='ltr'><strong>majora</strong></span> <span class='ocrx_word' id='word_1_779' title='bbox 1407 2350 1441 2377; x_wconf 89' lang='lat' dir='ltr'><strong>ab</strong></span> <span class='ocrx_word' id='word_1_780' title='bbox 1457 2350 1489 2377; x_wconf 86' lang='lat' dir='ltr'><strong>iis</strong></span> <span class='ocrx_word' id='word_1_781' title='bbox 1504 2356 1652 2385; x_wconf 82' lang='lat' dir='ltr'><strong>agerentur</strong></span> <span class='ocrx_word' id='word_1_782' title='bbox 1666 2358 1713 2377; x_wconf 88' lang='lat' dir='ltr'><strong>eos</strong></span> <span class='ocrx_word' id='word_1_783' title='bbox 1726 2358 1792 2377; x_wconf 83' lang='lat' dir='ltr'><strong>cun-</strong></span> 
     </span>
    </p>
   </div>
   <div class='ocr_carea' id='block_1_101' title="bbox 1002 2395 1791 2431">
    <p class='ocr_par' dir='ltr' id='par_1_101' title="bbox 1002 2395 1791 2431">
     <span class='ocr_line' id='line_1_101' title="bbox 1002 2395 1791 2431; baseline -0.001 -8"><span class='ocrx_word' id='word_1_784' title='bbox 1002 2395 1091 2424; x_wconf 78' lang='lat' dir='ltr'><strong>fessos</strong></span> <span class='ocrx_word' id='word_1_785' title='bbox 1101 2403 1159 2423; x_wconf 89' lang='lat' dir='ltr'><strong>esse</strong></span> <span class='ocrx_word' id='word_1_786' title='bbox 1167 2404 1222 2423; x_wconf 91' lang='lat' dir='ltr'><strong>non</strong></span> <span class='ocrx_word' id='word_1_787' title='bbox 1231 2403 1264 2423; x_wconf 80' lang='lat' dir='ltr'><strong>ex</strong></span> <span class='ocrx_word' id='word_1_788' title='bbox 1273 2396 1331 2430; x_wconf 89' lang='lat' dir='ltr'><strong>pari</strong></span> <span class='ocrx_word' id='word_1_789' title='bbox 1341 2396 1464 2431; x_wconf 84' lang='lat' dir='ltr'><strong>potentia</strong></span> <span class='ocrx_word' id='word_1_790' title='bbox 1475 2396 1559 2423; x_wconf 83' lang='lat' dir='ltr'><strong>fuisse</strong></span> <span class='ocrx_word' id='word_1_791' title='bbox 1568 2396 1648 2427; x_wconf 81' lang='lat' dir='ltr'><strong>facta,</strong></span> <span class='ocrx_word' id='word_1_792' title='bbox 1659 2396 1706 2423; x_wconf 93' lang='lat' dir='ltr'><strong>sed</strong></span> <span class='ocrx_word' id='word_1_793' title='bbox 1713 2395 1747 2421; x_wconf 83' lang='lat' dir='ltr'><strong>ab</strong></span> <span class='ocrx_word' id='word_1_794' title='bbox 1757 2404 1791 2422; x_wconf 86' lang='lat' dir='ltr'><strong>eo</strong></span> 
     </span>
    </p>
   </div>
   <div class='ocr_carea' id='block_1_102' title="bbox 1004 2441 1807 2478">
    <p class='ocr_par' dir='ltr' id='par_1_102' title="bbox 1004 2441 1807 2478">
     <span class='ocr_line' id='line_1_102' title="bbox 1004 2441 1807 2478; baseline 0.001 -10"><span class='ocrx_word' id='word_1_795' title='bbox 1004 2448 1133 2475; x_wconf 87' lang='lat' dir='ltr'><strong>tanquam</strong></span> <span class='ocrx_word' id='word_1_796' title='bbox 1149 2450 1163 2468; x_wconf 87' lang='lat' dir='ltr'><strong>a</strong></span> <span class='ocrx_word' id='word_1_797' title='bbox 1180 2441 1307 2474; x_wconf 90' lang='lat' dir='ltr'><strong>Domino,</strong></span> <span class='ocrx_word' id='word_1_798' title='bbox 1318 2450 1334 2468; x_wconf 85' lang='lat' dir='ltr'><strong>a</strong></span> <span class='ocrx_word' id='word_1_799' title='bbox 1349 2449 1378 2469; x_wconf 89' lang='lat' dir='ltr'><strong>se</strong></span> <span class='ocrx_word' id='word_1_800' title='bbox 1392 2446 1483 2468; x_wconf 87' lang='lat' dir='ltr'><strong>autem</strong></span> <span class='ocrx_word' id='word_1_801' title='bbox 1498 2447 1625 2476; x_wconf 82' lang='lat' dir='ltr'><strong>tanquam</strong></span> <span class='ocrx_word' id='word_1_802' title='bbox 1640 2451 1654 2468; x_wconf 90' lang='lat' dir='ltr'><strong>a</strong></span> <span class='ocrx_word' id='word_1_803' title='bbox 1667 2443 1753 2469; x_wconf 75' lang='lat' dir='ltr'><strong>servis</strong></span> <span class='ocrx_word' id='word_1_804' title='bbox 1763 2446 1807 2478; x_wconf 36' lang='lat' dir='ltr'><strong>et.</strong></span> 
     </span>
    </p>
   </div>
   <div class='ocr_carea' id='block_1_103' title="bbox 1003 2487 1149 2514">
    <p class='ocr_par' dir='ltr' id='par_1_103' title="bbox 1003 2487 1149 2514">
     <span class='ocr_line' id='line_1_103' title="bbox 1003 2487 1149 2514; baseline 0 -1"><span class='ocrx_word' id='word_1_805' title='bbox 1003 2487 1149 2514; x_wconf 87' lang='lat' dir='ltr'><strong>ministris.</strong></span> 
     </span>
    </p>
   </div>
   <div class='ocr_carea' id='block_1_104' title="bbox 166 2532 1789 2569">
    <p class='ocr_par' dir='ltr' id='par_1_104' title="bbox 166 2532 1789 2569">
     <span class='ocr_line' id='line_1_104' title="bbox 166 2532 1789 2569; baseline 0.001 -11"><span class='ocrx_word' id='word_1_806' title='bbox 166 2534 214 2558; x_wconf 82' lang='grc' dir='ltr'><strong>καὶ</strong></span> <span class='ocrx_word' id='word_1_807' title='bbox 230 2532 265 2558; x_wconf 83' lang='grc' dir='ltr'>τὰ</span> <span class='ocrx_word' id='word_1_808' title='bbox 281 2532 377 2567; x_wconf 79' lang='grc' dir='ltr'>αὑτὰῆ</span> <span class='ocrx_word' id='word_1_809' title='bbox 393 2533 439 2558; x_wconf 77' lang='grc' dir='ltr'>καὶ</span> <span class='ocrx_word' id='word_1_810' title='bbox 454 2533 564 2568; x_wconf 76' lang='grc' dir='ltr'>μείζονα</span> <span class='ocrx_word' id='word_1_811' title='bbox 582 2534 657 2568; x_wconf 73' lang='grc' dir='ltr'>παρὰ</span> <span class='ocrx_word' id='word_1_812' title='bbox 671 2534 724 2560; x_wconf 90' lang='grc' dir='ltr'>τῶν</span> <span class='ocrx_word' id='word_1_813' title='bbox 756 2534 845 2561; x_wconf 74' lang='grc' dir='ltr'>αὐτῶν</span> <span class='ocrx_word' id='word_1_814' title='bbox 870 2534 984 2568; x_wconf 76' lang='grc' dir='ltr'>ἐγίνετο,</span> <span class='ocrx_word' id='word_1_815' title='bbox 1003 2533 1052 2568; x_wconf 81' lang='grc' dir='ltr'>οὐχ</span> <span class='ocrx_word' id='word_1_816' title='bbox 1080 2533 1180 2568; x_wconf 78' lang='grc' dir='ltr'>ὁμοίως</span> <span class='ocrx_word' id='word_1_817' title='bbox 1207 2533 1266 2560; x_wconf 76' lang='grc' dir='ltr'>οὐδὲ</span> <span class='ocrx_word' id='word_1_818' title='bbox 1286 2532 1315 2565; x_wconf 82' lang='grc' dir='ltr'>ἐξ</span> <span class='ocrx_word' id='word_1_819' title='bbox 1342 2533 1442 2568; x_wconf 77' lang='grc' dir='ltr'>ὁμοίων</span> <span class='ocrx_word' id='word_1_820' title='bbox 1457 2533 1581 2568; x_wconf 78' lang='grc' dir='ltr'>γίνεσθαι</span> <span class='ocrx_word' id='word_1_821' title='bbox 1596 2534 1789 2569; x_wconf 77' lang='grc' dir='ltr'>ὡμολόγησαν·</span> 
     </span>
    </p>
   </div>
   <div class='ocr_carea' id='block_1_105' title="bbox 166 2578 1470 2616">
    <p class='ocr_par' dir='ltr' id='par_1_105' title="bbox 166 2578 1470 2616">
     <span class='ocr_line' id='line_1_105' title="bbox 166 2578 1470 2616; baseline 0.002 -11"><span class='ocrx_word' id='word_1_822' title='bbox 166 2579 222 2606; x_wconf 69' lang='grc' dir='ltr'>ἀλλ’</span> <span class='ocrx_word' id='word_1_823' title='bbox 242 2579 274 2604; x_wconf 82' lang='grc' dir='ltr'>ὲκ</span> <span class='ocrx_word' id='word_1_824' title='bbox 289 2578 366 2605; x_wconf 83' lang='grc' dir='ltr'>τοῦδε</span> <span class='ocrx_word' id='word_1_825' title='bbox 394 2578 453 2613; x_wconf 76' lang='grc' dir='ltr'>μὲν,</span> <span class='ocrx_word' id='word_1_826' title='bbox 471 2579 508 2610; x_wconf 82' lang='grc' dir='ltr'>ὡς</span> <span class='ocrx_word' id='word_1_827' title='bbox 534 2578 637 2614; x_wconf 86' lang='grc' dir='ltr'>Κυρίου</span> <span class='ocrx_word' id='word_1_828' title='bbox 653 2580 754 2611; x_wconf 76' lang='grc' dir='ltr'>αὐτῶν,</span> <span class='ocrx_word' id='word_1_829' title='bbox 771 2580 802 2606; x_wconf 80' lang='grc' dir='ltr'>ἐκ</span> <span class='ocrx_word' id='word_1_830' title='bbox 826 2580 909 2606; x_wconf 84' lang='grc' dir='ltr'>τῶνδε</span> <span class='ocrx_word' id='word_1_831' title='bbox 924 2580 951 2605; x_wconf 86' lang='grc' dir='ltr'>δὲ</span> <span class='ocrx_word' id='word_1_832' title='bbox 970 2580 1006 2612; x_wconf 88' lang='grc' dir='ltr'>ὼς</span> <span class='ocrx_word' id='word_1_833' title='bbox 1023 2579 1122 2606; x_wconf 75' lang='grc' dir='ltr'>δούλων</span> <span class='ocrx_word' id='word_1_834' title='bbox 1137 2579 1218 2606; x_wconf 74' lang='grc' dir='ltr'>αὐτοῦ</span> <span class='ocrx_word' id='word_1_835' title='bbox 1235 2581 1281 2607; x_wconf 67' lang='grc' dir='ltr'>καὶ</span> <span class='ocrx_word' id='word_1_836' title='bbox 1295 2580 1470 2616; x_wconf 78' lang='grc' dir='ltr'>λειτουργῶν.</span> 
     </span>
    </p>
   </div>
   <div class='ocr_carea' id='block_1_106' title="bbox 200 2625 950 2661">
    <p class='ocr_par' dir='ltr' id='par_1_106' title="bbox 200 2625 950 2661">
     <span class='ocr_line' id='line_1_106' title="bbox 200 2625 950 2661; baseline 0 -9"><span class='ocrx_word' id='word_1_837' title='bbox 200 2626 273 2661; x_wconf 83' lang='grc' dir='ltr'>Πλὴν</span> <span class='ocrx_word' id='word_1_838' title='bbox 287 2627 333 2652; x_wconf 73' lang='grc' dir='ltr'>καὶ</span> <span class='ocrx_word' id='word_1_839' title='bbox 349 2626 451 2653; x_wconf 86' lang='grc' dir='ltr'>τούτων</span> <span class='ocrx_word' id='word_1_840' title='bbox 476 2627 514 2658; x_wconf 87' lang='grc' dir='ltr'><strong>είς</strong></span> <span class='ocrx_word' id='word_1_841' title='bbox 540 2626 650 2660; x_wconf 78' lang='grc' dir='ltr'>ἔλεγχον</span> <span class='ocrx_word' id='word_1_842' title='bbox 665 2626 714 2660; x_wconf 80' lang='grc' dir='ltr'><strong>τῆς</strong></span> <span class='ocrx_word' id='word_1_843' title='bbox 731 2625 881 2660; x_wconf 67' lang='grc' dir='ltr'>ἀποτομίχς</span> <span class='ocrx_word' id='word_1_844' title='bbox 896 2627 950 2652; x_wconf 77' lang='grc' dir='ltr'>τῶν</span> 
     </span>
    </p>
   </div>
   <div class='ocr_carea' id='block_1_107' title="bbox 165 2670 951 2706">
    <p class='ocr_par' dir='ltr' id='par_1_107' title="bbox 165 2670 951 2706">
     <span class='ocr_line' id='line_1_107' title="bbox 165 2670 951 2706; baseline 0 -10"><span class='ocrx_word' id='word_1_845' title='bbox 165 2671 318 2705; x_wconf 64' lang='grc' dir='ltr'>εἰρημένων</span> <span class='ocrx_word' id='word_1_846' title='bbox 344 2671 418 2706; x_wconf 85' lang='grc' dir='ltr'>ὑμῖν.</span> <span class='ocrx_word' id='word_1_847' title='bbox 444 2691 450 2698; x_wconf 92' lang='grc'>.</span> <span class='ocrx_word' id='word_1_848' title='bbox 472 2691 479 2697; x_wconf 92' lang='grc'><strong>.</strong></span> <span class='ocrx_word' id='word_1_849' title='bbox 501 2670 542 2696; x_wconf 74' lang='grc' dir='ltr'>ἐτι</span> <span class='ocrx_word' id='word_1_850' title='bbox 570 2670 668 2705; x_wconf 79' lang='grc' dir='ltr'>μαθεῖν</span> <span class='ocrx_word' id='word_1_851' title='bbox 698 2671 773 2704; x_wconf 84' lang='grc' dir='ltr'>ὅμως</span> <span class='ocrx_word' id='word_1_852' title='bbox 800 2670 951 2705; x_wconf 77' lang='grc' dir='ltr'>βουλόμεθα</span> 
     </span>
    </p>
   </div>
   <div class='ocr_carea' id='block_1_108' title="bbox 165 2715 950 2752">
    <p class='ocr_par' dir='ltr' id='par_1_108' title="bbox 165 2715 950 2752">
     <span class='ocr_line' id='line_1_108' title="bbox 165 2715 950 2752; baseline 0.003 -10"><span class='ocrx_word' id='word_1_853' title='bbox 165 2716 230 2751; x_wconf 85' lang='grc' dir='ltr'>παρ’</span> <span class='ocrx_word' id='word_1_854' title='bbox 247 2717 333 2751; x_wconf 81' lang='grc' dir='ltr'>ὑμῶν,</span> <span class='ocrx_word' id='word_1_855' title='bbox 350 2718 401 2743; x_wconf 82' lang='grc' dir='ltr'>ποῦ</span> <span class='ocrx_word' id='word_1_856' title='bbox 425 2717 440 2752; x_wconf 80' lang='grc' dir='ltr'>ἢ</span> <span class='ocrx_word' id='word_1_857' title='bbox 465 2717 530 2743; x_wconf 83' lang='grc' dir='ltr'>πότε</span> <span class='ocrx_word' id='word_1_858' title='bbox 545 2715 617 2744; x_wconf 72' lang='grc' dir='ltr'>οὗτοι</span> <span class='ocrx_word' id='word_1_859' title='bbox 634 2718 657 2743; x_wconf 86' lang='grc' dir='ltr'>εἰ</span> <span class='ocrx_word' id='word_1_860' title='bbox 674 2718 720 2743; x_wconf 65' lang='grc' dir='ltr'>καὶ</span> <span class='ocrx_word' id='word_1_861' title='bbox 732 2717 764 2743; x_wconf 77' lang='grc' dir='ltr'>τὰ</span> <span class='ocrx_word' id='word_1_862' title='bbox 782 2717 860 2744; x_wconf 79' lang='grc' dir='ltr'>αὐτὰ.</span> <span class='ocrx_word' id='word_1_863' title='bbox 882 2737 890 2744; x_wconf 83' lang='grc'><em>.</em></span> <span class='ocrx_word' id='word_1_864' title='bbox 912 2736 918 2742; x_wconf 97' lang='grc'>.</span> <span class='ocrx_word' id='word_1_865' title='bbox 943 2736 950 2744; x_wconf 92' lang='grc'><strong><em>.</em></strong></span> 
     </span>
    </p>
   </div>
   <div class='ocr_carea' id='block_1_109' title="bbox 165 2762 948 2799">
    <p class='ocr_par' dir='ltr' id='par_1_109' title="bbox 165 2762 948 2799">
     <span class='ocr_line' id='line_1_109' title="bbox 165 2762 948 2799; baseline 0.003 -11"><span class='ocrx_word' id='word_1_866' title='bbox 165 2762 238 2788; x_wconf 78' lang='grc' dir='ltr'>κατὰ</span> <span class='ocrx_word' id='word_1_867' title='bbox 251 2762 296 2789; x_wconf 78' lang='grc' dir='ltr'>τὸν</span> <span class='ocrx_word' id='word_1_868' title='bbox 317 2763 396 2790; x_wconf 76' lang='grc' dir='ltr'>αὐτὸν</span> <span class='ocrx_word' id='word_1_869' title='bbox 414 2764 514 2799; x_wconf 75' lang='grc' dir='ltr'>τρόπον</span> <span class='ocrx_word' id='word_1_870' title='bbox 530 2763 604 2799; x_wconf 71' lang='grc' dir='ltr'>αὐτῷ</span> <span class='ocrx_word' id='word_1_871' title='bbox 619 2763 706 2790; x_wconf 74' lang='grc' dir='ltr'>ταῦτα</span> <span class='ocrx_word' id='word_1_872' title='bbox 723 2763 915 2799; x_wconf 65' lang='grc' dir='ltr'>προεϐάλοντο,</span> <span class='ocrx_word' id='word_1_873' title='bbox 932 2764 948 2798; x_wconf 78' lang='grc' dir='ltr'>ἢ</span> 
     </span>
    </p>
   </div>
   <div class='ocr_carea' id='block_1_110' title="bbox 203 2850 443 2883">
    <p class='ocr_par' dir='ltr' id='par_1_110' title="bbox 203 2850 443 2883">
     <span class='ocr_line' id='line_1_110' title="bbox 203 2850 443 2883; baseline 0.008 -7"><span class='ocrx_word' id='word_1_874' title='bbox 203 2850 304 2877; x_wconf 76' lang='lat' dir='ltr'><strong>&#39;Joan.</strong></span> <span class='ocrx_word' id='word_1_875' title='bbox 325 2859 384 2883; x_wconf 77' lang='lat' dir='ltr'><strong>xm,</strong></span> <span class='ocrx_word' id='word_1_876' title='bbox 402 2852 443 2878; x_wconf 81' lang='grc'><strong>15.</strong></span> 
     </span>
    </p>
   </div>
   <div class='ocr_carea' id='block_1_111' title="bbox 1039 2626 1792 2661">
    <p class='ocr_par' dir='ltr' id='par_1_111' title="bbox 1039 2626 1792 2661">
     <span class='ocr_line' id='line_1_111' title="bbox 1039 2626 1792 2661; baseline 0 -8"><span class='ocrx_word' id='word_1_877' title='bbox 1039 2628 1185 2659; x_wconf 71' lang='lat' dir='ltr'><strong>Praeterea,</strong></span> <span class='ocrx_word' id='word_1_878' title='bbox 1201 2627 1234 2654; x_wconf 86' lang='lat' dir='ltr'><strong>ad</strong></span> <span class='ocrx_word' id='word_1_879' title='bbox 1302 2627 1490 2659; x_wconf 69' lang='lat' dir='ltr'><strong>refutationem</strong></span> <span class='ocrx_word' id='word_1_880' title='bbox 1504 2635 1599 2654; x_wconf 85' lang='lat' dir='ltr'><strong>eorum</strong></span> <span class='ocrx_word' id='word_1_881' title='bbox 1613 2635 1673 2661; x_wconf 72' lang='lat' dir='ltr'><strong>qua:</strong></span> <span class='ocrx_word' id='word_1_882' title='bbox 1685 2634 1698 2653; x_wconf 92' lang='lat' dir='ltr'><strong>a</strong></span> <span class='ocrx_word' id='word_1_883' title='bbox 1711 2626 1792 2653; x_wconf 77' lang='lat' dir='ltr'><strong>vobis</strong></span> 
     </span>
    </p>
   </div>
   <div class='ocr_carea' id='block_1_112' title="bbox 1004 2672 1792 2700">
    <p class='ocr_par' dir='ltr' id='par_1_112' title="bbox 1004 2672 1792 2700">
     <span class='ocr_line' id='line_1_112' title="bbox 1004 2672 1792 2700; baseline -0.001 -1"><span class='ocrx_word' id='word_1_884' title='bbox 1004 2672 1192 2699; x_wconf 85' lang='lat' dir='ltr'><strong>dicuntur.....</strong></span> <span class='ocrx_word' id='word_1_885' title='bbox 1211 2681 1226 2699; x_wconf 88' lang='lat' dir='ltr'><strong>a</strong></span> <span class='ocrx_word' id='word_1_886' title='bbox 1239 2672 1318 2700; x_wconf 85' lang='lat' dir='ltr'><strong>vobis</strong></span> <span class='ocrx_word' id='word_1_887' title='bbox 1329 2673 1411 2700; x_wconf 80' lang='lat' dir='ltr'><strong>etiam</strong></span> <span class='ocrx_word' id='word_1_888' title='bbox 1432 2673 1538 2700; x_wconf 81' lang='lat' dir='ltr'><strong>discere</strong></span> <span class='ocrx_word' id='word_1_889' title='bbox 1559 2673 1676 2700; x_wconf 82' lang='lat' dir='ltr'><strong>velimus</strong></span> <span class='ocrx_word' id='word_1_890' title='bbox 1701 2672 1745 2698; x_wconf 88' lang='lat' dir='ltr'><strong>uhi</strong></span> <span class='ocrx_word' id='word_1_891' title='bbox 1764 2677 1792 2698; x_wconf 82' lang='lat' dir='ltr'><strong>ct</strong></span> 
     </span>
    </p>
   </div>
   <div class='ocr_carea' id='block_1_113' title="bbox 1004 2718 1788 2753">
    <p class='ocr_par' dir='ltr' id='par_1_113' title="bbox 1004 2718 1788 2753">
     <span class='ocr_line' id='line_1_113' title="bbox 1004 2718 1788 2753; baseline -0.001 -9"><span class='ocrx_word' id='word_1_892' title='bbox 1004 2719 1116 2753; x_wconf 81' lang='lat' dir='ltr'><strong>quando</strong></span> <span class='ocrx_word' id='word_1_893' title='bbox 1131 2719 1170 2747; x_wconf 93' lang='lat' dir='ltr'><strong>illi</strong></span> <span class='ocrx_word' id='word_1_894' title='bbox 1186 2719 1208 2746; x_wconf 93' lang='lat' dir='ltr'><strong>si</strong></span> <span class='ocrx_word' id='word_1_895' title='bbox 1221 2720 1374 2747; x_wconf 87' lang='lat' dir='ltr'><strong>eadem.....</strong></span> <span class='ocrx_word' id='word_1_896' title='bbox 1390 2719 1486 2747; x_wconf 89' lang='lat' dir='ltr'><strong>eodem</strong></span> <span class='ocrx_word' id='word_1_897' title='bbox 1503 2719 1584 2746; x_wconf 81' lang='lat' dir='ltr'><strong>modo</strong></span> <span class='ocrx_word' id='word_1_898' title='bbox 1599 2727 1630 2746; x_wconf 81' lang='lat' dir='ltr'><strong>ac</strong></span> <span class='ocrx_word' id='word_1_899' title='bbox 1645 2719 1695 2753; x_wconf 70' lang='lat' dir='ltr'><strong>ipsi</strong></span> <span class='ocrx_word' id='word_1_900' title='bbox 1713 2718 1788 2744; x_wconf 68' lang='lat' dir='ltr'><strong>fat-c—</strong></span> 
     </span>
    </p>
   </div>
   <div class='ocr_carea' id='block_1_114' title="bbox 1005 2763 1793 2799">
    <p class='ocr_par' dir='ltr' id='par_1_114' title="bbox 1005 2763 1793 2799">
     <span class='ocr_line' id='line_1_114' title="bbox 1005 2763 1793 2799; baseline -0.001 -9"><span class='ocrx_word' id='word_1_901' title='bbox 1005 2768 1075 2795; x_wconf 89' lang='lat' dir='ltr'><strong>rent,</strong></span> <span class='ocrx_word' id='word_1_902' title='bbox 1095 2764 1135 2790; x_wconf 78' lang='lat' dir='ltr'><strong>\‘Ci</strong></span> <span class='ocrx_word' id='word_1_903' title='bbox 1147 2771 1175 2792; x_wconf 87' lang='lat' dir='ltr'><strong>se</strong></span> <span class='ocrx_word' id='word_1_904' title='bbox 1190 2764 1309 2799; x_wconf 71' lang='lat' dir='ltr'><strong>aequales</strong></span> <span class='ocrx_word' id='word_1_905' title='bbox 1326 2764 1365 2792; x_wconf 87' lang='lat' dir='ltr'><strong>illi</strong></span> <span class='ocrx_word' id='word_1_906' title='bbox 1383 2764 1410 2791; x_wconf 92' lang='lat' dir='ltr'><strong>in</strong></span> <span class='ocrx_word' id='word_1_907' title='bbox 1426 2764 1465 2792; x_wconf 88' lang='lat' dir='ltr'><strong>eis</strong></span> <span class='ocrx_word' id='word_1_908' title='bbox 1483 2773 1542 2799; x_wconf 72' lang='lat' dir='ltr'><strong>qua:</strong></span> <span class='ocrx_word' id='word_1_909' title='bbox 1556 2772 1637 2799; x_wconf 75' lang='lat' dir='ltr'><strong>supra</strong></span> <span class='ocrx_word' id='word_1_910' title='bbox 1655 2763 1793 2790; x_wconf 66' lang='lat' dir='ltr'><strong>hominm;</strong></span> 
     </span>
    </p>
   </div>
  </div>
