1968 3094
177 132 247 164 1479

813 126 905 159 [ΕΘΝ
911 128 961 158 Tll
985 125 1188 160 BYZANTINI

1749 124 1758 155 l
1764 126 1810 155 430

173 191 264 218 erant,
287 184 437 212 haberent?
454 184 501 211 Ille
525 183 598 210 cnim
613 183 778 210 auctoritate
796 188 824 209 et
838 186 973 217 potestate

1031 183 1125 217 δμοίως
1140 183 1215 218 αὐτῷ
1239 183 1267 209 ὲν
1288 183 1345 213 τοῖς
1368 181 1438 215 ὑπὲρ
1456 180 1599 216 ἄνθρωπον
1614 181 1809 215 ὲγνωρίζοντοι

174 231 415 268 propria,propria
427 238 537 265 quoque
555 230 680 265 iussione
699 229 767 256 dixit
781 238 787 255 ι
803 228 877 259 Volo,
896 237 973 254 mun-

174 280 240 305 dare
255 278 285 310 8;
307 277 346 304 illi
364 281 455 304 autem
475 285 482 302 :
502 276 533 302 In
552 276 657 302 nurnine
669 275 730 301 Iesu
756 274 852 301 Christi
881 274 970 300 Naza-

176 325 245 356 reni,
261 323 406 355 dicebant,
434 330 511 358 surge
526 327 550 348 et
567 321 708 353 ambula';
736 328 800 347 ecce
827 319 971 346 ntanifeste

176 370 380 398 conﬁtebantur
397 369 458 404 ejus
481 375 543 395 esse
559 367 721 402 potentiam,
741 366 783 393 sui
805 370 897 394 autem
919 365 972 392 mi-

172 415 318 443 nisterium
332 422 338 440 :
365 412 436 448 quod
449 413 523 440 enim
536 420 586 447 per
604 412 741 438 mirabilia
763 411 973 442 ministrabant,

178 460 231 486 hoc
255 467 288 486 ex
316 458 370 485 ﬁde
400 458 427 484 in
447 465 527 484 suum
552 457 711 489 Dominum,
730 456 784 483 hoc
798 456 870 483 enim
885 456 974 483 solum

177 504 357 539 satagebant;
383 502 451 536 quin
469 502 524 528 imo
539 502 656 528 ubinam
683 500 827 535 proprium
841 500 890 527 Dei
907 500 973 528 cha-

179 548 403 579 racteristicum,
430 546 600 573 creationem
623 545 751 578 scilicet,
777 545 850 572 sicut
871 545 929 580 ipse
947 545 974 571 in

177 602 280 622 cazcum
293 602 308 620 a
324 593 470 620 nativitate
484 612 490 624 ,
512 592 550 618 illi
572 599 682 626 quoque
697 591 894 625 protulerunt?
922 590 975 623 Qui

177 638 252 664 enim
266 637 394 666 vitaliora
411 641 438 663 et
455 637 535 671 plura
564 636 688 670 corporis
714 635 825 663 humani
852 636 975 664 membra

177 691 194 709 ο
207 683 265 710 luto
283 682 371 715 ﬁnxit,
387 682 411 708 is
436 690 485 716 per
506 689 590 708 unum
609 681 764 708 membrum
781 681 901 708 ostendit
916 701 923 713 ,
947 689 976 709 se

183 729 297 756 tinxisse
330 736 365 755 ex
395 727 454 754 luto
487 727 608 754 hominis
638 734 741 762 cerpus
769 735 784 754 a
816 727 976 765 principio;

177 775 241 809 quis
275 774 383 801 amicus
414 773 602 807 apostolorum
633 777 680 799 aut
697 773 894 807 prophetarum
915 780 979 807 pro-

180 820 243 846 tulit
265 819 344 850 alios,
371 826 406 844 ne
432 817 656 851 dicamscipsum
671 838 677 850 ,
699 825 714 844 a
740 817 858 844 mortuis
888 817 975 844 susci-

180 866 261 892 tare?
275 864 426 899 Cuiusnam
442 864 514 891 inter
533 871 581 890 eos
600 863 647 897 qui
666 871 750 898 super
765 867 866 890 terram
889 867 973 895 sunt,
992 850 1012 877 Β

179 919 282 946 corpus
304 911 332 938 in
352 910 479 944 sepuicro
498 910 690 944 incorruptum
712 909 888 943 permansit?
908 908 975 941 Quis

181 955 344 983 manifestus
359 955 411 981 fuit
420 959 547 989 tanquam
558 958 720 989 potestatem
732 954 835 981 habens
855 953 974 988 ponendi

180 1002 299 1028 animam
322 1009 401 1028 suam
431 1005 480 1027 aut
501 1001 602 1028 iterum
621 1008 681 1027 eam
709 1000 855 1027 sumendi?
878 1001 975 1028 Nonne

181 1049 302 1081 tandem,
316 1055 379 1075 sero
396 1047 491 1074 saltem
505 1067 512 1079 ,
536 1047 655 1074 audietis
678 1046 816 1074 dicentem
834 1055 840 1073 ε
856 1047 921 1079 Quis
936 1050 975 1073 est

181 1094 257 1120 Imma
269 1094 314 1128 qui
330 1094 395 1119 vivet
410 1098 435 1119 et
457 1101 510 1119 non
525 1092 621 1118 videbit
634 1098 756 1125 nionem,
770 1096 842 1119 eruet
857 1092 975 1118 animum

181 1147 258 1166 suam
290 1138 322 1164 de
347 1146 428 1164 manu
455 1137 563 1172 inferi?
583 1137 723 1170 .Quisnam
750 1144 846 1163 eorum
884 1136 976 1164 dictus

181 1189 224 1212 est
244 1183 373 1211 habuisse
399 1188 560 1218 potestatem
586 1183 741 1218 imperandi
764 1183 907 1218 spiritibus
922 1183 974 1210 im-

183 1229 304 1261 mundis,
328 1233 377 1255 aut
390 1228 482 1255 ventis
500 1232 528 1255 et
543 1227 633 1254 mari?
657 1228 713 1254 Aut
732 1228 875 1262 eujnsnam
892 1227 975 1254 verba

183 1273 357 1300 mirabantur
370 1280 465 1299 omnes
478 1276 609 1306 tanquam
625 1279 658 1299 ex
676 1276 813 1307 potestate
825 1271 974 1306 loquentis,

183 1327 238 1346 non
253 1323 283 1346 ut
295 1318 387 1346 caeteri
404 1317 612 1353 loquebantur?
632 1317 681 1345 Vel
700 1318 826 1353 quisnam
846 1317 897 1344 fuit
911 1325 976 1352 apo—

184 1365 318 1392 stolorum
335 1369 382 1391 aut
397 1364 595 1399 prophetarum
621 1371 677 1398 quo
699 1363 846 1395 moriente,
876 1363 977 1390 coelum

183 1415 213 1438 et
230 1415 315 1441 terra,
327 1410 367 1437 sol
382 1414 411 1437 et
438 1410 512 1442 luna,
539 1409 599 1436 dies
620 1413 648 1436 et
672 1416 737 1442 nox,
762 1409 818 1435 vivi
831 1412 859 1435 et
875 1407 977 1435 mortui

185 1456 315 1485 commoti
332 1460 433 1483 suntet
441 1463 473 1482 ex
482 1455 601 1490 propriis
617 1454 718 1482 finibus
729 1460 757 1482 et
772 1454 841 1482 locis
856 1461 978 1481 recesse-

1024 228 1037 253 ὁ
1059 227 1108 260 μὲν
1133 228 1187 262 γὰρ
1217 227 1346 262 αὑθεντίᾳ
1370 227 1416 252 καὶ
1440 225 1548 261 ἐξουσίᾳ
1573 225 1627 260 ἰδίᾳ
1650 226 1699 252 καὶ
1721 226 1811 260 οἰκείῳ

1029 274 1232 308 προστάγματι,
1248 273 1335 307 ἐλεγε-
1352 273 1442 305 Θέλω,
1453 272 1664 305 καθαρίσθητι’
1679 268 1750 298 οὗτοι
1765 272 1791 297 δέ
1805 280 1810 286 ’

1030 319 1081 345 Ἐν
1092 319 1130 351 τῷ
1146 320 1268 351 ὀνόματι
1286 318 1382 352 Ἰησοῦ
1406 317 1534 351 Χριστοῦ
1553 318 1606 344 τοῦ
1634 316 1810 351 ΝαζωραΙου.

1026 363 1138 399 ἐγείραι
1149 365 1197 392 καὶ
1220 357 1384 398 περιάάτει,
1400 364 1542 398 λέγοντες·
1559 363 1613 390 ἰδοὺ
1630 363 1724 397 σαφῶς
1745 362 1813 389 ἐκεί-

1025 418 1072 436 νου
1096 409 1166 437 εἷναι
1189 411 1238 446 τὴν
1259 410 1411 446 ἐνέργειαν,
1434 409 1525 436 αὐτῶν
1539 409 1567 435 δὲ
1587 409 1636 443 τὴν
1661 409 1813 444 ὑπουργίαν

1027 456 1144 492 μάλιστα
1159 455 1318 492 ὡμολόγουν
1330 464 1336 470 '
1357 456 1404 482 καὶ
1419 455 1487 482 αὐτὸ
1502 455 1556 490 γὰρ
1571 454 1638 484 ὅλως
1653 454 1685 479 τὸ
1701 454 1746 480 ὑὴ⁷
1764 454 1812 480 αὖα

1024 503 1079 529 τῶν
1095 499 1309 537 διακονούμενον
1327 501 1371 528 διὰ
1387 501 1440 527 τῶν
1454 500 1602 534 Οανμὰτων
1615 500 1631 535 ὴ
1652 501 1691 531 εἰς
1705 499 1751 525 τὸν
1766 500 1813 525 Δε-

1026 549 1130 581 σπότην
1141 547 1231 574 αὐτῶν
1244 547 1334 579 πίστις
1345 545 1389 582 ἦν,
1400 546 1413 573 ὃ
1422 546 1469 573 καί
1485 545 1566 580 μόνον
1577 545 1757 576 ἐσπουδάζετο
1767 545 1814 570 αὐ-

1025 594 1096 624 ’τοῖς⁴
1111 592 1152 619 ἔτι
1167 592 1230 627 μὴν,
1244 592 1295 619 ποῦ
1311 593 1341 618 τὸ
1359 591 1431 623 ἰδίως
1444 590 1513 618 Θεοῦ
1527 590 1814 626 χαρακτηριστικδν,τὺ

1014 638 1223 681 ,δημιουργικὸν
1233 637 1312 671 λέγω,
1326 637 1420 672 ὥσπερ
1431 637 1512 668 αὐτὸς
1522 635 1602 662 τοῦτο
1610 636 1649 667 εἰς
1659 635 1704 662 τὸν
1717 636 1749 662 ὲκ
1767 643 1812 667 γε-

1024 685 1109 719 νετῆς
1124 684 1233 718 τυφλὸν,
1245 684 1292 710 καὶ
1303 680 1376 709 οὗτοι
1386 681 1575 714 ὲπεδείξαντο;
1589 681 1603 706 ὁ
1613 680 1667 715 γὰρ
1678 681 1710 707 ὲκ
1730 678 1815 715 πηλοῦ

1025 729 1055 756 τὺ
1069 729 1248 765 καιριώτερον
1258 729 1303 755 καὶ
1313 727 1506 762 ποικιλώτερον
1515 727 1598 762 μέρος
1609 726 1663 753 τῶν
1677 726 1705 752 ὲν
1715 726 1816 760 ἀνθρω-

1027 776 1096 811 πείῳ
1113 775 1222 810 σώματι
1241 774 1358 805 πλάσας,
1382 774 1415 800 δι’
1436 773 1495 804 ἐνὸς
1516 773 1611 808 μορίου
1632 771 1814 807 παρέστησεν,

1026 821 1064 852 ὡς
1080 820 1162 851 αὐτὸς
1175 818 1209 855 ἦν
1219 821 1266 847 καὶ
1280 821 1293 846 ὁ
1306 819 1396 846 λαϐὼν
1409 819 1473 854 χοῦν
1483 817 1544 852 ﬁne
1557 818 1608 853 τῆς
1622 819 1673 853 γῆς
1689 817 1718 850 ἐξ
1731 817 1816 852 ἀρχῆς

1026 867 1073 892 καὶ
1089 866 1195 897 πλάσας
1213 867 1259 891 τὸν
1280 865 1423 901 ἄνθρωπον
1436 872 1444 880 ”
1460 865 1502 896 τίς
1522 864 1551 891 δὲ
1569 865 1659 891 αὐτῶν
1675 863 1692 898 ἢ
1708 871 1816 898 προφη-

1025 911 1079 937 τῶν
1093 912 1214 947 ἐτέρους,
1230 910 1290 937 ἀλλ’
1310 911 1385 945 ὅμως
1402 911 1510 944 ἑαυτὸν,
1529 911 1562 936 ὲκ
1575 909 1680 944 νεκρῶν
1700 909 1816 944 ἀναστῆ-

1026 966 1071 983 σαι
1093 957 1212 992 ἠδυνήθη
1227 965 1234 990 ;
1255 956 1272 992 ἦ
1290 956 1363 988 τίνος
1380 956 1544 990 ἀδιάφθορον
1557 956 1588 982 τὸ
1603 956 1683 990 σῶμα
1702 956 1757 981 τῶν
1771 956 1817 981 ἐπὶ

1025 1003 1074 1037 τῆς
1090 1002 1142 1037 γῆς
1158 1003 1187 1028 ὲν
1207 1003 1285 1037 τάφῳ
1299 1002 1411 1038 γέγονεν
1427 1010 1433 1034 ;
1450 1002 1466 1038 ἢ
1489 1002 1530 1033 τίς
1543 1001 1616 1036 ἔχειν
1630 1000 1755 1034 ἐξουσίαν
1768 1001 1818 1035 τῆς

1025 1048 1182 1079 ἀποθέσεως
1197 1048 1246 1082 τῆς
1260 1047 1359 1074 ἑαυτοῦ
1378 1047 1467 1082 ψυχῆς
1490 1048 1538 1074 καὶ
1554 1047 1694 1082 ἁπολαόῆς
1710 1054 1817 1082 μεμαρ-

1025 1093 1140 1130 τύρηται
1152 1102 1160 1127 ;
1175 1094 1234 1120 οὐδὲ
1245 1093 1393 1120 ἀκούσεσθε
1402 1093 1451 1128 ὀψὲ
1467 1092 1534 1127 γοῦν
1544 1093 1608 1120 πότε
1623 1092 1671 1119 τοῦ
1683 1092 1816 1126 λέγοντος,

1027 1137 1077 1172 Τίς
1087 1140 1153 1166 ἐστι
1163 1140 1318 1174 ἅνθρωπος
1327 1140 1360 1172 ὃς
1369 1139 1500 1172 (licetat,
1516 1139 1566 1166 καὶ
1579 1140 1636 1166 οὐκ
1649 1139 1754 1173 ὄψεται
1768 1137 1819 1164 Od-

1025 1186 1261 1219 νανον,ρύσδται
1273 1186 1330 1219 τὴν
1343 1186 1450 1220 ψυχὴν
1461 1185 1556 1212 αὑτοῦ
1567 1185 1601 1212 ἐκ
1610 1186 1710 1220 χειρὸς
1726 1184 1819 1218 (ideo:

1026 1231 1067 1262 τίς
1082 1231 1111 1257 δὲ
1127 1231 1219 1258 αὐτῶν
1234 1231 1277 1258 ἐπ’
1293 1231 1416 1263 ἐξουσίας
1437 1231 1595 1258 ἐπιτάσσειν
1609 1233 1664 1262 τοῖς
1680 1231 1818 1265 πνεύμασι

1026 1278 1083 1308 τοῖς
1097 1276 1303 1313 ᾲκαθάρτοις,ἢ
1321 1277 1506 1314 ἔπ’-ἐξουσίας
1531 1277 1661 1312 ἐπιτιμᾷν
1681 1278 1737 1307 τοῖς
1755 1276 1820 1307 ἀνέ-

1029 1331 1089 1358 μοις
1106 1323 1154 1349 καὶ
1167 1324 1200 1357 τῇ
1221 1322 1346 1360 θαλάσσῃ
1360 1324 1468 1359 εἴρηται
1481 1333 1488 1357 ;
1508 1324 1524 1359 ἣ
1541 1323 1723 1359 τίνοςὶτὲρου
1737 1324 1818 1350 ἐθαυ-

1029 1368 1119 1403 μάσθη
1140 1369 1154 1395 ὁ
1182 1368 1260 1403 λόγος
1286 1370 1327 1396 ὅτι
1352 1370 1395 1396 ἐπ’
1412 1369 1537 1402 ἐξουσίας
1545 1368 1590 1406 ἦν,
1606 1371 1653 1397 καὶ
1671 1370 1721 1405 οὐχ
1741 1369 1778 1401 ὡς
1795 1369 1820 1395 οι

1027 1414 1082 1440 τῶν
1102 1413 1221 1447 λοιπῶν;
1238 1415 1311 1446 τίνος
1334 1415 1362 1441 δὲ
1383 1415 1438 1442 τῶν
1462 1416 1619 1444 ἀποστόλων
1641 1415 1820 1451 ἤπροφητῶν

1028 1458 1248 1494 ἀποθνήσκοντος
1269 1459 1384 1494 οὐρανὸς
1409 1461 1455 1487 καὶ
1477 1461 1526 1495 γῆ,
1544 1460 1620 1495 ἥλιος
1644 1461 1691 1487 καὶ
1709 1460 1819 1495 σελήνη,

185 1502 268 1529 runt?
283 1502 406 1535 Quonam
435 1505 567 1528 nascente
590 1501 665 1528 visus
680 1505 722 1528 est
737 1504 832 1535 partus
857 1500 916 1527 sine
937 1507 979 1527 se»

1031 1505 1122 1540 ὴμέρα
1146 1505 1192 1532 καὶ
1217 1505 1274 1538 νὺξ,
1291 1506 1383 1541 νεκροὶ
1408 1507 1456 1533 καὶ
1481 1506 1582 1539 ζῶντες
1596 1506 1820 1541 σννεσείσοησαν,

186 1549 271 1581 mine,
292 1548 378 1575 stellae
397 1547 448 1574 sub
463 1547 533 1574 coelo
547 1554 655 1578 cursus,
683 1546 841 1573 canentium
866 1545 977 1581 angelo-

187 1601 249 1621 rum
264 1593 382 1620 chorus?
404 1592 538 1625 Quisnam
566 1599 662 1619 eorum
685 1591 713 1618 in
731 1590 835 1618 carnali
862 1598 978 1625 corpore

187 1648 219 1668 ea
235 1648 295 1674 qua:
313 1639 461 1673 spirituum
477 1642 542 1664 sunt
559 1637 702 1668 ostendit,
728 1636 844 1671 virginis
863 1636 978 1671 integri-

189 1690 272 1713 tatem
290 1684 429 1711 nascendo
456 1691 511 1710 non
538 1684 664 1710 minuens
686 1686 715 1710 et
737 1690 820 1718 super
850 1682 980 1709 ﬂuctibus

189 1731 382 1767 perambulans
395 1751 402 1762 ,
414 1730 442 1756 in
455 1737 572 1765 corpore
586 1734 680 1756 autem
703 1727 852 1764 spirituali,
873 1732 901 1754 et
920 1735 980 1762 quas

189 1781 254 1804 sunt
269 1776 361 1804 carnis
373 1775 499 1810 protulit,
521 1775 650 1802 manibus
678 1774 849 1802 sensibiliter
872 1777 981 1800 contre-

189 1826 290 1852 ctatus,
315 1828 406 1849 escam
423 1828 534 1855 quoque
555 1826 621 1855 ιροει
648 1819 881 1847 resurrectionem
903 1826 980 1846 suam

185 1867 332 1901 postulans
347 1870 375 1893 et
387 1866 565 1898 manducans,
578 1865 630 1893 etsi
641 1873 696 1892 non
707 1866 870 1892 nutritionis
882 1872 978 1892 causa:

191 1919 240 1946 per
260 1912 318 1938 haec
332 1910 424 1938 omnia
438 1910 633 1937 demonstrans
648 1918 677 1937 se
692 1911 836 1945 utriusque
863 1915 980 1943 naturae,

191 1955 344 1990 corporalis
359 1962 458 1990 nempe
474 1959 502 1982 et
517 1955 681 1989 spiritualis,
695 1963 757 1982 esse
769 1959 921 1987 auctorem,
934 1954 981 1990 qui

191 2001 285 2027 omnia
299 2001 365 2028 facit
378 2004 406 2027 et
426 2004 601 2032 transmutat,
623 2007 733 2034 setnpcr
745 1999 857 2027 creandi
873 2004 981 2034 potens,

193 2045 304 2072 inomni
317 2049 389 2073 statu
411 2044 548 2071 naturali:
566 2044 604 2070 illi
618 2048 723 2070 tantum
737 2045 784 2078 qui
801 2043 904 2078 aliquid
917 2043 984 2070 fecit

193 2091 260 2118 illud
279 2095 388 2118 mutare
405 2090 486 2117 facile
503 2094 547 2117 est
561 2099 568 2123 ;
582 2091 646 2124 quis
655 2095 747 2117 autem
759 2097 857 2117 eorum
872 2089 919 2124 qui
932 2090 984 2117 hu-

193 2144 282 2163 manae
302 2140 408 2163 tantum
435 2140 516 2163 erant
538 2142 659 2167 naturae,
679 2135 781 2162 dicitur
796 2136 871 2162 solus
887 2135 914 2162 in
929 2143 984 2163 coa-

1029 1551 1077 1576 καὶ
1098 1549 1152 1576 τῶν
1174 1550 1283 1577 οἰκείων
1304 1551 1374 1586 ὅρων
1392 1552 1440 1578 καὶ
1453 1551 1543 1578 τόπων
1560 1551 1712 1586 ἐξέστησαν
1726 1560 1734 1583 ι
1748 1552 1822 1583 τίνος

1029 1595 1058 1622 δὲ
1067 1597 1095 1622 ὲν
1104 1598 1136 1631 τῇ
1147 1597 1274 1632 γεννήσει
1294 1597 1414 1633 ἄσπορος
1431 1597 1526 1633 ὡράθη
1546 1598 1635 1630 τόκος,
1644 1598 1760 1633 ἀστέρος
1775 1597 1822 1625 ἀπ’

1028 1642 1144 1677 οὐρανοῦ
1167 1642 1280 1678 δρόμος,
1296 1643 1420 1677 ἀγγέλων
1443 1643 1590 1678 ὑμνολόγος
1603 1644 1683 1678 χορός
1696 1652 1703 1677 ;
1727 1644 1769 1675 τίς
1793 1643 1822 1669 δὲ

1029 1688 1118 1714 αὐτῶν
1134 1688 1162 1714 ὲν
1173 1688 1222 1723 μὲν
1230 1688 1268 1723 τῷ
1278 1689 1400 1725 σαρκικῷ
1417 1689 1524 1724 σώματι
1535 1690 1569 1716 τὰ
1591 1690 1764 1724 πνευματικὰ
1774 1691 1821 1716 ex.

1034 1732 1168 1765 εδείξατο,
1190 1733 1289 1768 ὑμένος
1307 1734 1386 1761 τοῦτο
1397 1734 1561 1766 διαΰιὸἀζων
1584 1732 1761 1769 παρθενικοῦ,
1778 1735 1824 1761 καὶ

1031 1778 1135 1804 ὑδάτων
1163 1779 1355 1812 ἐπιπολάζωνς
1371 1781 1400 1806 ὲν
1413 1780 1442 1807 δὲ
1456 1780 1496 1815 τῷ
1511 1781 1688 1816 πνευματικῴ
1703 1780 1822 1816 σώματι,

1030 1823 1064 1850 τὰ
1082 1823 1201 1858 σαρκικὰ
1226 1825 1404 1860 προεϐάλετο,
1419 1827 1512 1862 χερσὶν
1535 1826 1677 1861 αἰσθηταῖς
1692 1827 1824 1862 ψηλαφώ-

1033 1876 1130 1902 μενοςς
1145 1869 1193 1895 καὶ
1210 1868 1300 1904 βρωτὰ
1317 1870 1386 1905 μετὰ
1403 1870 1454 1906 τὴν
1469 1872 1618 1898 ἀνάστασιν
1633 1872 1686 1898 ὑπὸ
1697 1871 1752 1898 τῶν
1771 1880 1825 1906 μα-

1032 1913 1120 1948 Θητῶν
1137 1915 1328 1949 προσιέμενος,
1349 1916 1396 1942 καὶ
1419 1917 1528 1949 ἐσθίων,
1546 1918 1571 1943 εί
1591 1917 1640 1943 καὶ
1658 1917 1696 1952 μὴ
1722 1917 1824 1951 τρεφό-

1034 1967 1113 1993 μενος
1126 1969 1134 1993 ;
1147 1961 1255 1992 δεικνὺς
1273 1961 1318 1988 διὰ
1333 1961 1447 1994 τούτων,
1461 1963 1503 1989 ὅτι
1517 1964 1567 1998 τῆς
1584 1964 1719 1999 σαρκικῆς
1735 1972 1765 1989 τε
1777 1964 1826 1990 καὶ

1036 2006 1225 2041 πνευματικῆς
1245 2006 1353 2041 φύσεως
1370 2008 1453 2039 αὑτός
1467 2009 1542 2035 ἐστιν
1567 2010 1581 2035 ὁ
1600 2010 1714 2044 ποιητής
1730 2017 1761 2034 τε
1777 2009 1826 2035 καὶ

1033 2052 1271 2086 κατασκευαστὴς,
1297 2053 1345 2079 καὶ
1370 2054 1455 2080 ποιῶν
1478 2054 1568 2080 πάντα
1591 2055 1638 2080 καὶ
1654 2054 1827 2089 μετασκευά-

1034 2097 1099 2130 ζων,
1124 2099 1172 2124 καὶ
1196 2098 1416 2134 θαυματουργεῑν
1441 2100 1484 2126 ἀεὶ
1506 2100 1667 2134 δυνάμενος,
1687 2101 1716 2125 ὲν
1738 2099 1827 2126 ἅπασι

1035 2145 1090 2175 τοῖς
1111 2145 1236 2177 φυσικοῖς
1259 2145 1471 2179 καταστήμασι·
1496 2144 1535 2180 τῷ
1559 2144 1612 2180 γὰρ
1638 2143 1761 2170 ποιοῦντί
1787 2151 1825 2172 τι.

194 2183 250 2209 lum
266 2182 424 2210 ascendisse
442 2188 492 2209 aut
507 2190 522 2210 e
540 2183 610 2209 coelo
626 2181 825 2209 descendisse?
848 2182 920 2209 unde
933 2189 979 2209 no-

1034 2187 1121 2223 τούτῳ
1145 2189 1218 2224 μόνῳ
1236 2189 1283 2215 καὶ
1310 2189 1340 2215 τὸ
1365 2189 1581 2224 μετασκευάζει-ι
1600 2189 1676 2221 αὐτο,
1697 2188 1827 2214 εὔκολον·

195 2228 238 2255 bis
252 2229 279 2255 in
292 2233 411 2256 mentem
428 2236 484 2255 non
497 2228 595 2255 incidit
608 2228 633 2255 id
645 2228 728 2262 impie
740 2231 873 2259 statuere,
884 2235 983 2262 nempe

194 2275 320 2302 eamdem
340 2282 400 2302 esse
416 2279 444 2301 et
463 2274 606 2301 hominum
620 2278 649 2301 et
663 2273 861 2308 omnipotentis
874 2273 983 2301 Domini

195 2320 366 2347 edendorum
384 2320 580 2347 miraculorum
596 2324 770 2354 potestatem.

1036 2232 1079 2263 τίς
1101 2233 1128 2259 δὲ
1151 2234 1191 2264 είς
1215 2234 1330 2269 οὐρανὸν
1352 2235 1533 2270 ἀναϐέϐηκεν,
1556 2235 1573 2270 ἢ
1592 2235 1623 2261 ὲκ
1640 2234 1687 2261 τοῦ
1709 2233 1829 2269 οὐρανοῦ

1037 2278 1258 2313 καταόεὸηκέναι
1297 2280 1376 2314 μόνος
1416 2282 1651 2315 μεμαρτύρηται,
1687 2280 1742 2306 τῶν
1778 2279 1831 2314 τῆς

1037 2323 1211 2359 ἀνθρωπίνης
1223 2325 1307 2359 μόνης
1323 2325 1406 2352 ὄντων
1427 2324 1534 2361 φύσεωξ
1546 2334 1554 2358 ;
1567 2325 1663 2352 οὐκοῦν
1677 2325 1737 2351 οὐδὲ
1748 2324 1834 2351 τοῦτο

197 2369 261 2403 ὑμῖν
287 2368 317 2394 τὸ
337 2367 432 2399 ἀσεϐὲς
453 2368 628 2402 παραστῆσαι
648 2367 718 2394 κατὰ
744 2367 856 2402 γνώμην
871 2366 1029 2404 ἐκϐέϐηκεν,
1049 2369 1086 2402 ὡς
1115 2372 1132 2406 η
1153 2371 1222 2407 αὐτὴ
1249 2372 1302 2399 τῶν
1323 2381 1353 2399 τε
1373 2373 1454 2399 ὁσίων
1488 2373 1602 2409 ἀνδρῶν,
1621 2376 1668 2400 καὶ
1699 2374 1750 2408 τῆς
1777 2374 1831 2399 Δε-

198 2417 328 2451 σποτικῆς
346 2415 470 2448 ἐξουσίας
484 2416 500 2450 ή
516 2415 723 2451 θαυματουργία
742 2415 811 2442 ἔστί.

234 2465 292 2492 lloc
308 2464 382 2491 aliud
400 2464 491 2492 dicitis
502 2464 576 2499 quod
592 2464 764 2499 dignitatem,
775 2463 990 2492 dominationem

198 2515 228 2538 et
246 2518 347 2538 nomen
364 2518 447 2545 super
463 2518 545 2538 omne
558 2517 658 2537 nomen
677 2516 760 2545 atque
779 2515 878 2537 caetera
893 2509 985 2537 omnia

200 2564 216 2583 ιι
231 2556 322 2583 Verbo
340 2556 398 2590 ipsa
411 2556 519 2583 meliori
530 2556 607 2583 carni
623 2555 724 2582 fuerint
740 2555 820 2588 data,
843 2562 895 2582 nec
913 2556 983 2590 opus

201 2602 238 2629 sit
252 2609 284 2628 ea
309 2601 406 2628 unioni
427 2602 565 2629 ascribere
576 2622 583 2634 ,
605 2602 718 2636 sincere
731 2601 844 2637 quidem
860 2609 911 2629 nos
927 2610 989 2637 pro-

203 2648 314 2675 ﬁtentur
328 2647 387 2674 haec
399 2649 492 2674 omnia
513 2656 527 2675 a
543 2648 633 2676 Verbo
649 2656 710 2676 esse
726 2648 789 2676 data
808 2656 814 2675 ε
837 2655 885 2675 vos
898 2652 989 2675 tamen

203 2695 257 2722 hoc
268 2693 521 2729 interrogabimus:
547 2702 606 2729 quae
621 2695 649 2721 in
672 2695 759 2722 altero
779 2698 877 2722 natura
899 2694 993 2722 insunt

203 2744 233 2767 et
250 2740 330 2767 alteri
341 2740 597 2774 communicantur,
610 2748 676 2767 num
706 2744 772 2767 tunc
786 2740 827 2767 sic
841 2740 994 2768 communi-

1076 2463 1113 2492 Τὸ
1131 2465 1158 2493 δὲ
1174 2467 1267 2502 ἕτερον
1281 2465 1318 2494 ὧν
1338 2469 1404 2502 φατέ
1428 2469 1498 2498 ἐστι.
1515 2466 1545 2495 τὸ
1567 2468 1617 2504 τὴν
1635 2464 1713 2500 ἀξίαν
1728 2468 1775 2494 καὶ
1790 2467 1835 2494 δε-

1042 2513 1169 2538 σποτείαν
1191 2514 1239 2539 καὶ
1253 2513 1339 2548 ὄνομα
1353 2514 1383 2540 τὸ
1400 2515 1471 2549 ὑπὲρ
1490 2515 1543 2541 πᾶν
1558 2514 1653 2548 ὄνομα,
1670 2513 1719 2540 καὶ
1732 2514 1767 2540 τὰ
1777 2514 1835 2539 λοι-

1037 2557 1074 2583 πὰ
1087 2558 1120 2592 τῇ
1136 2558 1217 2592 σαρκὶ
1232 2558 1285 2584 ὑπὸ
1301 2559 1347 2584 τοῦ
1363 2559 1517 2593 κρείττονος
1537 2558 1622 2593 αὐτῆς
1639 2557 1726 2591 Λόγου
1749 2557 1834 2592 δοθῆ-

1043 2611 1097 2634 ναι,
1117 2603 1163 2628 καὶ
1183 2603 1220 2638 μὴ
1238 2604 1297 2630 δέον
1321 2601 1391 2630 εἶναι
1409 2603 1532 2630 συνθέσει
1547 2603 1634 2630 ταῦτα
1653 2603 1834 2638 προσλογίζε-

1046 2649 1118 2676 σθαι.
1152 2649 1271 2685 ’Δληθῶς
1298 2650 1348 2685 μὲν
1365 2649 1413 2677 οὖν
1436 2651 1469 2676 ἐκ
1495 2649 1540 2676 τοῦ
1556 2649 1644 2683 Λόγου
1663 2649 1784 2675 δίδοσθαι
1799 2649 1839 2675 τὶ

1046 2693 1178 2728 εἰρημένα
1195 2693 1392 2729 συντιθέμεΟΓ
1411 2694 1481 2730 πλὴν
1495 2693 1576 2720 τοῦτο
1596 2693 1669 2729 ὑμᾶς
1694 2694 1840 2730 ἐρωτήσο-

1049 2744 1114 2775 μενδ
1128 2739 1196 2766 Τάδε
1210 2739 1246 2768 τὰ,
1259 2739 1323 2767 ὄντα
1339 2740 1400 2767 τινὰ
1415 2741 1444 2767 ὲν
1459 2740 1526 2774 τῷδέ
1539 2748 1591 2766 τινι
1616 2739 1740 2774 φυσικῶς
1757 2747 1840 2768 ποτε.

244 2826 254 2839 ³
270 2829 364 2854 Matth.
378 2837 436 2856 vm.
451 2829 468 2856 ὅ
515 2830 524 2844 ⁸³
545 2829 600 2855 Act.
617 2837 656 2861 ll‘,
671 2828 696 2855 6.
736 2829 757 2845 "
774 2827 844 2856 Psal.
861 2829 1040 2862 unum“).
