1968 3094
178 203 243 236 “87

797 203 953 234 LEONTII
971 202 1172 234 ΒΥΖΛΝΤΙΝΙ

1736 198 1802 234 1488

171 256 343 289 εει-ησιὶοηὶε
360 257 442 286 Verbi
460 257 552 285 omnia
565 250 725 293 argumenta
740 252 961 293 perscrutantur,

1023 265 1055 284 rw
1083 258 1132 292 τῆς
1158 256 1321 293 σαρκώσεως
1343 258 1389 285 τοῦ
1407 257 1480 285 Θείου
1496 257 1582 291 Λόγου
1601 258 1802 294 διερευνῶντες.

176 305 312 333 nimirum
338 311 421 332 omne
437 307 524 330 totum
537 311 571 331 ex
591 303 711 331 diversis
721 303 850 338 partibus
871 304 963 331 coale-

175 358 255 379 scens
273 350 348 379 aliud
359 353 482 385 apparet.
499 349 574 377 aliud
587 357 698 384 quoque
712 349 869 385 concipitur
884 350 919 377 ab
932 350 965 377 iis

174 396 326 431 exquibus
348 399 471 423 constat.
500 395 529 422 Si
559 394 643 430 igitur
667 402 702 423 ex
725 395 840 422 homine
866 399 894 423 et
908 395 965 422 Deo

174 440 315 474 Christus,
326 449 379 469 nec
391 448 476 468 verus
489 441 573 473 Deus,
587 448 639 468 nec
650 448 733 468 verus
748 440 831 468 homo
842 445 884 468 est
896 449 902 467 :
915 440 965 468 sed

175 487 297 523 primum
317 487 375 522 ipsa
395 486 549 522 argumenti
562 486 644 522 hujus
659 486 726 514 falsa
743 491 785 514 cst
792 486 964 522 suppositio:

157 534 277 562 decidit
287 533 407 561 enimart
423 537 509 560 totum
523 540 540 560 e
558 532 674 560 diversis
690 537 832 565 constans,
853 541 904 560 nec
921 533 965 560 di-

175 581 250 608 citur
273 587 325 608 nec
347 579 502 614 concipitur
532 577 607 606 aliud
629 578 664 605 ah
687 585 851 613 unaquaque
874 582 964 613 parte,

158 627 218 654 .vel
238 630 352 662 propter
364 624 570 660 prawalentiam
583 624 726 660 cujusdam
740 623 825 659 partis
846 624 874 651 in
890 632 965 651 com-

175 672 322 708 positione,
334 671 406 699 sicut
424 670 543 699 dicimus
556 670 695 698 olus~ante
709 670 862 698 coctionem
877 674 906 697 et
926 670 966 698 si-

175 718 282 747 militer'
292 718 354 746 olus
377 721 524 753 postquam
548 724 616 744 cum
636 716 764 752 pluribus
781 716 967 744 condimentis

174 769 286 793 coctum
313 767 365 796 est,
395 767 424 790 et
439 763 545 798 pariter
568 762 687 790 similam
707 768 736 790 et
758 762 906 798 legumina,
922 761 965 789 vel

175 811 240 845 quia
253 817 309 837 non
324 809 438 837 omnino
451 808 554 836 diversi
578 807 688 843 generis
702 807 806 835 factum
817 812 860 835 est
877 811 965 835 totum

164 860 306 890 constans
329 855 456 890 partibus
481 854 598 881 diversae
623 853 736 888 quidem
767 853 880 888 speciei.
910 861 966 880 non

175 907 268 930 autem
281 901 383 929 diversi
400 900 521 936 generis.
537 899 583 928 Sic
608 907 657 935 par
685 907 817 927 numerus
831 904 859 927 et
876 899 966 934 impar

164 949 205 978 .in
225 956 311 977 unum
343 951 431 975 totum
447 934 646 978 coalescentes,
669 950 786 981 septem,
802 945 882 973 verbi
903 953 965 980 gra-
982 934 1002 961 Β

176 995 225 1026 tia,
237 999 264 1022 et
280 998 352 1026 octo,
368 1001 423 1021 non
439 993 573 1028 pratbent,
589 992 617 1019 in
633 991 803 1027 quindecim,
819 998 965 1019 numerum

166 1030 316 1067 ‘diversum
344 1039 379 1067 ab
413 1038 511 1074 impari
535 1038 617 1065 simul
647 1042 676 1065 et
702 1037 782 1072 pari,
806 1038 854 1064 sed
878 1038 968 1072 impar

166 1086 277 1119 ,dicitur
293 1093 348 1113 non
363 1092 442 1112 secus
454 1092 486 1112 ac
506 1084 592 1111 altera
612 1091 645 1110 ex
661 1083 720 1111 suis
734 1083 879 1118 partibus:
895 1083 967 1110 unde

176 1132 215 1159 nil
233 1132 261 1159 in
277 1139 322 1164 eo,
343 1130 458 1166 perinde
480 1138 512 1158 ac
528 1138 582 1157 nec
602 1130 630 1157 in
647 1134 763 1167 septem,
781 1129 893 1164 imparis
916 1137 968 1156 nu-

174 1178 248 1206 meri
271 1176 340 1204 ﬁnes
351 1171 470 1204 excedit.
483 1175 602 1204 Evidens
623 1175 707 1211 igitur
731 1179 782 1208 est,
810 1175 839 1202 in
866 1175 968 1210 quibus

174 1227 277 1257 praeter
314 1221 502 1249 diversitatem
538 1220 678 1256 partium,
707 1224 821 1256 apparet
850 1221 879 1247 in
909 1224 967 1247 toto

177 1269 247 1296 ratio
264 1267 366 1296 diversi
396 1267 524 1302 generis,
555 1266 715 1294 necessario
751 1265 882 1293 mutanda
907 1272 968 1293 esse

175 1315 302 1343 notiones
315 1318 343 1341 et
356 1313 531 1341 deﬁnitiones
544 1318 572 1340 et
585 1312 698 1340 nomina
709 1332 716 1344 ,
746 1312 821 1347 quod
836 1319 851 1339 a
866 1311 969 1347 princi-

176 1361 222 1397 pio
249 1369 298 1389 eos
322 1360 414 1387 latuit.
426 1360 498 1387 Vere
527 1359 611 1394 igitur
635 1359 738 1386 dicitur
763 1359 852 1394 impar
880 1362 969 1385 totum

176 1407 370 1442 compositum,
397 1405 556 1440 quindecim
583 1404 690 1432 scilicet
706 1404 778 1432 sicut
806 1408 835 1431 et
853 1408 970 1438 septem,

175 1457 206 1480 et
221 1453 247 1479 in
263 1459 312 1479 sua
322 1451 457 1479 totalitate
467 1455 566 1486 septem
577 1450 670 1485 impar
680 1456 746 1477 vere
759 1448 972 1484 comprehendit

176 1505 231 1525 non
252 1497 453 1525 adulteratum.
468 1495 572 1523 Eodem
588 1495 670 1522 modo
695 1503 771 1522 nunc
793 1495 861 1522 mihi
881 1495 970 1530 cogita

180 1544 299 1571 Verbum
333 1551 397 1570 vere
427 1542 513 1569 Deum
541 1549 625 1574 esse,
652 1545 680 1568 et
699 1548 813 1568 carnem
842 1549 906 1569 vere
922 1541 972 1568 ho-

1015 305 1055 330 ὅτι
1073 305 1128 331 πᾶν
1145 304 1176 330 τὸ
1197 305 1229 331 ἐκ
1243 303 1381 339 διαφόρων
1405 303 1498 339 μερῶν
1523 304 1702 340 συγκείμενον
1733 302 1802 337 δλον,

1015 348 1108 384 ἔτερόν
1122 357 1152 375 τε
1171 350 1279 385 ὁρᾶται,
1300 349 1346 376 καὶ
1374 350 1476 384 ἑτέρως
1493 349 1665 385 ’ὀνομάζεται
1679 351 1754 386 παρὰ
1771 351 1804 378 τὰ.

1016 393 1046 426 ἐξ
1062 390 1098 420 ὧν
1115 394 1201 421 ἐστιν.
1218 394 1248 421 El
1259 392 1305 421 οὖν
1319 395 1351 422 ὲκ
1371 394 1440 422 Θεοῦ
1457 396 1504 422 καὶ
1521 396 1666 432 ἀνθρώπου
1681 396 1806 430 σύνθετος

1016 440 1030 466 ὁ
1041 439 1169 475 Χριστὸς,
1183 439 1244 466 οὔτε
1262 440 1328 472 Θεδς
1343 440 1461 475 ἀληθῶς,
1478 439 1540 467 οὔτε
1555 441 1710 476 ἄνθρωπος.
1725 442 1804 478 [1ρῶ-

1016 493 1061 510 τον
1080 484 1130 519 μὲν
1144 482 1191 511 οὖν
1207 486 1256 511 καί¹
1265 485 1345 512 τοῦδε
1357 485 1458 520 ψευδὴς
1473 486 1490 521 ἡ
1505 485 1644 520 ἀπόφασις
1654 495 1660 502 ·
1682 487 1805 523 ἔστιγὰρ

1017 530 1060 564 ἐφ’
1073 526 1111 557 ῶν
1124 530 1261 566 διαφόρων
1290 532 1382 567 μερῶν
1405 533 1499 569 ὀλότης
1513 533 1659 568 γενομένη,
1675 534 1725 560 οὐκ
1740 533 1805 569 emi,

1018 577 1083 612 παρ’
1098 577 1220 612 ἑκάτερα
1247 577 1281 604 τὰ
1306 579 1377 614 μέρη
1398 579 1485 614 αὐτῆς
1501 581 1603 606 νοεῖται
1618 578 1634 614 ἢ
1649 579 1771 614 λέγεται,
1789 579 1804 615 ἢ

1016 623 1050 649 δι’
1063 623 1242 659 ἐπικράτειαν
1263 624 1378 660 θατέρου
1390 625 1445 651 τῶν
1460 625 1552 661 μερῶν
1567 627 1596 653 ὲν
1610 627 1644 662 τῇ
1660 626 1804 653 συνθέσει·

1017 669 1112 705 ὥσπερ
1140 670 1232 705 φαμὲν
1252 670 1283 697 τό
1305 679 1334 697 τε
1348 671 1467 706 ἄνεφθον
1485 671 1613 707 λάχανον,
1629 673 1676 699 καὶ
1692 672 1723 698 τὺ
1738 673 1808 708 μετὰ

1019 713 1094 749 μίξιν
1120 714 1269 749 καρυκείας
1285 715 1418 742 πλειόνων
1449 715 1551 751 ὲψηθὲν
1568 716 1669 751 ὁμοίως
1692 717 1807 751 λάχανον

1017 761 1064 787 καὶ
1094 760 1235 795 σεμίδαλιν
1260 761 1306 787 καὶ
1333 761 1368 788 τὰ
1387 761 1507 796 δσπρια¹
1524 762 1540 796 ἢ
1558 762 1601 788 διὰ
1628 762 1658 789 τὸ
1673 762 1711 798 μὴ
1737 761 1808 790 εἶναι

1017 806 1084 837 ὅλως
1099 806 1193 842 ἔτερόν
1205 815 1230 834 τι
1241 803 1312 838 είδος
1326 807 1470 842 γινόμενον
1486 808 1519 834 ὲκ
1529 808 1583 835 τῶν
1603 808 1746 843 ὁμογενῶν
1760 809 1805 835 τοῦ

1019 852 1147 879 συνθέτου
1166 853 1257 888 μερῶν
1269 854 1323 880 τῶν
1334 854 1535 888 ἀνομοιοειδῶν.
1549 854 1598 881 Διά
1609 863 1651 881 τοι
1667 855 1721 890 γὰρ
1732 854 1809 881 τοῦτο

1018 899 1066 926 καὶ
1080 897 1173 933 ἄρτιον
1189 899 1274 934 μέρος
1291 899 1421 935 ἀριθμοῦ,
1434 901 1481 926 καὶ
1505 900 1634 936 περιττὸν
1648 900 1808 927 συντεθέντα

1017 945 1057 976 είς
1075 944 1138 979 μίαν
1163 944 1290 980 ὁλότητα,
1305 946 1319 972 ό
1345 945 1415 973 ἑπτὰ
1440 946 1521 981 τυχὸν
1552 946 1626 973 κσὶὸ
1653 946 1742 979 ὀκτὼ,
1761 946 1810 981 οὐχ

1017 991 1111 1027 ἕτερον
1126 988 1197 1022 εἶδος
1211 991 1332 1026 ἀριθμοῦ
1346 991 1423 1027 παρά
1438 1001 1468 1019 τε
1490 993 1535 1019 τὸν
1550 993 1644 1028 ἄρτιον
1658 993 1704 1020 καὶ
1717 1001 1811 1028 περιτ-

1016 1037 1062 1063 τὸν
1089 1036 1220 1071 ἐποίησαν
1248 1037 1277 1063 ὲν
1305 1038 1547 1065 δεκαπέντε·ἀλλ¹
1573 1039 1676 1074 ὁμοίως
1705 1039 1812 1074 θατέρῳ

1017 1082 1072 1109 τῶν
1082 1082 1179 1108 ἑαυτοῦ
1192 1082 1284 1118 μερῶν
1291 1082 1438 1118 λεγόμενον
1446 1092 1480 1111 πε
1484 1085 1584 1119 ριττόν·
1597 1085 1749 1112 διότιούδὲν
1760 1094 1811 1113 πα-

1020 1127 1055 1163 ρὰ
1065 1128 1112 1154 τὸν
1126 1129 1189 1163 ὅρον
1201 1128 1248 1155 τοῦ
1267 1128 1395 1164 περιττοῦ
1407 1129 1468 1156 οὐδὲ
1481 1130 1510 1156 ὲν
1523 1129 1597 1164 αὐτῷ
1619 1130 1708 1164 ῶςρθη,
1719 1129 1812 1164 ὥσπερ

1018 1174 1078 1200 οὐδὲ
1093 1174 1123 1200 ὲν
1134 1173 1173 1209 τῷ
1185 1174 1302 1210 ἑϐδόμῳ.
1311 1175 1394 1210 Δῆλον
1408 1173 1454 1202 οὖν
1468 1175 1505 1206 ὡς
1513 1176 1556 1210 ἐφ’
1569 1172 1606 1202 ὧν
1619 1175 1686 1210 πρὸς
1699 1175 1739 1211 τῷ
1752 1176 1812 1202 δια-

1020 1220 1096 1256 φόρῳ
1106 1219 1160 1246 τῶν
1173 1220 1359 1254 συνελθόντων
1369 1229 1402 1255 με
1407 1221 1523 1256 ρῶνμκαὶ
1535 1222 1579 1248 ἓτε
1584 1230 1629 1257 ρος
1639 1222 1726 1252 εἴδους
1735 1222 1813 1256 λόγος

1020 1267 1050 1293 ἐν
1066 1265 1106 1301 τῷ
1114 1266 1168 1301 ὅλῳ
1180 1267 1264 1302 φανῇ,
1277 1266 1338 1293 τότε
1355 1266 1531 1299 ἐξαλλάσσειν
1545 1268 1651 1303 ἀνάγκη
1664 1268 1730 1295 τάτε
1760 1269 1815 1304 ὁρι-

1022 1311 1073 1339 στὰ
1104 1311 1152 1338 καὶ
1175 1312 1238 1344 τοὺς
1263 1313 1396 1347 ὁρισμοὺς
1414 1312 1462 1339 καὶ
1489 1313 1523 1339 τὰ
1538 1313 1661 1346 ὀνόματα
1673 1333 1680 1345 ,
1698 1313 1768 1348 ὅπερ
1785 1312 1815 1346 si

1022 1355 1111 1391 ἀρχῆς
1131 1355 1281 1391 ἠγνόησαν.
1299 1357 1417 1391 Λέγεται
1432 1355 1479 1385 οὖν
1496 1359 1624 1393 περιττὸς
1644 1358 1753 1394 ἀληθῶς
1766 1359 1816 1386 καὶ

1022 1403 1036 1429 ό
1048 1402 1197 1429 δεκαπέντε
1209 1402 1337 1434 σύνθετος
1350 1403 1421 1436 ὅλος,
1434 1404 1471 1436 ὡς
1484 1405 1499 1430 ό
1511 1404 1626 1440 ἓΰδομος
1638 1413 1644 1420 ·
1659 1405 1706 1431 καὶ
1722 1405 1815 1440 περιέ-

1023 1457 1064 1484 χει
1080 1448 1109 1475 δὲ
1124 1449 1153 1475 ὲν
1168 1450 1201 1484 τῇ
1217 1449 1306 1484 οἰκείᾳ
1317 1449 1424 1485 ὑλότητι
1438 1450 1546 1486 ἀληθῶς
1564 1451 1692 1486 περιττὸν
1714 1451 1818 1485 φυλατ-

1023 1495 1136 1529 τόμενον
1150 1495 1195 1521 τὸν
1209 1495 1278 1522 ἑπτὰ
1291 1496 1319 1522 ὲν
1332 1496 1432 1531 ἑαυτῷ.
1449 1496 1544 1528 Οὕτως
1560 1494 1608 1524 οὖν
1637 1506 1684 1532 μοι
1699 1498 1754 1523 νόει
1768 1496 1816 1522 τόν

1023 1549 1053 1567 τι
1081 1540 1167 1574 Λόγον
1191 1540 1258 1567 Θεὸν
1276 1541 1372 1574 ὅντως,
1389 1541 1436 1569 καὶ
1452 1542 1501 1577 τὴν
1514 1543 1604 1578 σάρκα
1618 1542 1762 1579 ἄνθρωπον
1773 1542 1817 1568 δν-

171 1589 294 1622 ,ηιὶηοιιι,
320 1593 350 1616 et
373 1588 514 1616 Christum
532 1594 566 1614 ex
584 1586 686 1620 Verbo,
705 1594 759 1613 non
772 1593 805 1614 es
821 1590 930 1618 natura,
946 1591 970 1614 ct

1023 1593 1093 1616 τως²
1110 1585 1158 1612 καὶ.
1172 1585 1289 1621 Χριστὸν
1305 1587 1353 1614 τὸν
1368 1587 1440 1614 κατὰ
1452 1588 1537 1622 Λόγον
1552 1587 1583 1614 οὐ
1597 1587 1678 1623 φύσιν
1695 1596 1702 1603 ·
1717 1587 1764 1615 καὶ
1772 1587 1817 1614 τὶν

180 1644 243 1663 cuin
273 1643 337 1663 vcrc
355 1635 441 1662 Deum
456 1638 483 1662 et
498 1632 649 1661 hominem.

468 1738 562 1766 "CAP.
585 1737 670 1766 XXII.

218 1785 410 1819 Si,inquiunt,
427 1784 582 1812 naturalem
604 1785 734 1811 unionem
755 1789 782 1811 et
795 1793 843 1812 vos
858 1785 973 1812 conlile-

180 1831 261 1863 mini,
279 1830 306 1858 in
324 1838 379 1866 quo
403 1830 487 1866 igitur
514 1830 632 1858 diﬂ‘ertis
653 1838 668 1857 a
695 1830 851 1858 Severianis
874 1830 920 1866 qui
935 1829 977 1857 di-

182 1881 250 1904 cunt
264 1883 346 1903 unam
366 1879 472 1902 tantum
496 1882 556 1902 esse
580 1874 684 1902 Christi
711 1875 860 1902 naturam?
881 1873 977 1902 Omnis

182 1922 257 1949 enim
273 1920 406 1948 naturalis
422 1920 498 1952 unio,
521 1923 646 1946 naturam
665 1919 809 1954 quamdam
833 1918 915 1946 eﬂicit
931 1918 975 1946 di-

182 1975 290 1995 versam
315 1974 330 1994 a
356 1966 462 1994 naturis
475 1965 615 1997 unitis;et
627 1965 762 2000 siquidem
780 1965 862 1992 homo
876 1969 975 1991 natura

184 2021 239 2042 una
260 2017 313 2045 est,
330 2011 460 2048 quoniam
484 2011 567 2038 homo
583 2018 637 2038 non
661 2011 763 2045 plures,
779 2017 867 2044 neque
889 2009 975 2036 solius

184 2060 294 2091 animae,
308 2065 397 2093 neque
409 2057 496 2085 solius
511 2056 635 2091 corporis
645 2060 754 2087 natura,
774 2063 862 2090 neque
876 2055 972 2081 ambo-

181 2104 247 2133 rum
263 2103 410 2139 separatim
427 2103 609 2139 proprietates
627 2101 767 2128 naturales
783 2100 810 2128 in
825 2109 854 2127 se
867 2100 949 2127 habet
968 2109 975 2128 :

180 2151 339 2179 Iinortalitas
350 2149 454 2178 ctenim
474 2149 502 2176 in
521 2148 643 2180 homine,
656 2155 711 2175 non
728 2151 819 2174 autem
830 2146 857 2174 in
873 2147 974 2179 anima,

183 2198 233 2225 sed
246 2204 336 2232 neque
350 2196 461 2231 proprie
475 2195 503 2222 in
512 2202 639 2229 corpore.
651 2194 747 2221 Nonne
757 2213 764 2226 ,
789 2201 892 2228 quaeso,
909 2193 975 2220 ferri

184 2248 211 2270 cl
230 2242 300 2277 ignis
317 2246 478 2268 naturarum
498 2245 540 2267 est
555 2238 644 2266 unio?
667 2238 735 2266 etin
759 2238 821 2265 lana
841 2239 973 2274 sanguine

1025 1631 1134 1667 ἀληθῶς
1147 1631 1213 1659 Θεὸν
1229 1632 1276 1659 καὶ
1286 1632 1438 1669 ἄνθρωπον.

1314 1740 1336 1766 Κ
1342 1739 1439 1767 ΕΦΑΛ.
1472 1739 1536 1768 KB'.

1062 1784 1091 1811 El
1106 1782 1162 1815 οὗν.
1181 1785 1256 1819 φασὶ,
1270 1785 1316 1811 καὶ
1330 1785 1409 1821 ὑμεῖς
1423 1786 1542 1821 φυσικὴν
1549 1787 1600 1822 τὴν
1611 1787 1711 1814 ἕνωσιν
1721 1787 1818 1823 ὁμολο-

1024 1832 1108 1865 γεῖτε,
1122 1831 1148 1858 τί
1173 1831 1337 1866 διαφέρεσθε
1361 1832 1431 1867 πρδς
1461 1832 1526 1864 τοὺς
1540 1833 1604 1868 περὶ
1618 1833 1738 1869 Σεὸῆρον
1753 1833 1819 1868 μίαν

1027 1877 1107 1912 φύσιν
1122 1876 1251 1911 λέγοντας
1267 1877 1386 1912 Χριστοῦ
1401 1886 1409 1909 ;
1423 1878 1501 1905 Πᾶσα
1517 1878 1572 1914 γὰρ
1588 1879 1691 1914 φυσικὴ
1720 1879 1819 1910 Ξνωσις

1029 1923 1110 1958 φύσιν
1124 1922 1185 1950 τινὰ
1202 1923 1267 1958 μίαν
1279 1923 1355 1958 παρὰ
1368 1926 1418 1956 τὰς,
1436 1925 1589 1957 ἑνωθείσας
1612 1925 1734 1953 δείκνυσι
1745 1935 1751 1942 ·
1766 1925 1821 1960 φύ-

1028 1978 1069 2001 σις
1093 1970 1175 2005 γὰρὸ
1197 1969 1343 2006 ἄνθρωπος
1375 1971 1444 2006 μίαθ
1475 1971 1514 2003 ὡς
1540 1972 1685 2008 ἄνθρωπος
1713 1974 1760 2000 καὶ
1787 1973 1820 1999 οὐ

1027 2014 1136 2046 πλείους
1148 2023 1155 2030 ·
1173 2014 1243 2041 οὔτε·
1259 2015 1359 2051 ψυχῆς,
1374 2016 1437 2043 οὔτε
1470 2017 1598 2052 σώματος
1631 2018 1726 2053 μόνου,
1755 2018 1820 2045 οὔτι

1027 2059 1111 2094 ἄμφω
1125 2060 1190 2092 τοὺς
1203 2060 1300 2095 λόγους
1312 2061 1410 2097 μόνους
1421 2062 1522 2097 ἔχουσα
1534 2063 1598 2095 τοὺς
1624 2063 1773 2098 φυσικούς·
1789 2064 1820 2091 τὸ

1027 2105 1082 2142 γὰρ
1094 2105 1192 2140 θνητὸν
1206 2108 1235 2134 ὲν
1259 2107 1397 2144 ἀνθρώπῳ
1409 2109 1470 2144 μὲν,
1487 2109 1549 2136 οὔτε
1565 2110 1593 2137 δὲ
1606 2111 1635 2137 ὲν
1655 2111 1740 2147 ψυχῇ,
1756 2111 1819 2138 οὖτι

1026 2151 1055 2176 ὲν
1065 2149 1172 2183 σώματι
1188 2151 1242 2187 ίδὶᾳ
1253 2151 1321 2180 ἐστι,
1339 2153 1372 2179 Τί
1385 2151 1444 2186 οὖν,
1457 2150 1480 2181 ὧ
1493 2152 1577 2188 οὗτοι,
1589 2155 1637 2182 καὶ
1647 2156 1733 2190 πυρὸς
1749 2157 1821 2191 πρὶς

1027 2196 1135 2232 οἱδηρον
1151 2197 1202 2224 οὐκ
1216 2197 1275 2224 ἔστι
1287 2197 1343 2225 τῶν
1354 2198 1462 2234 φύσεων
1473 2200 1590 2234 ’ἑνωσιςς
1605 2201 1651 2227 καὶ
1667 2202 1714 2228 ἐπὶ
1732 2201 1821 2229 πόκου

1027 2243 1208 2278 αἱμοὸαφοῦς,
1217 2244 1247 2271 οὗ
1261 2245 1315 2273 τῶν
1326 2245 1426 2274 οὐσιῶν
1437 2247 1454 2282 ἡ
1468 2247 1613 2284 συμπλοκὴ
1625 2248 1679 2275 τῶν
1695 2257 1823 2283 σωματι-

186 2289 282 2318 tincta.
307 2293 399 2314 nonne
424 2283 625 2320 litconjunctio
641 2283 824 2319 corporalium
849 2284 970 2312 substan-

1028 2288 1083 2315 κῶν
1098 2298 1105 2322 ;
1122 2290 1177 2316 Καὶ
1193 2291 1235 2322 τίς
1261 2292 1318 2319 ἐστι
1334 2292 1350 2328 ἠ
1364 2293 1497 2329 γενομένη
1523 2283 1668 2329 καινοεέρα
1693 2294 1775 2328 φύσις
1791 2295 1823 2320 ὲν

185 2332 306 2360 tinrum?
321 2332 409 2359 Dicite
421 2334 514 2357 autem
528 2336 653 2364 quaenam
666 2336 736 2356 nova
752 2329 779 2356 in
794 2329 869 2357 hisce
879 2334 977 2357 natura

185 2386 235 2414 per
251 2377 408 2405 naturalem
421 2375 648 2412 compositionem
663 2376 779 2411 emergit
799 2384 806 2402 :
822 2375 888 2411 quid
903 2376 976 2404 enim

184 2423 259 2451 aliud
273 2423 329 2455 hic.
346 2427 375 2451 et
391 2426 455 2458 post
471 2421 680 2450 substantialem
691 2421 831 2454 unionem,
843 2421 897 2449 nisi
915 2426 977 2449 tan-

185 2476 244 2498 tum
268 2469 371 2498 ferrum
393 2468 509 2505 ignitum
537 2471 566 2496 et
598 2467 662 2496 lana
687 2472 848 2503 cruentata,
873 2472 901 2496 et
916 2468 977 2497 dua:

186 2516 310 2545 naturae?
325 2515 379 2544 Sed
394 2512 506 2548 scitote,
525 2515 548 2542 si
565 2519 656 2542 tamen
667 2514 720 2544 hoc
727 2514 805 2543 vobis
815 2516 975 2551 persuaderi

186 2562 282 2598 possit,
297 2561 458 2589 multimode
469 2568 530 2589 esse
542 2565 570 2588 et
585 2560 642 2588 dici
654 2561 809 2589 naturalem
822 2561 950 2589 unionem
968 2571 974 2589 ε

184 2610 226 2637 sic
242 2609 316 2636 enim
335 2608 437 2635 dicitur
457 2607 589 2635 naturalis
608 2607 675 2635 unio
686 2607 868 2642 quorumdam
887 2607 977 2635 diver-

184 2662 289 2687 sorum,
315 2662 369 2681 non
393 2658 485 2680 autem
503 2651 680 2686 naturarum,
704 2653 752 2681 sed
770 2659 859 2681 tamen
877 2662 976 2681 secun-

185 2701 252 2729 dum
269 2699 415 2736 quamdam
438 2703 567 2726 naturam
580 2698 781 2734 cujus‘aliquod
795 2699 975 2727 substantiule

186 2745 352 2781 principium
369 2751 465 2773 eorum
482 2745 611 2780 producit
630 2746 777 2777 unionem,
795 2745 867 2773 sicut
882 2745 976 2773 divina

187 2794 284 2818 natura
299 2791 455 2818 divinarum
470 2797 665 2829 personarum,
693 2795 721 2817 et
745 2790 846 2818 mentis
876 2794 974 2817 natura

187 2839 354 2869 potestatum
381 2837 490 2869 animai,
512 2840 541 2863 et
558 2836 628 2871 ignis
649 2841 747 2864 natura
776 2837 975 2872 proprietatum

186 2881 259 2914 ignis
278 2882 514 2910 substantialium'.
529 2882 622 2910 Altera
632 2888 726 2910 autem
743 2883 846 2911 dicitur
862 2889 976 2911 natura-

186 2925 221 2953 ιιι
237 2926 312 2961 uitio,
330 2926 357 2954 id
375 2932 416 2955 est
443 2928 614 2963 similitudo,
644 2930 798 2967 secundant
824 2931 975 2959 naturalem

1027 2335 1127 2367 τοῖσδε,
1140 2336 1247 2370 εἴπατε,
1266 2337 1310 2365 διὰ
1324 2338 1374 2374 τὴν
1386 2338 1506 2374 φυσικὴν
1521 2339 1610 2366 αὐτῶν
1622 2339 1747 2367 σύνθεσιν
1765 2348 1774 2355 θ
1793 2340 1822 2366 τί

1027 2382 1082 2417 γὰρ
1097 2382 1162 2410 ἄλλο
1183 2382 1246 2410 τάδε
1273 2385 1321 2411 καὶ
1336 2385 1405 2420 μετὰ
1420 2385 1471 2422 τὴν
1484 2386 1602 2422 οὺσιὼδη
1613 2385 1723 2419 ἕνωσιν,
1739 2387 1764 2413 ει
1781 2387 1821 2422 μὴ

1029 2427 1138 2463 σίδηρος
1166 2430 1381 2465 πεπυρωμένος,
1399 2431 1448 2457 καὶ
1464 2432 1549 2463 πόκος
1566 2432 1757 2468 ᾑματωμένος,
1772 2432 1822 2458 δύο

1028 2479 1058 2498 τε
1075 2471 1171 2506 φύσεις
1185 2473 1333 2508 (Dacorum;
1347 2475 1419 2501 Ἀλλ’
1433 2476 1502 2509 εστι,
1512 2476 1592 2512 ειπερ
1603 2475 1730 2503 πείθεσθε
1748 2484 1821 2512 μαν-

1029 2517 1168 2551 θάνοντες,
1200 2518 1238 2551 ὡς
1268 2520 1413 2555 πολλαχῶς
1436 2521 1581 2557 θεωρεῖται
1606 2522 1654 2549 καὶ
1674 2521 1785 2556 λέγεται
1805 2522 1821 2557 ἡ

1028 2563 1131 2600 φυσικὴ
1152 2563 1251 2597 ῑνωσις
1263 2574 1270 2581 ·
1286 2566 1303 2601 ἡ
1333 2566 1383 2602 μὲν
1399 2568 1453 2604 γὰρ
1469 2567 1581 2602 λέγεται
1595 2568 1700 2603 φυσικὴ
1720 2568 1822 2600 ἐνωσις

1028 2608 1116 2636 ἄλλων
1129 2609 1209 2636 τινῶν
1221 2611 1269 2637 καὶ
1280 2611 1311 2637 οὐ
1326 2611 1434 2646 φύσεων
1448 2610 1517 2640 οὖσα
1529 2621 1535 2629 ·
1551 2614 1622 2641 κατὰ
1630 2622 1692 2641 τινα
1709 2613 1761 2648 μέν
1776 2622 1822 2641 τοι

1029 2654 1121 2688 φύσιν,
1150 2654 1247 2688 Evam;
1260 2663 1266 2670 ·
1287 2655 1346 2692 ἃμα
1362 2657 1389 2683 δὲ
1417 2657 1465 2685 καὶ
1480 2659 1589 2693 φύσεως
1604 2658 1730 2686 οὗσιὼδιι
1746 2658 1822 2693 λόγῳ

1027 2699 1113 2734 αὐτῆς
1127 2699 1177 2734 τὴν
1192 2699 1290 2727 ἕνωσιν
1306 2700 1390 2728 τῶνδε
1404 2702 1547 2737 ὑφιστῶσα
1558 2710 1565 2717 °
1582 2699 1639 2730 οἷον
1654 2703 1673 2738 ἡ
1686 2701 1747 2730 θεία
1765 2702 1821 2737 φύ-

1029 2754 1071 2777 σις
1085 2745 1139 2772 τῶν
1156 2743 1239 2774 θείων.
1252 2747 1438 2781 ὑποστάσεων,
1469 2749 1517 2775 καὶ
1531 2749 1548 2784 ἡ
1561 2748 1610 2784 τῆς
1631 2748 1722 2784 ψυχῆς
1737 2748 1821 2783 φύσις

1028 2791 1074 2817 ἐπὶ
1085 2791 1139 2817 τῶν
1154 2790 1279 2827 ψυχικῶν
1294 2791 1446 2828 δυνάμεων,
1474 2794 1549 2830 καὶὴ
1569 2794 1617 2821 τοῦ
1631 2794 1719 2832 πυρὸς
1736 2794 1822 2830 φύσις

1027 2837 1082 2864 τῶν
1113 2838 1253 2866 οὖσιωδῶν
1267 2838 1351 2866 αὐτοῦ
1375 2841 1651 2879 ηποιοτήτωνΙΕτέρα
1664 2841 1692 2868 δὲ
1707 2840 1823 2875 λέγεται

1029 2884 1133 2919 φυσικὴ
1144 2884 1252 2916 Evr-istc.
1268 2885 1284 2920 ἢ
1298 2886 1367 2913 κατὰ
1385 2885 1416 2912 τὸ
1433 2885 1548 2920 eumsz
1561 2884 1631 2919 εἶδος
1645 2886 1700 2913 τῶν
1722 2886 1821 2921 διαφό-

1029 2940 1084 2967 ρων
1097 2929 1273 2959 bneﬁci:th
1284 2932 1413 2967 ὁμοῖωτις
1425 2941 1431 2946 ·
1448 2930 1503 2959 εἷον
1519 2933 1634 2967 ἀγγέλου
1647 2933 1716 2969 πρὸς
1733 2933 1823 2967 ἄγγεα
