1968 3094
203 107 269 140 “89

685 111 881 142 ADVERSUS
899 94 1171 143 NES’I‘ORiANOS.
1186 125 1220 130 -
1238 112 1312 142 LIB.
1334 112 1358 141 Ι.

1754 110 1821 142 um
1846 95 1852 102 ’

201 165 257 195 λον.
277 165 324 193 καὶ
353 164 437 192 [nmo
452 164 522 201 πρὸς
538 165 620 193 ἵππον
637 173 644 182 ’
654 166 743 201 ,ἑτέρα
757 167 785 194 δέ
801 168 858 194 ἐστι
880 167 983 202 φυσικὴ

1042 168 1152 202 speciem
1166 188 1172 200 ,
1187 175 1364 202 personarum
1377 167 1559 199 diversarum,
1577 171 1605 194 ut
1623 166 1710 202 angeli
1725 164 1759 194 ad
1772 175 1822 193 an-

199 211 313 242 ινωσις.
344 211 361 246 ἡ
383 210 518 247 διαφόρων
542 211 649 246 φύσεων
675 213 715 244 εὶς
749 212 857 247 φύσεως
888 212 984 248 γέννη-

200 266 243 285 σιν
269 258 431 293 καινοτέρας
461 258 635 291 συνέλευσις’
665 259 759 295 ὥσπερ
786 260 878 296 ή·τῆς
894 260 984 296 ψυχῆς

200 304 247 330 καὶ
273 303 321 330 τοῦ
350 303 475 338 σώματος
507 303 608 338 φύσις,
644 306 683 336 εἰς
708 304 851 340 ἀνθρώπου
887 305 983 340 φῦσιν,

200 348 249 375 καὶ
285 348 340 375 τῶν
369 348 390 375 δ’
417 349 557 384 στοιχείων
595 351 635 382 εις
679 351 779 386 σαρκὸς
812 351 903 386 φύσιν,
938 351 985 378 καὶ

199 395 329 422 πλειόνων
347 395 420 421 ποῶν
435 395 474 426 εἰς
489 395 665 431 ὲμπλάστρου
681 396 763 430 φύσιν
780 405 787 413 ’
803 398 864 432 ἥτις
879 398 926 424 καὶ
942 396 985 424 λέ-

199 449 277 475 γεται
292 440 576 476 δημιουργική.”Αλλη
592 441 621 467 δὲ
636 441 745 476 λέγεται
759 443 864 478 φυσικὴ
876 442 984 474 ἓνωσις,

199 487 216 522 ὴ
232 486 294 513 καθ’
315 486 464 513 ὑπόστασιν
478 486 542 521 μίαν
561 487 693 513 πλειόνων
713 487 821 522 φύσεων
845 488 983 523 συνδρομὴ

200 533 247 560 καὶ
272 534 311 564 εις
322 533 404 568 φύσιν
417 533 492 569 μίαιν
504 531 558 560 οἷον
567 534 584 568 ὴ
595 534 641 561 τοῦ
650 534 721 561 κατὰ
732 535 810 569 τήνδε
820 534 868 569 τὴν
879 535 985 569 ἡμέραν

200 578 288 609 φωτὸς
316 578 364 605 καὶ
379 578 459 613 ἀέρος
481 578 534 605 τῶν
555 579 663 613 φύσεων
686 579 830 614 συμπλοκή
845 588 852 595 ’
871 579 919 606 καὶ
936 580 984 606 τοῦ

201 622 287 658 τωρὸς
313 622 360 648 καὶ
386 623 495 657 σιδήρου
519 623 616 655 ἕνωσις
642 624 744 659 φυσικὴ
771 623 904 659 λεγομένη
919 645 926 657 ,
947 625 985 656 ὠς

201 668 271 694 κατὰ
286 667 335 699 τὰς
353 667 450 702 φύσεις
467 669 557 695 αὐτῶν
573 669 619 695 καὶ
634 669 664 695 οὐ
682 669 754 696 κατά
770 678 832 696 τινα
845 671 986 705 συμδεὸηο

200 713 266 739 κότα
284 713 374 745 αὐτοῖς
391 713 459 741 οὖσα
475 713 573 746 ἓνωσις
595 715 695 742 αὐτῶν.
712 716 773 747 Πῶς
789 713 836 742 οὖν
847 716 987 751 παρατρέ-

200 767 294 794 χοντες
310 759 347 795 μὴ
376 760 495 786 συνιέναι
518 760 579 787 καθ’
594 761 627 796 ἢν
647 760 736 796 φαμὲν
751 761 850 787 ἕνωσιν
867 761 986 796 φυσικὴν

199 803 246 830 τοῦ
260 805 348 838 Λόγου
364 805 413 840 τὴν
427 806 568 841 σάρκωσιν
581 807 671 841 ἡμεῖς,
687 806 748 833 καθ’
763 807 796 842 ἢν
812 806 900 834 ἄτοπα
918 808 984 842 ὑμῖν

199 850 390 885 συρῤἀψουσιν
410 851 447 883 ὡς
473 852 520 878 καὶ
535 853 590 884 τοῖς
605 852 782 887 Σεϐηρίταις,
797 853 869 879 κατὰ
882 853 984 889 ταύτην

200 895 352 930 ἐνδέχονται
376 896 436 923 τόδε
462 897 609 932 λεγόμενον
636 899 682 924 καὶ
703 898 749 932 ὑφ’
767 897 867 933 ὴμῶνς
886 899 944 925 ἀλλ’
957 900 986 926 ὲν

199 941 285 967 τοῖσδε
314 942 417 969 οὑτωσὶ
442 943 657 979 καταλελυμένοι
676 964 683 976 ,
706 943 752 970 και
777 952 804 970 τι
837 944 987 980 δεινότερον

201 987 348 1023 πρόϐλημα
380 988 452 1015 κατὰ
486 989 535 1024 τῆς
569 989 708 1025 ἡμετέρας
737 988 857 1021 πίστεως
883 990 986 1017 τοιόνδε

201 1032 294 1066 φασίν.

486 1081 611 1110 ΚΕΦΑΔ.
640 1081 703 1109 ΚΓ.

236 1125 298 1153 Ὀτι
313 1126 329 1162 ή
347 1126 407 1153 καθ’
423 1126 572 1153 ὑπόστασιν
593 1127 727 1160 σύνθεσις,
746 1128 835 1154 εῑτουν
856 1126 904 1154 τοῦ
918 1126 986 1153 Θεοῦ

202 1171 270 1207 πρὸς
294 1171 447 1207 ἄνθρωπον,
464 1172 479 1208 ἢ
495 1173 565 1208 ὑπὲρ
581 1173 662 1207 φύσιν
676 1173 736 1200 ἐστὶ
749 1174 799 1209 τῆς
815 1173 953 1209 θεότητος,
969 1173 985 1208 ἢ

202 1217 278 1252 παρὰ
303 1217 394 1251 φύσιν,
413 1218 429 1253 ἢ
443 1218 513 1245 κατὰ
527 1218 607 1252 φύσιν
623 1239 630 1251 ,
647 1219 704 1253 εἴγε
726 1218 810 1251 ὅντως
834 1218 913 1246 ἐστιν·
927 1217 986 1245 ἀλλ’

202 1265 226 1290 ει
243 1264 292 1299 μὲν
311 1264 381 1299 ὑπὲρ
395 1264 476 1298 φύσιν
492 1265 562 1295 αὕτη
576 1266 645 1297 ἐστὶ,
667 1265 790 1300 μείζονάς
801 1273 830 1291 τε
845 1264 987 1300 δυνάμεως

202 1309 282 1345 ἔργον
290 1310 329 1342 εὶς
343 1310 428 1346 αὐτὴν
443 1311 552 1345 γέγονε,
562 1311 610 1338 καὶ
622 1311 662 1343 εις
676 1311 707 1338 τὸ
718 1311 789 1346 ὑπὲρ
803 1311 888 1345 αὐτὴν
903 1310 987 1346 ηὐξή-

202 1355 247 1391 Θη,
261 1356 309 1383 καὶ
320 1356 370 1383 οὐκ
384 1357 490 1392 ἀληθῶς
503 1356 707 1391 παντοδύναμος
724 1356 804 1391 αὕτη,
820 1356 881 1383 οὐδὲ
897 1357 987 1383 πάντα

201 1400 281 1435 λόγον
295 1401 476 1436 ὑπερέχουσα.
495 1402 525 1428 Et
537 1402 565 1429 δὲ
583 1401 659 1437 παρὰ
675 1402 756 1436 φύσιν
767 1401 836 1437 αὕτη
852 1401 922 1434 ἐστὶ,
933 1401 989 1436 χει-

204 1454 258 1481 ρων
268 1454 297 1472 τε
312 1442 397 1480 αὐτῆς
408 1447 514 1480 γέγονε,
525 1447 572 1473 καὶ
583 1448 689 1483 τρεπτὴ
702 1447 844 1480 δέδεικται,
860 1448 907 1474 καὶ
920 1447 988 1484 πρὸς

202 1492 299 1526 ὕφεσιν
314 1492 487 1528 κατηνέχθη·
502 1494 526 1520 ει
554 1494 581 1520 δὲ
613 1493 682 1520 κατὰ
709 1494 791 1528 φύσιν
812 1493 880 1529 αὓτη
903 1494 986 1525 ἐστὶν,
1002 1507 1023 1536 C

203 1539 264 1565 οὕτε
278 1538 372 1573 χάριτι
386 1539 403 1574 ή
421 1539 557 1575 σάρκωσις
569 1539 616 1567 τοῦ
632 1541 729 1574 Λόγου,
745 1540 807 1567 οὔτε
835 1541 915 1576 μόνου
941 1540 987 1567 τοῦ

204 1583 269 1611 Υξοῦ
281 1605 289 1616 ,
301 1584 368 1611 ἀλλὰ
384 1586 430 1612 καὶ
446 1585 494 1612 τοῦ
512 1586 617 1622 Πατρὸς
636 1586 684 1613 καὶ
699 1586 747 1613 τοῦ
764 1586 921 1622 Πνεύματος
942 1587 988 1615 τοῦ

204 1629 295 1664 ἁγίου.
315 1631 347 1657 Τί
371 1631 399 1657 δὲ
425 1631 479 1666 ἄρα
495 1632 539 1658 καὶ
558 1631 630 1658 κατὰ
646 1632 726 1667 φύσιν
747 1630 825 1664 οὖσα,
842 1633 926 1660 πάλαι
940 1633 989 1668 μὲν

203 1675 252 1700 οὐκ
266 1674 384 1708 ἐγένετο,
400 1676 447 1701 νῦν
460 1675 488 1702 δὲ
505 1676 639 1711 ἐπράχθη,
655 1676 692 1707 ὡς
709 1676 821 1708 ἀτελοῦς
832 1677 894 1703 τότε
907 1676 989 1712 οὔσης

203 1720 253 1756 τῆς
265 1721 383 1756 φύσεως,
400 1722 448 1748 καὶ
463 1723 495 1748 ὲκ
510 1722 557 1748 τοῦ
575 1722 690 1756 δυνάμει
707 1723 747 1754 εις
760 1722 789 1749 τὸ
801 1722 927 1758 ἐνεργείᾳ
943 1723 990 1750 νῦν

206 1767 405 1802 προαχθείσης
422 1767 453 1794 Εἰ
469 1767 497 1793 δὲ
524 1767 612 1794 πάντα
637 1767 727 1794 ἄτοπά
756 1767 829 1794 ἐστιν
839 1768 885 1794 ἐπὶ
911 1767 989 1799 Θεοῦ,

204 1812 267 1838 ἀνευ
285 1812 313 1839 δὲ
335 1812 438 1839 τούτων
465 1812 590 1839 ὲνοῦσθαι
609 1812 705 1846 φύσεις
725 1812 774 1839 οὐκ
791 1812 876 1843 ἔστιν,
895 1813 911 1848 ἢ
930 1813 991 1840 ἀτό-

205 1866 264 1888 πως
277 1858 393 1892 ἥνωται,
407 1857 424 1892 ἢ
444 1858 493 1892 οὐχ
507 1857 619 1892 ἥνωται,
640 1858 718 1892 φησὶ,
733 1857 794 1884 καθ’
811 1858 959 1885 ὑπόστασιν
975 1859 990 1894 ὴ

209 1902 268 1929 θεία
292 1904 373 1937 φύσις
393 1903 475 1939 ἑτέρᾳ
488 1903 579 1937 φύσει.
597 1903 690 1931 Ταῦτα
702 1904 735 1930 ἃν
751 1903 838 1936 οὕτως
855 1903 939 1940 εῖχεν,
955 1905 991 1937 εἰ,

207 1949 300 1980 ἁπλῶς
328 1949 429 1981 παντὸς
457 1950 621 1984 πράγματος
633 1950 795 1985 γινομένου,
812 1950 893 1984 φύσις
910 1948 944 1987 ἦν
961 1951 992 1978 τδ

206 1995 340 2031 προσεχὲς
356 1996 460 2028 αἴτιονε
475 1996 506 2022 τὸ
525 1995 580 2030 γὰρ
597 1995 635 2030 μὴ
655 1995 784 2030 νήχεσθαι
801 1995 863 2023 καθ’
882 1996 990 2029 ὕδατος,

206 2042 223 2076 ἢ
239 2042 275 2078 μὴ
290 2041 428 2077 κυϐιστᾷν,
441 2041 457 2077 ἦ
472 2041 641 2068 καλωὸειτεῑν
653 2041 726 2068 τόνδε
742 2042 802 2069 τινὰ
829 2043 873 2069 τὸν
887 2042 992 2078 ἄνθρω-

206 2097 267 2121 πον,
282 2088 309 2114 τί
322 2087 355 2115 ἂν
373 2088 446 2114 εἴποι
456 2096 498 2119 τις
515 2088 556 2114 ὅτι
576 2088 646 2124 ὑπὲρ
661 2087 742 2123 φύσιν
760 2089 834 2123 αὐτῷ
846 2090 905 2116 ὲστι
922 2097 928 2121 ;
944 2090 991 2116 καὶ

210 2135 263 2170 μὴν
288 2134 412 2170 ὁμοφυὴς
437 2133 511 2169 αὐτῷ
532 2134 595 2161 τάδε
620 2134 734 2169 πράττει
751 2142 759 2149 ν
774 2135 831 2161 ἀλλ’
847 2135 888 2162 ὅτι
916 2124 992 2172 παρὲξ

1036 213 1137 248 gelum,
1159 213 1223 248 equi
1245 212 1283 240 ad
1301 220 1421 247 equum;
1449 211 1535 239 altera
1558 220 1669 247 quoque
1688 212 1823 242 naturalis

1036 259 1113 291 unio,
1131 259 1323 286 concurrentia
1341 258 1447 285 scilicet
1468 257 1640 285 diversarum
1659 262 1820 285 naturarum

1036 303 1069 331 ad
1085 303 1294 338 productionem
1309 301 1450 337 cujusdam
1465 309 1541 329 nova).
1552 306 1666 333 naturae,
1679 301 1750 328 sicut
1765 301 1822 328 ani-

1036 357 1087 376 ma:
1101 353 1129 376 et
1142 349 1266 383 corporis
1279 353 1376 376 natura
1391 348 1424 376 ad
1435 348 1556 375 hominis
1572 351 1698 374 naturam
1717 347 1822 375 consti-

1036 387 1177 427 tuendam,
1192 399 1219 422 et
1231 397 1349 429 quatuor
1364 394 1564 421 elementorum
1578 393 1611 420 ad
1632 392 1724 420 carnis
1740 397 1823 419 natu-

1037 449 1105 473 ram,
1116 446 1144 469 et
1157 441 1277 476 plurium
1288 440 1435 468 herbarum
1451 439 1484 467 ad
1506 439 1647 474 emplastri
1667 443 1794 465 naturam
1811 447 1817 464 ε

1036 494 1096 522 qua:
1114 486 1178 514 unio
1199 486 1301 513 dicitur
1321 485 1517 517 constitutiva;
1540 485 1624 511 altera
1640 491 1706 510 vero
1721 482 1824 510 dicitur

1036 532 1170 560 naturalis
1189 532 1266 563 unio,
1277 538 1339 558 cum
1349 530 1454 558 scilicet
1465 530 1557 564 plures
1575 533 1680 556 natum
1694 528 1721 555 in
1740 536 1822 555 unam

1036 585 1174 609 naturam,
1199 577 1352 605 secundum
1373 583 1529 611 personam,
1557 575 1725 605 coalescunt,
1751 573 1824 601 sicut

1037 623 1193 658 eonjunctio
1210 626 1316 649 natura;
1341 619 1412 648 lucis
1434 624 1463 647 et
1483 623 1588 646 natura;
1604 619 1675 646 aeris
1697 617 1730 645 ad
1750 617 1822 645 diem

1036 667 1347 703 producendumaignis
1359 666 1442 694 etiam
1459 669 1487 692 et
1500 664 1567 692 ferri
1579 664 1710 691 naturalis
1723 663 1824 690 dicitur
1850 663 1853 666 ’

1037 713 1114 745 uuio,
1133 712 1197 747 quia
1212 713 1252 745 tit,
1278 719 1333 739 non
1350 719 1399 746 per
1424 710 1515 745 aliqua
1537 717 1633 737 eorum
1659 708 1822 739 accidentia.

1036 759 1084 786 sed
1104 766 1155 793 per
1170 759 1242 793 ipsas
1255 764 1353 785 eorum
1367 760 1481 783 naturas
1500 764 1507 782 :
1532 754 1670 789 quomodo
1687 761 1753 789 ergo
1778 761 1824 780 re-

1036 809 1154 831 nuentes
1166 803 1320 838 intelligere
1338 800 1490 830 secundum
1505 807 1652 835 quamnam
1670 798 1824 826 naturalem

1037 849 1166 876 unionem
1190 847 1274 875 Verbi
1291 845 1509 874 incarnationem
1535 843 1710 876 conﬁtemur,
1728 851 1825 871 secun-

1037 894 1102 921 dum
1117 894 1192 921 illam
1206 900 1287 928 quam
1308 892 1411 920 insulse
1430 891 1572 918 vobiscum
1584 895 1613 917 et
1627 897 1688 917 cum
1701 889 1826 916 Severia—

1036 940 1080 967 nis
1092 942 1328 970 commentemur,
1344 938 1428 966 verba
1446 941 1540 964 nostra
1556 936 1716 971 accipiunt?
1730 935 1778 963 sed
1795 935 1825 962 in

1037 986 1113 1014 hisee
1124 985 1164 1013 sic
1179 984 1298 1013 conﬂicti
1311 985 1370 1012 haec
1383 983 1550 1012 terribiliora
1566 983 1593 1010 in
1605 982 1687 1009 ﬁdem
1703 986 1823 1012 nostram
1840 1009 1842 1011 ,

1035 1031 1125 1068 jaoula
1140 1031 1317 1066 detorquent.

1335 1077 1411 1105 CAP.
1431 1076 1525 1104 XXlll.

1072 1123 1238 1159 Conjunctio
1251 1121 1404 1151 secundum
1420 1128 1577 1157 personam,
1589 1127 1639 1148 seu
1656 1119 1722 1146 unio
1737 1119 1784 1146 Dei
1797 1123 1839 1150 οι,

1038 1169 1158 1197 hominis
1168 1189 1176 1202 ,
1188 1169 1232 1196 vel
1245 1172 1287 1196 est
1294 1176 1378 1203 supra
1387 1173 1511 1197 naturam
1525 1166 1737 1198 divinitatiavel
1749 1169 1826 1193 extra

1037 1219 1175 1247 naturam,
1202 1214 1244 1241 vel
1267 1213 1419 1243 secundum
1432 1216 1571 1246 naturam,
1597 1212 1621 1239 si
1647 1216 1737 1238 tamen
1760 1218 1826 1239 vere

1037 1261 1160 1295 exsistit;
1176 1260 1224 1288 sed
1245 1261 1268 1288 si
1293 1262 1384 1295 supra
1400 1263 1545 1303 naturam,‘
1563 1258 1591 1285 in
1614 1265 1646 1285 ea
1667 1256 1827 1292 supervenit

1038 1316 1108 1345 opus
1123 1307 1235 1343 majoris
1253 1306 1395 1343 potentize,
1407 1311 1436 1334 et
1450 1312 1533 1340 super
1548 1312 1578 1332 se
1591 1308 1671 1332 aucta
1680 1308 1738 1335 est;
1755 1302 1827 1330 unde

1037 1363 1093 1383 non
1109 1358 1152 1382 est
1163 1353 1348 1389 omnipotens,
1361 1360 1414 1380 nec
1428 1359 1538 1379 omnem
1558 1350 1692 1377 rationem
1707 1348 1826 1376 excedit.

1038 1401 1067 1429 Si
1089 1405 1181 1432 autem
1196 1403 1274 1427 extra
1287 1402 1426 1431 naturam,
1441 1397 1530 1432 seipsa
1547 1396 1638 1423 minor
1654 1395 1724 1422 facta
1740 1398 1784 1422 est
1799 1399 1827 1422 et

1038 1447 1180 1474 mutabilis
1188 1450 1312 1482 apparet.
1327 1449 1355 1473 et
1366 1445 1394 1472 in
1405 1442 1628 1472 extenuationem
1640 1442 1752 1477 delapsa
1764 1445 1807 1468 est
1818 1449 1826 1474 ;

1039 1493 1061 1521 si
1071 1493 1222 1528 verojuxta
1238 1495 1377 1522 naturam,
1390 1497 1481 1526 neque
1496 1497 1528 1516 ex
1542 1488 1630 1524 gratia
1647 1487 1728 1514 Verbi
1740 1488 1828 1514 incar-

1042 1539 1128 1570 natio,
1138 1545 1229 1573 neque
1239 1537 1326 1565 solius
1334 1536 1408 1569 Eilii.
1418 1535 1465 1563 sed
1474 1539 1502 1562 et
1511 1535 1547 1562 Pa
1553 1533 1827 1569 trisetSpiritussan-

1043 1584 1079 1612 cti
1089 1594 1095 1612 :
1107 1584 1154 1612 sed
1165 1588 1193 1611 et
1204 1591 1265 1616 cur,
1278 1582 1344 1611 sisit
1356 1583 1433 1618 juxta
1444 1585 1582 1613 naturam,
1592 1588 1647 1607 non
1662 1584 1742 1606 antea
1757 1578 1828 1606 facta

1042 1637 1094 1664 est,
1107 1631 1155 1660 sed
1163 1639 1248 1663 nunc.
1257 1631 1336 1666 quasi
1347 1634 1445 1658 natura
1457 1629 1537 1665 prius
1549 1628 1707 1664 imperfecta
1719 1626 1826 1656 fuisset.

1043 1682 1071 1706 et
1088 1686 1162 1705 nunc
1185 1678 1219 1705 de
1235 1676 1359 1712 potentia
1376 1676 1411 1704 ad
1438 1680 1531 1704 actum
1558 1674 1701 1702 transierit
1716 1673 1727 1700 ἲ
1740 1673 1793 1700 Sed
1806 1673 1828 1699 si

1043 1725 1135 1752 omnia
1147 1724 1204 1751 haec
1223 1723 1250 1750 in
1267 1723 1324 1750 Deo
1344 1725 1409 1750 sunt
1420 1721 1551 1753 absurda,
1568 1727 1620 1747 nec
1632 1719 1829 1755 possintaliter

1044 1770 1172 1806 conjungi
1184 1774 1301 1802 naturae,
1310 1769 1353 1796 vel
1365 1767 1484 1795 absurde
1494 1767 1680 1802 conjungitur,
1688 1765 1827 1800 inquiunt,

1044 1816 1087 1844 vel
1107 1815 1219 1843 omnino
1240 1823 1296 1842 non
1321 1813 1498 1849 conjungitur
1512 1817 1612 1840 natura
1634 1812 1726 1839 divina
1750 1811 1829 1838 alteri

1044 1865 1160 1888 naturas.
1181 1860 1235 1887 Sed
1260 1861 1297 1887 ita
1323 1863 1397 1887 esset
1422 1859 1457 1891 si,
1487 1858 1541 1886 hoc
1563 1857 1724 1892 simpliciter
1745 1856 1828 1887 facto.

1045 1909 1143 1933 natura
1166 1909 1239 1933 esset
1265 1913 1348 1933 causa
1367 1904 1524 1932 immediata
1541 1913 1548 1931 :
1566 1911 1685 1938 namque
1708 1911 1763 1931 non
1780 1912 1830 1930 na-

1044 1957 1102 1979 tare
1117 1951 1145 1979 in
1163 1952 1251 1986 aquis.
1266 1959 1321 1979 non
1336 1951 1364 1978 in
1385 1954 1468 1986 caput
1486 1951 1595 1984 saltare,
1613 1955 1661 1978 aut
1677 1950 1705 1977 in
1721 1949 1830 1977 rudenti

1045 1998 1186 2025 ambulare
1205 1997 1310 2026 huncce
1331 1997 1483 2030 hominem,
1507 1997 1646 2033 quomodo
1674 1997 1737 2032 quis
1758 1996 1832 2024 dicat

1046 2045 1105 2072 haec
1131 2052 1212 2080 supra
1237 2048 1363 2072 naturam
1390 2045 1450 2080 ejus
1482 2044 1566 2072 esse?
1595 2044 1732 2079 siquidem
1760 2043 1831 2070 alius

1046 2090 1168 2126 ejusdem
1187 2094 1292 2118 naturae
1306 2090 1364 2117 htec
1378 2090 1444 2117 facit
1456 2099 1462 2116 :
1479 2094 1526 2117 aut
1537 2095 1614 2117 extra
1627 2089 1831 2117 naturam?st

1047 2135 1119 2171 quod
1139 2143 1172 2163 ea
1191 2143 1244 2162 non
1268 2135 1343 2167 facit,
1365 2143 1420 2163 non
1441 2135 1534 2163 minus
1555 2143 1588 2163 eo
1609 2138 1651 2162 est
1668 2135 1769 2168 homo;
1784 2140 1833 2161 aut

208 2180 289 2215 φύσιν
302 2189 310 2213 ;
323 2180 369 2206 καὶ
383 2180 438 2215 μὴν
460 2180 535 2206 οὐδὲν
550 2178 631 2216 ἦττον
646 2180 787 2215 ἄνθρωπός
805 2182 862 2209 ἐστι
888 2182 936 2209 καὶ
953 2182 989 2218 μὴ

1043 2181 1194 2222 secundum
1211 2181 1358 2209 naturam?
1374 2180 1423 2208 sed
1446 2180 1586 2216 quomodo
1607 2180 1654 2216 qui
1674 2188 1728 2207 non
1746 2185 1831 2210 natat.

209 2227 335 2261 πράττων
363 2225 424 2253 τάδε
437 2235 444 2241 ν
460 2226 518 2253 ἀλλ’
543 2226 584 2252 ὅτι
613 2227 684 2253 κατὰ
700 2227 800 2262 φύσιν;
818 2227 865 2254 καὶ
882 2227 940 2259 πῶς
957 2227 995 2264 μὴ

208 2272 357 2307 νηχόμενος
373 2272 389 2308 ἦ
408 2272 554 2305 κυϐιστῶν,
571 2273 587 2308 ἢ
605 2273 771 2300 καλωϐατῶν
787 2274 816 2300 ὲν
841 2274 897 2305 τοῖς
924 2273 996 2301 κατὰ

209 2318 290 2353 φύσιν
303 2318 378 2345 οὐδὲν
393 2318 503 2345 ἔλαττον
517 2319 610 2352 Eam;
628 2319 732 2346 Οὐκοῦν
750 2319 843 2354 σαφῶς
859 2319 930 2347 κατὰ
946 2321 996 2355 τὴν

209 2364 332 2391 εὐδοκίαν
356 2365 414 2391 ἐστὶ
431 2364 493 2392 τάδε
515 2365 564 2400 τῆς
594 2365 720 2401 φύσεως,
745 2367 792 2393 καὶ
806 2366 836 2393 οὐ
863 2365 934 2394 κατὰ
947 2366 996 2401 τὴν

210 2410 291 2445 φύσιν
302 2410 348 2436 τοῦ
357 2410 528 2443 εὐδοκοῦντος
540 2411 596 2447 ἔχει
609 2412 657 2447 τὴν
671 2412 759 2439 αἰτίαν
773 2412 898 2447 πρώτως.
910 2413 997 2440 Τινῶν

211 2456 264 2491 γὰρ
280 2456 412 2482 ἐναντίων
436 2456 509 2492 ἀρχὴ
531 2457 578 2483 καὶ
595 2457 715 2490 ἐξουσία,
728 2458 745 2492 ἡ
759 2458 857 2492 γνώμη
875 2458 934 2485 ἐστὶ
948 2458 996 2485 καὶ

209 2501 259 2536 οὐχ
276 2502 291 2535 ὴ
321 2500 411 2535 φύσις.
431 2500 503 2528 Ἀλλ’
520 2501 601 2536 αὕτη,
618 2503 696 2537 φησὶ,
723 2503 739 2537 ή
756 2503 852 2534 ἓνωσις
865 2503 913 2530 τοῦ
927 2503 995 2530 Θεοῦ

211 2547 272 2574 καθ’
287 2547 360 2582 ἡμᾶς
385 2548 485 2582 φυσικῇ
511 2547 634 2574 συνθέσει
651 2548 820 2584 ἀπετελέσθη
834 2556 840 2562 ·
855 2548 953 2585 γνώμῃ
968 2549 997 2575 δὲ

213 2593 265 2630 ἰδίᾳ
281 2593 362 2628 φύσις
378 2593 426 2628 οὐχ
447 2593 641 2621 ὑποτέτακται.
661 2595 698 2620 Οὐ
715 2595 770 2630 γὰρ
796 2595 858 2621 ἐ.πεὶ
885 2595 995 2622 εὐδοκία

211 2642 271 2667 ἐστὶ
299 2639 408 2671 πολλοῖς
435 2640 610 2674 ἁδαμαντίνῳ
625 2641 642 2673 ἢ
664 2640 749 2676 ἀερίῳ
764 2640 870 2675 σώματι
885 2643 997 2675 συγκεῖ-

213 2687 274 2714 σθαι
292 2687 382 2713 αὺτῶν
394 2686 443 2721 τὴν
459 2686 540 2720 φύσιν
551 2686 600 2721 τῆς
614 2686 713 2722 ψυχῆς,
722 2687 773 2722 ἠδη
785 2687 830 2713 καὶ
844 2687 995 2721 σύγκειται·

213 2733 270 2759 ἀλλ’
286 2733 370 2764 ὅντως
395 2732 483 2763 οὕτως
510 2733 566 2768 ἔχει
600 2732 672 2765 τάδε,
685 2733 728 2768 ἐφ’
743 2730 780 2760 ὧν
793 2733 883 2768 ἥττων
895 2735 968 2761 ἐστὶν
982 2735 998 2769 ή

214 2779 321 2806 ιὺδοιιία
349 2781 381 2815 τῇ
396 2779 511 2815 δυνάμει
532 2780 589 2814 ,τῆς
613 2779 720 2813 φύσεως
737 2779 783 2806 τοῦ
795 2770 970 2812 εὐδοκοῦντος
989 2789 995 2796 ·

213 2825 273 2852 οὑδὶ
288 2826 339 2860 γὰρ
355 2827 377 2852 οἱ
391 2826 466 2858 πεζοὶ
484 2825 622 2860 πτηνῶςαι
635 2827 746 2858 ἑαυτοὺς
762 2825 892 2862 lupique:
905 2827 996 2861 φύσει,

1045 2235 1100 2255 non
1117 2227 1145 2254 in
1170 2231 1253 2262 caput
1272 2226 1371 2260 saltat,
1395 2230 1443 2254 aut
1468 2226 1653 2258 funeincedit,
1665 2234 1719 2253 non
1743 2225 1834 2254 minus

1045 2280 1106 2307 quae
1121 2276 1186 2300 sunt
1202 2271 1354 2299 secundum
1377 2276 1502 2299 naturam
1525 2272 1578 2299 alia
1599 2271 1732 2299 habebit?
1747 2271 1833 2298 Mani-

1046 2319 1114 2346 festo
1148 2318 1230 2354 igitur
1252 2318 1310 2347 haec
1341 2322 1406 2346 sunt
1442 2317 1595 2345 secundum
1630 2317 1835 2353 beneplacitum

1046 2369 1161 2396 natura},
1171 2371 1225 2390 non
1241 2363 1268 2391 in
1282 2368 1380 2392 natura
1394 2363 1584 2394 benevolentis
1595 2371 1704 2391 causam
1719 2363 1833 2399 primam

1047 2410 1160 2438 habent.
1175 2410 1304 2446 Regimen
1319 2410 1392 2437 enim
1404 2413 1665 2445 etpotestasrerum
1681 2410 1835 2438 contraria-

1048 2464 1119 2489 rum,
1132 2457 1259 2483 voluntas
1270 2460 1384 2488 est,non
1397 2460 1506 2483 natura.
1520 2455 1639 2488 Sed,ait,
1654 2450 1777 2486 illaunio
1785 2455 1833 2482 Dei

1047 2502 1192 2530 nobiscum
1203 2501 1321 2532 naturali
1330 2502 1522 2536 conjunctione
1534 2501 1584 2528 fuit
1593 2501 1727 2540 perfecta:
1737 2505 1834 2528 natura

1048 2553 1140 2576 autem
1156 2548 1274 2583 propria:
1293 2548 1426 2575 voluntati
1444 2556 1498 2575 non
1517 2548 1650 2584 subiacet.
1675 2546 1837 2575 Veientibus

1048 2595 1121 2622 enim
1134 2594 1261 2630 plurimis
1270 2594 1389 2622 animam
1404 2602 1480 2622 suam
1499 2594 1627 2630 conjungi
1644 2602 1706 2621 cum
1720 2601 1836 2629 corpore

1049 2641 1225 2670 adamantino
1233 2641 1415 2673 autmtherco,
1427 2645 1534 2668 nonest
1546 2641 1678 2668 ineorum
1688 2643 1836 2676 potestate;

1050 2687 1088 2714 ita
1100 2691 1191 2716 autem
1208 2691 1260 2719 est,
1276 2687 1340 2722 quia
1353 2687 1479 2714 voluntas
1491 2686 1580 2714 minor
1598 2691 1640 2713 est
1657 2690 1760 2713 natura:
1777 2690 1838 2724 pnt-

1049 2738 1145 2761 estate.
1161 2733 1221 2760 Non
1236 2733 1308 2760 enim
1324 2741 1386 2760 cum
1403 2733 1544 2768 pedestres
1559 2733 1656 2765 simus,
1666 2738 1764 2760 natura
1775 2740 1838 2769 pns-

1050 2789 1146 2808 sumus
1157 2788 1208 2808 nos
1223 2780 1272 2808 alis
1291 2780 1440 2812 instruere,
1459 2778 1583 2815 quamvis
1604 2778 1719 2805 \oiitare
1745 2778 1839 2814 cupia-

1052 2835 1123 2853 mus.
1140 2826 1192 2853 Sed
1216 2827 1242 2852 in
1260 2826 1313 2853 Dm
1335 2826 1459 2853 miunttn
1480 2830 1509 2852 rt
1525 2829 1620 2852 natura
1637 2823 1760 2859 ejusdem
1774 2829 1838 2851 sunt
