1968 3094
1607 78 1620 99 Ι

177 108 244 140 1435
805 107 958 137 LEONTII
978 107 1179 137 BYZANTINI
1726 103 1796 135 i596

173 162 247 188 enim
279 160 336 187 sola
368 159 644 187 consubstantialium
680 160 847 195 proprietate
878 158 950 186 ditl‘e-

1008 159 1116 186 στῶσαν
1130 158 1183 185 τῶν
1203 158 1387 193 όμοουσῖων...
1409 157 1481 193 ἁπλῆ
1505 157 1638 193 φανείη...
1664 156 1702 192 τῷ
1723 154 1796 186 εἶναι

175 211 292 233 rant.....
311 205 427 241 simplex
446 205 646 233 videretur.....
664 213 697 232 eo
720 206 793 241 quod
818 206 950 241 ingenitus

1009 205 1164 239 ἀγεννήτως
1177 204 1250 238 ἀφ...
1264 203 1330 230 ἀλλὰ
1347 204 1392 229 καὶ
1410 203 1448 238 τῷ
1467 203 1625 237 γεννητικὸς
1644 203 1690 229 τοῦ
1706 204 1795 237 Λόγου

173 253 267 279 sit.....
283 251 331 279 sed
347 256 374 278 et
387 259 420 279 eo
432 251 505 286 quod
522 252 558 280 sit
571 252 679 287 genitor
697 251 777 278 Verbi
797 257 825 278 et
839 252 950 286 spirate:

1008 249 1088 282 εἶναι,
1113 251 1160 276 καὶ
1179 249 1372 285 ὲκπορευτιχὸς
1396 249 1443 275 τοῦ
1471 249 1647 283 Πνεύματος,
1669 250 1716 275 καὶ
1747 251 1795 276 ἁν-

174 297 292 332 Spiritus
303 297 401 327 sancti.
414 297 471 331 ipse
487 305 540 324 non
558 297 727 332 procedens;
748 297 851 332 pariter
866 302 957 324 autent

172 347 200 369 et
224 340 343 376 Spiritus
370 343 470 377 plures
487 347 551 370 sunt
573 342 767 377 proprietates.
790 342 848 369 Non
874 342 958 377 igitur

173 388 362 422 multiplicitas
386 389 570 423 personalium
596 388 795 423 proprietatum
821 389 959 423 composi—

174 437 228 459 tam
244 434 325 460 eilicit
347 434 499 468 simplicem
518 433 732 468 proprietatem;
749 433 796 461 sed
815 433 879 461 licet
894 434 956 468 quis

173 486 205 505 ix
223 479 348 512 pluribus
361 479 485 513 personis
506 486 586 505 unam
607 486 749 514 personam
767 479 895 514 componi
911 487 956 506 ar-

175 519 382 559 hitretuhquod
397 532 445 551 nos
455 524 528 552 absit
542 525 646 556 dicere,
660 525 707 559 qui
724 525 836 552 mininte
848 526 957 553 censui-

174 578 235 596 ntus
253 578 362 597 carnem
386 570 462 604 prius
484 570 569 598 fuisse
603 570 748 597 formatam
770 574 797 597 et
821 575 915 604 postea
942 579 956 597 a

175 615 262 641 Verbo
278 620 455 649 assumptum,
472 615 543 642 sicut
556 615 634 642 vobis
650 615 748 650 placet,
767 616 815 643 sed
830 624 862 643 ex
882 617 957 651 priu-

174 660 246 693 cipio
261 667 317 687 sua:
330 660 497 688 exsistentia!
511 661 537 688 in
556 668 702 695 personam
717 662 799 689 Verbi
817 661 901 688 fuisse
916 663 956 689 in-

173 705 293 737 ductam,
308 705 379 732 unde
390 705 526 737 Christus,
543 714 624 740 quem
635 714 682 733 vos
696 706 787 740 potius
801 715 834 734 ex
849 707 958 736 duabus

172 749 297 783 personis
314 750 341 776 in
361 749 498 784 duplicem
512 758 655 785 personam
671 751 810 787 ellingitis,
828 752 882 785 vel,
902 761 956 781 non

171 801 379 831 componentes,
410 797 545 825 simulatis
571 799 722 831 unionem:
749 800 821 827 unde
850 800 953 828 Christi

171 847 268 869 natura
282 851 336 870 non
351 844 466 878 amplius
475 844 556 871 habet
566 844 599 871 ad
612 845 696 872 Deum
706 851 859 882 respectum
871 855 952 882 quam

169 894 331 916 ceterorum
346 889 487 916 hominum
501 895 598 918 natura
611 900 618 923 ;
634 899 723 926 neque
734 900 783 920 cur
798 892 843 919 ille
855 892 955 919 media-

171 938 214 960 tor
225 942 295 961 unus
309 934 417 962 dicatur
429 935 477 962 Dei
489 940 518 963 et
532 936 674 964 hominum
688 937 781 964 dicere
793 937 918 971 potestis.

467 990 541 1019 CAP.
560 991 644 1019 XXX.

204 1045 232 1072 Si
249 1045 302 1073 alia
323 1050 396 1073 esset
415 1046 499 1074 Verbi
525 1055 643 1082 persona
662 1047 722 1076 sine
745 1056 826 1077 carne
850 1055 878 1077 et
899 1051 952 1078 alia

168 1100 230 1118 cmn
244 1099 325 1119 carne
343 1092 463 1127 propria,
477 1093 633 1121 necessario
648 1102 757 1129 quoque
769 1095 843 1122 aliud
857 1095 953 1123 fuisset

124 1172 130 1177 ‘
167 1137 288 1164 Verbum
312 1138 472 1173 aliquando,
494 1139 568 1167 aliud
590 1144 681 1166 autent
698 1145 791 1175 postea
806 1150 812 1167 :
827 1141 953 1176 sequitur

166 1183 239 1210 enim
264 1183 420 1211 necessario
445 1191 568 1219 personas
588 1184 778 1214 mutationem.
808 1185 881 1213 illius
905 1187 952 1220 qui

167 1236 310 1263 personam
318 1228 400 1256 habet
411 1229 538 1256 mutatio.
554 1228 635 1256 Aliud
646 1229 808 1265 intelligitur
818 1235 846 1257 et
855 1231 889 1258 de
897 1239 953 1258 mu-

168 1274 268 1301 tatione
284 1278 389 1309 natura:
409 1279 437 1302 et
459 1274 492 1301 de
516 1275 696 1309 acquisitione
708 1275 780 1303 etde
796 1277 952 1304 accessione

166 1320 346 1354 quorumdam
374 1319 606 1348 substantialium.
624 1320 668 1347 Sic
678 1321 737 1349 lana
755 1326 797 1348 est
817 1321 911 1349 eadem
925 1326 952 1348 et

166 1373 220 1392 neu
228 1365 353 1398 alia,sive
363 1365 474 1398 sitalba,
484 1370 558 1394 utcst
566 1366 795 1398 naturaliter,sive
803 1372 951 1402 purpurata

166 1411 248 1438 fuerit
268 1414 399 1447 sanguine
423 1414 592 1441 concham...
610 1414 726 1441 visa.....
752 1415 782 1439 ut
802 1413 950 1441 secundum

167 1459 346 1486 substantiam
373 1463 401 1486 et
427 1465 631 1494 personam.....
647 1459 750 1487 habere
779 1459 813 1487 ad
840 1459 951 1494 sangui-

167 1512 239 1532 D‘Clll.
246 1526 251 1532 .
259 1525 274 1531 ..
281 1525 288 1531 .

166 1558 283 1585 persona
305 1551 504 1586 intelligeretur
525 1551 665 1578 incarnata
680 1559 693 1578 a
707 1559 760 1578 non
783 1551 922 1579 incuruata
941 1561 947 1578 :

165 1604 220 1625 non
235 1597 308 1623 enim
323 1597 406 1624 Verbi
428 1598 542 1625 mutatio
563 1598 622 1632 ejus
639 1597 792 1624 incarnatio
806 1617 812 1629 ,
829 1597 876 1624 sed
892 1602 950 1624 tan-

167 1648 224 1670 tum
246 1642 268 1669 si
289 1642 408 1670 Verbum
424 1650 484 1670 esse
497 1646 633 1675 cessaret;
647 1643 720 1677 quod
733 1647 823 1670 autem
837 1643 950 1670 desierit

166 1695 276 1717 carnem
293 1696 346 1715 non
366 1688 512 1716 habere....
532 1696 606 1715 nunc
622 1688 820 1717 incarnatio....
834 1688 948 1715 Filio....

165 1733 289 1762 divinum
301 1738 373 1761 esset
385 1735 658 1762 attributum....non
673 1738 764 1761 autem
781 1742 834 1761 non
850 1734 950 1761 habere

165 1787 334 1806 carnem.....
350 1780 432 1807 Verbi
449 1787 582 1815 personae.
601 1779 648 1807 Sic
667 1779 740 1807 enim
762 1784 790 1807 et
813 1779 903 1810 Pater.
923 1783 951 1806 ct

167 1825 286 1859 Spiritus
308 1826 428 1856 sanctus:
450 1829 477 1853 et
492 1825 579 1861 angeli
593 1829 621 1853 et
641 1825 739 1855 anima:
754 1825 830 1852 verba
846 1829 948 1858 essent,

164 1879 219 1898 non
237 1879 316 1899 secus
342 1879 374 1898 ac
403 1871 677 1906 Filius;negativum
702 1875 793 1898 autetu
819 1870 949 1905 primario

165 1917 407 1952 praedicameutum
423 1917 583 1945 substantiae
604 1917 700 1951 ipsius,
721 1916 885 1944 secundario
899 1924 949 1943 au-

165 1968 220 1992 tem
241 1970 365 1999 persona:
380 1963 476 1998 ipsius,
498 1967 611 1997 propter
627 1962 806 1989 substantiam
818 1962 874 1997 jam
891 1962 949 1996 pri—

164 2010 226 2040 dem
246 2011 281 2037 ita
297 2010 488 2045 prmdicatatn;
510 2017 582 2037 nunc
595 2017 661 2036 vero
685 2008 719 2036 de
737 2008 898 2036 substantia
909 2009 949 2035 sie

164 2054 340 2089 praedicatur,
358 2062 412 2081 non
429 2058 519 2082 autem
533 2053 696 2088 simpliciter
706 2056 734 2080 et
744 2053 825 2080 unice
842 2053 876 2080 de
888 2060 950 2088 pcr-

164 2108 242 2129 sona.
256 2099 320 2135 quia
345 2099 404 2126 haec
426 2099 453 2126 in
478 2107 507 2126 se
531 2099 637 2133 recepit
662 2098 743 2125 aliam
766 2099 948 2126 substantiam

163 2152 223 2182 qua:
238 2145 356 2173 carnalis
380 2145 562 2180 praedicatur;
576 2149 603 2172 et
631 2145 689 2178 ipsa
709 2144 783 2171 valet
809 2148 839 2170 ut
864 2144 947 2172 Verbi
964 2167 986 2194 Β

164 2196 278 2223 natura;
295 2191 458 2218 secundario
481 2191 508 2217 in
530 2197 645 2225 persona
665 2190 724 2224 eius
747 2190 887 2224 proprium
903 2195 946 2217 at-

165 2237 299 2266 tributum
324 2236 473 2269 eausabat;
491 2236 532 2263 sic
552 2240 580 2262 et
599 2239 697 2262 natura
720 2235 836 2270 hujusce
857 2236 948 2263 carnis

164 2283 329 2310 secundario
338 2283 364 2310 in
372 2290 431 2310 cam
438 2282 525 2316 intlgit
535 2281 676 2316 proprium
688 2281 862 2314 attributum,
871 2282 897 2309 id
906 2287 948 2310 est

164 2329 390 2359 incarnationem,
403 2328 479 2364 quasi
487 2334 602 2362 persona
612 2326 680 2354 facta
691 2327 775 2354 fuerit
786 2327 811 2354 ei
826 2329 945 2363 propria;

161 2374 210 2402 sed
226 2382 281 2401 non
299 2374 350 2401 fuit
372 2374 443 2401 alius
457 2377 537 2402 antea
553 2378 581 2400 et
592 2373 662 2400 alius
675 2377 785 2407 postea,
799 2374 846 2401 sed
861 2374 944 2406 idem.

160 2425 190 2449 at
201 2421 281 2448 aliter
298 2424 326 2447 et
334 2420 414 2447 aliter
422 2427 556 2455 apparens
574 2419 702 2455 Verbum,
718 2420 854 2456 siquidem
870 2423 947 2457 prius

160 2474 278 2505 persona
285 2466 609 2495 solummodoinvisibilis
623 2473 692 2500 erat,
702 2477 775 2496 nunc
783 2473 873 2496 autem
883 2469 947 2496 visi-

166 2512 228 2540 bilis
238 2517 280 2540 est
287 2513 368 2540 etiam
378 2517 490 2548 propter
496 2513 601 2541 visibile
609 2514 677 2541 illud
684 2515 757 2550 quod
765 2515 790 2542 iu
797 2523 825 2543 se
834 2517 944 2551 recepit.

165 2562 193 2589 δὲ
211 2560 256 2586 καὶ
283 2559 370 2591 ἄλλως
386 2559 585 2595 ὲμφαινόμενος
606 2560 620 2586 ό
638 2561 734 2594 Λόγος·
747 2561 808 2588 ἐπεὶ
829 2563 913 2590 πάλαι
932 2563 980 2599 μὲν

163 2606 248 2642 ὁρατὴ
262 2605 305 2632 διὰ
321 2605 352 2632 τὸ
363 2605 460 2641 ὁρατὸν
474 2607 512 2638 εἰς
534 2606 633 2641 ἑαυτὴν
648 2607 826 2643 πρόσλημμα.

452 2651 527 2679 CAP.
557 2652 652 2679 XXXI.

197 2709 226 2736 Si
242 2709 324 2736 homo
346 2712 389 2735 est
417 2713 574 2743 utrumque,
593 2709 664 2736 Deus
678 2709 783 2737 scilicet
807 2714 833 2737 et
852 2710 944 2741 homo,

163 2754 235 2783 sicut
259 2753 378 2782 Verbum
406 2754 480 2781 Deus
513 2758 660 2790 utrumque
687 2759 738 2784 est.
770 2755 944 2784 manifestum

164 2803 216 2829 est.
237 2799 306 2828 sicut
331 2799 413 2827 homo
439 2806 492 2825 non
520 2804 559 2826 cst
590 2804 686 2826 natura
710 2800 800 2833 Πεπιις,
829 2802 868 2828 sic
896 2809 946 2828 nec

316 1506 388 1532 sicut
413 1514 551 1533 omne.....
576 1514 719 1541 genus.....
744 1506 797 1534 alia
825 1514 945 1540 ergo.....
963 1500 985 1529 C

1008 296 1184 329 εκπόρευτος·
1200 295 1299 330 όμοέως
1316 295 1344 321 δὲ
1359 296 1405 321 καὶ
1427 295 1603 330 Πνεὺματος,
1631 295 1715 321 πλείω
1736 296 1794 322 ἐστὶ
1819 320 1821 322 .

1008 342 1041 367 τὰ
1057 341 1120 368 ἴδια.
1135 342 1190 368 Οὐκ
1202 341 1255 376 ἄρα
1263 341 1308 367 οὖν
1323 342 1336 367 ό
1351 341 1518 375 πλεονασμὸς
1534 341 1587 367 τῶν
1604 341 1795 367 ὑποστατικῶν

1011 386 1172 421 ἰδιωμάτων,
1202 386 1329 413 σύνθετον
1353 388 1426 413 ποιεῖ
1442 387 1490 420 τὴν
1515 387 1606 420 ἁπλῆν
1630 387 1792 435 ὑπόσταὲν·

1009 433 1066 459 ἀλλ’
1083 433 1161 468 εἴπερ
1175 434 1206 459 ἐκ
1221 433 1350 459 πλειόνων
1369 433 1544 459 ὺποστάσεων
1561 433 1625 467 μίαν
1642 433 1794 458 ὑπόστασιν

1007 487 1049 509 τις
1063 478 1220 512 συγκεῐσῠαι
1241 479 1384 513 ὑπόθηται,
1406 478 1475 512 ὅπερ
1497 479 1561 512 ἡμῖν
1584 479 1734 505 ἁπευκτὲον
1751 479 1794 504 λέ-

1008 531 1077 558 γειν·
1094 524 1160 559 μηδὲ
1185 524 1379 558 διαπλασθῆναι
1395 525 1443 559 τὴν
1471 523 1570 557 σάρκα,
1596 522 1654 549 εἶτα
1675 524 1796 558 προσλη-

1009 569 1105 603 φθῆναι
1127 568 1166 603 τῷ
1188 569 1265 603 Λόγῳ
1288 569 1430 602 ὲννοήσασί
1452 577 1526 598 ποτε,
1544 567 1639 603 ὥσπερ
1656 568 1735 602 ὑμεῖς
1751 569 1796 594 ἰο-

1009 613 1114 646 ξάζετε,
1131 613 1188 639 ἀλλ’
1201 613 1230 645 ἐξ
1253 614 1337 648 ἀρχῆς
1355 613 1497 648 ὑπάρξεως
1516 614 1600 647 αὐτῆς
1615 615 1661 640 ἐπὶ
1680 613 1730 647 τῆς
1744 613 1793 640 τοῦ

1009 660 1094 693 Λόγου
1118 659 1393 695 προσωποπσιηθῆναι
1414 659 1590 690 ὑποστάσεως
1605 660 1644 690 εἰς
1660 659 1792 694 Χριστόν·

1008 706 1037 732 ὃν
1053 706 1131 740 ὑμεῖς
1155 705 1257 740 μᾶλλον
1276 706 1306 732 ὲκ
1328 705 1373 731 δύο
1390 704 1565 731 ὐποστάσεων
1580 704 1678 730 τιοεῐτε
1696 705 1737 735 εἰς
1750 704 1793 730 δι-

1009 751 1079 786 πλῆν
1093 751 1251 778 ὑπόστασιν·
1269 751 1298 786 ἢ,
1311 751 1347 785 μὴ
1365 750 1517 781 συνθέντες,
1530 748 1722 785 προσποιεῖσθε
1742 749 1792 783 τὴν

1008 797 1114 824 ἓνωσιψ
1132 797 1209 824 οὐδὲν
1233 797 1348 832 ἐχούσης
1375 797 1467 823 πλεῖον
1491 796 1545 823 τῶν
1561 795 1662 822 λοιπῶν
1685 796 1792 830 ἀνδρῶν

1005 843 1054 878 τὴν
1068 843 1136 878 πρὸς
1154 843 1220 869 Θεὸν
1233 842 1325 877 σχέσιν
1337 844 1386 878 τῆς
1404 842 1451 869 τοῦ
1474 841 1591 876 Χριστοῦ
1605 840 1725 875 φύσεως*
1743 841 1791 867 καὶ

1006 888 1086 915 πόθεν
1103 885 1180 920 οὗτος
1201 888 1281 923 μόνος
1303 885 1342 919 εἷς
1359 888 1472 923 μεσίτης
1488 887 1555 929 θεοῦ
1575 887 1622 914 καὶ.
1637 885 1791 922 ἀνθρώπων

1004 935 1121 971 εἴρηται,
1137 934 1227 969 λέγειν
1239 935 1288 970 οὐχ
1300 934 1386 966 ἕξετε.

1301 990 1415 1017 ΚΕΦΛΛ
1422 1010 1428 1017 .
1450 992 1488 1017 Λ¹.

1039 1049 1069 1076 Εἰ
1083 1048 1148 1084 ἄλλη
1168 1046 1201 1084 ἦν
1218 1048 1235 1083 ἡ
1247 1047 1395 1079 ὑπόστασις
1409 1047 1455 1073 τοῦ
1470 1047 1556 1081 Λόγου
1574 1047 1658 1082 χωρὶς
1676 1045 1788 1080 σαρκὸς,

1003 1095 1051 1121 καὶ
1079 1095 1146 1129 άλλη
1168 1095 1216 1121 τοῦ
1241 1094 1328 1128 Λόγου
1348 1095 1364 1128 ἡ
1382 1093 1531 1125 ὑπόστασις
1558 1093 1627 1128 μετὰ
1650 1093 1700 1127 τῆς
1720 1092 1789 1124 ἰδίας

1003 1142 1115 1176 σαρκὸς,
1132 1141 1178 1167 καὶ
1193 1142 1206 1167 ὁ
1222 1141 1307 1175 Λόγος
1322 1141 1351 1172 ἐξ
1368 1140 1489 1176 ἀνάγκης
1504 1141 1583 1171 ἄλλος
1596 1138 1630 1175 ἦν
1649 1148 1724 1171 ποτε,
1740 1138 1789 1166 καὶ

1003 1187 1080 1219 ἄλλος
1102 1186 1169 1221 μετὰ
1197 1186 1282 1213 ταῦτα
1299 1193 1305 1200 ·
1319 1186 1461 1214 ἀκολουθεῖ
1476 1187 1530 1222 γὰρ
1544 1187 1576 1221 τῇ
1592 1186 1724 1220 ἐναλλαγῇ
1739 1185 1789 1219 τῆς

1003 1232 1189 1264 ὑποστάσεως,
1203 1233 1219 1267 ὴ
1235 1232 1368 1268 ἐναλλαγὴ
1380 1232 1426 1258 τοῦ
1443 1232 1550 1267 ἔχοντος
1563 1231 1612 1267 τὴν
1626 1231 1786 1258 ὑπόστασιν.

1003 1279 1039 1306 Τὸ
1049 1279 1126 1305 ἄλλο
1139 1279 1185 1305 καὶ
1197 1278 1256 1304 κατ’
1269 1278 1420 1313 ἐναλλαγὴν
1432 1278 1538 1311 φύσεως
1547 1278 1658 1309 νοεῖται,
1668 1277 1714 1303 καὶ
1726 1277 1789 1303 κατ’

1003 1325 1146 1359 ἐπῖκτησιν
1166 1325 1211 1350 καὶ
1238 1324 1308 1351 κατὰ
1324 1323 1482 1359 παραϐολήν
1505 1332 1564 1350 τινα
1580 1323 1634 1349 τῶν
1653 1325 1788 1349 ὲπουσιω-

1002 1370 1064 1397 δῶν.
1074 1370 1106 1396 'H
1125 1370 1173 1404 μὲν
1190 1368 1236 1397 οὖν
1251 1370 1319 1405 αὑτὴ
1335 1370 1419 1401 πόκος
1430 1369 1489 1395 ἐστὶ
1502 1369 1548 1395 καὶ
1565 1369 1614 1395 οὐκ
1625 1368 1702 1403 ἄλλη
1722 1368 1739 1403 ἦ
1757 1376 1788 1394 τι

1002 1416 1085 1452 λευκὴ
1098 1417 1218 1451 φυσικῶς
1240 1417 1269 1442 τὺ
1287 1416 1396 1452 χρῶμα,
1414 1415 1490 1450 καὶὴ
1508 1415 1541 1441 δι’
1555 1415 1669 1450 αἵματος
1690 1414 1787 1449 κόχλου

1004 1463 1130 1498 πορφύρα
1143 1463 1305 1498 γινομένη...
1316 1462 1476 1498 ὁρωμένη...
1490 1462 1527 1492 ὡς
1544 1461 1614 1487 κατὰ
1629 1462 1678 1495 τὴν
1691 1460 1788 1487 οὐσίαν

1003 1510 1049 1536 καὶ
1077 1509 1224 1537 ὑπόστασιν
1248 1510 1345 1543 ὁμοι...
1369 1508 1440 1543 ἔχειν
1465 1507 1533 1542 πρὸς
1558 1504 1630 1542 αἷμα.
1656 1507 1786 1533 λοιπὸν...

1001 1555 1095 1590 ὥσπερ
1114 1555 1145 1581 τὸ
1167 1556 1221 1582 πᾶν
1240 1554 1312 1589 τῷ...
1337 1563 1405 1581 πο...
1420 1552 1524 1585 εἶδος...
1540 1553 1607 1586 ἄλλη
1622 1551 1702 1580 οΰν...
1718 1553 1788 1579 ὑπό-

1002 1610 1095 1633 στασις
1112 1602 1195 1628 νοοῖτο
1213 1600 1245 1627 ἂν
1262 1602 1278 1635 ἡ
1301 1601 1497 1634 σεσαρκωμὲνη
1509 1599 1577 1634 προς
1590 1599 1640 1634 τὴν
1655 1598 1787 1634 ἄσαρκονθ

1001 1648 1031 1673 οὐ
1044 1648 1097 1682 γὰρ
1113 1646 1200 1682 τροπὴ
1217 1646 1303 1680 Λόγου
1318 1647 1334 1681 η
1353 1646 1492 1679 σάρκωσις
1504 1644 1598 1677 αὑτοῦ,
1618 1644 1674 1670 ἀλλ’
1689 1645 1705 1678 ἡ
1723 1644 1788 1671 tif/.0.

1001 1692 1057 1727 γία·
1074 1694 1122 1726 τῆς
1134 1692 1162 1718 δὲ
1178 1691 1313 1726 ἀσαρκίας
1327 1691 1408 1718 αὑτοῦ
1420 1690 1559 1726 τροπὴν...
1574 1690 1787 1725 σεσαρκωμὲνου

1000 1738 1080 1764 νῦν...
1098 1737 1144 1763 τοῦ
1165 1735 1265 1762 Υἱοῦ...
1283 1735 1342 1770 οεὶη
1366 1735 1398 1761 ἂν
1413 1736 1429 1770 ὴ
1446 1734 1632 1770 κατηγορία...
1651 1734 1711 1769 οὐχὶ
1727 1734 1755 1760 δὲ
1769 1735 1786 1769 ἡ

1000 1782 1120 1817 ἀσαρκία
1140 1781 1222 1809 τοῦ...
1242 1781 1291 1815 τῆς
1315 1780 1361 1807 τοῦ
1386 1781 1473 1814 Λόγου
1501 1780 1688 1811 ὑποστάσεως.
1705 1780 1786 1806 Οὕτω

1000 1828 1054 1864 γὰρ
1069 1827 1102 1854 ἂν
1125 1827 1172 1854 καὶ
1194 1827 1208 1853 ὁ
1227 1826 1319 1861 Πατὴρ
1340 1826 1387 1854 καὶ
1408 1826 1438 1852 τὸ
1461 1826 1573 1862 Πνεῦμα
1586 1828 1617 1853 τό
1638 1827 1725 1859 ἅγιον,
1740 1825 1789 1852 καὶ

1000 1874 1110 1908 ἄγγελοι
1126 1873 1172 1899 καὶ
1180 1872 1275 1907 ψυχαὶ,
1288 1871 1374 1906 λόγοι
1386 1871 1418 1898 ἃν
1428 1869 1494 1902 εἶεν,
1508 1872 1580 1899 κατὰ
1590 1871 1635 1898 τόν
1648 1871 1720 1897 Υἰόν·
1730 1870 1788 1896 ἐστι

1000 1920 1029 1946 δὲ
1054 1919 1220 1954 ἀποφατικὸν
1233 1919 1281 1953 τῆι,
1309 1918 1403 1949 οὐσίας
1417 1917 1499 1944 αὐτοῦ
1512 1918 1695 1952 κατηγόρημα
1712 1915 1787 1950 πρώ-

999 1975 1064 1998 τως,
1079 1966 1216 2000 δευτέρως
1229 1965 1256 1990 δὲ
1270 1964 1317 1990 καὶ
1330 1964 1380 1998 τῆς
1396 1963 1572 1995 ὑποστάσεως
1587 1963 1669 1989 αὑτοῦ
1684 1962 1728 1988 διὰ
1738 1962 1788 1996 τὴν

1000 2012 1093 2039 οὐσίαν
1120 2011 1205 2037 πάλαι
1229 2009 1315 2040 οὕτως
1342 2003 1668 2044 κατηγορουμένην-’καὶ
1690 2007 1738 2033 νῦν
1759 2007 1787 2033 δὲ

999 2057 1049 2092 τῆς
1078 2056 1126 2091 μὲν
1144 2055 1237 2087 οὐσίας
1256 2054 1339 2081 αὺτοῦ
1362 2053 1494 2086 ὡσαύτως
1511 2055 1716 2088 κατηγορεῖται·
1737 2053 1787 2086 τῆς

999 2103 1026 2129 δὲ
1043 2102 1216 2132 ὑποστάσεως
1232 2101 1281 2136 οὐχ
1297 2100 1390 2132 ἁπλῶς
1407 2101 1496 2127 show
1514 2100 1603 2133 μόνως
1628 2106 1787 2133 κατηγορη-

1000 2147 1122 2182 θήσεται·
1142 2145 1209 2172 διότι
1226 2144 1374 2178 ὑπεδέξατο
1390 2144 1458 2180 αὕτη
1474 2146 1502 2171 ἐν
1515 2145 1598 2179 ἑαυτῇ
1621 2144 1667 2170 καὶ
1687 2143 1786 2177 ἑτέραν

1000 2191 1094 2219 οὐσίαν
1117 2191 1177 2226 ἥτις
1197 2191 1316 2224 σαρκικὴ
1333 2187 1403 2216 εἶναι
1419 2190 1628 2224 κατηγορεῖται·
1645 2187 1691 2214 καὶ
1707 2187 1787 2213 δύνα-

1000 2245 1046 2263 ται
1061 2236 1107 2262 καὶ
1128 2235 1197 2269 αὑτὴ
1215 2234 1310 2270 ὥσπερ
1326 2235 1342 2269 ἡ
1368 2233 1449 2269 φύσις
1465 2234 1512 2260 τοῦ
1533 2233 1630 2267 Λόγου·
1648 2232 1785 2265 δευτέρως

1001 2283 1104 2318 ἐπῆγεν
1124 2283 1152 2309 ὲν
1175 2283 1207 2318 τῇ
1230 2281 1377 2308 ὑποστάσει
1400 2281 1485 2314 αὐτῆς
1514 2280 1544 2306 τὸ
1572 2280 1623 2314 τῆς
1650 2279 1786 2313 ἁσαρκιας

1002 2329 1067 2356 ἴδιον
1079 2328 1268 2362 κατηγόρημα,
1283 2326 1354 2354 οὕτω
1368 2327 1415 2354 καὶ
1429 2327 1446 2361 ή
1462 2326 1544 2360 φύσις
1554 2325 1634 2360 τῆσδε
1651 2325 1701 2358 τῆς
1720 2333 1786 2358 σαρ-

1001 2375 1048 2407 κὸς
1064 2373 1146 2400 αὐτοῦ
1174 2373 1346 2409 ὲπιῤῥίπτειν
1362 2373 1430 2407 αὐτῇ
1447 2372 1581 2405 δευτέρως
1606 2371 1655 2405 τὴν
1683 2369 1785 2403 ἑαυτῆς

1000 2419 1175 2455 κατηγορίαν,
1194 2419 1231 2450 ὡς
1255 2418 1322 2450 ιδίας
1337 2417 1513 2449 ὑποστάσεως
1527 2417 1575 2443 καὶ
1596 2416 1683 2450 αὐτῆς
1706 2423 1785 2448 γενο-

1001 2466 1096 2502 μένης,
1112 2465 1195 2501 ἤγουν
1212 2464 1263 2499 τὴν
1279 2464 1431 2498 σάρκωσιν·
1447 2463 1503 2489 ἀλλ’
1520 2463 1570 2489 οὐκ
1592 2461 1672 2491 ἄλλος
1687 2460 1737 2495 μὲν
1751 2457 1785 2494 ἦν

999 2509 1137 2539 πάλαικαὶ
1144 2509 1222 2540 ἄλλος
1235 2509 1304 2544 μετὰ
1317 2507 1411 2534 ταῦτα·
1428 2508 1485 2534 ἀλλ’
1501 2508 1515 2534 ὁ
1526 2507 1607 2538 αὐτὸς
1625 2506 1684 2540 μὲν,
1697 2505 1785 2535 ἄλλως

1002 2560 1081 2599 μόνον
1106 2557 1221 2592 ἀόρατος
1248 2553 1282 2590 ἦν
1306 2554 1374 2589 αὕτη
1391 2554 1407 2589 ἡ
1426 2553 1590 2586 ὑπόστασις,
1619 2552 1666 2579 νῦν
1687 2552 1718 2579 δὲ
1738 2554 1784 2580 καὶ

1293 2655 1417 2683 ΚΕΦΛΔ.
1434 2655 1496 2682 AA'.

1035 2712 1065 2738 ΕΞ
1084 2709 1226 2745 ἀμφότερά
1244 2711 1318 2736 ἐστιν
1343 2710 1356 2735 ό
1379 2709 1536 2745 ἄνθρωπος,
1565 2709 1709 2744 iii/09mm;
1737 2710 1784 2734 καὶ

999 2756 1075 2788 Θεὸς,
1091 2756 1187 2791 ὥσπερ
1205 2753 1252 2782 οὖν
1274 2756 1320 2781 καὶ
1339 2755 1353 2780 ό
1368 2755 1434 2787 Θεὸς
1450 2755 1534 2789 Λόγος
1549 2755 1633 2789 ἄμφω
1649 2754 1718 2785 ἐστὶ,
1736 2754 1783 2788 δὶτο

1000 2802 1043 2828 7w
1068 2802 1106 2828 δτι
1133 2801 1226 2837 ὥσπερ
1249 2802 1278 2827 οὗ
1307 2801 1386 2834 φύσει
1413 2801 1478 2832 θεὶς
1493 2802 1506 2827 ό
1525 2801 1680 2835 ἅνθρωπος,
1696 2800 1785 2830 οὕτως
