1968 3094
122 119 190 153 ΜΕΠ

586 125 782 157 ADVERSUS
802 124 1075 156 NESTORIANOS.
1095 139 1130 144 --
1146 127 1222 157 LIB.
1244 127 1269 157 Ι.

1676 127 1757 165 1493,

119 178 181 205 οὐδὲ
196 178 209 204 6
229 177 314 212 Λόγος
329 177 407 212 φύσει
423 177 575 215 ἄνθρωπος’
591 180 616 206 ει
638 180 666 207 δὲ
686 181 724 217 μὴ
740 182 830 216 φύσει,
849 183 904 210 οὐδ’

969 180 1076 215 Ierbum
1089 187 1185 209 natura
1196 190 1256 210 esse
1265 182 1402 210 hominem
1411 192 1418 210 :
1428 183 1450 210 si
1466 188 1557 211 autem
1568 192 1622 211 non
1633 191 1742 215 natura.

121 223 176 258 ἄρα
192 223 349 250 ὑποστάσει.
362 221 436 258 ’Λρα
450 222 496 251 οὖν
508 225 566 252 εἴτι
581 225 617 261 μὴ
629 226 708 260 φύσει
724 228 832 261 ταυτδν,
846 228 907 255 οὐδὲ

121 270 289 302 ὑποστάσεις
304 269 330 296 τι
347 268 393 297 οὖν
412 271 473 296 ἐπεὶ
486 271 531 296 τοῦ
545 271 628 298 ἵππου
643 273 659 307 ἡ
676 273 749 308 ψυχὴ
764 274 795 300 οὐ
809 275 908 301 ταυτὸν

121 316 156 349 τῇ
173 314 253 349 φύσει
272 315 318 342 τοῦ
345 315 472 350 σώματος
496 318 590 348 αὑτοῦ,
608 320 686 354 εἴπερ
706 321 722 354 ἡ
742 320 790 355 μὲν
807 330 909 355 κινητι-

185 358 197 367 τ
316 361 322 368 .

125 360 172 391 κδς
183 369 210 396 ῃ.
227 361 242 395 ἡ
262 361 289 387 δὲ
311 361 447 396 ακίνητος·
466 362 525 388 οὐδὲ
548 363 601 399 ἄρα
623 365 654 399 τῇ
675 365 838 398 omnium;
856 367 910 393 Καὶ

125 406 186 431 ἐπεὶ
205 406 233 432 οὐ
258 407 356 432 ταυτὸν
379 409 412 441 τῇ
441 407 520 440 φύσει
546 409 602 442 φῶς
633 411 676 437 καὶ
703 411 767 445 ἀὴρ,
793 412 851 438 οὐδὲ
876 415 908 448 τῇ

126 451 274 493 ὑποστάσει
290 453 318 478 ἐν
338 452 430 487 ἡμέρᾳ
449 452 478 479 ἓν
499 455 578 486 εἰσιν,
595 454 662 481 ἀλλὰ
676 455 816 491 διώρισται
830 456 911 492 ἀλλή-

127 503 190 524 Λων.

419 556 543 582 ΚΕΦΑΛ.
560 556 620 583 AB’.

169 598 240 632 Ἐγώ
253 600 312 635 ειμι
329 600 376 627 καὶ
391 601 441 627 οὐκ
455 601 621 636 ὴλλοίωμαι,
640 602 688 638 βοᾷ
702 603 717 629 ὁ
730 604 811 635 Θεός·
830 604 913 639 σαρκὶ

131 644 192 670 καθ’
210 645 358 671 ὑπόστασιν
380 646 481 681 ἥνωται
500 648 514 673 ό
531 648 627 681 Λόγος,
650 648 699 684 βοᾷ
716 650 729 675 6
745 649 892 683 Αἰγύπτιος
903 658 911 665 ·

130 691 143 716 ό
157 690 302 725 δεχόμενος
318 692 363 717 τόν
379 692 511 727 Κύρι).).ον
526 693 715 727 ἀληθεύσαντα
728 695 777 729 II).
793 695 912 730 ψεύστην

129 737 201 762 ποιεῖ
226 737 271 762 τὸν
293 737 369 764 Θεόν.
392 737 420 764 '0
436 737 482 766 οὖν
497 739 581 771 Λόγος
604 738 658 774 ἄρα
673 740 816 774 ὲνούμενος
828 741 913 773 σαρκὶ

129 781 182 807 κᾶν
209 781 275 817 μένῃ
302 783 397 816 Λόγος,
416 783 593 816 ἁλιογοῦνται·
614 784 631 819 ἦ
652 785 689 819 μὴ
709 784 797 818 μένων
814 785 912 819 Λόγος,

129 826 179 853 κᾶν
193 828 241 861 οὐχ
256 828 360 855 ἑνοῦται
377 829 468 863 σαρκὶ,
485 829 545 856 τότε
557 829 712 864 ἠλλοίωται.
728 831 760 857 Εἰ
773 831 827 866 γὰρ
840 832 856 866 ἡ
869 831 912 857 ἒν-

129 882 195 904 ωσις
218 874 360 906 ἀλλοίωσίς
376 875 450 901 ἐστιν
466 875 561 907 ἁπλῶς
571 896 579 908 ,
609 877 681 903 πᾶσα
695 877 767 914 ψυχὴ
781 878 912 906 ὲνωθεῖσα

130 917 238 954 σώματι
253 920 406 954 ἠλλοίωται.

256 1003 258 1005 ,
421 976 545 1005 ΚΕΦᾹΛ.
564 977 625 1004 ΛΡ.

166 1022 202 1048 Σὺ
228 1023 242 1048 ὁ
266 1022 347 1053 αὑτός
369 1019 410 1053 εἴ,
433 1022 481 1058 βοᾷ
500 1023 513 1048 ό
528 1024 671 1059 προφήτης
686 1024 750 1059 περί
765 1024 811 1051 τοῦ
825 1025 893 1051 Θεοῦ
905 1034 912 1041 ·

130 1067 242 1103 ἀντισοᾷ
260 1068 274 1094 ὁ
288 1067 436 1100 Αἰγύπτιος
452 1067 490 1102 τῷ
506 1069 633 1104 προφήτῃ
647 1070 703 1100 τοῖς
716 1069 847 1104 δόγμασι·
864 1071 913 1102 Σὺ,

128 1114 143 1140 ό
158 1113 237 1144 αὐτῆς
257 1113 306 1139 οὑκ
323 1110 348 1139 εἷ
358 1121 365 1129 ⁸
385 1114 499 1147 γέγονας
514 1115 567 1149 γὰρ
581 1114 642 1140 καθ’
658 1115 806 1142 ὑπόστασιν
821 1116 914 1152 ἕτερος

130 1159 143 1185 ὃ
158 1159 206 1185 οὐκ
221 1157 265 1192 ἦς.
281 1159 352 1194 Ἀρα
365 1159 411 1185 οὖν
427 1160 620 1187 κατακαέντων
636 1161 670 1187 τὰ
684 1161 796 1196 σώματα
809 1163 914 1190 πολλῶν

132 1205 302 1239 μαρτύρων,
338 1207 397 1237 ταῖς
423 1205 452 1232 δὲ
479 1206 577 1241 ψυχαῖς
607 1207 654 1233 καὶ
679 1209 734 1239 τοῖς
761 1199 914 1243 πνεύμασιν

131 1251 244 1282 ἑαυτοὺς
271 1251 491 1285 ὲμφανιζόντων,
519 1252 565 1278 καὶ
589 1252 822 1288 ϐαυματουργίαις
836 1255 914 1281 πλεί-

131 1303 206 1326 σταις
231 1296 342 1327 ἑαυτοὺς
357 1298 422 1331 ἡμῖν
437 1298 484 1323 καὶ
498 1298 557 1324 νυνὶ
571 1297 674 1329 ζῶντας
690 1300 913 1332 συνιστανόντων,

131 1341 253 1375 εἴποιμεν
269 1341 360 1372 αὑτοῖς
369 1349 376 1356 ”
387 1342 481 1377 Ὑμεῖς
497 1343 520 1369 oI
533 1344 610 1370 αὑτοὶ
624 1344 674 1371 οὐκ
687 1345 747 1374 ὲστέ
760 1354 766 1360 ·
784 1347 914 1379 γεγόνατε

131 1386 185 1421 γὰρ
195 1387 257 1412 καθ’
273 1387 421 1414 ὑπόστασιν
436 1389 551 1424 ἄσαρκσι
566 1389 579 1416 ό
592 1390 641 1416 οὐκ
653 1388 710 1425 ἦτε.
729 1392 782 1418 Καὶ
795 1392 915 1418 αὑτὸνδὲ

131 1431 273 1465 Χριστὺνό
296 1434 333 1467 μὴ
353 1433 497 1467 γινώσκων
515 1435 606 1461 οὐκέτι
625 1436 696 1462 κατὰ
712 1437 811 1471 σάρκα,
830 1438 853 1464 εἰ
869 1438 915 1464 καὶ

131 1476 202 1510 ἔγνω
216 1477 290 1508 ποτὲ.
309 1476 363 1513 ἆρά
379 1487 410 1512 γε
423 1481 473 1506 οὐκ
487 1481 577 1513 αὐτὸν,
594 1481 651 1508 ἀλλ’
664 1482 757 1517 ἕτερον
770 1482 912 1516 γινώσκεις

959 235 1009 254 nec
1022 232 1096 255 certe
1108 228 1258 255 secundum
1273 235 1430 263 personam.
1444 227 1521 261 Quod
1538 236 1592 256 non
1613 233 1656 256 est
1671 229 1744 256 idem

959 277 1066 305 natura,
1091 280 1183 300 nonne
1210 273 1361 300 secundum
1386 281 1531 308 personam
1553 281 1612 301 esse
1635 275 1746 308 potest?

958 318 1029 351 Quid
1053 318 1146 346 enim?
1168 319 1230 353 equi
1247 319 1336 346 anima
1356 327 1410 346 non
1434 325 1476 347 est
1495 320 1566 347 idem
1592 325 1689 347 natura
1714 328 1745 347 ar

959 371 1060 398 corpus
1084 365 1154 399 ejus,
1180 372 1243 391 cum
1275 365 1347 392 istud
1375 365 1410 392 sit
1438 366 1550 397 mobile,
1577 366 1621 393 illa
1653 371 1744 393 autem

961 410 1127 437 immobilis:
1143 419 1232 438 nonne
1245 411 1494 438 tamensecundum
1508 412 1671 446 personam?
1686 411 1746 438 Non

961 455 1032 482 idem
1051 461 1148 483 natura
1161 457 1206 483 lux
1219 462 1246 484 et
1264 465 1321 487 aer,
1332 465 1420 492 neque
1438 458 1588 485 secundum
1602 465 1747 492 personam

962 502 989 528 in
1012 502 1057 529 die
1084 510 1168 529 unum
1193 508 1268 534 sunt,
1289 503 1336 530 sed
1360 504 1393 530 ab
1419 504 1536 530 invicem
1561 495 1702 531 differunt.

1245 558 1321 586 CAP.
1344 558 1452 586 XXXII.

996 603 1053 638 Ego
1070 611 1129 630 sum
1141 608 1169 631 et
1183 612 1236 631 non
1253 609 1355 632 mutor.
1369 605 1565 636 clamatDeus;
1593 604 1668 631 carni
1684 612 1748 631 eon-

960 648 1084 684 jungitur
1095 650 1213 676 Verbum
1229 650 1380 677 secundum
1392 657 1547 683 personam,
1562 650 1659 676 clamat
1668 649 1749 684 Egy-

963 694 1037 728 ptius
1055 703 1061 720 :
1078 695 1124 728 qui
1142 693 1274 729 Cyrillum
1301 702 1365 721 vera
1382 693 1519 720 dicentem
1543 693 1653 726 recipit,
1670 700 1748 719 men-

964 738 1058 766 daeem
1072 739 1137 766 facit
1149 739 1244 766 Deum.
1259 739 1286 766 Si
1305 739 1388 773 igitur
1401 738 1530 769 Verbum,
1541 738 1614 764 carni
1628 737 1747 765 unitum.

964 789 1085 811 remanet
1097 784 1227 815 Verbum,
1241 783 1362 810 absurde
1374 783 1545 818 loquuntur;
1560 782 1581 809 si
1591 786 1682 808 autem
1695 788 1749 808 non

964 833 1088 857 remanet
1115 829 1245 862 Verbum,
1272 826 1398 864 quamvis
1422 836 1476 855 non
1500 829 1574 855 carni
1612 827 1749 857 uniretur,

964 879 1097 902 mutatum
1113 868 1164 902 est.
1183 875 1210 902 Si
1224 875 1297 902 enim
1315 875 1379 902 unio
1395 874 1555 909 simpliciter
1570 877 1611 900 est
1624 871 1748 903 mutatio.

964 922 1054 950 omnis
1077 921 1167 948 anima
1183 921 1291 956 corpori
1321 921 1398 948 unita
1420 925 1553 947 mutatur.

1243 985 1319 1012 CAP.
1344 984 1464 1012 XXXIII.

999 1028 1039 1055 Tu
1054 1028 1125 1056 idem
1141 1036 1180 1061 es,
1200 1029 1299 1056 clamat
1318 1029 1462 1063 propheta,
1480 1029 1514 1056 de
1534 1029 1589 1056 Deo
1613 1029 1728 1063 loquens
1743 1037 1749 1054 :

964 1077 1058 1099 contra
1066 1073 1224 1107 prophetam
1232 1074 1331 1100 clamat
1340 1072 1481 1109 (Egyptius
1491 1072 1609 1106 dogmati
1616 1072 1666 1099 bus
1675 1071 1749 1098 suis:

964 1119 1024 1146 Non
1041 1119 1113 1145 idem
1134 1127 1163 1146 es
1177 1128 1183 1145 :
1200 1118 1291 1146 factus
1306 1127 1335 1146 es
1352 1120 1424 1146 enim
1442 1118 1592 1146 secundum
1608 1125 1751 1152 personam

965 1164 1049 1195 alius,
1065 1169 1092 1191 et
1118 1163 1191 1198 quod
1210 1171 1264 1190 non
1284 1171 1355 1190 eras.
1378 1163 1568 1190 Concrematis
1587 1161 1752 1197 corporibus

965 1209 1032 1241 suis,
1060 1209 1139 1236 multi
1170 1213 1305 1244 martyres
1326 1217 1355 1236 se
1381 1208 1480 1236 animis
1500 1208 1710 1235 ma‘uiI‘cstarunt
1724 1211 1751 1232 et

964 1255 1090 1290 pluribus
1101 1255 1241 1282 miraculis
1249 1255 1325 1281 vivos
1338 1255 1416 1282 nobis
1427 1262 1486 1282 sese
1494 1255 1692 1285 ostenderunt;
1712 1252 1752 1280 eis

964 1302 1108 1329 dicerem:
1137 1301 1190 1329 Vos
1212 1301 1294 1328 iidem
1318 1308 1373 1327 non
1398 1300 1481 1332 estis;
1507 1300 1572 1328 facti
1595 1300 1668 1327 enim
1686 1298 1753 1326 estis

965 1348 1116 1375 secundum
1152 1354 1296 1380 persimam
1335 1346 1437 1380 absque
1470 1345 1651 1380 corporibus,
1679 1345 1751 1378 quod

965 1400 1020 1420 non
1032 1392 1126 1419 eratis.
1141 1390 1192 1424 Qui
1206 1394 1298 1417 autem
1309 1390 1450 1417 Christum
1462 1397 1515 1416 non
1527 1389 1603 1416 novit
1616 1389 1642 1414 in
1658 1394 1751 1414 carne.

965 1438 987 1466 si
1012 1437 1122 1472 quando
1145 1443 1240 1471 postea
1261 1435 1413 1471 cognoscit,
1440 1443 1532 1462 nonne
1554 1434 1682 1462 eumdem
1704 1432 1751 1460 sed

966 1484 1049 1510 alium
1071 1482 1240 1518 cognoscet?
1254 1482 1320 1514 Quis
1341 1482 1415 1508 hisce
1436 1480 1618 1508 assentietur?
1634 1480 1752 1507 Verbum

132 1521 236 1550 Καὶτίς
250 1522 263 1548 6
272 1523 358 1549 τοῖσδε
367 1525 570 1559 συντιθέμενος-ς
587 1526 616 1552 '0
626 1526 708 1560 Λόγος
720 1526 766 1553 οὖν
780 1526 848 1562 σὰρξ
859 1528 914 1561 ἐγέ-

969 1529 1050 1564 igitur
1064 1516 1128 1555 caro
1142 1528 1244 1555 factum
1255 1531 1307 1559 est,
1321 1531 1349 1554 et
1364 1527 1436 1554 idem
1447 1532 1489 1554 est
1503 1531 1531 1554 et
1546 1525 1642 1554 eodem
1659 1524 1750 1552 modo.

133 1576 203 1601 νετο,
222 1568 299 1595 καὶό
314 1569 394 1601 αὑτός
407 1570 464 1596 ἐστι
479 1571 527 1596 καὶ
540 1571 637 1603 οὕτως.

415 1627 542 1654 ΚΕΦΛΛ.
560 1628 620 1654 ΛΔ’.

167 1672 198 1699 Et
213 1673 284 1700 κατὰ
298 1673 347 1709 τὴν
361 1673 481 1708 ἄσαρκόν
496 1673 643 1700 ὑπόστασιν
656 1674 797 1708 όμοοὺσιος
808 1675 916 1709 ὁΛόγος

132 1717 170 1752 τῷ
186 1718 289 1752 Πατρὶ,
317 1718 396 1753 δῆλον
418 1718 458 1744 ὃτι
474 1719 544 1744 κατὰ
558 1717 606 1753 τὴν
621 1717 753 1753 ἔνσαρκον
767 1719 916 1746 ὑπόστασιν

133 1763 302 1798 ἐτεροοὺσιος
318 1765 332 1790 ὁ
343 1764 430 1797 Λόγος
446 1763 484 1798 τῷ
498 1764 593 1799 Πατρί.
617 1764 648 1790 Et
663 1764 701 1799 τῷ
717 1764 754 1800 μὴ
767 1764 838 1800 ἔχειν
855 1765 916 1792 καθ’

133 1807 280 1834 ὑπόστασιν
298 1808 439 1842 ἡνωμένην
455 1808 543 1842 σάρκα
558 1807 648 1842 αὐτῷ,
671 1808 759 1841 τούτῳ
772 1806 806 1842 ἦν
818 1808 916 1842 ὁμοοὺ-

133 1862 190 1885 σιος
200 1855 213 1880 ό
222 1854 305 1888 Λόγος
312 1854 349 1889 τῷ
357 1855 376 1880 II
381 1854 443 1888 ατρὶ
454 1854 502 1888 τὴν
514 1854 671 1884 ὑπόστασιν,
681 1853 793 1885 δεόντως
803 1854 832 1886 ἐξ
841 1855 917 1889 ὑμῶν

133 1901 336 1936 ἀπορηοήσεται
360 1901 429 1926 τόδε.
463 1901 494 1926 Εἰ
511 1900 539 1926 δὲ
555 1900 593 1935 τῷ
609 1900 646 1935 μὴ
658 1899 728 1927 εἶναι
743 1900 821 1935 φύσει
838 1901 916 1936 σὰρξ,

133 1945 199 1972 ἀλλὰ
216 1946 280 1977 Θεὸς
295 1946 343 1981 τὴν
354 1946 446 1972 οὐσίαν
461 1947 474 1971 ὁ
489 1946 573 1979 Λόγος
587 1945 672 1980 τούτῳ
687 1945 761 1972 ἐστὶν
776 1946 918 1981 ὀμοούσιος

133 1993 170 2027 τῷ
183 1993 241 2026 Θεῷ
255 1993 350 2027 Πατρὶ,
368 1993 416 2019 καὶ
431 1992 575 2028 ὲνοὺμενος
590 1993 643 2027 ἄρα
657 1993 740 2028 σαρκὶ
750 2015 757 2026 ,
774 1993 824 2020 οὐκ
839 1994 918 2028 ἐτρά-

134 2047 171 2074 πη
187 2039 236 2073 τὴν
251 2039 297 2065 τοῦ
310 2038 377 2065 Θεοῦ
392 2039 485 2072 φύσιν·
501 2040 548 2066 καὶ
562 2039 640 2074 δῆλον
654 2039 690 2071 ὼς
703 2040 750 2065 καὶ
764 2040 918 2074 μεμένηκεν

133 2084 273 2119 όμοούσιος
290 2086 306 2120 ὴ
321 2084 365 2110 τοῦ
378 2085 463 2118 Λόγου
480 2084 629 2115 ὑπόστασις
647 2084 713 2119 πρὸς
729 2084 774 2110 τὸν
789 2084 898 2118 Πατέρα
909 2091 915 2098 ’

133 2130 277 2165 γεγένηται
305 2130 333 2156 δὲ
362 2130 446 2161 ὄντως
485 2131 532 2156 καὶ
562 2129 731 2164 ἑτεροούσιος
771 2130 838 2165 πρὸς
871 2129 917 2156 τὸν

1248 1627 1323 1655 CAP.
1350 1626 1470 1654 XXXIV.

1003 1673 1030 1701 Si
1050 1673 1200 1701 secundum
1216 1681 1360 1708 personam
1377 1672 1467 1699 carnis
1480 1676 1617 1706 expertem
1627 1671 1699 1699 Patri
1713 1670 1751 1698 si-

968 1719 1032 1746 mile
1059 1723 1101 1746 est
1123 1718 1255 1750 Verbum,
1285 1718 1460 1745 manifestum
1481 1721 1523 1744 est
1546 1717 1696 1744 secundum
1710 1717 1752 1742 in-

968 1768 1105 1790 carnatam
1126 1771 1201 1790 suam
1220 1770 1366 1797 personant
1390 1762 1523 1789 dissimile
1543 1770 1603 1789 esse
1621 1761 1704 1788 Patri.
1724 1761 1752 1788 Si

968 1817 1001 1836 ex
1021 1817 1055 1836 eo
1078 1809 1151 1844 quod
1164 1816 1275 1836 carnem
1299 1808 1451 1835 secundum
1465 1815 1608 1843 personam
1624 1807 1675 1835 sibi
1690 1807 1752 1834 uni-

970 1861 1023 1883 tam
1052 1864 1106 1882 non
1129 1855 1244 1882 haberet
1265 1855 1394 1886 Verbum,
1414 1854 1474 1881 ideo
1498 1859 1557 1881 erat
1578 1854 1651 1881 Patri
1665 1853 1774 1887 simile,

969 1901 1122 1928 secundum
1148 1908 1303 1936 personam,
1331 1901 1384 1928 hoc
1407 1900 1487 1927 vobis
1505 1905 1578 1927 recte
1593 1899 1753 1935 negabitur.

970 1948 998 1976 Si
1017 1953 1107 1975 autem
1133 1956 1167 1975 ex
1195 1956 1227 1974 eo
1254 1947 1327 1982 quod
1354 1951 1452 1974 natura
1480 1954 1534 1973 non
1553 1950 1594 1972 est
1609 1952 1683 1977 caro,
1705 1944 1754 1972 sed

970 1994 1042 2021 Deus
1063 1993 1294 2025 substantialiter,
1314 1992 1389 2019 carni
1408 1992 1515 2019 unitum
1543 1991 1569 2018 in
1592 1990 1684 2018 divina
1705 1997 1754 2017 na-

971 2043 1032 2067 tura
1054 2047 1108 2066 non
1135 2043 1272 2065 mutatum
1295 2042 1346 2070 est,
1371 2041 1399 2064 ct
1424 2037 1598 2064 manifestum
1624 2040 1666 2063 est
1691 2043 1754 2071 per-

970 2093 1064 2112 sonam
1088 2085 1170 2112 Verbi
1196 2085 1360 2111 remansisse
1386 2084 1459 2110 Patri
1486 2083 1621 2114 similem,
1651 2081 1754 2109 factum

969 2135 1062 2158 autem
1090 2131 1205 2157 diversae
1232 2135 1335 2157 natura:
1359 2133 1470 2164 propter
1492 2128 1605 2156 alteram
1630 2132 1754 2154 naturam

132 2176 231 2209 αὑτὸν,
256 2176 289 2203 δι’
301 2176 396 2212 ἐτέρας
412 2176 502 2212 μέντοι
519 2176 700 2211 ἐγγενομένης
714 2176 781 2212 αὑτῇ
799 2176 914 2210 φύσεως.

969 2176 1022 2204 sibi
1048 2176 1216 2212 adjunctam.

423 2234 549 2260 ΚΕΦΑΛ.
565 2234 627 2262 ΛΕ’.

168 2279 202 2306 EI
219 2279 256 2314 μὴ
271 2279 419 2306 ὑπόστασιν
434 2280 467 2315 ῆν
480 2278 552 2314 εἶχεν
568 2280 624 2315 ἔχει
638 2281 651 2307 6
664 2280 750 2314 Λόγος
760 2300 767 2313 ,
786 2280 846 2307 οὑδὲ
862 2280 916 2315 ἄρα

133 2323 214 2355 αὑτός
227 2324 300 2350 ἐστιν
316 2323 330 2350 ὃ
344 2321 386 2358 ἦν.
409 2323 478 2350 Ἀλλ’
490 2325 546 2359 ἔχει
561 2324 610 2360 τὴν
623 2324 709 2359 αὑτὴν
723 2323 854 2358 ἀνελλιπῆ
868 2324 917 2358 μὲν

133 2370 189 2400 τοῖς
205 2368 346 2403 προτέροις
362 2368 502 2403 ἰδιώμασι·
529 2369 599 2402 μετὰ
614 2369 665 2404 μέν
680 2377 720 2395 τοι
734 2369 780 2395 καὶ
794 2369 915 2404 προσϐήο

133 2424 184 2450 κης
200 2415 301 2449 ἐτέρων
315 2415 466 2449 ἰδιωμάτων
479 2435 486 2448 ,
513 2415 722 2451 διακρινομένην
734 2415 782 2442 νῦν
797 2415 851 2442 ἀπὸ
863 2415 918 2441 τῶν

133 2461 295 2496 ὁμοουσεων.

424 2517 548 2545 ΚΕΦΑΛ.
565 2517 634 2550 aqu
669 2509 672 2512 ί

176 2562 267 2595 ’Λξιαν
290 2562 338 2589 καὶ
354 2562 497 2589 αὑθεντίαν
530 2562 578 2588 καὶ
599 2561 758 2588 δυναστείαν
785 2561 832 2588 τοῦ
848 2561 916 2589 Θεοῦ

135 2608 220 2643 Λόγου
240 2608 352 2635 δύναται
369 2608 441 2643 ἔχειν
459 2607 473 2633 ὀ
487 2607 646 2642 ἄνθρωπος’
667 2607 714 2634 καὶ
728 2607 758 2633 τὸ
778 2606 827 2642 τὴν
842 2606 918 2639 τάξιν

135 2654 245 2690 ιπέχειν
268 2655 329 2681 ὅλου
351 2655 397 2682 τοῦ
414 2654 482 2681 Θεοῦ
497 2654 584 2688 Λόγου
600 2653 650 2689 τὴν
665 2653 813 2680 ὑπόστασιν
855 2654 918 2681 ἀδύ-

175 2746 210 2781 (t)
229 2746 324 2787 Severi
351 2745 603 2808 Menophi'sitarum
626 2747 763 2782 coryphazi
782 2747 916 2775 incditqu

175 2789 215 2808 us.
229 2786 389 2808 Inscrlntum
403 2784 469 2808 Φιλα
486 2782 554 2808 aen:
569 2789 616 2808 seu
636 2782 779 2808 Κύοι).λος.
796 2791 846 2808 τιαο
859 2783 916 2808 oui-

136 2789 218 2818 opus,
229 2782 389 2816 inscriptum
403 2782 554 2817 Φιλαλήθης
569 2789 616 2810 seu
636 2782 779 2817 tropos“,
796 2791 846 2818 ego
859 2783 919 2817 qui-

136 2817 198 2844 dem
212 2817 237 2843 in
251 2817 378 2843 manibus
391 2818 478 2844 habeo
492 2826 497 2843 :
513 2822 699 2844 verumtamen
715 2817 834 2844 Severus
846 2818 916 2844 haud

1260 2233 1335 2260 CAP.
1356 2232 1464 2259 XXXV.

1003 2279 1031 2307 Si
1049 2287 1130 2314 quam
1147 2287 1292 2314 personam
1316 2278 1434 2307 habebat
1451 2278 1583 2309 Verbum,
1604 2279 1675 2305 hanc
1698 2285 1753 2305 non

964 2326 1020 2361 jam
1039 2326 1131 2356 habet,
1151 2332 1205 2351 non
1226 2329 1268 2351 est
1286 2324 1358 2351 idem
1374 2325 1430 2359 jam
1443 2323 1516 2359 quod
1538 2327 1608 2350 erat.
1625 2322 1678 2350 Sed
1693 2330 1754 2350 eam

968 2371 1058 2398 adhuc
1072 2371 1156 2397 habet
1176 2370 1234 2398 suis
1255 2369 1395 2405 prioribus
1407 2369 1624 2404 proprietatibus
1650 2368 1755 2404 pollen-

973 2420 1038 2448 tem,
1062 2416 1110 2443 sed
1131 2423 1192 2443 cum
1217 2415 1374 2443 accessione
1396 2415 1512 2442 aliarum
1537 2414 1754 2449 proprietatum,

972 2461 1000 2488 in
1024 2461 1076 2488 hoc
1100 2469 1209 2496 quoque
1224 2461 1381 2488 distinctam
1403 2469 1417 2487 a
1437 2460 1629 2488 consimilibus
1653 2460 1719 2488 suis.

1249 2517 1324 2545 CAP.
1355 2517 1473 2544 XXXVI.

1006 2565 1181 2600 Dignitatem,
1207 2564 1398 2592 auctoritatem
1431 2569 1460 2591 et
1484 2568 1646 2598 potestatem
1672 2563 1755 2590 Veri-ti
1785 2554 1787 2559 K

971 2609 1026 2637 Dei
1045 2615 1135 2645 potest
1152 2610 1234 2637 homo
1256 2609 1368 2641 habere,
1384 2609 1432 2636 sed
1452 2609 1620 2644 impossibile
1639 2613 1680 2636 est
1693 2617 1755 2643 peri-

971 2663 1066 2683 sonam
1076 2663 1184 2683 omnem
1198 2656 1279 2683 Verbi
1292 2655 1341 2683 Dei
1360 2655 1546 2683 telsitudinem
1562 2660 1666 2688 tenere,
1680 2661 1755 2681 crea—

971 2748 1023 2785 fuit
1040 2754 1102 2785 ortu
1119 2748 1443 2785 Egyptiasquanquam
1468 2748 1496 2776 in
1517 2756 1549 2775 ea
1578 2755 1687 2784 quoque
1709 2754 1754 2774 rc-
1772 2743 1773 2746 “

971 2783 1050 2818 gione
1064 2784 1110 2811 diu
1131 2783 1206 2811 viiii.
