1968 3094
248 127 315 161 1503
860 124 1014 154 LEONTII
1032 123 1236 154 BYZANTINI
1814 111 1874 144 15οι

247 193 304 215 tum
329 189 371 212 est
395 184 534 212 Christum
561 183 697 217 imperare
722 181 804 209 simul
826 186 854 209 et
870 181 985 209 servire.
1004 180 1032 208 Si
1046 181 1072 210 Α
1084 180 1153 214 ὁμοῦ
1166 178 1292 210 δεσπόξει
1306 177 1354 204 καὶ
1368 175 1527 206 armti-{eui
1539 172 1688 207 6Xpu:6;.
1708 172 1738 198 Et
1756 172 1873 206 aulam-

247 239 312 260 vero
327 238 382 258 non
405 233 447 258 est
472 229 500 256 in
515 227 626 256 Christo
639 226 781 254 distinctio
793 217 871 253 [inter
880 227 1035 261 imperium

245 282 274 305 et
291 276 444 307 servilium,
458 275 498 301 sic
515 274 620 301 tollitur
641 272 797 300 differentia
823 271 895 299 inter
906 272 991 298 Deum
1009 274 1037 298 et

247 323 394 351 hominem.
416 321 502 348 Simul
519 319 630 355 quidem
648 323 676 346 et
697 319 724 345 in
748 317 843 345 eadem
860 325 976 352 persona
994 325 1037 344 se-

247 368 366 395 cundum
378 366 532 394 naturalem
545 372 621 392 suam
636 364 821 392 conditionem
834 363 920 390 servit
939 371 1036 397 usque-

248 413 313 440 dum
343 412 490 447 impleatur
515 410 656 438 humilitas
672 417 733 444 quae
759 409 792 436 ad
819 409 1036 442 redemptionem

247 458 382 493 pertinet;
401 457 459 487 sed,
473 457 494 483 si
513 456 598 484 idem.
613 463 667 482 non
683 455 710 482 in
727 454 830 482 eisdem
843 454 885 481 sui
898 454 1036 489 partibus:

247 508 346 531 natura
370 503 444 529 enim
472 501 564 528 carnis
591 508 646 528 suae
660 500 748 527 Pilato
762 500 858 531 servit,
876 505 974 527 natura
988 507 1037 526 au-

249 554 303 576 tem
322 546 402 574 Verbi
431 546 564 577 omnium,
586 550 614 572 et
633 546 716 572 etiam
738 546 890 572 caelestium
908 545 1040 572 Dominus

249 598 292 621 est
306 593 450 624 Christus;
478 597 618 626 postremo
642 597 745 623 autem,
771 591 921 618 secundum
945 591 1041 618 huma-

249 639 362 666 nitatem
373 639 454 665 etiam
469 638 537 665 dicit
554 645 560 664 :
579 646 588 662 ι
603 637 671 664 Data
682 641 723 664 est
741 637 805 663 mihi
819 637 908 664 omnis
921 642 1042 672 potestas
1057 651 1060 653 -

248 682 277 711 in
292 683 360 710 coelo
375 686 403 710 et
415 682 442 709 in
455 686 537 709 terra.
559 691 568 707 ι

550 737 626 766 CAP.
650 737 743 765 XLIV.

285 796 312 824 Si
325 796 406 824 simul
436 797 508 823 Deus
530 800 558 823 et
577 796 660 822 homo
676 795 813 827 Christus,
826 795 921 822 eodem
937 795 1041 821 honore

1088 226 1160 262 φορὰ
1170 226 1218 252 τοῦ
1229 223 1372 255 δεσπόζειν
1382 221 1484 249 καὶτοῦ
1494 219 1675 251 δεσπόζεσθαι
1685 219 1713 244 ὲν
1721 217 1761 253 τῷ
1770 217 1875 253 Χριστῷ

1081 273 1138 298 οὐκ
1160 271 1234 302 ἔστι,
1261 269 1308 296 καὶ
1330 267 1400 295 Θεοῦ
1425 267 1479 303 ἄρα
1500 267 1548 292 καὶ
1566 263 1712 300 ἀνθρώπου
1727 263 1873 297 ἀναιρεῖται

1088 318 1104 352 ἡ
1121 315 1249 351 διαφορά.
1276 314 1331 341 Καὶ
1347 313 1401 348 γὰρ
1420 311 1488 348 ὁμοῦ
1504 311 1552 338 καὶ
1567 312 1595 336 ὲν
1608 309 1701 344 ταυτῷ
1715 308 1874 339 δεσπόζεται

1087 365 1120 398 τῇ
1141 362 1242 396 φυσικῇ
1261 359 1338 391 τάξει
1363 359 1417 390 ἓως
1435 357 1662 393 συμπληρώσεῳς
1680 355 1729 388 τῆς
1745 354 1818 380 κατὰ
1829 354 1873 388 τὴν

1087 407 1245 441 οἰκονομίαν
1262 404 1467 436 ταπεινώσεως·
1492 402 1551 430 ἀλλ’
1567 403 1597 429 οὑ
1615 401 1686 428 κατὰ.
1698 400 1728 426 τὸ
1742 400 1808 426 αὐτὸ
1825 399 1873 425 τῶν

1089 453 1171 480 αὐτοῦ
1200 452 1293 487 μερῶν
1319 451 1333 477 ό
1355 450 1448 481 αὑτός.
1475 449 1514 484 Τῇ
1541 448 1595 483 γὰρ
1612 447 1693 481 φύσει
1712 447 1762 480 τῆς
1780 446 1875 480 σαρκὸς

1089 499 1188 530 αὑτοῦ,
1217 498 1265 525 καὶ
1286 498 1339 524 tit-.15
1356 496 1473 524 Πιλάτου
1489 495 1653 526 δεσπόζεται
1666 501 1673 508 ³
1704 495 1737 528 τῇ
1754 493 1783 519 δὲ
1801 491 1876 526 φύσει

1089 547 1136 572 τοῦ
1164 546 1193 572 ὲν
1216 544 1290 580 αὐτῷ
1316 544 1402 577 Λόγου
1434 543 1565 573 πάντων,
1595 540 1641 567 καὶ
1667 540 1722 566 τῶν
1747 539 1876 574 οὐρανίων

1089 593 1103 617 ὁ
1115 591 1194 622 αὐτὸς
1212 589 1334 625 κυριεύει
1349 588 1466 621 Χριστός
1478 596 1484 602 ·
1512 587 1625 622 ὕστερον
1640 585 1668 611 δὲ
1689 586 1737 612 καὶ
1758 585 1830 611 κατὰ
1850 584 1878 611 τὸ

1090 636 1257 672 ἀνθρώπινον
1265 635 1361 670 φησί’(
1373 634 1469 670 Ἐδόθη
1480 642 1525 669 μοι
1534 634 1608 660 πᾶσα
1617 631 1725 664 ἐξουσία
1737 632 1764 658 ἐν
1775 631 1877 667 οὐρανῷ

1090 683 1136 710 καὶ
1154 683 1200 709 ὲπὶ
1211 683 1272 717 γῆς.
1293 691 1303 708 ι

1378 737 1503 765 ΚΕΦΛΛ.
1521 737 1587 764 ΜΔ’.

1126 796 1158 822 Et
1178 795 1247 830 όμοῦ
1266 795 1332 826 Θεδς
1348 795 1395 821 καὶ
1409 784 1552 830 ἀπιορειὶπος
1564 795 1578 820 ό
1591 794 1709 830 Χριστδς
1720 813 1728 825 .
1745 794 1877 829 ὁμότιμος

249 841 352 876 dignus
373 842 455 868 homo
476 846 558 875 atque
576 841 667 873 Deus;
693 841 742 868 sed
768 841 790 867 si
812 840 908 868 eodem
933 840 1038 867 honore

1092 841 1145 877 ἄρα
1165 842 1179 868 ὁ
1201 842 1346 877 ἄνθρωπος
1362 841 1400 876 τῷ
1413 841 1473 876 Θεῷ
1486 849 1493 856 ·
1522 841 1547 867 εἰ
1561 840 1590 867 δὲ
1609 841 1646 876 μὴ
1659 841 1790 876 ὁμότιμος
1805 841 1818 867 ό
1831 841 1877 868 ἄν·

249 893 332 923 atque
351 888 424 914 Deus
439 895 492 914 non
509 891 552 914 est
575 887 676 921 dignus
696 887 789 917 homo,
812 886 912 913 merito
933 886 1039 921 respuit

249 932 392 968 .Egyptius
404 931 592 959 adorationem
604 940 611 964 ;
624 931 646 958 si
658 936 750 958 autent
763 930 871 966 dignusI
885 931 1039 958 necessario

249 977 392 1010 adoratur,
404 982 433 1005 et
446 978 528 1012 impie
545 977 626 1005 docet
637 977 789 1012 Egyptius.
805 976 1040 1010 Quemadmodum

251 1031 315 1050 cum
339 1023 486 1050 adoramus
513 1023 597 1050 Deum
613 1027 644 1050 ut
657 1022 824 1050 adorandum
837 1027 973 1054 naturam,
985 1031 1040 1049 non

251 1073 295 1097 est
318 1077 387 1105 opus
401 1069 503 1104 triplici
526 1069 686 1096 adorationc
703 1073 759 1096 tres
778 1068 884 1095 divinas
909 1076 1040 1103 personas

251 1115 378 1146 adorare.
402 1115 450 1142 sed
473 1122 528 1141 una
555 1119 661 1141 tantum
676 1114 835 1142 atloratione
853 1113 984 1141 adoratur
997 1118 1040 1141 to-

252 1161 344 1187 talitas
365 1160 412 1187 Dei
439 1164 537 1187 natura
560 1159 704 1192 adorandi,
729 1159 765 1186 ita
787 1163 829 1187 est
848 1163 980 1194 quantum
1006 1158 1040 1185 ad

251 1206 493 1237 incarnationem;
516 1205 538 1232 si
566 1205 600 1232 ad
627 1213 773 1239 personam
802 1204 881 1232 Verbi
906 1204 1040 1231 inearnati

250 1251 440 1278 adorationem
453 1250 610 1282 referimus,
624 1258 679 1277 non
692 1254 733 1277 est
749 1249 933 1277 necessarium
948 1249 1040 1276 dicere

250 1297 324 1332 quod
351 1297 403 1324 hoc
430 1297 457 1324 in
483 1296 594 1323 Christo
620 1296 662 1323 vel
682 1296 747 1323 illud
771 1296 911 1328 adoratur,
928 1296 976 1324 sed
993 1304 1041 1331 per

251 1341 443 1369 adorationem
471 1341 555 1368 tutius
583 1348 725 1375 persome,
752 1348 806 1367 una
831 1341 924 1373 Verbi,
958 1341 1040 1368 etiam

251 1385 398 1416 incarnati,
431 1392 548 1419 persona
577 1384 718 1417 adolatur,
744 1385 766 1412 si
788 1385 887 1412 adoras
915 1390 1040 1412 naturam

251 1430 345 1463 Verbi,
362 1431 470 1458 Patrem
486 1438 598 1465 quoque
621 1434 650 1457 et
673 1430 807 1465 Spiritum
825 1436 949 1458 sanctum
969 1432 996 1458 in
1009 1439 1042 1458 eo

251 1476 369 1509 adoras;
398 1476 445 1502 ubi
464 1481 556 1503 autem
582 1476 663 1503 Pater
691 1481 718 1503 et
738 1475 859 1511 Spiritus
878 1477 905 1504 in
928 1477 1040 1504 adorata

252 1522 364 1550 Unitatc
390 1522 573 1550 intenduntur
594 1543 601 1554 ,

251 1570 317 1595 caro
332 1576 365 1595 eo
387 1567 469 1595 modo
486 1571 516 1594 ut
535 1567 666 1594 adoretur
691 1572 819 1602 tanquam
844 1567 876 1594 ad
901 1568 1039 1595 Unitutem

251 1613 404 1648 pertinens.
418 1613 533 1647 Oportet
557 1621 622 1648 ergo
640 1613 728 1640 tribus
741 1613 891 1648 :equalibus
905 1613 1043 1641 adoratio-

251 1658 336 1686 nibus
362 1663 419 1685 tres
445 1658 553 1685 divinas
578 1666 710 1692 personas
732 1658 846 1685 adorare
865 1659 978 1686 :divina
991 1667 1040 1686 au-

251 1709 307 1731 tem
338 1712 413 1735 caro,
441 1704 506 1739 quia
534 1712 628 1731 earum
655 1704 805 1736 divinitati,
833 1705 970 1740 particeps
998 1709 1041 1732 est

251 1755 350 1778 natura
377 1750 527 1777 secundum
555 1758 710 1785 personam.
735 1750 865 1777 videlicet
891 1758 984 1778 earum
1012 1751 1039 1779 in

252 1804 307 1823 una
327 1796 536 1830 comprehensa,
565 1799 593 1822 et
618 1803 695 1822 sacra
720 1795 871 1822 divinitatis
898 1796 924 1822 in
951 1801 1037 1830 poste-

251 1848 314 1868 ram
332 1841 446 1875 recepit,
473 1840 610 1867 adoranda
634 1845 677 1868 est
707 1840 734 1866 in
757 1839 827 1867 Filio
852 1849 924 1873 uno;
943 1841 970 1868 in
992 1848 1041 1868 no-

252 1886 327 1914 mine
351 1886 425 1913 enim
439 1886 504 1914 Jesu
521 1894 602 1913 omne
621 1894 691 1921 genu
707 1885 849 1920 ﬂectetur;
869 1887 932 1922 quia
950 1888 975 1915 ei
990 1888 1040 1915 (ιρ-

252 1936 311 1959 tum
328 1937 487 1959 estnomen
513 1931 585 1966 quod
610 1935 650 1958 est
676 1939 759 1966 super
779 1940 860 1959 omne
876 1941 986 1966 nomen,
1012 1933 1039 1960 id

251 1982 297 2006 cst
320 1977 482 2008 divinitatis,
497 1977 659 2004 naturaliter
673 1983 716 2005 cst
733 1977 915 2008 adorandum.
931 1983 1040 2006 servata

251 2023 364 2059 quidem
392 2023 510 2050 naturali
537 2023 696 2050 diversitate
712 2024 772 2058 ejus
799 2024 845 2058 qui
862 2024 971 2058 propria
990 2031 1040 2051 na-

253 2069 353 2096 turalia
365 2068 477 2096 donavit
489 2073 517 2095 et
528 2069 587 2104 ejus
597 2069 644 2103 qui
657 2069 776 2096 donatus
787 2073 840 2100 est.
851 2073 879 2096 et
895 2068 1034 2096 divinitati

251 2117 282 2141 et
305 2112 490 2140 divinisantis.

556 2176 631 2203 CAP.
652 2176 733 2204 XLV.

1091 888 1199 922 ορωπος
1211 888 1251 923 τῷ
1265 887 1336 923 Θεῷ,
1353 888 1465 920 δικαίως
1478 887 1620 914 διαὸἀλλει
1637 889 1651 914 ὁ
1664 887 1816 921 Αἰγύπτιος
1830 887 1878 922 τὴν

1091 934 1336 969 συμπροσκύνησιν
1350 942 1356 949 ·
1376 934 1401 960 εἰ
1416 933 1443 960 δὲ
1462 933 1606 968 ὁμότιμος,
1625 933 1654 966 ἐξ
1668 933 1794 969 ἀνάγκης
1809 942 1877 968 συμ-

1091 981 1297 1014 προσκυνεῖται,
1313 978 1359 1006 καὶ
1373 979 1467 1006 ἀσεϐεῖ
1481 979 1495 1005 ὁ
1509 979 1789 1014 Αἰγύπτιος-Ὥσπερ
1801 979 1879 1013 ἡνίκα

1090 1024 1127 1056 ὡς
1143 1024 1225 1059 φύσιν
1240 1026 1432 1060 προσκυνητὴν
1447 1024 1655 1060 προσκυνοῦμεν
1670 1024 1747 1054 Θεὸν.
1758 1024 1788 1050 οὑ
1801 1024 1880 1059 χρεία

1091 1069 1165 1103 τρισὶ
1195 1070 1408 1104 προσκυνήμασι
1441 1069 1491 1100 τὰς
1516 1069 1591 1104 τρεῖς
1617 1068 1693 1100 θείας
1717 1068 1879 1101 ὑποστάσεις

1091 1116 1276 1149 προσκυνεῖν,
1307 1114 1375 1141 ἀλλὰ
1403 1116 1454 1150 μιᾷ
1472 1115 1658 1150 προσκυνήσει
1682 1115 1699 1150 ή
1715 1115 1810 1149 όλότης
1833 1114 1878 1141 τοῦ

1092 1158 1279 1195 προσκυνητοῦ
1295 1158 1363 1186 Θεοῦ
1381 1159 1459 1193 φύσει
1476 1158 1714 1194 προσκεκύνηται,
1731 1158 1819 1190 οὕτως
1835 1158 1880 1185 ἐπὶ

1092 1204 1143 1239 τῆς
1160 1204 1316 1239 οἱκονομῐας
1328 1213 1336 1221 ⁸
1365 1205 1390 1231 εἰ
1403 1205 1441 1237 ὡς
1455 1205 1604 1232 ὑποστάσει
1620 1206 1654 1240 τῇ
1670 1205 1718 1231 τοῦ
1732 1205 1820 1239 Λόγου
1834 1204 1879 1231 τοῦ

1093 1250 1306 1285 σεσαρκωμένου
1319 1250 1506 1286 προσάγωμεν
1516 1250 1565 1286 τὴν
1576 1250 1772 1286 προσκύνησιν,
1782 1250 1813 1276 οὑ
1822 1250 1879 1277 δέον

1091 1304 1117 1323 τι
1133 1296 1222 1330 λέγειν
1235 1295 1329 1331 ἕτερον
1341 1297 1427 1332 ὲτέρῳ
1439 1296 1710 1332 συμπροσκυνεῖσοαι
1721 1296 1877 1331 ὲνΧριστῷ,

1092 1341 1160 1368 ἀλλὰ
1187 1342 1252 1374 μιᾶς
1278 1342 1455 1374 ὑποστάσεως
1482 1343 1669 1378 προσκυνήσει
1693 1342 1826 1377 τιμᾶσθαι
1850 1342 1880 1369 τὸ

1092 1389 1139 1415 τοῦ
1155 1389 1243 1422 Λόγου
1260 1388 1406 1424 πρόσωπον
1421 1388 1461 1421 ἓν,
1478 1388 1503 1414 εἰ
1519 1388 1566 1415 καὶ
1583 1388 1771 1423 σεσάρκωται·
1790 1388 1815 1414 εἰ
1832 1389 1879 1422 μέν

1092 1444 1133 1462 τοι
1158 1435 1197 1467 ὡς
1222 1435 1303 1468 φύσιν
1328 1435 1493 1470 προσκυνεῖς
1515 1434 1565 1468 τὴν
1586 1434 1633 1460 τοῦ
1655 1434 1758 1467 Λόγου,
1779 1432 1880 1468 καὶτῷ

1093 1481 1181 1516 “arpi.
1196 1482 1360 1515 προσκυνεῖς
1379 1481 1408 1507 ὲν
1425 1479 1501 1514 αὐτῷ
1517 1480 1565 1507 καὶ
1580 1479 1619 1515 τῷ
1632 1479 1774 1514 Πνεύματι
1784 1488 1792 1496 ’
1817 1479 1880 1507 ἔνθα

632 1522 670 1549 ibi
711 1530 766 1549 non
797 1523 1039 1558 comprehenditur

1092 1527 1121 1553 δὲ
1146 1526 1240 1561 Πατὴρ
1268 1526 1316 1552 καὶ
1340 1525 1454 1560 Πνεῦμα
1478 1525 1654 1560 ὲνθεωρεῖται
1674 1527 1708 1561 τῇ
1724 1526 1828 1552 Mevia:
1847 1526 1879 1561 τῇ

1093 1572 1339 1608 προσκυνουμένῃ,
1367 1570 1435 1607 σὰρξ
1457 1571 1520 1606 τῇδε
1542 1571 1573 1597 οὐ
1594 1571 1821 1606 συμπεριέχεται,
1838 1572 1881 1598 ἵνα

1092 1618 1139 1644 καὶ
1163 1617 1201 1648 ὡς
1224 1617 1306 1652 τῆσδε
1329 1615 1397 1644 οὖσα
1415 1618 1464 1651 τῆς
1478 1617 1603 1648 -Μονάδος
1619 1617 1879 1652 συμπροσκυνῆται.

1093 1663 1157 1690 Δέον
1170 1661 1297 1698 οῦντρισὶ
1312 1662 1361 1697 μὲν
1374 1662 1517 1698 ὁμοτίμοις
1531 1663 1734 1698 προσκυνήσεσι
1746 1662 1798 1694 τὰς
1808 1664 1880 1698 τρεῖς

1091 1707 1255 1739 ὑποστάσεις
1273 1707 1322 1738 τὰς
1338 1706 1415 1738 θείας
1432 1707 1614 1741 προσκυνεῖν·
1631 1708 1666 1740 τῇ
1684 1705 1743 1740 θείᾳ
1757 1705 1785 1732 δὲ
1799 1706 1881 1740 σαρκὶ

1090 1753 1128 1785 ὡς
1153 1752 1337 1787 συνθεωθείσῃ
1362 1752 1458 1783 αὑταῖς
1478 1751 1540 1778 καθ’
1556 1751 1704 1777 ὑπόστασιν
1725 1750 1816 1784 φύσει,
1833 1751 1882 1778 ἅτε

1091 1800 1120 1825 ὲν
1146 1799 1195 1833 μιᾷ
1212 1798 1295 1824 τῶνδε
1322 1796 1525 1833 περιεχομένῃ,
1556 1796 1603 1823 καὶ
1628 1796 1662 1822 τὰ
1684 1796 1733 1830 τῆς
1754 1795 1882 1830 θεότητος

1092 1843 1152 1879 ιερὰ
1172 1843 1265 1870 λοιπὸν
1289 1842 1510 1878 προσδεχομένη,
1533 1841 1795 1876 συμπροσκυνητέον
1811 1843 1884 1868 κατὰ

1089 1891 1135 1917 τὸν
1149 1890 1197 1917 ’ἐνα
1212 1890 1275 1916 Υῑόν
1286 1897 1292 1904 ·
1311 1890 1339 1915 ὲν
1353 1890 1407 1925 γὰρ
1421 1888 1460 1924 τῷ
1474 1888 1587 1922 ὀνόματι
1603 1887 1690 1923 Ἰησοῦ
1706 1888 1813 1922 κάμψει
1829 1889 1883 1914 πᾶν

1091 1937 1154 1971 γόνυ
1164 1945 1172 1952 ·
1191 1937 1252 1963 ἐπεὶ
1267 1936 1315 1962 καὶ
1328 1935 1401 1971 αὑτῷ
1418 1936 1584 1970 κεχάρισται
1598 1935 1682 1970 ὄνομα
1696 1935 1727 1961 τὸ
1742 1935 1815 1970 ὑπὲρ
1831 1936 1884 1961 πᾶν

1090 1982 1194 2016 ὄνομα,
1222 1982 1306 2017 ἤγουν
1332 1981 1362 2007 τὸ
1384 1981 1433 2016 τῆς
1455 1981 1599 2016 Θεότητος,
1618 1981 1698 2015 φύσει
1712 1980 1743 2007 ὂν
1758 1989 1883 2016 προσκυο

1092 2027 1190 2063 νητόν·
1222 2027 1429 2063 φυλαττομένης
1455 2027 1505 2061 τῆς
1529 2027 1660 2062 διαφορᾶς
1680 2027 1731 2061 τῆς
1752 2027 1883 2062 φυσικῆς,

1091 2075 1138 2100 καὶ
1152 2073 1238 2104 οὕτως
1258 2073 1304 2099 τοῦ
1318 2073 1503 2108 χαρισαμένου
1519 2073 1553 2099 τὰ
1568 2072 1621 2099 ἴδια
1633 2072 1738 2106 φυσικὰ
1754 2073 1828 2108 πρὸς
1841 2073 1884 2099 τὸν

1091 2119 1277 2155 λαμϐάνοντα,
1301 2119 1349 2146 καὶ
1363 2119 1409 2146 τοῦ
1425 2119 1572 2150 θεωηέντος
1590 2119 1658 2155 πρὸς
1672 2118 1717 2145 τὸν
1730 2119 1882 2146 Θεώσαντα.

1386 2175 1512 2202 ΚΕΦΑΛ.
1531 2175 1598 2202 ΜΕ’.

288 2223 318 2251 Si
337 2230 402 2251 caro
418 2230 472 2250 non
485 2226 527 2250 est
539 2222 680 2257 cujusdam
694 2222 796 2250 diversi
809 2230 824 2250 a
837 2224 926 2251 Verbo
941 2229 1038 2252 natura

1129 2224 1159 2250 Ei
1176 2224 1192 2258 ἠ
1210 2224 1289 2258 φύσει
1306 2222 1375 2258 σὰρξ
1392 2223 1441 2250 οὒκ
1457 2222 1530 2249 ἐστιν
1545 2222 1640 2258 ἐτέρου
1654 2222 1727 2254 τινὸς
1743 2224 1826 2257 παρὰ
1842 2223 1884 2250 τδν

252 2267 319 2298 Deo.
335 2267 383 2295 sed
395 2271 437 2294 est
450 2267 530 2293 Verbi
546 2267 604 2297 Dei,
623 2266 767 2294 manifeste
780 2267 813 2294 ad
825 2267 908 2294 alium
921 2269 1040 2302 pertinet

252 2321 317 2341 caro
330 2320 411 2346 quam
429 2312 462 2339 ad
480 2312 600 2339 Verbum
619 2313 752 2340 naturalis
766 2313 928 2341 divinitatis.
947 2314 1042 2342 Diver-

252 2365 290 2386 εει
311 2357 421 2392 quidem
438 2361 543 2384 natura:
558 2361 611 2389 est,
627 2357 675 2384 sed
689 2357 722 2384 ad
741 2365 885 2393 personam
911 2359 1040 2393 pertinet.

252 2403 374 2432 Verbum
395 2403 468 2431 enim
493 2403 571 2439 prius
594 2404 653 2431 sine
669 2411 763 2437 carne,
777 2412 852 2431 nunc
870 2405 1040 2433 incurnatum

251 2450 427 2478 conﬁtemur.

550 2505 627 2533 CAP.
651 2505 743 2533 XLVI.

289 2556 317 2584 Si
335 2557 415 2592 plene
439 2557 550 2592 recipis,
571 2556 708 2592 Egyptie,
728 2556 848 2583 divinam
870 2556 917 2584 Dei
942 2557 968 2583 in
988 2557 1040 2584 ho-

253 2603 327 2631 mine
355 2603 567 2634 habitationem,
583 2610 674 2630 cesses
696 2602 832 2630 allirmare
845 2602 892 2630 Dei
908 2607 936 2630 ct
950 2603 1040 2630 carnis

251 2650 404 2679 secundum
425 2657 570 2685 personam
593 2650 722 2677 unionem
742 2659 748 2676 :
776 2657 805 2678 se
830 2650 903 2677 enim
922 2650 1038 2678 invicem

251 2695 401 2725 excludunt
429 2695 562 2723 habitatio
591 2701 620 2723 et
643 2696 793 2723 secundant
821 2704 965 2731 personam
990 2705 1040 2724 na-

253 2743 352 2771 turalis
377 2742 454 2769 unio.
484 2742 513 2770 Si
542 2743 694 2777 personalis
715 2743 855 2770 diceretur
881 2743 962 2770 etiam
989 2744 1039 2771 lia-

252 2788 362 2820 bitatio.
384 2788 411 2815 id
428 2792 480 2819 est,
493 2795 617 2823 persona:
631 2788 657 2815 in
672 2797 788 2823 persona
804 2788 945 2819 habitatio.
965 2794 1038 2816 recte

254 2832 408 2866 loquereris
424 2842 430 2858 :
446 2833 517 2860 sicut
535 2833 564 2860 lit
580 2839 607 2861 et
621 2833 654 2861 de
684 2834 750 2869 legis
769 2834 869 2862 tabulis
889 2842 948 2869 qum
961 2843 1038 2870 sepa-

1092 2270 1158 2297 Θεὸν
1178 2270 1263 2303 Λόγον
1288 2269 1380 2303 φύσει,
1399 2268 1467 2295 ἀλλὰ
1483 2267 1612 2294 τοῦΘεοῦ
1630 2267 1717 2301 Λόγου
1729 2288 1736 2298 ,
1757 2267 1884 2302 δηλονότι

1093 2315 1186 2350 ἐτέρου
1202 2315 1289 2349 Λόγου
1307 2314 1365 2341 ἐστὶ
1382 2315 1398 2349 ή
1416 2313 1485 2347 σὰρξ
1503 2314 1578 2348 παρὰ
1595 2312 1640 2339 τὸν
1655 2314 1756 2348 φυσικῇ
1775 2313 1884 2347 θεότητι

1093 2363 1188 2395 Λόγον.
1211 2361 1323 2395 Ἐτέρας
1338 2360 1388 2395 μὲν
1403 2359 1511 2395 φύσεως
1527 2360 1601 2385 ἐστὶν
1613 2379 1620 2390 ,
1646 2358 1713 2385 ἀλλὰ
1729 2359 1779 2385 τοῦ
1798 2367 1883 2394 τιροσ-

1093 2408 1179 2434 ώπου.
1190 2407 1218 2434 '0
1245 2406 1330 2440 Λόγος
1351 2405 1406 2441 γὰρ
1420 2404 1544 2440 ἄσαρκος
1558 2405 1651 2436 πάλαι,
1671 2404 1719 2430 νῦν
1734 2403 1762 2431 δὲ
1781 2413 1883 2439 σεσαρ-

1095 2453 1218 2488 κωμένος
1231 2452 1416 2488 ὡμολόγηται.

1376 2506 1502 2533 ΚΕΦΑΛ.
1521 2505 1597 2539 Μετ’.

1131 2561 1162 2587 Εἰ
1185 2561 1253 2592 ὅλως
1270 2560 1401 2595 ἀποδέχῃ,
1419 2556 1441 2586 ὦ
1458 2559 1601 2594 Αἰγύπτιε,
1619 2558 1687 2586 Θεοῦ
1702 2559 1731 2585 ὲν
1747 2559 1888 2593 ἀνθρώπῳ

1095 2606 1170 2633 Θείαν
1181 2605 1327 2640 ἐνοίκησιν,
1337 2604 1440 2632 παῦσαι
1454 2604 1521 2631 Θεοῦ
1536 2604 1582 2630 καὶ
1597 2603 1696 2639 σαρκὸς
1709 2603 1888 2638 δογματίζων

1093 2652 1144 2687 τὴν
1159 2651 1219 2678 καθ’
1235 2651 1383 2678 ὑπόστασιν
1396 2651 1494 2677 ἕνωσιν
1506 2658 1512 2665 ⁸
1542 2649 1665 2684 ἀλλήλων
1678 2649 1733 2685 γάρ
1748 2650 1822 2676 εἰσιν
1838 2650 1887 2676 ἀν-

1094 2697 1229 2731 αιρετικαὶ
1253 2697 1270 2731 ἡ
1287 2696 1423 2730 ὲνοῑκησις
1438 2695 1484 2722 καὶ
1499 2696 1516 2730 ὴ
1532 2695 1593 2721 καθ’
1607 2695 1759 2721 ὑπόστασιν
1779 2695 1885 2729 φυσικὴ

1093 2743 1200 2775 ἓνωσις.
1240 2743 1271 2769 El
1301 2742 1469 2778 ὑποστατικὴ
1493 2742 1599 2776 λέγοιτο
1626 2741 1672 2768 καὶ
1699 2741 1717 2775 ἡ
1744 2741 1887 2777 ὲνοίκησες

1093 2789 1177 2824 ἧγουν
1192 2788 1229 2821 ὡς
1242 2789 1417 2821 ὑποστάσεως
1432 2789 1471 2821 ei;
1487 2789 1637 2815 ὑπόστασιν
1653 2787 1832 2822 ἐνοικούσης.
1845 2787 1886 2813 ὗν-

1092 2843 1145 2865 τως
1162 2835 1231 2869 φής·
1259 2833 1351 2869 ὥσπερ
1365 2834 1412 2860 καὶ
1429 2833 1474 2860 ἐπὶ
1490 2833 1542 2859 τῶν
1556 2831 1617 2860 καθ’
1629 2831 1715 2863 αὑτὰς
1733 2831 1784 2867 μὲν
1797 2832 1884 2866 ῦπαρ·
