1968 3094
82 187 150 220 15ῢὸ

563 184 773 221 _ADVERSUS
793 183 1068 214 NESTORIANOS.
1082 195 1117 200 -ν
1130 183 1204 213 LIB.
1229 183 1251 212 I.

1646 181 1657 213 1
1664 182 1716 214 506

80 243 186 280 χουσῶν
209 242 322 269 πλακῶν
343 240 390 268 τοῦ
413 241 495 276 νόμου
515 241 774 276 ίίιοπεριγράπτως,
790 248 870 274 περι-

934 239 1003 266 ‘atim
1032 241 1097 265 sunt
1120 237 1271 272 inscripta),
1302 235 1350 264 sed
1379 235 1460 263 simul
1488 235 1514 262 in
1534 242 1597 263 arca
1625 236 1717 263 conti—

82 287 297 324 λαμϐανομένων
313 287 341 313 δὲ
358 285 492 313 πάντοθεν
510 285 563 312 ὑπὸ
578 286 626 320 τῆς
641 284 759 312 κιϐωτοῦ
771 304 778 317 ,
798 284 869 318 ἔχει.

83 334 112 361 Ei
139 333 168 360 δὲ
198 333 315 368 οὺσιακῇ
343 331 442 357 ἑνώσει
467 329 632 366 καθορῶμεν
661 329 710 365 τὴν
736 330 873 363 ἐνοίκησιν

81 379 175 416 ὥσπερ
199 380 213 406 ό
234 378 322 413 λέγων
341 377 406 413 περὶ
423 377 473 412 τῆς
490 376 589 403 ἑαυτοῦ
603 375 705 411 ψυχῆς,
723 375 764 401 ὅτι
778 374 873 409 ἐξῆ).οε

82 425 130 453 καὶ
154 424 275 460 ἀπῆλθεν
299 424 347 451 ἀπ’
363 422 430 458 ἐμοῦ
456 422 552 458 ὥσπερ
575 423 589 449 ό
610 421 753 448 καταλύων
769 419 873 455 σκηνὴν

82 472 187 507 πήξας,
211 471 268 503 πῶς
284 471 422 498 κωλύεται
438 472 455 506 ὴ
471 471 532 498 καθ’
548 471 698 497 ὑπόστασιν
714 469 811 500 ἓνωσις
827 467 874 494 ἐπὶ

89 516 212 548 Ἐζεκίου
236 516 371 548 νοεῖσθαι,
400 515 511 550 φύσεως
529 515 609 550 φύσει
626 513 806 547 ἑνοικούσηςς
825 512 873 539 ἄν·

83 562 192 598 ορωπος
216 562 244 588 δὲ
271 562 319 588 καὶ
345 560 414 596 σὰρξ
439 562 453 587 ὁ
478 561 542 592 Υἱὸς
568 560 615 587 καὶ
631 560 718 593 Λόγος
738 557 785 584 τοῦ
805 556 873 584 Θεοῦ

84 608 143 639 πῶς
156 607 276 642 λέγεται,
288 608 326 643 τῷ
340 607 566 642 τῆς¹ὲνοικήσεως
579 605 674 637 ἁπλῶς
686 605 781 639 Λόγῳ;
797 605 811 630 ὁ
820 603 875 639 γὰρ

85 654 207 686 ινοικῶν,
223 653 254 680 οὑ
267 653 316 688 τῆς
330 652 377 679 τοῦ
391 652 583 687 ὲνοικουμένου
600 649 786 686 προσηγορίας
801 649 876 684 εὑρί-

86 707 181 726 σκεται
198 699 310 734 Κύριος.

376 754 502 782 ΚΕΦΑΛ.
513 753 579 781 ΜΖ¹.

122 814 153 840 Εἰ
165 814 210 840 τὸν
226 813 430 848 παντοδύναμον
455 812 534 847 φύσει
553 811 640 845 Λόγον
659 811 707 837 καὶ
719 811 870 845 ἀναμάρτηα

87 869 130 887 τον
144 860 271 887 κοινωνὸν
285 860 363 895 ἔσχεν
381 859 397 894 ἡ
418 858 486 894 σὰρξ
497 858 546 893 τῆς
565 858 632 889 ἰδίας
651 857 804 892 ὑπάρξεως,
819 857 877 888 πῶς

924 289 1037 312 nentur.
1066 283 1095 311 Si
1113 288 1205 311 autem
1231 282 1399 310 conferimus
1423 281 1597 309 substantiali
1622 281 1718 309 unionl

924 330 1166 361 inhabitationem,
1196 329 1268 356 sicut
1281 329 1328 363 qui
1353 329 1387 356 de
1411 337 1458 356 sua
1473 329 1563 355 anima
1584 328 1651 355 dicit
1665 337 1671 354 :
1685 335 1718 355 ex

924 385 967 404 me
997 377 1066 404 exiit
1095 381 1124 404 et
1142 375 1262 404 excessit
1274 375 1353 410 quasi
1367 375 1412 410 qui
1430 375 1637 402 tabernaculum
1651 381 1736 401 con-’

924 422 1048 449 volutum
1075 421 1142 457 ligat
1160 421 1249 456 :quid
1278 420 1437 455 prohibebit
1458 421 1524 454 quin
1543 420 1572 447 in
1600 419 1718 447 Ezechia

925 467 1078 494 Secundum
1097 473 1243 501 personam
1267 465 1333 492 unio
1349 466 1524 500 concipiatur
1540 469 1570 492 ut
1585 465 1720 493 habitatio

925 517 1030 539 naturae
1049 512 1077 539 in
1098 512 1218 539 natura?
1237 511 1387 544 'Quomodo
1416 511 1524 538 ratione
1540 511 1720 539 habitationis

925 558 1090 593 simpliciter
1107 558 1210 585 dicitur
1226 557 1309 585 homo
1335 561 1363 584 et
1379 564 1454 588 caro,
1470 556 1591 584 Verbum
1607 557 1654 584 Dei
1673 556 1720 584 Fi-

926 604 1005 632 lius?
1030 604 1082 637 Qui
1104 605 1178 632 enim
1208 603 1355 637 inhabitat,
1383 611 1439 631 non
1458 609 1501 631 cst
1521 604 1655 632 Dominus
1671 611 1722 631 una

927 649 1011 677 minis
1031 649 1115 676 illius‘
1133 649 1160 675 in
1185 656 1240 684 quo
1265 653 1318 676 est.

1223 761 1298 790 CAP.
1324 761 1425 789 XLVII.

964 820 992 847 Si
1011 824 1108 847 natura
1120 819 1296 853 omnipotens
1306 823 1333 846 et
1347 818 1525 853 impcccabile
1534 819 1655 846 Verbum
1665 826 1723 846 sua

929 866 1096 894 exsistentite
1113 865 1218 892 socium
1247 864 1344 891 habuit
1367 872 1444 896 caro,
1458 865 1597 899 quomodo
1614 864 1723 892 dicetur

59 924 66 928 -
86 904 155 940 αὕτη
174 904 206 931 ἂν
224 905 266 940 εἴη
291 905 484 940 ἀναμάρτητος
507 903 656 938 λεγομένης
683 903 700 938 ἢ
727 903 792 929 ποία
814 903 876 938 νίκη

934 911 989 946 ipsa
1001 909 1202 944 impeccabilis?
1212 909 1253 936 vel
1267 917 1391 943 quzcnam
1403 910 1461 944 ejus
1475 909 1586 936 victoria
1597 910 1630 937 de
1638 910 1723 943 malo,

85 951 166 986 τῆσδε
181 951 254 986 ,πρὸς
285 950 333 986 τὴν
348 951 448 977 κακίαν
461 949 561 976 τοιόνδε
576 949 711 984 λαϐούσης
724 949 831 984 βοηθὸν,
848 949 876 975 ὃν

86 997 146 1024 οὐδὲ
163 997 220 1024 ἔστι
235 998 395 1032 νικηθῆναι;
411 996 488 1023 τοῦδε
504 996 558 1031 γὰρ
575 996 608 1022 ἂν
624 997 671 1022 καὶ
687 996 716 1022 οὺ
732 995 815 1030 τῆσδε
834 995 876 1031 εἴη

86 1044 116 1069 τὸ
127 1043 305 1079 κατόρθωμα.
317 1040 391 1078 Ἀρα
409 1040 456 1069 οὖν
470 1043 495 1068 οἱ
509 1041 669 1073 πεποιθότες
691 1043 737 1068 ἐπὶ
752 1042 784 1076 τῇ
799 1041 878 1068 δυνά-

88 1098 134 1125 μει
162 1090 251 1116 αὐτῶν
268 1089 316 1116 καὶ
335 1089 382 1115 ἐπὶ
395 1089 434 1124 τῷ
459 1088 557 1123 πλήθει
581 1087 629 1114 τοῦ
647 1087 763 1114 πλούτου
787 1086 878 1114 αὐτῶν

87 1135 260 1171 καυχώμενοι
275 1136 325 1162 οὐκ
342 1135 575 1170 ἐξομολογήσεσοε
591 1135 640 1161 σὺν
659 1135 724 1170 ἡμῖν
739 1135 779 1160 ὅτι
803 1133 879 1161 ἀδελ-

88 1183 136 1218 φὺς
151 1183 182 1209 οὐ
208 1181 365 1218 λυτροῦται,
382 1181 442 1208 οὐδὲ
468 1181 637 1217 λυτρώσεται
659 1180 817 1215 ἄνθρωπος;
833 1180 880 1207 καὶ

87 1229 128 1255 ὅτι
142 1228 192 1254 οὐκ
212 1229 240 1254 ὲν
258 1228 330 1263 ἰσχύϊ
345 1227 442 1253 ἑαυτοῦ
459 1226 570 1258 δυνατὸς
596 1226 676 1262 ἀνὴρ,
695 1225 764 1253 ἀλλὰ
778 1225 879 1260 Κύριος

87 1275 189 1310 ἀσθενῆ
202 1276 311 1310 ποιήσει
335 1274 380 1301 τὸν
404 1274 540 1301 ἀντίδικον
557 1273 640 1300 αὐτοῦ
659 1272 760 1308 Κύριος
784 1272 878 1305 ἅγιος·

89 1321 236 1354 ἀκούσατε,
247 1318 269 1347 ὧ
283 1317 367 1354 οὗτοι,
384 1320 431 1347 τοῦ
442 1321 580 1355 λέγοντος⁸
592 1320 638 1354 Μὴ
651 1318 800 1354 καυχάσθω
813 1319 827 1344 ὁ
841 1320 880 1344 ίσ-

89 1367 172 1403 χυρὸς
187 1368 215 1394 ἐν
228 1368 261 1402 τῇ
278 1366 350 1402 ἰσχύϊ
363 1366 447 1393 αὐτοῦ
459 1374 466 1381 ·
492 1367 539 1393 καὶ
557 1365 643 1400 γνῶτε
660 1365 701 1390 ὅτι
715 1364 744 1390 τὺ
761 1363 821 1390 καθ’
833 1363 881 1390 αὑ-

88 1414 138 1449 τὴν
151 1413 290 1448 ἁμαρτίας
308 1413 492 1447 κατακρατεῖν
511 1411 683 1446 ὰῦοηθήτως,
701 1409 808 1444 φύσεώς
824 1410 881 1435 ἐστι

92 1459 176 1494 μόνης
200 1459 249 1494 τῆς
278 1459 492 1494 ἀναμαρτήτου·
513 1457 574 1484 καθ’
588 1458 622 1493 ἣν
641 1458 665 1484 εί
688 1457 797 1492 εἴημεν,
826 1457 882 1483 Θεοὶ

90 1506 175 1532 πάλαι
190 1505 223 1532 ἂν
236 1505 312 1536 ὄντες
328 1504 500 1540 ἐδείχοημεν.
533 1504 669 1538 Πταιστῆς
694 1502 722 1529 δὲ
738 1503 812 1534 ὅντες
833 1503 883 1537 φύ-

91 1561 170 1584 σεως,
187 1551 234 1578 καὶ
260 1550 387 1578 ἐντεῦθεν
403 1550 624 1577 εὖεπιῦούλευτοι
648 1548 820 1580 καθεστῶτες
844 1548 882 1584 τῷ

929 964 990 990 qua:
1007 956 1088 982 talem
1112 954 1213 981 habuit
1228 954 1382 989 adjutorem
1397 955 1444 989 qui
1460 955 1533 981 vinci
1546 962 1600 982 non
1616 954 1723 990 possit?

929 1001 962 1028 ad
979 1001 1068 1032 illum,
1083 1007 1139 1027 non
1152 1004 1242 1026 autem
1258 1000 1291 1026 ad
1306 1007 1366 1027 eam
1380 1000 1531 1035 pertineret
1543 1001 1604 1027 laus
1621 1003 1722 1028 omnis.

929 1046 1026 1072 Nonne
1038 1044 1085 1079 qui
1102 1044 1129 1071 in
1145 1052 1193 1071 sua
1207 1048 1342 1079 potestate
1357 1044 1496 1072 conﬁditis
1509 1049 1536 1072 et
1551 1045 1579 1072 iu
1596 1045 1723 1073 multitu-

931 1091 996 1118 dine
1033 1089 1191 1117 divitiarum
1224 1097 1334 1117 suarutn
1375 1090 1530 1125 gloriamini
1554 1091 1723 1119 :nobiscum

925 1135 1120 1164 conﬂtebimini
1133 1134 1206 1169 quod
1223 1134 1310 1161 frater
1326 1142 1380 1161 non
1402 1135 1522 1168 redimit,
1540 1143 1591 1163 nec
1607 1136 1725 1164 redimet

931 1183 1032 1209 homo?
1043 1182 1076 1209 Et
1087 1182 1160 1216 quod
1173 1189 1229 1208 nou
1242 1189 1290 1208 sua
1302 1181 1463 1208 fortitudine
1471 1187 1569 1216 potens
1578 1188 1620 1210 est
1630 1183 1723 1216 homo,

930 1228 978 1255 sed
992 1227 1065 1262 quod
1075 1227 1209 1254 Dominus
1222 1227 1349 1254 infirmus
1359 1227 1441 1254 faciet
1454 1227 1645 1255 adversarium
1653 1229 1727 1264 ejus.

931 1273 1065 1301 Dominus
1080 1277 1201 1305 sanctus,
1232 1272 1309 1300 audit
1334 1272 1471 1300 dicentem
1492 1282 1498 1299 :
1523 1281 1576 1300 non
1593 1274 1728 1308 glorietur

931 1320 1011 1347 fortis
1040 1320 1068 1347 in
1094 1319 1257 1347 fortitudine
1284 1328 1352 1353 sua;
1378 1325 1406 1347 et
1422 1320 1521 1348 scitote
1546 1322 1620 1356 quod
1645 1330 1678 1349 ex
1695 1329 1729 1350 se

933 1366 990 1401 ipsa
1007 1366 1065 1394 sine
1085 1365 1226 1401 adjutorio
1238 1366 1412 1400 iniquitatem
1428 1375 1594 1401 superarcs;
1613 1376 1667 1395 non
1689 1368 1726 1396 sit

933 1413 986 1440 nisi
1002 1417 1106 1440 natura:
1120 1412 1317 1447 impeccabilis,
1331 1421 1413 1448 quam
1429 1414 1451 1440 si
1464 1413 1641 1446 haberemus,
1660 1415 1730 1443 deos.

933 1465 993 1485 esse
1006 1457 1061 1492 jam
1078 1457 1185 1492 pridem
1206 1465 1257 1484 nos
1274 1462 1415 1485 constaret
1438 1458 1541 1485 Labilis
1557 1463 1647 1486 autem
1662 1467 1726 1486 cum

934 1504 1020 1531 simus
1034 1508 1139 1530 naturae
1155 1508 1226 1530 eteo
1240 1503 1299 1537 ipso
1317 1503 1397 1530 facile
1409 1503 1522 1531 obnoxii
1540 1505 1651 1533 insidiis
1666 1505 1731 1540 ejus

935 1548 981 1583 qui
997 1555 1046 1575 nos
1060 1552 1147 1575 tentat
1158 1548 1184 1574 in
1197 1553 1339 1582 peccatum
1353 1548 1496 1581 inducere,
1513 1557 1582 1584 opus
1593 1550 1731 1578 habemus-

92 1598 249 1633 πειράζοντι
268 1597 315 1624 καὶ
341 1597 380 1628 είς
392 1596 442 1632 τὴν
461 1595 586 1631 ἐνεργείᾳ
613 1595 749 1630 ἁμαρτίαν
764 1594 881 1621 κατασύ-

934 1594 1077 1630 potcstatis
1093 1595 1235 1629 cujusdam
1245 1603 1311 1630 quae
1330 1600 1431 1623 nostrae
1459 1601 1564 1624 natura:
1583 1597 1729 1625 imbecilli-

92 1653 175 1679 ροντι,
208 1643 329 1670 εὔκολοι·
354 1642 496 1677 δυνάμεώς
517 1650 589 1672 τινος
604 1640 818 1676 ὲμφωλευούσης
847 1641 880 1676 τῇ

91 1689 227 1725 ἀδυναμίᾳ
242 1689 292 1723 τῆς
304 1689 440 1724 ἡμετέρας
455 1687 563 1722 φύσεως
572 1687 712 1722 ἐδεόμεθα,
723 1687 767 1713 ἴνα
779 1686 816 1722 μὴ
833 1695 882 1712 κα·-

91 1734 353 1767 ταδυναστευθῶμεν
374 1734 437 1760 ιὺπδ
451 1734 511 1769 ’τῆς
537 1733 730 1767 ἀντικειμένης
745 1733 810 1767 ἡμῖν
823 1731 884 1758 ὲπι-

93 1779 189 1807 δούλου
217 1780 368 1815 δυνάμεως,
388 1780 406 1815 ἦ
432 1788 474 1811 τις
498 1778 538 1814 τῷ
564 1779 670 1814 κέντρῳ
694 1777 740 1804 τοῦ
766 1777 882 1804 θανάτου

93 1826 177 1863 ἡγουν
195 1826 229 1865 τῇ
252 1825 375 1860 ἁμαρτίᾳ
398 1825 473 1859 ἡμᾶς
484 1824 727 1858 ὲπικεντρίζουσα,
757 1822 884 1857 θνήσκειν

93 1872 180 1898 ἐποίει
205 1872 253 1899 καὶ
275 1871 324 1906 τῆς
342 1870 493 1901 ἀθανασίας
519 1870 643 1904 ἐστέρει⁹
660 1868 707 1895 καὶ
734 1868 814 1894 τοῦτο
834 1867 884 1894 οὐκ

94 1918 235 1953 ὲξωτὲρως
249 1926 309 1948 πως
327 1917 378 1951 τῆς
400 1916 504 1947 οὐσίας,
525 1915 586 1942 οὐδὲ
603 1914 795 1951 προσκαίρως·
817 1914 885 1940 ἀθά-

94 1964 174 1995 νατός
188 1972 219 1990 τε
242 1962 296 1998 γὰρ
324 1963 338 1990 ὁ
354 1962 470 1997 εὐρέτης
483 1961 533 1995 τῆς
560 1961 661 1992 κακίας
677 1957 753 1992 οὗτος
769 1960 816 1986 καὶ
830 1960 885 1986 τῶν

95 2008 213 2045 καρδιῶν
230 2008 308 2044 ἡμῶν
328 2007 417 2034 αὐτῶν
444 2006 655 2042 ἐμϐατευτικός·
669 2006 718 2041 τῆς
734 2005 841 2041 φύσεώς
856 2013 886 2032 τε

95 2055 178 2090 αὐτῆς
189 2055 255 2090 ἡμῖν
272 2051 305 2089 ἦν
320 2054 336 2088 ἡ
353 2052 492 2080 ἀσθένεια.
510 2052 630 2083 Εἰκότως
649 2049 696 2078 οὖν
712 2053 745 2087 τῇ
762 2060 791 2078 τε
807 2051 886 2085 φύσει

95 2100 176 2137 ἡμῶν
191 2101 208 2135 ἡ
223 2099 291 2136 πρὸς
308 2098 481 2135 δικαιοσύνην
491 2098 673 2133 δυναμοποιὸς
692 2099 740 2125 καὶ.
753 2098 886 2133 σωτήριος

96 2147 177 2182 φύσις
203 2147 372 2180 συνεπλάκη,
403 2147 442 2178 εἰς
465 2145 530 2181 μίαν
554 2146 705 2172 ὑπόστασιν
722 2145 771 2179 τὴν
787 2145 887 2178 ἑαυτῆς

95 2191 170 2227 ἡμᾶς
186 2190 231 2217 διὰ
249 2191 297 2226 τῆς
311 2191 438 2226 ἀπαρχῆς
453 2190 679 2226 προσλσιὸομέΝη⁸
701 2189 738 2220 ὡς
757 2189 790 2216 ἂν
818 2191 886 2225 μήτε

95 2238 243 2274 ἑνδοτέρως
263 2238 344 2273 τῆσδε
370 2239 409 2268 είς
437 2237 486 2273 τὴν
510 2236 592 2271 φύσιν
616 2237 695 2272 ἡμῶν
724 2237 887 2272 ἐμὸατεύειν

96 2284 151 2319 ἔχοι
168 2285 182 2311 ό
196 2283 293 2319 ἐχθρὸς
305 2283 368 2310 καθ’
385 2283 535 2310 ὑπόστασιν
557 2283 732 2318 ἐγγινόμενός
747 2291 822 2315 πως·
842 2281 887 2310 οἵα

95 2331 165 2358 κάπὶ
179 2330 233 2357 τῶν
253 2330 458 2365 ἐνεργουμένων
475 2330 555 2365 μέχρι
573 2329 630 2362 νῦν,
646 2330 715 2365 μήτε
729 2329 825 2366 καιρὸν
839 2339 887 2364 γυ-

97 2377 226 2412 μνώσεως
239 2377 289 2410 τῆς
308 2376 446 2411 ἡμετέρας
462 2375 537 2412 εὖροι
555 2376 620 2402 ποτὲ
641 2376 760 2410 φύσεως,
772 2377 801 2403 ἐν
818 2377 886 2412 αὐτῇ

98 2423 283 2458 ὑφεστηκυίας
311 2424 344 2458 τῇ
364 2422 411 2448 τοῦ
441 2422 558 2455 φύλακος
581 2422 660 2457 ἡμῶν
680 2422 840 2454 ὑποστάσει,
869 2423 886 2458 ἤ

97 2470 157 2495 ἐστι
171 2467 250 2502 φύσει
277 2468 316 2503 τῷ
335 2476 366 2494 τε
391 2467 507 2502 διαϐόλῳ
522 2468 569 2494 καὶ
585 2469 618 2503 τῇ
641 2467 764 2504 ἁμαρτίᾳ
787 2470 835 2495 καὶ
848 2469 887 2504 τῷ

97 2513 205 2550 θανάτῳ
224 2512 388 2545 ἁνεπίΰατος
399 2521 406 2528 ⁸
421 2513 454 2548 τῇ
469 2511 558 2548 τοιᾷδε
575 2510 622 2538 οὖν
646 2512 780 2548 ὑπερφυεῖ
794 2512 888 2547 φιλαν-

97 2561 208 2597 θρωπίᾳ
233 2561 283 2596 τὴν
313 2560 380 2588 ἰδίαν
398 2560 487 2595 σάρκα
502 2559 695 2594 ἀναμάρτητον
715 2560 886 2594 κατέστησε·

97 2606 144 2633 καὶ
165 2605 227 2637 τοὺς
244 2605 404 2642 ὁμοουσίους
424 2604 492 2639 αὐτῇ
510 2602 700 2639 ἁμαρτωλοὺς,
713 2603 808 2631 ἐνθάδε
838 2605 888 2639 τῆς

934 1645 1017 1668 tatem
1039 1640 1160 1676 adjuvet,
1184 1648 1218 1667 ne
1248 1641 1419 1669 insidiatoris
1438 1643 1619 1678 subjiciumur
1651 1650 1729 1679 pote-

934 1686 1012 1719 stati,
1039 1694 1101 1721 qua:
1128 1685 1227 1712 mortis
1250 1686 1374 1719 stimulo,
1402 1687 1427 1713 id
1450 1692 1502 1719 est,
1527 1693 1650 1722 peccato,
1678 1697 1733 1717 nos

934 1741 1058 1768 pungens
1079 1740 1130 1759 nos
1159 1732 1228 1759 mori
1247 1732 1365 1760 faciebat
1390 1737 1417 1760 et
1441 1733 1651 1763 immortalitate
1671 1737 1730 1771 pri-

934 1779 1025 1811 vabat,
1042 1786 1096 1805 non
1109 1783 1202 1805 autem
1223 1776 1342 1813 quodam
1360 1779 1442 1807 modo
1457 1780 1534 1808 foras
1553 1782 1728 1815 substantim,

935 1825 983 1852 sed
996 1832 1086 1858 neque
1100 1828 1272 1859 opportune;
1286 1825 1451 1852 immortalis
1461 1827 1534 1854 enim
1548 1832 1591 1855 est
1605 1828 1650 1856 ille
1665 1829 1730 1857 mali

936 1870 1065 1897 inventor
1092 1873 1119 1896 et
1147 1869 1273 1896 curdium
1298 1875 1455 1898 nostrorum
1476 1872 1596 1906 invasor,
1625 1879 1731 1902 natura

936 1921 1028 1943 autem
1055 1919 1158 1942 nostra:
1176 1916 1287 1950 propria
1315 1923 1376 1943 erat
1402 1917 1563 1951 infirmitas;
1582 1919 1645 1954 jure
1664 1928 1730 1955 ergo

935 1968 965 1992 et
991 1964 1090 1991 merito
1105 1968 1214 1991 natura;
1231 1968 1331 1990 nostrae
1348 1963 1424 1991 unita
1447 1968 1489 1991 est
1509 1969 1605 1992 natura
1616 1966 1732 2000 iustitiae

937 2015 1037 2044 potens
1063 2013 1091 2037 et
1114 2009 1254 2042 salutaris,
1274 2009 1301 2036 in
1326 2017 1408 2036 unam
1424 2017 1500 2037 suam
1519 2018 1665 2045 personam
1681 2019 1732 2041 nos

937 2055 1086 2090 recipiens.
1102 2062 1137 2082 ne
1162 2054 1188 2081 in
1207 2059 1331 2082 naturam
1353 2059 1484 2087 nostram,
1502 2056 1557 2091 jam
1574 2056 1645 2083 intra
1661 2065 1731 2092 pcr-

937 2109 1032 2129 sonam
1060 2101 1134 2128 illam
1153 2100 1300 2133 inclusam,
1322 2109 1377 2128 nun
1393 2101 1479 2136 possit
1504 2110 1533 2129 se
1544 2102 1733 2130 intromiltcre

938 2147 1026 2175 hostis
1043 2151 1149 2178 noster,
1175 2146 1201 2174 ei
1218 2146 1401 2181 personaliter
1417 2147 1535 2182 quodam
1553 2147 1634 2174 modo
1653 2148 1733 2175 inha-

938 2193 1040 2224 bitans,
1054 2197 1084 2219 ut
1100 2192 1251 2219 etiamnum
1268 2192 1510 2227 inenerguutenis,
1531 2200 1601 2220 neve
1627 2193 1732 2221 nudant

899 2246 1081 2286 Dnunquam
1110 2238 1232 2273 reperiat
1256 2242 1379 2265 nostram
1396 2243 1534 2270 naturam,
1561 2238 1587 2266 in
1603 2246 1635 2266 ea
1652 2239 1732 2266 habi-

941 2289 1015 2313 tante
1028 2284 1154 2312 custodis
1170 2284 1259 2312 nostri
1277 2292 1403 2319 persona,
1420 2292 1480 2319 quze
1496 2289 1594 2312 natura
1614 2290 1656 2313 cst
1670 2286 1733 2314 dia-

941 2320 1004 2359 boli)
1028 2336 1057 2359 et
1071 2335 1185 2366 peccato
1197 2336 1226 2358 et
1240 2331 1320 2359 morti
1341 2331 1490 2366 impervia:
1507 2332 1554 2359 illa
1578 2332 1662 2368 igitur
1678 2333 1732 2360 hu-

941 2378 1073 2405 manitate
1100 2377 1240 2412 propriam
1268 2385 1346 2405 suam
1378 2385 1489 2406 carnem
1522 2379 1733 2414 impeccabilem

940 2422 1021 2456 fecit;
1048 2426 1076 2449 et
1099 2426 1259 2457 peccatores
1287 2422 1313 2449 ei
1339 2423 1599 2457 consubstantialcs,
1622 2424 1668 2450 hic
1682 2424 1734 2451 im-

940 2468 1133 2504 peceabilitate
1163 2467 1318 2503 spiritualis
1346 2468 1503 2495 sanctitatis
1529 2472 1558 2496 et
1587 2469 1616 2496 in
1639 2469 1734 2496 futuro

940 2521 1033 2543 secum
1045 2513 1289 2549 impeccabilitatis
1299 2514 1421 2549 perfecta
1434 2514 1558 2541 donavit.
1582 2515 1667 2542 Deum
1682 2516 1734 2551 igi-

940 2565 986 2589 tur
995 2560 1128 2593 Verbum,
1142 2560 1217 2596 quod
1231 2560 1271 2588 sic
1285 2560 1367 2588 nobis
1393 2560 1613 2596 redemptionem
1629 2562 1735 2590 invenit

938 2611 1071 2636 alternam
1094 2606 1291 2642 gloriﬁcamus.

97 2649 291 2685 ἀναμαρτήτου
328 2649 518 2684 πνευματικῆς
539 2647 703 2680 ούσιώσεως,
728 2649 757 2675 ὲν
783 2649 821 2684 τῷ
853 2650 976 2685 μέλλοντι
1004 2653 1053 2679 σὺν
1079 2652 1165 2687 αὐτῇ,
1193 2652 1310 2687 ἠξίωσεν
1337 2652 1507 2687 ἀπεράντως.
1536 2653 1565 2681 ’0
1591 2652 1638 2682 οὖν
1669 2655 1735 2687 Θεὸς

99 2700 185 2733 Λόγος
197 2699 310 2726 αἰωνίαν
327 2699 394 2734 ἡμῖν
410 2697 545 2734 λύτρωσιν
568 2698 719 2733 εὑράμενος
734 2699 821 2732 οὕτως
845 2701 997 2735 δοξάζεται.

389 2753 515 2783 ΚΕΦΔΔ.
533 2755 605 2783 MH'.

136 2811 192 2839 Καὶ
207 2812 267 2838 τόδε
280 2811 312 2846 δὴ
326 2813 392 2845 ἴσως
407 2812 441 2839 ἂν
455 2812 522 2849 ἡμῖν
549 2812 717 2849 ἀπορήσοιεν
736 2814 760 2840 oi
779 2813 832 2849 vim
840 2814 886 2842 τοῦ

99 2857 187 2890 Λόγου
199 2857 266 2893 πρὸς
278 2858 327 2893 τὴν
343 2858 433 2894 σάρκα
447 2858 547 2885 ἕνωσιν
560 2858 647 2895 ἀληθῆ
664 2858 726 2886 καθ’
739 2860 889 2887 ὑπόστασιν

100 2904 271 2941 αρνούμενοι.
285 2923 306 2932 ,.
322 2904 356 2931 ἂν
365 2904 481 2939 ἄπειρον
495 2905 574 2940 φύσει
589 2906 663 2941 πιρέι
681 2905 712 2932 τὸ
724 2906 815 2940 φύσει,
827 2907 888 2934 καθ’
903 2912 906 2914 “

1233 2758 1310 2787 CAP.
1332 2759 1450 2789 XLVIII.
1499 2771 1501 2773 ·

978 2817 1013 2845 Et
1036 2817 1089 2846 hoc
1106 2817 1199 2846 forsan
1226 2817 1308 2846 nobis
1340 2822 1475 2854 reponent
1498 2817 1545 2854 qui
1561 2817 1646 2861 Verbi
1672 2825 1746 2859 cum_

943 2865 1026 2890 carne
1068 2870 1163 2905 veram
1206 2863 1360 2890 secundum
1404 2863 1551 2899 personam
1601 2867 1739 2905 respuunt
1773 2886 1776 2890 .

945 2908 1136 2936 unionem.....
1153 2902 1251 2937 natura
1268 2910 1418 2942 infinitum,
1438 2914 1537 2945 pra:th
1553 2904 1625 2945 quod
1639 2902 1737 2939 natura
