1968 3094
189 152 253 185 1525

817 148 973 179 LEONTII
995 147 1198 179 ΒΥΖΑΝΉΝΙ

1753 151 1821 183 15ίῦ

185 217 333 246 antequam
355 210 382 238 in
399 216 501 245 corpus
529 207 619 240 cadat,
640 211 669 235 ut
686 207 792 240 dicunt,
819 205 886 233 nihil
902 205 979 241 igno-

1032 206 1220 241 προϋπάρχειν
1234 204 1319 232 οἴδασι
1346 205 1392 232 τοῦ
1418 204 1553 240 σώματος,
1582 206 1694 242 ἀνινιδιῆ
1714 216 1743 234 τε
1768 209 1822 234 τῶν

186 265 259 290 rare,
274 257 345 285 sicut
365 263 416 284 ncc
431 260 493 291 post
508 256 567 290 ejus
591 253 626 282 ab
650 261 683 281 eo
700 253 856 281 discessum
878 261 884 278 :
902 250 976 278 unde

185 310 218 330 ea
241 303 366 338 pejo'rem
390 301 563 329 arbitrantur
581 300 736 331 hominem,
754 297 890 333 siquidem
912 305 977 324 eum

186 349 285 376 dicunt
306 349 396 384 seipsa
421 349 543 384 pcjorem
562 347 621 375 ﬁeri
637 355 669 374 es
686 354 735 374 sua
757 346 785 373 in
800 352 927 381 corpore,
946 348 979 371 ut

186 395 350 430 loquuntur,
365 395 538 430 captivitate.
568 393 621 421 Scd
638 393 816 420 manifestum
830 396 872 419 est
885 391 977 418 homi-

186 449 249 469 nem
261 449 377 477 corpore
387 449 449 468 esse
462 441 607 468 meliorem
622 440 697 475 quod
710 443 850 466 mortuum
864 442 978 474 apparet

186 494 249 525 post
268 489 367 516 anima:
388 488 552 520 discessum,
567 494 630 514 cum
650 494 753 522 corpus
765 485 856 521 seipse
877 484 978 513 melius

186 541 319 571 appareat
332 538 479 569 antequam
489 533 523 560 ab
535 532 628 560 anima
638 537 795 569 separetur,
810 540 844 559 ex
859 539 894 559 eo
903 530 976 566 quod

187 585 249 616 post
271 579 474 615 separationem
500 578 535 606 ab
560 578 653 605 anima
683 582 735 610 est,
762 577 866 612 liquet;
885 576 923 603 ita
947 581 978 604 ut

187 624 371 660 compositum
394 624 431 651 sit
454 623 512 651 suis
529 623 657 658 partibus
685 623 713 650 in
736 630 766 650 se
797 623 915 658 sumptis
933 622 976 650 vel.

187 670 288 697 melius
315 669 358 697 vel
382 670 482 705 pejus;
505 669 579 696 unde
594 669 789 696 necessitatem
807 669 910 696 habent
933 668 975 695 di-

187 716 268 745 cendi
281 715 423 744 Christum
442 724 522 744 suum
545 716 588 744 vel
605 716 749 743 meliorem
762 723 823 743 esse
840 715 883 742 vel
901 715 978 750 pejo—

187 770 245 790 rcm
262 763 289 790 in
303 762 396 798 aliquo
420 762 548 798 partibus
563 762 622 790 suis
635 762 662 789 in
675 769 704 790 se
722 761 850 796 sumptis.
872 761 896 789 si
912 769 976 789 vere

187 817 275 836 unum
289 809 391 836 animai
404 813 446 837 est
457 808 596 841 Christus,
606 809 684 844 juxta
696 809 759 835 illos
771 816 804 835 cx
820 808 876 835 Deo
885 807 977 836 Verbo

190 859 219 883 et
236 863 319 883 carne
338 855 534 890 compositum.
561 853 614 882 Sed
642 854 664 882 si
693 854 837 881 meliorem
862 853 972 885 dicunt,

189 900 272 935 impie
293 900 401 931 dicunt.
419 900 522 935 aliquid
543 900 721 928 commentali
740 899 796 927 Deo
814 899 976 934 perfectius,

187 946 261 982 quod
277 953 390 974 necesse
402 946 505 973 habent
523 946 605 973 fateri
621 946 702 973 Patre
719 950 747 973 et
759 945 866 980 Spiritu
881 949 978 972 sancto

188 991 278 1027 majus
293 999 366 1019 esse.
381 991 410 1018 Si
426 991 500 1018 enim
525 991 627 1018 animal
643 991 709 1019 illud
721 991 807 1026 quod,
825 991 978 1018 secundum

189 1037 261 1070 illos,
278 1045 312 1065 ex
323 1036 414 1064 Verbo
435 1037 491 1064 Deo
506 1040 534 1064 et
556 1043 640 1063 carne
655 1040 774 1069 constat,
784 1035 884 1063 melius
896 1035 979 1062 estin

189 1083 282 1118 aliquo
297 1082 390 1110 Verbo
407 1081 502 1109 divino
517 1081 544 1109 in
566 1089 596 1109 sc
613 1086 734 1116 sumpto.
756 1081 856 1109 melius
869 1089 979 1116 quoque

189 1127 335 1155 manifeste
358 1127 412 1154 erit
431 1128 512 1155 Patre
529 1131 558 1154 et
579 1127 686 1162 Spiritu
705 1131 801 1155 saneto
816 1135 870 1154 non
888 1127 979 1155 incar-

190 1173 273 1206 natis,
288 1173 426 1208 siquidem
445 1173 531 1200 Filius
543 1173 618 1200 Patri
646 1177 674 1201 et
687 1173 804 1208 Spiritui
826 1177 922 1200 sancto
937 1177 981 1200 est

189 1219 324 1255 mqualis;
341 1219 387 1246 illc
401 1223 493 1246 autem
511 1219 557 1255 qui
574 1220 601 1248 in
619 1220 714 1255 aliquo
734 1219 782 1246 illo
805 1219 905 1246 melior
925 1223 978 1251 est,

189 1264 336 1292 evidenter
352 1265 433 1292 Patre
457 1268 485 1292 et
503 1263 607 1299 Spiritu
622 1269 719 1292 sancto
745 1268 787 1291 est
809 1263 919 1290 melior.
950 1263 979 1290 Si

189 1315 282 1338 autem
310 1310 389 1345 pejus
412 1309 509 1338 dicunt
523 1310 590 1338 illud
608 1310 708 1337 animal
722 1309 814 1338 Verbo
831 1309 889 1336 Deo
906 1309 934 1335 in
950 1315 980 1336 se

190 1359 311 1391 sumpto,
323 1355 351 1382 in
368 1355 421 1383 hoc
434 1356 518 1383 etiam
535 1356 610 1391 impii
630 1360 696 1383 sunt
710 1363 716 1381 :
736 1355 889 1383 secundum
905 1354 979 1381 enim

190 1401 310 1429 fabulam
324 1401 484 1429 Grmcorum
496 1405 524 1429 et
537 1401 751 1430 Manichaeorum
763 1401 797 1429 de
812 1401 902 1428 anima
915 1401 980 1428 νει·-

190 1447 257 1475 bum
271 1445 359 1474 Deum
383 1446 474 1482 seipse
488 1447 567 1482 pejus
588 1445 675 1474 fuisse
702 1446 805 1474 factum
832 1450 979 1474 asserunt:

191 1500 246 1520 non
259 1493 332 1520 enim
348 1492 451 1520 animal
469 1492 538 1520 illud
554 1500 586 1520 ex
601 1492 656 1520 Deo
680 1497 709 1520 et
730 1500 813 1520 carne
839 1496 978 1524 constans,

1029 250 1076 277 τοῦ
1093 250 1220 286 σώματος
1243 252 1406 287 αἰσθήσεων,
1424 253 1470 278 καὶ
1493 253 1546 288 πρὸ
1566 253 1615 285 τῆς
1635 246 1675 286 είς
1696 255 1725 280 το
1741 255 1823 289 σῶμα

1029 298 1244 331 κατα-πτώσεως,
1257 298 1294 330 ὥς
1312 308 1389 334 φασι,
1408 299 1489 335 μηδὲν
1504 300 1656 334 ἁγνοοῦσαν
1670 309 1677 316 ·
1694 301 1760 328 ἀλλὰ
1777 303 1823 328 xci.

1030 343 1100 378 μετὰ
1113 344 1163 378 τὴν
1180 345 1212 371 ὲκ
1231 345 1326 372 τούτου
1353 346 1443 377 ἔξοδον
1462 346 1609 377 ὡσαύτως·
1634 348 1695 374 ὅθεν
1712 350 1758 374 καὶ
1775 349 1823 384 ἥτ-

1028 398 1093 416 τονα
1109 390 1212 417 οἴδασιν
1227 391 1311 427 αὐτῆς
1327 391 1373 418 τὸν
1398 392 1542 428 ἄνθρωπον
1555 400 1562 407 ”
1580 394 1642 419 ἐπεὶ
1665 395 1713 420 καὶ
1739 394 1824 429 αὐτὴν

1028 435 1129 471 ἑαυτῆς
1144 437 1256 471 χείρονα
1272 437 1383 471 λέγουσι
1401 438 1528 473 γενέσθαι
1549 438 1593 465 διὰ
1608 439 1659 474 τῆς
1673 441 1700 465 ὲν
1717 440 1756 474 τῷ
1770 439 1824 466 σὼ-

1030 491 1095 518 ματι
1112 484 1247 518 φυλακῆς,
1282 483 1319 515 ὣς
1333 493 1411 519 φασι.
1439 486 1492 513 Τοῦ
1520 486 1547 512 δὲ
1575 486 1702 522 σώματος
1725 487 1824 522 νεκροῦ

1029 528 1217 564 θεωρουμένου
1243 530 1311 564 μετὰ
1334 530 1384 565 τὴν
1399 531 1535 564 διάζευξιν
1560 532 1610 566 τ’ἠς
1630 532 1730 567 ψυχῆς,
1755 534 1824 568 ιπρὸ-

1027 574 1108 608 δηλον
1120 575 1162 602 ὅτι
1179 576 1311 611 κρείττων
1333 577 1347 602 6
1364 577 1514 617 ﬁvOpwno;
1529 585 1536 592 ·
1557 578 1619 604 ἐπεὶ
1637 578 1684 604 καὶ
1709 578 1774 605 αὐτὸ
1794 579 1825 605 τὸ

1029 620 1109 655 σῶμα
1125 623 1250 656 κρεῖττον
1265 621 1363 648 ἑαυτοῦ
1380 622 1524 658 Θεωρείται
1546 623 1601 659 πρὸ
1619 625 1666 650 τοῦ
1679 625 1822 659 χωρισμώ

1027 666 1074 693 τοῦ
1090 667 1121 693 ἐκ
1131 667 1181 701 τῆς
1194 667 1285 702 ψυχῆς
1295 676 1302 683 ·
1322 667 1361 698 ὡς
1373 668 1442 702 προς
1469 669 1499 695 τὸ
1526 672 1594 704 μετὰ
1608 670 1639 696 τὶ)
1655 671 1825 705 χωρισθῆναι

1026 714 1076 748 τῆς
1092 713 1181 749 ψυχῆς
1193 715 1360 750 συνέστηκεν
1375 716 1440 751 ἄρα,
1463 716 1501 748 ὡς
1528 716 1568 743 ὅτι
1594 717 1624 743 τὸ
1650 718 1824 753 ἀποτέλεσμα

1027 759 1081 786 τῶν
1110 760 1219 787 οἰκείων
1248 761 1340 796 μερῶν
1367 761 1429 788 καθ’
1453 763 1538 789 ἑαυτὰ
1566 763 1780 798 θεωρουμένων,
1807 764 1824 798 ἢ

1028 805 1151 840 κρεῖττόν
1168 805 1226 831 ἐστι
1240 807 1310 833 κατά
1325 815 1362 839 τι,
1378 807 1394 842 ἢ
1410 804 1491 842 ἦττον
1504 817 1510 823 ·
1528 807 1588 835 ὅθεν
1605 809 1712 844 ἀνάγκη
1735 809 1825 843 λέγειν

1031 851 1079 878 καὶ
1091 851 1206 884 τούτοις,
1220 851 1266 878 τὸν
1279 852 1396 888 Χριστὸν
1413 853 1513 885 αὐτῶν,
1537 853 1554 889 ἢ
1579 854 1678 889 ἥττονα
1704 853 1783 885 εἶναι.
1807 855 1824 890 ἢ

1031 899 1175 933 κρείττονα
1192 900 1265 926 κατά
1286 908 1312 926 τι
1337 899 1391 927 τῶν
1412 901 1522 928 οἰκείων
1546 903 1637 937 μερῶν
1654 902 1716 929 καθ’
1729 903 1824 934 ἑαυτὰ,

1030 945 1248 980 ὲπινοουμένων·
1273 946 1297 971 εἰ
1318 946 1386 974 ὅλως
1403 946 1432 973 ἓν
1457 947 1526 980 ζῶόν
1553 948 1611 974 ἑστι
1639 949 1701 975 κατ’
1727 949 1826 980 αὑτοὶς

1029 991 1043 1017 6
1057 991 1185 1026 Χριστος,
1202 993 1234 1018 ἐκ
1247 992 1315 1018 Θεοῦ
1331 993 1378 1019 καὶ
1394 993 1540 1027 ἀνθρώπου
1554 995 1753 1021 ἀποτελεσοεν·
1767 995 1826 1021 ἀλλ’

1036 1038 1060 1064 εί
1078 1037 1128 1072 μὲν
1143 1038 1297 1073 κρείττονα,
1319 1038 1433 1073 εἴποιεν,
1455 1040 1590 1067 δεδώκασι
1616 1041 1646 1068 τὸ
1663 1041 1770 1072 ἀσεϐὲς,
1783 1050 1827 1068 τεο

1029 1083 1164 1118 λειότερόν
1179 1092 1205 1110 τι
1220 1083 1267 1109 τοῦ
1295 1083 1363 1110 Θεοῦ
1382 1085 1581 1120 φανταζόμενοι
1596 1083 1678 1116 εἶναι.
1690 1087 1760 1122 ὅπερ
1780 1087 1828 1112 κεὶ

1028 1126 1077 1154 τοῦ
1092 1128 1196 1162 [ἰατρὸς
1206 1128 1252 1154 καὶ
1264 1128 1311 1154 τοῦ
1327 1129 1487 1163 Πνεύματος
1500 1130 1608 1164 ἀνάγκη
1622 1130 1712 1164 λέγειν
1728 1131 1825 1162 αὐτοὺς

1031 1173 1194 1208 ὑπέρτατον.
1212 1173 1243 1199 Ei
1259 1173 1314 1208 γὰρ
1331 1174 1362 1199 τὸ
1387 1174 1446 1200 κατ’
1468 1174 1567 1206 αὐτοὺς
1593 1175 1626 1201 ὲκ
1647 1174 1714 1201 Θεοῦ
1737 1175 1826 1208 Λόγου

1030 1219 1078 1246 καὶ
1091 1219 1192 1253 σαρκὸς
1213 1218 1292 1251 ζῶον,
1311 1221 1436 1253 κρεῖττον
1451 1220 1522 1246 κατά
1543 1229 1569 1246 τι
1584 1220 1632 1246 τοῦ
1655 1220 1722 1247 Θεοῦ
1738 1220 1828 1254 Λόγου

1029 1263 1091 1291 καθ’
1103 1265 1199 1291 ἑαυτὸν
1215 1265 1372 1300 νοουμένου,
1391 1265 1470 1292 τοῦτο
1485 1265 1551 1292 αὐτὸ
1566 1267 1693 1301 κρεῖττον
1703 1265 1826 1300 δηλονότι

1030 1311 1076 1337 καὶ
1091 1309 1138 1336 τοῦ
1154 1310 1262 1345 Πατρδς
1277 1311 1324 1337 καὶ
1340 1311 1387 1338 τοῦ
1403 1311 1562 1345 Πνεὺματος
1586 1312 1624 1347 μὴ
1639 1312 1827 1346 συγκειμένων

1030 1357 1062 1391 τῇ
1078 1356 1176 1391 σαρκί·
1202 1356 1320 1392 ἐπείπερ
1344 1357 1401 1389 leo;
1425 1357 1438 1383 6
1464 1357 1528 1389 Υίδς
1552 1357 1591 1392 τῷ
1618 1358 1706 1393 Ῑῐατρὶ
1727 1357 1774 1383 καὶ
1790 1357 1829 1390 τῷ

1031 1402 1188 1436 ῐΙνεύματι·
1212 1402 1261 1428 καὶ
1283 1403 1298 1428 6
1321 1402 1417 1429 τούτου
1435 1402 1568 1438 κρείττων
1595 1402 1667 1429 κατά
1685 1411 1721 1432 τι,
1741 1402 1828 1436 σαφὲς

1030 1447 1071 1472 ὅτι
1089 1446 1136 1472 καὶ
1152 1446 1198 1473 τοῦ
1215 1446 1322 1481 [ἰατρὸς
1338 1447 1386 1473 καὶ
1410 1447 1457 1473 τοῦ
1483 1447 1643 1482 Πνεύμσιτος
1661 1447 1708 1473 τοῦ
1734 1446 1826 1480 ἁγίου-

1031 1493 1056 1519 εί
1071 1492 1098 1519 δὲ
1115 1490 1197 1528 ἦττον
1221 1492 1324 1520 εἴποιεν
1350 1494 1425 1520 τουτὶ
1440 1493 1470 1520 τὺ
1493 1493 1563 1526 ζῶον
1577 1494 1624 1520 τοῦ
1646 1494 1713 1520 Θεοῦ
1738 1494 1827 1527 Λόγου

191 1538 355 1567 inveniretis
376 1538 432 1566 Deo
457 1537 559 1571 minus,
585 1538 638 1566 nisi
662 1538 740 1573 prius
763 1538 837 1566 Deus
858 1537 979 1565 Verbum

1032 1538 1093 1565 καθ’
1117 1538 1213 1564 ἑαυτὸν
1235 1538 1435 1574 Θεωρουμένου,
1454 1540 1501 1565 καὶ
1515 1538 1602 1570 οὕτως
1617 1538 1746 1565 ἀσεϐοῦσι
1758 1546 1764 1552 ·
1780 1539 1827 1564 τὴν

190 1584 282 1620 seipse
303 1585 382 1620 pejus
402 1584 505 1611 factum
524 1583 632 1611 fuisset.

1029 1583 1096 1610 Θεὸν
1111 1583 1165 1618 γὰρ
1179 1583 1264 1617 Λόγον
1282 1584 1383 1618 ἥττονα
1407 1584 1506 1611 ἑαυτοῦ
1528 1584 1684 1611 δεικνύουσι
1707 1584 1826 1618 γεγενῆ-

192 1631 253 1659 σθαι
270 1630 342 1658 κατὰ
363 1630 408 1657 τὸν
428 1629 481 1656 τῶν
509 1628 640 1664 Ἑλλήνων
663 1628 710 1656 καὶ
734 1629 892 1664 Μανιχαίων
920 1628 986 1664 περὶ
1005 1629 1054 1664 τῆς
1069 1628 1158 1664 ψυχῆς
1171 1628 1266 1663 μῦθον.
1289 1630 1348 1657 Οὐκ
1362 1630 1395 1657 ἂν
1426 1631 1480 1667 γὰρ
1493 1631 1524 1658 τὸ
1538 1632 1569 1657 ἑκ
1581 1630 1648 1658 Θεοῦ
1662 1631 1710 1658 καὶ
1724 1630 1827 1666 σαρκὸς

192 1679 260 1711 ζῶον
290 1675 371 1714 ἦττον
398 1677 543 1712 ηὑρίσκετε
573 1676 619 1703 τοῦ
649 1676 717 1704 Θεοῦ
744 1676 815 1704 κατὰ
841 1677 935 1711 μόνας,
956 1677 980 1703 εί
1001 1675 1039 1712 μὴ
1071 1675 1204 1712 πρότερον
1219 1676 1300 1709 αὐτὸς
1325 1677 1417 1710 ὀΘεδς
1452 1678 1536 1713 Λόγος
1556 1678 1644 1713 ἥττων
1664 1677 1762 1704 ἑαυτοῦ
1781 1679 1830 1710 γέ-

195 1732 284 1758 γονεν.

230 1769 269 1798 Ad
287 1769 344 1796 hac
371 1769 494 1796 dicemus
525 1769 614 1804 reipsa
637 1768 789 1804 composita
808 1775 841 1796 ex
857 1768 983 1804 partibus

192 1816 235 1844 vel
256 1815 370 1842 meliora
392 1821 452 1841 esse
479 1813 521 1841 vel
545 1814 638 1850 pejora
664 1821 829 1848 unaquaque
856 1814 980 1848 partium

192 1868 322 1894 suarum;
336 1861 383 1888 sed
399 1859 512 1888 evidens
525 1864 566 1887 est
586 1860 639 1887 hoc
662 1868 717 1887 non
733 1859 897 1895 simpliciter
910 1867 982 1891 esse,

193 1908 241 1936 sed
265 1911 370 1935 tantum
395 1908 423 1934 in
446 1906 490 1934 bis
516 1912 633 1941 quorum
657 1911 750 1942 partes
776 1906 893 1933 diversa
917 1909 982 1932 sunt

193 1957 300 1980 natura:
315 1955 343 1979 et
359 1956 446 1978 totum
469 1954 638 1985 componunt
657 1950 700 1978 vel
717 1957 767 1985 per
789 1949 981 1981 mutationem,

194 1999 236 2026 vel
252 2006 301 2034 per
324 1997 477 2028 misturam,
493 1996 535 2024 vel
553 2004 600 2031 per
616 1999 878 2030 temperamentum;
891 1995 913 2022 si
927 2002 981 2021 non

194 2043 351 2080 lmjusmodi
362 2047 405 2070 est
421 2042 595 2077 compositio,
613 2042 640 2070 id
656 2047 708 2075 est,
724 2050 779 2069 non
790 2041 981 2075 commiseens,

194 2095 242 2118 aut
258 2093 442 2121 commntans,
464 2088 572 2115 diversa
596 2087 801 2122 componentia,
822 2091 870 2114 aut
890 2087 912 2115 si
932 2094 982 2113 na-

196 2141 265 2163 tura:
282 2141 337 2162 non
355 2138 471 2169 possunt
490 2133 601 2161 misceri
617 2133 659 2160 vel
677 2133 704 2161 in
728 2133 845 2160 invicem
868 2132 981 2166 mutari,

195 2178 333 2214 quomodo
356 2178 420 2205 inde
438 2181 526 2204 totum
547 2176 706 2204 censebitur
727 2177 805 2212 pejus
820 2181 867 2204 aut
884 2177 983 2204 melius

195 2227 326 2254 alterutra
364 2232 475 2252 suarum
507 2223 650 2259 partium?
689 2223 858 2251 Manifestius
891 2228 982 2251 autem

196 2272 324 2308 exemplo
337 2271 465 2306 lietquod
475 2270 603 2298 dicimus.
616 2270 644 2297 Si
657 2270 720 2304 quis
734 2277 766 2297 ex
779 2278 842 2298 vase
855 2275 985 2305 argenteo

196 2318 278 2345 unius
301 2317 378 2343 libr-1e
392 2320 420 2343 et
438 2323 471 2343 ex
485 2322 549 2342 vase
563 2314 691 2350 plumbeo
711 2314 840 2342 similiter
856 2316 938 2342 unius
952 2315 981 2342 li.

197 2363 252 2389 brae
267 2360 349 2389 simul
361 2360 488 2387 conflatis
499 2367 548 2387 vas
563 2367 666 2386 novum
681 2359 981 2393 faceret,manifeslum

195 2412 238 2435 cst
269 2407 387 2442 aliquale
407 2406 547 2433 exiturum
579 2413 722 2433 scamnum
754 2411 865 2441 argento
893 2398 981 2442 pejus,

196 2453 307 2490 plombo
329 2460 396 2480 vero
424 2453 538 2480 melius:
558 2452 586 2479 in
611 2451 667 2479 illis
685 2452 759 2479 enim
789 2455 832 2479 est
855 2452 981 2486 quaedam

196 2497 314 2526 aﬂinitas
321 2503 348 2525 et
355 2497 508 2524 similitudo
514 2496 615 2531 quibus
626 2496 697 2523 inter
705 2503 733 2523 se
742 2495 980 2527 transmittantur;

195 2545 219 2572 si
237 2544 299 2579 quis
319 2548 410 2571 autem
426 2551 475 2571 vas
495 2548 609 2570 aureum
628 2542 711 2569 unius
733 2541 811 2568 libra:
838 2549 900 2568 cum
920 2548 985 2568 vase

198 2589 275 2618 tietiii
302 2590 385 2617 unius
404 2590 482 2617 librm
502 2589 678 2616 combureret
700 2587 742 2615 vel
759 2587 876 2614 alterum
897 2586 984 2613 altera

196 2635 371 2664 circumdans
388 2636 414 2662 in
426 2635 517 2670 ignem
527 2634 793 2669 mitteret,qnoniam
808 2639 907 2661 natura
927 2640 983 2660 non

196 2685 286 2717 potest
302 2680 384 2709 fictile
400 2689 462 2708 cum
483 2689 551 2708 auro
573 2681 694 2714 misceri,
717 2687 773 2707 non
794 2680 849 2707 erit
860 2679 933 2707 istud
949 2687 983 2706 ex

196 2733 265 2753 auro
277 2730 305 2752 et
328 2725 404 2753 ﬁctili
429 2725 612 2760 compositum
634 2726 732 2753 melius
745 2732 813 2752 auro
830 2724 982 2752 secundum

196 2771 405 2798 substantialem
428 2771 608 2806 qualitatem;
624 2777 689 2798 ecce
703 2770 777 2797 enim
802 2776 898 2797 aurum
922 2769 983 2797 sine

197 2820 350 2842 mutatione
379 2823 478 2851 purum
495 2821 523 2843 et
541 2816 731 2850 incorruptum
747 2816 830 2844 etiam
853 2816 880 2842 in
905 2816 983 2843 ilctili

199 2860 396 2895 circumposita
409 2867 436 2890 et
458 2863 545 2895 unito,
569 2863 702 2894 dicemus,
721 2870 808 2898 neque
822 2870 890 2890 auro
906 2862 980 2889 nullo

1071 1765 1202 1800 Εῖποιμεν
1215 1763 1263 1793 οὖν
1277 1767 1347 1802 προς
1369 1767 1444 1800 τάδε,
1460 1768 1501 1794 ὅτι
1520 1767 1606 1800 ὅντως
1628 1769 1662 1795 τὰ
1676 1768 1709 1795 ἐκ
1728 1769 1825 1804 μερῶν

1034 1810 1256 1846 ἀποτελέσματα,
1273 1812 1446 1848 ἢκρείττονα
1461 1813 1477 1848 ἢ
1495 1813 1605 1848 χείρονα
1621 1814 1676 1840 τῶν
1695 1814 1827 1841 ἀποτελε-

1035 1856 1140 1883 σάντων
1155 1857 1271 1884 ἑκάστου
1289 1857 1342 1893 ίδῖᾳ
1357 1857 1500 1893 θεωρεῖται
1517 1866 1523 1872 ·
1542 1858 1611 1885 ἀλλὰ
1627 1859 1769 1894 πρόδηλον,
1788 1860 1828 1891 ὡς

1034 1902 1093 1928 τόδε
1110 1902 1159 1938 οὺχ
1173 1902 1277 1935 ἁπλῶς,
1294 1903 1352 1930 ἀλλ’
1368 1903 1411 1937 ἐφ’
1425 1900 1463 1930 ὧν
1487 1903 1626 1939 διαφόρων
1645 1904 1731 1931 ὄντων
1755 1905 1827 1931 κατὰ

1034 1946 1114 1981 φύσιν
1150 1947 1205 1974 τῶν
1235 1947 1338 1984 μερῶν,
1355 1948 1432 1982 καὶὴ
1466 1948 1601 1979 σύνθεσις,
1621 1948 1692 1975 κατὰ
1719 1948 1828 1984 τροπὴν

1035 1993 1083 2020 καὶ
1097 1993 1207 2028 φυρμὸν
1221 1993 1269 2019 καὶ
1286 1993 1385 2028 κρᾶσίν
1399 2002 1470 2026 τινα,
1485 1995 1559 2020 ποιΞῖ
1569 1994 1599 2020 τὸ
1610 1993 1640 2025 ἐξ
1653 1994 1743 2020 αὐτῶν
1758 1995 1828 2021 ἀπο-

1034 2039 1163 2074 τέλεσμα.
1199 2040 1230 2066 Ei
1257 2039 1350 2075 μέντοι
1364 2041 1381 2075 ἡ
1399 2039 1524 2072 σύνθεσις
1533 2041 1564 2066 οὐ
1577 2039 1667 2066 τοιάδε
1679 2061 1687 2070 ,
1698 2040 1783 2075 ἠγουν
1794 2040 1827 2067 οὐ

1035 2084 1187 2120 συγχυτικὴ
1203 2085 1251 2111 καὶ
1267 2085 1428 2120 ἀλλοιωτικὴ
1443 2085 1499 2112 τῶν
1523 2085 1706 2112 συνελθόντων
1728 2086 1826 2120 διαψόη

1038 2129 1177 2165 ρων,οῦτε
1206 2130 1234 2156 δὲ
1257 2130 1285 2157 at
1316 2130 1413 2164 φύσεις
1441 2131 1482 2162 εἰς
1511 2130 1632 2165 ἀλλήλας
1665 2131 1826 2166 συγχεῖσθαι

1035 2174 1161 2202 δύνανται
1178 2174 1194 2210 ἢ
1210 2175 1371 2210 τρέπεσθαν
1388 2175 1447 2207 πῶς
1461 2175 1587 2202 ἐντεῦθεν
1601 2177 1694 2211 χεῖρον
1707 2177 1722 2211 ἧ
1734 2178 1829 2212 κρείτ-

1035 2228 1081 2246 τον
1095 2220 1126 2246 τὸ
1142 2220 1202 2251 ὅλον
1222 2220 1338 2256 θατέρου
1353 2220 1406 2246 τῶν
1428 2220 1522 2256 μερῶν
1543 2220 1729 2256 αριθήσετση
1746 2221 1826 2248 ἔσται

1034 2266 1064 2292 δὲ
1089 2266 1173 2300 σαφὲς
1192 2266 1293 2301 μᾶλλον
1322 2267 1354 2293 ὲκ
1369 2267 1592 2302 παραδείγματος
1618 2267 1648 2294 τὺ
1666 2267 1824 2303 λεγόμενον.

1035 2313 1130 2348 Είγόρ
1145 2313 1226 2348 τυχδν
1239 2313 1361 2349 λιτραῖον
1377 2313 1474 2345 σκεῦος
1491 2313 1628 2348 ἀργύρου,
1644 2313 1692 2340 καὶ
1704 2313 1827 2349 λιτραίον

1035 2358 1132 2390 σκεῦος
1154 2358 1281 2391 μολίϐδου
1297 2368 1342 2391 τις
1367 2359 1580 2394 καταχωνεύσας
1600 2360 1708 2394 ποιήσει
1726 2359 1826 2391 σκεῦος

1035 2405 1064 2437 ἐξ
1078 2404 1192 2439 ἀμφοῖν·
1211 2403 1290 2439 δῆλον
1303 2404 1341 2436 ὡς
1355 2404 1477 2439 ἀργύρου
1492 2403 1541 2439 μὲν
1557 2402 1649 2439 ἦττον,
1662 2405 1787 2440 κρεῖττον
1797 2404 1826 2430 δὲ

1040 2451 1167 2485 μολίὸδου
1198 2447 1242 2477 οῒα
1270 2450 1435 2486 κασσίτερος
1463 2452 1587 2485 φανεῖται
1604 2459 1611 2466 ·
1636 2451 1741 2485 πέφυκε
1770 2450 1826 2485 γὰρ

1034 2497 1098 2524 τάδε
1112 2497 1156 2524 διά
1168 2506 1230 2523 τινα.
1247 2497 1367 2532 φυσικὴν
1393 2497 1544 2523 εὐπάθειαν
1578 2496 1626 2523 καὶ
1651 2497 1824 2530 συγγένειαν,

1035 2542 1159 2578 ἀλλήλοις
1175 2542 1475 2579 προσμεταὸάλλεσοαι.
1493 2543 1524 2568 Εἰ
1537 2542 1567 2568 δὲ
1581 2542 1701 2578 λιτριῖον
1719 2541 1818 2572 σκεῦος

1035 2588 1160 2624 χρυσίου,
1177 2588 1291 2624 λιτραίῳ
1314 2588 1407 2614 σκεύει
1427 2588 1532 2623 πηλίνῳ
1544 2587 1626 2623 τυχὸν
1641 2587 1756 2622 συνάψει
1768 2595 1824 2618 τις,

1035 2635 1050 2670 ἢ
1067 2634 1238 2668 περιπλάσας
1250 2634 1356 2670 θατέρῳ
1368 2634 1483 2669 Θάτερον
1494 2634 1537 2668 ἐφ’
1549 2634 1661 2660 ὁσονοῦν
1674 2641 1828 2669 συμπυριυσ

1035 2689 1086 2714 σει,
1103 2681 1164 2707 ἐπεὶ
1181 2681 1218 2716 μὴ
1247 2681 1352 2716 πέφυκε
1382 2681 1488 2716 χρυσίῳ
1510 2680 1597 2715 πηλὸς
1629 2679 1701 2706 κατὰ
1724 2679 1826 2714 κρᾶσιν

1036 2727 1172 2762 φύρεσθαι
1188 2746 1194 2759 ,
1212 2727 1262 2754 οὐκ
1281 2727 1359 2754 ἔσται
1372 2727 1432 2754 τόδε
1442 2727 1472 2753 τὸ
1490 2727 1522 2753 ἐκ
1537 2726 1625 2761 πηλοῦ
1638 2726 1687 2752 καὶ
1709 2725 1824 2760 χρυσίου

1034 2772 1208 2808 ἀποτέλεσμά
1231 2781 1297 2799 ποτε
1316 2774 1441 2809 κρεῖττον
1455 2772 1572 2808 χρυσίου
1589 2772 1660 2799 κατὰ
1675 2771 1706 2797 τὸ
1724 2769 1826 2797 οὐσιῶ-

1034 2817 1078 2848 δες
1091 2817 1167 2843 ποιόν
1179 2825 1186 2832 '
1202 2814 1256 2843 [δοῦ
1274 2817 1329 2853 γὰρ
1344 2816 1544 2852 ἁμεταΰλήτως
1569 2817 1616 2843 καὶ
1641 2817 1670 2843 ἐν
1690 2817 1725 2851 τῇ
1745 2823 1826 2850 περι-

1033 2863 1105 2897 θέσει
1120 2863 1165 2889 καὶ
1183 2865 1211 2890 ὲν
1229 2865 1260 2899 τῇ
1281 2863 1376 2890 lycium
1392 2863 1440 2890 τοῦ
1458 2862 1556 2899 πηλοῦ,
1571 2863 1601 2889 τδ
1613 2863 1725 2899 χρυσίον
1744 2860 1828 2897 ἁγνὸν
