1968 3094
119 141 188 176 1529

596 145 795 176 ADVERSUS
812 145 1086 179 NESTORIANOS.
1101 162 1135 166 —
1147 151 1221 181 LIB.
1244 150 1286 181 II.

1680 153 1748 186 1530

67 198 75 204 '
116 203 153 236 ὦς
166 211 256 239 φαμεν
271 202 320 230 οὐκ
343 202 416 237 ἔχειν
443 201 459 237 ἢ
477 202 626 238 κεκτῆσθαι
641 204 717 231 τόνδε
730 204 792 231 τινὰ
805 205 895 240 πολλὴπ

956 209 1074 235 sustinet
1100 216 1195 237 contra
1221 218 1314 237 rerum
1337 215 1469 243 eventus,
1495 216 1524 238 ut
1551 212 1578 239 in
1605 213 1747 248 Scriptura

115 249 273 276 ὑπόστασιν.
290 249 407 283 Λέγεται
421 248 449 275 δὲ
466 248 625 281 ὑπόστασις,
640 251 687 277 καὶ
701 251 729 277 τδ
742 252 906 286 καρτερικὸν

115 295 161 322 καὶ
176 295 225 322 οὑκ
237 295 447 321 εὐκατάπτωτον
458 314 465 326 ,
489 293 546 320 ἁλλ’
562 294 762 330 ὑπομονητικὸν
790 297 857 332 πρὸς
871 297 906 324 τὰ

114 341 296 377 ὑπερχόμενα,
311 340 400 372 καθὼς
417 340 525 375 εἴρηται
540 341 572 375 τῇ
585 341 652 376 ἁγίᾳ
664 341 759 377 Γραφῇ
773 350 780 357 ⁸
791 343 845 368 Καὶ
858 342 905 369 νῦν

111 387 155 416 τίς
176 387 192 421 ἡ
221 386 342 421 ὑπομονὴ
357 394 407 419 μου
421 395 428 420 ;
449 386 509 420 οὐχὶ
527 385 628 421 Κύριος
642 395 648 419 ;
664 388 738 423 καὶὴ
755 388 904 418 ὑπόστασίς

114 440 164 466 μου
179 431 239 466 οὑχί
254 432 329 466 παρὰ
343 431 390 457 σοῦ
410 432 485 464 ὲστις
506 432 622 465 Λέγεται
637 432 665 459 δὲ
679 433 841 464 ὑπόστασις,
858 433 904 459 καὶ

110 478 127 512 ἡ
144 478 215 509 τινὸς
226 478 395 513 διηγήματος
416 478 432 513 ἢ
457 479 550 510 ἁπλῶς
564 479 644 512 λόγου
661 478 798 510 ἰδιάζουσαι
812 479 858 505 καὶ
872 479 902 505 οὑ

112 523 226 550 καθόλου
236 523 305 550 οὖσα
318 523 450 559 πρότασις
461 532 468 539 ·
479 524 517 555 ὡς
532 524 562 550 τὸ
572 523 719 558 λεγόμενον
728 525 757 550 ὲν
767 523 853 559 ταύτῃ
867 526 899 560 τῇ

111 569 259 596 ὑποστάσει
275 570 324 604 τῆς
344 570 514 605 καυχήσεως.
528 569 644 603 Λέγεται
666 569 694 596 δὲ
711 570 789 605 καὶὴ
807 571 901 602 πίστις

113 615 260 646 ὑπόστασις
274 611 318 641 οἷα
334 615 365 650 δή
383 623 455 646 τινος
477 615 657 649 καταλήψεως
670 612 737 641 οὖσα
759 615 900 650 ἐπιστήμη

109 667 139 686 τε
153 659 201 685 καὶ
215 659 357 690 ἐπίστασις
368 667 375 674 ·
393 659 483 690 καθὼς
496 659 706 694 εἴρηται,Ἕστι
733 658 767 685 δὲ
785 660 898 691 πίστις,

109 704 310 739 ἐλπιζομένων
332 705 512 738 ὑπόστασις.
536 706 652 738 Λέγεται
677 704 835 737 ὑπόστασις,
854 706 902 732 καὶ

109 753 125 787 ἡ
143 752 299 786 ὑπόσχεσις,
321 751 359 782 ὡς
372 751 424 778 ὑπό
438 760 510 783 τινος
524 751 633 778 τεθεῖσα
647 760 699 778 τινι
717 752 765 778 καὶ
784 752 899 785 ὑφιστα-

110 797 178 832 μένη
193 797 281 829 ἐλπὶς,
299 796 390 829 καθὼς
402 798 527 833 εἴρηται·
545 798 652 832 Μήπως
673 797 720 824 ἐὰν
732 797 830 823 ἔλθωσι
850 798 899 823 σὺν

106 844 169 878 ἐμοὶ
181 843 334 874 Μακεδένες
347 843 393 870 καὶ
407 843 523 878 εὑρωσιν
539 844 611 878 ὑμᾶς
626 843 897 878 ἀπαρασκευάστους,

957 263 1033 282 saera
1057 255 1161 282 dicitur
1175 265 1181 283 :
1197 256 1231 283 Et
1253 264 1327 284 nunc
1350 264 1411 291 qua:
1425 262 1468 285 est
1485 259 1653 293 exspectatio
1669 261 1748 287 mea?

956 308 1048 327 nonne
1065 301 1222 328 Dominus?
1235 303 1269 329 Ει
1284 311 1290 329 :
1307 303 1467 338 Hypostasis
1480 311 1550 335 mea,
1565 313 1657 332 nonne
1673 307 1746 340 apud

956 347 1001 374 te?
1015 347 1120 374 Dicitur
1136 347 1248 383 insuper
1261 349 1425 384 hypostasis,
1443 351 1609 378 narrationis
1624 356 1671 379 aut
1684 353 1749 379 sitn-

955 393 1065 427 pliciter
1080 395 1216 422 sermonis
1235 395 1345 422 initium
1369 397 1516 431 separatim
1535 401 1562 424 et
1579 405 1634 424 non
1657 398 1683 424 in
1703 398 1748 425 in-

955 442 1041 473 tegro,
1059 443 1088 466 ut
1101 439 1202 466 dicitur
1215 440 1243 467 in
1257 440 1309 468 hac
1325 441 1463 476 ltypostasi
1477 442 1659 477 gloriationis.
1674 444 1747 471 Dici-

954 488 1000 512 tur
1012 489 1144 519 praeterea
1158 485 1312 521 ltypostasis
1327 487 1405 520 rides,
1419 488 1497 522 quasi
1511 488 1652 522 cuiusdam
1669 497 1745 516 com-

954 529 1147 563 prehensionis
1177 531 1292 558 scientia
1320 535 1348 558 et.
1377 539 1447 566 pene
1483 534 1645 568 occupatio,
1675 535 1746 562 sicut

953 574 1057 602 dictum
1075 581 1139 603 est:
1157 575 1232 603 Fides
1255 581 1292 603 est
1314 578 1509 612 sperandarum
1535 581 1682 614 hypaslnsis
1705 590 1747 608 re-

954 628 1013 647 rum
1030 621 1048 647 '.
1068 621 1174 649 Dicitur
1197 623 1354 658 ltypostasis
1369 629 1397 651 et
1412 625 1571 659 promissio,
1588 627 1667 660 quasi
1684 635 1746 662 spes

952 667 1034 694 alicui
1054 667 1087 694 ab
1105 668 1197 702 aliquo
1216 668 1278 695 data
1304 674 1331 696 et
1346 669 1524 703 conﬁrmata,
1548 671 1619 698 sicut
1641 672 1746 700 dictutn

952 716 994 739 est
1011 721 1016 738 ι
1032 713 1089 740 Nisi
1108 721 1216 741 meeum
1233 715 1346 742 veniant
1368 715 1532 743 Macedones
1548 721 1576 744 et
1597 725 1647 745 vos
1669 718 1746 746 inve-

952 758 1030 785 niant
1052 759 1211 794 imparatos,
1227 761 1427 789 erubescamus
1446 769 1506 795 nos,
1525 770 1559 790 ne
1576 763 1700 791 dicamus
1716 765 1744 792 in

952 803 1004 831 hac
1017 805 1156 840 hypostasi
1171 814 1176 832 :
1191 806 1252 840 quis
1262 810 1364 838 autem,
1378 806 1477 842 inquit,
1491 809 1633 842 promissa
1648 817 1743 838 eorum

953 851 1138 878 benedictioni
1162 851 1238 878 erat?
1270 852 1375 879 Dicitur
1402 853 1573 888 ltypostasis,
1600 855 1642 882 vel
1670 855 1744 883 basis

108 889 350 924 καταισχυνθῶμεν
377 890 468 924 ἡμεῖς,
497 889 540 915 ἵνα
564 889 599 924 μὴ
624 889 748 924 λέγωμεν
764 889 895 924 ὑμεῖς,ὲν

1422 879 1447 888 αι
1481 879 1498 880 νν
1524 879 1528 880 ν
1545 879 1573 886 τι
1606 879 1641 882 ’ν-
1670 879 1742 883 *νη-’-

949 897 1031 924 alicui
1045 897 1200 931 subjacens,
1216 897 1288 923 sicut
1300 897 1406 924 dictum
1423 902 1464 924 est
1478 906 1485 924 :
1499 898 1642 926 demersus
1659 905 1702 927 est
1714 901 1742 927 in

107 936 140 971 τῇ
157 936 304 962 ὑποστάσει
318 935 404 970 ταύτῃ
417 943 424 949 ·
437 935 479 966 τίς
492 935 520 961 δὲ
537 932 581 970 ἦν,
604 934 684 969 φησι,
701 936 733 970 τῇ
753 943 894 969 προεπηγ-

107 980 226 1017 γελμένῃ
241 981 330 1007 αὑτῶν
353 981 463 1016 εὐλογίᾳ
479 989 486 1014 ;
506 980 622 1014 Λέγεται
639 980 796 1012 ὑπόστασις,
815 982 862 1007 καὶ
878 981 895 1016 ή

108 1027 186 1063 βάσις
203 1028 220 1063 ἡ
244 1027 413 1062 ὑποκειμένη
433 1029 466 1062 τῇ
492 1027 586 1053 στάσει
612 1027 688 1053 τοῦδέ
707 1035 788 1058 τινος,
801 1027 896 1063 ὥσπερ

106 1073 232 1108 εἴρηται·
255 1072 408 1106 Ἐνεπάγην
434 1073 474 1103 εἰς
491 1071 557 1106 ὕλην
580 1071 662 1106 βυθοῦ
683 1073 730 1098 καὶ
749 1072 798 1098 οὐκ
822 1072 896 1098 ἐστιν

107 1119 266 1150 ὑπόστασις.
284 1118 401 1153 Λέγεται
426 1118 592 1150 ὑπόστασις,
613 1119 661 1145 καὶ
682 1119 698 1152 ἡ
717 1118 874 1150 ἀντίστασις
887 1125 893 1132 ·

106 1163 142 1196 ὡς
157 1164 186 1190 τὸ
203 1165 231 1190 ἐν
251 1163 289 1198 τῷ
313 1163 515 1198 Δευτερονομίῳ
535 1164 679 1199 εἰρημένον
708 1163 760 1190 ὑπὸ
791 1164 895 1199 Μωὺσῆ

105 1210 170 1244 περὶ
186 1209 231 1236 τοῦ
248 1209 314 1236 λαοῦ
325 1218 331 1224 ·
349 1208 415 1242 Πῶς
434 1209 602 1243 δυνήσομαι
627 1209 727 1244 φέρειν
750 1209 808 1243 τὴν
823 1210 896 1237 ὑπό-

106 1263 221 1283 στασιν
234 1256 282 1283 καί
298 1256 475 1290 ἀντιλογίαν
494 1255 595 1289 ὑμῶν;
610 1255 728 1288 Λέγεται
746 1255 896 1286 ὑπόστασις

107 1304 183 1339 καὶὴ
201 1302 366 1334 κατάστασις
377 1312 384 1318 ·
401 1303 438 1333 ὡς
454 1303 484 1329 τὸ
499 1303 528 1328 ἐν
549 1302 675 1338 Ἐζεκιὴλ
692 1302 815 1338 περὶτοῦ
832 1303 896 1329 ναοῦ

109 1350 271 1385 εἰρημένον·
300 1349 354 1376 Kal
381 1348 556 1382 διαγριὶψεις
583 1348 637 1374 τὸν
666 1346 751 1375 οἶκον
775 1348 823 1374 καὶ
841 1348 898 1381 τὴν

105 1395 281 1428 etc/patriar
296 1394 399 1426 αὑτοῦ,
426 1394 474 1420 καί
499 1393 553 1426 τὰς
578 1393 718 1426 εἰσόδους
735 1394 828 1420 αὐτοῦ
849 1392 897 1420 καί

105 1443 159 1474 τὰς
186 1440 312 1473 ἐξόδους
337 1440 441 1473 αὑτοῦ,
455 1439 504 1466 καὶ
532 1440 589 1473 τὴν
601 1441 775 1467 ὑπόστασιν
790 1440 893 1466 αὑτοῦ.

106 1487 222 1520 Λέγεται
238 1486 386 1514 ὑπόστασις
413 1485 464 1511 καὶ
483 1486 500 1520 ἡ
524 1485 604 1511 τινῶν
630 1485 783 1520 προσώπων
801 1486 896 1520 ὀμοου-

947 942 1114 977 profundum
1133 943 1233 978 abyssi,
1249 946 1280 969 et
1297 951 1352 970 non
1377 948 1419 970 est
1443 943 1608 978 ltypostasis.
1636 946 1743 973 Dicitur

946 988 1101 1023 ltypostasis
1116 993 1144 1015 et
1160 988 1309 1023 oppositio,
1327 988 1400 1015 sicut
1424 989 1452 1015 in
1474 989 1688 1017 Deuteronomio
1707 991 1742 1019 de

947 1035 1048 1070 populo
1066 1042 1080 1062 a
1096 1034 1187 1070 Moyse
1204 1034 1310 1061 dictum
1325 1039 1367 1061 est
1384 1043 1390 1061 :
1408 1033 1464 1067 Quo
1480 1036 1555 1062 modo
1568 1041 1658 1070 potero
1672 1037 1741 1071 ferre

946 1081 1108 1117 ltypostasim
1134 1083 1158 1106 et
1188 1079 1422 1106 contradictionem
1452 1081 1609 1108 vestram‘?
1635 1082 1742 1110 Dicitur

947 1126 1101 1162 ltypostasis
1127 1130 1154 1153 et
1176 1126 1263 1158 situs,
1287 1130 1316 1152 ut
1341 1125 1368 1152 in
1393 1125 1538 1153 Ezechiele
1557 1127 1660 1154 dictum
1675 1133 1739 1156 cst:

947 1173 981 1200 Et
996 1172 1122 1200 describes
1136 1172 1244 1199 domum
1259 1175 1284 1198 et
1298 1172 1354 1207 ejus
1372 1173 1596 1207 prwparalionem
1610 1177 1633 1199 et
1653 1174 1742 1201 aditus

948 1224 972 1247 et
986 1221 1070 1247 exitus
1084 1225 1108 1247 et
1129 1220 1291 1255 Itypostasim
1303 1219 1324 1245 '.
1340 1218 1446 1245 Dicitur
1460 1219 1615 1254 hypostasis
1628 1224 1656 1246 et
1670 1228 1740 1255 qua-

947 1265 1072 1293 rumdam
1092 1264 1368 1292 consubstantialiutn
1397 1272 1592 1299 personarum,
1618 1266 1660 1292 vel
1683 1274 1738 1293 non

948 1311 1223 1339 consubstantialium
1238 1311 1355 1338 invicetn
1369 1310 1594 1338 convenientium
1609 1319 1739 1346 congres-

948 1367 1005 1390 sus,
1029 1359 1100 1386 sicut
1125 1357 1230 1385 dictum
1244 1362 1286 1384 est
1303 1366 1309 1384 :
1324 1357 1458 1384 Exierunt
1471 1357 1521 1384 viri
1544 1366 1576 1384 ex
1600 1358 1739 1393 bypostasi

947 1405 1174 1439 alienigenarum.
1198 1404 1231 1430 Et
1243 1411 1323 1438 quem
1344 1410 1455 1429 sensum
1471 1411 1519 1430 vos
1547 1403 1604 1430 sive
1620 1404 1740 1431 scienter

948 1451 1006 1478 sive
1036 1459 1069 1477 ex
1104 1449 1256 1484 ignorantia
1291 1448 1525 1483 pra‘tertnisiSIis,
1552 1448 1586 1475 ad
1613 1450 1739 1476 eamdem

949 1498 1038 1524 ideatu
1060 1496 1116 1523 fere
1141 1495 1336 1530 pertinentem,
1351 1494 1453 1521 dicitur
1468 1494 1550 1520 etiam
1574 1495 1738 1529 hypostusis,

106 1533 211 1568 σίων,ἣ
230 1533 276 1559 καὶ
298 1532 475 1566 ἐτεροουσίων
499 1531 624 1566 ἀλλήλοις
644 1531 824 1558 συνελθόντων
835 1531 888 1557 ’σύ-

947 1552 1008 1572 cum
1033 1542 1172 1576 aliquibus
1196 1540 1302 1567 naturis
1328 1540 1447 1566 diversis
1467 1544 1494 1566 et
1515 1540 1738 1578 particularibus,

106 1587 213 1609 στασις·
237 1578 274 1610 ὼς
292 1578 322 1603 τὸ
342 1577 642 1612 λεγόμενον-Ἐξῆλθον
667 1577 761 1611 ἄνδρες
786 1578 817 1603 ἐκ
839 1578 889 1612 τῆς

107 1627 285 1658 ὑποστάσεως
299 1626 353 1652 τῶν
368 1626 539 1659 ἀλλοφύλων·
554 1625 593 1652 ἔτι
607 1625 634 1651 δὲ
653 1626 698 1651 καὶ
712 1625 741 1651 ὃν
757 1625 802 1651 νῦν
815 1625 893 1660 ὑμεῖς

107 1675 136 1700 ἐν
163 1672 263 1708 γνώσει
288 1673 304 1708 ἢ
330 1672 425 1708 ἀγνοίᾳ
448 1672 526 1706 λόγον
553 1671 742 1706 παρεδράμετε
759 1671 828 1697 κατὰ
844 1670 893 1706 τὴν

104 1720 189 1754 αὑτήν
202 1728 260 1750 πως
275 1718 378 1745 ἔννοιαν
393 1718 466 1745 ὄντα.
482 1718 597 1751 Λέγεται
610 1717 755 1748 ὑπιστασις
767 1717 814 1743 καὶ
829 1718 893 1744 ὅταν

104 1765 175 1791 κατὰ
191 1765 221 1790 τὸ
238 1764 302 1790 αὑῑό
324 1772 403 1790 τινων
430 1763 615 1789 συνελθουσῶν
630 1762 737 1796 φύσεων
757 1762 893 1797 διαφόρων

105 1810 208 1842 ἰδικῶν,
227 1812 295 1845 μετᾶ
320 1810 373 1836 τῶν
396 1809 460 1844 περὶ
483 1809 567 1839 αὑτὰς
588 1809 754 1841 ἰδιωμάτων,
778 1809 839 1843 οὐχὶ
865 1808 893 1833 δὲ

104 1856 257 1891 προσώπων
271 1855 336 1889 ὑφὲν
349 1854 437 1880 εἴτουν
451 1853 508 1888 ἅμα
525 1854 569 1880 διὰ
584 1854 634 1887 τῆς
651 1853 774 1885 ἑνώσεως
792 1853 893 1879 σύστα-

105 1912 147 1934 σις
169 1901 282 1937 γένηταί
303 1909 345 1932 τις
374 1900 433 1932 ἐνὸς
460 1900 541 1935 μόνου
568 1899 680 1933 ἀτόμου.
701 1899 818 1933 Λέγεται
846 1900 894 1926 καὶ

104 1949 212 1985 φύσεων
226 1949 361 1984 διαφόρων
377 1947 414 1984 μὴ
429 1946 626 1979 συνελθουσῶν,
640 1947 707 1973 ἀλλὰ
718 1947 806 1981 μόνων
820 1947 893 1973 ἰδιω-

105 1997 198 2032 μάτων
220 1995 339 2031 μερικῶν
354 1995 495 2025 πλειόνων,
513 1993 542 2020 ἓν
558 1993 655 2029 ἰδίωμα
670 1993 813 2020 καθολικῆν
830 2002 893 2020 συν-

106 2043 242 2069 ιστώντων
256 2043 287 2068 ἐκ
302 2041 422 2071 πάντων,
438 2039 466 2066 ἐν
480 2049 533 2066 τινι
547 2039 722 2074 ὑποκειμένῳ
741 2039 791 2070 ἑνὶ,
805 2039 893 2066 εἷτουν

104 2091 132 2116 ἒν
149 2090 198 2125 μιᾷ
211 2089 278 2125 μόνῃ
293 2087 401 2123 φύσει-ἡ
417 2088 498 2114 πᾶσιν
510 2086 715 2121 ὁμολογουμένη
731 2086 892 2118 ὑπόστασις.

103 2135 167 2162 Εἴτε
184 2135 206 2161 δ’
220 2133 266 2175 (ᾖν
283 2135 310 2160 ἐν
323 2133 406 2168 ἁπλῇ,
425 2133 480 2159 εἴτε
497 2133 525 2158 ὲν
544 2132 673 2167 συνῠέτῳ,
691 2132 745 2158 εἴτε
761 2131 789 2158 ἐν
805 2132 888 2167 ἰδικῇ,

104 2184 159 2210 εἴτε
175 2183 204 2209 ὲν
220 2183 306 2217 κοινῇ,
332 2181 401 2216 οῖαὴ
427 2180 497 2213 θεία,
516 2179 571 2206 εἴτε
594 2180 622 2206 ὲν
650 2179 700 2214 μιᾷ
720 2179 798 2213 φύσει
813 2179 890 2214 μόνῃ,

946 1598 1008 1619 cum
1019 1589 1076 1616 suis
1087 1586 1303 1622 proprietatibus
1312 1586 1340 1612 in
1352 1585 1425 1612 idem
1437 1586 1676 1616 convenientibus.
1685 1594 1740 1614 nott

945 1640 1035 1663 autem
1050 1633 1186 1668 personis,
1199 1640 1249 1666 per
1267 1631 1398 1658 unionem
1413 1631 1442 1658 fit
1454 1631 1595 1666 cujusdam
1613 1631 1739 1659 indivisi-

945 1681 1009 1708 bilis
1023 1679 1172 1707 concretio.
1190 1678 1297 1705 Dicitur
1310 1677 1475 1712 hypostasis,
1489 1677 1524 1703 ab
1543 1678 1672 1704 omnibus
1690 1678 1739 1705 ad—

945 1727 1037 1757 missa,
1048 1733 1110 1752 cum
1120 1724 1300 1751 conveniunt.
1309 1731 1362 1749 tton
1375 1722 1490 1762 diversae
1500 1727 1612 1750 naturae.
1622 1723 1668 1749 sed
1680 1723 1741 1757 plu-

945 1773 1020 1799 rima:
1041 1770 1170 1804 partiales
1191 1773 1296 1796 tantum
1312 1768 1514 1803 proprietates,
1535 1768 1690 1795 universam
1705 1777 1738 1796 ex

945 1817 1075 1844 omnibus
1088 1815 1288 1842 constituentes
1302 1814 1497 1848 proprietatem
1512 1814 1538 1840 in
1555 1821 1609 1840 uno
1619 1814 1738 1848 quodam

945 1863 1078 1897 subjecto,
1094 1861 1151 1888 sivc
1168 1860 1194 1886 in
1213 1868 1266 1886 una
1281 1864 1386 1886 tantum
1402 1863 1503 1886 natura
1519 1868 1524 1884 :
1541 1859 1597 1885 sive
1614 1859 1696 1893 igitur
1710 1860 1737 1886 in

944 1908 1062 1943 simplici
1078 1911 1186 1937 natura,
1194 1907 1250 1933 sive
1260 1906 1286 1932 in
1296 1904 1457 1939 composita,
1466 1905 1522 1932 sive
1532 1905 1558 1931 in
1567 1905 1737 1939 particulari,

944 1955 1002 1981 sive
1019 1954 1044 1980 iu
1062 1953 1211 1983 communi,
1227 1957 1257 1978 ut
1271 1956 1313 1978 est
1339 1951 1430 1978 divina
1446 1955 1554 1982 natura,
1570 1951 1626 1978 sive
1642 1951 1668 1977 in
1683 1959 1737 1978 una

945 2004 1061 2031 tantum,
1071 1999 1128 2025 sive
1137 1997 1262 2033 pluribus
1271 1997 1366 2029 unitis,
1376 1996 1525 2023 dummodo
1540 1996 1568 2024 in
1578 1997 1737 2024 cxsistentia

944 2045 1103 2077 sistant,hic
1116 2049 1204 2071 status
1217 2043 1394 2078 proprietatis
1406 2044 1561 2071 communis
1571 2043 1613 2070 vel
1626 2051 1736 2078 compo-

944 2091 1008 2119 sitio
1034 2091 1093 2118 haee
1108 2090 1266 2125 partialium
1291 2089 1503 2124 proprietatum.
1521 2089 1591 2117 utin
1611 2090 1735 2124 subjecto

943 2137 1036 2172 aliquo
1049 2137 1177 2171 cogitata,
1193 2136 1296 2163 dicitur
1325 2135 1490 2171 hypostasis.
1516 2135 1623 2163 Dicitur
1642 2140 1734 2163 autem

943 2184 1047 2218 aliquid
1059 2183 1176 2210 maxime
1192 2181 1315 2209 omnium
1331 2181 1473 2217 proprium
1488 2185 1515 2209 et
1530 2175 1656 2208 intimum
1672 2181 1735 2209 talis

103 2229 158 2255 εἴτε
172 2229 200 2254 ὲν
213 2227 367 2262 ἡνωμέναις
384 2226 513 2258 πλείοσιν,
532 2225 600 2257 ὅλως
615 2225 705 2260 μέντοι
715 2225 744 2250 ὲν
775 2225 890 2259 ὑπάρξει

947 2229 1133 2260 subsistentia,
1149 2228 1252 2263 quippe
1271 2235 1331 2262 qua:
1345 2228 1372 2254 in
1385 2227 1538 2254 substantia
1553 2227 1587 2254 ab
1603 2220 1733 2254 omnibus

103 2274 208 2307 οὔσαις,
220 2273 289 2308 αὕτη
305 2273 346 2308 εἴη
362 2273 416 2299 τῶν
433 2271 552 2308 μερικῶν
573 2271 734 2305 ἰδιωμάτων,
751 2271 833 2304 ἤγουν
844 2270 891 2296 τοῦ

103 2320 194 2348 κοινοῦ
213 2319 373 2354 ἰδιώματος,
399 2318 436 2350 ὡς
461 2318 490 2343 ὲν
508 2317 680 2351 ὑποκειμένῳ
692 2316 745 2342 τινὶ
759 2316 890 2350 νοουμένη

105 2365 201 2396 στάσις
218 2364 234 2399 ἢ
251 2364 382 2394 σύστασις
393 2383 400 2396 ,
419 2362 569 2393 ὑπόστασις
584 2361 704 2395 λέγεται.
730 2360 846 2394 Λέγεται
862 2360 891 2387 δὲ

103 2412 271 2448 κυριώτερον
297 2411 344 2438 καὶ
360 2410 526 2445 οἰκειότερον
541 2410 650 2435 πάντων
666 2409 682 2441 ἡ
695 2407 809 2440 τοιαύτη
823 2406 890 2432 ὑπό-

104 2468 200 2489 στασις
212 2478 218 2490 ,
244 2458 291 2484 ἅτε
317 2456 384 2491 πρὸς
409 2456 442 2491 τῇ
460 2455 590 2481 συστάσει
610 2454 657 2480 καὶ
673 2454 704 2479 ὲκ
718 2452 765 2478 τοῦ
781 2452 890 2478 πάντων

101 2506 156 2533 τῶν
172 2513 203 2531 τε
219 2502 352 2539 ὁμοειδῶν
369 2501 417 2528 καὶ
432 2500 486 2527 τῶν
500 2499 659 2535 ἐτεροειδῶν
677 2499 748 2525 κατὰ
763 2498 793 2524 τὸ
808 2497 891 2524 ἱδικδν

102 2551 301 2587 γνωριστήριον
313 2570 320 2582 ,
348 2546 553 2582 κεχωρισμένον
581 2544 716 2572 δεικνύειν
730 2545 761 2570 τὸ
775 2543 889 2570 ὑποκεί-

104 2606 184 2632 μενον
209 2597 327 2631 ἄτομον,
356 2594 414 2621 τόδε
438 2602 465 2620 τι
486 2593 547 2620 καθ’
566 2592 673 2628 ἑαυτὴν·
686 2591 836 2622 ἀπόστασίς
849 2599 890 2622 τις

101 2643 169 2673 οὖσα
196 2643 242 2671 καὶ
262 2641 404 2678 διορισμὸς
420 2640 475 2666 τῶν
500 2639 659 2674 ἀδιορίστων
675 2637 774 2664 οὐσιῶν
791 2637 831 2668 εἰς
845 2636 891 2662 τὸν

103 2690 173 2717 κατὰ
190 2689 335 2725 πρόσωπον
352 2686 468 2722 ἀριθμὸν
484 2686 600 2711 ἑκάστου
610 2693 617 2699 ·
644 2684 683 2710 διὸ
698 2683 729 2719 δὴ
745 2683 790 2709 καί
803 2681 888 2716 πρόσ-

101 2744 177 2764 ωπον
193 2735 294 2768 ταύτην
319 2735 343 2760 οἰ
366 2733 487 2768 Ιῐατέρες
501 2730 593 2758 νοοῦσί
609 2739 637 2757 τε
655 2730 702 2756 καὶ
715 2728 888 2763 ὀνομάζουσι.

271 2755 280 2784 1

102 2785 220 2818 Λέγεται
237 2777 395 2816 ὑπῖττασις,
413 2783 460 2809 καὶ
477 2783 493 2817 ἡ
510 2781 588 2808 οὐσία
604 2780 649 2806 καὶ
673 2781 689 2815 ἡ
705 2778 785 2813 φύσις
809 2777 889 2803 πολυ-

139 2865 149 2881 ³
167 2863 250 2891 llcbr.
268 2871 302 2896 κι,
317 2864 341 2891 l.
421 2863 430 2878 ‘
445 2863 524 2890 Deut.
547 2869 565 2894 ι,
587 2861 627 2888 l2.
667 2861 676 2876 ⁸
694 2858 790 2887 Ezcclt.
806 2866 859 2889 xu,

942 2275 1066 2311 ejusdem
1086 2279 1114 2302 et
1131 2274 1244 2301 alterius
1258 2272 1492 2308 specicientibus,
1520 2277 1550 2299 ut
1574 2273 1732 2307 particulari

941 2322 1055 2349 notione.
1067 2321 1250 2351 discernatur,
1263 2323 1420 2353 separatum
1432 2319 1534 2354 przebet
1547 2319 1730 2354 suppositum,

941 2369 1064 2402 itemque
1080 2365 1233 2394 secundum
1249 2365 1433 2392 substantiam
1449 2364 1592 2392 distinctio
1606 2365 1730 2400 quaedam

940 2417 983 2441 est
997 2417 1024 2440 et
1038 2412 1233 2440 determinatio
1256 2411 1476 2438 indistinctarum
1502 2411 1729 2443 substantiarum,

942 2464 972 2487 ut
985 2467 1099 2495 qumque
1126 2466 1243 2494 persona
1261 2457 1435 2492 singulariter
1452 2461 1648 2489 enumeretur;
1669 2457 1730 2484 ideo

942 2511 970 2533 et
995 2513 1141 2540 personam
1171 2504 1250 2532 istam
1277 2503 1373 2530 Patres
1397 2507 1513 2530 censent
1534 2507 1562 2530 et
1581 2504 1728 2538 appellant.

943 2552 1049 2580 Dicitur
1065 2551 1256 2584 subsistentia,
1274 2554 1302 2577 ct
1317 2549 1437 2576 essentia
1449 2554 1477 2576 et
1492 2553 1589 2577 natura
1605 2550 1731 2584 pluribus

943 2598 1101 2625 nominibus
1113 2597 1256 2632 designata
1276 2604 1309 2623 eo
1319 2595 1392 2630 quod
1404 2596 1520 2630 plurima
1536 2596 1680 2630 suscipiat,
1702 2601 1732 2623 et

943 2650 998 2670 non
1011 2642 1095 2677 quod,
1109 2642 1136 2669 in
1151 2641 1341 2669 accidentibus
1357 2641 1424 2676 ipsis
1438 2649 1498 2675 qua:
1511 2649 1564 2667 non
1582 2641 1728 2670 exsistunt.

942 2686 988 2713 illa
1017 2687 1053 2713 sit
1076 2689 1103 2713 et
1129 2693 1189 2713 esse
1208 2685 1353 2720 cogitetur,
1370 2684 1417 2712 sed
1443 2685 1470 2712 in
1482 2685 1571 2720 scipsa
1587 2685 1726 2717 subsistat,

943 2732 1014 2759 sicut
1029 2732 1132 2759 dictum
1148 2736 1190 2759 est
1202 2740 1223 2757 ιι
1238 2731 1374 2758 Memento
1385 2739 1446 2766 quae
1460 2731 1495 2758 sit
1509 2739 1567 2758 mea
1575 2731 1729 2758 subsisten-

945 2778 991 2804 tia.
1008 2789 1016 2804 ι
1037 2778 1096 2811 Quo
1119 2777 1192 2805 enim
1213 2777 1293 2804 modo
1312 2777 1413 2805 dicitur
1430 2778 1617 2805 characterem
1642 2776 1731 2804 Patris
