1968 3094
233 124 299 158 1531

860 125 1014 156 LEONTII
1034 125 1238 157 ΒΥΖΑΝΤΙΝΙ

1797 126 1859 158 1332

233 183 395 210 substantia:
413 191 474 210 esse
490 183 602 215 Filium,
614 182 687 218 quod
703 187 731 210 et
754 182 844 217 ipsum
862 181 1016 210 induxistis,

1070 183 1176 218 nudum;
1184 181 1426 216 συσσημαινομὲνη
1447 181 1525 216 παρὰ
1540 181 1676 214 πλείστοις
1691 181 1730 218 τῷ
1745 182 1860 218 ὑφεστη-

233 228 335 262 majore
348 227 400 255 hoc
417 228 520 263 indiget
543 229 725 263 explicatione
744 233 773 255 et
792 235 847 254 non
870 232 975 255 tantum
992 232 1022 255 ut

231 280 305 300 nunc
319 273 468 308 digressiva
485 274 668 309 exquisitione
685 283 692 308 ;
711 274 822 301 aliunde
846 273 914 301 nihil
942 273 1021 301 vobis

231 319 264 346 ad
277 320 448 354 propositum
461 321 534 348 istud
550 321 754 348 subministrat.

1075 228 1169 255 κέναι·
1199 227 1246 253 καὶ
1266 227 1303 262 μὴ
1319 227 1355 258 ὡς
1369 227 1404 252 τὰ
1420 227 1481 253 καθ’
1496 227 1566 254 αὑτὰ
1582 228 1745 262 ἁνύπαρκτα
1762 229 1862 263 61:965—

1075 274 1178 310 δηκότα
1195 271 1265 300 εἶναι
1281 273 1328 299 καὶ
1343 273 1463 299 νιεῑσθαι
1473 294 1480 306 ,
1499 273 1556 300 ἀλλ’
1571 274 1615 307 ὑφ’
1629 275 1728 310 ἑαυτῆς
1743 275 1858 307 ἑστάναι,

1075 320 1142 346 καοὸ
1160 319 1285 354 εἴρηται·
1306 328 1315 344 ‹
1331 319 1491 353 Μνήσοητι,
1509 319 1551 350 τίς
1570 328 1621 353 μου
1639 320 1655 354 ὴ
1670 320 1831 351 ὑπόστασις·
1849 330 1856 346 ι

231 365 261 391 τὸ
274 366 327 401 γὰρ
354 367 429 398 ὃπως
457 367 564 402 εἴρηται
579 367 724 403 χαρακτὴρ
736 367 785 400 τῆς
799 366 845 393 τοῦ
860 365 965 401 Harpe;
990 365 1166 396 ὑποστάσεως
1192 366 1206 391 ὁ
1227 365 1306 396 Υἱὸς,
1328 364 1342 391 ὃ
1357 365 1404 391 καὶ
1419 365 1484 391 αὐτὸ
1517 366 1707 400 παρηγάγετε,
1742 366 1860 400 μείζονος

232 411 318 438 δεῖται
346 412 395 447 τῆς
420 413 600 446 ἀναπτύξεως
623 413 671 440 καὶ
694 413 724 439 οὑ
744 412 950 448 παρεκῦατικῆς
972 411 1020 439 νῦν
1040 411 1198 447 ζητήσεως·

232 457 402 492 συναίρεται.

275 503 322 531 llis
333 504 416 539 igitur
426 512 440 531 a
449 505 529 532 nobis
537 505 571 532 de
582 505 760 533 subsistentia
771 511 845 534 recte
858 505 979 539 statutis,
995 505 1018 533 si

230 550 343 586 quidem
365 550 433 578 duas
443 551 635 580 subsistentias
647 560 697 587 pro
710 553 839 581 essentiis
853 553 955 584 dicitis,
968 560 1019 580 nos

229 596 343 623 omnino
353 597 522 631 accipimus;
538 598 685 631 adjicimus
708 603 800 626 autem
824 606 906 626 unam
924 607 956 627 ex
975 599 1017 626 his

228 647 289 667 esse
302 648 447 674 personam
471 641 586 674 Christi,
603 647 632 670 ut
653 643 858 679 bomonymiam
873 643 1017 679 "fugiamus

229 692 420 719 personarum,
449 686 627 714 ostendentes
649 695 664 714 a
682 687 762 714 nobis
776 687 940 722 pronaturis
956 687 1017 714 illas

228 731 317 766 accipi
333 739 340 762 :
355 739 500 766 personam
526 740 592 761 vero
608 733 635 760 in
659 733 867 762 subsistentiam
893 733 950 769 jam
972 733 1019 761 de-

228 785 303 805 mum
319 777 399 804 vobis
411 785 474 804 cum
487 782 650 812 reputamus
663 788 668 805 :
679 779 1017 814 signiﬁcatenim,utper-

1224 411 1295 446 πλὴν
1312 411 1388 438 οὐδὲν
1412 412 1478 447 ὑμῖν
1493 412 1532 443 εἰς
1549 412 1578 438 τὸ
1593 412 1775 447 προκείμενον
1805 413 1860 440 166$

1109 503 1220 531 Τούτων
1233 504 1280 532 οὖν
1296 504 1382 536 οὓτως
1395 505 1460 540 ἡμῖν
1475 505 1538 540 περὶ
1552 505 1728 538 ὑποστάσεως
1741 508 1862 543 φιλοκρι-

1072 551 1225 586 νηθέντων,
1255 552 1279 577 εί
1304 551 1353 586 μὲν
1376 550 1422 577 δύο
1446 551 1495 582 τὰς
1512 551 1675 584 ὑποστάσεις
1692 553 1752 579 ἀντὶ
1766 554 1861 580 οὐσιῶν

1072 606 1156 632 φατε,
1184 597 1319 632 δεχόμεθα
1345 597 1395 632 μὲν
1421 599 1503 633 ἡμεῖς
1529 599 1653 631 πάντως·
1679 600 1818 634 ἑπάγομιν
1834 601 1861 627 δὲ

1071 643 1185 675 ταύταις
1212 643 1261 670 καὶ
1287 644 1317 670 τὸ
1342 643 1371 670 ἓν
1395 644 1543 679 πρόσωπον
1562 642 1631 671 εἶναι
1649 647 1681 672 ἔκ
1696 647 1799 674 τούτων
1815 646 1861 674 τοῦ

1071 689 1211 724 Χριστοῦ.
1237 689 1280 716 ἴνα
1304 689 1355 722 τὴν
1378 689 1540 724 ὁμωνυμίαν
1561 690 1694 724 φύγωμεν
1710 692 1764 718 τῶν
1777 701 1860 727 προσ-

1072 735 1155 762 ώπων
1168 743 1174 750 ·
1202 735 1282 762 τοῦτο
1305 735 1466 770 δηλοῦντες,
1494 735 1532 766 ὡς
1549 735 1610 762 ἀντὶ
1626 737 1675 770 μὲν
1688 737 1742 762 τῶν
1756 738 1861 771 φύσεων

1071 780 1174 809 ταύτας
1191 781 1359 816 ἐδεξάμεθα·
1389 781 1419 808 τὸ
1437 781 1464 807 δὲ
1491 782 1640 814 πρόσωπον
1657 783 1698 814 είς
1714 776 1860 810 ὑπόστασιν

229 831 296 851 sona
317 827 346 851 et
365 827 475 856 natura,
497 824 676 851 subsistentia
700 832 757 852 rem
779 825 974 852 subsistentem
990 825 1016 851 in

1070 825 1163 852 λοιπὸν
1177 825 1227 861 ἤδη
1253 825 1495 860 καταλογιζόμεοα
1517 827 1582 860 ὑμῖν
1592 834 1600 842 '
1613 828 1792 862 συσσημαὲνει
1807 829 1861 864 γὰρ

229 874 348 904 utroque
375 870 547 898 diversorum
574 871 730 903 nominum,
764 872 812 899 sed
832 872 869 899 ita
884 879 946 899 cum
964 871 1019 898 Deo

228 917 347 944 dicimus
366 936 373 949 ,
389 925 437 944 vos
465 921 558 944 autem
579 925 693 944 necesse
719 921 762 944 est
784 917 856 945 idem
873 922 1019 944 cernentes

228 962 328 996 saepius
354 966 483 989 naturam
506 966 535 989 et
562 962 771 990 subsistentiam
786 963 890 994 dicere,
915 970 976 990 cum
991 963 1018 990 in

227 1007 337 1035 duabus
352 1007 459 1034 naturis
476 1007 544 1035 duas
559 1015 671 1042 quoque
691 1008 798 1035 Domini
826 1008 1018 1036 subsistentias

228 1053 331 1086 dicitis,
348 1057 555 1088 autpersonam
575 1053 698 1081 vicissim
728 1062 811 1081 unam
827 1054 869 1081 vel
885 1053 954 1081 duas
977 1054 1020 1080 in-

229 1100 386 1130 troducere,
406 1103 453 1126 aut
471 1103 602 1131 tacentes,
628 1103 748 1134 quatuor
765 1104 888 1131 naturas,
913 1100 1019 1127 nullam

227 1149 319 1173 autem
333 1145 541 1172 subsistentiam
558 1145 584 1172 id
594 1151 636 1173 est
653 1154 799 1180 personam
812 1146 839 1172 in
850 1145 961 1173 Christo
973 1153 1017 1172 re-

225 1198 404 1227 cognoscere,
417 1191 485 1218 duas
501 1195 616 1218 naturas
635 1191 752 1218 dicendo
765 1201 771 1225 ;
788 1199 838 1219 nec
849 1192 891 1219 his
904 1196 1019 1219 conten-

227 1243 281 1270 tos,
297 1237 365 1265 duas
378 1237 484 1264 Domini
498 1237 694 1265 subsistentias
710 1238 866 1270 admittere,
881 1242 928 1265 aut
952 1246 1018 1273 qua-

226 1288 291 1311 tuor
304 1291 436 1319 personas
449 1283 477 1310 in
494 1284 611 1311 Domino
623 1283 727 1315 dicere.
740 1284 775 1311 ob
788 1284 856 1311 duas
869 1289 982 1312 naturas
990 1289 1017 1312 et

227 1329 297 1357 duas
321 1329 527 1362 subsistentias,
553 1329 656 1356 nullam
683 1337 748 1357 vero
768 1338 864 1357 earum
893 1330 1029 1366 profceto‘

223 1376 374 1403 essentiam
390 1383 397 1408 ;
413 1375 464 1402 nisi
477 1375 505 1402 in
528 1376 655 1403 essentne
675 1376 822 1408 rationem,
849 1376 896 1403 sed
908 1377 934 1403 in
955 1384 1017 1411 per-

227 1429 302 1449 sonae
314 1425 418 1448 tantum
429 1421 670 1449 subsistentiarum
679 1430 778 1449 nomen
789 1430 803 1450 a
818 1423 895 1450 vobis
903 1423 1015 1449 dicitur.

226 1467 294 1494 Nam
307 1468 341 1495 de
357 1467 472 1502 reliquis
482 1467 740 1503 significationibus,
762 1477 815 1495 non
827 1473 894 1503 puto
911 1472 1016 1495 tantum

228 1513 349 1549 dit‘agari
365 1513 506 1541 hominem
523 1510 717 1541 rationabilem
732 1514 796 1541 dum
815 1514 878 1541 talia
892 1515 1016 1548 inquirit,

228 1567 311 1595 quam
339 1560 534 1587 necessitatem
559 1559 639 1586 nobis
659 1559 826 1594 comparatis
851 1559 1014 1594 postulando

227 1605 272 1633 cui
303 1605 375 1632 hanc
400 1605 518 1632 dicimus
545 1605 600 1632 Deo
626 1605 698 1631 Patri
719 1612 753 1631 an
777 1604 874 1636 David,
898 1604 1014 1631 similem

227 1650 374 1678 essentiam
395 1650 610 1678 esse?Primum
640 1649 713 1677 enim
747 1657 801 1676 non
820 1657 852 1676 ex
872 1650 1015 1677 identitate

223 1697 414 1724 cssentiarum
428 1695 616 1723 subsiStentiaa
640 1699 837 1730 agnoscuntur,
861 1703 951 1730 neque
967 1703 1014 1722 ea—

227 1743 290 1770 dem
318 1742 401 1769 alicui
431 1741 618 1769 subsistentiat
638 1742 710 1768 ratio
735 1745 778 1768 est
790 1749 822 1768 ac
842 1741 864 1768 si
888 1746 1015 1768 naturam

228 1788 328 1816 habeat
352 1796 444 1815 rerum
466 1788 591 1823 ejusdem
611 1787 748 1820 essentiae,
777 1792 873 1814 contra
889 1786 972 1821 igitur
992 1785 1015 1813 si

227 1843 283 1862 non
298 1835 397 1862 habeat
417 1835 521 1869 aliquid
545 1842 638 1861 rerum
666 1834 716 1868 ipsi
734 1833 853 1861 essentia
872 1832 1014 1860 similium.

226 1881 422 1910 Subsistcntia:
446 1882 520 1909 enim
547 1881 666 1908 maxime
689 1880 832 1915 proprium
849 1883 902 1910 est,
914 1879 1014 1906 similia

224 1929 380 1956 secundum
411 1933 539 1955 naturam
568 1928 737 1962 distinguere
760 1926 834 1954 entia
865 1925 1014 1960 separatim

224 1975 280 2004 alia
298 1975 332 2002 ab
342 1975 413 2008 aliis,
430 1979 458 2002 et
471 1975 516 2001 illa
530 1973 706 2009 singulariter
721 1973 854 2001 indicare.

265 2063 398 2090 l’rzetcrea
409 2062 538 2094 dicimus,
563 2063 585 2090 si
599 2071 670 2090 unus
683 2062 753 2090 forte
769 2061 851 2089 homo
863 2067 910 2088 aut
923 2069 1013 2096 equus

226 2109 256 2137 in
265 2110 334 2137 orbe
344 2109 458 2137 exsistat
470 2109 544 2136 solus
554 2109 682 2136 etnullus
692 2109 728 2135 sit
740 2108 863 2143 ejusdem
876 2108 1013 2140 essentiaa,

226 2156 318 2191 qualis
334 2154 481 2182 fuitAdam
497 2155 604 2189 primus
615 2154 707 2185 homo,
724 2153 797 2181 illius
807 2153 1014 2181 subsistentiam

226 2209 308 2238 posse
320 2209 353 2228 ex
366 2201 478 2228 entibus
490 2200 604 2228 alterius
618 2200 743 2228 essentia:
753 2200 842 2235 quoad
860 2199 1014 2227 subsistcn—
1027 2191 1054 2221 D

229 2249 293 2275 tiam
303 2246 437 2282 dignosci.
454 2246 513 2274 Non
525 2246 611 2278 enim,
629 2245 702 2280 quod
715 2253 770 2272 non
780 2245 930 2280 sitaliquid
943 2246 1016 2280 ejus-

226 2295 289 2322 dem
309 2293 434 2321 essentia:
451 2300 467 2320 a
491 2300 545 2327 quo
572 2291 600 2319 in
628 2291 806 2319 subsistentia
829 2291 1015 2324 discernatur,

227 2341 289 2368 ideo
314 2347 426 2367 necesse
443 2343 485 2365 est
507 2345 561 2365 non
584 2338 675 2365 valere
690 2338 724 2365 de
740 2337 816 2365 illius
836 2337 1015 2365 subsistentia

226 2393 392 2416 sermonem.
421 2384 474 2411 nisi
488 2384 544 2411 sint
569 2383 607 2411 illi
630 2384 683 2411 alia
712 2384 836 2419 ejusdem
865 2384 1014 2415 essentne;

226 2431 396 2459 contrarium
416 2431 489 2458 enim
507 2430 577 2457 ratio
597 2430 667 2460 vult.
685 2429 730 2456 illa
755 2429 878 2464 ejusdem
890 2428 1016 2456 essentia:

227 2485 288 2513 quae
304 2485 359 2504 non
371 2477 474 2504 habent
489 2476 708 2507 subsistentiam,
724 2483 778 2502 non
795 2475 926 2506 discerni,
947 2482 1013 2506 non,

227 2529 259 2551 ut
270 2523 408 2558 colligitis.
420 2523 465 2550 illa
473 2531 534 2558 quae
556 2528 611 2549 nou
630 2521 733 2549 habent
749 2521 870 2556 aliquam
885 2520 1016 2548 identita-

227 2575 282 2597 tem
304 2569 432 2596 essentia:
445 2568 472 2595 in
490 2567 678 2596 subsistentiis
694 2575 750 2594 non
769 2567 909 2602 distingui.
934 2566 1014 2594 Enim

226 2623 293 2643 vero
310 2614 415 2642 entium
446 2613 560 2641 alterius
583 2613 710 2640 essentim
735 2613 932 2644 subsistentiae,
959 2612 1015 2639 imo

225 2666 332 2689 natura:
358 2667 453 2687 eorutn
466 2659 693 2693 distinguuntur;
714 2666 769 2685 non
783 2662 875 2685 autem
890 2657 1014 2692 ejusdem

224 2705 353 2733 essentia:
369 2705 474 2731 entium
487 2711 538 2731 nec
555 2704 661 2731 naturis
674 2711 724 2730 nec
745 2702 933 2730 subsistentiis
946 2709 1015 2737 opus

224 2754 310 2778 estut
334 2757 350 2777 a
370 2749 504 2777 similibus
532 2749 735 2776 discernantur.
760 2747 867 2776 leum
893 2755 960 2783 ergo
974 2751 1016 2774 est

227 2803 324 2828 unum,
341 2803 393 2822 una
416 2799 499 2827 terra,
516 2799 543 2822 ct
565 2794 651 2822 aether
669 2802 757 2827 unus;
777 2801 867 2829 neque
879 2801 912 2821 eo
941 2793 1015 2828 quod

228 2845 282 2868 non
298 2839 353 2865 sint
365 2839 417 2867 alia
435 2839 480 2866 his
492 2839 611 2867 essentia
629 2839 741 2873 similia,
757 2839 831 2867 dicat
849 2839 948 2875 aliquis
971 2839 1016 2867 itis

1070 871 1108 906 τῷ
1123 880 1152 898 τε
1168 870 1308 906 προσώπῳ
1333 872 1380 898 καὶ
1404 873 1437 907 τῇ
1454 872 1534 905 φύσει
1552 873 1568 907 ἡ
1584 873 1734 905 ὑπόστασις
1751 874 1780 900 τὸ
1795 875 1862 901 ὑπο-

1070 918 1196 951 κείμενον
1214 915 1334 952 πρᾶγμα
1345 919 1472 953 ἐκατέρῳ
1489 919 1544 945 τῶν
1559 919 1698 953 διαφόρων
1710 920 1858 955 ὀνομάτων.

1076 963 1150 990 ¹Λ).λ’
1175 963 1262 994 οὕτως
1280 964 1329 990 σὺν
1344 963 1403 998 Θεῷ
1419 973 1520 998 φαμεν.
1542 964 1630 999 Tui;
1645 966 1673 992 δὲ
1690 967 1810 1001 ἀνάγκη,
1831 967 1861 994 τὸ

1070 1008 1137 1036 αὐτὸ
1152 1009 1256 1040 εἰδότας
1277 1009 1330 1044 (ὥς
1345 1018 1413 1043 φατε
1427 1010 1569 1042 πολλάκις,
1591 1011 1673 1045 φύσιν
1687 1020 1716 1038 τε
1733 1013 1780 1039 καὶ
1794 1013 1860 1040 ὑπό-

1070 1063 1165 1082 στασιν
1175 1075 1182 1086 ,
1201 1056 1263 1082 ἐπεὶ
1278 1055 1347 1091 προς
1362 1058 1422 1087 ταῖς
1436 1056 1484 1083 δύο
1498 1056 1612 1090 φύσεσι,
1632 1058 1679 1084 καὶ
1695 1058 1862 1090 ὑποστάσεις

1069 1101 1137 1135 φατὲ
1158 1101 1204 1128 δύο
1218 1101 1265 1128 τοῦ
1281 1102 1423 1137 Κυρίου),
1443 1103 1459 1137 ἢ
1477 1102 1526 1129 καὶ
1539 1103 1687 1138 πρόσωπον
1703 1104 1784 1131 πάλιν
1798 1105 1827 1131 ἓν
1844 1105 1860 1140 ἢ

1068 1147 1115 1173 δύο
1138 1148 1336 1181 ἐπεισαγαγεῖν
1349 1155 1356 1163 ι
1383 1148 1400 1181 ἢ
1424 1148 1570 1181 σιγῶντας,
1588 1149 1726 1184 τέσσαρας
1745 1150 1795 1185 μὲν
1812 1151 1860 1183 τὰς

1068 1193 1182 1228 φύσεις,
1207 1193 1336 1226 οὐδεμίαν
1361 1193 1389 1219 δὲ
1415 1193 1581 1226 ὑπόστασιν,
1601 1195 1685 1230 ἤγουν
1702 1196 1859 1231 πΜσωπο-ι,

1067 1239 1095 1265 ὲν
1117 1238 1230 1273 Χριστῷ
1254 1238 1449 1272 διεγνωκέναι.
1473 1239 1521 1265 δύο
1538 1239 1667 1273 ὶέγοντπς
1684 1241 1796 1275 φύσεις·
1814 1243 1862 1268 καὶ

1066 1284 1116 1310 οὐκ
1135 1285 1336 1319 ἀρκουμένους,
1356 1285 1424 1312 ἀλλὰ
1443 1284 1490 1311 καὶ
1505 1284 1552 1312 δύο
1567 1285 1617 1317 τὰς
1633 1285 1797 1318 ὑποστάσεις
1813 1288 1860 1314 τοῦ

1067 1328 1171 1362 Κυρίου
1187 1327 1385 1363 προστιθέντας
1397 1337 1404 1344 ·
1434 1329 1450 1364 ἦ
1470 1329 1590 1365 ἐέσσαρα
1608 1331 1657 1365 μὲν
1674 1331 1708 1357 τὰ
1725 1332 1860 1366 πρόσωπα

1067 1373 1115 1399 ἐπὶ
1129 1373 1175 1400 τοῦ
1192 1373 1297 1409 Κυρίου
1313 1374 1414 1408 λέγειν,
1431 1374 1475 1401 διὰ
1488 1375 1541 1401 τῶν
1555 1375 1664 1409 φύσεων
1678 1377 1725 1403 καὶ
1737 1376 1784 1404 δύο
1796 1378 1861 1404 ὐπο-

1068 1420 1206 1453 στὸισεων,
1228 1420 1357 1454 οὐδεμίαν
1376 1421 1404 1447 δὲ
1426 1420 1516 1447 αὐτῶν
1538 1421 1632 1449 οὐσίαν
1647 1423 1764 1458 δηλαδή·
1786 1424 1810 1450 εί
1829 1423 1859 1450 δὲ

1070 1466 1107 1500 μὴ
1125 1467 1164 1497 είς
1178 1466 1273 1498 οὐσίας
1286 1466 1378 1500 λόγον,
1394 1466 1452 1493 ἀλλ’
1469 1468 1508 1498 εἰς
1522 1467 1571 1502 τὴν
1584 1468 1631 1494 τοῦ
1647 1469 1796 1504 προσώπου
1811 1469 1861 1505 μό-

1030 1510 1052 1540 C
1069 1520 1114 1538 νον
1142 1511 1173 1538 τὸ
1197 1512 1251 1538 τῶν
1275 1512 1454 1540 ὑποστάσεων
1472 1513 1536 1548 ὑμῖν
1550 1514 1659 1549 εἴρηται
1675 1515 1770 1550 ὄνομα.
1791 1515 1861 1550 Περὶ

1069 1555 1123 1591 γὰρ
1141 1556 1195 1582 τῶν
1213 1556 1315 1583 λοιπῶν
1333 1557 1559 1592 σημαινομένων,
1577 1558 1627 1584 οὐκ
1642 1556 1720 1594 οἶμαι
1734 1559 1861 1586 τοσοῦτον

1070 1601 1238 1635 παραπαίειν
1264 1602 1326 1628 τινὰ
1350 1602 1482 1636 ζητοῦντα
1507 1603 1540 1629 τὰ
1564 1604 1652 1630 τοιάδε
1676 1605 1786 1638 λογικόν
1804 1613 1812 1621 ·
1828 1605 1861 1632 Τί

1069 1647 1135 1681 ἡμῖν
1150 1648 1300 1681 ἀναγκαῖον
1317 1648 1539 1681 κατασκευάζετε
1556 1649 1589 1675 ἐκ
1603 1650 1649 1675 τοῦ
1664 1651 1792 1677 ἀπαιτεῖν
1805 1652 1860 1677 τίνι

1068 1692 1171 1727 ταύτην
1187 1693 1285 1727 φαμὲν,
1306 1694 1344 1728 τῷ
1357 1693 1416 1729 Θεῷ
1432 1694 1478 1720 καὶ
1492 1694 1593 1727 Πατρὶ,
1612 1693 1628 1729 ἧ
1643 1695 1682 1729 τῷ
1695 1695 1776 1722 Δαὸἶδ
1789 1696 1861 1723 εἶναι

1068 1737 1229 1771 duco-(mou;
1257 1738 1368 1773 Πρῶτον
1388 1739 1438 1773 μὲν
1456 1739 1511 1774 γὰρ
1527 1739 1576 1765 οὑκ
1593 1740 1625 1766 ἐκ
1638 1740 1693 1766 τῶν
1707 1740 1860 1775 ὀμοουσὶων

1069 1784 1097 1810 ai.
1120 1783 1283 1815 ὑποστάσεις
1309 1785 1508 1820 γνωρίζονται·
1541 1784 1596 1811 οὐδ’
1611 1786 1625 1812 ὁ
1642 1786 1724 1818 αὑτός
1741 1795 1792 1811 τιλι
1810 1787 1860 1819 ti;

1069 1828 1246 1860 ὑποστάσεως
1272 1829 1350 1863 λόγος
1376 1829 1448 1861 ἐστὶ,
1477 1829 1507 1856 ὃν
1530 1830 1585 1856 κάκ
1607 1831 1658 1866 τῆς
1677 1831 1785 1864 φύσεως
1801 1831 1862 1867 ἔχει

1068 1874 1121 1900 τῶν
1137 1875 1286 1909 ὁμοσυσίων
1302 1874 1392 1910 αὐτῷ,
1417 1875 1573 1912 τούναντίον
1588 1876 1636 1911 μὲν
1651 1874 1697 1902 οὖν
1714 1877 1744 1902 ὃν
1759 1876 1818 1912 ἔχει
1835 1886 1863 1906 τι

1069 1921 1122 1946 τῶν
1137 1921 1288 1956 ὁμοουσίων
1297 1930 1304 1937 ο
1317 1921 1494 1954 ὑποστάσεως
1508 1922 1563 1957 γὰρ
1581 1923 1680 1957 μᾶλλον
1694 1922 1770 1955 ἴδιον,
1784 1923 1798 1949 ὃ
1814 1925 1863 1950 καὶ

1068 1966 1122 1992 τῶν
1145 1967 1245 2000 ὁμοίων
1269 1967 1339 1994 κατὰ
1363 1967 1443 2002 φύσιν
1467 1968 1617 2003 διακρίνειν
1640 1969 1674 1995 τὰ
1693 1968 1785 2003 ἄτομα
1806 1970 1863 2004 ίδξσ.

1069 2013 1116 2039 ἀπ’
1130 2013 1265 2046 ἀλλήλων,
1283 2014 1330 2040 καὶ
1344 2013 1404 2039 καθ’
1419 2014 1490 2040 αὑτὰ
1502 2014 1634 2040 δεικνύειν
1650 2015 1777 2042 ἑκάστου.

1106 2059 1166 2085 Ἔτι
1181 2059 1209 2084 δέ
1225 2067 1326 2094 φαμεν,
1343 2059 1384 2085 ὅτι
1398 2059 1444 2086 καὶ
1458 2059 1517 2091 ἐνὸς
1530 2059 1675 2095 ἀνθρώπου
1689 2060 1770 2095 τυχὸν
1785 2060 1801 2096 ἢ
1817 2061 1864 2087 ἴπ-

1069 2113 1121 2131 mo
1137 2105 1165 2131 ὲν
1179 2104 1218 2139 τῷ
1231 2105 1311 2131 παντὶ
1331 2105 1473 2140 γενομένου
1490 2105 1583 2140 μόνου,
1602 2106 1649 2132 καὶ
1664 2106 1772 2138 οὐδενὸς
1784 2107 1864 2138 ὄντος

1075 2150 1318 2186 αὑτῴὀμοουσίου,
1338 2149 1393 2177 οἷον
1416 2151 1502 2185 Ἀδὰμ
1526 2151 1573 2177 τοῦ
1595 2151 1824 2186 πρωτοπλάττου,
1846 2155 1862 2188 ὴ

1067 2196 1215 2226 ὑπόττασις
1230 2195 1311 2222 (23τοῦ
1328 2194 1434 2222 ὁύναιτο
1450 2196 1482 2222 ἂν
1498 2196 1545 2222 καὶ
1559 2197 1591 2222 ὲκ
1603 2197 1657 2222 τῶν
1679 2197 1863 2231 ἑτεροουσὲων

1069 2241 1143 2275 αὑτῷ
1161 2241 1198 2272 ὡς
1213 2242 1361 2272 ὑπόστασις
1374 2241 1599 2275 διαγινώσκεσθαι
1611 2251 1618 2257 ·
1647 2243 1693 2268 καὶ
1717 2242 1779 2277 οὐχὶ
1797 2243 1864 2269 ἐπεὶ

1068 2287 1119 2313 οὐκ
1141 2285 1174 2321 ἦν
1197 2295 1223 2313 τι
1240 2287 1322 2313 αὑτοῦ
1339 2287 1480 2321 ὸμοούσιον
1497 2289 1529 2323 τῇ
1547 2288 1693 2314 ὑποστάσει
1710 2288 1759 2322 ἀφ’
1771 2285 1803 2314 οὗ
1821 2289 1862 2314 δι-

1067 2333 1190 2366 εκρίνετο
1203 2352 1210 2363 ,
1234 2332 1278 2358 διὰ
1294 2331 1373 2358 τοῦτο
1390 2333 1495 2367 ἀνάγκη
1515 2332 1703 2368 μὴνέῥρῶσϐαι
1725 2333 1773 2358 τὸν
1795 2333 1863 2368 περὶ

1066 2378 1117 2412 τῆς
1132 2378 1306 2409 ὑποστάσεως
1321 2378 1404 2404 αὑτοῦ
1428 2378 1506 2412 λόγον
1516 2399 1522 2411 ,
1543 2379 1567 2404 εί
1583 2379 1619 2413 μὴ
1636 2377 1690 2404 εἷεν
1704 2378 1780 2413 αὑτῷ
1793 2380 1863 2413 ὀμο-

1066 2425 1144 2450 ούσια
1169 2424 1260 2458 ἕτερα.
1288 2424 1449 2450 Τοῦναντίον
1466 2425 1520 2459 γὰρ
1536 2424 1550 2450 ὁ
1565 2424 1644 2458 λόγος
1660 2424 1734 2459 ἔχει’
1764 2425 1807 2451 ὅτι
1825 2421 1865 2451 ὧν

1069 2469 1106 2504 μὴ
1122 2469 1195 2495 ἔστιν
1212 2469 1360 2500 ὑπόστασις
1374 2469 1428 2495 τῶν
1441 2469 1604 2504 ὀμοουσίων,
1617 2469 1647 2496 οὑ
1660 2469 1862 2502 διακρίνονται·

1067 2517 1125 2552 οὑχ.
1141 2516 1236 2552 ὥσπερ
1251 2517 1391 2551 συνάγετε,
1407 2518 1446 2543 ὃτι
1461 2515 1498 2543 ὧν
1511 2517 1560 2544 οὑκ
1572 2517 1630 2543 ἔστι
1643 2517 1775 2552 όμοούσιά
1787 2526 1863 2549 τινα,

1067 2564 1095 2590 αἱ
1111 2564 1274 2595 ὑποστάσεις
1288 2564 1317 2589 οὑ
1329 2563 1502 2598 διορίζονται·
1517 2563 1563 2590 καὶ
1576 2563 1629 2597 γὰρ
1643 2564 1688 2589 καὶ
1701 2563 1756 2589 τῶν
1769 2564 1866 2598 ἑτερου

1067 2609 1166 2636 ουσίων
1188 2609 1216 2635 αἱ
1236 2608 1400 2638 ὑποστάσεις
1414 2628 1420 2640 ,
1448 2608 1516 2635 ἀλλὰ
1538 2608 1639 2634 τούτων
1663 2608 1708 2633 v.1!
1724 2608 1751 2633 αἱ
1766 2609 1866 2642 φύσεις

1066 2656 1271 2690 διακρίνουσιν·
1297 2654 1449 2689 ὁμοουσίων
1473 2654 1501 2681 δέ
1526 2662 1597 2681 τισιν
1622 2654 1672 2680 οὐκ
1685 2654 1783 2683 ὄντων,
1802 2654 1865 2680 οὐδὲ
1887 2686 1889 2689 γ

1066 2701 1147 2737 χρεία.
1169 2701 1218 2735 τῆς
1240 2700 1294 2727 ἀπὸ
1306 2700 1360 2727 τῶν
1374 2701 1502 2735 ὁμοφυῶν
1518 2699 1692 2735 διακρίσεως.
1714 2699 1769 2726 Καὶ
1786 2700 1801 2725 ὁ
1816 2699 1866 2725 οὗ·

1070 2749 1150 2784 ρανδς
1173 2747 1239 2781 γοῦν
1264 2745 1318 2779 εἷς,
1340 2747 1387 2774 καὶ
1404 2748 1420 2782 ἠ
1435 2747 1470 2782 γῆ
1489 2746 1552 2781 μία,
1571 2746 1619 2772 καὶ
1632 2745 1715 2781 avi}?
1731 2745 1773 2777 εἷς
1787 2747 1866 2771 ἐστι’

1068 2794 1115 2820 καὶ
1130 2794 1159 2820 οὐ
1175 2793 1219 2820 διὰ
1234 2793 1264 2819 τὸ
1281 2793 1318 2828 μὴ
1332 2791 1402 2820 εἶναι
1417 2793 1500 2827 ἔτερα
1514 2792 1619 2824 τούτοις
1632 2791 1777 2827 ὀμοούσια,
1790 2791 1869 2817 εἴποι

1068 2849 1109 2872 τις
1127 2839 1159 2866 ἂν
1176 2839 1242 2875 μηδὲ
1256 2837 1326 2866 εἶναι
1340 2836 1386 2866 οὖν
1402 2839 1504 2866 τούτων
1519 2838 1679 2865 ὑπόστασιν.
1699 2837 1821 2873 Ὁμοίως
1837 2836 1869 2863 δὲ
