1968 3094
71 153 137 188 1533

546 157 745 188 ADVERSUS
763 156 1037 189 NES’I‘ORIANOS.
1054 171 1081 175 ·-
1101 159 1174 189 LlB.
1196 158 1238 188 II.

1628 160 1696 194 1534

69 214 116 240 καὶ
128 211 229 248 κόσμος
245 212 287 239 ’ὁδε
303 212 316 239 ό
331 213 395 246 πᾶς,
412 210 465 244 εἷς’
485 213 532 240 καὶ
548 214 577 241 οὑ
591 214 630 250 τῷ
645 214 682 250 μὴ
696 212 764 241 εἷναι
779 214 853 240 πλεί-

906 222 962 242 non
978 223 1039 242 esse
1059 216 1279 244 subsistentiam.
1293 217 1360 245 ltem
1376 217 1421 245 hic
1437 218 1488 246 iste
1502 219 1624 246 mundus
1635 220 1697 247 uni-

68 268 114 290 ους
137 259 257 293 κόσμους
286 259 447 294 όμοουσίους
472 259 561 295 τῷδε,
597 261 785 292 ἀνυπόστατος
814 261 857 296 εἴη

67 305 148 332 αὑτοῦ
165 307 181 341 ἡ
199 305 338 337 σύστασις.
366 306 399 332 Τί
415 306 462 333 οὖν
479 306 550 341 ὑμᾶς
566 306 654 333 πείθει
676 307 725 342 τὴν
739 306 856 342 Χριστοῦ

68 352 216 379 ὑπόστασιν
228 372 234 382 .
263 353 287 378 ει
310 353 347 387 μὴ
368 352 440 379 κατὰ
462 352 551 379 πάντα
566 352 644 386 λόγον
659 353 701 387 εἴη
713 352 800 388 ταύτῃ
815 361 857 383 τις

68 398 149 434 ἑτέρα
175 398 324 430 ὑπόστασις
348 398 509 433 ὁμοούσιος,
537 399 633 434 μηδενὶ
655 398 762 433 φυσικῷ
778 399 857 434 Λόγῳ

67 444 121 470 τῶν
147 445 175 470 ὲν
198 445 265 479 αὐτῇ
287 444 474 475 πλεονάζουσα
490 445 506 480 ἦ
521 445 693 476 ἐλλείπουσα,
712 444 779 478 μηδὲ
792 444 858 470 ὑπό-

69 498 163 516 στασιν
190 489 266 516 τοῦδε
289 489 336 516 τοῦ
354 490 488 522 ζωοποιῡῦ
512 490 641 517 συνθέτου
658 490 727 522 {dum
746 489 793 516 τοῦ
809 490 857 516 16t-

67 535 188 562 κωτὰτου
214 535 433 570 καταδέχεσθαις
462 535 567 568 Ἄλλως
591 545 620 562 τε
646 537 677 562 οὺ
704 536 792 571 τούτῳ
815 543 857 566 τις

66 580 157 616 ζητῶν
173 582 320 617 ὁμοιότητὰ
334 583 394 608 τινά
409 591 490 608 τινων
506 582 577 608 κατά
592 591 618 608 τι
635 583 806 617 συγκρίνειε-ι
822 581 855 608 ἂν

65 627 98 653 δι’
121 628 214 662 ἐτέρου
239 628 318 661 λόγου
338 628 387 662 τὴν
403 628 464 654 καθ’
478 628 571 662 ἕτερον
583 628 662 661 λόγον
682 628 747 663 πρὸς
762 628 856 662 ἐτέρου

65 674 138 705 τινὸς
156 673 258 708 σχέσιν,
278 673 347 700 ἀλλὰ
360 673 394 700 δι’
407 674 489 701 αὑτοῦ
503 674 591 705 τοῦδε,
605 674 640 700 δι’
653 670 683 700 οὗ
698 674 714 708 ἡ
728 673 857 707 ὁμοίωσις

65 719 198 754 ἐζητεῖτο.
227 721 291 747 Δέον
315 721 362 748 οὖν
386 722 459 756 ὑμᾶς
484 720 521 755 μὴ
538 720 628 752 λέγειν
649 719 665 755 ἣ
683 719 785 753 ζητεῖν,
803 718 856 744 τίνι

65 765 135 800 αὕτη
154 767 170 800 ἠ
187 766 335 798 ὑπόστασις
349 766 492 802 caeo-3m;
506 767 580 792 ἐστιν
590 773 597 781 ο
627 764 684 798 εἴγε
701 764 784 799 ἄλλην
799 762 856 790 ῐστε

65 812 213 838 ὑπόστασιν
240 813 289 848 τὴν
316 812 355 844 ὡς
378 813 541 849 πρόσωπον,
568 811 616 838 καὶ
643 810 727 845 ἀλλην
751 809 800 844 τὴν
818 808 857 840 ὡς

63 857 172 884 οὐσίαν·
191 858 249 885 ἀλλ’
263 859 280 895 ἢ
293 859 345 885 τίνι
359 859 418 885 ἐστὶ
433 859 493 885 κατ’
507 858 601 885 οὐσίαν
614 856 756 892 ὁμοοὺσιος
769 855 856 890 6X9:-

65 903 127 934 στὺς
143 903 248 939 ἐρωτᾷν
259 913 265 919 -
294 903 311 938 ἢ
334 904 387 930 τίνι
411 905 470 930 ἐστὶ
485 904 545 930 καθ’
558 904 720 936 ὑπόστασιν,
735 905 855 937 ὁμοῦπό-

65 957 173 980 στατος·
190 949 249 983 εἴγε
265 949 314 984 τὴν
331 950 397 985 πρὸς
412 950 456 976 τὸν
469 950 587 985 Χριστὶν
601 950 741 984 ὁμοίωσιν,
752 950 782 976 οὑ
796 950 855 976 κατ’

63 995 171 1026 οὐσίαν.
187 995 257 1022 ἀλλὰ
272 996 332 1022 καθ’
346 995 505 1029 ὑπόστασιν,
524 997 574 1031 τήν
587 1005 617 1022 τε
633 995 702 1032 πρὸς
713 995 758 1022 τὸν
769 995 856 1022 Πατέ-

65 1049 99 1076 pa
117 1041 164 1068 καὶ
179 1041 226 1067 τὸν
240 1041 322 1068 Δαῦὶδ
335 1041 468 1077 ἐζητεῖτε.

908 267 1006 287 versus
1022 268 1093 288 unus
1105 266 1146 289 est
1163 270 1271 297 :ncque
1285 263 1359 298 quod
1377 271 1432 290 non
1446 264 1500 291 sint
1514 265 1605 298 plures
1618 273 1697 293 mun-

908 305 935 332 di
964 307 1085 342 ejusdem
1110 308 1247 340 esscntim,
1264 309 1322 336 sine
1348 309 1526 337 subsistentia
1541 310 1594 337 erit
1623 311 1697 338 illius

908 351 1076 380 substantim.
1091 353 1161 386 Quid
1175 353 1256 388 igitur
1267 354 1346 381 vobis
1359 355 1505 390 persuadet
1517 355 1616 383 Christi
1633 357 1697 384 sub-

908 397 1071 429 sistentiam,
1093 398 1146 425 nisi
1167 399 1241 426 omni
1257 407 1290 426 ex
1310 399 1418 427 ratione
1440 401 1526 428 altera
1541 400 1578 428 sit
1604 401 1696 429 subsi-

908 443 1006 469 stentia
1021 443 1059 470 illi
1077 444 1195 471 essentia
1213 445 1322 478 similis,
1347 446 1421 472 nulla
1443 447 1560 474 naturali
1590 447 1696 474 ratione

907 490 967 524 ejus
983 489 1094 516 dotibus
1120 497 1168 517 seu
1186 491 1299 525 praadita
1315 499 1362 518 seu
1388 492 1505 526 privata,
1525 500 1580 519 non
1606 493 1696 520 subsi-

907 536 1035 562 stentiam
1051 536 1131 563 istius
1150 537 1222 564 entia
1245 538 1364 564 creantis
1377 542 1405 564 et
1428 539 1620 573 componentis
1640 547 1697 567 ma-

906 581 979 609 xime
1009 582 1128 617 propria:
1144 583 1209 610 dicti
1239 584 1312 611 entis
1335 585 1584 619 accipere?Aliter
1604 594 1695 619 nemo,

907 627 934 654 in
947 628 992 655 illo
1008 636 1135 662 quaerens
1151 630 1298 664 quamdam
1331 631 1541 658 similitudinem
1566 639 1697 666 quorum-

907 674 968 701 dam
985 675 1137 702 secundum
1166 675 1316 711 quoddam,
1338 682 1511 712 compararet
1537 685 1588 712 per
1615 678 1695 705 aliam

907 721 1041 748 rationem
1059 721 1134 748 hunc
1147 722 1297 749 secundum
1315 723 1395 750 aliam
1419 724 1553 751 rationem
1572 724 1696 751 habitum

907 765 989 792 alicui
1005 766 1061 799 alii,
1077 766 1125 793 sed
1140 767 1282 802 peripsam
1300 768 1445 800 rationem,
1461 777 1510 804 per
1527 777 1608 804 quam
1620 769 1698 797 simi—

907 811 995 839 litudo
1022 813 1206 847 quaerebatur.
1236 814 1309 849 Ergo
1325 822 1374 842 vos
1398 819 1509 850 oportet
1532 823 1584 842 uec
1604 816 1698 844 dicere

908 864 958 884 nec
973 857 1123 891 inquirere.
1138 858 1182 885 cui
1214 858 1272 886 haec
1288 854 1466 888 subsistentia
1491 861 1636 889 identitate
1651 869 1696 889 es-

906 903 1001 930 sentia:
1012 903 1110 931 similis
1123 903 1176 936 sit;
1192 912 1254 931 cum
1271 905 1435 934 enimaliam
1448 907 1524 934 scitis
1542 907 1699 935 subsisten—

904 947 970 974 tiam
986 955 1057 980 esse,
1079 948 1168 983 quoad
1192 957 1349 984 personam.
1376 951 1456 978 aliam
1486 953 1577 987 quoad
1602 960 1697 980 essen—

905 993 970 1020 tiam
986 994 1053 1027 ;sed
1069 999 1117 1021 aut
1128 995 1379 1024 cuisitsecundum
1390 998 1538 1025 essentiam
1552 998 1696 1026 identitate

903 1042 1032 1070 essentia:
1054 1042 1153 1070 similis
1180 1044 1320 1075 Christus.
1347 1049 1394 1072 aut
1420 1045 1466 1073 cui
1484 1045 1519 1073 sit
1542 1045 1695 1073 secundum

63 1089 269 1116 subsistentiam
286 1090 429 1117 identilatc
453 1089 638 1117 subsistentite
663 1089 777 1122 similis;
803 1089 868 1116 dum
889 1088 992 1117 Christi
1013 1090 1222 1119 similitudinem
1249 1092 1324 1119 Patri
1354 1097 1382 1120 et
1399 1092 1494 1119 Davidi
1511 1100 1565 1120 non
1594 1100 1695 1121 secun-

63 1137 130 1164 dum
148 1138 307 1168 essentiam.
322 1138 370 1164 sed
386 1137 537 1165 secundum
551 1138 758 1165 subsistentiam
776 1137 967 1173 inquirebalis.

100 1186 156 1213 Καὶ
172 1186 363 1222 ἀπεκρίθημεν
384 1185 416 1212 ἂν
432 1186 496 1220 ὑμῖν
508 1186 596 1221 ὀρθῶς
609 1186 773 1220 πυθομένοις
789 1186 853 1220 περὶ

61 1232 151 1263 τοῦδε,
169 1233 209 1258 ὅτι
223 1233 269 1258 καὶ
283 1232 320 1266 τῷ
335 1233 421 1267 Πατρὶ
437 1232 485 1265 μὲν
501 1232 654 1266 ὁμοούσιος,
667 1233 713 1258 καὶ
725 1232 764 1266 τῷ
772 1233 854 1258 Δαϐὶδ

62 1278 217 1312 ὁμοούσιος,
237 1278 283 1304 καὶ
296 1278 367 1304 κατᾶ
381 1278 498 1313 θατέραν
510 1278 538 1304 δὲ
552 1278 605 1304 τῶν
620 1277 718 1305 ἑαυτοῦ
734 1278 852 1312 φύσεων,

62 1325 77 1349 ὁ
89 1323 216 1358 Χριστός·
234 1323 438 1357 ὁμοῦπόστσιτος
450 1324 477 1350 δὲ
490 1324 552 1350 οὔτε
568 1324 620 1359 πρὸ
634 1323 733 1359 σαρκὸς
746 1323 853 1358 eam;

62 1369 160 1403 γέγονε
185 1369 224 1404 τῷ
247 1370 351 1405 Πατρὶ,
379 1370 441 1396 οὐδὲ
468 1370 520 1405 πρδ
537 1370 587 1403 τῆς
602 1370 676 1401 θείας
689 1371 855 1406 σαρκώσεως

63 1415 113 1450 τῆς
131 1416 163 1442 ὲκ
179 1415 333 1451 σπέρματος
350 1416 450 1448 Δαῧὶδ,
473 1416 511 1451 τῷ
529 1416 627 1442 Δαϐίδ·
647 1415 708 1442 οὔτε
721 1416 767 1443 οὑν
786 1417 855 1451 μετὰ

62 1461 113 1494 τὴν
140 1461 221 1494 ἁγίαν
248 1460 386 1495 σάρκωσιν
410 1461 457 1487 τοῦ
483 1461 589 1495 Λόγου,
613 1463 647 1496 τῇ
665 1461 710 1487 τοῦ
725 1461 792 1488 Θεοῦ
809 1462 855 1488 καὶ

63 1506 192 1541 Πατρός,
221 1506 237 1541 ἢ
266 1507 299 1542 τῇ
324 1506 370 1533 τοῦ
392 1506 537 1541 ἀνθρώπου
558 1507 654 1539 Δαελδ,
672 1508 689 1542 ἡ
706 1507 855 1539 ὑπόστασις

62 1551 148 1578 αὑτοῦ
164 1551 245 1586 ὁμοία
261 1551 423 1586 λεχθήσεται
438 1552 535 1587 ὀρθῶς.
557 1552 662 1583 Σκαιῶς
676 1551 721 1579 οὖν
738 1553 802 1588 aut;
816 1552 855 1578 ετ-

64 1606 161 1633 ρηται,
180 1598 222 1624 ὅτι
236 1597 277 1624 δεῖ
293 1598 338 1624 τὸν
351 1598 431 1624 αὑτὸν
443 1598 521 1632 λόγον
537 1598 610 1634 ἔχειν
625 1600 674 1633 τῆς
689 1599 783 1630 οὐσίας
808 1600 853 1625 καὶ

61 1643 112 1677 τὴν
135 1643 220 1678 αὑτὴν
244 1643 336 1678 νόησιν
354 1644 403 1674 τὰς
418 1644 577 1679 όμοουσίους
591 1644 764 1674 ὑποστάσεις.
787 1644 851 1671 Δέον

62 1689 118 1724 γὰρ
134 1687 167 1724 ἦν
187 1690 273 1716 εἰπεῖν
291 1690 364 1724 ὑμᾶς
378 1691 428 1721 τὰς
448 1690 608 1724 ὀμοουσέους
628 1690 732 1721 οὐσίας.
761 1691 790 1717 lii
814 1691 852 1723 δὲ,

63 1735 125 1761 ἐπεὶ
143 1735 180 1769 μὴ
194 1736 274 1770 ὁμοία
288 1735 363 1762 ἐστὶν
379 1737 395 1770 ἡ
409 1736 555 1767 ὑπόστασις
572 1736 617 1762 τοῦ
632 1737 779 1768 Δεσπόῖου,
793 1736 854 1764 66v-

63 1779 141 1810 θετος
158 1778 226 1806 οὖσα
248 1782 280 1816 τῇ
305 1781 377 1816 ἁπλῇ
401 1781 447 1807 τοῦ
470 1782 585 1817 Πατρὺς,
605 1782 669 1817 ῆτῇ
686 1783 804 1818 συνοέτῳ
820 1784 853 1819 τῇ

62 1825 131 1862 οὔσῃ
151 1827 182 1852 ὲκ
199 1827 252 1853 τῶν
269 1828 398 1862 χειρόνων
415 1829 522 1861 φύσεων
544 1830 576 1863 τῇ
592 1829 639 1854 τοῦ
654 1829 751 1860 Δαὸὶὸ,
770 1831 855 1864 ἀναγ-

62 1869 149 1902 καίως
164 1870 259 1904 λέγετε
273 1871 388 1906 ἕψεσθαι
399 1893 406 1904 ,
425 1873 472 1899 καὶ
489 1872 518 1899 τὸ
530 1873 701 1907 ἐτεροσύσιον
718 1875 803 1908 αὑτὴν
817 1873 855 1902 εῖ-

62 1924 129 1948 ναι,
168 1918 243 1952 παρὰ
260 1917 320 1951 fuit;
345 1917 400 1943 τῶν
426 1919 560 1953 ἀνομοῖων
584 1919 652 1954 αὐτῇ
679 1920 854 1948 ὑποστάσεων

62 1962 173 1994 οὐσίας,
194 1962 284 1994 καθὼς
302 1963 426 1998 βούλεται
442 1964 578 1991 δεικνύναι
595 1965 625 1992 τὸ
638 1966 772 2001 ὑμέτερον
785 1976 855 2001 συμ-

63 2008 216 2042 πέρασμα”
244 2009 342 2035 οὐκοῦν
370 2011 527 2043 ἀναγκαίως
548 2011 634 2044 ἔσται,
654 2013 701 2038 καὶ
726 2012 788 2039 ἐπεὶ
808 2014 853 2040 ἁν-

63 2055 157 2087 όμοιος
184 2055 199 2088 ἡ
218 2054 324 2082 Παύλου
349 2056 497 2087 ὑπόστασις
516 2057 584 2092 πρὸς
604 2059 705 2093 Πέτρον
722 2059 792 2086 κατὰ
809 2060 853 2086 τὸν

63 2099 114 2133 τῆς
131 2100 304 2133 ὑποστάσεως
319 2102 396 2136 λόγον
408 2123 414 2134 ,
441 2104 487 2130 καὶ
509 2104 696 2139 ἑτεροουσὶους
711 2103 780 2133 εἶναι
792 2107 853 2133 τοὺ-

63 2155 136 2178 τους.
155 2147 211 2173 Εἶτ’
225 2146 281 2179 οὖν,
299 2149 379 2175 πάλιν
394 2149 454 2175 καθ’
467 2149 548 2183 ὑμᾶς,
565 2151 626 2176 ἐπεὶ
638 2151 776 2185 όμοούσιοὶ
788 2153 851 2185 εισι,

65 2192 130 2226 μίαν
142 2191 211 2219 εἶναι
225 2194 388 2229 ἀμφοτέρων
402 2196 448 2221 καὶ
461 2195 509 2229 τὴν
521 2196 679 2223 ὑπόστασιν·
692 2197 778 2224 καὶτὸ
787 2198 853 2225 αὐτὸ

62 2236 134 2264 εἶναι
149 2239 295 2273 πρόσωπον
315 2239 343 2266 τὸ
359 2240 480 2276 Πέτρου,
499 2241 567 2276 ὅπερ
583 2242 640 2268 ἐστὶ
657 2243 704 2268 καὶ
716 2243 763 2269 τοῦ
779 2244 852 2270 [lati-

62 2285 126 2315 λου,
158 2285 204 2311 καὶ
231 2285 325 2317 ἁπλῶς
353 2286 445 2321 πάσης
469 2287 519 2321 τῆς
543 2287 769 2324 ἀνθρωπότητος,
791 2291 852 2317 ἐπεὶ

63 2329 206 2362 ὁμοούσιός
222 2331 280 2357 ἐστι
295 2332 369 2357 πᾶσα
382 2352 388 2363 ,
414 2331 443 2357 ἓν
466 2330 537 2358 εἶναι
551 2333 636 2367 αὐτῆς
652 2334 681 2360 τὺ
694 2335 850 2369 πρόσωπον·

63 2375 133 2402 ἀλλὰ
159 2376 207 2402 καὶ
233 2377 282 2411 τῆς
304 2376 379 2408 θείας
401 2377 525 2411 φύσεως,
545 2379 606 2405 ἐπεὶ
621 2379 763 2414 suco-3m;
778 2383 852 2409 ἐστιν

62 2423 79 2456 ἡ
105 2421 169 2454 ἁγία
192 2422 293 2457 Τριὰς,
317 2421 434 2458 ἒνηεῖναι
460 2425 490 2450 τὸ
514 2425 659 2459 πρόσωπον
678 2427 726 2453 καὶ
743 2428 773 2454 οὺ
790 2430 852 2464 τρία

61 2467 186 2493 λεκτέον·
217 2465 254 2494 ὧν
278 2467 308 2494 τὺ
327 2468 496 2503 ἀδιανόητον,
513 2470 562 2505 οὐχ
575 2472 656 2505 ἡμεῖς
671 2473 761 2507 μόνον,
781 2474 850 2502 ἀλλὰ

61 2513 110 2540 καὶ
137 2514 161 2540 οι
183 2514 263 2545 λίθοι,
284 2513 321 2544 ὡς
342 2515 446 2549 εἰπεῖν,
472 2516 653 2551 ἐπιτιμῶντες
669 2518 733 2554 ὑμῖν
748 2521 846 2554 κεκρά-

63 2560 142 2592 ξοντα
147 2569 163 2587 ι.

99 2606 159 2633 ’Ὁτι
171 2605 198 2633 δὲ
214 2607 262 2633 καὶ
272 2607 303 2633 ὲκ
314 2606 367 2633 τῶν
380 2607 408 2633 ἐν
419 2606 488 2642 αὐτῇ
502 2607 609 2641 φύσεων
620 2609 793 2644 ήὺπόστασις
803 2612 850 2638 τοῦ

62 2652 197 2679 Δεσπότου
210 2652 288 2688 ἡμῶν
299 2652 429 2688 Χριστοῦ,
443 2654 511 2680 κατὰ
524 2653 572 2688 μὲν
584 2654 700 2689 Θατέραν
713 2657 751 2691 τῷ
764 2657 851 2692 Ila.sz

63 2698 215 2733 ὸμοούσιος,
243 2699 314 2725 κατὰ
335 2699 364 2725 δὲ
387 2699 506 2734 ϐατέραν
520 2699 558 2734 τῷ
571 2700 653 2727 Δαὸἰδ
666 2702 740 2728 ἐστιν
753 2704 850 2738 ὁμοσύ-

64 2753 139 2776 σιος,
166 2745 226 2776 πῶς
250 2745 388 2772 κωλύσετε
412 2746 485 2780 ἡμᾶς
507 2745 614 2779 λέγειν,
639 2747 789 2781 φάσκοντες
810 2750 849 2776 ὅτι

61 2791 95 2817 τὶ
118 2791 250 2826 ὀμοούσια
262 2812 268 2824 ,
288 2792 338 2818 οὐκ
360 2793 391 2818 ὲκ
413 2792 513 2827 μέρους
530 2792 602 2819 θέλει
615 2791 684 2820 εἶναι
699 2795 849 2829 ὀμοούσια;

63 2837 125 2868 Τοῖς
151 2837 205 2872 γὰρ
236 2837 300 2872 μίαν
324 2837 448 2872 λέγουσιν
474 2839 556 2866 αὑτοῦ
577 2839 626 2875 τὴν
647 2840 744 2875 φύσιν,
767 2842 851 2877 ἤγουν

63 2883 166 2918 οὐσίαν,
179 2883 268 2916 καλῶς
283 2883 315 2910 ἂν
331 2884 460 2919 εἰρήκατε
469 2884 557 2918 τοῦτο,
571 2885 602 2912 ὲκ
617 2886 717 2920 μέρους
725 2887 775 2920 τῆς
785 2889 849 2920 μιᾶς

940 1187 974 1214 Et
985 1186 1063 1214 vobis
1074 1188 1146 1215 recte
1162 1187 1196 1215 de
1214 1188 1265 1216 hoc
1275 1188 1479 1215 sciscitantibus
1492 1189 1697 1224 respondimus,

905 1232 978 1259 Patri
993 1240 1052 1260 esse
1069 1233 1188 1261 essentia
1200 1233 1329 1263 similem.
1349 1233 1444 1260 Davidi
1468 1241 1577 1268 quoque
1600 1241 1698 1261 essen-

906 1278 941 1304 tia
959 1279 1086 1307 similem.
1097 1285 1125 1306 et
1134 1280 1284 1307 secundum
1301 1284 1445 1314 utramque
1459 1288 1569 1307 suarum
1585 1285 1696 1308 natura-

907 1332 968 1350 rum
983 1323 1132 1351 Christum.
1148 1324 1249 1352 Eadem
1266 1325 1445 1352 subsistentia
1460 1325 1549 1352 simile
1569 1333 1624 1352 non
1643 1325 1696 1351 fuit

902 1376 966 1398 ante
996 1379 1106 1398 carnem
1130 1371 1253 1398 Verbum
1280 1371 1366 1403 Patri,
1382 1379 1471 1406 neque
1487 1375 1550 1398 ante
1574 1371 1694 1398 divinam

904 1417 1122 1444 incarnationem
1151 1424 1184 1443 ex
1197 1417 1301 1444 semine
1328 1417 1425 1449 David,
1457 1417 1576 1450 Davidi;
1605 1424 1695 1452 neque

904 1461 987 1497 igitur
1002 1467 1065 1496 post
1081 1467 1204 1489 sanctam
1222 1462 1440 1490 incarnationem
1453 1462 1536 1490 Verbi
1556 1463 1616 1498 ejus
1631 1462 1696 1489 sub-

903 1507 1027 1534 sistentia
1053 1507 1102 1534 Dei
1120 1507 1219 1539 Patris,
1247 1512 1293 1534 aut
1307 1507 1427 1534 hominis
1458 1508 1572 1535 Davidis
1604 1507 1695 1535 subsi—

904 1553 1011 1579 stentite
1024 1552 1121 1579 similis
1133 1557 1207 1580 recte
1220 1553 1337 1580 dicetur.
1353 1553 1501 1581 lnl'cliciter
1513 1562 1578 1589 ergo
1591 1562 1605 1580 a
1617 1554 1696 1581 vobis

866 1584 888 1615 (ἶ
905 1597 1008 1625 dictum
1023 1602 1074 1629 est.
1093 1602 1221 1633 oportere
1236 1603 1265 1625 ut
1280 1599 1403 1626 eamdem
1429 1584 1560 1627 habeant“
1569 1599 1696 1627 essentia:

905 1645 1037 1671 rationein
1059 1649 1086 1671 et
1106 1645 1229 1672 eamdem
1249 1645 1458 1681 intelligentiam
1481 1645 1583 1673 eaedem
1599 1653 1695 1673 essen-

905 1690 941 1718 tia
963 1690 1163 1724 subsistentiae;
1182 1693 1327 1727 oportebat
1348 1693 1422 1720 enim
1446 1701 1494 1720 vos
1518 1694 1611 1721 dicere'
1633 1701 1694 1721 eas-

904 1736 967 1764 dem
976 1737 1095 1764 essentia
1113 1739 1254 1766 essentias.
1272 1738 1319 1766 Sin
1337 1745 1440 1771 autem,
1457 1746 1582 1766 ctunnon
1596 1739 1694 1767 similis

905 1782 941 1808 sit
953 1783 1130 1810 subsistentia
1147 1784 1269 1816 Domini,
1287 1789 1380 1819 utpote
1392 1786 1555 1819 composita,
1573 1785 1693 1820 simplici

905 1827 992 1854 Patris
1008 1829 1203 1860 subsistenlite,
1222 1830 1265 1857 vel
1285 1831 1444 1865 composita:
1468 1839 1502 1858 ex
1518 1831 1694 1859 inferioribus

905 1874 1011 1901 naturis
1043 1875 1156 1903 Davidis
1184 1876 1389 1910 subsistentize,
1430 1877 1585 1904 necessario
1614 1877 1692 1911 sequi

905 1920 1006 1952 dicitis,
1021 1921 1135 1949 alterius
1149 1922 1276 1949 essentia:
1292 1922 1362 1949 hanc
1382 1930 1492 1957 quoque
1511 1930 1581 1954 esse,
1596 1930 1690 1950 secun<

905 1965 970 1993 dum
993 1967 1127 1994 essentias
1152 1967 1392 1994 subsistentiarum
1412 1968 1450 1995 illi
1471 1976 1525 1995 non
1548 1969 1692 1999 similium.

905 2017 935 2039 ut
960 2013 1018 2039 vult
1044 2013 1232 2040 demonstrare
1254 2017 1345 2040 vestra
1369 2013 1527 2043 conclusio:
1545 2013 1627 2048 igitur
1645 2021 1699 2040 ne-

905 2065 982 2085 cesse
997 2059 1061 2091 erit,
1079 2067 1141 2086 cum
1162 2059 1340 2086 subsistentia
1362 2059 1438 2086 Pauli
1456 2059 1528 2086 haud
1545 2059 1641 2087 similis
1659 2060 1693 2088 sit

904 2103 986 2131 Petro
1003 2104 1153 2132 secundum
1171 2105 1355 2133 subsistentia:
1371 2106 1517 2138 rationem,
1533 2110 1558 2132 cl
1582 2106 1694 2134 alterius

904 2151 1029 2178 essentia:
1051 2151 1112 2177 illos
1131 2159 1208 2184 esse;
1225 2150 1325 2178 deinde
1345 2151 1443 2178 iterum
1465 2151 1618 2178 secundum
1633 2160 1693 2186 vos,

904 2202 966 2222 cum
984 2196 1106 2230 ejusdem
1129 2196 1255 2223 essentia:
1280 2196 1343 2227 sint,
1361 2204 1442 2223 unam
1466 2204 1526 2224 csse
1546 2197 1692 2224 amborum

905 2241 1122 2273 subsistentiam,
1138 2245 1166 2268 ct
1187 2241 1260 2268 idem
1278 2248 1338 2268 esse
1359 2249 1502 2276 personam
1520 2242 1603 2272 Petri,
1619 2241 1693 2276 quod

903 2292 946 2315 est
963 2296 1079 2323 persona
1096 2288 1188 2320 Pauli;
1203 2292 1230 2315 et
1247 2295 1303 2314 uno
1317 2287 1400 2314 verbo
1417 2288 1553 2315 universae
1567 2288 1692 2315 humani.

904 2334 977 2364 tatis.
1002 2341 1065 2361 cum
1087 2334 1209 2369 ejusdem
1234 2333 1362 2360 essentite
1386 2334 1422 2361 sit
1445 2333 1582 2365 universa,
1609 2336 1692 2360 unam

903 2387 963 2407 esse
978 2387 1141 2415 personam;
1157 2379 1204 2407 sed
1222 2384 1249 2406 ct
1265 2379 1364 2407 divinae
1385 2384 1498 2412 naturas,
1519 2388 1581 2406 cum
1598 2380 1633 2406 sit
1645 2387 1692 2406 cev

903 2426 965 2453 dem
987 2426 1106 2453 essentia
1130 2430 1223 2453 sancta
1247 2426 1335 2458 Trias,
1360 2434 1440 2452 unam
1465 2434 1525 2453 esse
1547 2433 1691 2460 personam

902 2480 957 2500 non
972 2477 1028 2500 tres
1042 2472 1189 2499 dicendurm
1203 2481 1208 2500 :
1222 2480 1338 2507 quorum
1352 2472 1561 2503 absurditalcm,
1576 2480 1630 2499 non
1643 2479 1692 2499 nos

904 2523 1020 2550 tantum,
1037 2518 1083 2545 sed
1096 2522 1124 2545 et
1138 2517 1253 2552 lapides,
1270 2521 1300 2544 ut
1314 2517 1351 2544 ita
1367 2516 1467 2549 dicam,
1482 2517 1692 2544 conclamabunt

902 2564 981 2601 vobis
993 2564 1203 2599 exprobrantes.

941 2610 1019 2644 Quod
1036 2615 1126 2637 autem
1144 2618 1177 2637 ex
1195 2609 1239 2637 his
1254 2608 1354 2644 quibus
1374 2612 1481 2636 constat
1505 2609 1613 2636 naturis
1629 2608 1692 2636 sub-

902 2657 1026 2686 sistentia
1053 2656 1161 2684 Domini
1187 2656 1272 2683 nostri
1299 2656 1363 2683 .lc5u
1388 2655 1512 2687 Christi,
1540 2656 1692 2683 secundum

902 2709 990 2732 utram
1015 2703 1086 2731 Patri
1112 2703 1230 2730 essentia
1253 2703 1360 2734 similis,
1381 2707 1409 2730 et
1426 2703 1577 2730 secundum
1602 2707 1691 2730 utram

901 2749 997 2778 Davidi
1021 2750 1140 2778 essentia
1162 2749 1261 2777 similis
1285 2749 1331 2781 sit,
1354 2749 1492 2784 quomodo
1508 2749 1692 2784 prohibebitis

901 2804 952 2824 nos
976 2796 1087 2824 dicere?
1113 2795 1280 2830 Objieicntes
1311 2795 1406 2822 eadem
1435 2795 1555 2823 essentia
1579 2803 1634 2825 non
1657 2803 1692 2822 ex

901 2847 979 2879 parte
993 2843 1082 2871 solere
1097 2850 1158 2870 esse
1170 2841 1264 2870 eadem
1275 2842 1406 2869 essentia.
1419 2842 1505 2870 Nobis
1517 2842 1590 2869 enim
1609 2850 1690 2869 unam

901 2897 961 2918 esse
985 2889 1058 2917 illius
1078 2893 1202 2917 naturam
1219 2888 1245 2915 id
1267 2891 1308 2917 est
1324 2888 1490 2924 essentiam,
1516 2888 1688 2923 dicentibus,
