1968 3094
249 137 317 169 1543

867 131 1022 162 LEONTII
1044 131 1245 162 BYZAN'HNI

1816 127 1878 161 15ίὶ

250 202 336 229 etum,
352 200 381 224 et
394 195 544 223 oriundum
555 203 569 223 e
581 194 663 222 nobis
675 193 815 221 hominem
826 191 944 219 similem
957 190 1033 218 nobis

1090 191 1166 223 στοῦ,
1182 191 1211 217 ὲν
1239 191 1307 226 αὐτῇ
1337 190 1350 216 ὅ
1378 198 1408 216 τε
1431 189 1497 221 Θεὸς
1519 188 1606 223 Λόγος
1636 187 1749 222 τέλειος,
1763 188 1836 216 καὶὸ
1851 189 1880 221 ἐξ

245 242 399 278 perfectum
422 241 576 269 secundum
610 244 735 267 naturam
762 237 892 273 agnosci,
926 236 1034 263 duabus

247 289 322 316 illius
342 287 546 315 exsistentibns
559 282 946 318 essentiis.ldeoeomparatio
963 282 1036 308 illius

247 333 435 360 subsistentiae
454 341 517 360 cum
534 331 644 359 Davidis
656 329 845 361 subsistentia,
864 336 920 355 non
934 336 1034 356 secun-

247 378 311 415 dum
332 379 551 407 subsistentiam.
565 377 613 404 sed
631 376 783 404 secundum
796 375 945 402 essentiam
958 374 1033 401 illam

245 424 383 451 diversam
398 425 521 451 ostendit
537 428 565 451 et
579 422 709 455 similem,
726 427 808 457 prout
834 421 863 447 iit
876 428 938 448 cum
956 420 1038 446 alter-

247 475 310 497 utra
325 471 442 497 duarum
455 458 633 502 naturarhm;
660 468 750 503 quoad
773 473 865 494 autem
885 466 1039 493 subsisten-

247 517 443 548 tiaeratiouem,
461 516 574 544 evidens
587 515 709 542 estillam
725 521 834 548 semper
847 518 875 540 et
898 511 1036 539 communi

247 571 386 590 consensu
403 563 477 589 Patri
492 567 520 589 et
535 561 632 589 Davidi
649 561 813 588 dissimilem
829 558 1038 593 comparatione

246 608 447 640 demonstrari;
463 612 492 634 nt
511 614 607 633 omnes
621 614 653 634 ex
675 606 806 633 omnibus
831 604 920 632 ciuilis
947 603 1038 630 subsi-

247 654 346 681 stentia
361 655 389 680 in
402 661 452 680 sua
481 653 586 680 unitate
606 652 763 686 distinguit.
786 650 890 678 Christi
910 657 976 684 ergo
989 657 1038 675 na-

247 702 373 725 turarum
389 698 578 729 subsistentia.
592 697 669 724 illum
685 696 806 724 essentia
828 696 991 723 dissimilem
1010 694 1038 720 in

247 749 374 779 parte,et
387 744 509 771 essentia
524 744 643 771 similem
662 743 738 770 hisce
753 742 878 769 osmndit
900 749 977 773 esse;
997 740 1039 767 di-

247 797 355 817 versam
370 795 460 817 autem
475 790 662 817 subsistentire
677 789 750 816 circa
766 793 852 815 totum
872 788 932 823 ejus
952 788 1038 814 ratio-

247 844 310 864 nem
324 836 454 863 omnibus
468 836 581 876 entibus
593 839 715 870 praestat.
730 834 831 861 Eadem
844 833 918 860 enim
937 837 964 859 et
983 840 1035 859 una

1084 237 1164 272 ἡμῶν
1197 236 1259 263 καθ’
1290 237 1363 272 ἡμᾶς
1390 235 1536 270 ἄνθρωπος
1569 235 1671 266 τέλειος
1699 234 1771 260 κατὰ
1799 233 1878 268 φύσιν

1086 284 1261 319 γινώσκεται,
1275 283 1322 310 δύο
1342 281 1397 309 τῶν
1409 282 1510 308 οὐσιῶν
1527 281 1612 316 αὐτῆς
1627 281 1725 307 οὖσῶν.
1746 281 1792 307 Διὸ
1818 281 1880 315 σιεγ-

1086 338 1177 364 κρισις
1193 328 1296 363 ταύτης
1312 328 1379 363 πρὶς
1399 328 1447 363 τὴν
1466 327 1618 353 ὑπόστασιν
1638 326 1721 352 Δαϐὶδ
1738 326 1882 364 γινομένη⁹

1086 375 1117 402 οὺ
1136 375 1194 402 καθ’
1205 374 1365 404 ὑπόστασιν,
1381 373 1449 400 ἀλλὰ
1463 373 1524 400 κατ’
1545 373 1640 398 οὐσίαν
1655 372 1754 408 ἑτέραν
1768 380 1798 398 τε
1827 371 1880 398 δεί-

1091 429 1187 448 κνυσιν
1202 420 1286 455 αὐτὴν
1302 420 1347 446 καὶ
1362 419 1468 454 ὁμοίαν,
1496 417 1567 445 κσῖτὰ
1583 418 1705 453 θατέῃων
1730 417 1784 444 τῶν
1798 417 1882 453 αὐτῆς

1087 466 1206 502 φύσεων.
1222 466 1300 493 Κατὰ
1315 466 1342 491 δὲ
1370 466 1415 492 τὴν
1429 465 1478 499 τῆς
1493 465 1670 495 ὑποστάσεως
1685 464 1775 498 λόγον,
1802 464 1882 499 δῆλον

1087 513 1125 544 ὡς
1148 512 1193 538 καὶ
1209 512 1277 546 πρὸς
1304 511 1348 538 τὸν
1367 511 1479 546 Πατέρα
1501 511 1548 537 καὶ
1581 510 1649 546 πρὸς
1671 510 1717 536 τὸν
1735 510 1818 536 Δα6³ιδ
1839 510 1882 536 ἀεὶ

1087 558 1308 593 ὼμολογημένως
1319 557 1448 592 διάφορον
1459 557 1542 584 οὖσαν
1557 556 1643 591 αὐτὴν
1658 556 1851 583 ἀποδείκνυσιν
1865 556 1881 591 ἡ

1090 603 1246 638 σύγκρισις·
1264 603 1359 637 ὥσπερ
1373 602 1422 628 καὶ
1430 602 1537 632 πάντας
1555 603 1586 627 ὲκ
1602 601 1712 628 πάντων
1724 601 1800 627 πᾶσα
1818 601 1882 627 ὑπό-

1090 658 1183 680 στασις
1198 651 1226 675 ἐν
1239 650 1271 684 τῇ
1287 649 1380 684 μονάδι
1403 647 1505 682 ἑαυτῆς
1519 648 1664 683 διακρίνει.
1682 647 1742 674 Τῶν
1757 645 1803 674 οὖν
1818 647 1882 682 Χρι-

1090 694 1153 721 στοῦ
1168 693 1277 729 φύσεων
1289 694 1305 728 ἡ
1317 693 1479 726 ὑπόστασις,
1496 694 1543 719 καὶ
1556 692 1733 728 ἀνομοούσιον
1742 692 1822 718 αὑτὸν
1833 692 1882 718 ἀνὰ

1091 741 1182 776 μέρος,
1201 740 1248 767 καὶ
1263 739 1407 774 ὁμοούσιον
1434 739 1502 774 πρὸς
1523 739 1587 771 τοὺς
1609 738 1731 765 τοιούσδε
1748 736 1819 765 εἶναι
1833 739 1882 764 ξεί-

1089 795 1202 813 κνυσιντ
1232 785 1463 821 ὲτεροῦπόστατον
1480 785 1508 812 δὲ
1529 785 1580 812 ἀνὰ
1590 785 1636 811 τὶν
1664 785 1723 811 ὅλον
1738 784 1821 811 αὐτοῦ
1837 785 1883 810 ἕνα

1089 833 1168 867 λόγον
1176 833 1242 859 πᾶσι
1255 834 1311 864 τοῖς
1321 830 1382 859 οὖσι
1392 832 1553 868 παρίστησι.
1566 832 1602 858 Τὸ
1613 831 1668 866 γὰρ
1679 831 1747 857 αὐτὸ
1758 831 1787 857 ἓν
1800 831 1883 865 πρόσ-

246 883 308 917 ejus
331 890 450 917 persona
474 882 652 912 subsistens.
684 880 900 908 subsistentibus
926 879 1033 905 duabus

1085 887 1157 905 ωπον
1178 878 1260 906 αὐτοῦ
1274 878 1458 905 ἐνυπόστατον
1471 898 1477 910 ,
1505 879 1533 904 ἐν
1550 877 1714 908 ὑποστάτοις
1731 877 1778 903 δύο
1799 885 1884 911 προσι-

247 928 374 963 persouis
387 928 504 954 similem
515 927 636 954 essentia
648 926 799 954 secundum
819 925 982 952 alterutram
994 931 1036 950 ra-

247 973 363 1004 tionem,
387 977 416 1000 et
443 974 565 1000 essentia
585 972 748 999 dissimilem
774 971 850 998 illum
885 970 1035 1004 praedicare

247 1023 348 1053 potest.
373 1018 567 1045 Subsistentia:
596 1017 680 1048 enim,
698 1024 752 1043 non
773 1021 814 1043 est
841 1015 1034 1046 subsistentia,

247 1064 295 1091 sed
309 1068 338 1090 ut
352 1064 508 1091 cssentialis
521 1063 625 1090 dicitur
639 1070 699 1090 esse
711 1062 813 1097 quibus
826 1061 945 1088 essentia
961 1061 1036 1088 simi-

246 1110 281 1137 lis
303 1113 350 1136 aut
367 1109 518 1141 absimilis;
540 1116 630 1143 neque
643 1109 679 1134 ita
696 1108 776 1134 nobis
788 1115 822 1134 ne
842 1107 910 1134 duas
923 1111 1035 1133 naturas

247 1155 437 1186 ostendamus,
464 1155 556 1181 unitas
583 1153 771 1181 subsistentia)
792 1152 925 1187 impedit;
945 1159 1035 1186 neque

248 1208 282 1228 ne
300 1207 382 1228 unam
395 1200 602 1227 subsistentiam
617 1199 752 1230 dicamus.
767 1198 859 1226 duitas
873 1198 1034 1226 natura‘rum

247 1246 356 1278 obstat;
373 1254 464 1280 neque
479 1246 665 1273 insubsistens
679 1245 832 1277 invenitur,
845 1244 919 1280 quod
936 1245 962 1271 in
981 1253 1034 1272 una

247 1289 425 1317 subsistentia
443 1289 486 1316 his
509 1289 556 1324 qui
577 1289 612 1316 ab
628 1289 676 1316 illo
690 1288 875 1315 diﬂeruntest
891 1289 919 1315 in
941 1296 1036 1315 essen-

248 1336 285 1362 tia
311 1335 411 1368 simile,
442 1335 490 1362 sed
506 1343 561 1362 non
589 1334 746 1362 necessario
767 1333 917 1367 dupliciter
945 1333 1035 1361 subsi-

243 1389 332 1413 stens.
345 1383 380 1410 ob
394 1383 606 1410 similitudinem
622 1381 730 1408 duobus
746 1381 773 1407 in
791 1381 921 1413 essentia,
935 1381 958 1408 si
979 1389 1034 1408 non

247 1430 405 1464 singulatim
423 1430 542 1457 essentia
569 1429 659 1456 simile
681 1433 738 1460 est,
763 1428 818 1454 imo
837 1428 957 1454 essentia
980 1427 1036 1455 dis-

247 1475 335 1502 simile
359 1479 401 1502 est
430 1475 512 1502 unius
532 1479 639 1502 natura:
656 1478 771 1506 tantum,
785 1477 833 1500 aut
854 1481 915 1500 cum
941 1474 1034 1508 plures

247 1525 352 1547 natura:
369 1521 424 1548 sint
443 1521 470 1548 in
495 1529 622 1556 persona,
654 1520 801 1555 aequalium
827 1528 942 1548 numero
969 1521 1035 1549 sub-

247 1565 439 1593 sistentiarum
461 1574 530 1601 opus
547 1570 598 1593 est.

576 1622 652 1651 CAP.
666 1624 710 1651 Vl.

289 1669 427 1704 Rogamus
461 1669 578 1701 iterum,
603 1669 754 1705 dijudicate
785 1670 859 1706 quod
895 1671 1034 1705 diximus;

246 1715 330 1742 dicite
355 1714 421 1749 quid
448 1715 630 1751 significatum
658 1716 693 1743 sit
718 1725 733 1744 a
754 1717 832 1745 vobis
866 1725 915 1752 per
939 1726 1036 1753 quam-

246 1763 300 1795 que
333 1764 461 1788 naturam
494 1761 570 1789 illius
609 1770 692 1797 quem
735 1763 842 1791 voratis
885 1763 971 1791 Deum
1009 1769 1038 1791 et

246 1806 402 1834 hominem:
419 1807 560 1835 hominem
586 1815 646 1835 esse
669 1812 697 1835 et
721 1809 807 1836 Deum
822 1809 954 1842 Verbum,
987 1814 1035 1837 aut

246 1853 274 1880 in
299 1860 399 1888 genere
429 1853 588 1886 hominem;
612 1859 736 1882 sanctam
760 1855 907 1888 Triadem,
932 1860 979 1883 ant
1005 1857 1033 1883 in

245 1906 348 1933 genere
374 1898 530 1932 hominem;
560 1900 645 1927 Deum
671 1900 808 1932 Verbum,
839 1905 886 1928 aut
912 1901 1033 1936 aliquem

247 1944 398 1977 hominem,
417 1950 539 1972 sanctam
560 1946 710 1978 Triadi-m;
729 1947 776 1974 sed
789 1947 854 1981 quia
882 1955 937 1974 non
951 1948 1034 1975 vultis

246 1989 374 2016 Triadem
396 1990 552 2025 significare
577 1999 626 2025 per
660 1991 811 2023 hominem,
838 1999 928 2026 neque
958 1997 1034 2019 certe

245 2042 295 2069 per
308 2035 502 2069 particularem
523 2037 644 2071 aliquem
657 2037 797 2064 hominem
823 2042 918 2072 aperte
941 2037 1034 2065 decla-

245 2081 328 2108 rastis
344 2080 465 2108 dicendo
481 2090 567 2109 unum
584 2090 599 2109 e
621 2089 715 2110 sancta
742 2083 842 2110 Triade
869 2083 1031 2111 cruciﬁxum

243 2131 271 2153 et
286 2134 408 2162 passum,
421 2133 548 2163 superest
564 2129 647 2163 igitur
657 2134 686 2156 ut
702 2129 802 2157 dicatis
816 2138 851 2157 an
866 2130 951 2158 Deum
963 2131 1032 2158 Ver-

244 2171 321 2203 bum,
337 2175 427 2199 ntrum
443 2172 583 2200 hominem
602 2173 628 2200 in
641 2181 742 2208 genere
763 2179 916 2209 sumptum,
936 2179 1030 2203 utrum

1087 924 1171 956 ὡποις
1189 924 1331 960 ὀμοούσιον
1348 925 1417 950 κατὰ
1427 923 1541 959 Θάτερον
1557 923 1646 957 λόγον,
1657 924 1702 950 καὶ
1716 923 1884 958 ὲτεροούσιον

1087 972 1167 998 αὑτὶν
1184 970 1368 1005 ἀπαγγέλλειν
1395 970 1522 997 δύναται’
1549 971 1565 1006 ἡ
1582 970 1732 1000 ὑπόστασις
1749 971 1818 1004 γὰρ,
1835 969 1883 1003 οὐχ

1086 1017 1124 1047 ὡς
1141 1017 1301 1049 ὑπόστασις,
1319 1016 1376 1043 ἀλλ’
1399 1017 1437 1047 ὡς
1455 1016 1575 1047 ἑνοὺσιος
1588 1016 1696 1050 λέγεται
1713 1013 1754 1046 oi;
1773 1015 1883 1048 λέγεται

1087 1063 1229 1097 oliuo-33:0;
1244 1063 1452 1099 ἧὲτεροούσιος.
1471 1062 1526 1089 Καὶ
1541 1061 1626 1093 οὕτως
1641 1061 1717 1088 οὐδὲν
1732 1061 1800 1096 ἡμῖν
1815 1061 1883 1096 πρός

1087 1118 1114 1135 τε
1141 1109 1171 1135 τὸ
1185 1110 1233 1141 τὰς
1255 1109 1301 1136 δύο
1324 1109 1420 1144 φύσεις
1442 1108 1575 1135 δεικνύειν
1607 1108 1637 1134 τὸ
1672 1108 1818 1142 μοναδικδν
1836 1109 1881 1142 τῆς

1087 1155 1261 1185 ὑποστάσεως
1277 1154 1461 1190 παρεμποδὼν
1475 1154 1596 1188 γέγονεν·
1612 1154 1670 1180 οὐδὲ
1683 1154 1752 1188 πρὸς
1775 1154 1805 1180 τδ
1821 1153 1883 1188 μίχν

1087 1199 1176 1233 λέγειν
1186 1200 1234 1236 τήν
1241 1200 1399 1232 ὑπόστασιν,
1408 1200 1437 1226 τὸ
1447 1199 1571 1226 δυαδικδν
1580 1199 1634 1225 τῶν
1643 1199 1752 1233 φύσεων
1761 1199 1879 1234 ὀχληρὸν

1087 1245 1255 1282 καθέστηκεν
1270 1254 1277 1261 ο
1307 1246 1367 1272 οὑδὲ
1395 1245 1580 1272 ἀνυπόστατόν
1595 1253 1621 1271 τι
1647 1244 1713 1279 ἔχει,
1739 1245 1770 1270 τι
1789 1246 1818 1270 ὲν
1835 1244 1882 1279 μιᾷ

1087 1292 1235 1319 ὑποστάσει
1261 1292 1343 1319 αὑτοῦ
1365 1291 1505 1327 διαφόροις
1527 1291 1683 1326 ὁμοούσιον·
1710 1290 1768 1317 ἀλλ’
1785 1291 1837 1317 οὐκ
1855 1289 1882 1322 ἐξ

1087 1339 1210 1373 ἀνάγκης
1234 1338 1443 1370 δισυπόστατον,
1467 1338 1509 1364 διὰ
1531 1337 1562 1364 τὸ
1581 1337 1628 1364 δύο
1649 1337 1718 1363 τισὶν
1736 1337 1882 1372 ὁμοούσιον

1087 1384 1164 1416 εἶναι,
1192 1384 1270 1421 εἴπερ
1298 1386 1335 1420 μὴ
1359 1385 1418 1411 καθ’
1444 1385 1557 1411 ἕκαστον
1583 1384 1736 1419 ὁμοούσιον,
1767 1385 1815 1410 καὶ
1844 1384 1881 1410 ἔτι

1088 1430 1188 1465 μᾶλλον
1202 1429 1368 1464 ἑτεροούσιον
1385 1430 1449 1464 μιᾶς
1466 1429 1572 1463 φύσεως
1590 1429 1683 1464 μόνης,
1711 1428 1728 1464 ἡ
1751 1438 1772 1455 π
1788 1429 1882 1455 ειόνων

1087 1475 1193 1509 φύσεων
1206 1475 1293 1501 οὐσῶν
1308 1475 1346 1511 τῷ
1363 1475 1512 1510 προσώπῳ,
1530 1475 1682 1511 ἰσαρίθμων
1702 1474 1880 1502 ὑποστάσεων

1086 1521 1164 1556 χρεία
1181 1521 1265 1549 ἐστίν.

1389 1622 1515 1649 ΚΕΦΑΛ.
1537 1623 1583 1656 ς’.

1129 1669 1292 1704 Ἐρωτῶμεν
1308 1667 1399 1699 πάλιν,
1413 1668 1572 1704 διακρίνατε
1583 1668 1614 1695 τὸ
1631 1668 1777 1704 λεγόμενον
1793 1670 1859 1704 ἡμῖν
1872 1677 1878 1682 '

1086 1715 1181 1741 εἴπατε
1199 1715 1224 1741 τί
1246 1715 1276 1741 τὸ
1306 1715 1508 1750 σημαινόμενον
1535 1715 1580 1749 ὑφ’
1612 1715 1688 1750 ὑμῶν
1707 1715 1739 1742 δι’
1763 1716 1883 1751 ἑκάστης

1087 1761 1194 1796 φύσεως
1203 1761 1251 1789 τοῦ
1265 1761 1330 1798 παρ’
1346 1762 1424 1797 ὑμῶν
1445 1761 1591 1796 λεγνμὲνιου
1607 1762 1674 1788 Θεοῦ
1702 1762 1750 1789 καὶ
1772 1762 1881 1797 ἀνορὼ-

1087 1815 1154 1834 που·
1171 1808 1377 1844 ὃτιᾶνθρωπος,
1410 1809 1458 1835 καὶ
1471 1808 1536 1840 Θεὸς
1565 1808 1695 1844 Λόγος,ἢ
1720 1809 1734 1835 ὁ
1763 1809 1882 1835 καθόλου

1085 1854 1227 1889 ἄνθρωπος
1246 1857 1291 1880 καὶ
1305 1855 1321 1889 ἡ
1341 1854 1406 1889 ἁγία
1420 1854 1515 1889 Τριὰς,
1535 1854 1552 1889 ἢ
1569 1856 1584 1881 ὁ
1597 1854 1711 1881 καθόλου
1722 1854 1881 1890 ἄνθρωπος,

1085 1901 1133 1927 καὶ
1160 1901 1174 1927 ὀ
1195 1901 1261 1932 Θεὸς
1286 1901 1383 1935 Λόγος.
1410 1901 1426 1936 ἢ
1453 1902 1518 1932 ὅτις
1539 1901 1695 1936 ἄνθρωπος,
1712 1902 1759 1927 καὶ
1776 1903 1792 1936 ἡ
1811 1902 1878 1935 ἁγία

1085 1947 1180 1982 Τριάς.
1201 1947 1270 1974 Ἀλλ’
1282 1948 1323 1974 ὃτι
1335 1948 1439 1983 Τριάδα
1456 1949 1494 1983 μὴ
1519 1947 1650 1983 βούλεσθε
1666 1948 1815 1983 σημαίνειν
1830 1957 1880 1983 με·

1084 1990 1118 2017 τὰ
1132 1989 1178 2017 τοῦ
1190 1991 1304 2018 καθόλου
1319 1991 1466 2027 λεγομένου
1480 1991 1638 2028 ἀνθρώπου,
1657 1992 1720 2019 οὔτε
1733 1993 1789 2028 μὴν
1808 1995 1878 2028 μετὰ

1083 2036 1131 2063 τοῦ
1150 2037 1233 2064 ίδικοῦ
1248 2046 1330 2070 τινος¹
1353 2038 1479 2074 πρόδηλοι
1499 2039 1699 2074 καθεστήκατε,
1715 2040 1749 2066 ἐκ
1763 2039 1814 2066 τοῦ
1829 2040 1876 2066 ἕνα

1083 2083 1174 2117 λέγειν
1190 2084 1239 2119 τῆς
1254 2084 1334 2118 ἁγίας
1350 2085 1466 2119 Τριάδος
1479 2085 1525 2111 τὸν
1544 2086 1736 2122 σταυρωθέντα
1758 2087 1809 2113 καὶ
1826 2095 1878 2112 τις·

1083 2127 1175 2156 θόντα.
1205 2129 1392 2157 Λείπεταιοῦν
1414 2130 1502 2164 λέγειν
1520 2131 1592 2166 ὑμᾶς
1609 2131 1654 2157 τὸν
1684 2130 1752 2157 Θεὸν
1778 2132 1877 2166 Λόγον,

1084 2172 1131 2199 καὶ
1150 2172 1165 2208 ἢ
1189 2173 1234 2199 τὸν
1255 2174 1369 2201 καθόλου
1400 2175 1546 2210 λεγόμενον
1569 2176 1723 2211 ἄνθρωπον,
1750 2177 1766 2212 ἢ
1794 2178 1878 2204 [εικόν

244 2218 438 2253 particularcm
456 2219 576 2253 aliquem
591 2219 732 2246 hominem
759 2221 851 2248 velitis
877 2221 1033 2256 signiﬁcare

1085 2227 1142 2245 τινα
1163 2219 1306 2254 ἄνθρωπον
1320 2220 1422 2254 λέγοι-ιε
1446 2221 1589 2257 σημαίνειν
1612 2222 1655 2249 διὰ
1668 2223 1718 2256 τῆς
1737 2224 1805 2257 μιᾶς
1824 2223 1877 2258 φύ-

244 2272 293 2299 per
303 2272 384 2292 unam
400 2269 527 2292 naturam
544 2270 638 2292 etnon
659 2274 769 2293 omnem
800 2267 952 2295 hominem.
986 2268 1032 2295 Di-

242 2309 297 2336 cite
320 2309 405 2344 igitur
431 2309 461 2336 in
484 2316 539 2344 quo
564 2309 674 2337 diil‘erat
694 2311 871 2346 particularis
899 2312 982 2340 homo
996 2313 1030 2340 ab

242 2354 317 2381 omni
337 2355 467 2381 homine?
487 2355 527 2382 An
544 2355 700 2388 evidenter,
727 2356 754 2384 in
778 2357 836 2384 sola
850 2357 1030 2386 subsistentia

241 2404 270 2428 et
287 2401 424 2435 persona?
437 2399 582 2434 Quomodo
597 2409 662 2437 ergo
676 2409 731 2429 non
760 2401 829 2429 duas
847 2401 941 2430 dicitis
969 2411 1032 2438 per-

241 2454 324 2474 sonas
340 2450 367 2474 (ιι
389 2447 592 2477 subsistentias.
619 2455 682 2474 cum
700 2448 770 2475 duas
795 2452 910 2476 naturas
937 2449 1031 2478 dicitis

240 2491 413 2528 designando
442 2493 527 2520 Deum
541 2493 661 2521 Verbum
677 2501 762 2521 unum
792 2495 913 2530 aliquem
938 2496 1030 2523 homi-

241 2537 324 2565 nem?
340 2537 387 2564 Sin
403 2543 495 2565 autem
514 2538 540 2565 in
549 2546 650 2573 genere
665 2539 805 2567 hominem
821 2541 907 2569 vultis
925 2541 1028 2575 dicere,

239 2588 289 2611 aut
302 2584 468 2619 cogitatione
488 2584 589 2619 ﬁngitis
613 2585 703 2618 illum,
733 2594 816 2621 quem
843 2588 950 2615 ratione
967 2596 1029 2623 spo-

239 2629 330 2657 liastis
345 2631 464 2657 essentia
477 2631 504 2657 in
526 2631 644 2666 singulis
657 2636 778 2667 sumpta.
791 2637 820 2660 et
833 2633 1029 2668 imaginatione

238 2674 363 2702 statuitis
380 2674 468 2706 illum,
485 2682 547 2702 cum
558 2675 651 2703 dicitis
667 2677 727 2704 sine
742 2677 865 2713 subjecta
881 2677 922 2704 illi
933 2686 1030 2706 essen-

238 2721 277 2748 tia
290 2721 429 2747 hominem
452 2720 554 2748 factum
577 2729 639 2749 esse
661 2722 764 2750 Deum:
791 2727 840 2750 aut
859 2724 967 2760 singula
982 2724 1029 2752 illa

237 2766 331 2792 omnia
347 2766 509 2801 partieulari
526 2766 554 2794 ἧι
573 2768 736 2795 exsistentia
748 2769 890 2804 colligitis,
907 2777 970 2798 cum
997 2770 1025 2798 in

238 2810 370 2839 omnibus
380 2811 554 2840 incarnatum
582 2821 645 2842 esse
663 2813 770 2842 docetis
791 2823 876 2843 unum
892 2825 907 2844 e
933 2819 1027 2844 saneta

237 2855 347 2883 Triade'.
364 2857 476 2893 Verum,
487 2859 510 2886 si
530 2860 619 2895 prius,
637 2861 777 2895 quomodo
792 2870 846 2890 non
861 2871 935 2890 mera
960 2863 1026 2891 ima-

1086 2267 1226 2297 σεως,¹καὶ
1237 2266 1268 2292 οὐ
1283 2266 1372 2293 πάντα
1390 2267 1544 2302 ἄνθρωπον.
1560 2268 1662 2294 Εἴπατε
1676 2266 1734 2299 οὖν,
1751 2269 1807 2296 τίνι
1818 2269 1876 2296 δια-

1082 2310 1159 2345 φέρει
1183 2311 1266 2342 ίδικὺς
1287 2311 1429 2346 ἅνθρωπος
1454 2313 1501 2340 τοῦ
1520 2314 1620 2346 παντὸς
1647 2314 1812 2349 ἀνθρώπου;
1843 2317 1877 2342 Ἣ

1081 2356 1229 2392 πρόδηλον,
1252 2358 1292 2384 ὅτι
1309 2362 1376 2395 μόνῃ
1394 2361 1426 2394 τῇ
1443 2360 1590 2388 ὑποστάσει
1601 2361 1700 2396 καὶτῷ
1715 2362 1875 2397 προσιῦπῳς

1083 2401 1143 2432 Πῶς
1157 2402 1244 2429 οὖνού
1269 2403 1316 2430 δύο
1337 2404 1405 2437 φατὶ
1430 2405 1565 2440 πρόσωπα
1580 2406 1628 2433 καὶ
1637 2407 1814 2439 ὑποστάσεις.
1828 2408 1879 2435 δύο

1081 2447 1177 2480 φύσεις
1190 2448 1312 2482 λέγοντες
1326 2450 1371 2476 Eni.
1383 2452 1506 2486 σημασίᾳ
1518 2451 1565 2478 τοῦ
1579 2452 1646 2479 Θεοῦ
1660 2453 1746 2485 Λόγου
1761 2455 1822 2484 ἑνός
1833 2463 1878 2480 =1-

1081 2501 1125 2524 νος
1140 2493 1303 2528 ἁνθρώπου;
1319 2495 1385 2522 Είδὲ
1401 2496 1444 2521 τὸν
1457 2497 1574 2523 καθόλου
1591 2497 1735 2533 ἄνθρωπον
1751 2499 1877 2526 ἐθέλοιτε

1080 2538 1178 2573 λέγειν,
1197 2539 1221 2575 ἢ⁴
1237 2539 1327 2574 ἐννοίᾳ
1345 2540 1498 2576 λαμὸάνεςε
1523 2544 1618 2569 τοῦτον
1635 2543 1673 2578 τῷ
1690 2543 1762 2579 λόγῳ
1791 2544 1878 2571 αὑτὸν

1079 2584 1303 2620 ἀποματτόμενοι
1328 2586 1378 2621 τῆς
1402 2587 1498 2617 οὐσίας
1517 2588 1550 2614 ὲκ
1563 2587 1618 2615 τῶν
1641 2588 1810 2620 καθέκαστα,
1828 2590 1877 2616 καὶ

1079 2631 1171 2665 νοήσει
1188 2632 1348 2668 κατέχοντες
1365 2633 1458 2665 αὑτὸν,
1469 2634 1534 2660 ἄνευ
1558 2634 1607 2669 τῆς
1622 2634 1810 2670 ὑποκειμένης
1828 2637 1877 2662 οὒ-

1080 2677 1140 2708 σίας
1162 2677 1250 2714 τούτῳ
1277 2679 1402 2712 λέγοντες
1424 2680 1666 2716 ἑνηνθρωπηκέναι
1693 2681 1740 2707 τὸν
1759 2680 1876 2716 Θεόν”ῆ

1079 2723 1148 2749 αἱτὰ
1162 2723 1252 2750 πάντα
1265 2725 1301 2752 τὰ
1309 2725 1468 2752 καθέκαστα
1487 2726 1605 2761 ὑπάρξει
1625 2726 1679 2762 ἰδίᾳ
1694 2728 1874 2760 συνάγοντες.

1079 2768 1159 2796 ὁπότε
1178 2770 1244 2797 αὐτὸ
1260 2772 1328 2798 πᾶσι
1353 2772 1543 2809 σεσαρκῶσθαι
1557 2772 1738 2807 ὃογματίζετε
1765 2773 1810 2800 τὸν
1827 2773 1875 2800 Eu

1078 2815 1126 2850 τῆς
1144 2815 1270 2851 Τριάδος.
1288 2817 1358 2844 Ἀλλ’
1377 2819 1402 2844 ει
1419 2818 1468 2853 μὲν
1483 2813 1529 2847 τδέ
1542 2819 1662 2854 πρῶτον,
1680 2818 1739 2850 mi);
1759 2819 1791 2846 οὺ
1809 2819 1874 2854 ψιλῇ

1078 2863 1111 2898 τῇ
1134 2862 1233 2899 ἐννοίᾳ,
1252 2864 1298 2891 καὶ
1323 2864 1372 2899 οὐχ
1394 2864 1509 2900 ὑπάρξει
1525 2864 1660 2898 οὺσιὼδει,
1680 2865 1777 2900 λέγετε
1793 2873 1873 2903 γιγι-
