1968 3094
265 115 331 149 155!

897 119 1052 150 LEONTII
1074 119 1259 151 BYZANTIN
1264 121 1276 150 Ι

1852 116 1897 152 552

264 174 461 202 determinatio
481 178 508 202 et
532 176 673 211 separatio
691 176 764 204 alius
783 176 905 211 cujusvis
928 177 962 204 ab
985 177 1040 204 alio

1110 186 1140 204 τε
1160 178 1242 212 ὅμοια
1250 177 1356 212 τύχοιεν
1369 178 1432 204 ὅντα
1443 178 1492 213 τὴν
1507 178 1599 212 φύσιν,
1615 179 1665 206 κᾶν
1679 187 1708 204 τε
1727 177 1847 212 ἀνόμοια
1859 179 1897 212 εἰη

259 222 312 249 etsi
321 219 423 248 similia
438 221 579 258 conlingat
593 223 656 250 talia
666 230 738 256 esse,
748 223 900 251 secundum
912 229 1051 257 naturam,

258 273 287 296 et
298 268 435 296 absimilia
444 269 500 296 sint
512 277 573 304 qua:
587 269 722 297 diﬁerunt
733 270 840 298 naturis
851 271 925 298 aliud
937 271 972 298 ab
987 271 1052 303 alio.

259 321 315 341 non
332 313 440 341 ratione
466 315 578 342 omnino
590 337 596 348 ,
624 315 671 342 sed
687 315 745 350 ipsa
761 316 933 343 exsistentia.
953 316 1052 344 Subsi-

260 360 377 388 stentias
390 361 464 388 enim
481 366 604 389 servatas
619 361 771 389 secundum
787 362 862 396 quod
875 362 1052 398 distinguitu—

261 411 317 439 tur,
331 407 358 434 in
378 415 412 435 eo
427 408 553 435 unilicari
570 408 744 442 impossibile
759 412 811 435 est.
822 408 848 436 Si
863 409 946 444 igitur
961 409 1051 436 subsi-

260 454 359 481 stentia
383 455 419 480 sit
443 453 620 488 partieularis
642 453 759 486 homini,
782 455 923 489 quomodo
950 455 978 482 in
996 455 1052 483 Deo

259 501 353 528 Verbo
377 508 428 535 per
453 501 585 527 unionem
610 500 692 527 homo
710 505 762 533 est,
788 501 811 528 si
838 501 928 536 reipsa
951 501 1052 529 habeat

259 547 332 581 quod
346 551 456 581 separet
468 547 543 574 hunc
555 547 590 574 ab
602 546 671 574 illo?
692 547 764 574 sicut
775 547 858 583 igitur
871 547 905 574 ab
921 547 1052 574 omnibus

257 593 319 621 aliis
327 598 404 620 extra
419 593 618 621 exsisteutibus
629 593 789 621 hominibus
800 597 945 629 separatur
955 594 1049 626 homo,

259 640 286 668 id
302 644 344 667 est
357 648 407 675 per
424 640 645 672 subsistentiam.
664 645 770 667 naturae
786 644 880 668 autem
905 640 1051 667 inconfuse

257 687 317 714 aliae
329 687 390 714 aliis
405 687 477 714 uniri
490 692 603 722 possent
619 687 646 714 in
660 687 841 714 subsistentia
860 686 978 722 quadam
995 694 1050 713 non

257 733 428 768 accipientes
450 733 511 761 alia:
527 733 563 761 ab
589 733 652 761 aliis
679 734 809 768 proprias
832 734 974 765 rationes;
994 740 1050 760 non

256 780 330 807 enim
347 780 404 808 lia:c
423 784 528 807 natura:
544 779 615 807 ratio
630 779 713 806 modo
728 779 863 807 distincto
878 784 906 807 et
917 779 1049 806 determi-

257 831 323 853 nalo
339 826 374 853 ab
389 826 464 852 omni
481 830 582 853 natura
596 825 737 857 subsistit,
757 829 788 852 ut
803 824 1048 852 subsistentiarum

1108 223 1143 249 τὰ
1161 223 1323 259 διεστηκότα
1338 224 1398 255 ταῖς
1415 223 1528 258 φύσεσιν
1543 224 1678 259 ἀλλήλων.
1693 224 1724 251 οὐ
1740 223 1815 259 λόγῳ
1830 224 1895 250 πάν-

1108 277 1171 300 τως,
1186 269 1243 295 ἀλλ’
1264 269 1334 304 αὑτῇ
1343 271 1375 304 τῇ
1391 269 1518 305 ὑπάρξει.
1531 270 1587 300 Τὰς
1601 269 1768 301 ὑποστάσεις
1780 270 1835 305 γάρ
1850 278 1898 296 σω·

1108 313 1225 348 ζομένας
1240 316 1312 342 κατὰ
1322 315 1402 342 τοῦτο
1417 315 1479 342 καθ’
1494 315 1507 341 ὃ
1523 315 1699 351 διορίζονται,
1714 316 1843 350 ἐντούτῳ
1857 318 1899 342 καὶ

1107 360 1235 387 ἑνοῦσοαι
1256 361 1397 389 ἀδύνατον.
1412 362 1442 388 Εἰ
1460 360 1507 389 οὖν
1531 363 1644 396 γέγονεν
1659 363 1898 397 ﬁndens-Istam};

1107 406 1146 442 τῷ
1159 408 1305 443 ἀνθρώπῳ,
1321 408 1381 440 πῶς
1399 410 1428 436 ἐν
1441 409 1479 444 τῷ
1495 408 1554 444 Θεῷ
1565 409 1646 444 Λόγῳ
1654 409 1697 435 διὰ
1708 410 1757 445 τῆς
1774 410 1898 442 ἑνὼσεως

1108 455 1121 480 ό
1138 453 1283 489 ἅνθρωπός
1313 455 1399 484 ἐστιν.
1421 455 1445 481 ει
1463 456 1549 487 ὄντως
1559 455 1615 490 ἔχοι
1631 455 1710 482 τοῦτο
1730 456 1761 482 τὸ
1785 457 1898 492 χωρὶζον

1108 500 1190 528 αὑτὸν
1215 500 1263 527 ἀπ’
1278 501 1362 528 αὑτοῦ
1378 511 1384 533 ς
1399 501 1493 537 ὥσπερ
1507 501 1553 528 οὖν
1572 502 1621 528 καὶ
1644 502 1697 528 ἀπὺ
1717 503 1829 530 πάντων
1847 504 1898 530 τῶν

1106 546 1195 573 ἄλλων
1210 547 1263 573 τῶν
1273 547 1351 580 ἐκτὸς
1358 548 1442 574 αὑτοῦ
1457 547 1622 582 ὑφεστώτων
1636 549 1802 583 ἀνθρώπων,
1816 550 1898 584 ἤγουν

1106 593 1154 628 τὴν
1172 593 1334 626 ὑπόστασιν,
1347 594 1444 629 φύσεις
1468 594 1496 621 δὲ
1513 595 1562 621 καὶ
1589 594 1714 622 ὲνοῦσοαι
1736 596 1898 630 ἁσυγχύτως

1107 638 1237 673 ἀλλήλαις
1251 639 1378 666 δύνανται
1401 640 1429 666 ὲν
1444 640 1594 667 ὑποστάσει
1608 641 1662 666 τινὶ
1681 641 1717 676 μὴ
1734 641 1898 676 ἀναιρούμε-

1105 693 1149 711 ναι
1162 685 1209 711 ὑπ’
1224 685 1348 720 ἀλλήλων
1361 685 1424 717 τοὺς
1440 686 1556 717 οἰκείους
1573 685 1680 720 λόγους.
1696 687 1734 713 Οὑ
1751 688 1808 722 γὰρ
1823 687 1898 715 τοῦτο

1108 732 1217 767 φύσεως
1236 733 1316 768 λόγος
1340 734 1371 761 τὺ
1397 734 1616 771 διακεκριμένως
1640 737 1686 763 καὶ
1711 736 1898 772 διωρισμένως

1108 779 1164 806 ἀπὸ
1181 780 1272 815 πάσης
1289 780 1400 815 φύσεως
1425 781 1621 817 ὑφεστηκέναι,
1638 782 1734 818 ὥσπερ
1755 784 1812 810 τῶν
1835 785 1898 811 ὑπο-

1109 825 1230 854 στᾶσειυν
1245 835 1252 842 ⁸
1271 826 1331 858 πῶς
1357 827 1407 854 οὑκ
1431 827 1464 853 ἂν
1487 827 1636 858 ἀκωλύτως
1658 829 1703 863 εἴη
1723 829 1852 864 ἡνωμένη
1866 831 1898 865 τῇ

257 873 346 906 ratio;
360 872 500 907 quomodo
514 879 571 899 non
587 871 807 906 iudcpeudenter
821 876 896 899 esset
912 873 989 898 unita
1005 879 1048 898 ua-

1106 872 1187 906 φύσει
1211 872 1258 899 τοῦ
1276 872 1344 900 Θεοῦ
1371 873 1460 908 Λόγου
1476 874 1493 909 ἠ
1507 874 1587 908 φύσις
1598 875 1616 909 ἡ
1631 861 1803 911 ἀνθρωπεία,
1817 861 1898 910 gadet;

257 923 327 946 tura:
338 918 388 946 Dei
408 918 493 946 Verbi
509 921 609 945 natura
623 917 756 950 humana,
770 926 833 945 cum
855 917 917 945 talis
929 921 1051 950 maneat,

255 969 284 993 et
299 964 373 1000 quod
392 969 436 992 est
451 964 574 992 ostendit
584 964 668 992 etiam
683 964 710 991 in
726 963 848 991 unione?
861 971 916 990 non
932 963 1007 990 enim
1022 967 1053 990 ut

255 1010 436 1039 subsistentia
449 1010 637 1038 subsistentia
658 1010 736 1037 unita
749 1017 810 1037 esse
832 1013 938 1045 potest,
955 1017 1052 1036 serva-

256 1058 292 1085 tis
307 1050 415 1085 dualius
424 1055 625 1087 subsistentiis,
637 1055 664 1083 id
678 1060 719 1082 est
732 1054 968 1089 separationibus,
985 1053 1061 1081 illud'

255 1112 316 1133 esse
331 1104 539 1132 distinctionem
554 1103 589 1131 ab
607 1102 670 1130 aliis
685 1101 911 1137 signiﬁcantibus
923 1109 973 1136 per
990 1108 1050 1128 ma-

255 1151 328 1179 xime
345 1150 539 1186 particularem
552 1149 752 1185 proprietatem
767 1149 794 1175 in
806 1148 943 1183 singulis;
958 1147 1048 1182 siqui-

254 1198 317 1225 dem
330 1197 405 1225 euim
430 1196 505 1232 quod
522 1196 684 1224 distinctum
705 1199 758 1227 est,
787 1203 843 1222 non
858 1194 932 1229 quod
950 1194 1052 1222 distin-

255 1245 327 1273 ctive
346 1244 466 1272 sumitur
481 1249 507 1271 et
523 1243 606 1271 alicui
623 1243 729 1274 unitur,
748 1242 789 1269 sic
807 1241 902 1269 dicere
916 1250 970 1268 non
986 1249 1052 1276 pos-

254 1300 363 1320 sumus.
395 1291 567 1318 Alterutrum
590 1290 664 1317 enim
692 1289 850 1316 necessario
880 1288 1049 1323 accipietur,

254 1342 302 1365 aut
326 1345 382 1364 non
400 1336 486 1374 uniri.
509 1340 621 1363 autnon
641 1335 775 1370 distingui
794 1342 879 1361 unum
900 1333 934 1360 ab
950 1333 1048 1360 altero.

253 1383 349 1418 Neque
370 1383 396 1410 in
418 1383 469 1410 ista
487 1383 567 1410 istam
594 1381 688 1409 dicere
710 1385 753 1408 est
780 1380 1002 1411 subsistentiam.
1024 1378 1049 1406 si

255 1430 387 1457 unionem
406 1429 590 1459 instituimus.
613 1427 730 1455 servatis
744 1427 770 1454 in
791 1426 845 1453 illis
858 1425 998 1453 distinctis
1014 1425 1049 1452 ab

255 1475 375 1503 invicem
392 1474 626 1510 proprietatibus.
651 1472 800 1506 Quomodo
823 1479 889 1507 ergo
907 1472 935 1498 in
958 1470 1050 1498 subsi-

255 1522 382 1549 sistentia
410 1521 503 1554 Verbi,
524 1521 673 1548 humanam
702 1519 867 1547 convenisse
895 1518 1049 1546 subsisten-

254 1567 320 1594 tiam
337 1567 484 1595 dicemus?
499 1567 526 1594 Si
541 1565 615 1594 enim
631 1566 657 1592 id
673 1565 745 1593 {oret
760 1573 892 1599 unquam.
902 1564 1047 1592 convenis-

255 1617 297 1641 set
322 1613 405 1640 simul
429 1612 608 1640 subsistentia
628 1612 654 1638 in
679 1619 729 1638 sua
755 1610 889 1638 totalitate
913 1618 1005 1645 neque
1017 1618 1051 1638 ex

255 1663 333 1694 parte
357 1659 405 1686 sed
423 1666 472 1694 per
489 1657 747 1694 juxtapositiouem,
771 1660 802 1683 ut
829 1656 857 1684 iu
880 1655 963 1683 domu
980 1656 1051 1691 lapi-

255 1706 305 1734 des
321 1711 350 1733 et
365 1706 393 1734 in
410 1705 501 1733 eboro
513 1703 659 1732 saltatorie
672 1704 799 1739 juvenes,
815 1707 843 1730 et
864 1710 919 1729 non
934 1702 1050 1729 mansis-

255 1758 297 1781 set
314 1752 431 1787 amplius
443 1756 569 1787 separata
584 1751 620 1778 ita
634 1755 663 1777 ut
674 1754 748 1778 esset
761 1750 843 1777 etiam
857 1749 969 1776 domum
985 1748 1052 1776 sub—

255 1798 391 1826 sistentia.
411 1797 506 1825 Solum
523 1797 598 1824 enim
615 1796 642 1823 in
666 1795 832 1830 corporibus
855 1793 1050 1829 partialishtec

255 1844 442 1872 subsistentia:
457 1843 524 1870 unio
546 1842 657 1870 videtur
672 1849 748 1868 mera
766 1848 816 1868 nec
837 1840 948 1876 proprie
974 1839 1048 1867 exsi-

254 1898 340 1920 stens.
360 1899 415 1919 non
427 1890 580 1919 secundum
599 1889 763 1916 totalitatem
785 1887 980 1918 subsistentitc,
998 1885 1046 1913 sed

254 1937 406 1966 secundum
429 1936 673 1972 juxtapositionem
703 1933 914 1970 superﬁcierum
941 1936 989 1960 aut
1009 1932 1048 1959 le-

255 1984 330 2012 vium
353 1982 564 2019 particularum.
591 1985 637 2008 aut
663 1979 894 2008 coadunationem
915 1978 1045 2013 partium,

251 2036 302 2060 aut
316 2039 363 2067 per
377 2036 500 2059 extrema
511 2034 601 2057 atoma
618 2028 745 2057 localiter
757 2032 881 2062 coaptata
895 2035 903 2059 ;
918 2026 958 2053 sic
971 2025 1046 2053 enim

1103 919 1196 946 τοιάδε
1222 919 1351 955 μένουσα,
1368 920 1415 946 καὶ
1429 920 1443 947 ὃ
1464 921 1570 954 πέφυκε
1595 921 1723 948 δεικνῦσα
1748 923 1796 949 καὶ
1821 923 1852 949 ὲν
1866 925 1897 958 τῇ

1103 965 1200 992 ἑνώσει
1217 974 1224 998 ;
1242 965 1280 992 οὑ
1296 966 1351 1002 γὰρ
1379 965 1417 998 ὡς
1436 966 1586 999 ὑπόστασις
1601 967 1755 994 ’ὑποστάσει
1770 969 1897 1005 ἡνωμένη

1103 1011 1174 1038 εἶναι
1186 1011 1217 1038 οὐ
1235 1012 1349 1039 δύναται
1361 1013 1524 1048 σωζομένων
1541 1014 1626 1049 ἄμφω
1636 1014 1691 1041 τῶν
1704 1015 1896 1048 ὑποστάσεων,

1103 1057 1193 1083 εἵτουν
1222 1058 1419 1085 ἀποστάσεων·
1439 1059 1486 1085 καὶ
1508 1059 1575 1086 αὐτὸ
1594 1060 1675 1086 τοῦτο
1698 1061 1840 1096 χωρισμὸν
1854 1062 1898 1088 τδν

1103 1104 1150 1139 ἀφ’
1168 1104 1270 1140 ἑτέρων
1285 1104 1476 1139 σημαινουσῶν
1487 1105 1534 1131 διὰ
1546 1105 1595 1132 τοῦ
1607 1106 1767 1133 ἱδικωτὰτου
1786 1107 1899 1142 ἰδιώμα-

1103 1158 1149 1182 τος
1166 1150 1221 1176 τῶν
1236 1151 1298 1177 καθ’
1311 1151 1427 1178 ἕκαστα.
1446 1151 1532 1186 Εἴπερ
1545 1152 1599 1186 γὰρ
1615 1151 1646 1178 τὸ
1671 1152 1895 1188 διακεκριμένον,

1103 1196 1134 1223 οὐ
1149 1196 1187 1231 τῷ
1204 1197 1422 1232 διακεκριμένως
1436 1205 1466 1223 τε
1482 1195 1552 1223 εἶναι
1566 1198 1613 1224 καὶ
1630 1198 1752 1232 ἡνῶσθαί
1765 1208 1820 1225 τινι
1831 1219 1838 1230 .
1853 1200 1898 1226 οὓς

1102 1252 1141 1270 τω
1171 1243 1262 1277 λέγειν
1283 1244 1314 1270 οὑ
1340 1243 1493 1278 δυνάμεθα·
1509 1244 1625 1278 θάτερον
1653 1245 1708 1281 γάρ
1736 1246 1896 1279 ἀναγκαίως

1102 1289 1392 1326 άναιρεῧήσεται,ἢτὺ
1408 1290 1444 1325 μὴ
1461 1291 1610 1325 ἡνωμένον,
1626 1291 1684 1327 ἦτ’)
1704 1291 1741 1326 μὴ
1757 1292 1897 1327 διακεκρι-

1104 1335 1184 1369 μένον
1200 1333 1269 1362 εἷναι
1285 1335 1397 1370 θάτερον
1411 1336 1523 1371 θατέρου
1537 1343 1544 1351 ·
1559 1337 1618 1363 οῦδὲ
1636 1338 1664 1363 ἐν
1677 1337 1742 1372 τῇδε
1758 1339 1840 1371 τήνῖε
1855 1339 1898 1365 λέ·

1101 1389 1160 1414 γειν
1174 1381 1222 1416 τὴν
1238 1381 1386 1407 ὑπόστασιν
1403 1381 1475 1407 ἔστιν
1485 1402 1492 1413 ,
1504 1381 1602 1408 ’ἐνωσιν
1616 1383 1669 1409 τῶν
1692 1384 1720 1408 ὲν
1738 1383 1834 1415 αὑταῖς
1851 1385 1896 1412 ἀπ’

1101 1426 1226 1462 ἀλλήλων
1238 1426 1417 1461 διακριτικῶν
1432 1427 1583 1462 ἰδιωμάτων
1597 1428 1759 1463 σωζομένων
1772 1429 1897 1456 ὑποτιθε-

1102 1473 1208 1508 μένους.
1225 1473 1286 1504 Πῶς
1300 1471 1347 1498 οὖν
1361 1473 1390 1498 ὲν
1403 1474 1435 1508 τῇ
1448 1473 1596 1500 ὑποστάσει
1615 1473 1662 1500 τοῦ
1679 1474 1768 1508 Λόγου
1794 1475 1898 1511 ἀνορω-

1062 1537 1084 1565 C
1100 1519 1181 1565 πείοιν
1197 1519 1408 1554 συνεληλυθέναι
1423 1520 1574 1546 ὑποστασιν
1586 1520 1718 1555 ἐροῦμεν;
1738 1522 1768 1547 Εἰ
1783 1521 1840 1556 γὰρ
1849 1523 1896 1549 καί

1098 1563 1136 1601 ἦν
1146 1567 1221 1596 ποτε,
1230 1565 1344 1600 συνῆλθε
1355 1565 1383 1591 δὲ
1392 1566 1464 1600 ὅμως
1477 1565 1624 1597 ὑπόστασις
1631 1566 1693 1592 καθ’
1705 1567 1770 1601 ὅλην
1784 1568 1894 1602 ἑαυτὴν,

1100 1611 1149 1638 καὶ
1165 1611 1216 1637 οὐκ
1228 1610 1281 1636 ἀπὸ
1296 1610 1394 1646 μέρους
1408 1611 1455 1636 καὶ
1471 1611 1542 1637 κατὰ
1561 1611 1713 1645 παράθεσιν
1728 1612 1766 1642 ὡς
1785 1613 1814 1638 ὲν
1827 1613 1895 1647 οἴκῳ

1095 1656 1178 1688 λίθοι,
1189 1656 1237 1682 καὶ
1250 1657 1275 1682 οἱ
1291 1657 1320 1682 ἐν
1331 1656 1404 1692 χορῴ
1421 1655 1487 1688 νέοι,
1504 1657 1555 1683 οὑκ
1568 1657 1676 1691 ἔμεινεν
1692 1657 1732 1684 ἔτι
1747 1658 1895 1692 ἀφεστῶσα

1098 1704 1142 1739 δηἹ
1149 1703 1198 1738 αδὴ
1212 1704 1256 1730 ἵνα
1297 1703 1430 1734 ὡσαύτως
1445 1703 1597 1735 ὑπόστασις
1609 1703 1714 1731 λοιπόν.
1741 1704 1895 1740 Μόνονγάρ

1099 1751 1129 1778 ὲν
1151 1750 1275 1786 σώμασιν
1290 1751 1310 1785 μή
1325 1750 1426 1785 μερικὴ
1449 1750 1499 1786 τῆς
1516 1750 1692 1783 ὑποστάσεως
1710 1751 1781 1787 αὕτη
1795 1752 1894 1783 ’ἐνωσις

1100 1797 1197 1832 ὁρᾶται
1214 1796 1281 1832 ψιλὴ
1298 1796 1345 1823 καὶ
1360 1797 1390 1823 οὑ
1404 1796 1508 1831 κυρίως
1522 1795 1590 1823 οὖσα
1601 1805 1609 1812 ·
1624 1797 1685 1823 οὐδὲ
1702 1799 1775 1824 κατὰ
1789 1797 1820 1824 τὸ
1833 1799 1894 1825 ὅλον

1099 1842 1150 1876 τῆς
1165 1841 1352 1872 ὑποστάσεως,
1372 1841 1441 1867 ἀλλὰ
1456 1841 1526 1867 κατὰ
1541 1841 1695 1877 παράθεσιν
1709 1842 1891 1877 ἐπιφανειῶν,

1100 1887 1232 1922 ἢμορίων
1247 1886 1429 1917 λεπτοτάτων,
1446 1886 1463 1922 ἢ
1483 1887 1645 1923 συμπλοκὴν
1659 1887 1763 1923 μερῶν,
1780 1889 1798 1923 ῆ
1819 1889 1892 1915 κατά

1098 1932 1206 1967 πέρατα
1221 1932 1343 1963 τοπικῶς
1360 1931 1537 1958 συνάπτουσα
1549 1932 1584 1959 τὰ
1600 1933 1691 1967 ἄτομα.
1708 1941 1715 1947 ·
1734 1933 1823 1966 οὕτως
1838 1935 1895 1971 γᾶρ

1097 1977 1170 2009 λίθος
1190 1977 1266 2013 λίθῳ,
1282 1977 1330 2004 καὶ
1353 1977 1444 2004 ἔλαιον
1464 1977 1553 2009 ὕδατι.
1572 1979 1620 2005 καὶ
1640 1979 1716 2014 piro;
1733 1980 1805 2014 μίτῳ
1822 1989 1829 1994 ·
1848 1984 1895 2008 καὶ

1097 2024 1183 2051 ταῦτα
1200 2025 1249 2060 μὲν
1268 2026 1332 2059 περὶ
1345 2024 1453 2051 τούτου.

254 2080 353 2116 lapidis
368 2079 464 2115 lapidi,
480 2079 571 2106 oleum
588 2085 676 2112 aqum,
692 2080 722 2103 et
739 2076 814 2103 tilum
838 2074 884 2101 ﬁlo
898 2075 1043 2101 uniuutur.
1061 2072 1096 2100 Et
1110 2072 1154 2100 illa
1167 2072 1278 2107 quidem
1289 2072 1323 2100 de
1339 2072 1391 2100 hoc
1404 2077 1577 2108 argumento.

288 2125 433 2160 Quomodo
448 2132 540 2152 autem
554 2129 631 2151 esset
645 2126 745 2150 natura
760 2125 824 2149 ante
837 2121 1043 2148 subsistentiam

1135 2119 1172 2146 Τὸ
1186 2120 1213 2147 δὲ
1229 2119 1286 2150 πῶς
1301 2119 1343 2154 εῐη
1362 2120 1394 2145 iv
1410 2119 1490 2153 φύσις
1506 2121 1558 2155 πρῦ
1574 2120 1625 2154 τῆς
1637 2120 1816 2154 ὑποστάσεως
1844 2123 1893 2156 τῆς

254 2171 459 2207 particularem,
475 2170 501 2198 in
514 2170 567 2197 hoc
592 2177 642 2197 vos
658 2175 753 2197 errare
774 2166 912 2202 superflue
929 2174 943 2193 ει
960 2165 1041 2193 nobis

253 2220 357 2246 dictum
368 2222 421 2245 est.
432 2216 490 2244 Non
504 2217 577 2244 enim
590 2216 617 2243 id
625 2215 704 2243 vobis
715 2214 836 2242 diximus
848 2212 1044 2249 praeexstitisse

252 2265 359 2293 scilicet
380 2263 567 2292 subsistentia:
585 2261 779 2298 particularem
801 2261 951 2288 humanam
964 2263 1045 2286 natu-

252 2319 311 2339 ram
325 2310 445 2342 Domini,
462 2309 510 2337 sed
522 2317 537 2336 e
555 2314 652 2337 contra
666 2308 748 2336 simul
767 2307 839 2335 illam
853 2306 993 2334 exstitisse
1012 2313 1045 2333 ac

251 2358 418 2386 substitisse.
434 2356 535 2384 Verum
544 2363 600 2383 non
613 2355 639 2382 in
655 2348 814 2390 particulari
832 2354 923 2388 aliqua
939 2358 1044 2381 natum

253 2406 380 2432 humana:
402 2403 488 2431 solius
505 2402 693 2440 subsistentia,
710 2405 776 2436 puta
797 2400 825 2427 in
840 2407 916 2427 mero
930 2399 1044 2426 homine

251 2451 467 2486 cognoscimus,
496 2448 544 2476 sed
570 2448 597 2475 in
619 2446 823 2483 prmexsistenti
844 2445 928 2473 Verbi
954 2444 1044 2472 subsi-

251 2496 373 2529 stentia;
392 2496 421 2523 in
447 2503 501 2530 qua
528 2494 640 2529 propria
665 2497 693 2521 et
714 2491 891 2528 particularia
908 2491 1035 2518 humanm

251 2549 358 2571 natura:
370 2543 506 2574 adunans,
522 2545 550 2568 et
565 2540 593 2567 in
611 2546 748 2568 concursu
765 2538 909 2572 utriusque
926 2541 1042 2568 naturae,

252 2596 334 2616 unam
352 2595 496 2622 personam
515 2585 642 2613 similiter
655 2591 689 2611 ex
705 2588 822 2617 utraque
839 2586 949 2613 natura,
967 2586 994 2608 et
1010 2588 1044 2608 ex

252 2635 398 2670 utriusque
412 2641 492 2661 essen
497 2633 540 2661 tlte
546 2628 943 2662 coaeervatischaracteribus,
951 2632 1044 2656 osten-

215 2678 217 2682 ’
251 2681 292 2710 dit
304 2688 334 2709 se
349 2686 422 2708 unus
433 2687 449 2707 θ
463 2686 558 2706 sancta
580 2676 701 2710 Triade;
718 2676 766 2711 qui
785 2673 965 2703 subsistentia
979 2673 1043 2710 qui-

251 2727 315 2756 dem
339 2726 432 2761 reipsa
445 2729 489 2753 est
499 2731 554 2752 una
569 2728 687 2755 tantum.
702 2726 731 2750 et
757 2721 810 2749 ista
831 2727 890 2748 non
910 2719 1042 2749 humana.

252 2774 383 2801 Naturam
406 2771 480 2799 enim
503 2770 588 2798 habet
611 2775 640 2797 et
658 2768 843 2805 proprietates
857 2766 975 2800 divinas,
993 2773 1057 2794 ne»

252 2827 305 2852 que
327 2818 429 2845 divinis
453 2816 542 2844 solum
558 2815 660 2843 fruitur
683 2813 909 2850 proprietatibus.
935 2811 1042 2847 Adjecit

252 2863 325 2890 enim
335 2862 490 2890 divinorum
502 2861 695 2889 cbarncterum
708 2859 863 2887 Collectioni
875 2859 1041 2893 assumptio-

1095 2165 1295 2201 ἱδίας,ἀπορεῖν
1305 2166 1387 2200 ὑμᾶς,
1399 2165 1532 2200 περιττῶς
1544 2166 1641 2202 ἐλέχθη
1652 2168 1718 2200 πρὸς
1728 2169 1812 2202 ἡμᾶς.
1825 2171 1893 2196 Οῦξι

1098 2211 1152 2246 γὰρ
1172 2211 1251 2238 τοῦτο
1276 2211 1340 2246 ὑμῖν
1356 2212 1507 2247 εἰρήκαμεν
1533 2213 1569 2243 ὡς
1586 2215 1743 2249 πριιῦπῆρξε
1759 2214 1809 2248 τῆς
1826 2216 1893 2242 ὑπο-

1097 2258 1219 2288 στάσεως
1233 2258 1248 2291 ὴ
1266 2257 1337 2292 ἰδικὴ
1354 2258 1432 2292 φύσις
1454 2259 1610 2293 άνθρωπεὶα
1621 2259 1667 2285 τοῦ
1683 2260 1830 2294 Δεσπότου,
1848 2261 1890 2287 ἐλν

1095 2302 1130 2330 λά
1139 2303 1293 2330 τοὺναντ¹ον
1304 2303 1362 2339 ἅμα
1374 2312 1403 2330 τι
1416 2305 1496 2338 φῦναι
1506 2306 1552 2331 καὶ
1561 2306 1709 2340 ὑποστῆναι
1721 2307 1818 2340 αὑτήν⁴
1836 2308 1891 2334 ἀλλ’

1096 2349 1144 2375 οὐκ
1158 2350 1187 2376 ἐν
1203 2348 1274 2384 ἱδικῇ
1286 2358 1340 2376 τινι
1355 2350 1441 2385 αὐτῆς
1456 2351 1539 2386 μόνης
1551 2351 1618 2386 οὔσῃ
1630 2352 1791 2383 ὑποστάσει.
1806 2354 1893 2389 {nam

1095 2395 1173 2430 ψιλοῦ
1180 2395 1323 2431 άνθριὶιπου
1337 2396 1518 2432 γινώσκομεν,
1527 2397 1616 2424 ἁλλ’ἐν
1622 2399 1654 2432 τῇ
1663 2400 1893 2435 προῦφεστηκυξᾳ

1096 2441 1181 2474 αὐτῆς
1194 2443 1226 2477 τῇ
1237 2441 1285 2468 τοῦ
1304 2442 1393 2476 Λόγου
1411 2443 1571 2470 ὑποστάσει·
1588 2445 1616 2470 ὲν
1668 2446 1716 2472 καὶ
1730 2445 1764 2472 τά
1777 2446 1828 2479 τῆς
1843 2448 1892 2473 άν-

1096 2486 1236 2522 ορωτιείας
1262 2487 1372 2522 φύσεως
1389 2488 1443 2514 ἴδια
1466 2489 1515 2515 καὶ
1533 2488 1669 2524 ἰδιώματα
1683 2491 1806 2525 συνάψας
1817 2512 1826 2523 ,
1843 2493 1891 2518 καὶ

1095 2533 1124 2559 ἰν
1141 2535 1174 2568 τῇ
1191 2533 1330 2569 συνδρομῇ
1354 2534 1408 2560 τῶν
1423 2535 1589 2571 ἀμφοτέρων
1604 2536 1723 2570 φύσεων,
1743 2537 1772 2564 ἓν
1802 2538 1890 2573 πρόσ-

1095 2587 1169 2606 ωπον
1186 2579 1287 2614 ὁμοίως
1313 2581 1359 2607 καὶ
1372 2580 1402 2612 ἐξ
1427 2581 1562 2616 ἑκατέρας
1587 2581 1707 2616 φύσεως.
1723 2584 1771 2610 καὶ
1788 2585 1820 2609 ὲκ
1835 2584 1890 2610 τῶν

1095 2625 1126 2658 ἐξ
1149 2625 1286 2662 ἑκατέρας
1301 2626 1396 2658 οὐσεας
1414 2627 1606 2662 σωρενθὲντων
1615 2630 1889 2664 χαρακτηριστικῶν,

1094 2672 1196 2705 [δειξεν
1209 2672 1306 2699 tau-tim
1317 2672 1420 2708 ὁμοίως
1435 2673 1500 2700 ὅντα
1512 2675 1526 2701 ὁ
1539 2670 1580 2706 εἷς
1594 2675 1644 2710 τῆς
1660 2675 1743 2710 άγῐας
1759 2674 1888 2711 τριάδος

1093 2718 1123 2750 ὃς
1139 2718 1288 2751 ὑπόστασις
1304 2719 1354 2754 μὲν
1364 2719 1449 2752 ὅντως
1463 2720 1523 2747 ἐστὶ
1540 2720 1590 2756 pla
1607 2720 1678 2756 μόνη
1689 2722 1739 2749 καὶ
1753 2721 1826 2758 αὑτὴ
1839 2722 1889 2749 οὐκ

1094 2764 1253 2801 ἀνθρωπίνη
1269 2773 1275 2780 ·
1293 2765 1374 2800 φύσιν
1401 2773 1432 2792 τι
1461 2765 1517 2802 γὰρ
1546 2767 1594 2794 καὶ
1624 2766 1760 2803 ἰδιώματα
1784 2768 1890 2804 ἔχειτὰ

1095 2811 1155 2839 θεῖα
1168 2819 1176 2827 ·
1194 2811 1244 2839 οὑκ
1260 2814 1289 2838 ὲν
1305 2811 1389 2844 θείοις
1403 2811 1431 2838 δὲ
1459 2812 1539 2848 μενον
1557 2814 1631 2840 ἐστὶν
1653 2813 1802 2849 ἱδιώμασιν
1817 2822 1824 2830 ·
1841 2823 1889 2841 '2:—

1095 2857 1217 2894 ρισσεύει
1229 2859 1283 2894 γάρ
1298 2859 1344 2886 καὶ
1360 2860 1417 2891 τοῖς
1431 2859 1506 2895 παρὰ
1516 2860 1548 2886 τὺ
1567 2859 1639 2888 θεῖον
1657 2869 1768 2896 χαραχτ
1776 2862 1889 2899 χρίσμα-
