1968 3094
68 183 134 216 1553

542 181 740 213 ADVERSUS
761 180 1037 211 NESTORIANOS.
1049 194 1082 197 -
1093 181 1166 211 LIB.
1188 181 1228 211 II.

1632 181 1700 214 μοι

67 245 94 264 σι
108 236 263 271 συναχθεϊσι
278 237 311 272 τῇ
327 226 479 271 προσλήψει
495 236 543 271 τῆς
555 236 717 271 καινοτέρας
734 235 853 270 φύσεως.

914 242 970 262 iem
999 235 1165 263 recentioris
1187 240 1302 263 naturae.
1333 236 1583 264 Demonstraudum
1607 243 1699 266 autem

67 283 235 320 Προσεκτέον
254 283 282 309 δὲ
299 283 386 318 τούτῳ
412 283 506 318 σαφῶς
523 283 571 309 καὶ
586 283 632 309 ἐπὶ
648 284 701 309 τῶν
719 282 828 316 μύξρων
846 290 853 297 ·

66 331 111 357 καὶ
137 330 191 365 γὰρ
216 330 435 365 πρίῦφεστώσης
460 330 520 356 κατ’
537 329 605 356 ἰδίαν
629 329 779 355 ὑπόστασιν
807 329 856 362 τῆς

69 376 157 412 μάζης
172 376 219 402 τοῦ
237 376 361 412 σιδήρου,
382 374 441 402 εἶτα
457 377 497 405 εἰς
521 377 639 411 κάμινον
661 375 855 409 είσαγομένης,

67 422 151 457 πυρὸς
172 423 253 457 φύσις
276 424 345 457 αὑτῇ
379 423 567 456 ὲπιγεννᾶται,
595 421 656 448 οὔτε
677 421 773 457 πρώην
793 420 856 447 οὔτε

68 468 119 504 ἰδίᾳ.
136 469 202 494 ποτὲ
226 468 409 503 ὑποστάντος,
423 468 482 494 ἀλλ’
503 469 532 494 ἐν
564 468 632 502 αὑτῇ
652 475 658 481 ·
680 469 712 493 ἐκ
732 467 781 502 μὲν
808 467 857 500 τῆς

67 514 183 549 καμίνου
199 515 352 549 τεχθέντος,
370 515 449 546 ἐκτὸς
462 514 490 541 δὲ
502 515 588 548 αὐτῆς
604 515 633 540 ὲν
646 515 678 549 τῇ
697 513 754 548 ἰδέᾳ
765 513 857 548 δικαίᾳ.

66 560 148 586 αὑτοῦ
166 559 216 596 τὴν
242 560 391 588 ὑπόστασιν
405 561 525 596 ἔχοντος1
543 562 590 587 καὶ
612 561 643 587 τὸ
660 562 688 587 ὲν
701 561 732 596 τῇ
748 559 857 596 καμίνῳ

68 605 124 640 πῦρ
137 606 187 632 οὑκ
206 606 442 642 ἀπομειὼσαντος.

358 664 485 692 ΚΕΦΑΔ,
517 665 558 692 H'.

101 719 131 746 Εἰ
143 720 211 751 ὅλως
227 719 331 755 ὑπέστη
347 720 361 746 ὁ
383 719 412 752 ἐξ
425 720 505 754 ἡμῶν
519 721 663 756 ἄνθρωπος
677 722 706 748 ἐν
728 720 766 756 τῷ
779 721 839 756 Θεῷ
850 741 857 752 .

66 765 125 797 πῶς
143 765 193 792 οὐκ
205 764 326 800 ἔρῤωται
342 766 389 792 καὶ
406 765 480 792 ἐστιν
495 767 510 801 ή
527 766 676 798 ὑπόστασις
684 766 770 799 τοῦὲξ
780 767 858 802 ἡμῶν

65 811 210 846 ἀνθρώπου
229 813 257 838 ὲν
271 812 305 846 τῇ
331 812 480 838 ὑποστάσει
495 812 543 839 τοῦ
563 812 631 839 Θεοῦ
649 813 753 847 Λόγους
769 813 817 840 καὶ
833 814 858 840 εί

67 857 106 892 μὴ
117 857 236 892 ἔρῤωται
251 859 297 884 καὶ
310 857 385 884 ἔστιν
399 859 416 893 ή
432 859 580 890 ὑπόστασις
596 859 643 885 τοὺ
663 859 693 892 ἐξ
714 860 793 894 ἡμῶν
809 860 858 886 ἀν-

911 280 963 307 hoe
978 281 1052 308 clare
1068 281 1095 308 in
1110 281 1194 308 ferris
1210 281 1396 309 candentibus
1413 290 1419 308 :
1441 283 1544 310 etenim
1569 284 1693 318 praeexsi-

910 326 992 353 stenti
1010 327 1162 353 secundum
1175 327 1314 362 propriam
1325 327 1532 358 subsistentiam
1546 327 1612 355 ferri
1628 336 1699 356 mas-

909 379 956 402 sae,
973 371 1073 399 deinde
1093 371 1120 399 in
1133 371 1224 399 focum
1241 372 1369 405 inductze,
1381 373 1451 408 ignis
1464 377 1562 400 natura
1579 374 1698 402 innasci-

909 421 965 449 tur,
981 425 1072 452 neque
1087 423 1167 445 antea
1182 426 1271 453 neque
1287 419 1432 454 separatim
1451 420 1636 453 subsistentis,
1652 422 1699 448 sed

910 463 938 490 in
951 463 1011 498 ipsa
1027 471 1127 491 massa.
1145 464 1213 492 Cum
1237 472 1301 492 vero
1317 472 1332 492 e
1345 465 1406 492 foco
1430 466 1529 493 educta
1546 471 1598 499 est,
1623 472 1700 494 extra

909 517 939 536 se
954 509 982 536 in
995 517 1059 536 vera
1075 509 1162 537 forma
1179 510 1249 546 ignis
1260 511 1468 539 subsistentiam
1478 512 1573 545 habet,
1587 517 1614 540 et
1631 514 1700 550 ignil

909 555 937 582 in
951 555 1012 583 foco
1024 564 1078 583 non
1091 556 1245 585 diminutus
1258 562 1311 585 est.

1223 663 1301 692 CAP.
1320 665 1388 692 Vill.

946 721 974 749 Si
1000 721 1028 748 in
1045 721 1180 749 totalitate
1196 721 1321 749 substitit
1337 721 1385 757 qui
1402 730 1418 749 e
1440 723 1521 750 nobis
1543 728 1604 750 erat
1620 724 1714 751 homm

910 767 938 794 in
954 767 1022 799 Deo,
1037 767 1176 802 quomodo
1189 775 1245 794 non
1255 767 1370 800 dicitur,
1388 775 1442 795 nec
1456 773 1499 796 est
1513 769 1595 796 etiam
1610 769 1701 797 subsi-

912 813 1014 841 stentia
1029 813 1152 841 hominis
1166 821 1182 840 e
1195 813 1277 841 nobis
1295 813 1405 841 oriundi
1415 814 1442 841 in
1458 815 1636 843 subsistentia
1653 816 1701 843 Dei

911 858 1015 886 Verbi?
1027 863 1055 886 et
1066 859 1088 886 si
1104 866 1159 886 non
1177 859 1280 887 dicitur
1295 867 1348 887 nec
1363 864 1406 887 est
1418 860 1596 888 subsistentia
1614 861 1706 889 bonn-

65 902 177 938 θρώπου
189 904 218 929 ἐν
232 903 271 938 τῷ
286 904 346 938 Θεῷ
369 904 448 939 Λόγῳ
458 925 465 936 ,
482 904 541 936 πῶς
551 905 611 939 οὐχὶ
630 905 769 931 ἀπόλωλεν
791 905 858 932 ὑπο-

914 905 954 933 nis
968 913 983 932 e
999 905 1081 933 nobis
1097 905 1209 933 oriundi
1233 906 1262 933 in
1281 905 1338 933 Deo
1354 905 1457 938 Verbo,
1480 908 1622 941 quomodo
1646 917 1702 936 non

66 948 153 974 arae:
168 948 185 982 ἢ
199 948 259 974 οὑδὲ
271 949 339 980 ὅλως
350 948 399 984 τὴν
411 949 498 984 ἀρχὴν
515 949 634 983 ὑπέστης
652 948 725 985 ΊΓΑρα
736 950 789 985 γὰρ
803 951 858 977 πᾶν

64 993 80 1020 ὃ
98 1002 138 1025 τις
154 993 226 1020 εῐποι
242 992 312 1020 εἷναι
329 995 377 1020 καὶ
397 994 563 1029 ὑφεστάναι,
594 995 640 1031 ἤδη
658 997 704 1023 καὶ
721 996 774 1032 ἰδία
788 994 859 1023 εἶναί

65 1050 153 1076 φησις
169 1041 273 1068 Οὑκοῦν
290 1042 351 1068 ἐπεὶ
368 1041 438 1069 εἷναί
453 1052 544 1078 φαμεν
564 1044 610 1070 καὶ
625 1044 808 1079 ὑφεστηκέναι
829 1045 858 1070 ὲν

64 1087 104 1121 τῷ
122 1087 259 1123 ἀνθρώπῳ
280 1089 358 1124 χεῖρα
380 1089 428 1115 καὶ
442 1088 511 1115 ποῦν
529 1089 576 1115 καὶ
592 1089 677 1124 ὄνυχα
708 1090 755 1116 καὶ
769 1088 856 1126 ἧπαρ,

63 1133 116 1168 ἢδη
130 1134 177 1160 καὶ
190 1133 242 1169 ἰδίᾳ
256 1133 328 1161 εἶναι
341 1135 439 1166 ταῦτα,
456 1135 504 1162 καὶ
515 1135 734 1170 διακεκριμένως
742 1135 858 1163 ἕκαστον

63 1180 168 1207 τούτων
184 1180 255 1216 ἔχειν
265 1181 414 1208 ὑπόστασιν
426 1182 574 1218 δοξὰσομεν
586 1191 593 1215 ;
607 1182 660 1209 Καὶ
669 1182 730 1209 νοῦν
743 1182 772 1209 δὲ
786 1180 857 1210 εἶναι

63 1227 95 1253 ὲν
107 1227 198 1263 ψυχῇ,
216 1228 262 1254 καὶ
278 1229 308 1254 ὲν
323 1228 361 1263 τῷ
378 1228 483 1261 σώματι
497 1228 682 1264 ὑφεστηκέναι
707 1229 737 1256 τὸ
760 1230 858 1264 χρῶμα

63 1272 199 1307 λέγομεν·
221 1271 277 1308 ἄρα
293 1271 340 1300 οὖν
367 1274 414 1300 καὶ
442 1273 606 1306 ὑποστάσεις
627 1274 711 1300 τῶνδε
741 1274 859 1309 ζητήσο-

65 1327 138 1353 μεν;
163 1319 216 1345 Καὶ
235 1320 293 1351 πῶς
314 1319 346 1347 ἂν
361 1317 412 1347 ὦδε
428 1320 459 1347 τὸ
474 1320 504 1346 ἐν
520 1329 574 1347 τινι
597 1320 743 1356 λεγόμενον
765 1319 835 1348 εἶναι
849 1340 856 1353 ,

65 1365 147 1399 ὑμεῖς
163 1366 230 1400 ἡμῖν
247 1366 312 1398 ἴσως
325 1366 514 1402 ἐρμηνεύσετε
528 1376 536 1401 ;
559 1367 640 1394 Ἀλλὰ
655 1368 684 1394 τὸ
697 1368 731 1394 τὰ.
746 1368 858 1395 τοιαῦτα

63 1410 169 1444 λέγειν,
184 1407 255 1446 τάὶα
268 1412 297 1438 δὲ
311 1413 357 1438 καὶ
367 1412 398 1438 τὸ
415 1412 547 1444 τοιούτοις
560 1413 721 1448 ἀντιλέγειν,
747 1413 859 1448 ἀλογίαν

62 1458 85 1493 ἢ
99 1457 243 1494 λογιότητα
261 1459 361 1495 πολλὴν
380 1459 609 1496 ὲπιμαρτύρεται.

364 1597 489 1624 ΚΕΦΛΔ.
513 1597 551 1624 Θ’.

105 1662 137 1689 Et
151 1662 180 1688 ὲν
194 1662 235 1698 τῷ
247 1663 306 1699 Θεῷ
316 1664 395 1700 Λόγῳ
408 1664 499 1698 λέγεις
510 1665 662 1700 ὑφεστάναι
676 1666 721 1694 τὸν
734 1667 764 1700 ἐξ
781 1667 859 1703 ἡμῶν

63 1708 221 1744 ἄνθρωπον,
240 1710 298 1740 πῶς
310 1711 385 1745 αὑτῷ
397 1711 436 1745 τῷ
447 1711 596 1746 ὑφεστάναι
612 1733 619 1744 ,
641 1713 691 1748 οὑχ
711 1713 860 1741 ὑπόστασιν

63 1754 158 1790 δηλοῖς
176 1755 249 1790 ἔχειν
269 1755 315 1782 τὸν
327 1757 503 1791 ὑποστάντας
519 1758 581 1784 Ὅτι
602 1758 652 1794 μὲν
675 1759 828 1795 ὑφέστηκεν
847 1761 861 1788 ὀ

62 1800 211 1835 ἄνθρωπος
225 1803 255 1828 ὲν
269 1802 308 1838 τῷ
322 1802 382 1837 Θεῷ
395 1803 486 1838 Λόγῳ,
509 1804 610 1839 μᾶλλον
628 1804 705 1839 ὑμῶν
731 1805 837 1841 βοῶμεν
852 1813 860 1821 ·

62 1846 140 1879 ἀλλ’,
155 1846 193 1878 ὡς
208 1847 307 1880 ἔοικεν,
331 1847 498 1875 ἐπελάθεσθε
520 1849 585 1884 περὶ
609 1849 671 1876 ὅτου
694 1851 763 1885 πρὸς
789 1851 865 1885 ἡμᾶς

60 1891 237 1927 διεφέρεσθε,
252 1893 298 1919 καὶ
309 1892 374 1919 ἄλλο
387 1893 436 1920 νῦν
447 1895 598 1928 ἐγκαλεῖτε.
622 1895 659 1922 Τὸ
669 1895 723 1931 γὰρ
737 1896 788 1932 ἰδίᾳ
800 1897 862 1924 καθ’

64 1938 144 1972 ὑμᾶς
159 1938 342 1972 ὑφεστηκέναι
353 1939 398 1965 τὸν
410 1939 556 1974 ἑνούμενον
567 1940 642 1973 ἅπαξ
655 1942 743 1967 εἰπεῖν
758 1942 806 1968 ἀνθ
812 1941 863 1977 ρώ-

64 1993 132 2016 πον,
147 1984 177 2010 οὑ
189 1984 395 2020 καταδεχόμεθα
405 1993 413 2000 ·
429 1986 473 2012 ἵνα
487 1987 524 2022 μὴ
537 1986 585 2013 δύο
598 1987 724 2014 ἐντεῦθεν
734 1987 783 2021 τὰς
797 1988 864 2016 ὑπο-

64 2031 179 2062 στάσεις
207 2032 365 2066 σωζομένας
392 2033 422 2059 ὲν
451 2033 490 2068 τῷ
514 2033 642 2066 ἰδιάζοντι
668 2034 787 2070 ἑκατέρᾳ
809 2035 864 2061 τῶν

65 2076 258 2103 συνελθουσῶν
283 2077 355 2114 λόγῳ
377 2081 606 2115 παραστήσαντες
621 2100 628 2111 ,
651 2080 700 2115 τὴν
715 2081 812 2107 ἕνωσιν
832 2082 864 2108 ὲκ

32 2155 42 2165 ,
66 2122 181 2158 βάθρων
199 2124 407 2160 ἀνατρέψωμεν.
439 2125 472 2152 Et
493 2126 548 2160 γὰρ
571 2126 619 2152 καὶ
639 2126 692 2163 ἰδίᾳ
708 2127 864 2161 ὑφεστῶτος

63 2171 202 2203 ἑκατέρου
217 2169 271 2196 τῶν
288 2170 317 2196 ὲν
337 2170 459 2205 Χριστῷ,
475 2171 568 2205 λέγετε
588 2171 700 2198 δυνατὸν
717 2171 788 2200 εἶναι
803 2181 863 2200 τινα

63 2216 168 2242 ἕνωσιν
193 2216 301 2250 αὑτοῖς;
326 2217 360 2244 Ἢ
383 2217 443 2244 καθ’
459 2217 492 2252 ῆν
515 2217 563 2244 καὶ
580 2217 662 2245 Δαΰὶδ
677 2219 715 2254 τῷ
741 2219 863 2255 πολεμίῳ

64 2261 155 2288 αὑτοῦ
183 2262 279 2289 reme
307 2263 377 2289 κατὰ
406 2264 455 2298 τὴν
491 2263 652 2299 συμπλοκὴν
697 2264 744 2291 τοῦ
781 2265 863 2292 πολέ-

67 2317 136 2343 μου,
164 2308 211 2334 καὶ
238 2309 287 2343 τὴν
315 2309 456 2344 ἐνέργειαν
485 2310 536 2345 τῆς
563 2311 669 2337 ἐκείνου
695 2311 863 2346 ἀναιρέσεως

64 2354 211 2390 ἡνωμένος
234 2351 268 2389 ἦν
297 2363 385 2389 φατε;
418 2356 452 2382 Ἠ
473 2356 533 2382 καθ’
562 2356 596 2392 ἢν
628 2357 729 2391 Ἰωσὴφ
751 2359 781 2384 ἐν
812 2359 862 2385 Λί-

63 2400 169 2436 γύπτῳ
201 2399 264 2432 ὢν,
290 2400 329 2436 τῷ
358 2400 488 2437 Βενιαμὶν
518 2402 626 2437 ﬁve-lto;
665 2403 700 2428 ἺΙ
736 2404 798 2430 καθ’
830 2405 863 2439 ἢν

59 2449 80 2482 ἡ
99 2447 227 2482 ἐνέργεια
243 2446 290 2472 τοῦ
313 2447 444 2485 μουσικοῦ
461 2449 494 2483 τῇ
511 2448 628 2484 κιθάρᾳ;
646 2449 681 2475 Ἥ
698 2458 758 2476 τινα
773 2451 864 2477 τοιάν-

58 2495 95 2521 δε
111 2494 295 2528 ὑφεστηκέναι
304 2493 351 2520 οὖν
366 2495 494 2528 πάντως;
512 2495 557 2522 Ἐν
571 2497 647 2532 κοινῇ
658 2496 686 2523 δὲ
699 2497 746 2523 καὶ
763 2498 812 2532 μιᾷ
826 2499 859 2533 τῇ

59 2541 219 2568 ὑποστάσει
233 2541 280 2568 τόν
294 2549 324 2567 τε
341 2541 427 2575 Λόγον
441 2542 488 2568 καὶ
506 2542 555 2577 τὴν
571 2543 661 2578 σάρκα
675 2544 734 2579 ἃμα
748 2544 858 2577 δοξάζο-

61 2596 120 2624 μεν
143 2588 223 2622 ἡμεῖς
235 2595 241 2601 ·
257 2587 336 2620 ὑμεῖς
345 2588 374 2614 δὲ
390 2589 414 2614 εί
434 2589 481 2614 καὶ
498 2588 536 2624 μὴ
549 2590 606 2620 τοῖς
625 2590 714 2625 ἡμῶν,
727 2591 794 2617 ἀλλὰ
804 2592 861 2623 τοῖς

58 2641 100 2668 γε
119 2632 272 2666 ὑμετέροις,
284 2632 342 2664 πῶς
354 2632 404 2659 οὐκ
420 2633 617 2668 ἐπισκήπτετε,
629 2634 658 2660 ὲν
671 2634 709 2668 τῷ
725 2635 804 2670 Λόγῳ
819 2635 862 2661 λέ-

59 2685 164 2714 γοντες
176 2678 223 2704 καὶ
237 2677 315 2705 αὐτοὶ
330 2677 376 2704 τὸν
391 2677 535 2712 ἄνθρωπον
551 2675 636 2711 srvat;
648 2677 684 2704 Τὸ
701 2678 755 2714 γὰρ
766 2678 796 2704 ἐν
807 2687 861 2705 τινι

59 2723 215 2758 λεγόμενον
233 2722 320 2757 εἶναι,
336 2724 387 2758 τὴν
409 2722 506 2749 ἕνωσιν
526 2722 575 2759 τὴν
598 2724 668 2760 πρὸς
686 2724 766 2750 αὑτὸν
791 2733 862 2760 μαρ-

64 2770 204 2805 τύρεται·
219 2769 250 2795 τδ
260 2769 289 2796 δὲ
308 2769 360 2805 ἰδίᾳ
373 2769 506 2804 ἑκατέρου
524 2769 615 2804 λέγειν
638 2770 692 2796 τῶν
717 2770 867 2805 ὑποκειμέ-

63 2825 126 2844 -νων
143 2813 212 2842 εἶναι
224 2816 274 2852 τὴν
290 2817 439 2843 ὑπόστασιν
454 2836 462 2850 ,
483 2817 532 2852 τὴν
555 2816 623 2853 πρὸς
641 2816 743 2852 ἄλληλα
761 2817 864 2844 τούτων

63 2862 212 2892 διάστασιν
232 2861 326 2896 σαφῶς
343 2862 468 2897 ὁμολογεί
483 2871 490 2879 ·
510 2862 598 2889 ταντὰ
614 2863 642 2889 δὲ
658 2863 715 2898 ἅμα
734 2863 798 2899 περὶ
815 2862 862 2890 τοῦ

67 2908 155 2938 αὑτοῦ
172 2908 260 2943 λέγειν
275 2908 289 2943 ἢ
308 2909 415 2943 φρονεῖν
429 2930 434 2941 ,
451 2908 511 2935 λίαν
527 2908 683 2944 asapia-.2.

873 1593 897 1622 (Ζ

911 952 994 987 periit
1007 952 1119 986 quando
1128 952 1271 987 supposita
1281 955 1324 980 est
1336 952 1402 985 Deo,
1411 956 1458 980 aut
1466 960 1521 980 non
1539 954 1661 981 totaliter
1675 955 1701 981 in

911 997 1050 1032 principio
1064 997 1211 1025 substitit?
1233 999 1304 1026 Num
1320 999 1403 1037 enim‘
1420 1007 1501 1028 omne
1517 1001 1592 1036 quod
1604 1001 1704 1037 aliquis

912 1043 1017 1071 diceret
1035 1051 1096 1072 esse
1110 1048 1139 1071 et
1158 1045 1321 1078 subsistere,
1336 1046 1393 1081 jam
1410 1054 1521 1082 quoque
1535 1048 1647 1082 proprie
1661 1055 1705 1076 es-

912 1097 941 1117 se
957 1090 1050 1117 dicet?
1070 1098 1147 1126 ergo,
1168 1099 1230 1119 cum
1254 1099 1315 1120 esse
1331 1092 1450 1120 dicimus
1466 1096 1495 1120 et
1509 1093 1660 1122 subsistere
1675 1094 1703 1121 in

910 1136 1024 1164 homine
1045 1144 1157 1164 manum
1173 1141 1201 1164 et
1218 1137 1328 1172 pedem,
1345 1146 1465 1174 unguem
1487 1143 1515 1166 et
1536 1140 1626 1175 jecur.
1647 1140 1705 1175 jam

913 1189 1023 1217 quoque
1037 1183 1148 1217 proprie
1158 1191 1220 1210 esse
1238 1183 1293 1216 illa,
1308 1187 1337 1211 et
1351 1184 1482 1213 distincte
1496 1185 1626 1220 quodque
1640 1185 1702 1213 illo-

913 1235 973 1254 rum
993 1227 1096 1255 habere
1114 1228 1320 1257 subsistentiam
1343 1230 1525 1265 putabimus?
1540 1237 1567 1258 et
1583 1236 1702 1259 mentem

912 1281 972 1300 esse
998 1273 1025 1300 in
1051 1274 1154 1306 anima,
1178 1279 1206 1302 et
1231 1275 1259 1302 in
1277 1283 1394 1311 corpore
1415 1277 1566 1305 subsistere
1581 1277 1703 1305 colorem

913 1318 1050 1349 dicimus:
1065 1328 1130 1348 num
1157 1320 1241 1356 igitur
1256 1321 1453 1350 subsistentias
1467 1331 1564 1350 eorum
1578 1323 1702 1358 inquire-

912 1366 993 1393 mus?
1010 1371 1038 1393 et
1053 1367 1192 1401 quomodo
1218 1367 1264 1394 hic
1283 1367 1398 1403 aliquid,
1423 1368 1497 1404 quod
1515 1369 1541 1396 in
1554 1369 1646 1404 aliquo
1659 1369 1702 1396 di-

913 1412 986 1439 citur
998 1419 1068 1444 esse,
1085 1420 1135 1440 vos
1154 1413 1234 1440 nobis
1256 1414 1360 1448 pariter
1377 1414 1569 1449 explicabitis?
1584 1415 1631 1443 sed
1646 1415 1703 1444 haec

914 1457 979 1484 talia
1002 1458 1106 1490 dicere,
1133 1449 1264 1494 moxque‘
1278 1459 1378 1486 talibus
1394 1461 1595 1494 contradicere,
1614 1461 1716 1488 stulti»

914 1503 979 1530 tiam
994 1508 1021 1531 ct
1035 1504 1206 1532 dialecticam
1222 1505 1335 1533 multam
1352 1511 1479 1534 testatur.

1241 1597 1315 1625 CAP.
1333 1597 1377 1624 lx.

950 1664 978 1692 Si
996 1664 1024 1691 in
1040 1664 1098 1692 Deo
1115 1664 1206 1692 Verbo
1217 1663 1290 1691 dicis
1305 1663 1458 1691 subsistere
1472 1663 1612 1691 hominem
1629 1671 1705 1691 eno-

912 1709 956 1738 bis
980 1710 1139 1742 oriundum,
1166 1709 1308 1745 quomodo
1325 1709 1378 1736 hoc
1403 1709 1462 1743 ipso
1477 1708 1551 1744 quod
1566 1708 1702 1741 subsistit,

912 1764 968 1783 non
980 1756 1187 1784 subsistentiam
1204 1755 1328 1783 ostendis
1342 1755 1446 1782 habere
1461 1755 1536 1782 illum
1549 1755 1595 1790 qui
1611 1754 1704 1782 subsi-

913 1802 984 1830 stit?
1008 1802 1149 1829 hominem
1172 1801 1285 1836 quidem
1301 1801 1453 1829 subsistere
1480 1801 1509 1828 in
1528 1801 1585 1829 Deo
1602 1800 1703 1833 Verbo,

913 1855 965 1875 nos
990 1849 1077 1883 magis
1093 1855 1176 1882 quam
1191 1855 1242 1875 vos
1263 1847 1433 1881 clamamus;
1451 1847 1512 1880 sed,
1530 1850 1561 1874 ut
1582 1847 1703 1879 videtur,

913 1902 970 1921 non
987 1893 1225 1929 comprehenditis
1240 1893 1269 1921 in
1293 1901 1376 1929 quoa
1401 1893 1483 1921 nobis
1507 1893 1651 1925 diﬂ'eratis,
1677 1898 1704 1922 et

914 1939 989 1967 aliud
1002 1947 1076 1966 nune
1090 1939 1221 1973 obiicitis.
1233 1939 1353 1971 Etenim,
1366 1939 1490 1974 proprie,
1505 1943 1535 1966 ut
1548 1947 1597 1966 vos
1610 1939 1703 1972 vultis,

915 1986 1068 2014 subsistere
1083 1985 1192 2013 unitum
1209 1985 1294 2013 semel
1308 1985 1401 2013 dicere
1421 1985 1572 2019 hominem,
1589 1993 1643 2012 non
1659 1985 1706 2013 ad-

914 2033 1060 2065 mittimus,
1074 2040 1121 2066 ne,
1135 2032 1204 2060 duas
1227 2033 1344 2068 proinde
1367 2033 1560 2060 subsistentias
1584 2036 1706 2060 servatas

915 2079 944 2106 in
957 2079 1065 2107 ratione
1077 2083 1225 2114 utramque
1248 2079 1472 2106 convenientium
1492 2078 1631 2114 propriam
1646 2077 1706 2106 efﬁ-

915 2126 1005 2154 ciente
1020 2129 1192 2161 praestantes,
1207 2132 1223 2153 a
1246 2125 1433 2153 fundamentis
1451 2125 1581 2152 unionem
1596 2131 1704 2153 everta-

915 2179 987 2199 mus.
1007 2171 1035 2198 Si
1055 2171 1130 2198 enim
1153 2171 1263 2206 proprie
1277 2171 1404 2199 subsistit
1417 2176 1566 2206 utrumque
1580 2171 1607 2198 in
1624 2170 1706 2198 Chri-

915 2222 969 2249 sto,
985 2217 1112 2245 dieilisne
1135 2217 1295 2252 possibilem
1305 2225 1366 2245 esse
1380 2217 1453 2244 inter
1463 2221 1611 2251 utrumque
1624 2216 1703 2243 unio-

880 2273 902 2300 ο
915 2263 999 2290 nem?
1013 2271 1048 2290 an
1068 2263 1166 2290 eodem
1182 2263 1265 2290 modo
1288 2271 1343 2297 quo
1359 2263 1444 2290 David
1459 2263 1572 2290 inimico
1588 2271 1638 2290 suo
1654 2262 1708 2290 Go—

915 2309 994 2341 liath,
1010 2317 1059 2344 per
1072 2316 1171 2344 pugnae
1186 2308 1356 2342 conﬂictum,
1370 2314 1398 2336 et
1411 2309 1466 2336 vim
1482 2309 1601 2344 impetus
1614 2309 1705 2344 hujus.

918 2355 1013 2383 unitus
1028 2355 1113 2382 fuerit
1133 2354 1249 2382 dicitis?
1263 2362 1298 2382 an
1317 2363 1350 2382 eo
1374 2355 1458 2382 modo
1483 2363 1538 2390 quo
1550 2355 1652 2390 Joseph
1679 2355 1707 2382 in

915 2401 1033 2438 Egypto
1058 2401 1221 2436 Beujamino
1231 2401 1326 2429 unitus
1351 2401 1475 2428 fuitian
1501 2401 1598 2429 eodem
1625 2401 1707 2428 modo

916 2457 972 2484 quo
987 2448 1086 2476 musici
1097 2448 1181 2475 ardor
1196 2448 1225 2475 in
1235 2455 1284 2475 sua
1297 2448 1405 2476 cithara
1417 2448 1430 2474 ’ἱ
1443 2455 1476 2474 an
1489 2448 1610 2482 aliquam
1625 2447 1706 2475 talem

917 2494 1068 2521 subsistere
1081 2493 1195 2521 omnino
1208 2493 1397 2521 contenditis?
1410 2492 1438 2520 in
1456 2493 1597 2521 communi
1615 2497 1706 2521 autem

914 2544 942 2567 et
956 2546 1009 2566 una
1028 2538 1207 2566 subsistentia
1231 2538 1353 2565 Verbum
1377 2543 1405 2565 et
1429 2546 1539 2566 carnem
1564 2538 1645 2566 simul
1657 2546 1708 2566 nos

915 2589 1096 2620 rcputamus;
1114 2591 1163 2611 vos
1181 2592 1247 2611 vero
1263 2584 1317 2612 etsi
1338 2592 1394 2612 non
1412 2585 1528 2618 nostris,
1549 2585 1597 2612 sed
1620 2590 1648 2613 et
1663 2593 1713 2613 ve.

916 2631 981 2658 stris
994 2630 1141 2658 sententiis
1149 2629 1288 2665 quomodo
1295 2637 1351 2657 non
1363 2630 1484 2662 haeretis,
1494 2630 1583 2665 ipsum
1598 2631 1625 2658 in
1637 2631 1720 2659 νει-κ-

916 2677 952 2705 bo
972 2685 1022 2704 vos
1035 2676 1130 2704 dicitis
1155 2681 1184 2704 et
1205 2676 1347 2704 hominem
1361 2676 1445 2704 esse?
1468 2676 1571 2712 aliquid
1589 2677 1662 2704 enim
1679 2677 1708 2704 in

917 2723 1010 2758 aliquo
1026 2730 1086 2750 esse
1102 2722 1125 2750 si
1139 2722 1258 2756 dicatur,
1277 2721 1342 2750 unio
1354 2722 1501 2758 utriusque
1516 2720 1706 2758 signiﬁcatur,

917 2769 939 2797 si
951 2769 1062 2796 dicatur
1072 2774 1164 2796 autem
1180 2769 1293 2804 proprie
1305 2776 1366 2797 esse
1381 2769 1589 2797 subsistentiam
1603 2769 1706 2798 utrius-

916 2823 970 2850 que
987 2815 1204 2850 suppositorum,
1220 2814 1363 2843 distinctio
1375 2816 1448 2843 inter
1460 2819 1609 2851 utrumque
1634 2816 1707 2843 clare

915 2861 1086 2894 ostenditur;
1102 2861 1198 2889 eadem
1217 2869 1282 2889 vero
1295 2862 1376 2889 simul
1392 2863 1426 2889 de
1437 2862 1533 2889 eodem
1551 2863 1644 2890 dicere
1662 2867 1707 2889 aut

915 2909 1047 2944 cogitare,
1070 2908 1185 2936 nimium
1201 2909 1349 2936 absurdmu
1369 2909 1495 2937 videtur;
