1968 3094
123 169 187 202 1557

598 172 797 204 ADVERSUS
819 171 1137 202 NESTORIANOS.—
1151 172 1224 202 LIB.
1247 173 1287 203 II.

1684 172 1753 205 1558

124 228 169 254 τοῦ
184 228 291 262 Harpe;
305 228 540 264 μαρτυρούμενος,
551 228 597 255 δύο
605 230 690 255 ὅντων
706 230 752 256 καὶ
762 228 907 263 διαφόρων,

975 228 1049 258 ‘iliis.
1067 236 1135 263 quos
1149 229 1251 260 dicitis,
1268 229 1441 256 autChristis
1450 229 1594 264 adjicietis,
1609 235 1656 257 aut
1669 230 1754 266 igitur

120 273 231 306 εἰκότως
242 273 347 300 τονὲνα
362 274 415 300 τῶν
431 274 493 300 καθ’
510 274 581 309 ὑμᾶς
600 275 671 301 Υἱῶν
684 275 699 309 ἢ
713 274 839 309 Χριστῶν
854 282 909 299 παι

122 319 292 354 pag/pi???
310 320 324 355 ἣ
342 320 388 346 οὖν
413 320 458 346 τὸν
483 320 681 355 βαπτιζόμενον
705 321 736 346 τὸ
757 320 910 353 τηνικαῦτα

120 366 225 400 ὁρατὸν,
241 367 257 401 ἦ
273 366 319 392 τὸν
337 367 368 392 ἐκ
383 366 430 392 τοῦ
455 367 562 401 Πατρὺς
583 366 635 401 πρὸ
654 366 760 393 αἰώνων
774 366 889 401 ἀόρατον
901 387 908 396 .

121 414 266 446 ἀναγκαῖον
291 413 364 447 ὑμᾶς
388 413 611 449 παραιτήσασθαι
632 422 638 428 ·
667 413 716 439 ἕνα
741 412 796 446 γὰρ
827 412 909 447 μόνον

122 459 202 485 αὑτοῦ
217 457 285 485 εἶναι
302 460 365 485 Υἱὸν
386 468 452 494 φησι
471 459 567 490 ἑνικῶς
584 460 597 485 ὁ
610 460 704 494 Πατήρ
719 468 725 474 ·
738 459 777 485 ἔτι
795 459 847 493 μὴν
864 458 911 484 καὶ

122 505 249 540 αἰσθητὸν
269 506 330 532 ἐπεὶ
356 506 403 532 καὶ
426 505 570 537 δεικτικῶς
594 506 672 541 ἡμῶν
690 506 746 537 τοῖς
761 505 911 540 ὀφθαλμοῖς

123 553 238 585 ἐμήνυεν
254 552 267 578 ὁ
280 552 375 587 Πατὴρ
390 553 434 578 τὸν
449 552 591 587 ἀγαπητὸν
603 551 700 578 ἑαυτοῦ
717 552 782 578 Υίόν
794 559 800 566 ·
818 551 848 583 ὃς
864 551 912 578 καὶ

123 598 207 630 Λόγος
221 598 337 634 ἀόρατος
351 599 536 633 ὡμολόγηται.
557 599 591 624 Ἢ
602 598 782 634 οὗνψευδὴςή
799 598 845 625 τοῦ
857 599 914 624 Πα-

122 644 185 678 τρὶς
202 645 349 679 μαρτυρία,
377 645 392 680 ἣ
421 645 553 680 περιδεῶς
574 646 605 671 ἐκ
620 645 668 671 τοῦ
688 645 780 679 λογίου
801 645 864 677 δόξα

124 689 204 724 ᾶμσω
217 690 230 716 ὁ
244 691 323 722 αὐτὸς
335 689 368 726 ἦν
383 693 396 718 ὸ
410 692 633 727 μαρτυρούμενος
643 692 717 725 Υἱὸς,
729 691 856 727 αἰσθητὸς
869 691 914 717 καὶ

124 736 244 770 ἀόρατος.

427 785 554 812 ΚΕΦΑΛ.
569 786 618 812 lB'.

159 831 189 857 Εἰ
205 832 274 857 κατὰ
294 831 377 866 φύσιν
404 833 488 867 μηδὲν
503 832 628 866 διαφέρει
653 832 684 858 τὸ
712 832 791 867 σῶμα
811 832 915 867 Πέτρου

125 877 170 903 τοῦ
186 877 312 912 σώματος
325 878 443 910 Παύλου,
458 878 518 909 πῶς
534 878 567 905 ἂν
583 879 642 905 καθ’
656 878 805 906 ὑπόστασιν
816 880 845 905 οὑ
858 879 916 906 δια-

961 275 1129 309 baptizatum
1145 279 1172 302 et
1185 280 1250 302 tunc
1266 275 1415 308 visibilem,
1429 280 1476 302 aut
1488 284 1521 303 ex
1537 276 1616 303 Patre
1630 277 1758 312 genitum

962 325 1024 348 ante
1041 322 1138 348 szccula
1154 321 1332 353 invisibilem,
1345 329 1458 349 necesse
1473 326 1514 349 est
1530 330 1578 349 vos
1594 323 1753 356 implorare.

962 367 1052 394 Unum
1070 367 1144 394 enim
1161 367 1249 394 solum
1272 375 1351 394 suum
1376 375 1437 394 esse
1457 367 1557 394 Filium
1584 368 1663 395 unice
1686 368 1754 395 dicit

962 413 1053 440 Pater.
1071 413 1169 440 Adhuc
1185 418 1213 441 et
1227 413 1374 441 visibiliter
1392 418 1419 441 et
1433 419 1527 449 aperte
1541 415 1643 442 nostris
1666 414 1755 442 oculis

963 459 1094 486 indicavit
1110 459 1190 487 Pater
1201 459 1332 487 dilectum
1351 467 1430 487 suum
1452 460 1561 489 Filium.
1579 460 1625 495 qui
1643 464 1670 487 et
1687 460 1755 487 Ver-

964 505 1028 532 bum
1052 505 1189 533 invisibile
1212 506 1384 540 agnosaitur.
1409 506 1481 542 Ergo
1503 510 1550 533 aut
1574 506 1690 534 mendax
1713 511 1756 534 est.

963 551 1052 578 Patris
1068 551 1266 584 testimonium,
1281 551 1323 579 vel
1339 559 1354 579 e
1376 551 1512 587 stppendo
1526 551 1638 579 oraculo
1653 551 1756 586 gloriﬁ-

964 597 1051 629 catio;
1068 601 1115 624 aut
1131 601 1246 631 uterque
1261 597 1333 624 idem
1347 601 1389 624 est
1404 597 1489 624 Filius
1507 597 1694 625 testimonium
1710 605 1756 624 ac-

964 643 1079 678 cipiens,
1094 643 1233 671 sensibilis
1249 647 1276 670 et
1292 643 1418 671 visibilis.

1283 777 1358 805 CAP.
1380 777 1441 805 Xll.’

1001 824 1029 852 Si
1046 823 1199 851 secundum
1225 828 1352 850 naturam
1375 823 1444 850 nihil
1460 823 1553 851 differt
1568 824 1641 851 Petri
1660 832 1761 860 corpus

968 877 982 896 a
997 877 1110 905 corpore
1126 869 1213 901 Pauli,
1231 869 1369 904 quomodo
1385 869 1536 896 secundum
1554 870 1760 898 subsistentiam

125 923 222 957 φέροι;
239 923 269 950 Εἰ
283 923 311 950 δὲ
332 924 399 959 μηδὲ
418 924 479 951 καθ’
502 924 652 951 ὑπόστασιν
677 925 803 960 διαφέρει
818 945 825 957 ,
841 925 871 951 τὸ
887 925 915 952 δὲ

975 924 1022 943 ion
1036 916 1178 944 diﬂ‘erret?
1191 917 1234 944 sin
1250 921 1342 944 autem
1358 924 1413 944 non
1432 917 1584 944 secundum
1606 917 1761 945 subsisten—

128 969 197 1004 μήτε
211 971 245 1005 τῇ
259 969 351 1003 φύσει,
371 970 440 1005 μήτε
455 971 487 1005 τῇ
501 971 651 997 ὑποστάσει
662 970 802 1005 διαφέρον,
819 970 916 998 ταυτὸν

126 1016 158 1041 ἂν
173 1015 215 1050 εἴη
229 1016 299 1042 κατὰ
311 1016 409 1048 πάντα,
423 1015 482 1047 πῶς
495 1016 545 1043 οὐκ
561 1016 636 1042 ἔσται
654 1016 757 1051 Πέτρου
774 1016 822 1042 καὶ
843 1015 918 1042 Παύ-

124 1061 183 1093 λου,
201 1061 230 1087 ἐν
245 1061 274 1088 τὸ
288 1061 367 1096 σῶμα
380 1063 426 1088 καὶ
443 1062 542 1088 ταυτὸν
556 1061 627 1088 κατὰ
641 1062 729 1088 πάντα
743 1081 749 1091 .
769 1062 838 1097 ὅπερ
853 1061 918 1088 ἁδύ-

125 1116 219 1140 νατον;
243 1108 323 1134 Ἀλλὰ
338 1107 446 1143 πρῶτον
465 1107 514 1143 μὲν
534 1108 581 1134 καὶ
606 1107 686 1142 σῶμα
711 1107 837 1140 σώματος
857 1108 917 1134 δια-

127 1153 205 1189 φέρει
225 1153 296 1180 κατὰ
312 1153 392 1188 φύσιν
409 1153 458 1188 τὴν
471 1153 549 1185 ἰδίαν,
565 1151 598 1188 ἧς
617 1153 664 1180 νῦν
684 1154 733 1189 τὴν
748 1153 840 1189 κοινὴν
852 1154 918 1189 ἡμῖν

126 1199 341 1234 ἁντεισηγάγετε
357 1199 509 1225 οίτοσαῦτα
520 1199 571 1234 πρὸ
581 1199 695 1234 βραχέος
706 1200 762 1230 τοῖς
778 1200 918 1232 εἰσάγουσι

128 1243 177 1279 τὴν
203 1244 297 1278 κοινὴν
317 1243 399 1279 φύσιν
415 1245 461 1271 ἐπὶ
480 1244 527 1270 τοῦ
550 1244 695 1278 ἀνθρώπου
724 1244 918 1278 καταχέαντες.

129 1290 166 1317 Οὐ
180 1291 352 1326 γὰρταυτδν,
368 1290 430 1317 οὔτε
444 1290 483 1325 τῷ
499 1291 619 1326 ἀριθμῷ,
633 1289 694 1316 οὔτε
708 1290 782 1325 πάσῃ
799 1290 919 1325 ποιότητι

128 1338 231 1371 φυσικῇ
241 1338 296 1363 πᾶν
310 1337 390 1371 σῶμα
406 1345 411 1351 ·
426 1337 506 1371 εἴπερ
528 1338 564 1371 μὴ
581 1336 678 1362 ταυτὸν
702 1337 733 1371 τῇ
752 1336 830 1370 φύσει
854 1336 921 1371 μηδὲ

128 1384 182 1413 ’πᾶς
196 1382 271 1414 λίθος
282 1383 330 1409 καὶ
346 1383 430 1416 φυτὸν
442 1383 536 1409 καὶτὰ
550 1383 633 1409 λοιπά
644 1390 651 1397 ·
666 1382 713 1408 καὶ
729 1385 783 1416 γὰρ
797 1381 921 1417 ἀλλήλων

128 1428 266 1464 φθαρτικὰ
277 1429 362 1455 πολλὰ
375 1430 446 1463 φυτὰ
461 1429 509 1455 καὶ
528 1429 596 1454 λίθοι
613 1437 620 1444 ·
638 1429 685 1455 καὶ
700 1429 774 1463 ὅμως
786 1428 856 1454 λίθοι
873 1427 921 1454 καὶ

129 1475 215 1508 φυτόν
235 1474 296 1501 οὔτε
311 1475 366 1510 γὰρ
387 1476 463 1501 πᾶσα
482 1475 551 1510 σὰρξ
597 1474 666 1509 αὑτὴ
681 1474 750 1508 σὰρξ
763 1484 769 1489 ·
783 1474 840 1501 ἀλλ’
855 1475 921 1510 ἄλλη

130 1520 180 1556 μὲν
197 1521 340 1553 πετεινῶν,
356 1521 423 1556 ἄλλη
438 1522 466 1547 δὲ
481 1521 580 1556 ἰχθύων
596 1521 643 1547 καὶ
658 1521 789 1555 ἑρπετῶν,
807 1521 855 1548 καὶ
869 1520 921 1546 σώ-

130 1575 204 1602 ματα
217 1567 338 1601 ἐπίγεια,
358 1568 403 1594 καὶ
417 1567 532 1602 σώματα
546 1567 695 1603 ἐπουράνια
712 1574 719 1581 ”
736 1567 785 1593 οὐκ
803 1567 855 1600 ἄρα
875 1565 922 1593 οὖν
936 1584 957 1612 C

128 1614 172 1640 δια
186 1614 216 1640 τὸ
228 1614 356 1649 διάφορον
373 1613 423 1648 τῆς
441 1614 550 1648 φύσεως
560 1633 567 1646 ,
585 1613 692 1648 ἀνάγκη
711 1613 842 1648 διαφόρου
856 1613 923 1639 ὑπο-

130 1660 252 1691 στάσεως
263 1661 355 1692 αὐτοῖς
370 1661 410 1692 εἰς
422 1661 559 1695 διάκρισιν
570 1668 577 1674 ·
600 1659 640 1686 ἔτι
658 1660 710 1694 μὴν
722 1660 746 1686 εἰ
764 1659 823 1686 τάδε
838 1660 923 1686 αἴτιον

130 1707 179 1741 τῆς
190 1707 285 1741 χρείας
300 1707 354 1733 τῶν
384 1706 561 1733 ὑποστάσεων
593 1707 622 1732 ὲν
646 1705 767 1740 Χριστῷ,
785 1705 925 1741 διαφόρων

130 1753 219 1779 οὐσῶν
234 1753 288 1779 τῶν
306 1753 414 1787 φύσεων
430 1774 436 1784 ,
458 1753 616 1786 ἀναγκαίως
633 1753 682 1779 οὑκ
705 1752 781 1778 ἔσται
809 1752 925 1788 διαφορὰ

133 1800 320 1826 ὑποστάσεων.
344 1800 418 1834 Πλὴν
444 1799 562 1825 δεδόσθω
591 1799 656 1833 ὑμῖν
683 1798 744 1824 καθ’
773 1799 925 1825 ὑπόστασιν

131 1846 242 1876 πάντως
264 1845 405 1880 διαφέρειν
420 1853 427 1859 ·
449 1845 504 1870 εἴτε
527 1844 652 1879 διαφέροι
673 1844 743 1871 κατὰ
765 1843 847 1878 φύσιν
870 1844 925 1870 εἴτε

132 1891 180 1917 καὶ
207 1890 244 1926 μὴ
271 1892 360 1917 πάντα
373 1890 409 1917 τὰ
428 1890 542 1925 σώματα
554 1897 560 1904 ⁸
580 1889 648 1916 ἀλλὰ
665 1890 745 1924 δῆλον
759 1910 765 1922 ,
781 1890 818 1922 ὡς
831 1889 865 1916 τὰ
889 1890 925 1926 μὴ

133 1938 261 1972 ἡνωμένα
279 1937 404 1972 ἀλλήλοις
421 1945 427 1951 ·
445 1937 475 1963 οὑ
500 1937 554 1973 γὰρ
580 1937 628 1963 καὶ
647 1937 676 1963 ἐν
695 1936 734 1972 τῷ
758 1936 852 1972 μὺδρῳ
867 1937 926 1963 διά-

134 1991 212 2018 φοροι
230 1982 396 2014 ὑποστάσεις
411 1982 529 2017 ὁρῶνται
542 1990 549 1997 ⁵
564 1982 611 2008 καὶ
622 1983 668 2009 ἐπὶ
682 1982 729 2009 τοῦ
743 1982 846 2018 Κυρίου
861 1982 925 2017 ἄρα,

133 2031 158 2057 εἰ
179 2030 228 2065 μὲν
248 2031 332 2066 χωρὶς
346 2029 468 2061 subs-eui;
486 2029 575 2056 αὐτῶν
590 2037 682 2064 φαμεν
703 2029 736 2056 τὰ
755 2029 815 2056 κατ’
833 2028 926 2060 αὐτον,

133 2077 217 2108 ὅντως
229 2077 289 2103 δέον
303 2077 319 2111 ἦ
334 2076 381 2103 καὶ
393 2076 502 2110 φύσεων
516 2076 562 2102 καὶ
575 2076 752 2103 ὑποστάσεων
765 2075 864 2102 εἰδέναι
877 2075 927 2109 τὴν

132 2123 274 2158 διαφορὰν,
291 2122 308 2158 ἢ
329 2122 439 2153 πάντως
451 2130 482 2156 γε
499 2121 554 2148 τῶν
572 2122 760 2149 ὑποστάσεων.
784 2122 837 2149 Καὶ
848 2122 927 2149 τοῦτο

133 2170 162 2196 δὲ
174 2169 253 2204 δῆλον
264 2170 305 2196 ὅτι
321 2170 344 2196 ει
363 2169 400 2204 μὴ
414 2167 448 2204 ἦν
463 2169 517 2196 τῶν
536 2169 644 2203 φύσεων
662 2169 799 2205 ἐξαλλαγὴ
819 2177 826 2185 ’
850 2170 874 2196 εί
897 2169 926 2195 δὲ

134 2217 181 2244 καὶ
195 2217 265 2243 κατὰ
277 2216 358 2250 φύσιν
371 2216 555 2251 διαφερόντων
570 2215 650 2242 τινῶν
663 2217 691 2242 ἐν
705 2216 780 2250 αὐτῷ
798 2216 847 2243 καὶ
859 2215 927 2242 ἓνω-

968 963 1034 990 tiam
1053 963 1155 996 diﬂcrt,
1179 968 1207 990 et
1231 964 1305 998 quod
1325 971 1416 998 neque
1432 969 1541 997 natura,
1562 971 1652 999 neque
1668 964 1761 991 subsi-

968 1009 1068 1037 stentia
1093 1009 1224 1037 ditIerens
1237 1013 1292 1042 cst,
1319 1009 1393 1037 idem
1418 1009 1454 1037 sit
1477 1009 1629 1038 secundum
1653 1009 1760 1043 omnia,

968 1055 1108 1089 quomodo
1130 1063 1185 1082 non
1206 1055 1259 1082 erit
1273 1055 1346 1083 Petri
1363 1061 1390 1084 et
1406 1055 1483 1083 Pauli
1509 1064 1593 1083 unum
1618 1063 1719 1091 corpus
1736 1060 1763 1084 et

969 1101 1041 1128 idem
1064 1102 1216 1129 secundum
1241 1103 1344 1134 omnia,
1360 1103 1433 1137 quod
1458 1102 1629 1138 impossibile
1644 1103 1702 1130 est?
1715 1103 1762 1130 sed

969 1148 1088 1183 primum
1102 1149 1213 1184 quidem
1226 1157 1326 1184 corpus
1341 1157 1356 1176 a
1370 1157 1486 1184 corpore
1502 1149 1595 1177 diﬂ‘crt
1611 1149 1762 1177 secundum

970 1200 1096 1222 naturam
1116 1196 1320 1230 particularem,
1337 1196 1381 1223 cui
1402 1205 1476 1224 nunc
1491 1204 1665 1224 communem
1682 1196 1765 1223 nobis

970 1245 1096 1268 naturam
1114 1241 1260 1273 confertis,
1277 1251 1339 1270 cum
1364 1243 1446 1278 paulo
1470 1247 1534 1271 ante
1556 1243 1619 1270 talia
1641 1244 1765 1279 jactastis

971 1286 1052 1313 nobis
1063 1286 1260 1315 inducentibus
1270 1295 1445 1316 communem
1458 1292 1585 1316 naturam
1600 1289 1628 1316 in
1640 1289 1764 1316 homine.

971 1332 1032 1360 Non
1054 1333 1127 1360 enim
1155 1334 1227 1362 idem
1251 1340 1303 1367 est,
1327 1343 1418 1370 neque
1443 1343 1571 1369 numero,
1594 1343 1686 1371 neque
1710 1340 1766 1364 tota

973 1384 1111 1408 structura
1126 1389 1207 1408 omne
1220 1389 1335 1417 corpus;
1351 1382 1489 1417 siquidem
1507 1391 1563 1410 non
1576 1383 1649 1410 idem
1662 1388 1703 1411 est
1720 1392 1768 1411 na-

974 1430 1034 1453 tura
1047 1434 1137 1461 neque
1151 1427 1221 1462 lapis
1236 1435 1324 1462 neque
1342 1428 1444 1463 planta,
1461 1433 1538 1455 etc...
1552 1428 1660 1456 Etenim
1675 1429 1768 1456 multa:

974 1472 1092 1500 invicem
1118 1480 1146 1500 se
1164 1473 1312 1500 destruunt
1329 1474 1429 1509 planta:
1451 1478 1479 1502 et
1505 1475 1623 1510 lapides,
1649 1479 1677 1502 et.
1701 1476 1767 1502 item

974 1519 1081 1553 lapides
1099 1524 1124 1546 et
1143 1519 1259 1554 plantae;
1281 1530 1290 1546 ‹
1308 1520 1403 1555 Neque
1423 1521 1496 1547 enim
1520 1521 1611 1548 omnis
1635 1529 1699 1548 caro
1721 1529 1768 1549 ea-

975 1565 1036 1592 dem
1051 1573 1125 1597 caro,
1143 1566 1190 1593 sed
1211 1566 1264 1593 alia
1285 1567 1397 1601 quidem
1413 1567 1566 1600 volucrum,
1580 1567 1632 1595 alia
1647 1575 1713 1595 vero
1725 1569 1769 1603 pi-

975 1611 1062 1639 scium
1080 1616 1108 1639 et
1123 1613 1310 1647 serpentium;
1327 1617 1354 1640 et.
1374 1621 1491 1648 corpora
1507 1614 1648 1642 terrestria
1665 1618 1693 1641 et.
1708 1622 1770 1643 cor-

976 1665 1040 1692 pora
1066 1659 1188 1686 coelestia
1206 1659 1227 1687 ".
1251 1670 1259 1684 ι
1275 1659 1335 1687 Non
1351 1660 1436 1695 igitur
1450 1667 1501 1695 per
1516 1665 1623 1688 natura:
1637 1661 1770 1689 diﬂ'eren-

977 1704 1053 1734 tiam,
1070 1706 1220 1733 necessitas
1236 1705 1293 1732 illis
1308 1709 1349 1732 est
1361 1705 1516 1734 differentis
1536 1706 1723 1735 subs’istentim
1735 1708 1768 1736 ad

976 1750 1194 1778 distinctionem.
1219 1751 1287 1782 lmo,
1301 1751 1323 1778 si
1336 1751 1394 1779 hrcc
1417 1755 1460 1779 est
1483 1760 1564 1780 causa
1587 1761 1637 1780 cur
1653 1761 1724 1788 opus
1735 1754 1771 1782 sit

976 1797 1163 1825 subsistentiis
1178 1797 1205 1824 in
1221 1797 1340 1830 Christo,
1358 1805 1420 1825 cum
1434 1797 1598 1826 diﬂcrcntire
1615 1799 1672 1826 sint
1692 1804 1771 1827 natu-

977 1851 1033 1876 rae,
1056 1843 1214 1871 necessario
1240 1852 1295 1872 non
1314 1844 1368 1871 erit
1394 1844 1552 1872 diﬂ'erenlia
1577 1846 1770 1874 subsistentia-

977 1896 1049 1915 rum.
1075 1888 1270 1916 Verumtamen
1304 1889 1473 1917 concedatur
1502 1890 1582 1917 vobis
1616 1891 1769 1919 secundum

978 1933 1184 1961 subsistentiam
1209 1934 1331 1962 totaliter
1351 1935 1473 1968 (lit‘t‘erre,
1497 1936 1555 1963 sive
1577 1936 1708 1964 differant
1730 1945 1773 1965 sc-

978 1981 1099 2008 cundum
1120 1987 1258 2014 naturam,
1281 1982 1339 2010 sive
1362 1990 1428 2016 non,
1448 1983 1541 2011 omnia
1565 1992 1692 2019 corpora.
1719 1985 1772 2013 Sed

978 2027 1092 2055 evidens
1109 2031 1151 2055 cst
1169 2028 1214 2055 illa
1233 2036 1288 2055 non
1305 2036 1367 2056 esse
1383 2029 1460 2057 unita
1478 2030 1531 2058 alia
1545 2038 1608 2058 cum
1622 2031 1703 2064 aliis;
1718 2040 1773 2063 non

978 2073 1051 2100 enim
1063 2074 1090 2101 in
1101 2073 1176 2102 ferro
1188 2074 1323 2102 candente
1340 2075 1500 2103 diﬂ‘ercntes
1515 2077 1702 2105 subsistentia:
1715 2085 1774 2105 cer-

979 2123 1093 2146 nuntur.
1109 2119 1145 2146 Et
1161 2119 1188 2146 in
1206 2120 1323 2147 Domino
1343 2119 1437 2155 igitur,
1454 2121 1477 2148 si
1502 2121 1535 2148 de
1559 2122 1633 2150 illius
1649 2123 1775 2158 proprie-

980 2165 1084 2193 tatibus
1106 2165 1165 2193 sine
1186 2166 1288 2193 unione
1312 2167 1464 2202 loquimur,
1488 2167 1576 2203 reipsa
1594 2173 1705 2203 oportet
1727 2174 1774 2196 aut

980 2216 1141 2239 naturarum
1155 2217 1182 2239 ct
1194 2212 1436 2240 subsistentiarum
1447 2221 1562 2241 noscere
1575 2214 1772 2248 ditIerentiam,

134 2272 177 2290 σιν
190 2263 389 2298 ὁμολογοῦμεν,
408 2263 433 2289 εί
447 2262 495 2289 καὶ
510 2262 662 2298 ἀσύγχυτον
672 2283 679 2294 ,
694 2261 736 2293 τίς
750 2263 765 2297 ἡ
782 2262 862 2297 χρεία
881 2261 921 2289 δύι

981 2263 1028 2286 aut
1038 2259 1152 2286 omnino
1163 2258 1421 2293 subsistentiarum;
1434 2263 1461 2287 et
1472 2260 1524 2287 hoc
1534 2264 1575 2287 est
1586 2261 1775 2295 perspicuum,

135 2312 312 2338 ὑποστάσεων
326 2319 333 2344 ;
348 2311 405 2337 ἀλλ’
421 2311 508 2342 οὕτως
527 2310 576 2344 μὲν
587 2310 660 2337 τάδε.
678 2310 732 2336 Ποῦ
751 2310 779 2336 δὲ
790 2310 865 2345 ὅμως
873 2309 927 2337 τινὶ

133 2359 239 2385 δέδοται
259 2358 306 2385 καὶ
326 2358 357 2384 τὸ
381 2357 461 2392 σῶμα
489 2356 593 2383 Παύλου
607 2355 728 2392 ἡνῶσθαι
745 2356 812 2391 πρὸς
828 2356 859 2383 τὸ
873 2356 926 2382 Πέ-

132 2413 210 2440 τρου,
221 2405 264 2431 ἴνα
279 2404 308 2430 τὸ
323 2405 415 2439 ὅμοιον
425 2403 474 2440 ἔχῃ
484 2403 545 2430 τάδε
562 2403 630 2439 πρὸς
643 2403 692 2439 τὴν
705 2402 848 2439 Κυριακὴν
861 2403 928 2429 ἕνω-

134 2459 178 2478 σιν
190 2470 196 2482 ,
211 2451 294 2486 ἡνίκα
308 2452 322 2477 ὁ
339 2451 387 2486 μὲν
404 2451 507 2483 τοῖςιὲκ
531 2450 684 2485 περιτομῆς
706 2451 735 2476 ὲν
760 2450 792 2484 τῇ
812 2449 929 2484 Ἰουδαίᾳ

134 2498 182 2524 καὶ
199 2497 377 2532 Παλαιστίνῃ,
407 2498 420 2523 ὁ
436 2497 464 2523 δὲ
480 2499 537 2529 τοῖς
562 2497 591 2523 ἐν
618 2495 744 2531 Κορίνθῳ
770 2495 859 2522 ἔθνεσι
882 2495 930 2521 καὶ

141 2543 240 2579 Ἀχαΐᾳ
255 2543 302 2569 καὶ
318 2543 475 2578 Μακεδονία
491 2541 686 2576 συνηυλίζέτο;
703 2541 740 2567 Οὐ
761 2541 815 2576 γὰρ
834 2541 928 2568 τοιαύ-

134 2597 186 2623 την
200 2588 291 2621 δεξιὰν
304 2587 449 2618 κοινωνίας
467 2587 534 2623 πρὸς
547 2586 595 2623 τὴν
610 2587 699 2621 σάρκα
712 2586 859 2613 δεδωκέναι
877 2595 928 2622 φα-

137 2634 187 2669 μὲν
197 2634 243 2660 τὸν
256 2633 353 2668 Λόγον,
366 2633 424 2660 οἵαν
441 2633 544 2668 Πέτρος
556 2633 752 2668 ἀφοριζόμενος
764 2633 803 2664 εἰς
815 2631 864 2668 τὴν
878 2641 928 2658 πε-

137 2680 262 2715 ριτομὴν,
288 2679 330 2716 τῷ
346 2680 446 2715 Παύλῳ
463 2679 690 2714 ἀποστελλομένῳ
710 2679 776 2714 πρὸς
797 2678 832 2705 τὰ
852 2679 926 2713 ἔθνη.

144 2727 214 2752 Ἀλλ’
234 2727 333 2754 ἕνωσιν
358 2726 445 2762 ἁληθῆ
473 2725 662 2761 πιστεύομεν,
691 2725 739 2751 καὶ¹
761 2724 930 2760 συνύπαρξιν

136 2772 227 2799 αὐτῶν
243 2773 281 2805 είς
296 2775 360 2806 τοὺς
378 2772 443 2808 ἑξῆς
461 2773 562 2804 αἰῶνας
591 2772 710 2808 φυσικὴν
733 2771 766 2798 δι’
785 2772 931 2798 ὑποστατι-

138 2819 190 2854 κῆς
206 2818 329 2851 ὲνώσεως
348 2829 354 2835 ·
370 2821 395 2847 εί
408 2821 455 2847 καὶ
471 2820 574 2855 ταύτην
594 2819 674 2855 ὑμεῖς
697 2818 822 2854 φανερῶς
845 2819 931 2853 ἀπηρ-

139 2865 270 2899 νὴσασθε,
281 2866 328 2892 καὶ
342 2867 417 2893 οὐδὲν
433 2868 542 2899 ἑαυτοῖς
553 2866 679 2902 λείψανον
695 2866 743 2901 τῆς
758 2864 931 2900 Χριστιανῶν

177 2926 187 2940 ¹
208 2925 293 2952 lCor.
315 2933 358 2956 xv,
379 2924 476 2957 59,40.

981 2305 1035 2333 nisi
1048 2311 1122 2333 esset
1141 2310 1302 2333 naturarum
1320 2307 1525 2334 transmutatio.
1539 2306 1567 2334 Si
1583 2311 1675 2334 autem
1698 2307 1777 2335 dilic-

982 2352 1102 2379 rcntium
1125 2352 1152 2379 in
1170 2353 1216 2380 illo
1240 2353 1423 2388 quorumdam
1442 2353 1572 2381 unionem
1586 2353 1774 2387 admittimus,

982 2399 1107 2434 quamvis
1134 2399 1318 2432 inconfusam,
1341 2408 1402 2435 quae
1424 2401 1575 2428 necessitas
1590 2401 1644 2428 erit
1660 2401 1776 2429 duarum

983 2445 1242 2473 subsistentiarum?
1254 2446 1301 2474 sed
1316 2446 1353 2474 ita
1361 2446 1474 2482 quidem
1487 2447 1565 2481 haec;
1580 2448 1777 2483 quomodoau—

985 2496 1039 2519 tem
1054 2492 1135 2519 simul
1150 2492 1328 2520 contenditur
1341 2492 1375 2519 ab
1392 2492 1484 2528 aliquo
1498 2501 1599 2528 corpus
1612 2493 1686 2521 Petri
1704 2493 1777 2520 uniri

984 2538 1093 2574 corpori
1112 2538 1206 2571 Pauli,
1229 2544 1259 2566 ut
1277 2539 1381 2573 aliquid
1404 2539 1506 2567 habeat
1522 2539 1612 2567 simile
1629 2539 1778 2567 Dominica}

985 2585 1105 2617 unionis,
1125 2593 1188 2612 cum
1213 2585 1258 2612 ille
1282 2586 1408 2621 regiones
1429 2585 1458 2613 in
1483 2585 1603 2614 circuitu
1629 2586 1702 2614 circa
1728 2587 1777 2615 Ju<

983 2631 1068 2658 daeam
1082 2635 1110 2659 et
1124 2631 1307 2663 Palmstinam,
1321 2631 1367 2659 hic
1376 2640 1441 2660 vero
1455 2632 1631 2665 Corinthum,
1646 2633 1777 2661 Achaiam

983 2682 1010 2705 et
1036 2677 1222 2705 Macedoniam
1251 2678 1400 2706 incoleret?
1425 2686 1481 2706 non
1507 2679 1581 2707 enim
1608 2679 1661 2706 tale
1688 2679 1778 2707 foedus

985 2725 1192 2752 communitatis
1207 2725 1282 2752 carni
1298 2725 1408 2752 dedisse
1419 2725 1539 2753 Verbum
1553 2725 1682 2758 dicimus,
1697 2726 1777 2761 quala

985 2770 1083 2797 Petrus
1106 2775 1248 2805 separatus
1274 2771 1301 2798 in
1328 2771 1494 2804 circuitum,
1519 2772 1605 2799 Paulo
1627 2771 1661 2799 ad
1684 2777 1779 2807 gentes

986 2817 1085 2849 misso;
1100 2817 1146 2844 sed
1160 2818 1290 2845 unionem
1306 2826 1398 2845 veram
1411 2818 1560 2851 credimus,
1573 2822 1601 2846 et
1612 2818 1779 2846 coexsisteu-

987 2863 1051 2891 tiam
1071 2863 1098 2891 in
1121 2864 1300 2900 sequentibus
1316 2865 1423 2893 szeculis
1447 2865 1599 2893 naturalem
1621 2873 1670 2901 per
1686 2865 1778 2893 subsi-
