1968 3094
205 154 273 188 1559

849 154 1002 184 LEONTII
1021 153 1222 183 B¥ZANTIN~1

1759 145 1832 179 1560

202 211 357 239 stentialem
373 209 512 237 unionem.
530 209 558 237 Si
579 217 629 237 vos
647 209 720 237 illam
737 213 830 244 aperte
847 215 992 235 recusave-

1059 207 1185 238 ὑσεδείας
1211 207 1250 238 είς
1276 205 1321 232 τὸν
1345 205 1393 239 τῆς
1423 203 1582 238 οἰκονομίας
1613 201 1693 236 λόγον
1727 201 1833 236 [eubd-

202 257 274 287 ritis.
289 255 357 283 nihil
370 255 525 283 Christianae
541 255 653 290 pietatis
667 255 803 289 reliquum
817 253 844 280 in
855 253 989 279 rationem

203 301 400 330 incarnationis
414 300 493 329 vobis
506 300 573 336 ipsis
584 299 777 327 conservaslis.

514 358 589 386 CAP.
610 358 680 385 Xlll.

239 406 387 440 Postquam
403 404 560 439 garrierunt
576 408 604 431 et
622 403 719 431 dicere
732 402 835 437 aliquid
859 402 910 428 visi
929 407 995 429 sunt

203 450 366 481 astantibus,
391 449 478 484 rogati
501 454 532 476 ut
553 448 700 475 ostendant
721 452 847 474 naturam
870 446 993 474 insubsi-

204 500 332 528 stentem,
352 501 459 531 tergum
473 494 753 529 praebentquzerenti,
775 493 925 527 dicuntque
946 500 993 520 na-

205 548 293 569 turam
317 541 408 575 reipsa
426 547 481 567 non
500 547 559 567 esse
582 539 825 571 insubsistentcm;
842 538 995 566 subsisten-

203 594 246 615 tes
259 587 332 614 enim
347 586 465 614 dicimus
481 591 509 613 et
523 593 574 613 nos
591 585 736 617 essentias,
753 585 839 612 aiunt.
857 584 910 611 Sed
926 591 993 614 non,

204 633 225 660 si
241 632 308 667 quid
325 636 368 659 est
391 631 563 663 subsistens,
588 629 657 658 illud
679 635 721 657 est
742 630 941 662 subsistentia;
965 633 994 657 ut

203 679 262 705 sine
281 677 366 705 dubio
383 685 448 709 non,
465 677 487 704 si
503 677 570 711 quid
587 668 744 708 essentiale,
761 676 829 703 illud
844 681 886 704 est
901 684 995 703 essen-

204 725 251 757 tia,
269 731 330 751 cum
346 728 448 751 sanctas
468 723 577 750 Triadis
598 722 791 750 subsistentias
807 727 864 750 tres
876 730 936 750 esse
952 722 994 749 di-

203 771 301 803 cimus,
315 774 343 798 et
357 770 418 798 illas
434 770 593 797 essentiales
603 778 610 801 ;
622 773 653 796 et
662 777 717 796 non
731 768 850 796 dicimus
861 769 889 795 in
906 768 994 795 tribus

203 815 392 842 subsistentiis
417 818 474 842 tres
497 813 647 846 essentias,
672 813 799 848 quamvis
819 812 993 840 essentialem

203 862 381 890 admittentes
393 868 530 896 quamque
546 860 788 888 subsistentiarum
809 867 880 887 esse.
900 859 928 886 Si
944 858 995 893 igi-

205 914 249 936 tur
265 907 412 935 dicendum
430 910 482 938 est,
498 906 648 941 inquimus,
671 910 727 932 tres
743 904 936 932 subsistentias
951 912 995 931 es-

204 953 332 982 sentiales
349 953 376 980 in
392 960 445 979 una
467 952 596 983 essentia,
611 951 737 986 sequitur
750 950 894 977 evidenter
914 955 995 978 natu-

205 1007 249 1027 ras
263 1006 373 1034 queque
387 997 534 1026 dicendum
545 997 728 1026 subsistentes
741 996 810 1024 duas
822 996 850 1023 in
866 1004 919 1023 una
932 995 996 1023 sub-

205 1045 348 1078 sistentia;
375 1048 404 1072 et
432 1043 470 1071 ita
500 1051 590 1078 neque
615 1046 741 1070 naturam
770 1041 995 1070 insubsistentem

204 1090 333 1122 dicimus,
349 1097 439 1124 neque
455 1088 523 1116 duas
537 1087 731 1116 subsistentias
752 1094 812 1114 esse
832 1086 902 1114 duas
914 1090 997 1113 natu-

207 1144 251 1164 ras
267 1136 416 1168 docemus;
444 1139 476 1162 ut
498 1142 587 1169 neque
614 1142 670 1160 non
693 1132 854 1161 essentiales
878 1131 998 1159 dicimus

206 1187 305 1211 sanctae
316 1181 426 1209 Triadis
436 1180 639 1213 subsistentias,
651 1187 740 1215 neque
752 1179 781 1207 in
795 1183 850 1206 tres
863 1177 998 1206 essentias

207 1235 263 1258 tres
288 1227 482 1257 subsistentias
507 1226 663 1254 dividimus.
691 1225 830 1257 Attamen,
857 1224 997 1259 inquiunt,

206 1275 316 1312 quando
330 1275 409 1303 aliter
432 1274 549 1302 dicimus
565 1273 716 1300 coloratum
739 1279 838 1306 corpus
855 1278 926 1302 esse,
941 1278 998 1297 non

207 1321 279 1350 idem
299 1321 401 1348 scimus
415 1327 475 1347 esse
491 1326 590 1354 corpus
605 1325 637 1345 ac
653 1318 791 1349 colorem;
807 1324 862 1343 non
875 1316 959 1348 enim,
975 1314 998 1342 si

207 1368 273 1403 quid
296 1367 450 1395 coloratum
466 1368 525 1398 esb,
546 1365 600 1400 jam
619 1363 645 1391 id
668 1363 744 1391 color
767 1367 809 1390 est.
828 1371 834 1389 :
852 1362 892 1390 sic
917 1362 1000 1397 igitur

209 1423 273 1448 non,
289 1415 312 1442 si
329 1413 395 1449 quid
417 1417 458 1440 est
473 1411 636 1441 subsistens,
649 1410 703 1437 hoc
717 1410 770 1445 jam
786 1412 828 1436 est
846 1409 999 1436 subsisten-

208 1461 261 1494 tia;
278 1466 513 1495 supervacaneum
526 1457 618 1492 igitur,
632 1457 721 1488 aiunt,
736 1455 809 1490 quod
826 1455 931 1482 dictum
944 1458 998 1485 est;

208 1512 237 1535 et
250 1514 306 1533 non
321 1503 506 1532 necessarium
527 1507 570 1530 est
591 1501 708 1529 dicendo
725 1501 794 1528 duas
814 1505 938 1531 naturas,
953 1504 1001 1526 aut

209 1552 304 1580 ambas
331 1549 552 1581 insubsistentcs,
575 1551 623 1575 aut
648 1555 730 1574 unam
754 1553 848 1574 earum
865 1553 1000 1576 asserere,

209 1602 257 1626 aut
269 1597 383 1624 omnino
397 1595 465 1623 duas
481 1593 675 1622 subsistentias
688 1601 760 1626 esse,
774 1600 835 1619 cum
849 1591 1002 1619 subsisten-

211 1644 248 1671 tia
267 1651 320 1670 non
337 1641 373 1669 sit
385 1641 459 1677 quod
475 1645 516 1668 est
531 1640 694 1671 subsistens,
709 1643 739 1666 ut
758 1638 939 1666 ostendimus.
955 1637 1003 1664 llla

211 1691 295 1726 igitur
318 1689 362 1716 isti
384 1687 523 1715 auditores
538 1685 701 1714 deludentes
720 1684 859 1715 dicebant,
875 1683 930 1710 alte
951 1691 1005 1710 su-

212 1735 357 1771 percilium
381 1739 519 1770 gerentes,
543 1736 571 1760 et
595 1732 631 1759 ob
658 1736 712 1759 tam
738 1730 874 1758 mirabilia
899 1729 1005 1763 seipsos

211 1782 601 1811 Cherubim-annumerantcs.
615 1777 683 1806 Vide
698 1781 789 1804 autem
802 1775 940 1811 quomodo
957 1783 1006 1810 per

213 1831 271 1858 haec
289 1837 350 1864 quae
375 1826 504 1855 dixerunt
530 1833 579 1853 sua
602 1823 713 1860 propria
731 1822 933 1854 destruxerint;
959 1824 1007 1847 aut

213 1876 381 1910 ignorantes,
399 1880 449 1908 per
466 1871 605 1907 propriam
622 1868 819 1905 ignorantiam,
836 1871 884 1894 aut
898 1866 1007 1894 audito-

215 1929 259 1949 res
270 1920 429 1951 irridentes,
446 1917 589 1952 imperitos
604 1915 698 1943 talium
715 1913 896 1942 similitudine
908 1919 1007 1940 vocum

215 1966 372 1995 illudentes.
386 1965 415 1993 Si
430 1963 504 1992 enim
518 1962 665 1999 quamdam
680 1960 833 1995 analogiam
847 1959 931 1986 liabet
943 1965 1006 1986 cum

214 2020 330 2048 corpore
346 2015 455 2040 natura.
472 2017 535 2036 cum
556 2008 648 2037 colore
666 2005 855 2038 subsistentia,
870 2009 898 2032 et
911 2005 1009 2032 dicunt

215 2059 399 2087 subsistentes
413 2059 538 2088 naturas,
555 2058 584 2081 ut
606 2061 722 2088 corpora
741 2052 874 2083 colorata,
894 2057 1008 2078 necesse

215 2110 257 2133 est
272 2104 336 2132 inde
354 2107 480 2130 naturam
498 2100 694 2129 subsistentem
709 2106 770 2127 esse
790 2096 1007 2128 subsistentiam,

216 2153 288 2179 sicut
302 2150 386 2185 igitur
400 2153 429 2176 et
443 2149 518 2176 color
532 2147 596 2174 inde
614 2146 716 2173 dicitur
727 2151 829 2179 corpus
841 2143 1009 2174 coloratum;

217 2206 271 2225 non
286 2196 360 2225 enim
377 2194 508 2231 possibile
527 2198 570 2222 est
584 2192 703 2228 cogitare
716 2195 842 2219 naturam
858 2189 1011 2217 subsisten‘

1044 254 1117 286 ξατε.

1337 349 1465 377 ΚΕΦΑΛ.
1487 348 1535 375 il".

1087 399 1133 426 Ἐκ
1143 399 1190 425 τοῦ
1205 398 1233 424 δὲ
1251 397 1403 432 φληναφεϊν
1426 395 1472 422 καὶ
1489 395 1577 422 δοκεῖν
1602 403 1628 421 τι
1656 394 1747 427 λέγειν
1776 393 1836 424 τοῖς

1045 445 1260 482 παρεστηκόσιν,
1276 442 1473 477 ἀπαιτούμενοι
1488 441 1575 473 δεῖξαι
1585 440 1665 475 φύσιν
1678 440 1837 469 ἀνυπόστα-

1045 501 1101 524 τον,
1117 492 1269 526 παρέχουσι
1294 489 1343 524 μὲν
1362 488 1436 515 νῶτα
1452 487 1491 522 τῷ
1513 487 1645 519 αἰτοῦντι,
1672 485 1783 520 λέγουσι
1806 485 1836 511 es

1044 539 1085 565 ὅτι
1097 537 1182 568 ὅντως
1198 536 1278 571 φύσις
1291 535 1342 562 οὐκ
1363 535 1437 561 ἔστιν
1461 534 1647 564 ἀνυπόστατος
1663 541 1670 547 '
1685 532 1838 558 ἑνυποστά-

1043 593 1106 616 τους
1121 584 1176 619 γάρ
1188 591 1278 617 φαμεν
1289 581 1339 613 τὰς
1355 581 1448 613 οὑσίας
1472 581 1520 607 καὶ
1542 581 1632 614 ἡμεῖς,
1661 579 1745 613 φασίν
1755 586 1762 593 ·
1776 578 1836 605 ἀλλ’

1043 630 1093 656 οὐκ
1109 629 1134 656 εἷ
1148 637 1173 655 τι
1189 628 1382 658 ὲνυπόστατον,
1393 620 1472 652 τοῦτο
1486 625 1532 651 καὶ
1549 624 1696 655 ὑπόστασις
1707 632 1714 638 ·
1732 623 1831 656 ὥσπερ

1044 675 1200 710 ἁμέλειοὺκ
1209 674 1235 700 εἴ
1245 682 1271 699 τι
1281 671 1498 705 ὲνοὺσιον,τοῦτο
1513 671 1560 697 καὶ
1576 670 1656 697 οὐσία
1671 679 1676 685 ·
1699 669 1761 695 ἐπεὶ
1777 668 1835 695 ἰδοὺ

1044 721 1094 752 τὰς
1112 721 1161 755 τῆς
1171 720 1250 754 ἁγίας
1263 719 1377 754 Τριάδος
1392 718 1556 748 ὑποστάσεις
1565 716 1656 751 φαμὲν
1666 717 1739 751 τρεῖς
1748 713 1833 748 εἶναι,

1045 767 1091 794 κα¹ι
1101 766 1203 797 ταύτας
1215 765 1352 796 ὲνουσίους
1363 773 1370 780 ·
1387 764 1434 790 καὶ
1452 763 1482 791 οὐ
1496 762 1613 797 λέγομεν
1624 761 1692 797 πρὸς
1701 763 1760 792 ταῖς
1774 769 1832 796 τρι-

1047 812 1088 839 σὶν
1102 811 1279 841 ὑποστάσεσι,
1295 810 1341 836 καὶ
1365 810 1443 844 τρεῖς
1454 807 1550 838 οὐσίας
1563 815 1570 822 “
1597 806 1703 842 καίπερ
1715 805 1838 832 ἑνλὺσιον

1047 859 1226 894 ἐπιστάμενοι
1250 858 1305 885 τῶν
1343 857 1521 883 ὑποστάσεων
1547 855 1675 889 ἑκάστην.
1702 854 1732 879 Εἰ
1746 853 1838 880 τοίνυν

1049 906 1108 933 ἐστι
1121 905 1222 939 λέγειν,
1240 903 1341 938 φαμὲν,
1361 903 1434 938 τρεῖς
1453 901 1621 931 ὑποστάσεις
1639 899 1778 929 ὲνουσίους
1805 899 1836 923 ὲν

1051 953 1101 989 μιᾷ
1116 951 1217 986 οὐσίᾳ,
1245 950 1383 984 ἐνδέχεται
1404 947 1526 983 δηλονότι
1553 947 1601 973 καὶ
1627 945 1722 980 φύσεις
1747 944 1840 978 λέγειν

1050 999 1249 1029 ἑνυποστάτους
1264 996 1310 1024 δύο
1324 997 1353 1023 ἐν
1367 996 1416 1031 μιᾷ
1430 993 1579 1021 ὑποστάσει
1595 1001 1602 1009 ο
1619 992 1667 1019 καὶ
1682 991 1768 1022 οὕτως
1778 989 1840 1017 οὑδδ

1051 1047 1131 1081 φύσιν
1151 1042 1341 1072 ἀνυπόστατόν
1353 1049 1452 1076 φαμεν,
1468 1041 1530 1067 οὐδὲ
1543 1039 1590 1066 δύο
1606 1039 1771 1068 ὑποστάσεις
1789 1036 1842 1068 τᾶς

1050 1092 1096 1120 δύο
1125 1091 1221 1127 φύσεις
1248 1088 1468 1123 δογματίζομεν·
1490 1086 1586 1121 ὥσπερ
1607 1084 1668 1112 οὑδὲ
1698 1083 1842 1114 ἀνουσίους

1051 1139 1141 1175 φαμὲν
1154 1137 1204 1169 τὰς
1219 1136 1268 1172 τῆς
1284 1135 1365 1170 ἁγίας
1375 1133 1491 1169 Τριὰδος
1512 1132 1676 1161 ὑποστάσεις
1687 1151 1694 1162 ,
1716 1129 1777 1156 οὐδὲ
1802 1129 1844 1160 είς

1051 1187 1125 1221 τρεῖς
1140 1184 1235 1215 οὑσίας
1250 1182 1297 1213 τὰς
1308 1182 1384 1216 τρεῖς
1397 1179 1561 1210 ὑποστάσεις
1575 1175 1746 1212 διαιροῦμεν.
1762 1174 1845 1201 ’Δλλὶ

1053 1220 1117 1267 μὴν,
1133 1229 1211 1265 φασὶ,
1224 1227 1271 1254 κα)⁴
1282 1226 1368 1257 ἄλλως
1382 1223 1604 1260 ἐγχρωμὰτιστον
1618 1222 1742 1255 λέγοντες
1751 1220 1844 1255 σῶμα,

1051 1264 1191 1303 οὑταυτον
1209 1274 1288 1308 ἴσμεν
1302 1272 1341 1307 τῷ
1361 1269 1523 1306 χρώματιτὺ
1538 1268 1617 1301 σῶμα
1629 1275 1636 1282 ·
1649 1267 1700 1293 οὑκ
1713 1266 1739 1292 εἴ
1751 1274 1778 1292 τι
1788 1264 1846 1299 γὰρ

1052 1307 1287 1358 ὲγχρωμάτιστον,
1302 1317 1381 1345 τοῦτο
1396 1316 1447 1351 ἥδη
1474 1315 1521 1342 καί
1543 1313 1642 1349 χρῶμα
1656 1320 1663 1327 ·
1687 1311 1774 1342 οὕτως
1798 1307 1845 1337 οὖν

1052 1370 1103 1396 οὑκ
1114 1369 1140 1395 εἴ
1151 1376 1178 1394 τι
1199 1366 1399 1396 ὲνυπόστατον,
1422 1362 1503 1390 τοῦτο
1525 1360 1576 1396 ἤδη
1599 1360 1646 1386 καὶ
1673 1358 1823 1388 ὑπόστασις
1837 1364 1843 1371 ·

1054 1414 1180 1451 περιττὸν
1193 1413 1258 1447 ἄρα,
1269 1411 1347 1445 φασὶ,
1357 1410 1387 1436 τὸ
1398 1408 1555 1443 λεγόμενον·
1571 1407 1618 1433 καὶ
1632 1405 1682 1431 οὐκ
1697 1404 1846 1436 ἀναγκαῖοι

1053 1461 1099 1488 τὸν
1124 1460 1242 1493 λέγοντα
1258 1457 1304 1484 δύο
1319 1456 1415 1490 φὺσεις
1428 1475 1434 1487 ,
1456 1454 1472 1489 ἢ
1491 1451 1693 1482 ἀνυποστάτους
1709 1449 1813 1480 αὑτὰς,
1827 1449 1846 1484 ἢ

1056 1508 1121 1543 μίαν
1138 1504 1229 1532 αὐτῶν
1241 1503 1331 1537 λέγειν
1343 1522 1351 1535 ,
1366 1502 1384 1537 ἢ
1398 1501 1505 1531 πάντως
1526 1498 1573 1525 καὶ
1589 1497 1635 1524 δύο
1656 1496 1822 1526 ὑποστάσεις
1838 1515 1847 1526 ,

1056 1553 1118 1580 ἐπεὶ
1146 1550 1183 1586 μὴ
1207 1549 1357 1578 ὑπόστασις
1379 1546 1410 1572 τὸ
1431 1545 1612 1572 ὲνυπόστατον
1636 1543 1673 1573 ὡς
1691 1541 1846 1575 ἐδείξαμεν.

1056 1598 1149 1625 Ταῦτα
1163 1593 1308 1630 τοιγαροῦν
1331 1593 1429 1619 ὲκείνοι
1449 1590 1513 1621 τοὺς
1535 1587 1744 1624 παρεστηκότας
1763 1594 1848 1619 φενα-

1055 1644 1166 1676 κίζοντα
1180 1641 1285 1675 ἔλεγον,
1301 1637 1357 1666 ἅνω
1370 1636 1420 1672 τὴν
1436 1635 1522 1670 ὀφρὺν
1537 1635 1656 1669 ἔχοντες,
1675 1634 1722 1659 καὶ
1735 1631 1778 1657 διὰ
1789 1631 1850 1657 τοὺ-

1055 1700 1109 1718 των
1123 1689 1176 1720 ἀπὸ
1191 1686 1331 1723 Χερουὸὶμ
1346 1684 1461 1714 ἑαυτοὺς
1475 1681 1664 1716 ὀνομάζοντες.
1687 1679 1759 1714 Ὅρα
1774 1677 1803 1704 δὲ
1816 1677 1848 1703 σὺ

1056 1736 1138 1768 αὐτὸς
1149 1736 1223 1765 ὅπως
1236 1733 1270 1759 δι⁸
1285 1729 1322 1758 ὧν
1336 1730 1480 1766 εἰρήκασι,
1495 1728 1529 1754 τὰ
1544 1727 1634 1753 οἰκεῖα
1649 1723 1827 1757 κατέσκαψαν
1840 1729 1848 1736 ·

1056 1783 1073 1818 ἦ
1092 1779 1251 1816 ἀγνοοῦντες
1266 1797 1273 1810 ,
1302 1776 1336 1803 δι’
1353 1776 1466 1809 ἄγνοιαν
1490 1773 1594 1799 οἰκείαν
1608 1781 1614 1787 ·
1630 1771 1647 1807 ἢ
1671 1769 1851 1805 χλευάζοντες

1056 1828 1120 1859 τοὺς
1136 1826 1285 1856 ἀκούοντας
1297 1844 1304 1856 ,
1322 1822 1453 1857 ἀπείρους
1467 1820 1546 1850 ὄντας
1570 1818 1625 1845 τῶν
1647 1816 1776 1843 τοιούτων
1803 1815 1852 1840 καὶ

1056 1874 1196 1910 ὁμοιότητι
1212 1872 1312 1905 λέξεων
1329 1866 1580 1905 παρακρουόμενοι.
1599 1865 1631 1891 Et
1654 1861 1781 1895 ἀναλογεῖ
1797 1860 1852 1894 γὰρ

1057 1908 1097 1957 τῷ
1118 1921 1168 1957 μὲν
1188 1918 1295 1954 σώματι
1310 1918 1326 1952 ἡ
1349 1915 1440 1951 φύσις,
1461 1913 1500 1948 τῷ
1513 1912 1542 1939 δὲ
1555 1911 1682 1957 χρώματι
1696 1910 1712 1944 ἡ
1727 1908 1851 1957 ὑποστα-

1060 1953 1175 2001 σίςίκαὶ
1189 1953 1316 2000 λέγουσιν
1334 1959 1533 1990 ἱνυποστάτους
1553 1957 1603 1988 τὰς
1621 1955 1716 1990 φύσεις
1731 1974 1738 1986 ,
1757 1953 1855 1987 ὥσπερ

1059 1998 1112 2041 οὖν,
1126 2012 1160 2040 τὰ
1176 1998 1292 2046 σώματα
1317 2005 1549 2042 ἒγχρωμάτιστα,
1572 2001 1679 2046 ἀνᾴγκη
1700 1998 1769 2046 svo;
1795 1998 1856 2046 ἐστι

1060 2059 1242 2088 ὲνυπόστατος
1252 2055 1344 2090 φύσις,
1362 2052 1409 2079 καὶ
1423 2050 1572 2078 ὑπόστασιν
1588 2045 1659 2074 εἶναι
1673 2055 1680 2062 ·
1694 2045 1790 2078 ὥσπερ
1806 2041 1854 2070 οἷον

1060 2107 1107 2133 καὶ
1119 2104 1220 2140 χρῶμα
1238 2089 1304 2129 ἔνθα
1324 2099 1404 2133 σῶμα
1417 2094 1643 2132 ἔγχρωμάτιστον
1659 2100 1664 2106 ⁸
1675 2090 1737 2117 οὔτε
1748 2089 1858 2125 γὰρέν-

1060 2152 1168 2186 δέχεται
1186 2148 1282 2183 νοῆσαι
1295 2145 1376 2181 φύσιν
1388 2143 1571 2170 ὲνυπόστατον
1586 2140 1649 2167 ἀνευ
1665 2137 1856 2167 ὑποστάσεως.

1061 2182 1158 2236 Είῖοῦν
1175 2197 1209 2232 τῇ
1229 2182 1320 2229 νφὺσει
1345 2189 1503 2225 ἀναγκαίως
1532 2186 1669 2221 διενήνοχέ
1693 2193 1721 2211 τι
1753 2183 1802 2210 καὶ
1825 2182 1858 2217 τῇ

217 2250 272 2272 tem
289 2242 348 2270 sine
370 2240 558 2269 subsistentia.
584 2239 612 2267 Si
639 2238 723 2274 igitur
742 2240 868 2264 naturam
887 2235 959 2262 inter
981 2239 1003 2262 e1

1063 2230 1225 2273 ὑποστάσει,
1259 2237 1474 2270 ὲπιδειξάτωσάν
1497 2233 1542 2269 μοί
1558 2242 1585 2260 τι
1609 2232 1738 2266 διαφέρον
1756 2230 1807 2264 μὲν
1824 2230 1858 2265 τῇ

217 2288 426 2318 subsistentiam
442 2286 547 2322 aliquid
569 2284 727 2313 necessario
749 2282 869 2313 ditl‘erat.
896 2281 1011 2309 demon-

217 2339 306 2364 strent
319 2334 388 2362 mihi
403 2333 477 2370 quod
491 2332 583 2360 diil‘ert
600 2335 698 2358 natura
720 2337 775 2356 non
797 2328 909 2356 diﬂ‘erre
920 2326 1012 2354 subsi-

218 2382 338 2415 stentia;
364 2385 391 2409 et
409 2388 464 2407 non
487 2377 670 2413 simpliciores
687 2374 815 2406 illud‘ant,
831 2372 1014 2400 similitudine

221 2436 318 2456 vocum
333 2427 395 2454 illos
403 2425 585 2461 decipientes,
597 2422 716 2451 dicendo
731 2431 737 2449 :
754 2421 782 2449 Si
799 2424 841 2448 est
856 2419 1012 2446 subsisten-

223 2478 269 2508 tia,
284 2473 439 2502 essentialis
456 2471 578 2507 quidem,
596 2478 651 2497 non
673 2473 765 2496 autem
782 2466 898 2495 alterius
920 2472 1015 2493 essen-

222 2523 277 2554 iize,
292 2524 334 2548 est
348 2519 430 2547 etiam
446 2522 544 2545 natura
556 2516 710 2544 subsistens
725 2514 836 2549 quidem
852 2520 907 2540 non
924 2517 1015 2538 autem

222 2566 338 2594 alterius
351 2563 546 2592 subsistentiaz.
560 2561 677 2589 Mendax
692 2561 766 2588 enim
779 2559 917 2595 posterius
930 2567 936 2584 :
951 2557 1015 2584 dum

216 2614 246 2641 ,εἰ
264 2612 331 2648 quid
346 2614 388 2639 est
409 2610 523 2638 alterius
537 2608 675 2640 essentia,
697 2608 748 2634 hoc
762 2605 874 2633 omnino
891 2609 933 2632 est
950 2603 1017 2631 alte-

224 2660 284 2686 rius
295 2656 496 2689 subsistentire;
512 2655 535 2682 si
548 2655 630 2690 igitur
638 2653 770 2681 diﬁerunt
779 2652 851 2679 inter
860 2659 890 2678 se
901 2654 1017 2680 naturae,

226 2703 378 2732 secundum
407 2707 534 2729 naturam
570 2700 718 2732 differunt;
749 2698 881 2725 ditfcrunt
909 2700 1033 2731 quoquc'

226 2750 370 2777 evidenter
392 2748 543 2777 secundum
566 2745 782 2774 subsistentiam.
798 2744 833 2771 Et
850 2743 872 2771 si
889 2742 1020 2769 ditl‘eren-

229 2795 294 2821 tiam
309 2799 469 2821 naturarum
485 2794 512 2819 in
529 2800 583 2819 una
597 2796 695 2818 natura
710 2790 763 2818 dici
783 2788 952 2824 impossibile
965 2792 1018 2819 est,

231 2847 285 2865 non
295 2839 379 2873 magis
394 2838 521 2872 possibile
539 2836 678 2864 invenitur
692 2835 874 2862 diderentiam
889 2834 1020 2862 exsistere

233 2883 470 2911 subsistentiurum
486 2884 511 2909 in
526 2891 579 2909 una
593 2886 620 2909 et
635 2881 728 2908 eadem
743 2880 931 2908 subsistentia.

1063 2290 1160 2325 φύσει,
1187 2286 1224 2323 μὴ
1243 2285 1370 2320 διαφέρον
1392 2283 1420 2310 δὲ
1437 2283 1471 2317 τῇ
1487 2278 1636 2307 ὑποστάσει
1649 2285 1656 2293 ·
1673 2277 1721 2303 καὶ
1739 2276 1777 2311 μὴ
1794 2275 1859 2310 βου-

1064 2323 1229 2363 κολείτωσαν
1245 2332 1308 2363 τοὺς
1332 2328 1534 2364 ἁπλουστέρους
1547 2347 1554 2358 ,
1573 2324 1712 2360 ὁμοιότητι
1729 2323 1860 2357 φράσεων

1065 2381 1164 2412 αὐτοὺς
1177 2377 1439 2414 παραλογιζόμενοι,
1456 2373 1495 2408 τῷ
1507 2373 1597 2407 λέγειν
1611 2372 1635 2397 εἰ
1652 2370 1726 2396 ἐστιν
1738 2368 1860 2414 ὑπόστα-

1066 2435 1120 2459 σις,
1136 2424 1257 2455 ὲνοὺσιος
1271 2422 1331 2458 μὲν,
1343 2421 1392 2455 οὑχ
1407 2417 1577 2454 ἐτεροοὺσιος
1590 2415 1628 2448 δὲ,
1644 2415 1701 2441 ἔστι
1715 2413 1764 2440 καὶ
1779 2411 1861 2446 φύσις

1069 2458 1251 2500 ἐνυπόστατος
1267 2468 1325 2504 μὲν,
1336 2467 1386 2501 οὑχ
1399 2463 1630 2500 ἑτεροῡπόστατος
1640 2461 1683 2488 ὅέ-
1697 2459 1797 2495 ψευόὲς
1807 2458 1860 2492 γὰρ

1067 2518 1097 2546 τὸ
1119 2516 1272 2544 τελευταῖον
1287 2523 1295 2530 ·
1313 2513 1430 2546 ἐπείπερ
1455 2510 1484 2536 εἴ
1510 2518 1536 2536 τι
1564 2507 1758 2542 ἐτεροούσιον.
1781 2504 1862 2530 τοῦτο

1069 2557 1177 2592 πάντως
1195 2560 1242 2587 καὶ
1265 2556 1506 2594 ἑτεροὺπόστατον.
1522 2554 1554 2580 Εἰ
1569 2552 1659 2580 τοίνυν
1684 2550 1861 2585 διαφέρουσιν

1069 2609 1096 2636 αἱ
1114 2607 1211 2643 φύσεις
1226 2605 1367 2640 ἀλλήλων,
1383 2601 1454 2629 κατὰ
1478 2600 1558 2635 φύσιν
1572 2598 1750 2634 διαφέρουσι·
1766 2595 1862 2629 διαφέ-

1072 2642 1148 2691 ρουσι
1165 2652 1289 2689 δηλονότι
1306 2650 1355 2677 καὶ
1365 2648 1426 2676 καθ’
1441 2647 1591 2674 ὑπόστασιν
1603 2653 1611 2660 ο
1632 2643 1680 2670 καὶ
1692 2643 1717 2669 εἰ
1729 2642 1863 2677 διαφορὰν

1071 2689 1180 2736 igitr:sz
1197 2698 1245 2725 ἐπὶ
1261 2698 1325 2734 μιᾶς
1342 2696 1451 2730 φύσεως
1470 2692 1598 2727 λέγεσθαι
1623 2689 1774 2720 ἀδύνατον.
1791 2689 1863 2723 ἁμή-

1071 2734 1153 2784 γανον
1168 2746 1222 2781 ἄρα
1236 2745 1284 2772 καὶ
1298 2742 1430 2777 διαφορὰν
1450 2739 1629 2768 ὑποστάσεων
1644 2734 1716 2763 εἶναι
1735 2736 1783 2762 ὲπὶ
1801 2734 1864 2770 μιᾶς

1072 2794 1118 2820 va“.
1132 2793 1180 2827 1'71;
1193 2791 1276 2826 αὐτῆς
1292 2788 1478 2818 ὑποστάσεως.
