1968 3094
120 226 192 258 Ἤδη
216 225 266 260 μὲν
285 225 393 259 ἀληθῶς
413 225 466 251 eis:
481 225 516 251 τὰ
531 225 717 260 προταχθέντα
731 227 796 261 ὑμῖν
808 226 875 262 ἡμέ-
888 231 910 259 Α

82 280 151 308 τερα
166 272 270 307 προὸλή
276 280 358 307 ματα·
374 271 481 303 τούτοις
495 271 523 298 δὲ
540 272 571 298 οὑ
585 272 748 308 προσφόροις
761 273 879 308 ὑπαντήι

83 327 200 350 σαντες,
231 318 344 350 ἑαυτοὺς
371 318 451 353 μόνον
480 318 545 353 περὶ
569 318 623 346 τῶν
642 319 793 346 δοκούντων
814 320 878 355 ὑμῖν

84 364 246 391 πεπείκατε.
280 364 311 390 Εἰ
331 364 385 400 γὰρ
409 365 471 391 ἐπεὶ
487 364 526 399 τῷ
542 364 591 400 μὲν
604 364 730 400 χρώματι
750 365 879 399 ἀναλογεί

83 410 101 446 ὴ
116 410 266 442 ὑπόστασις
282 410 311 437 ὲν
325 409 364 445 τῷ
379 410 428 445 τῆς
440 411 537 446 ὁμοίας
548 411 696 446 ὀνομασίας
710 412 782 438 κατὰ
792 411 877 447 τύχην

84 458 307 493 παραδείγματι,
332 458 373 493 τῷ
397 458 426 485 δὲ
451 458 558 494 σώματι
585 460 601 494 ὴ
623 459 703 494 φύσις
726 459 876 494 ἀναγκαῖον

82 504 145 530 ἔνθα
164 505 223 531 ἐστὶ
237 505 327 540 σῶμα,
346 503 416 531 εἶναι
432 505 479 532 καὶ
493 505 592 540 χρῶμά
605 514 672 539 φατε
682 526 689 537 ,
706 508 755 532 καὶ
771 507 803 532 ὲκ
817 506 878 533 τού-

81 559 128 577 του
143 549 189 577 δύο
197 549 267 578 εἶναι
280 553 329 583 τὰς
341 551 515 584 ὑποστάσεις,
524 553 584 579 ἐπεὶ
593 552 640 579 δύο
648 552 716 578 εἰσὶν
729 554 756 579 αἱ
769 552 876 588 φύσεις,

82 597 213 631 συνάγετε
227 617 235 629 ,
260 597 347 632 γνῶτε
365 599 406 625 ὄτι
422 598 500 625 τοῦτο
518 599 565 625 καὶ
581 599 662 634 ἡμεῖς
677 607 769 634 φαμεν
782 607 788 613 ⁸
807 599 876 626 ὅπου

81 642 161 677 σῶμα
185 641 254 669 εἶναι
273 643 382 678 λέγεται
405 645 647 679 ἐγχρωμάτιστον,
668 645 770 680 χρῶμα
785 645 877 680 ὑπάρ-

80 698 139 723 χειν
163 690 337 724 ἀναγκαίως·
367 690 462 726 ὥσπερ
485 689 532 717 οὖν
559 691 604 717 καὶ
622 691 778 717 ὑπόστασιν
797 691 878 723 εἶναι,

79 734 145 767 ὅπου
174 735 283 770 λέγεται
306 736 387 770 φύσις
411 737 601 768 ἐνυπόστατος.
626 737 708 763 Ἀλλὰ
725 737 756 763 τὸ
774 736 876 772 ζητού-

82 790 181 816 μενον,
209 781 285 809 οὓπω
302 782 422 816 ἐδείξατε
437 785 501 819 περὶ
513 779 544 810 οὗ
560 784 606 810 καὶ
619 783 786 819 διαφέρεσθε
805 784 875 818 πρὸς

79 829 96 862 ἡ
114 829 167 862 μᾶς
179 837 185 844 ·
205 828 246 855 ὅτι
269 830 336 856 ὅπου
353 829 465 856 πλείονα
483 830 602 857 συνιέναι
617 829 744 864 λέγονται
760 829 878 865 σώματα

80 875 295 910 ὲγλρωμάτιστα
309 896 316 907 ,
346 875 477 911 ἰσάριθμα
500 876 559 903 δέον
575 874 646 903 εἶναι
661 875 767 908 τούτοις
782 876 878 903 καὶτὰ

80 921 229 956 χρώματα·
257 922 306 949 καὶ
330 922 360 949 ού
383 922 495 949 δυνατὸν
513 922 530 958 ἢ
546 923 586 950 ἐν).
603 923 648 950 καὶ
660 923 700 958 τῷ
714 922 788 958 αὐτῷ
801 923 878 958 χρώ-

84 975 150 1003 ματι
166 967 278 996 πλείονα
291 969 465 1004 χρὼννυσθαι
481 970 612 1004 σώματα·
629 970 724 1005 ὥσπερ
737 969 776 1005 τῷ
788 969 880 1006 λευκῷ

79 1014 130 1049 ἥτε
144 1014 212 1049 χιὼν
226 1015 274 1042 καὶ
288 1015 319 1041 τὸ
332 1014 402 1049 γάλα
418 1016 465 1042 καὶ
476 1015 623 1050 ψιμμίθιον
639 1015 795 1051 μιγνύμενα
806 1038 812 1048 ,
831 1016 880 1042 καὶ

79 1061 111 1088 τὸ
125 1060 199 1097 ιριον
220 1062 268 1088 καὶ
284 1061 357 1088 λῖνον
374 1062 423 1089 καὶ
439 1062 544 1097 μέταξα
561 1064 591 1089 ἐν
607 1063 647 1098 τῷ
666 1063 707 1090 ἐν).
721 1062 813 1099 λευκῷ
829 1064 880 1090 πέ-

79 1107 141 1142 πλῳ
157 1107 318 1143 ὑφασμένον
335 1108 352 1144 ἢ
368 1109 408 1140 είς
423 1108 452 1135 ἓν
465 1109 559 1145 ἓτερον
576 1109 679 1146 χρῶμα
695 1109 807 1136 πλείονα
823 1109 877 1136 σώ-

84 1162 158 1188 ματα
182 1151 253 1181 εἶναι
276 1155 506 1190 συγκεκραμένα·
534 1153 590 1182 οἷον
615 1155 645 1182 τὸ
665 1155 812 1191 ψιμμίθιον
831 1156 878 1183 καὶ

80 1199 158 1236 ὥχρα
167 1220 173 1232 ,
192 1201 239 1227 καὶ
256 1200 408 1236 χάλκανθος
421 1201 469 1228 καὶ
484 1201 622 1236 κόμμιδας
637 1203 665 1228 ὲν
677 1201 717 1236 τῷ
730 1201 803 1237 φαιῷ
815 1202 878 1228 κολ-

81 1247 199 1283 λουρίῳο
216 1248 266 1279 τὰς
279 1249 334 1283 γὰρ
345 1248 397 1275 δύο
409 1248 504 1283 φύσεις
521 1249 549 1275 ὲν
564 1249 613 1284 μιᾷ
625 1249 673 1275 καὶ
687 1249 719 1284 τῇ
732 1249 801 1284 αὐτῇ
814 1249 879 1275 ὑπο-

82 1293 176 1320 στάσει
193 1294 310 1329 λέγομεν
327 1295 502 1329 ὑφίστασθαι·
520 1296 570 1330 οὐχ
582 1295 620 1326 ὡς
634 1295 788 1330 δυναμένης
802 1295 878 1322 θατιέ⁴

83 1348 133 1374 ρας
150 1341 336 1368 ἀνυποστάτου
353 1339 424 1368 εἶναι
443 1342 472 1368 ὲν
487 1341 567 1376 αὐτῇ,
588 1341 647 1367 ἀλλ’
664 1341 700 1372 ὼς
715 1341 878 1376 ἀμφοτέρων

81 1387 112 1412 ἑν
131 1387 180 1421 μιᾷ
194 1388 272 1422 κοινῇ
288 1386 446 1421 δυναμένων
462 1387 630 1421 ὑφίστασθαι
645 1386 812 1413 ὑποστάσει·
831 1387 878 1413 καὶ

81 1431 170 1464 οὕτως
193 1433 263 1459 κατὰ
280 1432 331 1467 τὴν
346 1433 433 1468 αὐτὴν
451 1433 499 1459 καὶ
518 1432 583 1467 μίαν
597 1432 762 1464 ὑπόστασιν,
781 1432 877 1458 ἐκατέ-

83 1487 132 1514 pa;
146 1479 331 1505 ὲνυποστάτου
342 1478 436 1514 οὔσης.
451 1479 488 1505 Οὐ
501 1479 556 1514 γὰρ
568 1479 720 1512 ἀναγκαῖον
730 1478 775 1505 διὰ
784 1478 815 1504 τὸ
823 1477 877 1504 δεῖν

81 1533 108 1551 τι
124 1523 205 1557 εἶναι,
223 1524 333 1555 πάντως
350 1525 395 1551 καὶ
412 1525 465 1559 ἰδίᾳ
479 1524 560 1551 τοῦτο
574 1523 643 1551 εἶναι
654 1533 661 1540 ·
689 1525 736 1551 καὶ
752 1523 806 1559 γὰρ
821 1524 876 1551 τῶν

80 1572 112 1598 ὲν
128 1572 160 1606 τῇ
177 1571 255 1597 πόλει
270 1571 417 1606 οἰκήσεων,
436 1570 550 1606 οὐδεμία
567 1570 616 1606 μὲν
632 1570 781 1601 ἀδέσποτος
794 1578 800 1585 ·
827 1570 878 1596 οὐκ
892 1586 912 1614 C

80 1617 240 1651 ἀναγκαίως
254 1618 281 1644 δὲ
296 1618 372 1644 πᾶσα
384 1617 584 1652 δεσποζομένη,
599 1616 795 1652 μονοδέσποτός
807 1617 876 1642 ἐστι·

82 1664 181 1691 πολλαὶ
196 1664 250 1699 γάρ
267 1664 321 1690 είσι
338 1663 385 1690 καὶ
401 1663 600 1690 κοινοδέσποτοι
625 1663 653 1689 ὲν
668 1663 701 1698 τῇ
716 1662 809 1688 πόλει·
830 1661 878 1688 οὓ-

80 1719 134 1742 τως
149 1710 195 1736 οὖν
217 1710 279 1736 ἐπεὶ
294 1710 344 1745 μέν
359 1710 428 1737 εἰσιν
445 1710 473 1737 αἱ
489 1709 600 1744 φύσεις,
625 1709 776 1743 ἀναγκαῖον
792 1708 877 1740 αὐτὰς

80 1756 128 1783 καὶ
144 1756 330 1791 ὑιρεστηκέναι
345 1756 394 1783 καὶ
408 1755 611 1787 ὲνυποστάτους
627 1752 715 1781 εἶναι·
740 1754 835 1789 ἐπειδὴ
848 1754 877 1780 δὲ

79 1803 130 1829 οὑκ
152 1802 206 1838 ἰδίᾳ
222 1803 271 1829 ἀπ’
286 1802 409 1836 ἀλλήλων
425 1801 505 1834 εἰσὶν,
523 1801 648 1831 ὲνώσεως
664 1799 754 1826 αὐτῶν
771 1798 876 1833 ὡμολο-

79 1849 209 1883 γημένως
235 1848 412 1883 γενομένης,
445 1847 507 1881 οὐχὶ
537 1847 586 1873 καὶ
613 1846 667 1881 ἰδίᾳ.
691 1845 876 1880 ὑφεστηκέναι

80 1893 215 1928 ἑκατέραν
232 1893 380 1927 ἀναγκαῖὸν
396 1893 465 1919 ἐστι.
488 1892 573 1926 Δῆλον
589 1890 635 1918 οὖν
657 1891 699 1918 ὅτι
722 1891 771 1925 οὐχ
784 1890 877 1925 ἑτερο-

79 1941 232 1968 ῠπόστατον
248 1937 329 1970 εἶναι,
347 1938 404 1965 ἀλλ’
420 1939 449 1965 ἐν
467 1938 517 1974 μιᾷ
534 1937 582 1963 καὶ
594 1937 628 1972 τῇ
642 1937 711 1971 αὑτῇ
727 1935 876 1963 ὑποστάσει

79 1986 200 2013 νοεῖσθαι
221 1986 323 2021 ἀμφοῖν
344 1984 434 2012 αὑτῶν
451 1983 483 2010 τὸ
500 1984 684 2010 ὲνυπόστατον
698 1982 748 2009 δεῖ.
768 1982 813 2008 Διῦ
828 1981 877 2008 καὶ

79 2031 271 2067 ἀποδεχόμεθα
295 2031 326 2058 τὺ
347 2031 414 2066 παρ’
427 2029 505 2065 ὑμῶν
527 2029 556 2055 ὲν
571 2028 645 2055 τέλει
661 2027 819 2064 εἰρημένον,
838 2027 876 2058 ὠς

79 2079 214 2106 ἀδύνατον
237 2078 283 2104 ἐπὶ
301 2078 367 2113 μιᾶς
383 2077 430 2104 καὶ
444 2076 496 2110 τῆς
509 2075 595 2110 αὐτῆς
610 2075 798 2108 ὑποστάσεως,
816 2074 876 2101 δια-

79 2125 169 2161 φορὰν
185 2124 317 2158 λέγεσθαι
332 2122 522 2154 ὑποστάσεως.
549 2121 617 2148 Οὐδὲ
631 2120 700 2152 ὅλως
713 2121 767 2155 γάρ
784 2127 875 2154 φαμεν

76 2171 141 2198 οὕτε
157 2170 290 2205 διαφορὰν
307 2169 485 2196 ὑποστάσεων
509 2168 537 2194 ὲν
552 2168 585 2203 τῇ
601 2167 651 2202 μιᾷ
665 2167 813 2194 ὑποστάσει
826 2165 874 2192 τοῦ

77 2216 201 2252 Κυρίου·
222 2216 260 2251 μὴ
275 2215 398 2249 γένοιτοι
424 2214 449 2240 εί
473 2213 521 2240 καὶ
542 2211 736 2239 ὑποστατικῶν
752 2210 874 2246 μερικῶν

78 2263 235 2299 ἰδιωμάτων
248 2262 328 2297 ἴσμεν
338 2261 482 2296 διαφοράν·
494 2261 523 2287 οὐ
534 2259 588 2294 γὰρ
599 2259 776 2286 ὑποστάσεων
783 2257 874 2291 διαφό-
890 2260 910 2288 D

79 2317 134 2345 ρων
151 2309 167 2344 ἢ
185 2307 322 2343 διαφορῶν
335 2307 434 2333 ἕνωσίν
452 2315 541 2341 φαμεν
557 2305 604 2332 ἐπὶ
616 2304 664 2331 τοῦ
678 2305 793 2340 Κυρίουο
809 2302 872 2329 τοῦ-

75 2363 108 2382 το
120 2355 174 2391 γὰρ
192 2353 355 2389 προεδείχθη
371 2353 418 2379 καὶ
434 2352 565 2379 ἀδύνατον
576 2359 582 2366 ·
603 2352 683 2386 εῐπερ
702 2351 739 2385 μὴ
755 2349 802 2376 καὶ
816 2350 871 2376 τῶν

75 2401 312 2436 διακεκριμένων,
324 2401 352 2426 ἐν
369 2399 459 2433 ταυτῴ
470 2408 511 2430 τις
525 2399 600 2432 λέγοι
615 2397 664 2433 τὴν
675 2397 785 2429 ἕνωσιν,
805 2397 833 2423 ἑν
847 2392 869 2430 ᾧ

75 2447 126 2482 τὴν
140 2447 278 2480 διάκρισιν
294 2445 359 2481 ὀρᾷ⁸
387 2444 455 2471 ἀλλὰ
471 2444 580 2478 φύσεων
592 2442 731 2477 διαφόρων
745 2440 870 2468 σύνθεσιν

75 2492 150 2520 κατὰ
175 2492 240 2527 μίαν
263 2491 313 2526 τὴν
336 2489 448 2525 πρώτην
466 2490 496 2521 ἐξ
510 2489 598 2524 ἀρχῆς
612 2485 695 2514 οὖσαν
710 2487 757 2513 τοῦ
770 2487 869 2520 Λόγου,

76 2539 125 2566 καὶ
140 2539 170 2565 οὑ
189 2537 320 2572 δευτέραν
334 2535 403 2563 εἶναι
421 2536 582 2566 ὑπόστασιν,
601 2535 690 2561 εῖτουν
708 2533 738 2566 ἐξ
750 2534 868 2560 ὑποστά-

76 2595 146 2617 σεως
162 2586 251 2620 ἴσμεν·
271 2583 328 2611 ἀλλ’
344 2582 431 2614 οὕτως
448 2583 497 2618 μὲν
512 2582 585 2608 τάδε.

111 2632 148 2658 Τὸ
163 2632 191 2658 δὲ
205 2631 238 2667 δὴ
252 2631 347 2666 ἕτερον
361 2630 442 2656 πάλιν
457 2629 471 2656 δ
486 2627 674 2663 ἀπεφήνασοε,
687 2627 729 2654 ὃτι
741 2627 802 2653 ἐπεὶ
812 2626 865 2653 διὰ-

75 2678 155 2713 φοροί
180 2678 250 2704 εἰσιν
275 2678 304 2704 αἱ
324 2676 420 2711 φύσεις
444 2676 491 2702 ἐπὶ
510 2676 559 2710 τῆς
576 2673 745 2708 οἰκονομίας,
761 2674 868 2708 ἀνάγκη

75 2722 146 2751 εἶναι
160 2723 306 2758 διαφόρους
321 2722 368 2749 καὶ
380 2721 430 2753 τὰς
444 2720 618 2751 ὑποστάσεις⁸
636 2719 691 2746 τῶν
704 2719 733 2746 δὲ
751 2719 870 2746 ὑποστά-

77 2777 147 2796 σεων
162 2769 349 2804 διαφερουσῶν
365 2768 413 2795 ἐπὶ
427 2767 477 2803 τῆς
491 2767 565 2798 θείας
579 2765 683 2799 οὐσίας,
697 2765 747 2792 οὐκ
761 2766 869 2802 ἀνάγκῃ

76 2814 146 2842 εἶναι
169 2815 314 2850 διασὸρους
341 2815 389 2841 καὶ
414 2814 463 2845 τὰς
487 2813 603 2848 φύσεις,
630 2813 689 2845 πῶς
710 2811 867 2844 δείκνυται;

78 2861 189 2897 Πρῶτον
199 2861 250 2897 μὲν
266 2860 319 2895 γὰρ
328 2861 356 2886 ὲν
371 2861 427 2891 τοῖς
442 2859 597 2895 ἔμπροσθεν
613 2858 644 2886 τὸ
658 2858 805 2893 ἀδιάφορον
814 2858 867 2885 τῶν

77 2908 185 2945 φύσεων
212 2907 369 2942 ἀναγκαίως
388 2906 498 2943 χρῄζει-ι
523 2905 569 2933 τοῦ
586 2904 714 2941 διαφόρου
733 2904 786 2933 τῶν
802 2905 867 2932 ὑπο-

577 168 775 199 ADVEBSUS
794 169 1069 201 NESTORIANOS.
1083 184 1118 189 —
1131 172 1204 203 LIB.
1226 173 1266 204 II.

896 908 917 936 Β

1656 175 1728 208 ισοξ

962 228 1021 256 Jam
1044 229 1156 264 quidem
1179 230 1208 257 in
1232 231 1350 259 veritate
1368 236 1434 259 sunt
1449 240 1510 266 quae
1527 233 1637 261 a‘vobis
1650 234 1728 269 prius

930 274 1036 309 prolata
1048 279 1112 302 sunt
1124 279 1219 302 nostra
1230 280 1401 311 argumenta.
1415 275 1463 304 His
1474 277 1547 304 enim
1561 285 1617 305 non
1628 286 1729 314 oppor-

932 326 997 348 tune
1019 326 1211 355 occurrentes,
1224 329 1273 350 VOS
1297 323 1372 357 ipsos
1387 327 1492 350 tantum
1507 324 1540 351 de
1557 329 1649 352 vestra
1664 332 1729 352 sen-

933 367 1018 395 tentia
1035 368 1219 402 persuasistis.
1234 368 1262 396 Si
1277 369 1362 402 enim,
1376 377 1439 397 cum
1455 370 1607 405 analogiam
1627 371 1730 399 habeat

931 420 994 440 eum
1011 414 1104 441 colore
1127 413 1316 446 subsistentia,
1340 414 1367 441 in
1391 414 1438 442 illo
1462 415 1589 450 exemplo
1608 416 1730 444 fortuita

931 459 1122 487 similitudinis
1147 460 1175 487 in
1203 460 1380 494 nominibus,
1406 462 1515 496 corpori
1541 463 1729 490 necessarium

931 506 996 533 inde
1017 511 1060 534 est
1084 510 1183 533 natura
1199 507 1234 534 sit
1249 514 1358 541 corpus,
1372 507 1494 534 colorem
1508 515 1569 535 esse
1585 508 1687 541 dicitis,
1701 513 1730 536 et

931 561 963 580 ex
981 553 1034 580 hoc
1057 553 1126 580 duas
1148 561 1210 581 esse
1226 553 1430 586 subsistentias,
1446 562 1508 582 cum
1526 554 1587 583 duo:
1606 556 1661 582 sint
1678 563 1729 583 na-

933 603 1012 631 tura},
1029 599 1169 634 colligitis,
1193 600 1290 627 scitote
1308 608 1361 627 nos
1383 608 1492 635 quoque
1518 600 1584 633 illud
1606 601 1699 629 dicere
1720 610 1727 629 :

931 645 983 673 Ubi
993 653 1094 680 corpus
1103 647 1162 673 esse
1171 646 1274 673 dicitur
1287 645 1451 678 coloratum,
1462 646 1583 674 colorem
1595 647 1729 675 exsistere

930 699 1044 719 necesse
1069 697 1127 725 est;
1154 692 1226 719 sicut
1249 692 1335 728 igitur
1358 692 1566 720 subsistendum
1593 700 1664 724 esse,
1681 693 1729 720 ubi

931 737 1035 764 dicitur
1051 742 1151 765 natura
1167 738 1333 766 subsistens.
1360 739 1414 766 Sed
1439 738 1584 773 quasitum
1602 746 1657 766 non
1681 746 1730 774 per

931 783 990 811 bane
1014 783 1263 817 demonstravistis,
1275 790 1303 813 et
1326 793 1341 813 a
1363 785 1443 813 nobis
1461 785 1639 820 diserepatis;
1655 784 1728 819 quod

931 839 1042 866 nempe,
1059 832 1105 859 ubi
1121 832 1201 867 plura
1221 833 1354 860 dicuntur
1370 832 1502 868 conjungi
1517 839 1631 868 corpora
1653 831 1729 859 eelo-

932 883 1001 910 rata,
1018 885 1134 906 numero
1149 879 1270 914 aequales
1285 879 1318 906 iis
1335 879 1439 906 debent
1454 886 1565 914 quoque
1581 886 1642 906 esse
1655 878 1730 906 colo-

934 932 992 958 res;
1009 929 1038 952 et
1054 933 1109 952 non
1128 925 1259 960 possibile
1280 930 1332 958 est,
1349 929 1396 952 aut
1411 933 1466 953 uno
1482 930 1510 952 et
1524 925 1621 952 eodem
1637 924 1729 952 colore

932 971 1010 1006 plura
1019 970 1136 999 colorari
1147 979 1272 1006 corpora,
1283 976 1313 998 ut
1321 971 1383 999 albo
1394 971 1501 1004 niveus,
1510 972 1625 1004 lacteus,
1635 979 1729 1000 cerus-

932 1025 996 1045 seus
1005 1017 1082 1044 mixti
1092 1022 1166 1051 sunt,
1174 1018 1288 1050 et-lana,
1298 1017 1386 1045 linum
1395 1022 1423 1045 et
1431 1017 1549 1045 sericum
1559 1017 1586 1044 in
1601 1025 1656 1044 uno
1665 1017 1728 1044 albo

931 1064 993 1092 velo
1007 1068 1149 1098 contexta;
1165 1069 1212 1092 aut
1232 1065 1260 1092 in
1284 1072 1370 1091 unum
1393 1064 1478 1092 alium
1504 1065 1625 1092 colorem
1647 1064 1727 1099 plura

931 1115 1049 1143 corpora
1065 1115 1125 1135 esse
1139 1109 1287 1143 permista;
1303 1113 1333 1136 ut
1345 1116 1496 1141 cerussam,
1512 1109 1635 1141 ochram,
1651 1109 1728 1137 chal-

932 1154 1076 1187 canthum,
1092 1154 1207 1189 gummi,
1226 1154 1253 1181 in
1269 1154 1348 1182 fusco
1364 1155 1489 1190 collyrio.
1510 1155 1577 1182 Nam
1594 1155 1663 1182 duas
1676 1163 1727 1182 na-

931 1205 1008 1228 turas
1031 1201 1058 1228 in
1075 1209 1128 1228 una
1143 1205 1171 1228 et
1185 1201 1281 1228 eadem
1304 1201 1483 1229 subsistentia
1505 1201 1623 1229 dicimus
1636 1202 1727 1230 subsi-

931 1251 1023 1279 stere;
1041 1254 1097 1274 non
1115 1247 1192 1285 (pulsi
1211 1247 1343 1274 alterutra
1362 1247 1449 1282 possit
1463 1254 1523 1274 esse
1543 1247 1727 1276 insubsistens

931 1293 958 1320 in
981 1293 1036 1324 illa.
1053 1293 1190 1328 sedquod
1210 1297 1326 1328 utraque
1350 1293 1378 1320 in
1402 1301 1455 1320 una
1477 1294 1616 1320 communi
1638 1293 1727 1328 possit

930 1339 1081 1366 subsistere
1097 1339 1286 1367 subsistentia.
1303 1340 1337 1367 Et
1355 1341 1404 1373 ita,
1426 1340 1578 1368 secundum
1602 1340 1725 1368 eamdem

931 1389 958 1412 et
971 1393 1052 1412 unam
1068 1385 1286 1418 subsistentiam,
1305 1390 1421 1421 utraque
1438 1387 1473 1413 sit
1488 1387 1652 1414 subsistens.
1666 1387 1726 1414 Non

931 1430 1005 1457 enim
1024 1431 1210 1457 necessarium
1223 1436 1266 1458 est
1283 1434 1314 1457 ut
1327 1431 1430 1466 aliquid
1446 1431 1545 1458 debeat
1558 1439 1629 1463 esse,
1644 1431 1726 1459 abso—

929 1476 986 1504 lute
1004 1481 1033 1504 et
1049 1477 1159 1512 proprie
1183 1477 1250 1504 illud
1275 1477 1325 1510 sit;
1351 1485 1415 1504 nam
1437 1485 1471 1504 ex
1497 1477 1575 1505 urbis
1598 1477 1727 1505 domibus

928 1522 1003 1549 nulla
1025 1522 1083 1550 sine
1099 1523 1222 1556 domino,
1246 1531 1302 1550 non
1318 1523 1507 1551 necessarium
1530 1528 1621 1550 autem
1639 1529 1681 1550 est
1697 1528 1727 1551 ut

929 1567 1019 1595 omnis
1041 1575 1102 1603 quae
1124 1568 1385 1606 dominumbabet,
1404 1577 1489 1596 unum
1511 1569 1654 1597 dominum
1678 1570 1727 1596 lia-

930 1613 1011 1647 beat;
1028 1614 1152 1649 plurimae
1165 1615 1238 1642 enim
1254 1618 1318 1642 sunt
1332 1616 1361 1642 in
1381 1616 1450 1643 urbe
1466 1616 1591 1651 pluribus
1606 1616 1727 1643 dominis

928 1667 1089 1688 communes
1106 1669 1112 1687 :
1125 1661 1165 1688 sic
1177 1661 1270 1697 igitur,
1283 1662 1393 1696 quando
1405 1667 1469 1690 sunt
1484 1667 1599 1694 naturze,
1615 1665 1726 1697 oportet

927 1713 975 1733 eas
991 1706 1142 1733 subsistere
1156 1711 1184 1734 et
1207 1707 1390 1735 subsistentes
1408 1715 1490 1740 esse;
1507 1707 1617 1742 quando
1633 1712 1724 1735 autem

927 1759 983 1779 non
997 1752 1109 1787 proprie
1122 1757 1150 1780 et
1164 1753 1224 1780 aliae
1240 1753 1274 1781 ab
1290 1753 1351 1781 aliis
1371 1758 1446 1786 sunt,
1461 1753 1562 1781 unione
1579 1753 1638 1781 illas
1653 1753 1725 1780 inter

927 1803 1023 1834 aperte
1039 1799 1121 1832 facta,
1138 1807 1194 1827 non
1209 1800 1293 1827 etiam
1308 1799 1420 1835 proprie
1443 1799 1595 1827 subsistere
1616 1805 1723 1826 utram-

927 1853 981 1880 que
998 1845 1183 1874 necessarium
1195 1850 1247 1874 est.
1261 1846 1383 1874 Evidens
1399 1853 1465 1881 ergo
1479 1850 1522 1874 est
1537 1853 1591 1873 non
1607 1845 1724 1873 alterius

927 1899 988 1919 esse
1008 1892 1205 1925 subsistentia,
1225 1892 1272 1920 sed
1290 1892 1318 1919 in
1336 1900 1390 1919 una
1406 1892 1558 1927 eademque
1571 1892 1724 1919 subsisten-

928 1937 964 1965 tia
989 1938 1136 1973 utriusque
1159 1938 1373 1966 existimandum
1398 1945 1459 1966 esse
1479 1937 1554 1973 quod
1570 1938 1724 1965 subsistens

926 1991 978 2013 est.
994 1985 1059 2013 Ideo
1076 1990 1104 2013 et
1122 1985 1262 2020 rejicimus
1280 1985 1354 2021 quod
1376 1993 1391 2012 a
1409 1984 1487 2012 vobis
1504 1985 1532 2012 in
1548 1985 1602 2012 ﬁne
1617 1984 1721 2011 dictum

926 2033 979 2061 est,
995 2030 1166 2065 impossibile
1183 2038 1244 2058 esse
1259 2030 1287 2057 in
1305 2038 1360 2057 una
1376 2030 1528 2065 eademque
1543 2029 1722 2058 subsistentia

926 2076 1111 2104 diﬂ‘erentiam
1143 2077 1198 2104 dici
1230 2077 1426 2104 subsistentia.
1453 2075 1514 2104 Non
1540 2077 1614 2104 enim
1638 2075 1722 2103 abso-

925 2122 982 2150 Iute
1001 2122 1119 2150 dicimus
1144 2122 1328 2150 diﬂ'erentiam
1351 2122 1594 2150 subsistentiarum
1619 2129 1647 2148 tn
1666 2129 1720 2149 una

925 2168 1104 2196 subsistentia
1124 2168 1244 2199 Domini.
1263 2169 1315 2196 hoc
1339 2168 1413 2196 enim
1438 2168 1656 2196 demonstratum
1679 2171 1721 2195 est

925 2223 984 2243 esse
997 2215 1185 2250 impossibile;
1202 2215 1338 2250 siquidem
1350 2223 1405 2242 non
1419 2214 1613 2242 distinctarum
1627 2222 1720 2241 rerum

925 2261 954 2289 in
977 2262 1074 2289 eodem
1094 2262 1193 2297 aliquis
1210 2262 1315 2289 diceret
1338 2261 1480 2293 unionem,
1498 2261 1525 2287 in
1547 2268 1602 2295 quo
1619 2260 1719 2288 distin-

923 2307 1043 2335 ctionem
1057 2307 1149 2340 videt;
1165 2307 1214 2336 sed
1225 2313 1386 2335 naturarum
1401 2306 1588 2334 dill'erentium
1604 2307 1720 2341 conjun-

923 2354 1041 2381 ctionem
1057 2354 1208 2381 secundum
1225 2362 1306 2382 unam
1320 2354 1434 2389 primam
1451 2361 1467 2381 a
1491 2353 1627 2388 principio
1641 2346 1718 2381 ἐκεί-

923 2404 1040 2428 stentem
1058 2400 1151 2434 Verbi,
1177 2408 1228 2428 uec
1251 2400 1400 2428 secundam
1423 2407 1483 2428 esse
1499 2400 1716 2432 subsistentiam,

921 2451 987 2482 puta
1000 2455 1016 2475 e
1033 2447 1223 2479 subsistentia,
1239 2446 1352 2474 scimus.
1371 2445 1424 2474 Sed
1441 2446 1477 2473 ita
1491 2446 1603 2481 quidem
1617 2446 1679 2473 ista.

957 2627 1034 2660 Quod
1058 2630 1149 2654 autem
1167 2634 1263 2654 rursus
1287 2624 1479 2660 proposuistis,
1504 2632 1618 2652 necesse
1641 2632 1712 2657 essu,

920 2681 981 2701 cum
1000 2673 1158 2701 ditl'erenles
1171 2673 1227 2700 siut
1243 2676 1347 2699 natura}
1370 2672 1399 2699 in
1412 2671 1610 2704 incarnatione,
1631 2671 1712 2698 diﬂ‘e-

920 2724 1011 2748 rentes
1028 2720 1110 2747 etiam
1132 2720 1187 2747 sint
1202 2723 1231 2747 et
1247 2718 1450 2751 subsistentia;
1472 2717 1711 2745 subsistentiarum

919 2772 1011 2794 autem
1028 2766 1214 2794 diti‘erentium
1237 2765 1264 2793 in
1281 2765 1400 2793 essentia
1421 2764 1526 2796 divina,
1541 2772 1597 2792 non
1614 2772 1711 2792 neces-

919 2813 990 2841 sario
1003 2821 1064 2840 esse
1080 2812 1241 2840 differentes
1251 2817 1373 2844 naturas,
1385 2811 1525 2846 quomodo
1536 2809 1706 2838 ostenditur?

919 2858 1008 2894 primo
1033 2858 1105 2886 enim
1131 2858 1262 2894 quidem,
1285 2857 1314 2886 in
1335 2857 1378 2884 his
1402 2864 1463 2892 quae
1487 2855 1615 2891 superius
1637 2855 1711 2883 dicta

919 2909 993 2939 sunt,
1004 2904 1213 2932 similitudinem
1227 2907 1387 2932 naturarum
1402 2901 1558 2930 necessario
1571 2900 1710 2937 requirere
