1968 3094
195 163 267 197 1⁵567

831 162 985 194 LEONTII
1006 164 1208 195 ΒΥΖΑΝΤΙΝΙ

1756 161 1827 195 1568

194 229 249 249 non
264 220 337 248 enim
363 220 391 247 in
412 221 535 255 proprla,
551 220 599 249 sed
615 221 643 248 ln
664 220 748 249 Verbi
761 229 877 256 persona
894 220 984 247 suhsi-

1040 222 1112 252 5ντος
1134 219 1180 246 τοῦ
1199 218 1340 255 Κυριακοῦ
1363 218 1408 245 τοῦ
1423 219 1474 253 τῆς
1488 217 1535 245 τοῦ
1548 218 1635 253 Λόγου
1650 218 1829 250 ὑποστάσεως

152 274 154 276 ‘
195 267 243 294 stit
257 266 380 293 abinitio
394 266 552 293 humanitas
575 266 751 298 Salvatoris;
780 274 870 300 neque
896 265 978 292 Verbi

194 320 312 348 persona
338 313 420 340 hodie
446 317 489 340 cst
512 313 600 340 solius
623 313 716 344 Verbi,
732 312 869 347 siquidem
886 313 912 338 in
925 312 982 346 ipsa

195 366 257 385 rum
274 358 444 386 humanitate
459 358 578 385 Verbum
594 358 829 385 consubstantiale
846 358 981 390 subsistit,

195 410 257 440 post
273 405 483 432 inenarrabilem
499 406 559 440 ejus
575 405 803 432 incarnationem.

1014 268 1023 273 ”
1037 268 1074 302 μὴ
1087 265 1296 300 διακεκριμένου
1314 264 1390 296 ποτὲ,
1410 264 1539 300 οὑδεμεαν
1555 265 1634 299 ῐσμεν
1645 263 1728 290 αὐτοῦ
1742 263 1827 297 μόνου

1037 314 1124 347 tam
1143 312 1224 339 οὖσαν
1248 312 1397 338 ὑπόστασιν
1408 320 1414 327 ·
1444 311 1491 337 καὶ
1507 311 1563 346 γὰρ
1577 311 1627 336 οὐκ
1643 311 1671 336 ὲν
1685 309 1826 345 ῑδιαζοὺσῃ

1036 359 1197 392 ὑποστῆναι,
1205 358 1262 384 ἀλλ’
1274 357 1303 384 ἐν
1315 359 1347 392 τῇ
1361 357 1408 384 τοῦ
1416 357 1501 390 Λόγου
1511 357 1660 383 ὑποστάσει
1673 356 1826 390 ὑφεστηκὲ-

1035 413 1080 431 ναι
1106 404 1136 430 τὺ
1157 403 1326 438 ἀνθρώπινόν
1350 411 1441 437 φαμεν
1463 402 1510 428 τοῦ
1526 403 1653 437 ’Σωτῆρος
1676 402 1705 435 ἐξ
1719 402 1824 437 ἀρχῆς·

195 449 256 476 οὔτε
283 451 336 484 μὴν
359 451 453 480 ἀπὶ-ὦς
479 450 526 485 τὴν
542 450 588 476 τοῦ
605 451 694 484 Λόγου
710 450 757 476 νῦν
773 451 932 481 ὑπόστασιν,
951 451 989 482 ὼς
1009 450 1094 483 Λόγου
1116 450 1195 485 μόνον
1209 449 1292 476 οὖσαν
1324 449 1473 476 ὑπόστασιν
1494 449 1541 475 νῦν
1574 450 1705 484 οἴδαμεν
1733 449 1828 484 ἐπειδὴ

197 497 246 523 σὺν
262 497 301 532 τῷ
316 497 478 531 ἀνθρωπίνῳ
493 496 695 532 συνυφέστηκεν
713 497 741 523 ὲν
756 497 824 532 αὑτῇ
839 497 892 523 τῶν
907 497 1060 532 όμοουσίων
1075 498 1089 523 ό
1101 497 1186 530 Λόγος
1203 496 1272 530 μετὰ
1284 496 1334 531 τὴν
1348 496 1488 530 ἄφραστον
1502 495 1584 522 αὑτοῦ
1597 495 1704 522 ἕνωσιν.

231 544 383 578 Utriusque
399 552 464 579 ergo
480 553 562 572 unam
587 549 616 572 et
643 552 816 572 communem
840 553 984 580 personam

197 591 368 621 contitemur.
385 599 445 624 qua:
460 591 536 625 prior
559 596 620 618 crat
636 591 754 618 humana
777 591 940 623 substantia,
957 595 985 618 et

196 641 276 663 antea
293 637 404 671 propria
419 637 502 664 Verbi
526 642 595 669 erat,
616 638 643 664 in
672 638 810 665 communi
832 638 985 665 divinitatis

197 682 333 713 essentia;
360 690 474 717 quaeque
506 683 558 710 sibi
582 687 674 711 creata
703 683 823 710 hominis
849 682 985 711 D‘ominiei

198 731 306 759 natura,
322 735 409 762 eaque
424 728 593 756 circumdata
613 733 648 756 ρι’
662 733 754 763 aptata
770 729 890 764 propria:
903 733 985 756 natu-

198 780 247 804 ΗΕ,
263 777 330 800 tunc
345 773 429 808 coepit
442 781 502 800 CSSB
526 779 632 802 natura;
650 782 791 809 οςπροτοεε
808 782 937 810 persona,
953 782 987 802 CX

197 819 307 854 propria
321 820 477 847 communis
492 821 560 853 licri,
576 825 605 848 et
622 821 769 856 multiplex'
779 821 911 848 substitit.
927 821 987 849 Non

197 865 271 893 enitn
289 865 370 892 hodie
387 866 460 893 sicut
475 867 551 900 prius
570 867 653 894 Verbi
671 874 787 901 persona
803 875 857 894 una
873 867 987 894 notione

1080 544 1256 579 Ἀμφοτέρων
1272 543 1317 570 οὖν
1335 544 1400 579 μίαν
1415 543 1494 578 ἴσμεν
1510 543 1557 569 καὶ
1571 543 1621 577 τὴν
1635 543 1720 577 αὐτὴν
1735 543 1830 577 κοινὴν

1038 592 1122 619 οὖσαν
1138 592 1288 618 ὑπόστασιν
1301 611 1307 622 ,
1333 592 1350 625 ἢ
1367 589 1527 626 προῦπῆρξε
1543 589 1594 623 μὲν
1609 589 1657 623 τῆς
1669 589 1764 620 οὑσῐας
1780 589 1830 616 τοῦ

1038 638 1195 674 ἀνθρώπου,
1216 638 1286 672 ῑδικὴ
1299 637 1365 664 οὖσα
1379 637 1408 663 τὸ
1424 637 1490 671 πρὶν
1503 635 1550 662 τοῦ
1563 635 1648 669 Λόγον
1662 637 1690 662 ὲν
1705 637 1739 671 τῇ
1749 637 1827 670 κοινῇ

1037 687 1086 720 τῆς
1102 685 1228 719 θεότητος
1241 684 1320 719 οὑσῐᾳ
1332 691 1338 697 ·
1356 683 1405 717 τὴν
1418 681 1446 708 δὲ
1461 682 1507 708 τοῦ
1521 681 1662 716 Κυριακοῦ
1679 681 1826 716 ἀνθρώπου

1039 731 1120 765 φύσιν
1146 730 1371 765 δημιουργήσατα
1396 729 1500 763 ἑαυτῇ,
1527 728 1575 754 καὶ
1600 727 1828 764 περιπτυξιμένη

1039 779 1086 805 καὶ
1110 776 1255 811 συνάψασα
1278 777 1310 812 τῇ
1335 776 1388 811 ἰδίᾳ
1407 777 1436 801 ἐν
1452 775 1520 810 αὐτῇ
1536 774 1616 808 φύσει
1627 796 1634 807 ,
1656 775 1713 810 ἅμα
1727 774 1766 809 τῷ
1781 774 1829 801 καὶ

1039 824 1088 858 τῆς
1103 823 1212 858 φύσεως
1227 823 1277 857 τῆς
1291 822 1391 857 σαρκὸς
1407 820 1477 848 εἶναι
1492 822 1642 852 ὑπόστασις
1652 841 1659 851 ,
1683 821 1729 847 καὶ
1749 820 1827 855 κοινὴ

1040 867 1110 895 εἶναι
1133 869 1201 903 αὑτῇ
1227 866 1257 900 ἐξ
1280 867 1367 901 ἰδικῆς
1383 867 1485 902 ἤρξατο
1502 867 1551 893 καὶ
1565 866 1746 901 ποικιλωτέρα
1761 874 1829 892 συν-

197 910 320 945 generati
335 917 350 937 a
369 910 447 937 Patre
462 915 491 937 et
507 910 614 946 Spiritu
628 912 817 947 distinguitur,
838 913 884 939 sed
901 913 984 940 etiam

1040 915 1164 950 ἑστηκεψ
1183 915 1214 941 οὑ
1228 913 1283 949 γὰρ
1297 913 1330 948 δὴ
1346 913 1420 948 μόνῳ
1435 912 1483 939 νῦν
1497 913 1534 943 ὼς
1547 912 1643 948 πρώην
1655 914 1671 948 ἡ
1684 912 1730 938 τοῦ
1740 913 1829 945 Λόγου

197 955 260 990 quia
275 955 401 990 pluribus
412 957 518 984 naturis
529 961 646 986 constat.
661 961 690 985 et
703 958 920 992 proprietatibus
929 958 987 985 sire

197 1001 371 1028 naturalibus
409 1001 467 1029 sive
499 1002 693 1036 personalibus
724 1011 822 1030 revera
852 1003 986 1030 abundat.

199 1045 342 1079 Quomodo
358 1055 424 1083 ergo
439 1047 504 1075 huic
520 1049 605 1076 altera
619 1057 737 1084 persona
753 1049 874 1076 hominis
892 1050 938 1084 qui
950 1050 987 1076 si-

199 1100 234 1120 ne
262 1092 354 1119 diviha
372 1093 454 1120 Verbi
479 1102 596 1129 persona
613 1103 752 1130 nnnquant
770 1095 904 1126 substitit,
919 1095 988 1130 adji-

197 1139 287 1166 cietur
301 1138 316 1166 ’ἴ
330 1139 377 1167 Vel
394 1139 417 1167 si
439 1141 515 1167 carni
536 1148 654 1175 persona
673 1142 834 1168 attribuitur
861 1146 924 1168 ante
942 1150 987 1168 σει

199 1185 395 1218 sttntptionem,
409 1186 481 1220 quod
498 1194 578 1212 netno
604 1187 665 1220 pius
682 1186 820 1218 admittet,
837 1187 986 1221 quomodo,

199 1238 262 1256 cum
287 1236 427 1265 assumpta
452 1231 547 1261 fuerit.
565 1231 590 1258 id
614 1235 667 1263 cst,
682 1239 744 1259 cum
775 1236 988 1266 assumptnm‘et

200 1284 346 1303 assumens
362 1277 388 1302 in
405 1284 465 1304 sese
492 1277 609 1304 invicem
625 1281 765 1310 maneant,
784 1277 937 1305 remanebit
960 1278 988 1305 in

200 1321 267 1356 ipsis
290 1325 319 1349 et.
347 1322 498 1349 salvabitur
527 1323 746 1358 uniuscujusque
785 1323 929 1350 distinctio
953 1322 987 1349 ab

198 1367 306 1394 altero?
319 1367 345 1394 in
359 1375 414 1402 quo
425 1369 552 1395 consistit
565 1369 731 1396 distinctio?
743 1369 826 1396 Recte
837 1376 903 1403 ergo
912 1369 919 1402 j
928 1368 989 1395 udi-

199 1413 324 1440 candum‘
341 1418 382 1440 est
409 1414 492 1441 Verbi
519 1419 644 1441 naturam
660 1422 720 1442 esse
734 1422 908 1441 communem
925 1421 988 1441 cum

200 1457 279 1484 Patre
292 1461 319 1483 et
335 1457 450 1492 Spiritu.
467 1465 612 1492 personam
628 1466 694 1486 vero
716 1466 776 1486 esse
792 1459 988 1494 particularcm

198 1507 293 1529 contra
307 1504 425 1534 Patrem,
443 1503 574 1538 Spiritum
587 1509 615 1532 et
634 1505 778 1532 universos
798 1505 926 1532 homines
940 1505 988 1540 qui

199 1549 233 1576 de
250 1550 327 1577 beata
341 1549 451 1585 Virgine
466 1550 522 1577 nati
541 1558 595 1577 non
610 1555 686 1583 sunt,
702 1555 784 1585 atque
811 1551 857 1578 uni
882 1552 957 1578 carni
973 1558 988 1578 ιι

202 1594 292 1622 Verbo
302 1595 335 1622 de
351 1595 438 1622 Matre
454 1596 500 1622 Dei
517 1602 666 1630 assumpta:
679 1604 853 1624 communem
870 1602 918 1630 ;ct
931 1605 989 1624 rur-

200 1648 247 1667 sus
261 1641 343 1676 hujus
359 1641 452 1668 carnis
468 1641 501 1668 de
518 1641 598 1669 beata
610 1642 721 1677 Virgine
732 1647 859 1669 naturam
886 1647 989 1670 nostra:

193 1679 317 1714 similem
334 1692 508 1714 communem
525 1695 586 1715 esse
604 1695 667 1715 cum
685 1688 815 1716 omnibus
828 1689 893 1716 tiliis
905 1688 988 1722 Adae,

199 1736 226 1758 et
239 1739 384 1766 personam
410 1733 616 1768 particularem.
638 1734 660 1761 si
675 1734 757 1761 nobis
780 1735 823 1762 vel
838 1735 923 1766 Patri,
944 1735 987 1763 vel

199 1777 315 1812 Spiritui
332 1783 524 1814 componatur,
540 1787 771 1815 communemque
802 1781 850 1808 uni
885 1781 987 1808 Verbo.

201 1824 276 1851 Hanc
302 1829 385 1852 rectre
411 1824 475 1852 tidei
495 1826 616 1860 regulam
629 1833 643 1852 a
660 1825 796 1861 theologis
820 1827 988 1861 accepimus.

198 1870 283 1897 Nobis
304 1878 387 1897 unam
414 1877 558 1905 personam
574 1875 602 1898 et
616 1871 684 1898 duas
707 1876 820 1900 naturas
834 1872 861 1899 in
877 1872 990 1900 homine

198 1920 226 1942 et
236 1915 262 1942 in
273 1915 383 1943 Christo
404 1916 685 1951 rectejndicantibus,
700 1925 749 1945 vos
771 1918 848 1945 vobis
876 1918 989 1946 minime

199 1961 355 1989 consentire
366 1962 412 1989 Dei
428 1963 515 1997 gratia
527 1963 700 1996 ostendetur,
722 1969 867 1998 postquam
884 1964 917 1991 ad
930 1964 989 1992 sin-

198 2007 275 2042 gulas
288 2012 394 2035 vestras
407 2008 564 2037 molitiones
580 2016 744 2044 responsum
762 2010 855 2037 fuerit.
871 2010 905 2037 Et
932 2011 989 2046 jam

199 2053 312 2088 quidem
324 2053 498 2088 probandutn
516 2060 558 2082 est
571 2063 620 2082 vos
633 2063 686 2083 non
701 2056 783 2083 modo
796 2064 876 2084 unam
892 2064 989 2091 perso-

198 2107 262 2126 nam
276 2098 425 2126 humanam
441 2099 490 2127 sed
509 2101 592 2128 etiam
607 2109 688 2128 unam
706 2106 845 2133 naturam,
864 2107 893 2128 ut
906 2102 991 2137 Euly-

199 2144 301 2176 chiani,
315 2144 378 2172 huic
394 2145 485 2173 Verbo
503 2146 672 2180 adjndieare.
695 2147 803 2174 Etenim
819 2147 854 2178 si.
873 2153 902 2175 ut
921 2147 990 2175 duas

200 2197 344 2225 personas,
358 2190 427 2218 duas
442 2195 554 2218 naturas
572 2191 681 2218 Christo
692 2191 774 2223 datis,
791 2193 859 2219 nihil
871 2193 990 2228 amplius

198 2235 226 2263 in
241 2241 357 2271 utraqtte
369 2237 623 2271 conspicientes,.el
636 2238 776 2265 Christum
791 2238 876 2266 Deum
889 2244 917 2267 et
933 2239 984 2265 ho-

1039 960 1187 991 ὑπόστασις
1211 959 1337 993 ἰδιώματι
1361 959 1400 993 τῷ
1419 958 1541 993 γεννητῷ
1562 959 1594 985 εκ
1608 967 1638 984 τε
1658 957 1706 985 τοῦ
1724 957 1830 992 Πατρδς

1039 1006 1086 1033 καὶ
1108 1006 1155 1032 τοῦ
1181 1005 1340 1039 Πνεῦματος
1362 1004 1550 1039 διακρίνεται,
1576 1003 1646 1030 ἀλλᾶ
1667 1004 1715 1030 καὶ
1740 1003 1780 1038 τῷ
1799 1004 1830 1030 ἐκ

1038 1051 1171 1078 πλειόνων
1193 1051 1278 1085 αὑτὴν
1301 1048 1371 1076 εἶναι
1387 1050 1495 1084 φύσεων
1511 1049 1559 1076 καὶ
1574 1049 1699 1084 φυσικῶν
1715 1049 1830 1084 ἰδιωμά-

1038 1106 1093 1123 των
1110 1098 1157 1124 καὶ
1171 1096 1357 1132 προσωπικῶν
1373 1095 1474 1130 δηλαδὴ
1490 1095 1694 1130 περισσότερον·
1711 1094 1770 1125 πῶς
1783 1092 1831 1121 οὖν

1040 1144 1189 1174 ὑπόστασις
1209 1142 1256 1169 τοῦ
1273 1142 1311 1177 μὴ
1325 1142 1492 1173 ὑποστάντος
1507 1141 1571 1168 ποτὲ
1585 1135 1666 1172 ἕκτος
1681 1141 1766 1175 αὑτῆς
1779 1142 1830 1175 τῆς

1039 1190 1085 1216 ’τσῦ
1097 1190 1168 1215 θείου
1176 1190 1262 1222 Λόγου
1275 1188 1451 1215 ὑποστάσεως
1463 1187 1733 1222 συναριθμηθήσετσι
1743 1188 1829 1222 αὖτῇ;

1039 1235 1071 1262 Et
1086 1236 1113 1262 δὲ
1128 1236 1173 1262 καὶ
1189 1234 1222 1269 ἦν
1237 1235 1386 1265 ὑπόστασις
1401 1236 1434 1269 τῇ
1449 1234 1531 1269 σαρκὶ
1545 1234 1599 1268 πρὸ
1610 1234 1659 1268 τῆς
1671 1234 1830 1268 συλλήψεως

1039 1281 1134 1316 αὑτῆς,
1154 1282 1222 1316 ὅπερ
1238 1280 1326 1312 οὐδεὶς
1343 1281 1461 1312 εὐσεϐῶς
1478 1281 1544 1315 ἐρεῖ,
1568 1281 1626 1312 πῶς
1651 1280 1718 1315 μετὰ
1736 1280 1766 1306 τὸ
1780 1279 1830 1315 λη-

1040 1327 1156 1362 φθῆναι,
1177 1327 1260 1362 ἤγουν
1278 1328 1306 1353 ἐν
1321 1326 1447 1360 ἀλλήλοις
1464 1327 1554 1360 μεῖναι
1576 1327 1606 1352 τό
1620 1335 1649 1352 τε
1664 1326 1765 1361 ληιρθὲν
1781 1328 1830 1353 καὶ

1038 1372 1068 1398 τὸ
1093 1370 1191 1401 λαϐὸν,
1217 1370 1387 1405 παραμένειν
1413 1372 1441 1397 ὲν
1463 1371 1553 1402 αὐτοῖς
1572 1370 1692 1402 δύναται,
1710 1372 1757 1397 καὶ
1773 1372 1829 1398 σὼ-

1039 1416 1133 1449 ζεσθαι
1150 1417 1198 1442 ἀπ’
1216 1416 1339 1450 ἀλλήλων
1359 1417 1491 1449 ἑκατέρου
1509 1416 1660 1449 διάστασις,
1679 1417 1748 1452 ὅπερ
1764 1427 1829 1445 συν-

1041 1463 1131 1498 ίστησι
1158 1463 1206 1498 τὴν
1232 1463 1402 1494 ὑπόττασιν;
1431 1463 1536 1489 Οὐκοῦν
1553 1463 1641 1497 ὀρθῶς
1656 1464 1754 1490 εἰδέναι
1770 1464 1830 1490 δέον

1040 1508 1086 1535 τοῦ
1111 1509 1160 1544 μὲν
1179 1509 1266 1542 Λόγου
1292 1508 1384 1542 κοινὴν
1407 1508 1456 1543 τὴν
1479 1508 1559 1542 φύσιν
1577 1509 1645 1543 πρὸς
1659 1509 1705 1535 τὸν
1719 1509 1830 1544 Πατέρα

1041 1555 1087 1581 καὶ
1103 1554 1133 1580 τὸ
1146 1554 1269 1588 Πνεῦμα·
1284 1553 1332 1588 τὴν
1346 1554 1374 1580 δὲ
1388 1555 1535 1581 ὑπόστασιν
1552 1554 1639 1588 ἱδικὴν
1652 1555 1700 1588 μὲν
1712 1555 1750 1587 ὦς
1762 1556 1829 1590 πρός

1039 1609 1069 1626 τε
1085 1600 1130 1627 τὸν
1145 1600 1254 1632 Πατέρα
1270 1599 1317 1626 καὶ
1332 1599 1362 1625 τὸ
1375 1599 1487 1634 Πνεῦμα
1506 1601 1552 1626 καὶ
1568 1600 1636 1635 προς
1648 1599 1752 1632 πάντας
1765 1600 1830 1631 τοὺς

1044 1643 1080 1678 μὴ
1108 1644 1139 1669 ἐκ
1162 1643 1211 1677 τῆς
1236 1643 1316 1677 ἁγίας
1339 1643 1479 1678 Παρθένου
1501 1644 1680 1679 ἀνθρώπους,
1705 1645 1785 1679 μόνον
1800 1641 1830 1671 δι

1042 1688 1132 1723 κοινὴν
1142 1687 1179 1717 ὡς
1189 1687 1256 1722 πρὸς
1269 1687 1317 1722 τὴν
1327 1689 1358 1714 ἐκ
1369 1688 1418 1722 τῆς
1430 1688 1561 1715 Θεοτόχου
1575 1688 1723 1723 ληφθεῖσαν
1732 1689 1772 1723 τῷ
1781 1690 1830 1716 Λό-

1041 1743 1082 1768 γῳ
1098 1734 1187 1768 σάρκα
1197 1742 1204 1748 ·
1230 1732 1278 1760 καὶ
1292 1733 1378 1768 αὐτὴν
1391 1733 1419 1759 δὲ
1433 1732 1567 1760 ἀνάπαλιν
1579 1733 1628 1769 τὴν
1642 1735 1674 1761 ἐκ
1685 1735 1734 1768 τῆς
1748 1734 1830 1767 ἁγίας

1042 1780 1179 1815 Παρθένου
1196 1780 1301 1816 σάρκα,
1319 1781 1369 1816 τὴν
1386 1780 1437 1814 μὲν
1451 1780 1532 1814 φύσιν
1547 1781 1617 1807 κατὰ
1630 1779 1679 1815 τὴν
1691 1780 1830 1815 ἡμετέραν

1040 1826 1196 1857 κοινωνίαν.
1213 1826 1306 1859 κοινὴν
1321 1825 1393 1860 ἔχειν
1407 1825 1476 1860 πρὸς
1489 1825 1593 1856 πάντας
1608 1826 1671 1857 τοὺς
1685 1825 1714 1857 ἐξ
1733 1825 1830 1859 Ἀδὰμ,

1039 1871 1089 1907 τὴν
1103 1872 1132 1898 δὲ
1147 1873 1295 1898 ὑπόστασιν
1312 1871 1398 1906 ιδικὴν
1413 1871 1482 1906 πρός
1494 1879 1523 1898 τε
1538 1872 1613 1906 ἡμᾶς
1628 1871 1673 1897 καὶ
1686 1870 1731 1897 τδν
1744 1870 1833 1897 Πατέ-

1042 1927 1077 1954 ρα
1092 1918 1138 1945 καὶ
1151 1918 1181 1944 τδ
1195 1918 1318 1952 Πνεῦμα,
1336 1917 1404 1952 πρὸς
1418 1918 1447 1944 δὲ
1461 1917 1506 1943 τὸν
1521 1917 1606 1951 Λόγον
1622 1917 1703 1951 μόνον
1718 1917 1814 1951 κοινήν
1824 1925 1831 1933 ·

1040 1961 1117 1994 οὗτος
1136 1963 1191 1999 γὰρ
1209 1962 1299 1990 κανὼν
1317 1962 1471 1998 ὀρθοδοξίας
1485 1963 1552 1997 ἡμῖν
1567 1961 1612 1988 διὰ
1625 1963 1678 1988 τῶν
1691 1962 1833 1997 θεηγόρων

1041 2009 1230 2044 παραδέδοται.
1247 2009 1310 2035 Ὀτι
1322 2009 1351 2035 δὲ
1366 2007 1444 2042 ἡμῶν
1459 2008 1508 2042 μὲν
1523 2008 1589 2043 μίαν
1603 2009 1764 2038 ὑπόστασιν,
1785 2008 1833 2035 δύο

1039 2054 1068 2081 δὲ
1088 2055 1184 2088 φύσεις
1210 2054 1239 2080 ἔν
1258 2063 1288 2080 τε
1308 2053 1347 2088 τῷ
1363 2053 1499 2089 ἀνθρώπῳ
1513 2056 1561 2080 καὶ
1575 2055 1604 2080 ὲν
1616 2054 1728 2088 Χριστῷ
1743 2053 1834 2088 ὀρθῶς

1039 2100 1172 2133 λεγόντων
1187 2100 1265 2134 ὑμεῖς
1279 2099 1338 2126 λίαν
1352 2099 1517 2134 ἀσυμϐάτως
1533 2099 1609 2133 ἔχετε
1624 2100 1748 2130 ἑαυτοῖς,
1768 2099 1832 2133 ἑξῆς

1041 2146 1089 2172 σὺν
1109 2145 1168 2180 Θεῷ
1191 2145 1380 2179 δειχθήσεται,
1411 2145 1480 2180 μετὰ
1496 2144 1526 2171 τὸ
1544 2144 1745 2179 ἀποκρίνασθαι
1764 2145 1832 2179 πρός

1040 2192 1089 2223 τὰς
1113 2191 1178 2226 περὶ
1196 2190 1291 2217 τούτου
1312 2191 1389 2225 ὑμῶν
1407 2191 1497 2222 πάσας
1513 2191 1694 2220 κατασκευάς.
1721 2190 1833 2225 Πρῶτον

1041 2237 1068 2263 δὲ
1091 2237 1160 2268 τέως
1181 2238 1248 2271 ἡμῖν
1268 2236 1399 2268 δεικτέον,
1417 2236 1455 2267 ὡς
1471 2237 1517 2262 καὶ
1530 2236 1608 2270 ὑμεῖς
1623 2236 1653 2261 οὑ
1669 2235 1749 2270 μόνον
1767 2236 1832 2268 μίαν

199 2281 300 2308 minem
315 2281 444 2313 confessi,
455 2282 496 2308 vel
515 2281 619 2308 homini
634 2283 660 2308 in
677 2282 736 2316 ipso
751 2282 819 2309 duas
832 2287 946 2309 naturas
956 2287 984 2310 et

1040 2282 1190 2308 ὑπόστασιν
1204 2282 1249 2308 τὸν
1265 2281 1418 2316 ἄνθρωπον,
1435 2281 1502 2307 ἀλλὰ
1518 2281 1565 2307 καὶ
1583 2281 1648 2316 μίαν
1663 2281 1744 2313 φύσιν
1761 2281 1832 2308 κατὰ

197 2326 267 2354 duas
280 2334 413 2361 personas
428 2327 590 2360 attribuitis,
602 2331 629 2355 et
640 2335 655 2354 a
676 2328 767 2354 Verbo
779 2336 889 2355 onmem
906 2333 988 2355 natu-

199 2381 256 2400 ram
268 2378 296 2400 ct
305 2381 449 2409 personam
459 2375 592 2406 adimitis,
609 2375 737 2410 illudque
750 2376 810 2402 sine
822 2375 988 2408 substantia,

198 2421 259 2448 sine
283 2429 399 2455 persona
413 2422 557 2454 scribitis;
577 2421 620 2448 vel
632 2421 714 2448 ctiam
725 2421 814 2448 Verbo
831 2429 912 2448 unam
926 2429 989 2456 per-

199 2474 293 2493 sonam
301 2474 439 2502 unamqne
446 2472 582 2498 naturam,
590 2471 618 2494 et
627 2467 743 2499 homini,
752 2475 806 2494 non
816 2475 898 2494 unam
906 2467 989 2494 modo

199 2519 354 2546 personam,
376 2512 423 2539 sed
448 2517 574 2539 naturam
591 2512 702 2547 quidem
727 2520 809 2539 unam
839 2512 987 2539 manifeste

198 2557 376 2585 adscribitis:
393 2558 439 2584 ubi
456 2566 522 2593 ergo
543 2563 571 2585 et
597 2559 676 2592 cujus
693 2562 735 2584 cst
758 2566 849 2585 sermo
873 2564 987 2593 stupen-

200 2603 262 2634 dus.
291 2604 376 2631 verba
399 2605 562 2639 pugnantia,
578 2608 606 2630 et
622 2604 837 2631 contradictoria
849 2626 853 2636 ,
865 2608 893 2631 et
910 2604 991 2639 quid-

199 2649 265 2685 quid
280 2657 342 2677 cum
358 2649 482 2685 emphasi
502 2650 698 2677 declamahatis
713 2650 724 2676 ?

1038 2330 1102 2360 τοῦς
1116 2329 1169 2355 ἀπὸ
1185 2328 1321 2363 Εὑτυχοῦς
1337 2336 1404 2362 φατε
1421 2327 1509 2362 τούτῳ
1524 2336 1555 2361 γε
1571 2327 1610 2362 τῷ
1624 2327 1714 2362 Λόγῳ.
1735 2328 1764 2353 Et
1777 2328 1832 2362 γὰρ

1040 2375 1171 2405 ὡσαύτως
1193 2375 1252 2405 ταῖς
1273 2374 1438 2400 ὑποστάσεσι
1464 2373 1510 2399 δῦο
1533 2374 1579 2400 καὶ
1597 2373 1646 2404 τὰς
1663 2373 1760 2407 φύσεις
1785 2374 1832 2400 ἐπὶ

1041 2420 1158 2455 Χριστοῦ
1182 2428 1250 2454 φατε
1264 2439 1271 2449 .
1299 2419 1376 2446 οὐδὲν
1396 2419 1498 2445 τούτων
1517 2420 1544 2444 ἐν
1559 2419 1668 2453 θατέρῳ
1684 2419 1833 2450 πλεονάζον

1040 2467 1158 2502 ὁρῶντες
1169 2488 1175 2498 ,
1202 2467 1247 2493 τδν
1265 2466 1383 2500 Χριστὸν
1407 2465 1465 2492 ἴστε
1483 2465 1550 2492 Θεὸν
1565 2466 1613 2492 καὶ
1627 2465 1787 2500 ἄνθρωπον·
1814 2465 1830 2499 ἢ

1040 2513 1088 2540 τοῦ
1104 2513 1250 2548 ἀνθρώπου
1275 2513 1320 2539 τοῦ
1342 2513 1370 2539 ὲν
1385 2512 1460 2547 αὑτῷ
1475 2512 1523 2538 δύο
1536 2512 1594 2538 ἴστε
1609 2512 1658 2543 τὰς
1671 2511 1768 2545 φύσεις
1785 2512 1832 2537 καὶ

1040 2559 1087 2586 δύο
1110 2561 1158 2590 τὰς
1183 2558 1346 2590 ὑποστάσεις
1359 2578 1367 2590 ,
1395 2559 1443 2585 τοῦ
1460 2558 1488 2585 δὲ
1505 2558 1594 2592 Λόγου
1615 2558 1653 2593 μὴ
1667 2554 1738 2583 εἶναι
1752 2557 1833 2591 φύσιν

1041 2604 1057 2639 ἢ
1074 2604 1223 2630 ὑπόστασιν
1238 2604 1307 2636 ὅλως
1321 2603 1399 2638 φατὲ,
1418 2604 1476 2631 ἀλλ’
1492 2603 1617 2631 ἀνοὺσιὸν
1630 2612 1659 2629 τε
1673 2603 1721 2629 καὶ
1733 2602 1834 2629 ἀνυπό-

1043 2658 1139 2676 στατον
1154 2651 1235 2677 αὑτὸν
1248 2650 1423 2685 διαγράφετε·
1440 2650 1457 2685 ἢ
1471 2649 1518 2676 τοῦ
1533 2649 1582 2685 μὲν
1595 2650 1682 2684 Λόγου
1697 2649 1761 2683 μίαν
1770 2648 1834 2675 ὑπό.

201 2707 296 2726 στασιν
322 2700 370 2725 καὶ
396 2699 459 2733 μίαν
482 2698 562 2732 φύσιν
573 2719 579 2728 .
601 2700 648 2725 καὶ
663 2698 709 2725 τοῦ
725 2698 869 2733 ἀνθρώπου
885 2698 912 2725 δὲ
929 2697 993 2733 μίαν
1009 2698 1040 2724 οὑ
1057 2698 1137 2733 μόνον
1149 2698 1178 2724 δὲ
1191 2698 1240 2733 τὴν
1254 2698 1413 2729 ὑπόστασιν,
1427 2697 1495 2725 ἀλλὰ
1522 2698 1569 2724 καὶ
1600 2699 1649 2733 τὴν
1661 2697 1742 2731 φύσιν
1751 2696 1833 2730 γινώ-

202 2753 313 2777 σκοντες
327 2746 355 2771 ὲν
368 2745 478 2781 Χριστῷ
493 2745 680 2780 διηλέγχθητε.
698 2746 751 2772 Καὶ
763 2746 814 2772 ποῦ
829 2746 881 2771 εἰσι
913 2746 961 2771 καὶ
987 2745 1059 2776 τίνος
1085 2746 1102 2780 ἡ
1125 2745 1254 2781 τερθρεία
1280 2746 1333 2772 τῶν
1354 2745 1442 2780 λόγων
1466 2746 1513 2772 καὶ
1532 2745 1606 2781 μάχη
1627 2745 1680 2772 τῶν
1700 2745 1834 2780 ῥημάτων

200 2793 248 2819 καὶ
260 2793 430 2828 ἐναντιότης
447 2793 493 2820 καὶ
507 2793 556 2820 οὑκ
568 2791 627 2819 οἶδα
641 2794 691 2820 ὅσα
704 2792 988 2829 καταρῤητορεὺοντες
1007 2793 1229 2829 προοιμιάζεσθε.

517 2838 592 2866 CAP.
618 2838 676 2866 XV.

237 2882 269 2910 Si
297 2885 477 2918 personaliter
506 2884 595 2911 diil'ert
622 2891 721 2919 corpus
751 2885 821 2911 [‘etri
838 2894 852 2911 a
877 2892 991 2919 corpore

1339 2837 1463 2864 ΚΕΦΛΛ.
1484 2838 1536 2864 lE'-

1081 2884 1110 2910 El
1136 2883 1258 2919 διαφέρει
1276 2883 1337 2911 κσθ⁹
1353 2883 1501 2911 ὑπόστασιν
1520 2890 1549 2910 το
1567 2883 1646 2918 σῶμα
1665 2883 1772 2918 Πέτρου
1787 2882 1834 2910 τοῦ
