1968 3094
135 125 202 159 1569

608 130 805 163 ADVERSUS
824 127 1098 159 NESTORIANOS.
1111 139 1147 144 -
1162 127 1235 157 LIB.
1254 126 1298 156 'lI.

1687 124 1736 155 157

136 186 259 223 σώματος
277 188 395 222 Παύλου,
416 190 475 221 πῶς
494 197 544 216 ουκ
566 189 642 215 ἔσται
658 188 706 214 καὶ
724 186 755 214 τὸ
772 186 852 221 σῶμα
867 184 914 211 τοῦ

976 184 1055 216 );λυ1ἱ,
1068 191 1117 210 cur
1129 190 1276 218 personam
1291 190 1345 208 non
1362 180 1443 208 habet
1461 189 1562 216 corpus
1574 181 1716 209 hominis?
1729 182 1758 210 Si

134 233 289 269 ἀνθρώπου,
306 235 456 263 ὑπόστασιν
469 235 548 271 ἐχον;
565 235 595 262 Εἰ
614 236 630 271 ή
649 235 723 270 ψυχὴ
742 233 847 269 Πέτρου
860 232 916 267 εχει

134 280 282 307 ὑπόστασιν
292 280 330 313 ὡς
342 281 443 316 Πέτρου
457 282 502 308 καὶ
515 281 605 315 φύσιν,
619 281 665 307 καὶ
678 281 708 306 τὸ
721 279 800 314 σῶμα
811 278 916 313 Πέτρου

134 327 189 362 ἔχει
204 327 352 354 ὑπόστασιν
364 327 401 358 ὡς
416 329 518 362 Πέτρου
537 328 585 354 καὶ
603 327 684 362 φύσιν
694 335 701 342 ·
718 326 764 353 δύο
779 326 807 352 δὲ
822 325 917 359 φύσεις

134 374 147 399 ό
161 374 265 410 Πέτρος
281 374 325 400 διὰ
339 372 428 408 ψυχὴν
446 375 494 401 καὶ
509 373 600 408 σῶμα,
613 373 670 404 πῶς
686 372 716 399 οὑ
733 372 779 399 δύο
794 372 842 398 καὶ
854 371 918 397 ὑπο-

134 418 241 449 στάσεις
256 420 269 445 ὀ
294 419 395 455 Πέτρος
414 419 459 445 διὰ
479 419 570 454 ψυχὴν
593 419 641 445 καὶ
662 418 742 452 σῶμα
757 426 764 449 ;
780 418 811 445 Εἰ
830 416 858 442 δὲ
872 414 918 442 δύο

134 463 229 498 φύσεις
243 464 258 499 ἡ
273 463 346 498 ψυχὴ
364 465 467 499 Πέτρου
479 465 525 490 καὶ
537 465 567 490 τδ
582 463 672 498 σῶμα,
686 463 733 490 καὶ
745 462 791 489 δύο
804 459 919 488 ὑποστά-

134 517 189 539 σεις
204 510 221 544 ἡ
236 509 309 544 ψυχὴ
325 509 428 544 Πέτρου
445 508 492 536 καὶ
509 509 540 536 τὸ
555 508 644 545 σῶμα,
657 509 715 540 πῶς
731 508 762 535 οὑ
778 507 874 542 ψευδὲς
889 507 918 533 τὸ

132 554 178 581 δύο
193 555 289 589 φύσεις
307 555 395 589 λέγειν
410 555 456 581 τὸν
474 555 628 590 ἄνθρωπον,
646 555 693 581 καὶ
714 555 778 589 μίαν
801 554 919 580 ὑπόστα-

133 609 175 626 σιν
192 609 199 632 ;
217 600 282 631 Ταῖς
295 600 441 635 ὑμετέραις
453 601 553 637 ἄρκυσι
570 599 781 635 περιεπλάκητε
801 607 808 614 ·
826 599 873 625 καὶ
889 598 919 625 τὸ

133 646 272 672 Δαυῖδικδν
288 647 352 681 ὑμῖν
367 646 480 682 ἐπιϐοᾷν
496 647 569 681 ἡμᾶς
583 645 809 681 παρασκευάζετε
822 653 829 659 ·
845 654 853 670 ι
875 645 919 670 Ἐν

133 693 187 723 τοῖς
203 692 295 727 ἔργοις
306 691 360 718 τῶν
374 692 479 727 χειρῶν
490 692 574 718 αὑτοῦ
592 691 747 726 συνελήφθη
762 692 776 717 ὁ
790 691 920 726 ἁμαρτω-

132 738 186 769 λὸς,
202 747 211 763 ι
232 738 290 770 καὶ,
309 747 318 763 ι
329 737 504 772 Ἐπιστρέψει
518 737 626 768 ὁπόνος
642 736 724 763 αὑτοῦ
737 737 777 767 εἰς
798 735 920 770 κεφαλὴν

138 783 247 810 αὐτοῦ.»
259 780 309 809 Ὧν
323 782 377 818 γὰρ
399 783 500 818 ἀρτίως
526 782 644 816 ἐλέγετε,
662 782 719 809 δέον
736 782 807 816 ὑμᾶς
825 781 922 816 μιμνή-

132 827 247 854 σκεσθαι
260 835 266 842 ·
280 829 309 854 ἐν
331 825 372 860 οἷς
395 828 443 855 δύο
458 828 508 860 τὰς
522 827 688 859 ὑποστάσεις
710 827 757 854 τοῦ
776 827 920 862 ἀνθρώπου

133 874 254 906 θέλοντες
270 874 496 907 κατασκευάζειν,
514 875 588 910 τρεῖς
601 874 674 908 ἡμᾶς
691 873 741 905 τὰς
755 873 851 907 φύσεις
872 872 919 899 τοῦ

133 922 258 957 Σωτῆρος
285 921 385 956 λέγειν,
408 921 555 955 συνάγετε.
570 920 686 956 θρῷτον
716 920 764 954 μὲν
777 917 825 946 οὖν
847 919 922 953 ὅπως

133 965 187 994 risv
214 967 338 1003 διάφοροι
363 967 453 1002 ψυχῆς
477 968 526 994 καὶ
556 965 681 1001 σώματος
705 966 733 992 at
757 965 922 997 ὑποστάσεις

133 1013 193 1044 ἑνὸς
210 1013 257 1039 καὶ
267 1013 315 1039 τοῦ
327 1013 411 1039 αὑτοῦ
425 1012 526 1044 ζῶντος
542 1012 570 1039 ὲν
585 1012 667 1047 σαρκὶ
685 1009 831 1046 ἀνθρώπου
846 1011 924 1044 ἀγνο-

133 1058 218 1094 οῦμεν
234 1066 243 1075 ο
258 1059 283 1085 ει
294 1059 356 1094 -γὰρ
373 1058 473 1091 ζῶντος
491 1058 538 1084 καὶ
558 1055 712 1092 σωζομένου
731 1056 777 1082 τοῦ
795 1055 923 1082 συνθέτου

134 1104 203 1137 ζώου
218 1104 264 1130 δύο
282 1104 338 1131 ἴστε
351 1104 400 1135 τὰς
413 1104 576 1135 ὑποστάσεις
595 1103 649 1130 τῶν
665 1103 694 1129 ὲν
709 1102 825 1137 αὑτῷ.ὲν
841 1101 880 1137 τῷ
892 1102 924 1128 ὲκ

133 1151 181 1178 τοῦ
199 1150 314 1177 θανάτου
338 1149 471 1185 χωρισμῷ
484 1158 491 1165 ·
507 1149 522 1184 ἢ
551 1149 581 1176 οὑ
596 1149 642 1175 δύο
659 1149 739 1182 μόνον
764 1148 811 1179 τὰς
829 1148 924 1182 φύσεις

134 1196 217 1223 αὑτοῦ
241 1196 289 1222 καὶ
314 1196 478 1226 ὑποστάσεις
509 1195 611 1229 ὁμοίως
639 1193 709 1225 ἴστε,
724 1193 793 1219 arma
815 1193 924 1223 πλείους

136 1243 179 1270 διὰ
205 1243 250 1269 τὸν
273 1242 414 1276 χωρισμὸν
428 1241 475 1267 καὶ
484 1240 534 1275 τὴν
549 1241 679 1275 διαίρεσιν
694 1239 741 1266 τοῦ
762 1239 832 1271 ζὼου
848 1247 854 1254 ·
869 1239 923 1264 πᾶν

134 1290 189 1325 γὰρ
202 1289 389 1323 διαιρούμενον
405 1287 535 1322 πληθύνει
551 1287 596 1313 τὸν
607 1286 705 1313 ἑαυτοῦ
720 1285 838 1321 ἀριθμὸν
849 1305 856 1316 ,
875 1285 922 1311 καὶ

135 1336 242 1362 ἔσονται
254 1335 388 1369 τέσσαρες
405 1333 421 1368 ἣ
441 1333 514 1360 ὀκτὼ
528 1334 555 1359 αἱ
569 1334 631 1359 κατ’
643 1332 725 1359 αὑτὸν
753 1332 849 1366 φύσεις
877 1331 924 1357 καὶ

137 1378 349 1412 ὑποστάσεις⁴ῆ
369 1378 417 1408 τὰς
432 1377 516 1409 αὑτὰς
537 1377 637 1408 εἰδότες
653 1377 749 1411 φύσεις
768 1376 851 1402 αὑτοῦ
877 1375 926 1402 καὶ

136 1424 300 1454 ὑποστάσεις
313 1424 359 1450 καὶ
378 1422 447 1458 μετὰ
462 1423 511 1458 τὴν
525 1423 647 1449 διάλυσιν
661 1422 708 1448 τοῦ
724 1421 804 1455 ζώου,
816 1421 862 1448 τὺν
877 1421 926 1448 αὺ-

136 1471 181 1497 τὸν
205 1470 313 1496 ἔσεσθαι
332 1469 412 1502 λόγον
428 1469 528 1500 εἰδότες
546 1469 616 1495 κατὰ
628 1469 677 1503 τὴν
692 1467 811 1504 ὓπαρξιν
828 1467 874 1493 τοῦ
894 1476 925 1493 τε

968 231 1060 258 anima
1082 230 1154 257 Petri
1166 251 1172 259 .
1184 235 1215 256 ut
1227 229 1311 260 Petri,
1325 228 1409 255 habet
1419 236 1564 263 personam
1581 231 1608 255 et
1618 233 1757 257 naturam.

968 281 996 304 et
1012 284 1113 311 corpus
1129 276 1213 308 Petri,
1226 275 1290 310 quia
1306 275 1391 307 Petri,
1403 282 1548 309 personam
1564 274 1647 301 habet
1661 279 1690 301 et
1709 282 1758 301 na-

969 327 1082 355 turam;
1106 322 1127 349 si
1151 322 1250 348 Petrus
1278 321 1346 347 duas
1373 321 1456 347 habet
1483 325 1606 351 naturas,
1634 319 1759 354 corporis

967 375 1068 402 nempe
1085 371 1113 394 et
1130 366 1238 397 animat,
1261 372 1352 391 nonne
1374 364 1442 391 duas
1469 371 1602 399 personas
1626 363 1757 394 habebit,

969 413 1092 448 corporis
1106 417 1133 440 et
1145 411 1264 439 animm?
1281 411 1316 438 Et
1329 411 1351 437 si
1364 410 1425 437 dum
1437 414 1502 437 sunt
1517 414 1623 436 natura:
1638 430 1644 440 ,
1660 410 1760 435 anima:

969 459 1044 487 Petri
1071 463 1099 486 et
1126 458 1251 493 corporis
1268 467 1275 490 ;
1297 460 1325 484 et
1344 456 1366 483 si
1384 456 1445 483 duae
1472 463 1604 490 personas,
1624 455 1762 481 animate,

969 505 1103 540 corporis,
1117 512 1209 532 nonne
1225 504 1359 531 mentitur
1372 504 1419 539 qui
1441 503 1582 530 hominem
1599 503 1758 529 dicitunam

969 562 1030 582 esse
1051 561 1196 589 personam
1223 557 1251 580 et
1276 553 1345 580 duas
1373 551 1508 579 naturas?
1533 551 1637 578 Vestris
1656 551 1761 578 retibus

970 600 1116 635 capimini,
1137 598 1259 633 illudque
1278 598 1388 625 Davidis
1401 598 1435 625 de
1449 598 1528 627 vobis
1548 597 1674 632 usurpari
1695 594 1761 624 faci-

970 647 1007 674 tis
1026 653 1033 673 :
1054 656 1063 672 ‹
1081 646 1110 673 ln
1129 645 1259 680 operibus
1284 652 1415 671 manuum
1438 652 1552 671 suarum
1581 644 1762 678 comprehen-

971 700 1019 720 sus
1030 697 1073 719 est
1087 695 1215 727 peccator
1223 692 1242 717 '.
1263 700 1273 716 ι
1289 691 1323 718 Ει
1337 690 1404 717 illud
1420 699 1426 716 ;
1445 699 1453 715 ι
1470 690 1654 718 Convertetur
1681 689 1761 715 dolor

970 738 1030 774 ejus
1055 737 1082 764 in
1104 739 1187 772 caput
1214 736 1274 771 ejus
1286 736 1319 762 ¹⁰.
1338 745 1346 760 ι
1368 735 1470 762 Eorum
1500 734 1573 761 enim
1597 740 1657 767 qua).
1680 732 1761 759 modo

971 783 1107 811 dicebatis
1126 786 1238 817 oportet
1251 781 1422 812 meminisse,
1435 779 1546 815 quando
1566 779 1599 806 ad
1616 779 1760 806 stabilien-

971 830 1021 857 das
1034 830 1103 856 duas
1116 828 1237 856 hominis
1252 835 1394 862 personas,
1410 831 1468 854 tres
1483 830 1596 853 naturas
1614 825 1642 852 in
1667 825 1763 852 Salva—

974 879 1033 903 tore
1051 883 1065 902 a
1079 875 1161 902 nobis
1176 869 1347 901 conﬁtendas
1362 871 1573 907 proponebatis.
1588 871 1657 898 Ante
1670 870 1763 897 omnia

967 922 1047 949 enim
1061 929 1115 956 qua
1130 919 1237 947 ratione
1251 919 1491 954 distinguerentur
1505 918 1604 945 animm
1615 921 1644 944 et
1661 924 1765 952 corpo-

969 967 1013 994 ris
1041 974 1165 1001 personat
1199 965 1227 992 in
1238 973 1299 992 uno
1311 969 1345 991 et
1360 963 1458 991 eodem
1474 963 1585 990 homine
1615 963 1766 990 carnaliter

973 1012 1084 1040 vivente
1116 1012 1294 1047 ignoramus:
1312 1011 1375 1038 vivo
1405 1011 1478 1038 enim
1496 1015 1524 1037 et
1546 1010 1621 1037 salvo
1645 1010 1763 1039 animale

974 1058 1138 1093 composito,
1154 1057 1176 1084 si
1194 1059 1264 1085 duas
1282 1065 1343 1085 esse
1368 1057 1396 1084 in
1414 1057 1473 1092 ipso
1496 1064 1628 1092 personas
1642 1056 1764 1088 creditis,
1795 1086 1802 1092 _

975 1103 1040 1138 quid
1057 1103 1112 1131 erit
1128 1102 1239 1137 quando
1255 1106 1344 1130 morte
1361 1101 1545 1129 dissolvetur?
1558 1101 1604 1128 Vel
1617 1101 1765 1128 admitten—

975 1150 1016 1177 da:
1032 1154 1116 1177 erunt
1133 1150 1160 1177 in
1176 1150 1236 1185 ipso
1253 1157 1308 1177 non
1325 1149 1407 1176 modo
1426 1149 1488 1175 dua:
1501 1153 1606 1175 natura).
1626 1152 1653 1175 et.
1670 1156 1766 1183 perso-

976 1204 1027 1226 nte.
1041 1196 1088 1223 sed
1106 1196 1200 1231 plures
1215 1203 1248 1223 ex
1266 1195 1464 1223 disssolntione
1479 1199 1507 1222 et
1519 1195 1654 1222 divisione
1674 1194 1765 1229 subje-

971 1242 1023 1275 cti,
1045 1241 1182 1276 siquidem
1197 1249 1278 1269 omne
1290 1241 1408 1268 divisum
1423 1248 1539 1268 numero
1553 1240 1764 1275 multiplicatur,

975 1292 1004 1315 et
1017 1292 1135 1322 quatuor
1152 1287 1192 1314 vel
1223 1292 1285 1314 octo
1300 1287 1567 1320 crunteiusnaturre
1578 1291 1737 1320 etpersonae
1755 1293 1762 1317 ;

976 1334 1020 1365 vel
1038 1333 1121 1360 etiam
1135 1333 1235 1360 iisdem
1251 1332 1459 1359 remanentibus
1475 1332 1582 1358 naturis
1593 1336 1621 1358 et
1638 1331 1765 1366 personis

977 1383 1039 1414 post
1054 1379 1275 1411 dissolutionem,
1300 1378 1397 1405 eodem
1419 1377 1555 1405 servando
1579 1385 1706 1405 sermone
1732 1377 1766 1405 de

978 1426 1139 1454 exsistentia
1156 1425 1211 1453 vivi
1229 1430 1257 1453 et
1282 1426 1398 1458 mortui,
1421 1425 1455 1452 de
1472 1425 1597 1460 partibus
1620 1424 1766 1458 compositi

979 1473 1099 1500 hominis
1126 1471 1301 1503 cohwrentis,
1335 1475 1384 1498 aut
1413 1471 1507 1504 soluti,
1536 1472 1565 1497 in
1594 1470 1646 1497 hac
1677 1473 1767 1496 vestra

136 1516 237 1548 ζῶντος
262 1515 310 1541 καὶ
336 1514 383 1540 τοῦ
410 1513 520 1548 νεκροῦ,
536 1513 583 1539 καὶ
602 1513 636 1539 τὰ
656 1512 703 1538 τοῦ
720 1512 861 1547 ἡνωμένον
879 1513 924 1538 καὶ

979 1520 1116 1546 sententia
1144 1521 1178 1546 de
1205 1518 1352 1545 contrariis
1375 1517 1473 1545 eodem
1493 1518 1574 1544 modo
1595 1516 1766 1552 loquendum

135 1560 343 1595 διακεκριμένον
379 1559 522 1594 ἀνθρώπου
555 1558 681 1585 συνθέτου
700 1567 708 1574 ·
736 1559 783 1584 καὶ
808 1557 883 1584 ἔσται
913 1557 927 1583 ὁ

137 1607 219 1638 αὐτὸς
234 1606 287 1633 τῶν
300 1605 429 1632 ἐναντίων
447 1605 525 1640 λόγος
540 1605 611 1632 κατὰ
621 1605 655 1632 τὰ
668 1605 791 1640 ὑμέτερα
806 1603 926 1640 προϐλή-

139 1662 213 1689 ματα
226 1654 270 1681 ὲπ¹
283 1653 377 1680 αὐτοῦ.

173 1699 400 1735 Συγκεχωρὴσοω
433 1698 462 1725 δὲ
486 1698 551 1734 ὑμῖν
579 1698 654 1733 ὅμως
677 1698 725 1724 καὶ
750 1697 829 1724 τοῦτο
859 1697 928 1733 μετᾶ

138 1747 247 1774 πάντων
260 1756 267 1762 ·
285 1746 315 1772 τὸ
331 1746 360 1772 δέ
374 1754 406 1780 γε
419 1746 512 1780 ἕτερον
532 1745 564 1771 τὺ
585 1745 615 1777 ἐξ
632 1744 710 1778 ὑμῶν
726 1746 791 1779 ἡμῖν
808 1744 862 1779 πρὸ
880 1753 927 1778 μι-

137 1791 205 1826 ιιροῦ
218 1790 328 1825 ληφθὲν,
345 1790 393 1816 νῦν
407 1789 558 1816 ἀκούσεσθε
575 1789 639 1825 παρ’
657 1790 751 1824 ἡμῶνν
763 1789 800 1820 ὡς
821 1790 860 1820 εἰς
876 1789 928 1815 σώ-

140 1844 223 1872 ματος
240 1836 388 1863 ὑπόστασιν
404 1837 433 1861 έν
457 1834 594 1870 ἀνθρώπῳ
619 1835 675 1861 ῐστε
688 1842 695 1849 ·
713 1835 760 1861 καὶ
775 1834 821 1860 δύο
834 1834 882 1865 τὰς
899 1835 927 1860 ὲν

137 1882 213 1916 αὑτῷ
228 1881 390 1912 ὑποστάσεις
403 1880 498 1915 ὥσπερ
514 1878 560 1907 οὖν
572 1880 620 1906 καὶ
635 1880 684 1911 τὰς
699 1879 794 1913 φύσεις
805 1879 849 1906 διὰ
869 1879 927 1906 τόδε

137 1928 228 1955 οἴεσθε
242 1935 248 1942 ⁵
265 1927 305 1953 διὸ
320 1927 348 1953 δὲ
363 1927 410 1953 καὶ
422 1927 495 1962 ἡμᾶς
515 1925 733 1961 παραγράφεσθε
748 1928 780 1952 τὸ
803 1925 864 1952 κατ’
878 1926 927 1952 αὑ-

138 1974 186 2001 τὸν
202 1973 379 2008 παράδειγμα
399 1974 439 2005 εἰς
455 1971 567 2004 ἔνδειξιν
580 1971 628 1998 δύο
653 1972 761 2006 φύσεων
788 1971 836 1998 καὶ
861 1972 926 2005 μιᾶς

139 2020 317 2050 ὑποστάσεως
353 2018 552 2053 ἐφελκομένους
571 2018 617 2044 ἐπὶ
637 2017 684 2044 τοῦ
706 2017 808 2052 Κυρίου
828 2026 834 2032 ·
849 2017 927 2052 δῆλον

139 2067 194 2102 ἄρα
205 2066 243 2097 ὡς
261 2065 307 2092 καὶ
329 2065 408 2099 ὑμεῖς
423 2063 567 2098 ἄνθρωπον
591 2063 639 2089 καὶ
654 2063 720 2089 Θεὸν
741 2064 866 2097 λέγοντες
881 2063 927 2090 τὸν

140 2110 330 2146 Χριστὸν,δὺο
361 2110 411 2144 μὲν
437 2109 486 2140 τὰς
508 2109 555 2136 τοῦ
579 2108 723 2144 ἀνθρώπου
752 2109 926 2141 ὑποστάσεις,

143 2156 209 2190 μίαν
232 2155 260 2181 δὲ
286 2155 335 2189 τὴν
350 2154 396 2180 τοῦ
413 2154 501 2187 Λόγου
518 2153 666 2179 ὑπόστασιν
683 2154 711 2179 ἐν
727 2153 800 2188 αὑτῴ
815 2152 927 2185 διεγνώ-

139 2209 207 2228 κατε
221 2209 228 2215 ·
244 2201 290 2226 καὶ
301 2199 394 2225 ἔσεσθε
409 2199 504 2233 σαφῶς
522 2200 596 2233 τρεῐς
613 2200 661 2230 τὰς
677 2199 841 2228 ὑποστάσεις
861 2198 928 2224 ειδό-

138 2254 185 2278 τες
200 2246 229 2273 ἐν
242 2245 353 2280 Χριστῷ
370 2245 416 2271 καὶ
427 2244 457 2270 οὑ
473 2243 520 2270 δύο
534 2244 623 2278 μόνον,
639 2243 730 2275 καθὼς
746 2244 835 2278 λέγειν
850 2244 925 2270 ἐπει-

141 2291 224 2327 ρᾶσθε
241 2291 320 2325 μέχρι
336 2289 383 2316 τοῦ
398 2289 458 2321 νῦν,
477 2289 541 2324 μίαν
566 2289 614 2324 τὴν
639 2288 686 2315 τοῦ
701 2289 779 2321 Θεοῦ,
797 2289 844 2314 καὶ
864 2288 927 2323 μίαν

139 2338 190 2372 τὴν
219 2337 265 2363 τοῦ
294 2335 440 2371 ἀνθρώπου
455 2345 461 2351 ·
479 2335 547 2361 ἀλλὰ
575 2335 621 2362 δύο
642 2335 690 2370 μὲν
704 2335 749 2361 τοῦ
770 2334 925 2369 ἀνθρώπου,

144 2384 209 2418 μίαν
240 2382 267 2408 δὲ
298 2381 345 2408 τοῦ
380 2381 468 2415 Λόγου
496 2380 673 2413 δοξάζοντες·
702 2381 802 2415 ὁμοίως
826 2381 853 2407 δὲ
881 2381 928 2407 καὶ

139 2430 215 2464 ’τρεῖς
237 2427 286 2458 τὰς
309 2426 404 2461 φύσεις
416 2426 498 2452 αὑτοῦ
511 2427 540 2458 ἐξ
560 2427 683 2461 ἀνάγκης
696 2427 871 2462 παρέχοντες,
883 2427 927 2453 διά

140 2483 170 2501 τε
187 2473 217 2499 τὸ
234 2475 272 2507 μὴ
283 2469 352 2498 εἶναι
370 2471 520 2498 ὑπόστασιν
536 2472 660 2498 ὰνοὺσιον
676 2480 682 2487 ·
698 2473 742 2499 ἵνα
757 2474 812 2503 τοῖς
830 2473 925 2508 ὑμετέ-

142 2528 200 2555 ροις
214 2520 260 2545 καὶ
273 2520 343 2545 κατὰ
355 2518 389 2544 τὰ
402 2517 522 2552 ὑμέτερα
537 2519 661 2553 νοήματα
671 2518 839 2554 χρησώμεθα
852 2540 859 2550 ,
879 2520 925 2546 καὶ

141 2566 172 2592 τὸ
184 2564 297 2592 αὐτόθεν
313 2564 364 2599 ἤδη
376 2563 467 2597 λέγειν
479 2563 526 2590 δύο
537 2564 583 2590 τοῦ
600 2563 746 2599 ἀνθρώπου
763 2565 812 2597 τὰς
833 2565 928 2599 φύσεις

141 2611 223 2645 εἶναι,
240 2612 304 2646 μίαν
317 2612 343 2637 δὲ
355 2610 403 2637 τοῦ
413 2610 500 2644 Λόγου
514 2619 521 2626 ·
533 2609 572 2642 ὡς
582 2609 652 2638 εἶναι
669 2611 761 2638 λοιπὸν
775 2613 928 2647 συναγομέ-

141 2666 192 2693 νην
217 2655 264 2683 τοῦ
281 2655 418 2691 ὑμετέρου
434 2655 569 2691 δόγματος
590 2655 641 2691 τὴν
657 2656 755 2691 ὁμάδα,
771 2657 811 2688 εἰς
825 2656 854 2689 ἓξ
868 2666 930 2684 τινα

143 2703 189 2730 τδν
225 2702 340 2738 ἀριθμὸν
373 2700 427 2728 τῶν
452 2701 499 2727 hri
527 2699 658 2736 Χριστοῦ
672 2701 826 2737 νοουμένων
848 2703 931 2738 ἧγουν

143 2748 228 2784 τριῶν
244 2748 362 2783 φύσιων,
371 2746 456 2782 τριῶν
473 2746 501 2773 δὲ
523 2747 708 2780 ὑποστάσεων,
723 2743 746 2775 ὦ
757 2746 907 2783 σοφώτατοι
924 2755 932 2765 -

182 2831 192 2846 ν
210 2828 278 2857 Psal.
295 2837 330 2862 ix,
346 2830 386 2857 l7.
426 2831 447 2847 “
462 2829 533 2857 I‘sal.
546 2837 592 2864 vn,
608 2833 649 2861 Π.

977 1565 1042 1593 erit.

1014 1698 1092 1731 Quod
1103 1702 1194 1726 tamen
1203 1706 1265 1726 cum
1279 1697 1394 1733 reliquis
1404 1697 1484 1725 vobis
1495 1697 1673 1725 concedatur.
1685 1697 1766 1725 Aliud

977 1752 1070 1772 veroa
1086 1744 1166 1772 vobis
1185 1744 1266 1771 nobis
1294 1744 1377 1771 modo
1402 1744 1523 1771 oblatum
1538 1752 1611 1771 nunc
1639 1744 1767 1778 accipite,

978 1796 1078 1822 nempe
1105 1796 1166 1823 qua:
1182 1788 1215 1816 sit
1230 1793 1323 1816 vestra
1332 1789 1469 1816 sententia
1485 1788 1518 1815 de
1536 1788 1661 1823 corporis
1673 1796 1768 1823 perso—

979 1841 1024 1865 na,
1041 1832 1180 1867 quomodo
1199 1838 1230 1860 ut
1240 1833 1309 1860 duas
1320 1837 1444 1865 naturas,
1458 1834 1498 1860 sic
1514 1833 1582 1860 duas
1599 1835 1767 1868 personasin

980 1878 1040 1913 ipso
1057 1878 1223 1911 admittatis,
1237 1883 1353 1914 propter
1377 1879 1450 1914 quod
1469 1887 1520 1906 nos
1539 1879 1635 1907 eodem
1658 1879 1768 1907 ratioci-

979 1925 1026 1952 nio
1052 1925 1121 1952 duas
1141 1929 1254 1952 naturas
1285 1930 1313 1952 et
1344 1933 1425 1952 unam
1445 1933 1591 1960 personam
1605 1926 1630 1952 in
1652 1927 1768 1954 Domino

978 1975 1134 1998 astruentes
1145 1971 1239 1998 audire
1253 1979 1310 1998 non
1325 1971 1419 1998 vultis.
1429 1972 1516 1999 Porro
1528 1971 1668 1999 Christum
1682 1973 1768 2000 Deum

978 2022 1007 2044 et
1022 2017 1164 2044 hominem
1179 2017 1298 2045 confessi
1312 2037 1319 2049 ,
1337 2017 1388 2053 ipsi
1410 2017 1479 2046 duas
1500 2018 1621 2046 hominis
1636 2027 1767 2053 personas

978 2067 1007 2090 et
1031 2064 1146 2091 alteram
1161 2064 1243 2091 Verbi
1264 2068 1392 2099 patenter
1403 2064 1550 2092 admittitis
1570 2065 1596 2092 in
1610 2074 1643 2093 eo
1673 2066 1770 2100 sicque

980 2114 1036 2137 tres
1051 2118 1183 2144 personas
1198 2110 1301 2137 Christi
1314 2118 1379 2138 vere
1393 2111 1517 2144 creditis,
1531 2120 1584 2139 non
1597 2113 1665 2140 duas
1675 2113 1768 2144 modo.

980 2163 1078 2190 nempe
1095 2164 1175 2183 unam
1189 2164 1222 2183 ex
1237 2160 1313 2190 parte
1338 2156 1458 2184 hominis
1475 2163 1502 2184 et
1515 2158 1626 2184 alteram
1643 2167 1674 2185 ex
1692 2164 1768 2194 parte

982 2202 1040 2235 Dei,
1058 2202 1131 2237 quod
1148 2203 1241 2230 dicere
1263 2202 1395 2229 hactenus
1410 2204 1608 2236 consuevistis;
1624 2213 1688 2232 sane
1703 2213 1768 2233 vero

981 2248 1050 2274 duas
1078 2255 1111 2274 ex
1135 2247 1245 2274 homine
1266 2251 1294 2274 et
1312 2255 1395 2274 unam
1415 2256 1448 2275 ex
1472 2249 1561 2276 Verbo
1584 2251 1718 2284 arcipitis.
1734 2251 1769 2278 Et

981 2293 1108 2321 similiter
1125 2298 1180 2320 tres
1192 2297 1303 2320 naturas
1318 2294 1378 2328 ejus
1392 2294 1538 2322 admittere
1549 2296 1688 2330 cogimini,
1704 2298 1769 2331 quia

982 2347 1098 2374 persona
1114 2347 1168 2366 non
1183 2344 1225 2367 est
1238 2339 1341 2374 absque
1357 2342 1510 2368 substantia
1530 2343 1639 2370 tvestris
1656 2348 1765 2370 senten-

982 2385 1028 2412 tiis
1054 2384 1170 2411 invicem
1200 2386 1409 2421 pugnantibus),
1424 2392 1452 2413 et
1466 2387 1530 2421 quia
1555 2387 1655 2414 ibidem
1677 2388 1769 2416 dicitis

982 2431 1051 2458 duas
1066 2438 1127 2458 esse
1143 2430 1262 2458 hominis
1275 2437 1389 2459 naturas
1404 2437 1432 2459 et
1449 2440 1529 2459 unam
1547 2433 1641 2460 Verbi.
1659 2435 1699 2461 Ad
1717 2435 1769 2463 hee

981 2484 1047 2511 ergo
1072 2475 1182 2503 devenit
1198 2475 1265 2503 ﬁdes
1287 2481 1389 2509 vestra,
1405 2485 1421 2504 ο
1441 2478 1647 2512 sapientissimi,
1666 2484 1696 2506 ut
1721 2488 1767 2507 ενι

983 2521 1009 2548 in
1026 2521 1135 2549 Christo
1155 2522 1330 2555 computetis,
1347 2530 1446 2556 nempe
1465 2527 1520 2551 tres
1536 2528 1659 2554 naturas,
1675 2530 1702 2552 et
1714 2530 1768 2553 tres

981 2573 1121 2602 personas.
1132 2565 1166 2594 Et
1179 2567 1230 2593 nisi
1242 2566 1314 2594 idem
1325 2567 1421 2595 sithoc
1434 2573 1514 2602 atque
1526 2569 1610 2601 istud,
1620 2579 1692 2598 nunc
1706 2572 1767 2605 tria,

981 2619 1055 2640 nunc
1064 2611 1119 2639 duo
1131 2611 1165 2639 de
1175 2611 1284 2640 Christo
1296 2612 1448 2647 loquimini.
1468 2613 1524 2642 Cur
1535 2616 1650 2643 mediam
1663 2622 1768 2652 partem

982 2659 1116 2695 dogmatis
1138 2659 1234 2687 celatis
1247 2659 1260 2686 i
1274 2659 1303 2687 Si
1327 2668 1393 2688 vero
1419 2665 1518 2689 natura
1545 2662 1617 2690 idem
1631 2668 1674 2690 est
1695 2663 1769 2699 quod

983 2709 1110 2738 persona,
1125 2702 1198 2738 quod
1211 2711 1226 2730 a
1242 2703 1319 2731 vobis
1339 2712 1410 2740 saepe
1438 2706 1560 2740 ponitur,
1574 2714 1620 2734 sex
1645 2715 1770 2742 persona:

985 2749 1014 2776 in
1031 2748 1090 2784 ipso
1105 2756 1120 2776 a
1135 2749 1210 2777 vobis
1222 2754 1394 2785 astruuntur,
1412 2752 1538 2787 personis
1564 2752 1665 2781 additis
1690 2760 1771 2784 natu-
