1968 3094
113 106 178 138 1577

591 107 789 138 ADVERSUS
809 105 1084 138 NESTORIANOS.
1106 107 1209 138 -ΙᾸΒ,
1226 108 1268 137 ’J.

1680 108 1747 141 15⁷3

140 161 281 198 ἅνῦρωπος
297 162 417 198 ἦΞτερόν
432 161 483 197 τιῆ
496 161 680 192 ἀνυπόστατος
692 161 758 192 ὅλως
774 160 846 186 ἐστίν
858 168 864 174 “
879 160 903 185 εἰ

963 160 984 187 Si
1004 169 1069 189 vero
1081 165 1110 188 et
1126 169 1242 196 persona
1258 166 1301 190 est
1325 163 1405 195 Deus,
1433 163 1475 190 vel
1497 162 1547 190 ista
1568 163 1623 191 erit
1644 167 1700 189 tota
1720 168 1748 190 et

109 208 137 234 δὲ
150 209 196 235 καὶ
213 208 362 235 ὑποστάσει
388 209 446 234 ἐστὶ
462 207 538 239 Θεὸς,
554 207 630 242 ἠελῃ
653 207 706 232 τινί
733 206 779 232 καὶ
794 205 902 241 τελείᾳ.-

111 255 158 281 mi.
181 254 235 281 ἰδοὺ
248 254 294 280 δύο
310 254 393 280 αὑτοῦ
411 255 439 280 αἱ
456 254 630 284 ὑποστάσεις,
645 252 739 287 ὥσπερ
756 250 802 278 οὖν
818 253 864 278 καὶ
876 252 904 278 αἱ

259 301 337 336 εἴπερ
363 300 431 335 μηδὲ
456 300 472 335 ἡ
501 299 679 335 ἀνθρωπότης
699 298 780 325 αὑτοῦ
806 298 906 325 ἀνυπό-

113 355 218 378 στατος·
234 347 251 381 ἣ
267 348 299 373 ἐκ
313 346 414 382 μέρους
429 346 514 380 αὐτῆς
536 346 582 379 τῆς
610 346 673 380 μιᾶς
688 345 770 371 αὑτοῦ
785 344 905 370 ὑποστά-

113 401 191 425 σεως,
206 393 263 418 ἔστι
278 391 343 423 Θεὸς
360 392 406 418 καὶ
423 392 455 426 τῇ
474 391 623 418 ὑποστάσει
635 399 641 405 ·
660 391 736 416 ἔσται
748 389 793 416 οὖν
808 389 824 424 ῆ
841 390 905 416 ἀτε-

111 302 207 335 φύσεις
219 310 225 315 ·

112 439 158 475 liv};
176 440 246 466 κατὰ
256 439 304 474 τὴν
319 439 356 470 ὡς
381 438 558 470 ὑποστάσεως
582 437 632 471 τῆς
650 436 825 471 ἀνθρωπίνης
849 435 906 461 Οεό-

111 486 203 520 τηταὸ
221 485 349 520 Χριστὸς,
364 483 380 519 ἢ
397 483 572 519 ὑπερτέ).ειος
589 483 636 509 καὶ
659 482 792 517 ὑπέρθεος
808 482 824 516 ἠ
844 481 907 507 ὑπό-

113 539 208 562 στασις
225 529 355 564 Χριστοῦ,
375 530 444 564 ὑπὲρ
460 529 505 557 τὶν
528 529 637 563 Πατέρα
654 537 684 553 τε
700 527 785 553 καὶτὸ
795 526 907 561 Πνεῦμα

113 576 160 603 καὶ
188 577 234 602 τὸν
253 575 338 609 Λόγον
359 575 508 610 νοουμένη·
536 575 583 601 τοῦ
607 574 662 609 γὰρ
683 573 748 599 [Sino
773 572 871 607 μέρους
893 571 907 598 ὂ

111 620 145 657 ἦν
173 622 278 653 τέλειος
301 621 379 654 Θεὸς,
400 619 492 657 μεῖζον
507 619 593 654 αὐτῆς
618 620 635 654 ή
658 618 753 653 ὁλότης
772 618 830 644 ἐστὶ
846 616 906 642 καθ’

111 669 271 696 ὑπόστασιν.
584 668 586 672 ’

146 714 216 740 Ἀλλ’
239 715 341 745 ἐκεῖνος
358 713 406 748 μὲν
431 712 516 739 ταῦτα
544 711 641 742 εἰπὼν,
663 711 710 737 καὶ
740 709 908 745 συνταράξπς

113 760 187 794 ἡμᾶς
205 759 243 793 τῷ
259 759 364 793 ἀπόρῳ,
378 758 485 791 ἀπέστη
499 757 656 792 σκοτοδινίᾳ
670 755 824 791 περιϐαλών
835 763 842 769 ·
861 754 908 790 ὕρ-

116 807 181 842 ορου
211 806 239 832 δὲ
255 805 322 840 πρὸς
354 805 382 831 τὸ
395 804 454 838 φῶς
469 804 499 830 τὸ
528 802 652 838 ἀληθινὸν
664 802 908 836 ἁποσκοπήσαντες

957 207 1090 241 perfecta,
1112 212 1140 235 et
1161 208 1218 244 ipsi
1230 208 1291 235 duae
1306 213 1389 236 erunt
1407 216 1540 243 personae,
1558 208 1670 235 totidem
1683 213 1750 242 quot

957 257 1075 285 natum,-
1089 262 1151 281 emn
1170 255 1324 289 personalis
1334 260 1507 289 supponatur
1518 255 1693 286 humanitas;
1707 254 1748 280 vel

957 299 1040 325 etiam
1059 299 1087 325 in
1103 307 1219 334 persona
1234 300 1306 327 Dens
1326 300 1390 333 erit,
1411 300 1459 328 sed
1477 309 1527 335 pro
1546 305 1624 335 parte
1644 304 1748 327 tantum

958 345 1041 380 hujus
1063 346 1144 372 unius
1164 354 1300 381 personze,
1325 347 1420 381 sicque
1437 346 1564 374 Christus
1584 345 1752 380 imperfectae

958 391 1114 419 divinitatis
1129 392 1289 426 habebitur,
1303 400 1353 427 per
1366 393 1515 420 humanam
1529 400 1675 428 personant
1687 391 1751 419 sub-

959 437 1102 471 sistentis;
1129 443 1177 466 aut
1206 439 1352 474 plusquam
1377 439 1499 474 perfecta
1523 444 1551 466 et
1574 439 1668 466 divina
1698 439 1753 466 erit

959 483 1063 511 Christi
1078 491 1196 519 persona
1212 492 1296 516 supra
1313 485 1421 511 Patrem
1443 490 1471 512 et
1490 486 1623 520 Spiritum
1643 491 1672 513 et
1686 485 1753 512 Ver-

959 529 1024 556 bum
1047 530 1229 557 aestimanda:
1251 539 1346 557 revera
1371 539 1477 558 summa
1503 532 1563 567 ejus
1586 533 1673 568 major
1691 540 1753 567 per-

959 583 1025 603 sona
1038 581 1080 603 est
1101 581 1178 611 parte
1198 577 1373 611 particulari,
1390 579 1515 612 qutejam
1531 578 1668 612 perfectus
1680 579 1751 605 Deus

959 623 1120 649 exsistebat.

995 713 1059 746 Quae
1075 721 1136 740 cum
1151 714 1276 746 dixisset,
1294 722 1400 749 nosque
1422 714 1590 742 obscuritate
1613 713 1752 740 turbavis-

961 762 1020 790 set,
1032 763 1059 786 et
1075 759 1209 794 vertigine
1225 759 1397 791 involrisset,
1417 759 1495 786 abiit.
1517 759 1551 786 Et
1569 759 1658 793 primo
1672 767 1752 785 mane

960 804 993 831 ad
1009 805 1100 831 lumen
1115 812 1211 832 verum
1235 805 1401 839 aspicientes
1418 805 1484 839 quid
1506 805 1619 832 daretur
1636 809 1663 831 et
1682 804 1752 839 adji—

111 851 291 886 τίδοθήσεται
310 850 356 876 καὶ
373 850 399 875 τί
418 849 634 885 προστεθήσεται
653 849 718 882 ἡμῖν
734 847 802 882 πρὸς
823 845 909 879 γλῶσ-

963 855 1073 877 ceretur
1098 850 1230 878 adversus
1259 850 1382 885 linguam
1408 850 1543 887 dolosam,
1563 849 1753 884 cogitabamus

113 907 163 925 σιν
176 897 276 930 δολίαν,
294 895 477 930 ἐοεωροῦμεν,
492 895 529 926 ὡς
540 894 570 920 τὸ
583 894 655 926 θεὸς
668 893 775 928 πρῶτον
791 892 839 927 μὲν
855 900 906 925 φυ-

116 945 192 970 σικὸν
207 943 293 977 ὄνομά
308 944 392 972 ἐστιν,
409 941 504 968 οὐσίαν
523 939 639 974 πρώτως
657 941 703 966 καὶ
715 939 745 965 οὺ
761 938 908 973 πρόσωπον

114 991 245 1025 σημαῖνον
255 997 261 1003 ·
277 987 373 1022 ὥσπερ
388 987 434 1013 καί
448 987 478 1013 τὸ
498 986 661 1020 ἅνθρωπος,
678 985 708 1010 οὑ
726 984 775 1020 τὴν
789 983 907 1009 ὑπόστα-

115 1044 157 1062 σιν
175 1034 293 1064 Παύλου,
310 1033 379 1060 ἀλλὰ
402 1033 450 1068 τὴν
466 1032 548 1066 φύσιν
558 1032 644 1066 λέγει,
660 1031 699 1058 ἐνί
714 1039 742 1056 τε
759 1030 805 1056 καὶ
825 1029 908 1055 παντὶ

114 1083 159 1107 καὶ
174 1081 226 1115 ἰδίᾳ.
242 1081 360 1118 ἑκάστῳ,
376 1080 423 1106 καὶ
438 1080 514 1114 κοινῇ
527 1079 611 1105 πᾶσιν
623 1077 776 1112 ἀνθρώποις
794 1084 907 1111 προστι-

113 1127 227 1162 (ὶέμενόν
245 1127 328 1157 ἐστιν,
344 1119 413 1161 ὅπερ
426 1125 456 1151 τὸ
472 1125 575 1155 Παῦλος
586 1125 603 1159 ἢ
629 1124 732 1158 Πέτρος
743 1122 828 1157 ὄνομα
843 1122 909 1148 ὑπο-

115 1174 234 1204 στάσεως
246 1174 295 1199 οὑκ
312 1174 382 1208 ἔχει·
404 1172 463 1203 πῶς
489 1171 535 1198 οὖν
549 1170 662 1197 δυνατὸν
677 1170 709 1196 τὸ
739 1169 806 1195 αὐτὸ
833 1168 864 1194 ἐκ
878 1175 908 1193 τε

114 1219 160 1246 τ·ιῦ
183 1220 263 1254 λόγου
284 1220 332 1254 τῆς
362 1218 480 1253 φύσεως,
496 1218 588 1244 mli-1x
607 1216 654 1243 τοῦ
669 1216 748 1250 λόγου
777 1215 827 1250 τῆς
843 1215 910 1241 ὑπο-

116 1267 236 1296 στάσεως
252 1265 390 1300 διαφόρως
409 1264 456 1291 τοῦ
488 1263 571 1290 αὑτοῦ
600 1261 830 1297 κατηγορεῖσθαι;
849 1261 909 1286 Ἔτι

117 1312 170 1348 μὴν
200 1312 269 1338 κατὰ
288 1311 318 1337 τὸ
340 1310 454 1344 φυσικὸν
473 1309 569 1344 ὄνομα,
594 1309 721 1344 ὁμοιότης
749 1307 822 1338 τινος
842 1306 910 1341 πρός

115 1358 176 1385 τινά
194 1358 251 1384 ἐστι
273 1364 355 1383 ποτε’
378 1356 449 1383 κατὰ
470 1355 539 1381 δὲτὸ
565 1353 756 1385 ὑποστατικὸν,
780 1351 908 1387 ἑτερότης

117 1404 197 1439 μόνον
208 1413 214 1418 ·
231 1404 256 1429 ει
272 1401 318 1430 οὖν
332 1402 361 1429 τὸ
379 1401 451 1434 Θεὸς
470 1402 517 1428 καὶ
542 1399 657 1436 φυσικὸν
672 1399 719 1426 καὶ
736 1397 911 1433 προσωπικὲιν

115 1451 201 1485 ὄνομα
225 1450 263 1484 τῷ
291 1449 413 1485 Χριστῷ,
438 1447 510 1475 κατὰ
525 1447 556 1474 τὸ
570 1446 635 1473 αὑτδ
659 1446 713 1481 ἄρα
735 1445 820 1478 ὄνομα
843 1444 861 1478 ἧ
881 1451 911 1468 τε

115 1497 242 1531 ὁμοιότης
258 1495 332 1530 αὐτῷ
361 1495 408 1522 καὶ
439 1494 579 1529 ἑτερότης,
595 1493 613 1527 ἢ
632 1492 701 1527 πρὸς
717 1490 752 1517 τὰ
765 1490 848 1516 λοιπὰ
865 1489 911 1515 δύο

120 1543 180 1569 θεῖα
197 1543 296 1568 νοεῖται
310 1550 316 1556 ·
332 1541 372 1567 ἔτι
401 1540 454 1575 μὴν
474 1540 498 1566 εἰ
520 1540 557 1574 μὴ
588 1538 631 1564 διὰ
658 1539 708 1571 τὴν
724 1536 804 1570 φύσιν
835 1535 909 1569 καὶὴ

116 1589 265 1619 ὑπόστασις
280 1588 357 1620 Θεὸς,
377 1587 446 1614 ἀλλὰ
467 1587 515 1613 καὶ
539 1585 583 1611 διὰ
595 1585 640 1611 τὸν
668 1584 733 1610 tam
747 1583 825 1617 λόγον
840 1581 910 1615 ἐστὶ,

116 1634 162 1660 δύο
176 1633 285 1668 Οεότησι
298 1633 364 1664 Θεὸς
379 1633 393 1658 ὁ
406 1630 524 1667 Χριστός
535 1638 543 1646 ·
563 1629 662 1664 ὁμοίως
678 1628 706 1654 δὲ
726 1628 772 1653 καὶ
784 1627 798 1652 ὁ
817 1624 911 1659 Πατὴρ

117 1679 204 1706 καὶτὸ
219 1671 375 1713 Πνεῦμαλεὺ
392 1677 485 1711 ἅγιον·
500 1676 541 1702 ἔτι
555 1675 583 1702 δὲ
599 1676 623 1701 εἰ
639 1675 656 1709 ῆ
668 1682 696 1700 τε
712 1673 802 1705 οὐσία,
818 1671 865 1698 καὶ
883 1671 910 1696 αἱ

117 1726 192 1760 τρεῖς
207 1725 372 1755 ὑποστάσεις
384 1724 433 1757 τῆς
447 1723 527 1757 ἁγίας
539 1720 653 1756 Τριάδος
669 1720 772 1754 ἑκάστη
790 1718 836 1751 ἀφ’
847 1718 911 1743 ἐαυ-

117 1773 165 1807 τῆς
180 1771 289 1804 λέγεται
301 1770 378 1802 Θεὸς,
391 1770 526 1804 τέσσαρες
542 1768 599 1794 οεοὶ
612 1765 666 1793 εἷεν
679 1767 745 1801 ἡμῖν
756 1763 910 1797 συναγόμε-

117 1826 157 1842 νοι
173 1816 283 1850 σαφῶς·
303 1815 370 1850 πρὸς
384 1814 411 1840 δὲ
427 1813 544 1843 τούτοις,
560 1812 621 1839 ἐπεὶ
646 1812 662 1845 ἡ
682 1810 762 1844 φύσις
775 1816 912 1844 περιεκτι-

119 1862 228 1897 κωτέρα
243 1869 273 1887 τε
293 1861 339 1887 καὶ
351 1859 493 1894 κοινοτέρα
505 1858 559 1883 τῶν
580 1855 756 1883 ὺποστάσεών
772 1855 846 1880 ἐστι’
865 1855 913 1879 καὶ

119 1910 136 1944 ἡ
150 1908 220 1933 κατὰ
235 1906 349 1940 gabatbe
363 1905 442 1939 λόγον
453 1904 561 1939 ϐεότης,
578 1903 678 1938 μείζων
694 1901 783 1928 ἔσται·
799 1899 854 1935 ἆρα
866 1898 913 1926 οὖν

120 1953 221 1987 μείζων
247 1952 312 1984 Θεὸς
344 1952 376 1977 ὲκ
395 1950 445 1986 τῆς
466 1950 584 1984 φύσεως,
610 1948 656 1975 καὶ
673 1948 790 1975 ἐλάττων
814 1947 845 1972 ἐκ
863 1946 914 1980 τῆς

119 1999 296 2028 ὑποστάσεως
312 1997 326 2023 ὁ
337 1996 455 2031 Χριστὸς
467 1995 548 2026 αὐτὸς
565 1993 663 2021 ἑαυτοῦ
676 1993 839 2028 νοηθήσεται
849 2000 855 2023 ;
867 1990 913 2016 ἐπὶ

119 2045 149 2071 5‘;
162 2045 245 2070 πᾶσιν
260 2044 309 2069 ε.ἰό
323 2043 409 2076 Λόγος
428 2042 511 2076 ἡτουν
526 2042 542 2076 ἠ
557 2042 705 2071 ὑπόστασις
731 2038 778 2065 τοῦ
794 2036 913 2073 Χριστοῦ

119 2091 167 2117 καὶ
183 2089 251 2116 καθό
263 2089 348 2122 Λόγος
360 2089 419 2115 ἐστὶ
438 2088 486 2115 καὶ
501 2088 575 2121 Υἱὸς,
602 2086 667 2117 Θεὸις
682 2084 793 2120 νοηθείη
808 2083 912 2116 ἁπλῶς,

119 2140 165 2164 καὶ
181 2137 211 2163 οὺ
228 2137 261 2171 τῇ
278 2134 484 2169 ὲνθεωρουμένῃ
510 2132 584 2168 αὑτῷ
607 2132 686 2167 οὐσίᾳ
700 2130 782 2158 αὑτοῦ
812 2129 913 2156 τοιόνδε

119 2184 206 2218 ὄνομα
220 2182 299 2217 μόνον
313 2180 516 2216 σφετερίζεται·
532 2180 593 2205 ἐπεὶ
602 2179 616 2205 ὁ
629 2178 723 2212 Πατὴρ
732 2176 872 2212 προδήλως
883 2177 913 2202 οὗ

119 2228 206 2262 Λόγος
219 2226 279 2253 οὐδὲ
296 2226 371 2257 Υἱὸς,
391 2226 469 2251 ἔσται
482 2224 538 2260 ἄρα,
554 2223 614 2250 οὐδὲ
628 2223 704 2254 Θεὸς,
716 2223 732 2258 ἢ
750 2223 779 2248 οὑ
792 2221 910 2248 τοιόσδε·

119 2273 220 2308 ὁμοίως
232 2272 280 2298 καὶ
292 2272 323 2298 τὸ
341 2271 453 2306 Πνεῦμα
467 2271 498 2296 τὸ
511 2271 589 2304 ἆγιον
600 2278 606 2284 '
633 2269 681 2304 μία
698 2267 744 2295 οὖν
758 2268 850 2304 ὁμοία,
867 2268 913 2294 καὶ

123 2321 198 2355 τρεῖς
213 2318 338 2354 διάφοροι
367 2317 494 2353 θεότητες
506 2325 512 2331 “
538 2317 585 2343 καὶ
600 2316 716 2343 ἕκαστον
732 2314 803 2341 θεῖον
827 2314 913 2349 πρόσ-

119 2374 204 2397 ωπον,
220 2365 346 2391 σύνθετον
358 2364 390 2390 ἐκ
404 2363 450 2390 δύο
464 2363 599 2398 θεοτήτων
613 2361 760 2397 διαφόρων,
784 2360 848 2396 μιᾶς
865 2359 913 2394 μὲν

120 2411 230 2448 ὁμοίας,
260 2411 355 2446 ἑτέρας
386 2410 414 2436 δὲ
442 2409 585 2450 ἀνομοίου·
615 2409 639 2434 εἰ
667 2408 695 2434 δὲ
717 2407 803 2434 ταῦτα
823 2407 914 2432 πάντα

119 2459 220 2488 ἄτοπα,
233 2457 312 2491 δῆλον
328 2456 366 2487 ὡς
383 2457 415 2482 ἐκ
437 2455 545 2490 φύσεως
565 2455 645 2491 μόνον
665 2454 731 2485 Θεός
745 2462 775 2480 τε
801 2454 815 2480 ὁ
828 2453 914 2487 Λόγος

122 2505 203 2539 ήγουν
219 2506 233 2531 ὁ
250 2503 378 2538 Χριστὸς,
395 2505 443 2529 καὶ
454 2504 468 2529 ό
483 2503 589 2538 Πατὴρ,
603 2502 649 2529 καὶ
663 2501 692 2527 τὸ
705 2500 782 2535 ἅγιον
800 2500 911 2535 Πνεῦμα

119 2551 246 2583 ).έγεται’
260 2550 353 2585 ὥσπερ
367 2547 414 2576 οὖν
442 2549 490 2575 καὶ
514 2548 658 2583 ἄνθρωπος
685 2547 700 2573 ὅ
725 2555 755 2573 τε
769 2546 851 2573 Δαῦὶδ
866 2547 912 2573 καὶ

120 2596 246 2632 Σολομῶν
257 2604 264 2611 ·
276 2596 338 2622 οὔτε
354 2596 408 2630 γὰρ
422 2595 439 2630 ἢ
452 2595 580 2629 Χριστὸς,
593 2594 609 2629 ἣ
623 2593 717 2626 Δαϐὶδ,
734 2593 751 2629 ἢ
768 2593 912 2628 προφήτης

121 2645 176 2672 ὰπὸ
188 2645 237 2680 τῆς
251 2645 369 2680 φύσεως,
386 2644 449 2671 οὗτε
462 2643 606 2679 ἄνθρωπος
618 2643 672 2670 ἀπὸ
680 2643 730 2677 τῆς
739 2642 916 2675 ὑποστάσεως

119 2693 199 2728 ὶόγῳ.

421 2738 548 2766 ΚΕΦΑΛ.
565 2738 614 2765 ιθι.

160 2782 234 2812 Πᾶσα
254 2784 346 2819 φύσις,
369 2785 452 2819 φασὶ,
481 2784 524 2811 διὰ
548 2784 603 2810 τῶν
629 2785 805 2812 ὑποστάσεων
827 2785 914 2820 αὐτῆς

122 2837 270 2865 ιγνωτταιο
285 2830 372 2862 οὐδεὶς
391 2831 446 2866 γὰρ
463 2828 534 2857 οἶδεν
550 2830 697 2865 ἱππότητα,
717 2830 754 2866 μὴ
769 2830 849 2865 γνοὺς
864 2830 912 2857 ἰδι-

283 2878 420 2909 PATROL.
445 2879 504 2910 Gn.
529 2879 696 2911 LXXXVI.

958 895 1010 923 hoc
1022 903 1132 928 nomen,
1148 897 1232 929 Deus,
1243 897 1277 924 de
1289 900 1388 923 natura
1401 896 1660 929 esse,substantiam
1676 896 1754 931 prius

959 948 1013 968 non
1035 949 1181 976 personant
1203 943 1359 978 designare,
1374 943 1447 970 sicut
1458 950 1509 969 vox
1524 942 1606 969 homo
1618 950 1673 969 non
1689 950 1752 977 per—

959 995 1054 1015 sonam
1070 988 1159 1019 Pauli,
1172 989 1220 1016 Sed
1234 994 1360 1016 naturam
1383 989 1441 1024 ejus
1458 993 1549 1020 vocat,
1571 993 1600 1015 et
1617 988 1675 1020 uni,
1695 988 1754 1015 cui-

959 1032 1037 1064 libet,
1071 1033 1172 1067 cuique
1197 1033 1342 1061 individuo
1372 1038 1400 1061 et
1426 1033 1564 1060 universis
1594 1033 1754 1060 hominibus

959 1082 1051 1111 potest
1072 1078 1171 1112 aptari,
1186 1078 1260 1113 quod
1273 1086 1327 1105 non
1344 1081 1386 1105 est
1397 1086 1474 1113 aeque
1488 1078 1636 1105 dicendum
1657 1078 1691 1104 de
1711 1078 1754 1110 bis

961 1127 1086 1158 vocibus,
1107 1128 1216 1160 Petrus,
1234 1128 1346 1160 Paulus,
1360 1135 1504 1163 personam
1521 1127 1753 1162 signiﬁcantibus.

961 1173 1019 1206 Qua
1025 1182 1091 1210 ergo
1101 1175 1206 1202 ratione
1215 1175 1268 1202 hoc
1278 1174 1375 1202 eodem
1385 1174 1470 1202 verbo
1479 1174 1536 1201 sive
1548 1179 1684 1206 naturam,
1696 1173 1755 1201 sive

961 1229 1108 1258 personam
1130 1221 1280 1256 appellanti
1298 1221 1370 1248 idem
1390 1221 1544 1256 subjectum
1562 1221 1645 1248 variis
1666 1220 1754 1247 modis

961 1268 1064 1303 poterit
1081 1267 1238 1303 designari?
1253 1267 1288 1294 Et
1302 1267 1414 1295 aliunde
1430 1272 1536 1294 natura;
1553 1274 1654 1293 nomen
1677 1266 1755 1294 simi-

962 1314 1107 1341 litudinem
1130 1313 1213 1340 unius
1228 1320 1290 1340 cum
1307 1313 1394 1340 altero
1415 1313 1529 1345 indicat,
1547 1312 1691 1346 personalc
1705 1320 1754 1339 au-

962 1363 1017 1387 tem
1038 1359 1148 1386 nonnisi
1166 1359 1363 1386 differentiam.
1387 1358 1415 1386 Si
1434 1366 1500 1394 ergo
1516 1365 1582 1385 voce
1594 1359 1668 1385 Deus
1682 1356 1756 1385 desi-

963 1410 1082 1440 gnantur
1096 1400 1196 1432 natura
1213 1409 1241 1432 et
1256 1412 1372 1439 persona
1390 1404 1504 1437 Christi,
1521 1405 1573 1431 hac
1590 1412 1644 1432 una
1657 1404 1756 1431 similis

963 1449 1071 1476 duabus
1088 1449 1152 1476 aliis
1169 1449 1297 1483 personis
1319 1448 1432 1481 divinis,
1452 1453 1480 1476 et
1505 1448 1635 1476 diﬂ'erens
1657 1448 1691 1475 ab
1714 1447 1756 1476 eis

964 1493 1136 1528 intelligitur.
1161 1493 1190 1520 Si
1212 1501 1268 1520 non
1290 1494 1379 1521 solum
1407 1497 1518 1528 propter
1543 1498 1681 1525 naturam,
1707 1491 1755 1519 sed

963 1540 1046 1566 etiam
1069 1545 1182 1574 propter
1202 1539 1347 1574 proprium
1370 1547 1471 1567 nomen
1489 1540 1534 1567 illa
1549 1547 1668 1574 persona
1683 1539 1756 1567 Deus

962 1589 1015 1617 est,
1035 1593 1102 1620 ergo
1119 1582 1227 1612 duab'us
1244 1585 1439 1613 divinitatibus
1462 1585 1535 1613 Deus
1559 1585 1706 1618 Christus;
1728 1591 1756 1612 et

963 1631 1035 1657 idem
1055 1630 1203 1658 dicendum
1217 1631 1251 1658 de
1265 1631 1344 1659 Patre
1360 1636 1389 1658 et
1410 1631 1513 1666 Spiritu
1533 1636 1638 1658 sancto.
1653 1631 1681 1658 Si
1698 1631 1756 1666 ipsa

963 1677 1131 1708 substantia,
1153 1683 1181 1704 et
1201 1680 1257 1704 tres
1274 1685 1399 1711 persona:
1410 1681 1512 1704 sanctae
1524 1677 1669 1704 Trinitatis
1683 1678 1756 1704 Deus

963 1723 1104 1755 dicuntur,
1125 1730 1243 1757 quzeque
1267 1728 1380 1757 propter
1403 1730 1433 1750 se
1446 1722 1543 1757 ipsam,
1560 1727 1616 1749 tum
1633 1723 1756 1757 profecto

963 1775 1083 1803 quatuor
1104 1768 1172 1795 deos
1195 1768 1341 1795 habemus.
1366 1768 1401 1795 Et
1429 1768 1543 1803 insuper
1567 1775 1631 1795 cum
1658 1773 1757 1795 natura

963 1814 1097 1849 majorem
1114 1813 1213 1841 habeat
1227 1814 1418 1841 extensioncm
1436 1819 1464 1841 et
1478 1814 1755 1848 comprehensionem

963 1867 1046 1893 quam
1072 1866 1202 1893 persona,
1227 1858 1314 1893 major
1335 1858 1389 1885 erit
1410 1858 1456 1884 illa
1471 1857 1603 1885 divinitas
1622 1866 1683 1894 quae
1708 1866 1758 1893 per

965 1911 1091 1931 naturam
1106 1904 1268 1939 designatur
1285 1913 1292 1930 :
1308 1904 1432 1938 nunquid
1447 1911 1512 1938 ergo
1526 1903 1653 1931 Christus
1667 1903 1758 1938 seipso

965 1951 1053 1985 major
1080 1950 1152 1977 Deus
1175 1957 1209 1976 ex
1234 1954 1345 1982 natura,
1361 1955 1390 1977 et
1410 1949 1500 1976 minor
1520 1957 1555 1977 ex
1569 1949 1707 1984 persona?
1726 1949 1758 1976 Et

965 1997 1084 2023 maxime
1104 1996 1127 2023 si
1149 1996 1280 2029 Verbum,
1301 2004 1348 2023 seu
1370 2003 1488 2031 persona
1507 1995 1609 2023 Christi
1626 1995 1698 2022 Deus
1714 1995 1758 2022 in~

967 2042 1098 2077 telligitur
1126 2042 1291 2077 simpliciter
1313 2042 1377 2077 quia
1400 2042 1521 2069 Verbum
1543 2047 1585 2069 est
1609 2047 1637 2068 et
1660 2041 1757 2072 Filius,

965 2095 1055 2122 ncqiie
1075 2096 1109 2114 ex
1131 2087 1284 2115 substantia
1300 2087 1328 2114 in
1343 2095 1376 2115 eo
1389 2087 1481 2114 habita
1500 2087 1553 2114 hoc
1565 2095 1665 2114 nomen
1679 2093 1759 2114 acce—

965 2133 1024 2168 pit;
1044 2137 1072 2161 et
1088 2141 1150 2160 eum
1167 2134 1248 2161 Pater
1262 2141 1352 2169 neque
1365 2134 1496 2166 Verbum,
1510 2141 1601 2168 neque
1613 2133 1699 2160 Filius
1710 2134 1758 2163 sit,

931 2189 952 2216 ι)
969 2181 1022 2207 erit
1047 2180 1131 2215 igitur
1156 2188 1212 2207 non
1239 2180 1321 2211 Deus,
1346 2181 1389 2208 vel
1416 2188 1471 2207 non
1497 2180 1614 2212 similis;
1635 2184 1664 2206 et
1691 2180 1757 2206 item

965 2225 1086 2261 Spiritus
1108 2231 1230 2254 sanctus.
1251 2227 1311 2255 Una
1328 2233 1394 2262 ergo
1412 2225 1568 2253 communis
1588 2230 1617 2253 et
1635 2230 1692 2253 tres
1716 2225 1756 2251 di-

964 2279 1051 2299 versa:
1065 2272 1193 2300 essentia:
1215 2273 1330 2306 divinae;
1353 2280 1469 2308 qumque
1491 2280 1609 2307 persona
1631 2271 1723 2298 divina
1742 2280 1758 2297 ρ

964 2318 1073 2346 duabus
1095 2319 1212 2346 diversis
1235 2319 1428 2347 divinitatibus
1450 2318 1598 2351 constabit,
1614 2326 1667 2345 una
1684 2326 1759 2345 com-

966 2365 1055 2398 muni,
1075 2369 1103 2392 et
1125 2365 1211 2393 altera
1224 2365 1396 2400 particulari.
1413 2365 1480 2398 Qum
1494 2365 1517 2392 si
1529 2364 1648 2392 absurda
1662 2364 1759 2390 viden-

965 2415 1021 2444 tur,
1039 2416 1113 2446 patet
1127 2412 1184 2439 sola
1196 2417 1296 2439 natura
1311 2412 1396 2440 Deum
1409 2419 1470 2440 esse
1481 2411 1603 2439 Verbum
1617 2419 1664 2438 seu
1678 2410 1758 2438 Chri-

966 2461 1038 2484 stum
1065 2462 1093 2484 et
1117 2458 1225 2485 Patrem
1241 2463 1270 2485 et
1283 2458 1429 2493 Spiritum,
1445 2462 1475 2485 ut
1489 2457 1584 2485 videre
1600 2461 1641 2485 est
1656 2457 1690 2484 de
1703 2456 1756 2484 Da-

966 2502 1023 2534 vid,
1047 2502 1082 2529 de
1110 2502 1256 2530 Salomone
1279 2503 1439 2531 hominibus
1454 2511 1461 2529 :
1477 2510 1532 2530 non
1547 2502 1684 2534 Christus,
1701 2510 1757 2529 non

966 2546 1061 2579 David,
1083 2555 1137 2574 non
1159 2547 1296 2582 propheta
1321 2551 1363 2575 est
1378 2556 1412 2575 ex
1433 2552 1548 2581 natura;
1563 2555 1653 2582 neque
1675 2547 1758 2574 homo

967 2600 1011 2623 est
1022 2603 1054 2623 ex
1073 2603 1201 2631 persona,
1218 2596 1271 2624 nisi
1282 2596 1352 2624 forte
1370 2596 1539 2631 speculative
1554 2595 1703 2631 loquendo.

935 2643 1095 2679 ὀνομάζοιτο
1110 2645 1142 2671 ἂν
1160 2645 1264 2678 ἁπλῶς,
1296 2646 1321 2672 εἰ
1355 2645 1393 2680 μὴ
1409 2645 1463 2681 ἄρα
1483 2644 1523 2680 τῷ
1537 2645 1586 2680 τῆς
1612 2643 1759 2678 ὲνοεωρίας

1277 2739 1352 2767 CAP.
1370 2739 1440 2767 XIX.

1004 2785 1057 2813 Sed
1074 2786 1165 2813 omnis
1180 2791 1291 2818 natura,
1308 2778 1449 2821 inquiunt,
1468 2794 1501 2813 ex
1516 2793 1565 2813 sua
1578 2790 1697 2819 persona
1711 2790 1759 2809 co-

967 2830 1129 2866 gnoscitur:
1148 2832 1270 2866 equitem
1290 2839 1372 2860 nemo
1389 2831 1518 2867 cognovit
1535 2830 1588 2857 nisi
1606 2829 1687 2864 prius
1707 2827 1759 2855 ho-

1540 2878 1580 2907 50
