1968 3094
150 105 214 138 1531

609 109 806 140 ADVERSUS
827 111 1100 142 NES’I‘ORIANOS.
1121 124 1155 129 —
1172 113 1246 143 LIB.
1268 113 1308 142 II.

1709 113 1776 151 1582

150 164 238 197 σάρκα
253 163 346 196 αὑτοῦ,
368 166 415 192 καὶ
438 165 618 202 ἐψυχωμένην
629 165 710 198 εἶναι,
737 167 846 194 καὶτοῦ
865 167 938 193 θείου

992 166 1076 194 Verbi
1091 167 1138 194 Dei
1165 168 1255 195 anima
1282 169 1410 196 rationali
1434 174 1462 197 et
1481 170 1618 204 cogitante
1635 169 1774 204 pneditam

148 209 236 242 Λόγου
252 209 340 244 σάρκα
360 209 429 237 εἶναι
445 211 624 247 ἐψυχωμένην
641 213 713 248 ψυχῇ
729 213 824 248 λογικῇ
848 222 878 239 τε
892 213 938 240 καὶ

149 255 231 289 νοερᾲ
243 265 249 271 ο
265 255 326 281 οὔτε
348 257 401 290 γὰρ
428 257 523 291 χρόνον
543 257 611 292 πρὸς
627 258 802 294 κατάπραξιν
815 259 870 285 τῶν
886 258 937 293 τῆς

147 301 271 332 εὐδοκίας
292 302 374 329 αὐτοῦ
390 303 474 330 δεῖται
498 304 512 330 ὁ
534 304 753 339 Παντοδύναμος,
772 305 833 331 οὔτε
857 305 937 339 λόγον

148 347 220 381 ἔχειν
234 347 282 382 τὴν
339 348 456 381 πίστεως
470 349 550 384 λόγον
569 350 700 384 σύλληψιν
715 351 761 376 καὶ
775 350 871 385 κύησιν
885 351 936 385 τῆς

150 392 288 427 μακαρίας
303 394 440 428 Παρθένου
452 398 638 431 πιστευσᾶισης
666 397 706 423 ὅτι
723 397 819 423 Ἔσται
830 397 937 423 τελείω-

149 446 190 469 σις
199 439 254 480 τοῖς
267 439 460 475 λελαλημένοις
471 442 539 476 αὐτῇ
552 443 627 477 παρὰ
639 442 752 478 Κυρίου,
770 443 840 478 ὑπὲρ
847 443 936 469 πᾶσαν

147 483 244 510 ἐλπίδα
258 485 304 511 καὶ
320 485 426 513 ἔννοιαν
438 487 484 512 καὶ
497 486 578 521 φύσιν
593 487 677 520 οὖσιν,
694 488 795 522 ὁμοίως
811 487 934 522 προϊέναι

147 529 208 558 ταῖς
232 530 284 555 τῶν
302 531 466 565 σωματικῶν
496 532 661 567 σπερμάτων
691 532 875 560 τελειώσεσιν.
902 534 936 560 ἸΙ

149 575 198 608 μὲν
209 575 262 610 γὶιρ
281 578 320 608 εἰς
339 577 427 612 σάρκα
438 579 538 613 σπορὰ,
555 579 587 604 ἐκ
600 578 752 614 θελήματος
765 580 865 614 σαρκός
879 580 936 606 ἐστι

148 620 311 655 ὃιιυθηθεῖσα
338 624 405 658 σὰρξ
429 623 541 658 δυνάμει
557 626 675 660 φυσικῇ-
705 626 722 660 ή
737 625 766 651 δὲ
780 626 820 656 εἰς
847 626 936 660 ψυχὴν

148 666 239 697 πίστις
256 667 330 693 ἐστὶν
352 668 380 700 ἐξ
396 669 519 700 εὐδοκίας
543 669 610 695 Θεοῦ
646 669 871 705 σπινθηρισθεῖσα
890 671 937 697 καὶ

150 712 330 744 μεταῆοθεῖσα
343 714 405 746 δόξα
418 715 462 741 διὰ
477 715 563 749 Λόγου
581 716 681 748 ζῶντος
692 716 760 742 Θεοῦ
779 717 826 742 καὶ
844 715 937 751 μένον-

148 765 203 788 τος,
226 760 348 793 γεννῶσα
374 761 596 796 ὀμοιογνώμονας
620 762 670 796 τῆς
694 762 762 794 ἰδίας
783 761 935 789 ἐνδιαθέτου

148 805 267 838 κρίσεως
280 805 348 840 τῷδε
358 807 396 842 τῷ
408 808 529 842 εἰρηκότι
539 808 605 843 πρὸς
615 808 660 835 τὸν
673 809 758 842 Λόγον
769 808 876 841 ἑαυτοῦ,
885 809 937 835 Ἐν

990 212 1055 246 (ιιοη
1071 213 1144 240 enim
1160 218 1283 249 tempore
1295 215 1399 250 indiget
1408 215 1584 250 omnipotens
1595 215 1776 250 adimplenda

988 265 1045 285 sute
1060 258 1202 286 cltaritatis
1222 260 1367 295 consilia);
1387 269 1441 288 non
1461 269 1541 296 posse
1559 261 1682 288 enarrari
1697 261 1776 289 Verbi

988 305 1197 340 conceptionem
1219 313 1253 333 ex
1267 306 1330 339 fide,
1358 311 1386 334 et
1411 307 1530 342 denique
1552 311 1663 342 partum
1691 307 1777 334 beatae

987 351 1108 387 Virginis
1120 353 1261 380 credentis
1273 353 1410 388 implenda
1422 361 1482 381 esse
1493 362 1554 388 qua:
1564 354 1615 380 sibi
1632 361 1647 380 a
1663 354 1778 380 Domino

988 396 1062 424 dicta
1076 397 1197 430 fuerant,
1211 406 1294 433 super
1309 406 1417 426 onmem
1438 406 1526 433 spem,
1544 403 1571 425 ct
1584 398 1778 433 cogitationem

987 447 1016 471 et
1032 446 1172 474 naturam,
1191 442 1319 470 similiter
1342 446 1473 477 prmstare
1493 441 1644 476 corporalis
1666 441 1779 468 seminis

989 487 1153 522 operationi.
1170 486 1279 514 Etenim
1303 487 1395 514 carnis
1417 485 1580 517 seminatio.
1601 493 1666 512 caro
1684 490 1727 512 est
1745 493 1778 512 ex

989 533 1079 560 carnis
1094 532 1248 567 cupiditate
1259 531 1377 559 naturali
1394 531 1516 566 potentia
1534 530 1633 557 emissa
1647 539 1654 563 ;
1668 534 1696 557 et
1711 529 1778 557 fides

987 582 1086 610 anima:
1107 581 1243 617 sapientia
1266 586 1309 609 est
1323 589 1357 608 ex
1371 581 1505 608 charitate
1519 580 1579 613 Dei,
1594 588 1643 615 per
1657 580 1778 608 Verbum

987 627 1034 654 Dei
1044 628 1140 654 vivens
1151 631 1178 654 et
1188 634 1364 662 permanens,
1376 626 1512 661 fulgurata
1525 629 1552 653 et
1565 625 1776 655 cominunicata.

987 680 1049 707 quae
1075 673 1226 708 participes
1247 672 1313 700 facit
1339 672 1481 707 sapientiae
1505 671 1623 706 propria:
1635 676 1663 698 et
1679 671 1778 698 innata-

987 718 1077 746 Patris
1093 718 1211 746 dicentis
1226 718 1260 745 ad
1282 715 1403 745 Verbum
1426 725 1506 744 suum
1523 726 1530 743 :
1545 717 1577 744 In
1592 721 1616 742 te
1632 716 1695 743 mihi
1709 724 1777 742 conx-

987 764 1087 798 placm'.
1114 764 1166 792 Per
1196 764 1266 791 hanc
1288 763 1460 799 spiritualem
1482 762 1720 797 regenerationem
1745 769 1778 788 ex

987 817 1057 844 aqua
1075 814 1102 837 et
1121 810 1231 844 spiritu,
1248 809 1407 844 quicunque
1429 808 1518 836 credit
1537 808 1563 835 in
1579 807 1719 835 Clu-istum
1737 806 1779 834 in-

147 849 197 877 σοί
214 850 367 885 εὐδόκησα
381 859 388 866 ⁸
405 855 474 880 κατὰ
487 853 551 888 γοῦν
563 855 612 888 τὴν
626 854 730 881 τοιάνδε
747 854 934 889 πνευματικὴν

992 861 1141 888 cantatum,
1162 860 1290 883 naturam
1307 855 1400 883 carnis
1412 859 1499 882 mutat
1514 855 1542 882 in
1557 854 1703 888 Spiritum,
1717 853 1779 880 abs-

149 897 326 932 ἀναγέννησιν
338 899 382 925 καὶ
393 899 426 925 δι’
437 899 532 931 ὓδατος
547 901 593 927 καὶ
606 901 675 927 Πνεύ
680 909 763 936 ματος
776 901 876 932 πάντες
886 900 936 936 τὴν

149 943 229 976 φύσιν
242 945 292 980 τῆς
306 946 405 982 σαρκὸς
419 947 459 979 είς
475 947 584 982 πνεῦμα
595 948 715 982 ἀχρόνως
725 946 938 982 ἁναγεννώμεθσ.

148 988 173 1014 οἱ
190 991 363 1022 πιστεύοντες
385 991 423 1026 τῷ
448 991 536 1024 οὕτως
567 993 637 1019 κατὰ
662 992 751 1026 σάρκα
779 991 936 1026 γεννηθέντι

148 1033 259 1069 Χριστῷ
270 1043 277 1049 ·
294 1035 337 1062 διὰ
352 1036 381 1062 τὸ
396 1037 425 1062 ἐν
443 1037 525 1071 σαρκὶ
535 1035 618 1063 οὖσαν
635 1037 683 1073 τὴν
697 1038 797 1072 ψυχὴν,
813 1045 938 1071 πνευμα-

148 1077 229 1113 τικὴν
242 1079 316 1113 ὅμως
328 1080 410 1115 τήνδε
430 1082 544 1116 σπορὰν,
567 1082 614 1108 καὶ
631 1081 824 1117 πνευματικῶς
850 1090 936 1108 κατα-

148 1123 299 1158 δεξαμὲνην
310 1126 444 1161 ἐνιυθῆναι
454 1129 486 1162 τῇ
503 1127 603 1162 κρίσει,
627 1130 816 1164 πνευματικῆς
831 1128 938 1162 φύσεως

149 1169 298 1205 ἀξιωθῆναι
308 1180 314 1186 ·
331 1172 371 1198 διὸ
381 1173 465 1208 καλ-τῇ
479 1174 559 1208 φύσει
569 1183 576 1190 ·
589 1174 634 1200 τὸν
649 1174 703 1210 γὰρ
713 1174 792 1208 λόγον
810 1183 866 1208 σου,
880 1175 938 1201 Κύ-

150 1225 202 1251 ριε,
212 1219 298 1245 εἷτουν
312 1229 320 1245 ι
338 1220 431 1254 φόϐον,
445 1221 474 1247 ἐν
482 1221 583 1256 γαστρὶ
591 1221 732 1256 ἐλάϐομεν,
747 1222 795 1248 καὶ
807 1222 938 1257 ὼδινήσα-

151 1272 200 1299 μεν
222 1274 232 1289 ι
252 1267 284 1300 τῇ
303 1265 392 1292 πίστει
406 1267 497 1300 αὐτον,
510 1268 539 1294 ἐν
550 1269 657 1299 ἑαυτοῖς
669 1268 794 1303 maleo;
810 1268 940 1302 τελεσφο-

152 1310 274 1345 ροῦντες,
297 1321 306 1338 ι
327 1313 374 1339 καὶ
391 1313 521 1349 ἐτέκομεν
538 1314 646 1349 πνεῦμα
667 1315 805 1350 σωτηρίας
820 1315 834 1341 ὃ
848 1316 940 1349 ἐποιή-

154 1364 241 1391 σαμεν
254 1357 299 1382 ἐπὶ
312 1358 360 1392 τῆς
375 1358 436 1392 γῆς.
456 1367 464 1383 ι
481 1358 510 1385 '0
523 1358 578 1394 γὰρ
591 1360 619 1385 ὲν
631 1360 712 1394 σαρκὶ
721 1358 769 1391 ὢν,
779 1359 826 1386 καὶ
838 1359 875 1395 μὴ
885 1360 940 1391 τοῖς

150 1402 221 1429 κατὰ
248 1405 336 1438 σάρκα
353 1404 536 1446 φαινομένοις,
562 1405 630 1431 ἀλλὰ
652 1407 708 1437 τοῖς
736 1405 807 1432 κατὰ
833 1405 941 1440 πνεῦμα

150 1447 300 1482 τιθέμενος,
327 1450 422 1476 ἑαυτοῦ
442 1459 501 1482 πως
528 1451 576 1486 τὴν
598 1451 724 1478 σύνθεσιν
752 1451 934 1486 μεταμείὸει·

150 1493 211 1520 ἀντὶ
225 1495 273 1529 τῆς
288 1496 321 1531 τῇ
340 1496 421 1531 σαρκὶ
440 1498 556 1532 φυσικῆς
573 1499 771 1532 συμφορησεως
786 1497 939 1532 ἀποσχίσας

150 1542 254 1574 ἑαυτὸν,
282 1543 329 1570 καὶ
351 1544 400 1578 τῆς
421 1544 490 1579 πρδς
514 1544 545 1570 τὸ
576 1544 688 1578 Πνεῦμα
707 1545 721 1570 ὃ
751 1545 825 1571 ἐστιν
860 1544 873 1570 ὁ
893 1543 958 1575 Θεὸς
975 1544 1060 1578 Λόγος
1087 1545 1234 1579 γενόμενος
1264 1545 1406 1580 γνωμικῆς
1434 1544 1626 1575 συνελεύσεως.

988 910 1041 938 que
1058 906 1199 938 tempore;
1213 910 1274 930 nam
1291 902 1381 929 anima
1394 909 1455 936 qua:
1467 901 1495 928 in
1514 908 1596 927 carne
1612 904 1665 931 est,
1683 903 1711 926 et
1726 899 1780 926 hoc

988 955 1082 976 semen
1109 948 1255 984 spirituale
1282 947 1465 982 spiritualiler
1492 946 1612 981 accipit,
1637 945 1780 980 sapientiae

988 992 1094 1024 unitur,
1120 991 1258 1026 spirituali
1281 996 1380 1018 natura
1396 991 1477 1026 digna
1490 990 1643 1026 judicatur,
1662 989 1779 1024 ideoque

988 1042 1016 1065 et
1031 1042 1137 1065 natura:
1155 1038 1261 1065 unitur.
1278 1037 1386 1065 Etenim
1401 1037 1516 1064 verbum
1536 1041 1625 1069 tuum,
1652 1035 1778 1065 Domine.

990 1091 1039 1111 seu
1060 1093 1068 1110 ι
1088 1085 1214 1111 timorem
1231 1084 1259 1110 in
1287 1088 1365 1111 utero
1388 1083 1556 1118 accepimus,
1577 1086 1605 1109 et
1632 1081 1781 1116 parturivi—

990 1138 1074 1157 mus)
1105 1129 1158 1157 fide
1185 1134 1214 1157 et
1232 1130 1364 1164 operibus
1389 1130 1417 1156 in
1443 1129 1524 1156 nobis
1547 1128 1726 1163 protulimus,
1753 1131 1782 1154 et

993 1185 1001 1200 ι
1022 1175 1181 1210 peperimus
1196 1175 1323 1210 spiritum
1346 1175 1443 1202 salutis
1472 1179 1532 1206 tute,
1558 1182 1640 1209 quem
1666 1174 1782 1201 fecimus

991 1230 1074 1257 super
1091 1227 1191 1249 terram
1201 1222 1233 1249 ἰ,
1248 1213 1258 1247 ἶ
1273 1222 1325 1255 Qui
1338 1221 1411 1249 enim
1427 1221 1564 1249 exsistens
1579 1222 1607 1248 in
1622 1229 1714 1254 carne,
1726 1226 1782 1249 no‘n

991 1269 1059 1296 vivit
1072 1268 1224 1295 secundum
1247 1276 1371 1301 carnem,
1397 1268 1444 1296 sed
1468 1268 1621 1296 secundum
1641 1268 1782 1302 spiritum,

992 1324 1068 1343 suam
1094 1314 1282 1342 conditionem
1308 1314 1402 1349 aliquo
1418 1314 1501 1341 modo
1514 1313 1660 1341 convertit.
1676 1313 1783 1341 Nedum

993 1361 1154 1396 temporalia
1169 1360 1246 1388 carni
1271 1365 1429 1396 congreget,
1458 1359 1579 1395 seipsum
1605 1359 1733 1394 abnegat,
1757 1363 1787 1386 et

992 1408 1123 1436 Ecclesiae
1142 1407 1279 1442 spirituali
1298 1415 1359 1442 quae
1383 1406 1474 1433 tendit
1501 1406 1534 1433 ad
1562 1405 1707 1441 Spiritum,
1737 1413 1785 1433 seu

993 1454 1115 1482 Verbum
1132 1453 1192 1485 Dei,
1210 1453 1240 1481 tit
1257 1453 1360 1480 socius.
1376 1452 1428 1485 Qui
1445 1452 1529 1488 igitur
1551 1452 1672 1479 Domino
1688 1452 1728 1479 sic
1745 1460 1788 1486 ag-

995 1498 1157 1533 glutinatur,
1179 1505 1251 1525 unus
1266 1497 1380 1532 spiritus
1396 1501 1438 1524 est
1457 1504 1518 1524 cum
1535 1504 1578 1524 eo.

1665 1543 1694 1570 Ὀ
1722 1543 1788 1578 γοῦν

150 1590 222 1617 οὕτω
244 1590 414 1626 κολλώμενος
431 1591 469 1626 τῷ
493 1591 598 1626 Κυρίῳ,
617 1591 645 1617 ἒν
671 1590 781 1617 πνεῦιιά
799 1590 859 1617 ἐστι
878 1590 926 1616 σὺν
945 1590 1029 1624 αὐτῷ.

440 1647 565 1674 ΚΕΦΑΛ.
584 1645 649 1673 KA'.

188 1693 271 1719 Πάλιν
289 1691 336 1719 οὖν
351 1701 431 1727 φασιν
442 1701 448 1707 ·
463 1693 493 1719 Εἰ
507 1694 563 1724 τοῖς
578 1692 720 1727 ίδιώμασιν
741 1692 823 1719 αὑτοῦ
844 1692 859 1719 ό
874 1692 940 1724 Θεὸς

150 1739 237 1773 Λόγος
263 1739 467 1774 διακρινόμενος
493 1739 540 1765 τοῦ
556 1739 698 1774 όμοουσίου
732 1738 814 1765 αὑτοῦ
835 1739 942 1774 Πατρὸς

151 1785 198 1811 καὶ
221 1784 391 1818 Πνεύματος,
415 1785 565 1815 ὑπόστασις
588 1785 668 1815 εὐθὺς
687 1785 797 1816 νοεῖται,
825 1784 941 1815 καὶτοῖς

154 1831 295 1866 ἱδιώμασιν
320 1831 405 1865 αὐτῆς
420 1831 473 1866 ἄρα
490 1831 507 1864 ἡ
526 1830 593 1865 σὰρξ
613 1830 695 1856 αὑτοῦ
712 1829 792 1864 τυχὸν
807 1829 846 1864 τῷ
878 1829 941 1854 ἄνευ

151 1877 288 1912 ἁμαρτιας
301 1878 333 1903 ἐκ
343 1875 480 1911 Παρθένου
491 1875 632 1910 προελθεῖν
642 1875 752 1906 καὶτοῖς
766 1874 879 1901 τοιοῖσδε
887 1874 942 1900 τῶν

151 1923 301 1958 ὁμοουσίων
317 1923 385 1957 αὐτὴ
400 1923 509 1949 πάντων
524 1921 723 1957 διακεκριμένη
739 1920 820 1952 εὐθὺς
834 1921 881 1946 καὶ
895 1920 942 1955 ἥδε

152 1969 299 2000 ὑπόστασις
309 1968 417 2004 νοηθείη
426 1977 432 1984 ·
450 1969 510 1994 ἐπεὶ
518 1966 564 1995 οὗν
581 1969 619 2003 μὴ
632 1963 747 1994 τὰαύτὰ
757 1966 804 1993 τοῦ
814 1967 902 2000 Λόγου
911 1975 942 1993 τε

151 2017 198 2043 καὶ
210 2016 259 2047 τῆς
268 2015 369 2050 σαρκὸς
378 2014 411 2041 τὰ
424 2013 566 2048 ἰδιώματα,
581 2013 641 2039 οὐδὲ
650 2014 678 2039 αἱ
692 2012 857 2042 ὑποστάσεις
870 2011 924 2047 ἄρα
933 2019 941 2026 ·

151 2063 209 2094 πῶς
224 2061 270 2089 οὖν
288 2063 336 2097 μία
351 2061 498 2091 ὑπόστασις
524 2060 589 2094 ὑμῖν
608 2061 625 2095 ὴ
641 2059 696 2086 τῶν
719 2059 767 2085 δύο
788 2067 818 2084 τε
834 2058 942 2092 φύσεων

151 2110 198 2137 καὶ
215 2109 311 2140 διττῶς
322 2107 538 2142 διακεκριμένων
561 2107 592 2132 ἐκ
607 2105 662 2132 τῶν
685 2105 814 2140 ὁμοφυῶν
836 2103 942 2136 λελόγι-

151 2164 228 2188 σται;
246 2155 317 2181 Ἀλλ’
335 2153 444 2188 εῠδηλόν
461 2154 520 2179 ἐστι
539 2152 578 2187 τῷ
603 2150 856 2187 προσεκτικώτερον
882 2150 942 2175 ἐπι-

151 2202 285 2233 ϐάλλοντι,
303 2201 340 2232 ὡς
364 2201 398 2226 τὰ
423 2199 474 2234 τῆς
492 2199 591 2232 σαρκὸς
606 2197 653 2224 τοῦ
682 2197 784 2232 Κυρίου
808 2196 943 2230 ἰδιώματα

150 2249 249 2278 πάντα.
263 2248 303 2274 ἐν).
319 2245 483 2273 καθολικωτέ
488 2254 526 2280 ρῳ
537 2244 616 2279 αίτίῳ
640 2243 731 2270 αὐτῶν
745 2243 854 2269 πάντων
873 2241 943 2268 ἰδιώ-

151 2303 216 2330 ματι
235 2293 319 2328 αὐτῆς
341 2292 514 2326 περιέχεται·
544 2291 557 2317 ὅ
579 2291 637 2316 ἐστι
653 2289 720 2316 αὐτὸ
744 2288 823 2315 τοῦτο
843 2288 874 2316 τὸ
905 2288 941 2323 μὴ

149 2323 227 2365 imas).
250 2323 333 2372 αὐτην
349 2323 394 2363 καὶ
473 2335 536 2362 καθ’
552 2334 636 2370 αὐτὴν
666 2333 747 2368 φύσιν
764 2333 851 2367 αὐτῆς
871 2332 938 2367 ψιλῇ
956 2323 976 2350 D

150 2384 300 2418 ὑποστῆναι
318 2382 402 2417 αὐτὴν
429 2381 537 2408 πώποτε
549 2389 556 2396 ·
570 2380 610 2407 διὸ
626 2379 673 2406 καὶ¹
686 2379 742 2407 ὅσα,
758 2378 849 2409 ίδικῶς
865 2376 941 2411 αὺτῷ

150 2429 312 2465 ἐμφαίνεται
320 2428 401 2463 ἕτερα
413 2428 546 2462 ἰδιώματα
557 2425 634 2461 παρὰ
646 2425 751 2456 πάντας
768 2423 939 2458 ἀνθρώπους,

148 2474 236 2502 ταῦτά
254 2475 311 2500 ἐστι
329 2473 480 2508 θεοπρεπῆ,
493 2471 549 2498 οἷον
569 2471 790 2506 ἠάναμάρτητος
800 2469 939 2503 γέννησις,

148 2521 196 2548 καὶ
210 2521 358 2550 ἄπταιστος
379 2519 467 2553 πάντη
479 2517 620 2548 διαϐίωσις
635 2515 729 2548 αὑτοῦ,
745 2516 762 2550 ἡ
783 2513 939 2546 πανάγαθος

149 2568 276 2602 πρόθεσις
291 2567 345 2598 ἀεὶ,
363 2567 380 2599 ή
411 2565 598 2600 ὑπερδύναμος
622 2563 690 2598 πρὸς
717 2559 939 2595 Θαυματουργίαν

151 2614 228 2650 ἰσχὺς
241 2611 518 2647 αὑτῆς,ἡὺπ-ἐρσοφος
534 2609 646 2645 γνῶσις,
668 2609 685 2643 ἡ
717 2606 876 2636 παντέλειος
892 2604 940 2631 καὶ

149 2659 291 2695 ὑπερφυὴς
317 2658 412 2694 ἀρετὴ,
430 2657 477 2684 καὶ
492 2656 526 2682 τὰ
545 2655 635 2682 τοιάδε
653 2654 726 2680 θεῖα·
742 2653 766 2679 εἰ
789 2651 818 2678 δὲ
833 2651 867 2677 τὰ
882 2651 941 2676 θεῖα

150 2706 199 2732 οὐκ
213 2706 277 2732 ἄνευ
289 2705 363 2736 θείας
381 2703 489 2738 φύσεώς
505 2710 571 2728 ποτε
596 2701 733 2736 φαίνεται,
752 2698 798 2724 καὶ
822 2697 855 2723 τὰ
869 2695 942 2723 ἰδιώ-

152 2760 224 2787 ματα
249 2752 339 2786 πάσης
353 2750 529 2780 ὑποστάσεως
551 2747 637 2782 αὐτῆς
659 2746 730 2778 ἰδίως
749 2742 818 2771 εἶναι
836 2743 885 2770 δεῖ.
904 2743 941 2768 Οὺ

185 2825 210 2842 ίδ
220 2825 272 2853 lsa.
291 2832 362 2858 xxvs,
383 2823 426 2851 13.

1304 1646 1380 1674 CAP.
1397 1647 1469 1674 XXI.

1031 1692 1065 1719 Et
1078 1701 1173 1719 rursus
1184 1693 1314 1728 inquiunt
1331 1702 1337 1718 :
1354 1693 1472 1720 Verbum
1486 1692 1534 1719 Dei
1554 1692 1613 1719 suis
1628 1692 1787 1719 notionibus

995 1746 1010 1766 a
1032 1739 1113 1765 Patre
1127 1742 1155 1765 et
1183 1738 1287 1773 Spiritu
1312 1737 1595 1765 consubstantialibus
1616 1737 1787 1769 distinctum.

995 1791 1114 1818 persona
1126 1791 1186 1810 esse
1197 1784 1289 1811 statim
1307 1783 1474 1818 intelligitur
1486 1791 1492 1809 :
1504 1783 1543 1810 sic
1553 1783 1641 1818 ipsius
1654 1791 1719 1810 caro
1730 1792 1791 1819 qum

996 1829 1054 1856 suis
1083 1828 1298 1864 proprietatibus
1325 1836 1423 1863 nempe
1452 1833 1515 1855 ortu
1551 1829 1726 1856 immaculato
1756 1837 1789 1856 cx

996 1874 1118 1909 Virgine,
1143 1878 1171 1900 et
1189 1874 1251 1901 aliis
1278 1873 1416 1901 similibus
1430 1873 1619 1908 [distinguitur
1641 1874 1675 1900 ab
1699 1873 1790 1901 homi-

996 1919 1078 1947 nibus
1091 1919 1216 1954 ejusdem
1234 1923 1351 1949 naturae.
1367 1927 1484 1954 persona
1496 1919 1634 1946 censenda
1649 1924 1709 1952 est;
1728 1927 1790 1946 cum

996 1972 1062 1999 ergo
1076 1964 1179 1992 eaadem
1203 1972 1258 1992 non
1277 1964 1333 1992 sint
1347 1964 1431 1992 Verbi
1445 1969 1473 1992 et
1488 1965 1579 1992 carnis
1595 1965 1789 2000 proprietates,

996 2018 1086 2045 neque
1101 2011 1203 2038 eaedem
1226 2018 1368 2045 personae;
1393 2010 1466 2038 unde
1482 2018 1547 2046 ergo
1571 2019 1625 2038 una
1644 2012 1761 2046 persona
1775 2019 1790 2038 a

996 2057 1075 2085 vobis
1091 2058 1263 2092 assignatur,
1280 2065 1341 2092 quae
1366 2057 1471 2084 naturis
1486 2057 1594 2084 duabus
1620 2062 1739 2090 constat,
1762 2062 1791 2084 et

997 2105 1093 2131 iisdem
1106 2104 1254 2139 dupliciter
1267 2103 1384 2132 diversis
1395 2111 1408 2129 a
1420 2107 1518 2130 natura
1532 2103 1655 2138 ejusdem
1670 2103 1791 2138 speciei"

997 2151 1162 2186 Diligentius
1178 2150 1332 2178 attendcnti
1345 2154 1452 2177 certum
1466 2149 1512 2176 fiet
1522 2157 1619 2177 omnes
1633 2149 1723 2176 carnis
1734 2149 1786 2176 bo-

997 2197 1106 2224 miuiea:
1123 2197 1310 2232 proprietates
1330 2197 1377 2223 uni
1398 2196 1506 2223 cuidam
1527 2195 1614 2231 magis
1638 2195 1788 2223 universali

998 2243 1172 2279 proprietati,
1200 2247 1229 2270 et
1253 2247 1415 2270 czeterarum
1442 2242 1589 2269 causativa:
1619 2242 1789 2274 ineumbere,

997 2298 1059 2325 qua:
1086 2289 1148 2317 talis
1172 2294 1214 2316 est
1232 2298 1239 2315 :
1256 2296 1320 2315 caro
1333 2288 1393 2315 sine
1410 2288 1477 2319 Deo,
1494 2293 1522 2314 et
1550 2288 1577 2315 in
1601 2295 1649 2314 sua
1673 2288 1789 2315 naturali

993 2343 1111 2370 persona
1140 2342 1282 2369 nunquam
1301 2333 1436 2361 substitit.
1462 2333 1496 2361 Et
1521 2333 1584 2361 ideo
1616 2341 1789 2368 quacunque

993 2380 1053 2406 alize
1077 2380 1264 2414 proprietates
1281 2380 1308 2405 in
1333 2370 1448 2406 Domino
1465 2378 1576 2413 proprie
1596 2378 1788 2406 inveniuntur.

991 2429 1020 2451 et
1036 2424 1063 2451 in
1083 2424 1200 2458 reliqu‘s
1220 2423 1381 2450 hominibus
1390 2422 1532 2453 deficiunt.
1546 2430 1586 2449 ea:
1605 2422 1706 2449 divinae
1726 2427 1791 2449 sunt

992 2472 1063 2498 sicut
1079 2470 1208 2498 nativitas
1232 2469 1426 2501 immaculata,
1454 2468 1586 2496 sanctitas
1604 2468 1688 2495 totius
1713 2468 1790 2503 vitae,

992 2515 1101 2542 bonitas
1114 2514 1234 2546 consilii,
1249 2514 1276 2540 in
1290 2514 1430 2541 miraculis
1449 2514 1663 2548 oumipotentia,
1679 2513 1791 2548 sapien—

992 2560 1030 2587 tia
1053 2559 1198 2592 doctrime,
1212 2560 1332 2594 perfecta
1353 2565 1380 2586 et
1398 2559 1618 2593 supernaturalis
1635 2558 1734 2590 virtus,
1759 2561 1787 2584 et

992 2610 1091 2633 cwtera
1105 2605 1208 2632 divina.
1226 2605 1253 2632 Si
1267 2613 1351 2640 opera
1376 2605 1468 2632 divina
1491 2606 1550 2632 sine
1571 2604 1664 2631 divina
1685 2609 1784 2632 natura

992 2659 1135 2686 nunquam
1156 2655 1332 2681 exercentur.
1349 2655 1378 2678 et
1390 2651 1572 2686 proprietates
1584 2650 1649 2685 ipsa:
1661 2649 1709 2677 toti
1725 2656 1788 2684 per~

994 2704 1067 2724 sonat
1093 2697 1204 2732 proprie
1231 2696 1385 2724 tribuenda:
1419 2700 1506 2729 sunt;
1533 2703 1593 2731 qua:
1620 2695 1693 2722 enim
1718 2700 1782 2722 sunt

995 2742 1076 2769 unius
1089 2749 1222 2777 personze,
1242 2741 1285 2769 vel
1297 2741 1324 2768 in
1340 2750 1393 2769 una
1403 2741 1542 2773 videnlur,
1558 2740 1637 2768 alteri
1657 2747 1781 2775 persona:
