1968 3094
166 203 234 236 1535

633 204 830 234 ADYELESUS
852 202 1126 234 NESTORIANOS.
1147 215 1181 220 -
1202 203 1274 233 LIB.
1297 203 1338 233 lI.

1732 203 1821 235 1536'»

164 259 248 289 ὅντως
269 257 341 293 ἔχειν
365 258 513 285 ὑπόστασιν
533 259 581 294 τὴν
601 260 750 296 ὑπόχρονον
773 261 853 295 φύσιν
874 260 952 286 δυνα-

1011 265 1070 285 ;0na
1092 260 1281 294 temporalem‘
1297 265 1422 286 naturam
1440 256 1543 286 habere
1563 266 1617 286 non
1638 259 1735 294 possit,
1751 260 1798 288 sed

163 303 220 331 τὸν.
241 301 309 329 ἀλλὰ
330 302 381 329 ὑπὸ
398 303 494 338 χρόνον
517 304 685 338 κτήσασθαι,
709 306 756 331 καὶ
774 305 955 340 ἐνυποστῆναι

164 351 197 384 τῇ
220 349 297 384 ἀϊδίῳ
313 348 461 376 ὑποστάσει
480 349 529 385 τὴν
546 350 598 377 ὑπὸ
614 351 709 386 χρόνον
727 351 807 386 φύσιν
831 351 954 377 δυνατόν·

165 396 212 422 καὶ
226 395 336 422 λέλυται
350 397 403 422 πᾶν
423 396 482 422 τόδε
496 396 527 422 τδ
542 397 656 432 ἄπορον.
675 397 753 424 Οὖτω
769 397 824 432 γὰρ
842 398 889 424 καὶ
902 397 956 429 πᾶς

166 443 179 468 ὁ
194 441 295 475 κόσμος
319 442 433 477 γενητὸς
450 441 498 474 ὢν,
514 442 554 478 τῷ
574 443 698 479 ἀγενήτῳ
723 443 883 479 κοσμοποιῷ
897 443 956 478 Θεῷ

164 489 358 523 ἐνυφὲστηκεν.

453 536 579 564 ΚΕΦΛΛ.
602 537 665 564 ΚΔ’.

203 582 236 607 Ἥ
251 582 327 608 οὑδὲν
354 582 481 609 σύνθετόν
497 591 579 617 φασιν
594 584 622 609 ὲν
636 583 757 618 Χριστῷ,
781 583 797 618 ἥ
815 583 860 610 καὶ
875 583 957 617 φύσις

165 627 212 653 καὶ
223 627 382 659 ὑπόστασις⁸
398 627 414 663 ἢ
431 628 511 662 φύσις
527 628 577 663 μὲν
593 628 676 663 ἁπλῆ.
691 628 839 659 ὑπόστασις
849 629 877 655 δὲ
893 629 955 654 σὺνο

166 673 241 705 θετος
254 681 262 688 ·
277 674 294 709 ἢ
320 673 455 701 ἀνάπαλιν
475 674 555 708 φύσις
577 674 627 708 μὲν
646 674 784 706 σύνθετος,
806 674 956 705 ὑπόστασις

163 719 192 745 δὲ
205 719 288 754 ἁπλῆ·
306 720 328 746 εἰ
346 720 395 755 μὲν
408 717 455 747 οὖν
467 720 554 747 πάντα
569 720 643 747 ἁπλᾶ
658 720 691 747 τὰ
708 721 737 746 ἐν
750 720 834 755 αὐτῷ,
851 720 957 755 ψευδῶς

165 765 289 792 σύνθεσιν
312 766 461 800 ὀνομάζετε
477 766 519 792 ἐπ’
537 765 636 794 αὑτοῦ·
653 766 677 792 εἰ
692 766 748 801 δὲῆ
764 775 793 793 τε
809 766 890 800 φύσις
910 767 957 792 καὶ

166 812 315 843 ὑπόστασις
332 811 413 838 αὑτοῦ
439 811 571 844 σύνθετοι,
590 813 616 839 τι
642 812 673 848 δὴ
691 813 745 848 ἄρα
761 814 825 844 τοὺς
844 813 958 848 Σεϐηρὶ-

165 866 214 888 τις
235 857 413 889 ἀποσείεσοε;
437 859 462 883 εἰ
485 858 514 884 δὲ
539 859 567 884 αἱ
592 858 689 892 φύσεις
711 859 761 893 μὲν
786 858 880 891 ἁπλαῖ,
897 860 913 892 ἡ
929 859 957 885 δὲ

165 903 312 934 ὑπόστασις
329 902 456 934 σύνθετος
474 903 537 937 ὑμῖν
556 903 639 934 δοκεῖ,
655 903 772 939 ἐπείπερ
795 904 869 938 ἁπλῆ
887 904 954 930 ὑπό-

166 956 260 979 στασις
276 946 346 974 εἶναι
362 949 378 984 ή
396 948 441 975 τοῦ
461 949 548 983 Λόγου
567 949 752 984 ὡμολόγηται,
768 950 831 984 ὑμῖν
846 950 874 977 δὲ
891 950 955 977 σύν-

166 994 241 1024 θετος
260 990 329 1019 εἶναι
349 994 365 1028 ἡ
380 993 426 1020 τοῦ
440 994 557 1029 Χριστοῦ
568 994 694 1028 λέγεται,
705 995 752 1021 δύο
768 995 821 1030 ἄρα
836 996 957 1024 ὑποστά-

167 1047 222 1069 σεις
239 1039 292 1064 εἰσὶ
311 1039 415 1073 σαφῶς,
429 1039 446 1074 ἤ
463 1048 493 1066 τε
514 1040 561 1066 τοῦ
587 1041 675 1073 Λόγου
695 1042 742 1067 καὶ
760 1041 807 1068 τοῦ
824 1042 955 1077 Χριστοῦ.

171 1085 253 1117 ’Λλλ”,
261 1082 283 1111 ὧ
294 1082 377 1118 οὗτοι,
392 1086 499 1121 πρῶτον
514 1088 563 1121 μὲν
572 1087 605 1113 τὰ
615 1088 688 1114 ἁπλᾶ
698 1088 893 1124 ἐμπεριέχεται
901 1090 957 1121 τοῖς

165 1131 318 1163 συνθέτοις·
337 1131 407 1158 ὥστε
425 1132 471 1158 τοῦ
486 1132 573 1166 Λόγου
598 1133 683 1168 αὑτὴν
697 1134 806 1168 νοητέον
821 1133 892 1161 εἶναι
908 1135 958 1170 τὴν

165 1178 211 1204 καὶ
224 1178 313 1213 ἁπλῆν
327 1179 422 1214 πρώην
436 1180 481 1206 καὶ
497 1179 624 1206 σύνθετον
635 1180 682 1207 νῦν
699 1181 728 1207 ἐν
744 1181 865 1216 Χριστῷ·
882 1182 957 1216 ὅμως

165 1225 257 1259 μέντοι
268 1226 315 1252 καὶ
334 1227 364 1252 τὸ
379 1225 504 1252 σύνθετον
519 1227 595 1258 ὅπως
609 1226 718 1260 λέγεται
745 1228 810 1263 περὶ
824 1228 874 1262 τῆς
889 1229 956 1254 ὑπο-

167 1273 287 1304 στάσεως
305 1272 424 1307 Χριστοῦ
436 1293 443 1305 ,
459 1273 650 1308 διασαφητέον·
670 1273 727 1300 ἔστι
741 1274 795 1309 γὰρ
811 1275 858 1300 καὶ
875 1273 907 1300 ἐκ
920 1282 958 1300 τι-

165 1327 218 1345 νων
233 1318 287 1344 τῶν
304 1319 375 1344 κατὰ
390 1319 487 1345 ταυτὸν
503 1319 551 1344 τοῦ
569 1319 698 1345 συνθέτου
727 1320 890 1354 πράγματος
915 1320 958 1346 λό-

165 1373 223 1399 γων
249 1365 437 1400 ἁπλουστέραν
461 1366 554 1400 μέντοι
577 1364 648 1392 εἶναι
673 1375 732 1398 πως
757 1366 808 1401 τὴν
832 1365 958 1392 σύνθεσιν

166 1411 265 1438 αὑτοῦ·
287 1412 335 1438 καὶ
360 1411 435 1446 ᾒτιν
460 1412 490 1443 ἐξ
517 1411 674 1447 ὲτεροειδῶν
691 1412 861 1448 πραγμάτων
875 1421 881 1427 ·
902 1409 958 1438 οἷον

166 1459 240 1484 ἔστιν
269 1458 299 1490 ἐξ
335 1457 527 1492 ἁπλουστέρων
560 1458 732 1493 φαρμάκων,
764 1458 958 1492 ποικιλώτερον

167 1505 303 1531 συνθεῖναι
319 1504 474 1538 φάρμακον
493 1504 541 1530 καὶ
553 1505 586 1530 ὲκ
602 1505 746 1538 σωμάτων,
761 1504 840 1539 σῶμα
854 1504 956 1539 ἕτερον’

166 1550 213 1576 καὶ
226 1549 279 1576 ἀπὸ
295 1549 394 1582 λέξεων
409 1549 514 1581 ἁπλῶν,
530 1549 601 1581 λέξιν
618 1550 745 1576 σύνθετον
761 1549 883 1584 ποιῆσαι·
901 1550 958 1577 ἔστι

166 1597 188 1622 δ’
205 1593 251 1622 οὖν
267 1595 316 1622 καὶ
337 1595 392 1622 ἀπὸ
416 1596 595 1622 ὑποστάσεων
606 1596 736 1622 πλειόνων
760 1597 823 1631 μίαν
841 1597 959 1623 ὑπόστα-

168 1651 210 1668 σιν
223 1644 294 1669 νοεῖν
311 1642 450 1676 σύνθετον,
469 1642 506 1674 ὡς
526 1643 572 1669 ἐπὶ
588 1643 668 1678 χοροῦ
683 1643 731 1669 καὶ
749 1643 824 1670 οἴκου
842 1644 890 1670 καὶ
903 1644 958 1670 τῶν

166 1688 286 1715 τοιῶνδε·
304 1689 350 1715 καὶ
367 1689 425 1715 ἐστι
443 1688 497 1715 ἀπὸ
513 1689 624 1715 συνόδου
642 1689 772 1715 πλειόνων
793 1689 958 1725 ἰδιωμάτων,

165 1734 197 1760 οὑ
211 1733 264 1760 τῶν
289 1733 336 1760 τοῦ
353 1733 441 1766 Λόγου
461 1733 551 1768 μόνον,
567 1733 635 1761 ἀλλὰ
653 1734 701 1760 καὶ
720 1733 774 1760 τῶν
794 1735 843 1769 τῆς
859 1735 960 1770 σαρκὸς

168 1780 351 1814 συγκειμένην
367 1779 415 1814 τὴν
440 1779 589 1806 ὑπόστασιν
606 1779 735 1814 Χριστοῦ·
759 1779 775 1815 ἢ
797 1780 829 1806 ὲκ
850 1780 959 1814 φύσεων

169 1825 316 1851 ὑπόστασιν
331 1824 457 1850 σύνθετόν
475 1833 554 1858 φατε,
569 1825 759 1859 συμφήσομεν·
777 1826 801 1851 εἰ
817 1825 846 1852 δὲ
860 1826 910 1860 τὴν
922 1822 960 1857 ὡς

169 1872 199 1905 ἐξ
218 1871 406 1902 ὑποστάσεων,
426 1870 462 1905 μὴ
481 1870 600 1904 γένοιτοῑ
617 1872 745 1897 σκοπεῖτε
767 1871 796 1898 δὲ
809 1871 850 1898 ὅτι
866 1873 916 1908 τὴν
930 1872 960 1906 ἐξ

170 1916 324 1950 ιδιωμάτων
340 1914 475 1947 σύνθεσιν,
499 1915 548 1941 καὶ
576 1915 630 1950 πρὸ
652 1916 753 1950 σαρκὸς
779 1914 852 1951 εἶχεν
878 1918 895 1951 ἡ
912 1917 959 1943 τοῦ

169 1961 248 1996 λόγου
261 1961 421 1992 ὑπόστασις.
433 1962 457 1987 εἰ
473 1961 520 1987 καὶ
533 1961 570 1996 μὴ
586 1962 618 1987 ἐκ
633 1961 780 1988 τοσούτων’
799 1962 830 1988 οὑ
844 1963 898 1998 γὰρ
910 1963 960 1996 μό-

169 2017 214 2034 νυν
233 2007 263 2034 τὺ
277 2007 402 2042 γεννήσει
422 2006 570 2040 ὑφεστάναι
586 2007 651 2034 ἴδιον
668 2007 716 2034 τοῦ
734 2007 811 2039 Υἱοῦ,
826 2008 894 2035 ἀλλὰ
913 2009 960 2036 καὶ

170 2055 200 2081 τὸ
226 2055 263 2089 μὴ
283 2054 382 2088 γεννᾷν
406 2053 549 2088 ὁμοούσιον
572 2053 672 2087 Λόγον,
694 2053 761 2089 μηδὲ
791 2055 838 2088 ἀφ’
862 2054 959 2082 ἑαυτοῦ

169 2100 330 2135 ἐκπορεύειν
356 2099 466 2134 Πνεῦμα
495 2098 632 2134 πρώτως,
668 2099 737 2134 μηδὲ
761 2100 960 2136 ἐκπορεύεσθαι

170 2146 240 2172 κατὰ
256 2145 287 2172 τὸ
312 2145 391 2179 ἅγιον
414 2144 526 2179 Πνεῦμα
539 2153 546 2160 ν
563 2144 611 2170 καὶ¹
632 2143 668 2171 τὰ
689 2144 772 2171 λοιπὰ
797 2145 869 2177 ἰδίως
884 2146 960 2181 αὑτῷ

169 2192 317 2226 ἀνήκοντα·
334 2191 461 2221 σύνθετος
478 2191 533 2226 ἄρα
559 2191 630 2216 κατὰ
645 2190 719 2218 τόνδε
733 2192 779 2218 τὸν
799 2192 911 2228 τρόπον,
927 2193 958 2219 οὐ

171 2237 251 2271 μόνον
276 2236 292 2271 ὴ
314 2236 369 2262 τοῦ·
386 2236 485 2269 Λόγου,
505 2235 572 2261 ἀλλὰ
588 2235 635 2261 καὶ
654 2235 703 2261 τοῦ
728 2236 833 2271 Πατρὸς
847 2237 895 2263 καὶ
911 2237 959 2263 τοῦ

1007 305 1150 340 acquirere
1161 310 1260 340 potest,
1273 306 1367 341 sicque
1383 306 1409 332 in
1431 313 1549 340 persona
1559 311 1660 332 :ctcrna
1674 307 1801 334 subsistit

1007 357 1105 379 natura
1131 352 1301 386 temporalis.
1326 352 1421 379 Soluta
1440 357 1482 379 est
1496 360 1561 387 ergo
1587 351 1746 386 diilicultas;
1769 359 1801 380 ut

1007 397 1117 432 quando
1133 397 1235 425 dicitur
1264 402 1337 424 totus
1361 397 1480 424 tuendus
1507 397 1676 432 quiet-catus
1693 403 1745 432 est,
1770 398 1799 425 in

1007 443 1063 469 Deo
1077 447 1203 470 creatore
1214 443 1336 477 ingenito
1351 444 1512 471 subsistere.

1305 536 1381 563 CAP.
1399 536 1492 565 XXIV.

1043 582 1169 609 Instant:
1189 582 1236 610 Vel
1255 583 1324 609 nihil
1348 587 1390 610 est
1407 585 1591 619 compositum
1621 585 1648 611 in
1677 584 1798 616 Christo,
1819 611 1823 613 ,

1007 627 1048 653 vel
1074 632 1171 654 natura
1185 632 1212 654 et
1237 636 1355 662 persona
1378 629 1476 662 simul;
1494 630 1551 656 sive
1568 633 1666 657 natttra
1687 630 1798 664 quidem

1008 673 1122 708 simplex
1134 679 1161 701 et
1176 675 1326 709 composita
1353 683 1480 710 persona,
1507 676 1565 703 sive
1579 676 1680 703 iterum
1701 681 1798 703 natura

1008 719 1161 754 composita
1180 724 1208 747 et
1224 727 1340 754 persona
1357 721 1483 756 simplex.
1509 721 1536 748 Si
1562 721 1645 756 igitur
1663 721 1754 748 omnia
1772 721 1798 747 in

1009 764 1069 799 ipso
1083 769 1147 791 sunt
1161 766 1308 800 simplicia,
1328 765 1395 793 false
1411 767 1524 801 punitur
1539 768 1599 802 ejus
1614 767 1779 802 compositio
1793 775 1798 796 :

1009 809 1030 834 si
1041 814 1138 835 natura
1151 809 1212 843 eius
1226 814 1254 837 et
1266 819 1381 844 persona
1393 817 1458 838 sunt
1473 812 1632 845 cotttposita’.
1646 811 1737 843 simul,
1750 819 1800 838 cur

1008 862 1074 888 ergo
1087 855 1227 883 Severitas
1244 857 1280 892 (Α)
1299 857 1438 892 Γορυιὶειῑε
1448 857 1459 884 ?
1471 857 1548 890 Quod
1559 857 1582 884 si
1599 857 1737 892 simplices
1751 865 1799 884 na-

1011 907 1087 933 tum,
1103 906 1131 929 et
1146 903 1296 937 composita
1325 903 1404 930 vobis
1428 903 1569 930 videretur
1586 911 1647 930 esse
1669 911 1799 937 persona.

1009 951 1073 974 tunc
1095 948 1225 975 omnibus
1251 949 1410 976 hominibus
1427 949 1579 983 simplicem
1600 949 1682 976 Verbi
1703 956 1799 983 perso-

1007 1000 1069 1019 nam
1088 993 1298 1026 affirmantibus,
1312 993 1390 1021 vobis
1402 998 1494 1021 autcm
1510 995 1689 1029 compositam
1706 994 1799 1022 dicen-

1008 1039 1082 1066 tibus
1095 1039 1199 1067 Christi
1220 1047 1380 1074 personam,
1395 1040 1465 1068 bene
1483 1040 1543 1067 dure
1554 1045 1635 1067 erunt
1662 1048 1799 1074 personaa,

1008 1093 1061 1112 una
1085 1085 1179 1117 Verbi,
1195 1088 1222 1112 et
1255 1086 1340 1112 altera
1370 1085 1484 1113 Christi.
1510 1086 1604 1118 Vobis,
1619 1093 1635 1112 o
1660 1086 1798 1117 homines,

1007 1130 1097 1165 primo
1104 1134 1146 1158 est
1155 1131 1352 1158 advertendum
1365 1131 1498 1166 simplicia
1508 1131 1668 1166 compositis
1676 1130 1801 1159 contiue~

1008 1177 1042 1209 ri,
1053 1177 1090 1203 ita
1107 1182 1136 1204 ut
1153 1177 1249 1204 eadem
1259 1177 1343 1205 Verbi
1353 1185 1469 1212 persona
1486 1177 1563 1211 prius
1574 1177 1656 1204 fuerit
1672 1178 1798 1213 simplex,

1007 1229 1035 1251 ct
1051 1232 1126 1252 nunc
1136 1225 1171 1251 sit
1180 1225 1329 1259 composita
1339 1225 1366 1252 in
1377 1224 1499 1252 Christo.
1513 1226 1639 1253 Attamen
1652 1234 1706 1261 quo
1718 1234 1800 1254 sensu

1008 1269 1118 1296 dicatur
1141 1270 1304 1304 compositio
1326 1269 1360 1297 de
1383 1270 1487 1297 Christi
1504 1263 1621 1305 persona
1652 1272 1802 1306 explanan-

1008 1315 1074 1342 dum
1089 1319 1142 1342 est.
1164 1315 1321 1350 Aliquando
1343 1316 1417 1343 enim
1439 1325 1472 1344 ex
1494 1317 1621 1351 pluribus
1649 1318 1743 1346 verbis
1767 1318 1802 1345 de

1008 1368 1064 1387 uno
1079 1364 1107 1387 et
1127 1360 1225 1388 eodem
1248 1361 1418 1396 composito,
1444 1362 1597 1397 simplicior
1615 1363 1723 1390 videtur
1743 1365 1813 1399 ejust

1007 1407 1188 1442 compositio;
1201 1407 1350 1442 aliquando
1367 1408 1440 1435 idem
1458 1409 1488 1435 tit
1509 1417 1543 1436 ex
1562 1410 1679 1437 diversis
1693 1410 1776 1437 rebus
1794 1421 1815 1439 :.

1008 1462 1041 1480 ex
1058 1454 1277 1488 simplicioribus
1308 1455 1440 1483 remediis
1467 1456 1552 1491 magis
1580 1457 1686 1483 varium
1714 1465 1817 1484 remex

1009 1499 1096 1532 (lium,
1120 1507 1154 1527 ex
1170 1500 1336 1534 corporibus
1354 1509 1457 1536 corpus
1471 1502 1556 1534 aliud,
1579 1511 1612 1530 ex
1630 1503 1804 1538 simplicibus

1009 1545 1124 1572 vocibus
1141 1553 1236 1573 vocem
1252 1547 1432 1580 compositam
1455 1547 1582 1574 videmus
1610 1547 1679 1575 ﬁeri.
1711 1549 1801 1576 Potest

1009 1598 1076 1626 ergo
1090 1599 1124 1618 ex
1134 1591 1260 1626 pluribus
1272 1592 1400 1626 personis
1410 1593 1558 1628 excogitari
1575 1601 1628 1620 una
1638 1595 1803 1629 composita.

1012 1641 1041 1663 ut
1055 1644 1117 1664 cum
1136 1637 1226 1672 agitur
1246 1637 1281 1665 de
1307 1638 1403 1671 choro,
1418 1639 1452 1666 de
1467 1639 1561 1671 domo,
1579 1644 1607 1667 et
1629 1640 1691 1667 aliis
1708 1640 1803 1675 hujus-

1010 1683 1100 1716 modi;
1119 1687 1211 1718 potest
1224 1684 1308 1711 etiam
1318 1691 1351 1711 ex
1368 1684 1497 1719 pluribus
1511 1686 1614 1720 junctis
1624 1685 1803 1720 proprietati—

1010 1730 1061 1756 bus
1088 1738 1143 1757 non
1162 1729 1245 1757 modo
1262 1730 1356 1762 Verbi,
1377 1731 1425 1758 sed
1442 1731 1524 1758 etiam
1546 1733 1648 1762 carnis,
1675 1736 1802 1769 constare

1009 1775 1113 1802 Christi
1134 1783 1262 1810 persona.
1275 1776 1362 1809 Quam
1375 1776 1398 1803 si
1417 1777 1597 1811 compositam
1611 1785 1626 1804 e
1643 1778 1749 1805 naturis
1761 1778 1804 1805 di-

1011 1819 1082 1850 citis,
1097 1821 1303 1853 couscntimus;
1321 1821 1344 1847 si
1357 1829 1424 1848 vero
1435 1821 1512 1856 quasi
1525 1829 1558 1848 ex
1571 1823 1709 1856 personis,
1720 1823 1803 1849 absit.

1011 1865 1217 1892 Adverteudum
1235 1870 1277 1893 est
1291 1866 1374 1893 etiam
1393 1866 1464 1894 hanc
1484 1867 1712 1902 compositionem
1736 1868 1806 1895 idio.

1012 1914 1116 1937 matum
1129 1910 1194 1937 licet
1210 1911 1383 1944 pauciorum,
1407 1915 1470 1938 ante
1484 1912 1570 1946 ipsam
1586 1912 1804 1940 incarnationem

1012 1955 1174 1983 convenisse
1189 1956 1271 1983 Verbi
1296 1964 1419 1991 persona:
1437 1967 1442 1984 :
1459 1966 1512 1984 non
1536 1959 1625 1985 solum
1651 1959 1724 1986 cnim
1744 1967 1806 1987 esse

1011 2006 1182 2037 generatum,
1209 2006 1252 2029 est
1266 2003 1422 2037 proprietas
1440 2003 1533 2036 Verbi,
1559 2004 1606 2031 sed
1623 2005 1706 2031 etiam
1730 2006 1804 2039 quod

1012 2048 1246 2078 consubstantiale
1260 2048 1377 2076 Verbum
1393 2057 1449 2076 non
1462 2055 1585 2085 generet,
1597 2051 1670 2085 quod
1684 2051 1804 2086 Spiritus
1816 2074 1819 2076 .

1012 2094 1147 2129 primario
1155 2094 1190 2121 ab
1210 2095 1269 2129 ipso
1284 2103 1339 2128 non
1354 2096 1496 2130 procedat,
1513 2097 1586 2131 quod
1600 2097 1659 2132 ipse
1671 2105 1726 2124 non
1742 2105 1807 2132 pro-

1012 2140 1092 2167 cedat
1114 2140 1186 2167 sicut
1201 2141 1322 2176 Spiritus
1343 2145 1471 2174 sanctus,
1495 2147 1522 2170 ct
1547 2142 1599 2170 alia
1621 2143 1750 2171 idiomata
1771 2145 1806 2171 ad

1012 2194 1075 2213 eum
1102 2187 1278 2221 pertinentia.
1304 2187 1407 2215 Eodem
1435 2189 1516 2215 modo
1538 2194 1581 2216 est
1604 2189 1758 2224 composita
1777 2194 1806 2217 et

1013 2239 1131 2266 persona
1143 2233 1278 2265 Patris,ct
1289 2233 1410 2272 Spiritus
1419 2234 1520 2267 sancti,
1540 2242 1594 2261 non
1608 2236 1695 2262 solius
1710 2236 1804 2262 Verbi.

170 2283 249 2317 ἁγίου
276 2282 433 2317 Πνεύματος
457 2284 474 2317 ὴ
500 2281 666 2313 ὑπόστασις*
692 2281 749 2313 πῶς
769 2280 816 2309 οῦν
839 2284 870 2309 ἐκ
884 2284 958 2310 τοῦδε

1015 2280 1117 2315 thuid
1136 2288 1203 2316 ergo
1220 2289 1254 2307 ex
1267 2281 1319 2308 hoc
1342 2281 1425 2308 nobis
1440 2282 1636 2309 enumeranda:
1650 2282 1676 2309 in
1695 2282 1805 2310 Christo

169 2329 257 2364 ἁπλῆς
273 2337 303 2355 τε
321 2329 366 2354 καὶ
383 2327 510 2355 συνθέτου
532 2327 709 2359 ὑποστάσεως
725 2329 792 2362 ἡμῖν
807 2327 960 2362 ἐξαρίθμη-

171 2383 212 2406 σις
227 2374 422 2409 συναχθήσεται
447 2374 495 2399 ἐπὶ
520 2373 566 2400 τοῦ
588 2373 693 2407 Λόγου;
714 2373 764 2407 μία
788 2373 842 2407 γὰρ
862 2373 958 2408 ήαῦτή

169 2422 244 2448 ἐστιν
269 2421 302 2447 ὲκ
326 2420 457 2446 πλειόνων
473 2419 629 2454 ἰδιωμάτων
647 2420 814 2455 συγκειμένη
830 2420 874 2446 τὸν
894 2420 961 2446 ὑπο-

171 2467 297 2495 στατικὸν
306 2466 392 2500 Λόγον
406 2466 501 2500 αὐτῆς.

458 2512 585 2539 ΚΕΦΛΛ.
601 2512 665 2539 KE’.

213 2560 242 2585 ὐ
257 2559 295 2594 μὴ
310 2558 424 2594 διαιρῶν
445 2558 491 2584 τοῦ
517 2558 637 2592 Χριστοῦ
656 2558 705 2589 τὰς
728 2558 903 2589 ὑποστάσεις,
929 2559 958 2584 οὑ

166 2605 281 2631 δύναται
298 2604 388 2637 λέγειν
405 2603 456 2630 τῶν
474 2603 520 2629 τοῦ
538 2602 657 2637 Χριστοῦ
679 2603 712 2629 τὰ
741 2603 789 2636 μὲν
806 2603 913 2637 θεότητι
926 2603 960 2630 τὰ

169 2649 197 2675 δὲ
218 2648 310 2684 σαρκὶ,
329 2647 398 2675 ἀλλὰ
418 2647 507 2673 πάντα
533 2647 617 2682 σαρκὶ
630 2647 681 2673 ὅσα
705 2649 752 2674 καὶ
776 2648 868 2682 σαρκί.
889 2649 962 2675 Ἀλλ’.

170 2693 227 2719 ἔστι
247 2694 294 2720 καὶ
309 2693 446 2728 διακρίσει
456 2693 511 2719 τῶν
527 2693 635 2727 φύσεων
653 2693 808 2719 ἀποδιδόναι
822 2694 855 2720 τὰ
871 2696 960 2722 οἰκεῖα

169 2740 273 2767 τούτοιν
300 2741 444 2776 ἐκατέρῳ·
469 2742 500 2766 οὐ
537 2741 591 2774 γὰρ
619 2740 782 2772 ὑποστάσεις
815 2741 960 2777 διαφόρους

171 2786 306 2817 συνιέντες
322 2786 412 2821 φαμὲν
426 2785 474 2813 τοῦ
490 2787 521 2813 ἐκ
542 2786 637 2818 δεξιῶν
655 2785 754 2821 λῃστοῦ
774 2788 804 2813 ἐν
824 2787 863 2822 ’τῷ
879 2797 960 2815 σταυ-

207 2856 244 2886 (ιὶ)
260 2856 379 2883 Severus
395 2858 585 2885 Auliochcnus
595 2857 763 2892 patriarcha,
777 2858 803 2885 in
817 2864 895 2886 sexto
907 2868 958 2886 szc—

171 2892 216 2919 cul
230 2901 235 2916 l
251 2900 355 2918 ramum
370 2900 470 2919 novum
496 2893 638 2927 protendit
654 2893 688 2919 ab
705 2894 874 2928 Eutychiana
904 2894 960 2922 lue-

173 2927 226 2954 rcsi
241 2932 247 2950 ε
263 2934 342 2954 unum
374 2935 432 2954 csse
456 2933 581 2955 naturam
615 2929 648 2955 in.
665 2929 787 2962 Christo,
820 2929 960 2963 dicebant,

1014 2330 1042 2353 ct
1054 2325 1181 2360 simplex,
1195 2331 1222 2353 et
1235 2320 1387 2361 composita
1399 2335 1516 2361 persona
1534 2327 1734 2356 adducuntur?
1747 2329 1804 2356 Una

1014 2372 1089 2398 enini
1115 2376 1143 2398 et
1161 2372 1256 2399 eadem
1285 2376 1327 2399 est
1343 2393 1349 2404 .
1376 2381 1408 2399 ex
1424 2373 1549 2407 pluribus
1572 2374 1806 2409 proprietatibus,

1014 2426 1077 2444 cum
1097 2418 1196 2450 Verbo,
1214 2418 1239 2445 in
1257 2427 1373 2454 persona
1390 2420 1450 2455 ejus
1466 2420 1610 2448 exsisteus.

1323 2510 1399 2538 CAP.
1421 2510 1503 2538 XXV.

1049 2556 1100 2590 Qui
1116 2557 1218 2583 Christi
1235 2565 1366 2591 personas
1396 2565 1451 2583 non
1469 2557 1616 2593 distinguit
1633 2579 1641 2591 ,
1664 2567 1719 2586 non
1757 2566 1807 2594 po-

1015 2607 1067 2629 test
1095 2602 1238 2629 tractando
1266 2602 1300 2629 de
1329 2603 1441 2630 Christo
1475 2603 1533 2630 lucc
1569 2604 1731 2638 divinitati,
1755 2605 1806 2632 ista

1014 2649 1123 2684 corpori
1143 2649 1281 2682 tribucre;
1314 2650 1406 2677 omnia
1426 2650 1517 2677 carnis
1541 2655 1633 2678 erunt.
1661 2651 1748 2678 Porro
1761 2651 1804 2678 di-

1014 2695 1122 2723 stinctis
1138 2696 1254 2728 naturis,
1282 2700 1373 2731 potest
1386 2697 1486 2732 cuique
1511 2697 1609 2724 horum
1634 2705 1713 2724 suum
1742 2705 1806 2732 pro-

1014 2742 1105 2776 prium
1121 2743 1241 2769 restitui.
1255 2742 1314 2770 Non
1325 2743 1399 2770 enim
1416 2743 1539 2771 diversas
1554 2752 1685 2779 personas
1703 2744 1805 2772 intelli-

1012 2789 1112 2825 gimus,
1128 2789 1238 2823 quando
1248 2789 1283 2816 de
1298 2789 1405 2818 latrene
1422 2789 1455 2816 ad
1467 2790 1608 2817 dexteram
1620 2790 1750 2818 cruciﬁxo
1765 2791 1809 2818 di-

1015 2869 1156 2922 ;tuumque
1168 2860 1353 2895 cotnposilum
1373 2862 1489 2893 natiuis,
1531 2855 1660 2896 persona
1674 2862 1806 2890 eilorma-

1027 2901 1092 2922 tant.

1027 2901 1092 2922 tant.
