1968 3094
178 181 245 217 1587

808 190 965 221 LEONTII
987 190 1186 221 BYZANTINI

1744 189 1815 221 1583

176 245 266 271 cimus
279 244 398 272 animam
414 247 594 281 paenitentum
618 248 652 275 ad
670 249 750 275 sitam
774 248 965 283 cungravisse,

1038 249 1059 284 ᾦ
1075 248 1123 283 τὴν
1150 248 1200 283 μὲν
1215 247 1303 284 ψυχὴν
1319 248 1362 275 διὰ
1389 249 1533 283 μετανοίας
1553 247 1622 283 πρδς
1637 247 1710 284 ζωὴν
1729 258 1815 284 μετα-

176 296 279 324 cr-rpus
292 297 357 318 vero
373 299 483 326 passum
505 294 538 321 ad
554 299 681 327 mortem,
697 295 828 322 cruribus
839 295 899 330 ejus
912 303 967 322 non

178 336 277 370 ruptis,
295 345 350 364 non
367 337 453 365 fracto
470 339 658 375 eapite,'pelle
678 348 732 367 non
753 340 885 373 detracta,
917 348 968 368 nec

177 381 266 409 divisa
281 383 447 412 substantia.
467 384 536 418 Quia
551 394 617 413 vero
633 386 658 413 id
676 386 778 414 accidit
803 387 850 414 uni
869 388 910 415 vel
927 387 968 414 al-

176 428 229 455 tcri
246 433 363 462 natum,
380 430 427 457 uni
441 435 470 458 et
486 431 564 458 alteri
590 432 725 464 membro,
748 433 813 460 huic
833 438 861 460 et
877 433 967 465 alteri,

176 481 231 500 non
249 474 311 502 ideo
328 475 397 503 duas
415 484 477 504 esse
493 484 626 512 personas
639 478 762 506 cruciﬁxi
778 479 967 515 intelligimus.

477 621 554 649 CAP.
571 622 666 650 XXVI.

214 665 241 694 Si
253 674 377 702 persome
393 667 471 702 juxta
491 673 605 696 naturas
615 676 670 696 non
686 668 904 704 distinguuntur.
921 669 970 696 sed

178 711 269 739 inuna
280 719 397 746 persona
411 713 772 746 uniuntur,cumChristum
786 722 870 742 unum
885 715 973 741 homi-

178 764 241 783 nem
268 761 349 784 vocat
365 756 519 792 Scriptura,
536 758 601 793 quid
624 758 834 794 intelligendum
846 763 898 791 est,
918 767 972 786 una

178 801 352 836 substantia,
377 807 405 830 ct
428 812 482 831 una
506 812 634 839 persona,
659 804 704 831 vel
727 804 872 832 dimidium
890 805 973 832 unius

179 847 341 875 substantia
358 854 386 876 ct
398 858 524 884 persona:
540 851 641 878 unius?
658 851 697 884 Si,
710 851 784 886 quod
799 851 856 886 ipse
868 851 972 883 fateris,

1020 295 1177 330 ϐεϐηκέναι,
1191 294 1222 321 τὸ
1238 295 1266 320 δὲ
1282 294 1361 330 σῶμα
1379 294 1424 321 διὰ
1438 294 1586 330 παθήσεως
1602 295 1671 330 πρὸς
1686 295 1814 326 θάνατον.

1020 340 1078 368 ἀλλ’
1092 341 1152 367 οὐδὲ
1169 340 1338 367 ὃλασθέντων
1355 340 1438 367 αὑτοῦ
1453 340 1507 368 τῶν
1524 340 1639 373 σκελῶν,
1655 341 1693 377 μὴ
1711 351 1813 369 κατεα-

1020 387 1116 422 γείσης
1135 386 1163 413 δὲ
1186 386 1268 413 αὑτοῦ
1284 386 1334 421 τῆς
1348 387 1470 422 κεφαλῆς
1483 388 1499 420 ἢ
1515 386 1709 422 ἀλλοιωθεισης
1729 387 1814 415 αὐτοῦ

1019 432 1069 466 τῆς
1081 431 1187 466 χροιᾶς,
1203 431 1264 465 οὐχὶ
1280 431 1309 457 δὲ
1327 431 1374 457 καὶ
1388 431 1436 457 τοῦ
1450 432 1590 466 σχήματος
1602 439 1609 446 ·
1624 431 1664 466 τῷ
1679 433 1735 467 γὰρ
1747 433 1815 468 ἀνή-

1022 487 1079 505 κειν
1092 477 1174 512 ἑτέρᾳ.
1189 477 1234 504 καὶ
1248 476 1331 512 ἑτέρᾳ
1347 477 1440 511 φύσει,
1458 477 1474 512 ἢ
1496 477 1582 513 ἑτέρῳ
1600 478 1648 504 κα)⁵
1662 478 1749 514 ἑτέρῳ
1767 479 1816 513 μέι-

1024 532 1074 558 ρει,
1097 523 1113 558 ἦ
1135 522 1207 558 ἄλλῳ
1227 523 1273 549 καὶ
1298 523 1370 558 ἄλλῳ
1390 524 1479 558 ποιῷ,
1504 523 1567 550 τάδε
1585 523 1632 551 δύο
1649 524 1815 556 ὑποστάσεις

1023 567 1092 596 εἶναι
1106 568 1152 595 τοῦ
1169 568 1374 604 σταυρουμένου
1396 569 1426 595 οὐ
1443 569 1571 603 νοοῦμεν.

1307 626 1433 653 ΚΕΦΑΛ.
1450 625 1523 659 Kq’.

1060 674 1091 701 Εἰ
1109 675 1158 701 οὐκ
1175 674 1245 701 εἰσὶν
1260 674 1288 700 αἱ
1304 673 1468 705 ὑποστάσεις
1491 672 1562 699 κατὰ
1583 673 1665 707 φύσιν
1684 673 1817 709 διῃρημέ-

1024 731 1078 754 ναι,
1096 721 1164 748 ἀλλὰ
1177 721 1239 748 καθ’
1253 721 1401 748 ὑπόστασιν
1422 719 1572 754 ἡνωμέναι,
1587 719 1652 746 ὅταν
1665 720 1756 747 ἀκούω
1766 722 1817 756 τῆς

1024 767 1138 802 Γραφῆς
1151 766 1285 801 λεγούσης
1297 766 1343 792 τὸν
1358 765 1477 800 Χριστδν
1496 765 1545 792 ἕνα
1568 764 1723 800 ἄνθρωπον,
1738 766 1766 792 τί
1781 775 1816 801 με

1025 814 1077 849 χρὴ
1091 814 1167 843 ,νοεῖν
1184 812 1248 847 μίαν
1261 811 1354 838 οὐσίαν
1372 811 1421 838 καὶ
1438 811 1503 849 μίαν
1523 811 1712 846 ὑπόστασιν,ῆ
1729 812 1816 847 ἥμισυ

1027 859 1093 895 μιᾶς
1109 858 1203 890 οὐσίας
1220 858 1268 885 καὶ
1283 857 1460 887 ὑποστάσεως
1477 857 1560 891 μιᾶς;
1578 857 1609 884 El
1620 857 1649 883 δὲ
1663 857 1756 892 ὥσπερ
1769 858 1818 884 καὶ

178 893 308 922 Christus
327 903 381 922 non
406 900 448 923 est
465 896 554 923 solum
580 897 664 924 homo
680 897 838 924 ordinarius
861 901 890 924 ct
906 897 973 924 sitn-

1037 905 1109 936 ιὺτὸς
1128 904 1217 937 λέγεις
1235 903 1267 929 οὺ
1288 902 1369 938 μόνον
1386 902 1530 938 ἄνθρωπος
1552 903 1642 933 κοινὸς
1663 903 1711 929 καὶ
1728 903 1818 937 ψιλὸς,

178 941 252 974 plcx,
269 941 317 968 sed
333 946 361 969 et
376 942 458 975 Deus,
479 943 531 978 ipsi
556 952 572 970 a
593 948 619 971 te
634 943 705 970 idem
721 951 886 978 quaeremus.
905 942 973 970 Cum

180 986 339 1021 Scriptaras
356 988 501 1016 audiemus
510 988 650 1016 Christum
667 997 752 1016 unum
773 989 913 1016 hominem
927 997 975 1016 vo-

181 1039 286 1066 ιειηιθε,
300 1033 365 1068 quid
381 1034 535 1070 intelligere
550 1035 706 1063 debemus?
720 1043 807 1063 unum
823 1034 974 1069 Christum,

180 1079 234 1110 vel,
254 1080 371 1108 mediam
391 1086 496 1116 partem
513 1081 614 1109 Christi
629 1082 640 1109 ?
657 1082 756 1117 Liquet
780 1086 846 1117 ergo
869 1090 904 1109 ex
920 1089 975 1109 una

151 1162 154 1165 .
180 1125 300 1157 partium
319 1125 471 1158 nominata,
495 1131 582 1154 totum
597 1127 747 1160 nominari,
772 1127 844 1154 sicut
854 1126 974 1154 cumdi-

181 1174 255 1197 ctum
267 1170 318 1198 fuit
332 1179 338 1198 :
354 1180 363 1196 ι
382 1171 422 1199 Ad
435 1176 460 1199 le
469 1173 559 1200 omnis
572 1180 637 1201 caro
650 1173 796 1207 veniet“;t
806 1177 834 1200 et
844 1183 853 1199 ι
863 1172 976 1200 Animas

180 1225 334 1251 pauperum
353 1222 463 1245 tuorum
475 1226 510 1246 ne
522 1219 695 1247 obliviscaris
710 1219 738 1246 in
754 1218 835 1246 tinem
847 1217 893 1244 ¹⁸⁶ι
903 1228 912 1245 ι

475 1316 552 1344 CAP.
572 1315 680 1344 XXVII.

219 1361 247 1389 Si
271 1370 326 1389 non
345 1366 410 1390 sunt
433 1361 570 1390 distincte
586 1362 634 1389 Dei
659 1366 689 1389 et
706 1361 829 1389 hominis
840 1368 976 1396 persona,

180 1409 257 1442 juxta
280 1412 418 1440 naturain,
444 1411 518 1442 patet
531 1407 605 1442 quod
621 1407 695 1435 Deus
708 1415 764 1435 non
781 1407 818 1434 sit
830 1407 904 1434 Deus
918 1406 977 1434 sine

182 1453 306 1486 homine,
320 1461 410 1488 neque
426 1453 509 1481 homo
523 1453 560 1480 sit
585 1453 668 1481 homo
691 1453 752 1481 sine
765 1453 832 1481 Deo.
857 1453 918 1480 Non
936 1456 979 1480 est

185 1507 281 1527 revera
309 1499 337 1526 in
363 1499 474 1527 Christo
500 1508 507 1526 ι
533 1499 628 1534 sicque
650 1499 769 1527 eiﬁeitur
793 1499 977 1532 Emmanuel,

185 1545 249 1579 quia
265 1544 397 1579 deinceps
413 1545 486 1573 Deus
498 1553 607 1580 semper
619 1549 662 1572 est
680 1545 834 1573 nobiscum.

479 1639 556 1667 CAP.
574 1639 699 1667 XXVIII.

223 1686 273 1714 Ubi
298 1693 424 1721 persona:
439 1705 446 1716 .
474 1691 573 1713 natura
597 1685 745 1717 distincte,
765 1684 792 1711 in
810 1684 913 1712 unione
937 1683 982 1711 di-

187 1733 295 1761 stincta:
309 1740 363 1760 non
387 1736 576 1768 perseverant,
593 1738 688 1758 carum
709 1730 775 1757 unio
790 1737 846 1757 non
864 1733 907 1757 est
928 1728 981 1756 nisi

187 1784 293 1807 natura:
310 1779 446 1807 alteratio.
462 1779 536 1813 Ergo
554 1779 686 1805 alteratur
702 1781 731 1804 et
756 1776 939 1812 ignisnatura
954 1775 982 1802 in

188 1827 263 1854 ferro
280 1826 420 1858 candenti,
436 1826 573 1860 siquidem
592 1825 664 1860 ignis
676 1831 794 1860 persona
815 1831 830 1851 a
846 1823 911 1850 ferri
927 1830 983 1849 non

188 1873 373 1905 discernitur;
392 1872 430 1899 ita
441 1872 523 1899 etiam
543 1876 571 1899 ct
588 1871 687 1898 animae
710 1869 864 1897 substantia
877 1868 905 1895 in
921 1875 983 1896 cor-

190 1926 267 1954 μοι-ο.

492 1963 569 1990 CAP.
590 1961 686 1988 XXIX.

226 2010 280 2038 Ubi
308 2010 432 2046 quaedam
458 2008 579 2035 libenter
608 2006 763 2035 uniuntur.
794 2004 860 2031 huic
887 2003 984 2030 unioni

191 2064 335 2091 nunquam
366 2056 445 2082 obest
481 2060 662 2089 personarum
701 2051 854 2079 distinctio.
890 2049 985 2083 Neque

192 2112 259 2138 ergo
273 2103 299 2129 in
319 2109 372 2129 una
391 2108 508 2136 persona
527 2100 673 2131 uniuntur,
699 2098 745 2125 illa
762 2097 880 2125 libenter
891 2097 988 2132 juncta

193 2149 286 2176 oberit
323 2154 504 2183 personarum
539 2145 694 2173 distinctio.
725 2142 872 2171 Distinctio
903 2142 987 2176 igitur

194 2195 292 2222 unioni
305 2202 360 2221 non
374 2193 549 2224 adversatur,
565 2191 613 2218 ubi
625 2190 681 2218 duo
693 2190 720 2217 in
734 2196 800 2220 uno,
818 2189 847 2216 in
858 2194 912 2214 una
928 2193 990 2220 per-

194 2249 262 2268 sona
282 2240 446 2275 junguntur.
460 2237 605 2266 Contraria
618 2237 699 2264 simul
713 2234 866 2262 subsistere
880 2237 923 2260 est
939 2232 989 2258 im-

1027 950 1094 977 ἀλλὰ
1110 950 1157 976 καὶ
1173 949 1241 981 Θεὸς
1256 950 1271 976 ὸ
1282 949 1410 984 Χριστὸς,
1427 948 1457 975 τὸ
1473 948 1540 975 αὑτό
1554 956 1595 975 σοι
1609 949 1654 974 καὶ
1669 949 1750 984 ἡμεῖς
1765 957 1820 983 φα-

1027 1005 1086 1032 μεν·
1103 996 1167 1023 ὅταν
1180 995 1344 1030 ἀκούσωμεν
1362 995 1412 1029 τῆς
1429 994 1541 1030 Γραφῆς
1559 995 1692 1030 λεγούσης
1705 994 1753 1021 ἕνα
1773 995 1822 1021 av.

1026 1042 1135 1078 θρωπον
1154 1041 1199 1068 τὸν
1215 1041 1344 1076 Χριστὸν,
1360 1041 1386 1067 τί
1403 1042 1478 1076 ἡμᾶς
1501 1041 1562 1067 δέον
1584 1042 1672 1073 νοείν;
1687 1041 1735 1067 ἕνα
1752 1041 1823 1076 Χρι-

1026 1089 1088 1114 στὸν
1112 1087 1129 1122 ἦ
1149 1087 1234 1122 ἣμισυ
1249 1087 1385 1122 Χριστοῦ;
1401 1086 1486 1122 Δῆλον
1504 1085 1550 1113 οὖν
1572 1087 1610 1118 ὠς
1628 1086 1657 1119 ἐξ
1672 1087 1823 1122 ὀνομασίας

1025 1134 1072 1161 τοῦ
1093 1134 1153 1166 ἑνὸς
1173 1133 1228 1160 τῶν
1247 1133 1348 1169 μερῶν,
1364 1133 1394 1159 τὸ
1408 1133 1468 1159 ὅλον
1485 1133 1659 1168 ὀνομάζεται,
1673 1133 1768 1168 ῶσπερ
1782 1135 1823 1160 εἰ·

1028 1188 1108 1216 ρηται
1130 1179 1178 1207 καὶ
1190 1179 1229 1212 τὸ,
1245 1189 1254 1204 ε
1264 1179 1335 1214 Πρὸς
1349 1179 1378 1205 σὲ
1387 1179 1462 1205 πᾶσα
1472 1178 1539 1214 σὰρξ
1554 1179 1615 1214 ἥξει
1624 1186 1631 1193 ·
1643 1188 1652 1204 ι
1662 1179 1720 1211 καὶ,
1734 1188 1743 1204 ι
1760 1179 1823 1206 Τῶν

1025 1225 1119 1261 ψυχῶν
1131 1225 1187 1252 τῶν
1201 1226 1325 1260 πενήτων
1340 1233 1387 1251 σου
1405 1225 1443 1260 μὴ
1460 1224 1579 1260 ὲπιλάθῃ
1595 1224 1637 1256 εἰς
1653 1224 1757 1256 τέλος.»
1776 1225 1824 1251 καὶ

1026 1273 1060 1298 τὰ
1079 1271 1181 1299 τοιάδε.

1320 1317 1448 1344 ΚΕΦΑΛ.
1464 1317 1527 1344 KZ’.

1064 1363 1095 1390 Εἰ
1111 1362 1161 1389 οὐκ
1175 1362 1229 1389 εἰσὶ
1251 1362 1414 1398 διῃρημέναι
1434 1362 1503 1389 Θεοῦ
1523 1362 1570 1389 καὶ
1585 1361 1731 1398 ἀνθρώπου
1751 1363 1824 1389 κατᾶ

1029 1409 1110 1444 φύσιν
1123 1411 1151 1436 αἱ
1167 1409 1341 1442 ὑποστάσεις,
1357 1409 1436 1443 δῆλον
1450 1410 1492 1436 ὅτι
1502 1409 1564 1436 οὔτε
1577 1410 1663 1445 χωρὶς
1678 1408 1826 1444 ἀνθρώπου

1029 1456 1096 1488 Θεὸς
1107 1457 1123 1482 ὁ
1135 1456 1212 1488 Θεὸς,
1224 1456 1287 1482 οὕτε
1301 1456 1386 1492 χωρὶς
1402 1455 1470 1483 Θεοῦ
1483 1456 1627 1491 ἄνθρωπος
1643 1457 1657 1483 ὁ
1671 1456 1832 1491 ἂνθρωπος.·

1032 1504 1134 1533 Ὄντως
1148 1502 1203 1538 γὰρ
1226 1503 1254 1529 ἐν
1272 1502 1385 1537 Χριστῷ
1400 1501 1471 1536 ούχί’
1484 1501 1556 1528 οὕτω
1569 1502 1624 1537 γὰρ
1638 1502 1685 1528 καὶ
1699 1501 1826 1527 συνίστα-

1029 1557 1076 1574 ται
1093 1548 1124 1574 τὸ
1142 1547 1330 1582 Ἐμμανουὴ),,
1347 1547 1407 1582 μεθ’
1425 1547 1505 1582 ἡμῶν
1524 1547 1567 1574 ἀεὶ
1582 1547 1659 1578 ὄντος
1671 1546 1765 1573 λοιπὸν
1779 1545 1826 1572 τοῦ

995 1606 1016 1633 C
1032 1593 1112 1620 Θεοῦ.

1316 1639 1443 1666 ΚΕΦᾹΛ.
1468 1637 1538 1666 KH'.

1068 1682 1118 1712 Ὧν
1132 1686 1161 1712 ἐν
1176 1687 1209 1720 τῇ
1230 1684 1327 1712 ὲνὼσει
1343 1686 1374 1712 οὺ
1394 1685 1521 1719 μένουσιν
1544 1685 1572 1711 αἱ
1588 1684 1754 1715 ὑποστάσεις
1777 1692 1826 1717 φυ-

1035 1732 1117 1763 σικῶς
1129 1731 1304 1768 διῃρηαέναι,
1318 1731 1419 1758 τούτων
1431 1732 1447 1767 ἡ
1459 1731 1565 1762 ἓνωσις,
1579 1730 1688 1765 φύσεώς
1695 1732 1769 1756 ἐστιν
1780 1729 1829 1756 ἁλ-

1034 1777 1153 1808 λοίωσις.
1174 1778 1247 1813 "Aps
1261 1777 1308 1804 οὖν
1327 1776 1461 1812 ἠλλοιώθη
1484 1778 1500 1812 ἡ
1530 1777 1611 1812 φύσις
1632 1776 1680 1803 τοῦ
1697 1776 1784 1811 πυρὸς
1799 1775 1829 1801 ὲν

1034 1825 1073 1859 τῷ
1093 1824 1198 1860 μύδρῳ,
1213 1824 1275 1850 ἐπεὶ
1289 1823 1326 1859 μὴ
1346 1823 1515 1858 διακέκριται
1533 1824 1550 1856 ἡ
1568 1823 1717 1854 ὑπόστασις
1732 1821 1828 1853 αὐτοῦ,

1035 1871 1084 1906 τῆς
1104 1870 1150 1897 τοῦ
1176 1870 1298 1906 σιδήρου,
1321 1870 1367 1896 καὶ
1384 1869 1472 1904 ψυχῆς
1486 1870 1503 1904 ἠ
1518 1869 1598 1907 οὐσία
1612 1870 1640 1895 ὲν
1655 1868 1694 1903 τῷ
1711 1868 1827 1902 σώματι.

1321 1959 1447 1985 ΚΕΦΛΛ.
1477 1957 1541 1985 ΚΘ,

1080 2006 1143 2032 Ἐπὶ
1153 2005 1208 2032 τῶν
1225 2005 1358 2035 ἑκουσίως
1373 2003 1534 2039 ὴνωμένων,
1552 2002 1679 2038 οὐδαμῶς
1694 2001 1832 2028 ἐναντιοῦ-

1038 2061 1083 2079 ται
1101 2052 1140 2086 τῷ
1157 2051 1252 2087 τρόπῳ
1269 2051 1319 2086 τῆς
1338 2050 1462 2081 ἑνώσεως
1487 2050 1504 2084 ὴ
1531 2048 1665 2084 διαίρεσις
1687 2048 1744 2074 τῶν
1768 2048 1834 2073 ὑπο-

1040 2098 1172 2125 στὰσεων.
1192 2097 1264 2132 "Aput
1288 2096 1334 2123 οὖν
1348 2096 1407 2122 οὐδὲ
1422 2096 1447 2121 εἰ
1468 2094 1528 2121 καθ’
1544 2094 1694 2120 ὑπόστασιν
1711 2093 1775 2127 μίαν
1790 2092 1834 2127 εἴη

1040 2145 1055 2171 ὁ
1079 2144 1182 2180 τρόπος
1206 2144 1256 2177 τῆς
1280 2142 1405 2174 ὲνώσεως
1429 2141 1484 2168 τῶν
1510 2140 1643 2172 ἑκουσίως
1667 2139 1834 2169 ἑνωθέντων,

1044 2190 1213 2217 ἐναντιοῦται
1229 2190 1246 2224 ή
1268 2189 1401 2224 διαίρεσις
1418 2187 1473 2214 τῶν
1493 2187 1682 2214 ὑποστάσεων·
1701 2185 1800 2212 οὐκοῦν
1819 2185 1836 2219 ἡ

1042 2236 1187 2272 διαίρεσις,
1206 2235 1255 2262 οὐκ
1282 2235 1390 2261 ἐναντία
1413 2236 1446 2269 τῇ
1466 2233 1574 2263 ὲνὼσει.
1599 2232 1702 2266 ἀμφοῖν
1717 2231 1837 2266 θεωρου-

198 2286 339 2322 possibile.
355 2286 383 2312 Si
401 2291 467 2311 vero
483 2284 591 2311 diceres
606 2282 680 2317 quod
692 2281 764 2308 inter
781 2281 875 2316 juncta
892 2284 980 2313 perso-

1044 2283 1133 2318 μένων
1147 2284 1176 2308 ὲν
1194 2281 1287 2316 ταυτῷ
1311 2281 1384 2308 κατὰ
1405 2281 1455 2316 τὴν
1483 2279 1642 2306 ὑπόστασιν
1663 2277 1796 2304 τάναντία
1810 2276 1838 2302 δὲ

198 2331 306 2361 ualiter,
320 2330 396 2357 nulla
411 2329 531 2356 libenter
547 2327 691 2359 uniuntur,
713 2330 781 2353 tunc
802 2325 901 2352 falsum
917 2326 990 2350 esset

199 2379 251 2405 hoc
269 2377 374 2404 dictum
395 2385 400 2402 :
427 2385 436 2402 ι
454 2375 540 2403 Nemo
557 2381 678 2409 unquam
703 2379 816 2400 carnem
829 2377 908 2398 suam
925 2369 989 2396 odio

199 2423 296 2451 habuit
308 2422 338 2449 “.
356 2433 364 2448 ι
384 2422 416 2448 Ει
431 2430 438 2448 :
455 2420 590 2449 Nolumus
615 2417 763 2454 exspoliari
780 2423 896 2451 corpore
909 2435 916 2448 ,
935 2422 990 2449 quo

198 2468 304 2504 gravati
319 2466 566 2503 ingemiscimus”.
579 2475 588 2491 ›
607 2465 672 2498 Quae
688 2464 710 2491 si
725 2471 789 2490 vcra
808 2465 882 2493 sunt,
896 2460 989 2487 veriti-

198 2518 259 2541 cata
270 2517 312 2540 cst
325 2517 420 2540 nostra
431 2511 566 2539 sententia
579 2520 585 2537 :
598 2510 711 2538 libentia
723 2506 906 2544 personaliter
917 2505 991 2532 uniri

201 2570 216 2595 ιι
221 2567 292 2587 USSC.

515 2660 592 2688 CAP.
608 2658 691 2686 XXX.

237 2708 289 2742 Qui
303 2714 438 2743 personas
454 2705 557 2733 Christi
571 2705 650 2740 juxta
662 2707 776 2730 naturas
788 2707 843 2727 non
860 2697 995 2732 multipli-

202 2760 258 2786 cat,
274 2762 357 2781 unam
374 2752 435 2780 Filii
459 2759 474 2779 e
501 2751 638 2778 Trinitale
655 2748 785 2776 deturbat
808 2755 814 2773 :
830 2745 994 2772 Trinitatem

203 2800 306 2834 quippe
319 2799 484 2826 conﬁtemur
505 2798 588 2824 trium
613 2795 780 2830 simplicium
805 2798 996 2828 personarum.

206 2853 261 2872 non
278 2845 346 2872 duas
367 2845 528 2872 medictates
542 2850 734 2878 personarum.
758 2839 811 2868 Sed
829 2837 997 2867 contrarium

257 2930 279 2945 ”
295 2931 367 2958 l'sal.
388 2939 460 2966 unv,
478 2933 503 2960 5.
546 2935 576 2949 ιδ’
593 2934 661 2961 l‘sal.
680 2940 775 2966 tum,
800 2933 842 2961 19.

884 2933 904 2948 "
923 2932 1021 2967 Fpltcs.
1037 2941 1061 2966 \',
1078 2931 1121 2959 29.

1045 2329 1239 2363 συνυπάρχειν,
1251 2327 1382 2354 ἀδύνατον
1395 2335 1402 2342 ⁸
1420 2327 1445 2353 εἰ
1460 2326 1487 2353 δὲ
1500 2326 1602 2359 λέγοις,
1616 2325 1656 2351 ὅτι
1670 2323 1744 2350 Ἀλλ’
1761 2323 1837 2349 οὐδὲν

1044 2374 1179 2401 τῶνκαθ’
1205 2373 1356 2400 ὑπόστασιν
1391 2373 1538 2407 ἡνωμένων
1559 2371 1693 2400 ἑκουσίως
1723 2369 1836 2404 ἥνωται,

1044 2421 1097 2456 ἄρα
1112 2428 1144 2454 γε
1158 2419 1255 2453 ψευδὲς
1270 2419 1312 2450 τὸ,
1335 2428 1343 2444 ι
1361 2418 1456 2450 Οὐδείς
1474 2425 1541 2444 ποτε
1555 2416 1605 2452 τὴν
1624 2414 1722 2442 ἑαυτοῦ
1748 2415 1838 2448 σάρκα

1044 2467 1170 2502 ἐμίσησε·
1185 2476 1193 2491 ι
1203 2466 1261 2498 καὶ,
1277 2466 1316 2492 ὃτι
1332 2475 1340 2491 ι
1354 2466 1391 2492 Ut)
1404 2465 1519 2500 θέλομεν
1531 2462 1696 2490 ἐκδύσασθαι
1706 2461 1736 2487 τὸ
1749 2460 1838 2494 σῶμα,

1045 2512 1087 2546 ἐφ’
1100 2508 1121 2545 ᾧ
1136 2511 1327 2545 στενάζομεν»
1340 2510 1401 2536 εἰδὲ
1413 2509 1502 2545 ἀληθῆ
1512 2508 1649 2543 τάδε,ἄρα
1657 2515 1689 2541 γε
1703 2505 1839 2537 ἐκούσιανν

1045 2558 1135 2584 καίτοι
1155 2557 1215 2583 καθ’
1237 2556 1387 2582 ὑπόστασιν
1411 2554 1489 2588 οὖσα,
1506 2556 1523 2591 ἠ
1544 2554 1644 2589 γνῶσις
1666 2552 1745 2588 ἡμῶν
1774 2552 1841 2578 ἁπο-

1046 2604 1191 2630 δέδεικται.

1348 2648 1473 2675 ΚΕΦΔΛ.
1496 2648 1537 2674 Λ¹.

1092 2695 1121 2721 Ὀ
1135 2694 1172 2730 μὴ
1185 2693 1298 2729 διαιρῶν
1313 2694 1360 2720 τοῦ
1378 2693 1498 2729 Χριστοῦ
1515 2692 1586 2719 κατὰ
1608 2691 1690 2726 φύσιν
1709 2690 1760 2721 τὰς
1777 2689 1842 2715 itm-

1052 2742 1172 2772 στάσεις,
1190 2741 1222 2766 ὲκ
1241 2740 1292 2775 τῆς
1308 2740 1422 2775 Τριάδο;
1444 2739 1544 2774 διαιρεῖ
1567 2737 1614 2764 τοῦ
1639 2736 1706 2764 Υῐοῦ
1727 2735 1777 2771 τὴν
1797 2743 1843 2769 μο-

1052 2788 1129 2814 νάδα·
1148 2787 1252 2822 Τριάδσ.
1273 2787 1327 2822 γὰρ
1345 2786 1542 2821 ὁμολογοῦμεν,
1556 2784 1640 2820 τριῶν
1658 2782 1754 2810 ἁπλῶν
1778 2781 1845 2807 um-

1054 2835 1195 2864 στάσεων,
1222 2833 1252 2859 οὺ
1285 2833 1331 2859 δύο
1362 2833 1446 2868 ἥμισυ
1477 2830 1666 2859 ὑποστάτεων.
1694 2826 1792 2855 Καῖτοι
1818 2827 1844 2851 τ).

1164 2930 1302 2958 ¹”11(.]υι”.
1328 2938 1352 2960 ν,
1376 2929 1397 2955 l.
