1968 3094
192 177 258 212 1591

831 180 986 210 LEONTII
1007 181 1210 211 ΒΥΖΑΝΤΙΝΙ

1760 178 1830 210 1532

189 243 253 264 eum
273 235 447 270 oppositione
473 242 603 272 usurpata
627 242 669 264 est
691 237 725 264 ab
749 245 802 264 una
826 238 982 265 divinarum

1036 240 1100 269 ἐστι,
1118 238 1185 265 ἀλλὰ
1210 237 1282 272 τρία·
1310 236 1361 263 οὐκ
1381 236 1413 262 ἂν
1431 235 1485 271 γὰρ
1504 235 1601 267 ἑνικῶς
1628 232 1697 262 εἶναι
1721 236 1828 271 ἐρρήθη

190 287 382 315 personarum,
407 283 485 316 quasi
498 283 559 310 aliae
575 283 636 310 dua:
651 283 899 311 eonsubstantiales
913 284 983 311 divi-

190 334 253 352 nam
279 325 377 353 faciem
391 327 527 355 visibilem
546 336 602 362 prae
627 336 655 355 se
676 328 783 361 ferant‘,
803 333 831 356 et
851 337 905 356 una
922 338 983 364 quae

188 371 314 406 loquitur
327 372 495 400 iuvisibilem
511 374 626 407 habeat;
649 375 695 402 sed
713 375 825 402 nomine
842 375 921 403 faciei
939 376 982 403 in-

190 417 336 445 dicebatur
350 423 456 446 naturae
464 419 524 453 ejus
534 419 614 451 visio,
630 424 658 447 et
669 420 804 447 naturalis
820 420 869 448 Dei
881 421 981 452 forma,

190 461 263 496 quod
288 461 360 489 idem
381 470 437 490 non
459 468 503 490 est
520 471 552 490 ac
571 471 699 498 persona.
724 464 770 491 Sic
793 465 893 492 iterum
909 465 983 500 quod

190 515 318 542 persona,
341 508 393 536 hoc
408 516 462 536 non
478 513 519 536 est
544 509 630 537 facies
651 509 754 538 Christi
772 519 833 545 qua:
849 517 982 546 consputa

192 552 258 585 fuit;
283 553 334 580 ista
360 554 434 581 enim
457 562 521 589 pars
538 554 589 582 fuit
610 563 664 582 non
689 555 770 582 modo
787 555 906 588 Christi,
934 557 982 584 sed

190 598 274 625 etiam
295 598 414 626 hominis
428 599 453 626 in
469 599 539 634 ipso,
564 605 592 627 et
607 609 704 628 rursus
725 609 810 628 unum
827 594 982 629 membrum

189 643 314 678 corporis
331 645 402 679 ejus,
431 649 528 680 caput;
556 654 608 673 nec
622 649 709 674 totum
735 650 831 682 caput,
851 647 899 675 sed
919 655 983 682 pars

188 689 250 723 ejus
264 690 400 722 anterior,
415 696 483 718 etea
498 691 617 726 denique
631 697 744 727 quaeest
754 693 862 720 circum
876 693 981 720 oculos.

189 734 217 761 Si
232 742 298 770 ergo
316 735 369 763 hoc
388 744 443 763 uno
458 737 543 764 verbo
555 737 726 772 signiﬁcatur
739 738 841 766 Christi
853 747 982 774 persona,

187 787 243 807 non
264 786 355 809 autem
371 790 402 809 ea
418 790 480 817 qua:
494 787 592 817 pectus
605 783 788 815 circumdant,
803 792 854 812 nec
874 793 981 817 manus,

182 832 239 853 ‘nec
264 826 360 861 pedes.
381 835 471 863 neque
495 832 591 856 cetera
618 829 741 856 membra
764 831 889 865 corporis
911 831 981 866 ejus,

188 873 247 899 sive
264 874 325 908 puri
345 874 477 906 hominis,
503 874 561 901 sive
583 875 631 902 Dei
647 875 683 902 sit
698 883 816 909 persona
836 880 864 903 et
887 876 980 908 facies,

188 917 339 946 dicendum
368 920 421 946 erit
446 921 604 948 necessario
628 928 689 948 esse
710 925 840 949 extranea
859 930 983 956 personm

186 964 294 998 reliqua
310 965 370 1000 ejus
395 966 518 1007 mendira
534 973 595 1000 quae
607 966 705 998 oculis,
727 971 775 993 aut
792 974 839 994 ore
860 975 914 994 non
930 967 983 994 cir-

186 1009 423 1038 cumscribunlur.
440 1010 519 1043 Quod
538 1010 642 1038 dictum
660 1011 804 1038 manifeste
820 1016 863 1039 est
878 1012 982 1047 puerile

187 1055 230 1082 vel
248 1055 441 1090 sophisticam.

1036 285 1087 312 ὑπὸ
1097 286 1148 319 τῆς
1161 284 1303 319 Θεότητος,
1315 282 1377 309 οὔτε
1393 282 1463 309 κατὰ
1475 282 1689 316 ἀντιδιαστολὴν,
1706 282 1758 308 ὑπὸ
1769 283 1830 314 ἐνὸς

1035 331 1089 357 τῶν
1108 331 1187 357 θείων
1213 329 1367 364 προσώπων
1395 329 1454 355 ἐστὶ
1476 328 1626 363 λεγόμενον
1644 328 1675 354 τὸ
1699 328 1826 363 ἀόρατον,

1035 377 1073 408 ὡς
1089 376 1143 403 τῶν
1158 375 1309 410 ὀμοουσίων
1322 374 1423 409 ἑτέρων
1446 373 1502 405 δύο,
1526 373 1634 408 ὁρατῶν
1648 373 1732 400 ὀντων
1748 374 1827 400 θείων

1035 423 1210 458 προσώπων,
1232 422 1278 449 τοῦ
1299 421 1517 457 χρηματίζοντος
1541 421 1570 447 δὲ
1601 420 1683 456 μόνον
1709 421 1828 455 ἀοράτου

1034 469 1223 504 τυγχάνοντος·
1240 468 1298 495 ἀλλ’
1315 469 1332 502 ἡ
1347 468 1399 502 τῆς
1415 467 1523 502 φύσεως
1546 466 1629 492 αὑτοῦ
1647 466 1830 497 κατόπτευσις

1035 516 1161 551 ἐδηλοῦτο
1179 515 1223 542 διὰ
1237 514 1284 542 τοῦ
1309 513 1458 550 προσώπου
1470 533 1477 544 ,
1502 513 1549 539 καὶ
1566 512 1597 538 τὸ
1623 512 1739 546 φυσικὴν
1758 510 1829 542 εἶδος

1034 561 1082 588 τοῦ
1096 561 1175 593 Θεοῦ,
1192 561 1260 595 ὅπερ
1284 560 1314 588 οὑ
1328 559 1427 587 ταυτὸν
1448 560 1550 585 νοεῖται
1563 559 1598 593 τῇ
1615 557 1761 584 ὑποστάσει
1787 557 1826 582 όνε

1035 607 1075 633 ἔτι
1097 607 1126 634 δὲ
1150 608 1181 634 οὐ
1203 607 1300 634 ταυτόν
1317 609 1374 633 ἐστι
1396 607 1428 641 τῇ
1447 605 1595 631 ὑποστάσει
1618 603 1701 630 αὐτοῦ
1723 603 1783 629 οὐδὲ
1798 602 1829 628 τὸ

1035 653 1191 687 ἐμπτυσθὲν
1206 652 1325 688 Χριστοῦ
1339 651 1498 687 πρόσοικον·
1514 650 1597 685 μέρος
1614 649 1668 683 γάρ
1685 650 1742 674 ἐστι
1757 649 1830 674 ὲκιῖ-

1035 706 1074 729 νο,
1094 698 1125 724 οὐ
1150 697 1230 733 μόνον
1254 697 1384 732 Χριστοῦ,
1399 696 1468 723 ἀλλὰ
1484 695 1530 721 καὶ
1545 694 1591 721 τοῦ
1609 694 1667 720 κατ’
1686 693 1765 720 αὖτῦν
1781 694 1830 718 ἁν-

1036 743 1157 778 θρώπου·
1174 743 1222 770 καὶ
1237 743 1331 770 τούτου
1345 743 1399 768 τῶν
1413 741 1579 777 σωματικῶν
1592 740 1683 775 μερῶν
1695 739 1733 770 ἓν,
1744 740 1830 773 ἤγουν

1033 791 1050 825 ὴ
1069 790 1174 824 κεφαλή
1188 797 1195 805 ⁸
1208 789 1255 816 καὶ
1280 789 1349 823 αὑτὴ
1362 788 1390 814 δὲ
1413 788 1461 822 οὐχ
1481 787 1529 822 ὅλη
1540 807 1547 819 ,
1564 786 1632 812 alii
1648 786 1679 812 τὸ
1695 786 1723 811 ἓν
1742 785 1828 819 αὐτῆς

1034 835 1152 870 πλευρὴν
1171 834 1264 866 ἁπλῶς
1286 834 1316 860 τδ
1333 833 1511 868 ὲμπρόσοιον,
1525 833 1572 859 καί
1585 831 1653 866 πρὸς
1667 832 1728 861 τοὺς
1748 827 1829 860 ὦπας

1037 881 1119 916 μέρος
1131 881 1226 916 αὐτῆςο
1246 881 1270 907 εἰ
1286 879 1332 907 οῦν
1349 880 1417 914 τᾷδε
1432 880 1445 906 ὁ
1459 879 1509 913 τῆς
1520 877 1697 907 ὑποστάσεως
1707 875 1752 902 τοῦ
1765 876 1830 910 Χρι-

1035 927 1097 953 στοῦ
1123 926 1200 960 λόγος
1216 926 1343 961 δηλοῦται
1364 926 1448 960 μόνῳ,
1465 924 1526 951 ἐπεὶ
1551 924 1588 959 μὴ
1609 922 1829 958 ὲμπεριώρισται

1036 972 1110 1008 αὐτῷ
1127 973 1249 1008 στέρνον,
1271 973 1317 998 καὶ
1334 972 1363 998 αἱ
1388 972 1489 1006 χεῖρες,
1513 971 1560 996 καὶ
1577 971 1602 996 οι
1625 969 1714 1001 πόδες,
1733 969 1780 995 καὶ
1797 967 1832 994 τὰ

1035 1014 1115 1042 λοιπὰ
1132 1015 1179 1041 τοῦ
1200 1016 1336 1050 σώματος,
1360 1014 1415 1041 εἴτε
1430 1014 1510 1044 ψιλοῦ
1532 1013 1676 1048 ἀνθρώπου
1687 1033 1694 1044 ,
1713 1013 1768 1039 εἴτε
1783 1009 1832 1038 οὖν

1034 1058 1102 1085 Θεοῦ
1128 1060 1231 1095 ὲστινὴ
1248 1059 1398 1090 ὑπόστασις
1417 1058 1537 1094 Χριστοῦ
1566 1058 1611 1084 καὶ
1631 1057 1661 1083 τδ
1681 1057 1832 1091 πρόσωπον

187 1103 294 1138 ἀνάγκη
312 1103 390 1134 ἐκτὸς
405 1101 474 1129 εἶναι
491 1104 571 1138 τῆσδε
585 1104 634 1138 τῆς
646 1104 822 1136 ὑποστάσεως
845 1105 933 1131 πάντα
948 1105 982 1132 τὰ
995 1105 1062 1133 ἄλλα
1087 1107 1154 1142 μέλη
1173 1107 1268 1141 αὐτῆς,
1290 1107 1339 1133 ὅσα
1358 1106 1395 1141 μὴ
1422 1107 1437 1141 ἡ
1457 1106 1529 1144 διξαις,
1547 1105 1630 1140 ἤγουν
1644 1105 1658 1130 ὁ
1675 1103 1830 1139 χαρακτὴρ,

187 1150 353 1185 περιγράφει
371 1149 512 1185 ταύτης-ἢ
535 1150 582 1177 οὖν
598 1152 751 1184 παιδιῶδες,
767 1153 784 1187 ἢ
801 1152 956 1186 σοφιστικὸν
984 1153 1015 1180 τὸ
1043 1155 1187 1191 εἰρημένον
1202 1155 1266 1190 ὑμῖν
1279 1154 1383 1189 σαφῶς.

469 1198 546 1226 CAP.
570 1198 690 1227 XXXIV.

222 1243 305 1271 Verbi
324 1243 372 1271 Dei
390 1251 508 1278 persona
526 1252 580 1271 una
592 1249 634 1272 est
645 1253 700 1272 non
713 1252 746 1272 ex
765 1245 879 1278 unione,
889 1246 936 1273 sed
948 1254 982 1273 ex

187 1295 296 1322 natura;
306 1289 408 1317 Christi
420 1298 538 1325 persona
551 1298 604 1317 una
621 1294 663 1317 est
677 1298 711 1318 ex
726 1291 844 1324 unione;
861 1292 937 1326 alqui
947 1292 980 1325 si,

187 1341 218 1363 ut
235 1336 349 1370 Christi,
362 1336 398 1364 ita
408 1341 436 1365 et
450 1337 663 1372 Verbi'persona
673 1345 726 1364 una
741 1342 814 1365 esset
824 1345 856 1364 ex
868 1338 980 1369 unione,

188 1386 295 1409 eertum
311 1388 385 1410 esset
407 1383 526 1410 Verbum
548 1383 596 1410 Dei
622 1387 769 1418 antequam
788 1391 871 1410 unam
888 1391 982 1418 perso-

188 1436 252 1455 nam
271 1428 412 1461 habuerit,
429 1437 489 1456 eam
509 1437 564 1456 non
581 1429 725 1462 habuisse,
742 1430 816 1457 haud
833 1438 924 1462 secus,
949 1438 982 1457 ac

187 1474 326 1502 Christus.
341 1475 394 1502 Sed
413 1475 458 1502 illa
473 1483 526 1502 una
544 1475 680 1503 naturalis
700 1484 816 1511 persona
834 1476 915 1503 unius
933 1484 983 1503 ηας

189 1526 258 1548 tune
272 1521 357 1548 Verbi
385 1521 444 1554 Dei,
460 1521 542 1548 etiam
559 1526 622 1556 post
645 1522 877 1555 incarnationem,
904 1523 982 1550 unita

1327 1203 1452 1229 ΚΕΦΑΛ.
1469 1202 1529 1229 ΛΔ’.

1071 1250 1107 1276 Τὸ
1116 1250 1259 1286 πρόσωπον
1274 1248 1320 1275 τοῦ
1331 1248 1399 1275 Θεοῦ
1411 1247 1499 1282 Λόγου
1509 1248 1559 1274 οὐκ
1569 1247 1642 1274 ἐστιν
1657 1247 1690 1274 ἐκ
1699 1247 1749 1281 τῆς
1763 1245 1832 1272 ἐνώ-

1036 1303 1105 1326 σεως
1121 1294 1159 1326 ἓν,
1174 1295 1243 1321 ἀλλὰ
1258 1295 1290 1321 ἐκ
1307 1294 1430 1328 φύσεως·
1442 1295 1473 1320 τὸ
1488 1293 1634 1329 πρόσωπον
1648 1292 1694 1319 τοῦ
1710 1292 1831 1327 Χριστοῦ

1038 1341 1071 1367 ὲκ
1085 1341 1136 1375 τῆς
1148 1339 1270 1371 ἐνώσεώς
1283 1341 1357 1366 ἐστιν
1368 1339 1397 1366 ἓν
1409 1347 1415 1355 ·
1436 1339 1459 1365 εἰ
1472 1339 1527 1374 γὰρ
1544 1339 1576 1365 ἐκ
1594 1339 1644 1373 τῆς
1661 1338 1785 1369 ἑνώσεως
1793 1335 1832 1373 ἦν

1035 1385 1066 1412 τὸ
1081 1385 1110 1412 ἓν
1125 1386 1268 1421 πρόσωπον
1281 1385 1327 1412 τοῦ
1343 1384 1411 1411 Θεοῦ
1424 1384 1524 1418 Λόγου,
1540 1384 1637 1419 ὥσπερ
1660 1384 1691 1409 τὺ
1703 1383 1748 1410 τοῦ
1763 1384 1832 1418 Χρι-

1037 1433 1112 1463 στοῦ,
1124 1432 1203 1466 δῆλον
1223 1432 1264 1458 ὅτι
1281 1433 1345 1466 πρὶν
1361 1432 1474 1465 γένηται
1489 1432 1503 1457 ὁ
1520 1430 1585 1461 Θεὸς
1600 1431 1686 1464 Λόγος
1703 1430 1732 1455 ἓν
1747 1429 1831 1464 πρόσ-

1036 1485 1122 1510 ωπον,
1135 1477 1184 1503 οὐκ
1200 1474 1256 1511 εἶχε
1267 1476 1297 1502 τὸ
1307 1476 1337 1502 ἒν
1351 1476 1505 1511 πρόσωπον,
1519 1474 1614 1510 ὥσπερ
1630 1474 1691 1500 οὐδὲ
1702 1474 1831 1508 Χριστός.

1037 1523 1108 1549 ’Λ).λ“
1122 1523 1186 1549 αὐτὸ
1198 1523 1228 1548 τὸ
1245 1523 1277 1548 ἐκ
1292 1522 1398 1556 φύσεως
1414 1521 1443 1546 ἓν
1463 1521 1610 1556 πρόσωπον
1636 1520 1685 1554 τῆς
1701 1520 1765 1554 μιᾶς
1780 1518 1830 1552 φῦ-

188 1566 279 1593 Verbo
296 1567 322 1592 in
340 1566 398 1601 ipso
413 1571 511 1594 natura
528 1567 630 1599 carnis,
650 1575 704 1594 una
725 1574 850 1595 remanet
869 1576 982 1603 persona

1039 1577 1107 1600 σεως
1120 1569 1166 1594 τοῦ
1182 1568 1280 1602 Λόγου,
1297 1566 1376 1593 τοῦτο
1392 1567 1439 1592 καὶ
1451 1567 1496 1592 ἐπὶ
1511 1567 1544 1601 τῇ
1567 1564 1662 1591 ἑνώσει
1679 1564 1730 1598 τῆς
1746 1572 1831 1597 προσ-

189 1611 308 1638 duarum
330 1614 491 1639 natura‘rum
509 1613 613 1640 Christi
630 1622 636 1639 :
653 1621 687 1640 ex
702 1613 804 1641 unione
831 1614 915 1649 igitur
932 1622 982 1640 ua-

189 1665 324 1692 turarum,
339 1667 394 1687 non
411 1668 604 1695 personarum,
619 1668 671 1687 una
690 1661 720 1687 lit
734 1660 836 1688 Christi
853 1669 981 1695 persona,

188 1713 250 1740 quae
274 1713 355 1732 unam
380 1705 472 1732 adhuc
496 1706 598 1732 retinet
625 1709 762 1738 naturam,
779 1710 806 1733 et
834 1705 915 1733 unica
940 1709 983 1732 est

189 1759 305 1785 persona
333 1751 447 1778 Christi.
477 1751 549 1784 Quid
581 1752 668 1786 ergo?
687 1751 814 1779 Christus
839 1753 982 1786 accepitne

188 1803 336 1830 personam
353 1803 387 1823 CX
412 1800 522 1828 llﬂllll‘a,
553 1800 653 1831 praeter
680 1796 795 1823 alteram
812 1804 846 1823 ex
868 1795 981 1827 unione,

188 1841 303 1868 annon?
319 1840 348 1868 Si
365 1848 422 1868 non
445 1843 568 1876 accepit,
585 1849 732 1876 personam
750 1849 804 1868 non
818 1841 885 1868 fecit
902 1841 981 1872 unio;

189 1887 248 1920 sed,
273 1892 303 1914 ut
317 1887 437 1914 diximus
450 1909 457 1920 ,
477 1888 548 1915 facta
565 1892 606 1917 est
625 1888 652 1914 in
677 1887 795 1914 naturali
814 1887 896 1914 Verbi
919 1895 982 1921 per-

189 1941 257 1960 sona
273 1933 338 1961 unio
361 1938 533 1960 naturarum.
551 1933 579 1961 Si
604 1938 697 1961 autem
712 1933 867 1960 naturalem
886 1939 982 1967 perso-

188 1987 271 2012 nam,
289 1983 389 2012 prazter
417 1978 498 2005 aliam
528 1986 561 2005 ex
590 1979 704 2009 unione,
730 1978 828 2005 habuit
845 1977 982 2010 Christus,

189 2026 261 2053 sicut
273 2024 407 2055 Verbum,
422 2032 484 2050 cum
501 2023 599 2051 dicatis
610 2023 701 2051 Verbo
717 2031 778 2050 esse
791 2031 936 2058 personam
950 2031 983 2050 ex

189 2075 299 2101 natura,
314 2074 342 2097 et
360 2069 440 2096 aliam
453 2077 485 2096 ex
497 2069 610 2101 unione,
623 2069 692 2096 duas
706 2076 772 2104 ergo
787 2076 919 2103 personas
935 2069 984 2095 ha-

189 2117 294 2144 bebunt
317 2116 439 2143 Verbum
468 2120 496 2142 et
515 2123 589 2144 caro.
615 2115 655 2143 Ad
678 2123 825 2150 quamnam
846 2115 930 2149 igitur
950 2122 983 2142 ex

189 2166 309 2198 quatuor
329 2161 454 2197 personis
478 2161 623 2188 referenda
644 2164 687 2188 est
706 2160 751 2187 illa
768 2164 930 2186 naturarum
957 2163 984 2186 et

189 2215 370 2244 personarum
388 2207 455 2234 unio
471 2207 498 2234 in
518 2214 571 2234 una
588 2206 728 2241 persona?
746 2205 772 2232 Si
788 2205 821 2231 ad
838 2212 982 2239 personam

1033 1615 1183 1650 ληφθείσης
1207 1615 1275 1649 αὐτῇ
1300 1614 1329 1639 ἐν
1346 1613 1421 1647 αὑτῷ
1446 1612 1554 1646 φύσεως
1578 1611 1679 1646 σαρκὸς
1700 1611 1769 1645 πρὸς
1792 1610 1831 1644 τῷ

1033 1662 1123 1697 Λόγῳ,
1139 1661 1168 1687 ἓν
1184 1661 1258 1687 ἐστιν
1273 1659 1419 1695 πρόσωπον
1433 1659 1487 1684 τῶν
1501 1657 1548 1684 δύο
1565 1656 1674 1691 φύσεων
1689 1656 1809 1691 Χριστοῦ
1822 1665 1829 1671 ·

1034 1710 1066 1735 ἐκ
1076 1708 1124 1743 τῆς
1150 1707 1199 1733 οῦν
1214 1705 1336 1736 ἑνώσεως
1363 1705 1418 1731 τῶν
1444 1704 1552 1738 φύσεων
1567 1703 1597 1729 οὺ
1615 1703 1785 1738 προσώπων.
1800 1703 1831 1728 ’έν

1034 1755 1092 1780 ἐστι
1107 1754 1137 1780 τὸ
1151 1752 1296 1788 πρόσωπον
1306 1750 1438 1786 Χριστοῦ,
1459 1751 1472 1777 'o'
1485 1752 1558 1777 ἐστιν
1574 1751 1606 1777 ἐκ
1625 1750 1690 1785 μιᾶς
1710 1749 1830 1782 φύσεως,

1033 1799 1063 1825 ἓν
1074 1799 1221 1835 πρόσωπον
1233 1797 1279 1824 τοῦ
1288 1797 1375 1831 Λόγου
1389 1806 1395 1812 '
1411 1797 1473 1823 ἐπεὶ
1484 1796 1509 1822 τί
1520 1804 1606 1830 (pass;
1619 1796 1633 1821 ὁ
1642 1795 1757 1829 Χριστὸς
1775 1794 1833 1828 ἔχει

1035 1845 1181 1880 πρόσωπον
1215 1845 1247 1870 ὲκ
1266 1843 1384 1878 φύσεως,
1402 1842 1470 1878 πρὸς
1493 1841 1532 1877 τῷ
1549 1842 1690 1876 προσώπῳ
1713 1841 1771 1866 τόδε
1792 1839 1832 1874 τῷ

1034 1893 1065 1918 ἐκ
1082 1891 1132 1924 τῆς
1146 1890 1280 1920 ἐνώτεως,
1305 1889 1322 1924 ἦ
1338 1889 1416 1923 οὐχί;
1435 1889 1458 1915 εἰ
1475 1889 1523 1924 μὲν
1540 1888 1587 1914 οὖν
1606 1886 1678 1922 οὐχὶ,
1694 1886 1749 1912 οὐδ’
1777 1886 1832 1920 ἄρα

1036 1937 1182 1972 πρόσωπόν
1201 1937 1274 1963 ἐστιν
1287 1937 1303 1970 ἡ
1316 1936 1423 1967 ἒνωσις,
1439 1934 1496 1961 ἀλλ’
1510 1934 1548 1965 ὡς
1565 1933 1671 1969 ἔφημεν
1683 1934 1713 1958 ὲν
1727 1932 1767 1967 τῷ
1782 1941 1832 1965 φυ-

1035 1982 1104 2017 σικῴ
1122 1982 1262 2017 προσώπῳ
1273 1981 1320 2007 τοῦ
1341 1981 1440 2014 Λόγου,
1459 1978 1566 2014 φύσεώς
1590 1980 1664 2004 ἐστιν
1681 1979 1698 2012 ὴ
1713 1977 1831 2008 ἓνωοις¹

1018 2038 1022 2044 ι
1034 2028 1058 2054 εὶ
1067 2027 1094 2053 δὲ
1104 2026 1182 2061 ἔχειὸ
1194 2025 1311 2061 Χριστὸς
1320 2025 1434 2059 φυσικὸν
1445 2025 1601 2059 πρόσωπον,
1614 2022 1710 2057 ὥσπερ
1724 2023 1738 2048 ὁ
1746 2023 1834 2055 Λόγος

1036 2073 1104 2107 πρὸς
1118 2071 1156 2106 τῷ
1172 2072 1221 2106 τῆς
1235 2070 1359 2102 ἑνώσεως
1373 2069 1511 2105 προσώπῳ
1527 2070 1647 2100 πάντως,
1660 2068 1703 2094 ὅτι
1726 2068 1775 2093 καὶ
1787 2068 1833 2096 ,τὸν

1034 2118 1120 2151 Λόγον
1131 2117 1198 2153 φατὲ
1208 2117 1281 2152 ἔχειν
1293 2117 1340 2143 καὶ
1357 2116 1437 2143 αὐτόν
1453 2116 1577 2146 ὲνώσεως
1587 2115 1746 2150 πρόσωπον,
1764 2113 1834 2148 πρὸς

1035 2164 1072 2198 τῷ
1086 2164 1134 2198 τῆς
1151 2163 1259 2198 φύσεως
1277 2156 1425 2198 προσώπῳ,
1442 2161 1493 2188 ἀνὰ
1507 2161 1553 2187 δύο
1577 2158 1623 2187 οῦν
1637 2160 1731 2195 ἔχουσι
1747 2160 1833 2194 πρόσ-

1036 2216 1096 2235 ωπα
1120 2207 1222 2242 σαφῶς,
1243 2208 1258 2234 ὃ
1270 2216 1300 2233 τε
1311 2208 1407 2238 Λόγος,
1422 2207 1499 2242 καὶὴ
1519 2205 1601 2240 σάρξ·
1625 2206 1665 2236 εἰς
1688 2206 1766 2230 ποῖον
1785 2202 1833 2230 οῦν

189 2254 292 2282 Christi
306 2257 448 2288 acceptam
467 2261 501 2279 ex
517 2252 630 2284 unione,
646 2251 751 2278 inutilis
764 2255 806 2278 est
823 2250 904 2278 Verbi
919 2258 981 2285 per-

1036 2255 1087 2281 τῶν
1101 2255 1240 2289 τεσσάρων
1270 2253 1424 2288 προσώπων
1439 2253 1532 2286 λέγετε
1553 2251 1716 2286 Θεωρεῖσθαι
1728 2251 1779 2285 τὴν
1792 2251 1833 2280 εἰς

191 2307 275 2332 sona;
304 2299 326 2326 si
352 2299 385 2326 ad
411 2298 505 2329 Verbi,
525 2306 594 2325 vana
609 2303 651 2325 est
667 2297 771 2325 Christi
796 2305 925 2332 persona.
949 2296 982 2324 Et

191 2345 330 2380 quomodo
346 2345 473 2372 subsistit
483 2345 494 2371 ?
504 2344 554 2372 Ubi
567 2348 610 2371 est
625 2345 669 2371 illa
682 2352 715 2371 ex
732 2343 835 2371 unione
846 2342 984 2379 persona?

191 2393 219 2420 Si
235 2397 312 2420 extra
336 2391 475 2419 naturales
494 2399 635 2426 personas,
652 2390 736 2418 habet
753 2390 865 2424 propria
884 2388 984 2416 nativi-

191 2444 287 2472 tatem,
304 2439 486 2470 lineamenta.
504 2443 532 2465 et
544 2443 663 2470 motum;
682 2438 704 2464 si
724 2438 749 2464 in
766 2437 907 2468 alterutra,
928 2444 984 2463 non

191 2486 246 2513 erit
261 2486 289 2512 in
305 2486 392 2513 altera
410 2493 465 2512 una
488 2492 625 2520 persona;
646 2484 666 2510 si
687 2483 713 2510 in
728 2486 853 2516 utraque,
872 2489 984 2509 necesse

191 2535 234 2559 est
253 2531 339 2565 ipsam
353 2530 382 2557 in
400 2530 545 2558 distinctas
559 2534 588 2557 et
604 2530 728 2556 diversas
745 2535 878 2563 personas
899 2527 985 2554 fuisse

191 2578 321 2610 divisam,
333 2577 391 2605 sive
404 2577 431 2604 in
446 2577 589 2605 dimidiam
615 2580 719 2611 partem
733 2576 790 2603 sive
805 2575 830 2601 in
843 2574 986 2610 quodlibet

193 2623 350 2653 membrum
376 2623 503 2656 visibile;
521 2623 598 2650 verbi
617 2623 705 2658 gratia
724 2629 809 2648 unum
833 2620 931 2656 pedem
957 2620 985 2647 in

192 2670 283 2698 Verbo
298 2674 326 2697 et
341 2669 369 2696 in
394 2677 475 2696 carne
504 2669 636 2704 intelligi;
663 2668 692 2695 in
721 2675 837 2703 persona
853 2665 986 2694 invisibili

193 2717 292 2751 pedem
322 2714 500 2744 invisibilem.
525 2715 553 2741 in
586 2714 686 2742 visibili
709 2713 858 2741 visibilem.
891 2713 986 2739 Vestra

194 2763 280 2798 igitur
297 2762 434 2789 sententia
451 2765 508 2788 tres
526 2760 610 2796 pedes
627 2761 654 2788 in
668 2760 769 2787 \‘isibili
794 2759 905 2787 Christo
921 2766 987 2785 con-

194 2807 361 2841 spiciuntur,
378 2811 406 2834 et
418 2807 489 2833 ilit‘lil
507 2807 540 2834 de
558 2806 673 2841 reliquis
689 2806 830 2833 membris.
849 2805 914 2838 Qua:
923 2812 985 2831 cum

196 2852 252 2878 sint
266 2859 349 2885 supra
365 2852 450 2879 aniles
460 2852 565 2878 fabulas
577 2852 709 2884 absurda;
729 2859 791 2878 cum
806 2858 896 2884 neque
911 2854 986 2876 extra

198 2896 265 2922 duas
281 2897 420 2923 naturales
439 2905 580 2930 personas,
601 2904 689 2931 neque
713 2897 739 2923 in
760 2895 911 2928 ambabus,
936 2901 984 2922 nc-

1036 2300 1183 2333 τιρόσωπον
1202 2299 1286 2325 τῶνδε
1297 2298 1351 2324 τῶν
1364 2298 1471 2332 φύσεων
1487 2298 1533 2323 καὶ
1547 2296 1699 2332 προσώπων
1715 2295 1832 2327 ἓνωσινς

1035 2346 1059 2370 εἰ
1080 2345 1128 2379 μὲν
1143 2343 1196 2379 γὰρ
1223 2344 1263 2374 εἰς
1287 2343 1317 2369 τὺ
1330 2342 1451 2377 Χριστοῦ
1474 2341 1503 2374 ἐξ
1523 2341 1646 2371 ὲνώσεως
1672 2339 1831 2375 πρόσωπον.

1036 2388 1162 2423 περιττὴν
1175 2388 1204 2414 τὸ
1215 2388 1263 2414 τοῦ
1282 2388 1368 2422 Λόγου
1379 2397 1386 2402 ·
1400 2388 1424 2414 εἱ
1442 2387 1469 2413 δὲ
1487 2388 1527 2418 εἰς
1541 2387 1570 2413 τδ
1584 2387 1631 2412 τοῦ
1643 2386 1741 2419 Λόγου,
1762 2395 1835 2420 πσρ-

1036 2435 1113 2462 ἐλκον
1124 2435 1154 2461 τὸ
1167 2433 1287 2470 Χριστοῦ
1297 2443 1303 2450 ·
1323 2433 1381 2465 πῶς
1400 2433 1428 2459 δὲ
1440 2434 1486 2459 καὶ
1495 2433 1649 2467 ὑφέστηκεν
1660 2441 1666 2464 ;
1676 2432 1693 2466 ἢ
1704 2431 1757 2457 ποῦ
1773 2431 1833 2457 τόδε

1035 2483 1066 2508 τὺ
1081 2482 1110 2514 ἐξ
1122 2481 1245 2513 ὲνώσεως
1257 2481 1404 2515 πρόσωπον
1414 2481 1454 2513 ςεί
1469 2480 1518 2514 μὲν
1532 2478 1586 2514 γὰρ
1599 2478 1676 2509 ἐκτὸς
1691 2478 1745 2504 τῶν
1755 2486 1836 2511 φυσι-

1037 2528 1103 2559 κῶν,
1121 2527 1188 2554 ἰδίαν
1209 2535 1237 2552 τε
1252 2527 1380 2561 γέννησιν
1392 2518 1626 2561 καὶὶπεριγραφὴν
1656 2525 1703 2551 καὶ
1725 2519 1835 2559 Ξιίνησιν

1036 2573 1103 2609 ἔχει·
1112 2573 1136 2599 εἰ
1147 2573 1174 2599 δὲ
1182 2574 1209 2599 ὲν
1220 2572 1328 2606 θατέρῳ
1339 2572 1422 2607 μόνῳ,
1431 2572 1479 2607 οὐχ
1489 2571 1583 2597 ἑνώσει
1593 2571 1622 2597 τὸ
1630 2571 1672 2597 ἓτε
1678 2579 1723 2606 ρον
1729 2570 1769 2605 τῷ
1778 2571 1837 2597 ἑτέ-

1038 2629 1078 2655 ρῳ
1088 2619 1235 2655 προσώπῳ·
1249 2620 1273 2645 εῐ
1283 2619 1311 2645 δὲ
1321 2619 1497 2654 ἀμφοτέροις,
1507 2619 1612 2653 ἀνάγκη
1621 2617 1836 2652 διαμεμερῐσοαι

1037 2666 1103 2692 αὐτὸ
1117 2666 1157 2697 εἰς
1172 2665 1205 2692 τὰ
1229 2665 1427 2700 διακεκριμένα
1442 2665 1489 2690 καὶ
1505 2664 1670 2699 διωρισμένα
1689 2663 1835 2698 πρόσωπα.

1038 2712 1072 2739 ἂν
1094 2713 1194 2747 ἥμισυ,
1212 2712 1263 2738 ὅσα
1284 2720 1314 2738 τε
1329 2709 1375 2738 οῦν
1393 2710 1510 2746 αἰσθητᾶ
1533 2709 1600 2745 μέλη
1616 2709 1699 2736 αὐτοῦ
1720 2709 1810 2738 ἐστιν,
1824 2709 1838 2734 ὸ

1039 2756 1079 2790 εἷς
1095 2758 1163 2790 ποῦς
1177 2757 1260 2793 τυχὸν
1285 2758 1313 2784 ἐν
1327 2757 1365 2792 τῷ
1380 2757 1470 2792 Λόγῳ,
1491 2757 1504 2782 6
1522 2756 1550 2783 δὲ
1568 2756 1646 2786 ἄλλος
1659 2757 1689 2782 ἐν
1701 2757 1735 2790 τῇ
1753 2755 1838 2790 σαρκὶ

1040 2804 1202 2839 νοηοὴπεται
1213 2812 1219 2818 ’
1235 2804 1284 2830 καὶ
1300 2805 1314 2830 ὁ
1327 2804 1375 2838 μὲν
1391 2804 1420 2829 ἐν
1434 2803 1474 2838 τῷ
1488 2802 1595 2837 ἀοράτῳ
1614 2802 1770 2837 προσώπῳ,
1789 2801 1838 2828 ἀό-

1040 2858 1120 2885 ρατος
1139 2850 1204 2882 ποῦς
1216 2859 1223 2865 ·
1248 2851 1262 2876 ὁ
1278 2850 1307 2877 δὲ
1323 2851 1351 2876 ἐν
1379 2850 1418 2884 τῷ
1445 2849 1548 2884 ὁρατῷ,
1562 2848 1676 2883 ὁρατός·
1694 2849 1770 2881 τρεῖς
1791 2845 1838 2872 οὖν

1041 2895 1112 2921 κατὰ
1134 2896 1179 2922 τὸν
1195 2896 1295 2929 ὁρατὶν
1325 2895 1442 2931 Χριστὸν
1468 2896 1492 2920 οἱ
1522 2893 1601 2924 πόδες
1628 2892 1750 2926 ὁρῶνται
1776 2890 1837 2917 καθ’
