1968 3094
74 182 142 216 1333

550 195 748 227 ADVERSUS
769 197 1045 230 NESTORIANOS.
1062 213 1097 218 —
1111 202 1184 232 LIB.
1205 203 1246 232 II.

1649 206 1715 238 1.334

73 241 158 276 ὑμᾶς·
179 244 225 270 καὶ
250 244 295 271 ἐπὶ
315 246 370 272 τῶν
387 247 474 275 ἄλλων
500 251 590 285 μελῶν
607 253 640 279 τὰ
669 254 767 288 ὅμοια·
790 255 814 280 εὶ
841 254 852 280 ξ

921 264 976 290 quc
1001 257 1028 283 in
1058 257 1193 285 alterutra
1222 259 1310 286 solum
1339 260 1490 288 subsistere
1518 261 1616 288 dicatis
1640 262 1713 289 illaut

71 288 157 316 ταῦτα
171 290 217 317 καὶ
226 291 255 317 ἐν
265 293 359 327 γραῶν
370 294 477 331 ληρῳδή
483 305 550 330 μασι
561 298 703 333 βδελυκτὰ,
719 300 780 326 ἐπεὶ
796 301 864 335 μήτε

72 334 149 366 ἐκτὸς
156 335 210 362 τῶν
224 337 271 363 δύο
283 339 406 372 φυσικῶν
421 342 586 376 προσώπων,
598 345 667 379 μήτε
685 347 713 371 ἐν
722 347 778 377 τοῖς
792 346 863 378 δυσὶ,

73 380 141 415 μήτε
156 382 226 408 κατὰ
237 383 350 419 θάτερον
360 386 449 413 αὐτῶν
462 388 542 422 μόνον
558 389 744 425 ὑφεστηκέναι
757 391 864 422 axon-.5

75 426 104 451 ἓν
116 427 148 460 τῆ
177 427 300 461 ἑνώσεως
308 431 451 466 πρόσωπόν
463 443 542 468 φατε,
556 436 697 471 προδήλως
711 438 751 463 ὅτι
761 438 862 463 ἀνυπό-

71 472 167 498 στατόν
173 482 198 498 τι
208 475 254 500 καὶ
263 475 437 513 ἀνάπλασμα,
450 481 495 506 καὶ
505 480 582 514 Λόγῳ
593 482 671 516 μόνον
680 482 707 508 ἓν
717 484 862 517 πρόσωπον

70 517 99 549 ἐξ
110 518 232 551 ἐνώσεως
246 523 370 554 φυσικῶν
387 525 542 560 προσώπων
557 525 627 554 εἶναι
637 528 862 563 δογματίζετε·ὃ-

71 573 124 600 περ
150 566 211 594 οὔτε
234 569 272 604 τῷ
286 571 406 605 Χριστοῦ
429 573 536 608 φυσικῷ
549 574 641 609 ὅμοιον
655 575 694 607 ὃν,
709 576 762 601 τίνι
787 576 862 602 ἔσται

70 612 162 646 ὅμοιον
171 614 275 648 εἴπατε,
286 617 310 643 εὶ
325 618 370 644 καὶ
380 619 561 654 ὑφεστηκέναι
571 620 633 656 δοθῇ
642 622 711 648 κατὰ
718 621 861 657 συγχώρη-

71 668 113 685 σιν
125 667 131 673 ·
142 661 165 686 εὶ
179 661 206 687 δὲ
222 662 323 688 εἴποιτε
331 664 396 695 ἴσως
409 665 438 691 τὸ
445 666 558 698 φυσικὸν
574 667 692 701 Χριστοῦ
714 668 861 703 πρόσωπον

70 703 138 731 εἶναι
157 706 187 732 τὸ
200 707 228 740 ἐξ
243 709 367 741 ἑνώσεως
377 710 405 736 ἒν
419 710 448 737 ὂν
464 712 610 747 εἰρημένον
636 714 711 748 ἡμῖν,
729 714 753 739 εἰ
765 714 797 740 ἐκ
809 714 860 748 τῆς

68 751 123 777 τῶν
133 752 181 778 δύο
193 754 347 788 προσώπων
360 758 484 791 φυσικῶν
503 758 627 791 ἑνώσεως
652 760 736 791 ὅντως
752 761 857 793 γέγονε,

67 795 110 827 τίς
127 797 140 823 6
151 797 197 824 τοῦ
210 799 356 832 ἐνωθέντος
374 803 436 829 κατ’
447 804 512 830 αὐτὸ
524 805 640 838 φυσικοῦ
656 806 803 840 προσώπου
812 806 858 832 ἄν-

69 840 192 876 θρωπο;;
213 845 227 870 6
241 846 318 879 παρὰ
336 847 393 874 τόν.
407 867 413 874 .
423 868 430 875 .
447 847 502 884 ἆρα
515 850 543 876 δὲ
555 848 602 877 οὖν
617 850 707 877 καὶτὸ
720 851 785 878 αὐτὸ
797 852 858 877 ἐαυ-

916 308 1061 334 personam
1076 310 1108 329 CX
1127 303 1239 335 unione,
1259 309 1333 338 patet
1348 313 1397 333 VOS
1413 314 1469 333 rem
1485 312 1539 333 ιιοη
1557 307 1712 334 subsisten-

906 350 983 377 ‘tem,
998 352 1122 374 errorem
1138 348 1249 381 docere,
1263 355 1291 376 ct
1310 350 1381 378 hanc
1398 359 1544 385 personam
1562 360 1595 379 ex
1610 353 1712 380 unione

915 394 1084 422 naturalium
1097 403 1277 430 personarum
1290 398 1404 425 credere
1421 407 1474 426 non
1489 400 1540 426 nisi
1558 400 1585 426 in
1598 401 1709 434 verbis;

915 448 976 475 quae
997 448 1059 467 cnm
1076 441 1111 468 sit
1134 442 1275 470 dissimilis
1293 452 1418 478 personae
1444 446 1564 472 naturali
1580 436 1688 474 'Christi
1701 466 1708 478 ,

914 494 964 513 cur
979 486 1015 513 sit
1041 487 1139 515 similis
1171 489 1223 523 ipsi
1256 489 1393 522 proferte,
1420 490 1529 517 etiamsi
1557 491 1709 519 subsistere

913 533 1035 567 gratuito
1050 533 1228 561 concedatur.
1244 534 1320 567 Quod
1337 536 1358 562 si
1375 535 1543 563 contenditis
1556 537 1707 564 naturalem

913 578 1015 606 Christi
1028 587 1174 614 personam
1189 587 1250 607 eam
1267 588 1338 612 esse,
1357 589 1419 616 qua:
1435 590 1488 608 una
1502 590 1535 609 ex
1549 583 1651 610 unione
1664 583 1705 609 dt-

913 624 1040 655 cebatur,
1067 624 1140 658 quod
1163 625 1184 652 si
1206 632 1238 652 ex
1263 625 1371 653 duabus
1390 627 1565 654 naturalibus
1583 627 1707 662 personis

911 669 1126 705 junctis‘eﬂ'ecta
1141 675 1194 702 est,
1210 672 1273 705 quis
1286 676 1329 699 est
1343 672 1389 699 illc
1401 673 1483 699 homo
1499 673 1578 707 cujus
1595 678 1708 700 natura-

912 715 947 742 lis
961 724 1077 750 persona
1093 725 1154 743 rum
1182 718 1270 752 seipsa
1297 718 1413 745 linitur?
1441 717 1529 745 Homo
1548 723 1656 745 contra.
1674 737 1694 746 ..

912 759 946 786 Et
961 760 1001 787 sic
1015 760 1110 787 eadem
1118 769 1236 796 persona
1253 763 1414 794 exsistebat.
1427 767 1526 790 etnata
1540 768 1584 791 est
1599 769 1705 799 postea,

912 805 976 839 quia
993 811 1073 833 antea
1093 807 1230 834 existebat
1249 812 1280 835 ut
1304 809 1458 842 naturalis,
1472 814 1500 836 et
1527 814 1590 837 nata
1611 815 1653 837 est
1671 818 1705 838 ex

911 851 1014 878 unione
1028 857 1090 886 post
1103 858 1264 880 naturarum
1277 854 1460 888 junctionem.

66 888 114 914 τοῦ
125 892 286 927 προῦπῆρχέ
304 902 332 920 τε
349 894 397 921 καὶ
412 896 605 931 μεταγέγονεν,
622 899 701 933 εἴπερ
721 899 758 931 ὡς
775 897 890 934 φυσικὸν
905 899 1002 933 προῆν,
1030 899 1067 931 ὡς
1082 900 1111 926 δὲ
1140 900 1169 933 ἐξ
1201 901 1324 933 ἐνὼσεως
1361 903 1432 937 μετὰ
1459 903 1510 939 τὴν
1527 904 1635 931 σύνοδον
1651 905 1705 931 τῶν

67 935 191 967 φυσικῶν
206 936 318 970 γέγονεν
327 947 334 971 ;

363 986 487 1014 ΚΕΦΛΛ.
502 988 564 1019 ΛΕ’,

103 1027 135 1054 Εἰ
145 1029 218 1056 ἔστιν
227 1031 240 1057 6
254 1031 339 1064 Λόγος
352 1032 366 1058 ὃ
386 1031 429 1068 ἢν,
445 1036 491 1061 καὶ
514 1034 588 1062 ἐστιν
600 1035 614 1062 ὅ
623 1036 745 1070 γέγονεν,
762 1035 796 1073 ἦν
808 1039 858 1073 μὲν

66 1072 143 1104 Θεὸς,
159 1073 254 1108 γέγονε
272 1076 300 1102 δὲ
310 1076 450 1112 ἄνῡρωπος
462 1079 490 1105 ὲν
500 1080 540 1106 ἐνὶ
551 1081 690 1116 προσώπῳ
701 1083 747 1109 τοῦ
759 1072 857 1117 Λόγου,

65 1118 96 1144 οὐ
110 1118 221 1146 δύναται
234 1118 302 1148 εἶναι
315 1124 468 1159 ἀμφότερα·
485 1125 545 1157 ὅλος
559 1126 613 1161 γὰρ
630 1128 741 1162 γέγονεν
755 1128 858 1163 ἅνθρω-

66 1172 129 1196 πος,
155 1165 235 1199 φύσιν
248 1166 316 1201 ἔχων
346 1169 490 1204 ἀνθρώπου
509 1173 555 1197 καὶ
570 1174 728 1206 πρόσωπον.
745 1174 818 1201 ’Λλλ’
833 1176 857 1202 ει

64 1209 113 1235 καὶ
128 1211 159 1244 τῇ
173 1212 349 1247 ὲμπροτώπῳ
369 1214 437 1240 Θεοῦ
457 1215 537 1248 φύσει
553 1216 617 1249 Θεὸς
634 1215 669 1253 ἦν
683 1219 697 1244 ὁ
713 1219 801 1253 Λόγος
819 1220 856 1252 ὡς

64 1255 173 1290 φύσεως
185 1257 260 1289 θείας
273 1259 310 1285 ὢν
325 1259 436 1295 δηλαδὴ,
455 1261 504 1296 τὴν
520 1262 667 1290 ὑπόστασιν
689 1265 784 1295 αὐτοῦ,
807 1267 856 1301 οὐχ

62 1301 102 1333 ὡς
115 1302 207 1335 ἁπλῶς
219 1304 369 1337 ὑπόστασις
379 1303 412 1341 ἦν
421 1307 498 1339 Θεὸς,
513 1308 569 1334 ἀλλ’
581 1310 618 1340 ὠς
627 1311 734 1337 τοιᾶσδε
748 1311 856 1344 φύσεως

65 1349 150 1385 οὔσης
165 1351 241 1386 αὐτῷ
252 1352 301 1386 τῆς
311 1352 489 1386 ὑποστάσεως
499 1364 506 1370 ·
518 1356 580 1382 ἐπεὶ
593 1357 708 1393 tilla-rho
720 1359 770 1385 οὐκ
779 1359 854 1385 ἔσται

62 1395 141 1428 Θεὸς,
156 1397 216 1423 ἐπεὶ
245 1398 281 1432 μὴ
301 1400 405 1425 τοιᾶσδε
420 1400 480 1431 οἵας
507 1402 521 1427 ό
542 1402 628 1436 Λόγος
643 1404 717 1429 ἐστὶν
735 1404 853 1431 ὑποστά-

62 1449 150 1473 σεως·
177 1443 223 1468 καὶ
239 1443 382 1478 ἄνθρωπος
401 1446 455 1480 ἄρα
481 1447 594 1480 γέγονεν
623 1449 656 1482 τῇ
671 1450 722 1482 τῆς
746 1450 854 1483 φύσεως

60 1487 113 1522 τῆς
130 1489 304 1524 ἀνθρωπίνης
338 1492 501 1527 προσλήψει,
530 1494 553 1519 εἰ
584 1494 630 1520 καὶ
651 1495 809 1531 ἀπροσώττῳ
837 1497 852 1532 ἡ

62 1534 133 1569 αὐτὴ
149 1534 297 1568 ὑπόστασις
313 1537 360 1563 τοῦ
375 1538 462 1571 Λόγου
473 1547 480 1553 ·
494 1539 518 1565 εἰ
535 1539 584 1573 μὲν
601 1540 654 1575 γὰρ
670 1542 716 1568 καὶ
731 1542 852 1568 ὑπόστα-

62 1589 106 1606 σιν
129 1581 231 1615 σαρκὺς
248 1583 431 1617 προσελάϐετο
448 1585 462 1619 ἡ
479 1585 627 1617 ὑπόστασις
642 1586 688 1612 τοῦ
705 1587 803 1620 Λόγου,
821 1589 851 1614 ού

61 1625 175 1659 γέγονεν
185 1628 198 1653 ό
210 1628 293 1661 Λόγος
309 1629 387 1664 σὰρξ,
403 1630 459 1656 ἀλλ’
472 1631 608 1666 ἐκτήσατο
624 1632 712 1666 σάρκα
727 1634 740 1659 ὁ
753 1634 849 1667 Λόγος·

1212 993 1289 1021 CAP.
1311 994 1420 1022 XXXV.

946 1037 973 1065 Si
989 1039 1110 1066 Verbum
1127 1043 1169 1066 est
1185 1039 1268 1066 simul
1287 1040 1360 1075 quod
1377 1046 1447 1073 erat,
1467 1045 1494 1068 et
1509 1043 1582 1076 quod
1601 1043 1702 1071 factum

908 1088 961 1115 est.
977 1089 1006 1111 et
1020 1089 1080 1111 erat
1094 1085 1176 1117 Deus,
1191 1085 1278 1113 factus
1300 1091 1343 1113 est
1363 1087 1447 1114 homo
1465 1087 1491 1114 in
1507 1096 1560 1115 una
1583 1097 1702 1123 persona

909 1128 1003 1160 Verbi,
1018 1135 1166 1165 utrumque
1180 1139 1233 1157 non
1250 1135 1340 1165 potest
1354 1132 1466 1164 salvari,
1477 1133 1613 1167 siquidem
1628 1139 1702 1162 totus

909 1172 991 1200 homo
1009 1174 1098 1202 factus
1111 1179 1163 1207 est,
1183 1184 1244 1203 cum
1262 1181 1359 1204 natura
1381 1182 1409 1204 et
1428 1185 1547 1212 persona
1568 1179 1699 1207 hominis.

909 1219 937 1246 Si
953 1225 1049 1247 natura
1064 1222 1148 1248 Deum
1165 1223 1270 1250 ferente
1286 1223 1358 1250 Deus
1374 1229 1435 1251 erat
1452 1225 1583 1258 Verbum,
1601 1233 1700 1260 nempe

907 1269 1004 1292 natura
1026 1266 1118 1293 divina
1144 1267 1302 1301 prteditum,
1321 1276 1398 1295 suam
1423 1277 1569 1304 personam
1589 1270 1697 1301 habuit,

907 1317 961 1337 non
985 1311 1058 1345 quod
1077 1312 1121 1339 illa
1141 1320 1257 1347 persona
1274 1313 1403 1341 absolute
1419 1315 1492 1341 Deus
1503 1315 1549 1346 sit,
1569 1315 1616 1342 sed
1634 1316 1697 1350 quia

907 1355 969 1382 talis
989 1360 1092 1383 natoue
1116 1361 1178 1384 erat
1195 1358 1252 1384 haec
1276 1365 1404 1392 persona.
1422 1359 1508 1386 Secus
1524 1360 1598 1387 enim
1627 1361 1699 1388 Dens

905 1407 960 1426 non
976 1407 1049 1428 esset
1065 1402 1156 1434 Pater,
1175 1404 1221 1437 qui
1238 1404 1363 1430 eamdem
1383 1413 1527 1439 personam
1545 1414 1599 1432 non
1617 1407 1699 1434 habet

905 1450 988 1480 atque
1009 1447 1141 1474 Verbum.
1173 1449 1204 1475 Et
1224 1449 1336 1476 aliunde
1360 1451 1442 1477 Verbi
1469 1460 1584 1486 persona
1616 1453 1698 1489 homo

904 1490 974 1518 facta
1001 1498 1052 1524 est,
1069 1501 1213 1520 assumens
1233 1499 1359 1522 naturain
1389 1496 1547 1526 humanam.
1583 1501 1610 1523 rt
1637 1506 1667 1523 ca
1683 1509 1696 1521 ιι

904 1535 1127 1571 impcrsonalem.
1143 1539 1291 1566 Personam
1310 1542 1383 1567 enim
1402 1541 1492 1567 ('aruis
1506 1542 1527 1567 si
1548 1542 1699 1576 ιιιιυίιμίδηρι

903 1583 985 1609 Verbi
1013 1591 1140 1618 persona.
1159 1585 1278 1612 Verbum
1301 1595 1366 1613 caro
1392 1596 1445 1614 non
1468 1589 1569 1614 [zu-tum
1586 1588 1695 1619 fuisset,

903 1628 951 1655 sed
975 1636 1086 1656 carnem
1112 1631 1324 1665 acquisivissct;
1352 1633 1431 1665 etsi,
1459 1638 1488 1660 ut
1517 1642 1642 1668 tersoua,
1661 1634 1696 1659 ila

61 1673 86 1698 εἰ
102 1672 130 1699 δὲ
147 1674 193 1699 καὶ
209 1675 226 1709 ἡ
250 1674 332 1708 φύσις
349 1676 432 1702 αὑτοῦ
446 1677 542 1711 γέγονε
561 1679 663 1712 σαρκὸς
678 1679 768 1713 φύσις,
783 1680 820 1711 ὡς
835 1681 852 1716 ἡ

906 1679 1002 1701 natura
1025 1675 1112 1709 ipsius
1128 1675 1199 1704 facta
1222 1676 1319 1704 fuisset
1345 1683 1442 1705 natura
1457 1680 1558 1710 carnis,
1575 1678 1695 1705 Verbum

61 1719 221 1751 ὑπόστασις,
239 1721 288 1747 οὐκ
311 1722 468 1756 ἐσκήνωσεν
485 1725 513 1750 ὲν
537 1725 604 1759 ἡμῖν
627 1727 682 1756 τοῖς
699 1729 853 1760 σαρκικοῖς,

60 1765 144 1799 ἤγουν
155 1766 193 1796 εὶς
206 1766 305 1800 σάρκα,
322 1767 378 1793 ἀλλ’
397 1768 503 1804 ἐτράπη
516 1771 556 1800 εἰς
571 1770 657 1805 αὐτὴν
670 1772 684 1797 6
698 1771 794 1805 Λόγος·
808 1772 853 1799 δύ-

60 1819 140 1836 ναται
149 1809 196 1837 οὖν
204 1811 239 1837 τὰ
248 1813 349 1845 φυσικὰ
363 1814 483 1847 ὀνόματα
492 1816 634 1851 ἀμφότερα
643 1816 736 1850 φέρειν
747 1817 760 1842 ό
768 1817 854 1850 Λόγος

59 1856 90 1880 ὲν
109 1854 144 1888 τῷ
160 1855 201 1881 ἐν).
219 1856 309 1889 διφυεῖ
323 1857 380 1888 νῦν,
409 1857 494 1884 παλαι
509 1859 537 1885 δὲ
562 1862 692 1893 μονοφυεῖ
714 1861 853 1896 προσώπῳ

59 1900 159 1926 αὐτοῦ·
177 1902 199 1927 εἰ
215 1902 242 1928 δὲ
257 1902 331 1935 λέγοι
355 1911 396 1933 τις
421 1903 458 1938 μὴ
485 1903 617 1931 δύνασθαι
633 1906 728 1940 φέρειν
755 1908 853 1942 ἑτέραν

59 1946 141 1980 φύσιν
160 1948 188 1973 ὲν
215 1947 314 1982 ἐαυτῷ.
345 1948 399 1974 οὐδ’
414 1949 521 1984 ἅρα“τᾶι
543 1950 594 1984 τῆς
615 1953 749 1986 σαρκικῆς
774 1953 852 1988 ἡμῶν

59 1992 167 2026 φύσεως
180 1993 228 2026 τῆς
242 1992 288 2019 νῦν
300 1994 434 2028 πρόσωπα
445 1995 493 2030 τὴν
509 1998 699 2032 πνευματικὴν
707 1997 799 2032 φύσιν,
815 2001 844 2025 ἐν

57 2040 92 2073 τῇ
109 2037 243 2075 μελλούσῃ
258 2040 406 2067 ἁναϐιώσει
425 2041 619 2074 καταδέξονται
637 2044 725 2070 αὐτά·
745 2044 803 2071 ἀλλ’
831 2046 847 2081 ἦ

57 2084 106 2110 καὶ
130 2084 225 2118 ἑτέρας
240 2084 403 2116 ὑποστάσεις
420 2085 539 2120 ἕξουσιν,
566 2086 582 2122 ἢ
598 2087 658 2114 οὐδὲ
686 2088 737 2120 τὰς
753 2089 849 2123 φύσεις

56 2129 187 2163 ἀμείνους
197 2138 203 2144 ”
220 2129 329 2163 φύσεως
343 2130 370 2156 δὲ
383 2131 429 2157 καὶ
444 2131 619 2163 ὑποστάσεως
631 2134 656 2159 εἰ
670 2134 750 2168 μόνος
760 2135 773 2160 ό
783 2135 849 2168 Θεὸς

56 2175 155 2207 αἴτιος,
172 2175 199 2201 τί
214 2176 244 2202 τό
271 2176 376 2202 κωλῦον
400 2177 480 2203 αὑτὸν
499 2178 672 2212 μετατιθέναι
690 2179 772 2214 φύσιν
789 2182 850 2208 τινὰ

56 2221 97 2251 εἰς
113 2221 209 2256 ἑτέραν
223 2222 391 2254 ὑπόστασινς
407 2224 455 2249 καὶ
473 2223 624 2250 ὑπόστασιν
639 2225 794 2260 ἀλλοτρίαν,
808 2228 849 2259 εἰς

55 2267 152 2302 ἑτέραν
182 2268 277 2301 φὲσιν;
299 2269 378 2304 εἴπερ
402 2269 477 2305 αὐτῷ
493 2270 584 2296 πάντα
607 2271 708 2298 δυνατὰ
721 2273 846 2309 ἀληθῶςο

54 2315 123 2340 ὅπου
137 2322 169 2348 γε
180 2315 226 2340 καὶ
239 2315 293 2341 τῶν
309 2316 498 2343 ἐνυποστάτων
514 2317 591 2348 ζώων
605 2319 651 2344 καὶ
665 2319 785 2353 βοτανῶν
798 2321 847 2353 τὰς
864 2343 885 2370 D

68 2369 72 2370 ν
85 2360 90 2366 ¹
102 2368 134 2370 με,
146 2369 152 2370 α
185 2369 190 2370 γ
199 2361 205 2370 1
216 2369 220 2370 ν
242 2361 248 2370 l
257 2369 262 2370 γ
276 2361 282 2370 1
309 2369 312 2370 ν
363 2361 369 2370 1
454 2362 460 2370 Ρ
642 2364 653 2370 ιι
701 2365 706 2370 ι
779 2367 785 2370 .
813 2367 826 2370 .-

55 2360 164 2393 φύσεις.
181 2361 221 2391 εἰς
240 2361 336 2395 ἑτέρας
358 2361 524 2393 ὑποστάσεις
542 2364 758 2399 μετατιθεμένας
774 2367 845 2401 ὀρῶ-

56 2414 106 2440 μεν
124 2406 228 2440 σαφῶς,
243 2407 289 2440 ἀφ’
303 2404 339 2433 ὧν
357 2408 486 2443 τρέφεται
498 2409 532 2435 τὰ
550 2410 719 2445 τρεφόμενα·
737 2412 783 2438 καὶ
798 2413 847 2444 τὰς

53 2452 218 2483 ὑποστάσεις
238 2452 275 2482 si;
289 2453 386 2487 ἑτέρας
403 2454 510 2487 φύσεις,
524 2453 579 2482 οἷον
594 2456 639 2482 ἐπὶ
657 2457 712 2484 τῶν
727 2458 760 2484 ἐκ
776 2458 848 2485 σκώ-

53 2497 136 2532 ληκος
147 2498 186 2528 εἰς
202 2498 303 2532 πτηνὸν
318 2500 542 2533 μεταφυομένων.

344 2544 468 2571 ΚΕΦΑΛ.
486 2547 556 2580 Aq'.

90 2586 127 2612 Τὸ
140 2587 219 2621 φύσει
234 2587 298 2620 Υἱὸς
310 2588 357 2614 τοῦ
372 2588 451 2620 Θεοῦ,
470 2591 518 2616 καὶ
532 2591 561 2617 τὺ
577 2592 657 2626 φύσει
669 2595 727 2626 υῑὸς
739 2596 844 2631 ἀνθρὼ-

53 2640 116 2663 που,
132 2633 305 2666 ὑποστάσεώς
332 2635 389 2660 ἐστι
411 2634 542 2670 ὀνόματα,
558 2633 596 2663 ὧν
611 2639 695 2674 χωρὶς
705 2641 755 2668 οὐκ
769 2642 843 2669 ἑνδέ-

51 2686 130 2713 χεται
144 2679 230 2714 ὀρθῶς
245 2680 387 2715 ὁμολογεῖν
401 2681 447 2707 τὸν
459 2682 683 2719 Χριστιανισμὸν,
698 2687 745 2712 καὶ
755 2688 843 2722 ἀμφό-

50 2732 119 2758 τερα
134 2725 163 2750 ἐν
176 2725 214 2759 τῷ
231 2727 271 2753 ἑνὶ
285 2727 397 2762 Χριστῷ
412 2729 594 2763 ὁμολογεῖται,
609 2731 657 2757 οὐκ
674 2733 702 2757 ἐν
719 2732 842 2769 ἐκατέρῳ

50 2769 207 2804 ἀμφότερα.
224 2771 416 2804 Ύποστάσεως
433 2774 493 2808 μὲν,
510 2775 578 2802 ἀλλὰ
589 2776 638 2811 τῆς
659 2778 744 2812 αὐτῆς
758 2779 844 2813 πρός·

52 2815 112 2846 θες⁵
133 2816 157 2841 εἰ
172 2817 225 2851 γὰρ
241 2818 330 2852 όροῶς
346 2821 490 2856 ἀμφότερα
509 2822 537 2848 ὲν
549 2822 587 2857 τῷ
600 2823 640 2849 ἑνὶ
654 2824 764 2859 Χριστῷ
778 2826 842 2860 ομο-

51 2861 184 2895 λογεῖται,
197 2862 231 2888 τὰ
242 2863 287 2890 δύο
299 2864 418 2900 ὀνόματα
438 2868 485 2894 ἐπι
497 2868 546 2903 τῆς
562 2869 647 2903 αὐτῆς
661 2870 842 2903 ὑποστάσεως

51 2906 98 2934 τοῦ
124 2908 182 2940 ἐνὸς
200 2908 319 2944 Χριστοῦ
334 2913 431 2945 κεῖται,
446 2913 538 2949 ὥσπερ
556 2915 601 2941 ἐπὶ
627 2916 682 2943 τῶν
696 2917 838 2953 διωνύίιων

907 1727 961 1746 non
976 1719 1127 1747 habitasset
1138 1720 1165 1747 in
1180 1721 1260 1748 nobis
1274 1723 1442 1754 carnalibus,
1460 1723 1487 1750 id
1502 1728 1544 1750 est
1561 1724 1588 1750 in
1603 1731 1694 1755 curuo,

905 1765 952 1792 sed
979 1765 1006 1792 in
1028 1765 1114 1799 ipsam
1139 1766 1237 1794 fuisset
1261 1775 1435 1795 conversum.
1472 1769 1588 1796 Nomina
1612 1769 1694 1804 igitur

905 1811 1050 1846 utriusque
1079 1816 1186 1839 natura:
1202 1817 1293 1847 potest
1307 1814 1434 1848 excipere
1456 1815 1587 1846 Verbum,
1618 1815 1693 1849 quod

905 1858 932 1884 in
959 1866 1011 1885 una
1031 1867 1149 1893 persona
1180 1860 1299 1895 duplicis
1326 1867 1431 1889 natura:
1450 1863 1531 1890 hodie
1557 1864 1693 1898 subsistiﬁ,

904 1908 983 1930 antea
999 1904 1026 1931 in
1043 1905 1126 1932 unius
1139 1913 1256 1933 naturae.
1279 1906 1306 1933 Si
1323 1907 1415 1935 adhuc
1441 1909 1582 1936 diceretur
1599 1917 1612 1935 a
1631 1918 1694 1944 per—

903 1956 970 1976 sona
990 1950 1073 1977 unius
1097 1955 1203 1978 natura:
1228 1952 1342 1979 alteram
1371 1945 1496 1980 naturam
1519 1955 1605 1989 accipi
1639 1963 1693 1981 non

903 2002 994 2028 posse,
1024 2002 1113 2029 neque
1151 2003 1268 2034 persona
1300 2001 1402 2024 nostra:
1431 1999 1551 2025 carnalis
1589 2003 1694 2026 natura:

902 2039 1075 2074 spiritualem
1090 2045 1217 2068 naturam
1233 2041 1260 2068 in
1281 2041 1371 2069 futura
1400 2044 1603 2071 resurrectione
1619 2045 1692 2072 acci-

901 2093 967 2120 pere
981 2090 1094 2120 posset;
1113 2087 1160 2114 scd
1178 2087 1219 2114 vel
1244 2087 1330 2115 altera
1355 2096 1472 2122 persona
1487 2089 1615 2122 daretur,
1638 2099 1692 2118 non

901 2131 1053 2158 haberetur
1078 2132 1177 2159 melior
1201 2137 1311 2160 natura.
1340 2133 1408 2160 Cum
1432 2139 1523 2161 autem
1545 2141 1650 2163 natura;
1665 2141 1694 2164 et

900 2184 1025 2211 persona:
1042 2177 1118 2203 solus
1132 2177 1204 2204 Deus
1221 2178 1256 2204 sit
1273 2183 1384 2210 auctor,
1404 2179 1469 2213 quid
1485 2188 1548 2206 cum
1564 2181 1693 2214 prohibet

902 2229 983 2248 unam
1010 2227 1136 2249 naturam
1168 2223 1194 2249 in
1222 2223 1336 2250 alteram
1358 2232 1502 2258 personam
1525 2227 1692 2254 transferre?

900 2270 948 2293 aut
973 2266 1091 2294 alienam
1115 2275 1262 2301 personam
1283 2269 1310 2296 in
1328 2270 1442 2297 alteram
1459 2273 1605 2298 naturam?
1623 2272 1692 2301 lluic

901 2312 1024 2346 profecto
1047 2313 1139 2339 omnia
1158 2314 1301 2347 possibilia
1317 2319 1399 2347 sunt,
1425 2316 1556 2350 quoniatn
1579 2323 1693 2345 naturas

898 2365 1090 2392 personarum,
1102 2359 1264 2386 animalium
1275 2364 1303 2387 et
1317 2361 1485 2394 plantarum,
1500 2362 1602 2396 quibus
1614 2363 1692 2390 alun-

898 2409 943 2431 tur
962 2405 1115 2433 nutriendte
1132 2406 1192 2433 alia:
1206 2414 1341 2441 personae,
1357 2408 1484 2437 videmus
1500 2409 1527 2436 iu
1541 2417 1588 2436 eas
1603 2414 1692 2437 trans-

897 2450 1033 2483 formari;
1063 2453 1106 2477 vel
1128 2451 1219 2478 adhuc
1243 2460 1374 2486 personas
1399 2453 1426 2480 in
1448 2462 1546 2480 novam
1564 2460 1690 2482 naturam

897 2496 1027 2531 migrare,
1045 2504 1152 2523 vermes
1169 2497 1196 2524 in
1210 2498 1332 2524 volatilia
1348 2498 1460 2525 mutari.

1190 2549 1265 2577 CAP.
1284 2550 1405 2579 XXXVI.

934 2597 1062 2624 Persona:
1085 2598 1198 2625 nomina
1223 2602 1288 2625 sunt
1311 2599 1379 2631 ista,
1402 2600 1488 2627 Filius
1508 2601 1554 2628 Dei
1578 2607 1687 2634 natura,

896 2647 996 2669 natura
1014 2643 1086 2670 ﬁlius
1101 2643 1237 2675 hominis,
1258 2643 1318 2671 sine
1333 2644 1435 2678 quibus
1449 2645 1688 2674 Christianismum

896 2693 972 2716 recte
987 2689 1114 2717 conﬁteri
1131 2694 1174 2717 est
1186 2690 1373 2725 impossibile;
1391 2692 1472 2719 ambo
1487 2692 1522 2719 de
1537 2700 1592 2719 uno
1606 2693 1688 2720 Chri-

896 2740 950 2766 sto,
967 2743 1022 2762 non
1037 2736 1072 2763 de
1084 2736 1220 2764 alterutro
1238 2738 1318 2764 ambo
1332 2738 1474 2765 dicuntur.
1493 2739 1609 2766 Nomina
1624 2743 1689 2767 sunt

896 2788 1038 2814 personal,
1067 2782 1115 2809 sed
1142 2782 1266 2817 ejusdem
1291 2791 1416 2818 persona:
1434 2793 1440 2810 :
1458 2785 1479 2810 si
1495 2784 1568 2811 enim
1585 2785 1618 2812 de
1633 2793 1689 2813 uno

894 2826 1006 2853 Christo
1025 2827 1108 2854 ambo
1125 2834 1198 2855 recte
1214 2834 1394 2863 usurpantur,
1411 2830 1444 2856 ad
1457 2831 1580 2857 eamdem
1596 2838 1689 2865 perso-

894 2880 957 2899 nam
975 2874 1057 2900 unius
1072 2874 1186 2903 Christi.
1207 2881 1318 2909 act-epla
1335 2884 1368 2902 θ’(
1384 2884 1438 2902 uno
1452 2882 1479 2903 et
1494 2877 1578 2903 altero
1592 2878 1686 2910 \‘Crbo,

894 2920 1067 2952 referuntur,
1088 2922 1320 2955 quemadmodum
1340 2923 1431 2949 evenit
1459 2923 1502 2950 his
1523 2925 1605 2952 rebus
1626 2927 1687 2959 qum
