1968 3094
272 195 340 228 1599

907 192 1063 222 LEONTII
1082 191 1286 222 BYZANTINI

1850 194 1912 226 1660

270 258 386 286 mentes,
402 256 431 280 ut
449 259 533 288 prope
548 252 649 279 versati
666 259 720 278 non
738 250 906 286 pcrspiciaut
921 249 1062 285 Evangelii

1117 252 1224 285 ἷειντοῦς
1231 249 1376 284 λόγουςτοΰ
1386 251 1564 285 Εὐαγγελίου,
1580 251 1690 278 λεκτέον
1702 252 1751 278 καὶ
1764 252 1776 277 r
1783 253 1830 285 μῖν
1846 255 1910 287 :9}..-

269 301 363 332 \'e‘.ba,
382 300 528 326 dicendum
544 299 624 326 nobis
644 298 676 325 ad
692 298 762 329 illos,
779 297 853 332 quod
865 305 946 324 omne
960 296 1063 323 indivi-

269 346 360 378 siblle,
386 345 458 380 quid
479 350 526 371 aut
551 345 632 371 unius
654 343 755 378 speciei
776 347 819 369 est
834 347 882 369 aut
899 343 951 370 sub
972 342 1064 376 specie

271 400 354 419 unum
368 391 434 426 quid
450 390 594 417 ordinatur
613 394 732 420 tantum,
749 389 851 416 nullatn
869 389 952 415 habet
970 393 1063 415 extra-

269 445 348 464 neanl
367 437 454 472 magis
468 437 540 464 circa
555 435 647 462 omnia
664 435 737 462 entia
755 440 914 461 naturarum
933 435 1063 461 unionem

270 484 298 510 in
323 484 423 518 seipso.
440 482 467 510 Si
487 482 569 517 igitur
585 482 657 508 istud
675 481 853 513 indivisibile,
868 481 971 508 Christi
988 481 1063 508 Suili-

270 534 314 557 θυι
336 537 493 564 personam,
512 528 599 562 reipsa
623 535 768 555 commune
793 527 896 562 aliquid
921 532 948 554 et
966 534 1063 558 unum,

271 575 391 610 plurium
408 574 495 601 nostis
515 574 644 601 unionetn
668 579 827 600 naturarum
852 573 880 600 in
904 573 948 599 illa
970 578 1064 600 extra-

271 629 350 648 ieam
373 628 427 647 non
450 620 647 655 iutelligentes,
665 620 734 647 bene
762 619 920 654 collegistis.
944 619 971 646 Si
998 626 1064 646 vero

270 667 342 694 tirca
358 667 450 693 omnia
467 666 541 693 entia
559 666 656 694 factam
679 673 740 693 esse
760 666 787 692 in
811 666 858 692 Dei
876 669 904 692 et
920 665 1063 691 hominum

273 713 423 740 n:ediatore
452 713 581 740 unionem
606 717 769 739 naturarum
794 716 822 738 et
848 719 896 738 vos
920 711 1062 743 fatemini,

271 759 362 786 statim
380 758 447 785 illud
467 758 540 792 quod
558 758 743 790 concessistis,
769 765 865 784 rursus
887 757 938 792 ipsi
957 756 1061 788 tollitis,

271 813 334 832 cum
350 805 501 832 secundum
515 805 651 840 quoddam
669 805 789 837 illorum,
803 812 864 838 quae
883 804 911 831 in
932 804 1063 831 universo

272 852 336 875 sunt
352 848 571 880 indivisibilimn,
588 853 615 875 et
632 849 699 876 illud
720 857 779 876 esse
801 848 959 884 agnoscitis.
976 848 1063 875 Aliter

272 902 321 921 nos
336 894 414 921 vobis
430 894 597 929 illegitimam
612 894 819 922 conclusionem
835 895 862 922 in
877 895 990 922 Christo
1005 898 1062 921 sta—

272 945 390 971 tuemus,
406 939 541 971 dicentes,
557 940 632 967 omni
647 941 765 975 cogitato
787 941 956 968 inaccessum
974 944 1002 967 et
1018 949 1063 979 ra-I

273 985 497 1013 tiocinalionibus
510 985 755 1013 iudemonstrabile
766 986 884 1013 Verbum
901 993 972 1013 esse.
982 986 1062 1014 Com-

271 1031 400 1058 inunibus
414 1031 488 1058 enim
509 1031 693 1059 intellectibus
714 1032 877 1067 impervium
894 1032 1061 1067 prodigium,

271 1081 299 1103 et
321 1085 404 1111 supra
423 1078 556 1104 naturalia
573 1078 704 1112 positum,
723 1079 926 1114 inintelligibile
949 1083 1001 1106 est.
1024 1079 1062 1106 Ex

271 1123 434 1150 neCessitate
457 1131 522 1158 ergo
538 1124 579 1150 vel
597 1124 720 1158 ejusdem
745 1124 839 1152 formae
862 1130 945 1160 atque
967 1133 1062 1152 omnes

269 1174 298 1196 et
313 1168 379 1195 illud
399 1168 565 1196 iudivisibile
583 1177 644 1197 esse
656 1170 824 1202 concedetis,
840 1174 868 1198 et
881 1179 941 1205 quae
957 1171 985 1197 in
1002 1179 1062 1197 om-

271 1213 354 1240 nibus
369 1214 442 1249 viget
460 1219 487 1241 et
502 1215 529 1242 in
546 1215 593 1242 illo
617 1216 751 1243 rationem
770 1217 909 1251 qumretis,
927 1217 969 1243 vel
988 1217 1062 1244 absi-

272 1260 378 1287 milium
395 1261 494 1288 rationi
509 1261 618 1288 demum
634 1267 662 1288 et
677 1262 744 1289 illud
767 1270 876 1297 quoque
898 1271 952 1290 non
974 1263 1062 1298 subji—

272 1306 368 1337 (ietis:
387 1312 414 1334 et
434 1307 492 1334 haec
512 1308 549 1334 ita
566 1308 690 1342 quidem.
707 1307 841 1335 Caeterum
857 1314 948 1336 autem
963 1310 1064 1337 nihilo-

272 1352 373 1385 minus,
390 1353 569 1381 indivisibilia
592 1362 607 1381 a
631 1354 710 1381 vobis
730 1355 899 1383 ostendenda
917 1360 982 1383 sunt
1004 1365 1064 1391 qum

272 1407 361 1433 neque
389 1400 471 1427 unius
494 1399 657 1434 simpliciter
674 1401 730 1428 sint
755 1402 873 1436 speciei,
898 1410 988 1437 neque
1004 1403 1063 1434 sub

274 1453 327 1472 una
347 1449 451 1474 tantum
467 1447 568 1480 specie,
587 1447 634 1474 sed
650 1447 701 1474 sub
723 1448 845 1476 diversas
862 1450 968 1484 species
982 1450 1064 1477 indu-

273 1496 380 1518 cantur.
395 1492 502 1519 Etenim
518 1493 711 1527 phasianarum
729 1494 820 1521 avium
836 1498 864 1521 et
884 1495 978 1522 talium
994 1496 1065 1523 indi-

274 1537 382 1564 visibile
404 1537 552 1572 singulare,
568 1546 656 1572 neque
674 1540 756 1566 unius
776 1539 877 1574 speciei
895 1540 948 1567 dici
965 1545 1063 1575 potest,

1115 296 1224 328 αὐτοὺς,
1249 295 1287 328 ὡς
1312 297 1367 322 πᾶν
1385 296 1497 331 ἄτομον,
1513 297 1583 332 ὅπερ
1607 298 1622 329 ἦ
1651 298 1790 331 μονοειδές
1807 298 1907 332 ἐστινῆ

1115 341 1168 367 ὑπὸ
1183 339 1251 373 εἶδος
1267 342 1296 368 ἐν
1308 350 1334 367 τι
1349 342 1480 369 τέτακται
1496 343 1587 378 μόνον,
1600 343 1730 378 οὐδεμίαν
1743 343 1802 378 ἔχει
1819 351 1911 369 καινο-

1114 387 1198 422 τέραν
1211 387 1287 423 παρὰ
1303 388 1391 414 πάντα
1407 388 1442 414 τὰ
1454 388 1518 415 ὅντα
1534 389 1642 424 φύσεων
1656 390 1753 416 ἕνωσιν
1767 391 1798 416 ἐν
1809 390 1908 425 ἑαυτῷ·

1115 434 1139 460 εἰ
1159 431 1205 459 οὖν
1216 434 1262 460 καὶ
1275 434 1334 460 τόδε
1347 434 1378 460 τὸ
1391 434 1502 469 ἄτομον,
1517 434 1636 469 Χριστοῦ
1650 435 1733 469 ἧγουν
1751 435 1909 470 πρόςωπον,

1115 479 1199 510 ὅντως
1214 480 1303 506 κοινόν
1321 489 1347 506 τι
1359 481 1405 506 καὶ
1421 480 1450 506 ἒν
1468 480 1523 507 τῶν
1546 480 1651 506 πολλῶν
1668 481 1725 506 ἴστε
1740 481 1841 507 ἕνωσιν
1860 481 1911 514 ςυ-

1116 533 1186 552 σεων
1210 526 1239 552 ὲν
1263 526 1337 561 αὐτῷ
1357 527 1517 561 καινοτέραν
1544 526 1593 552 οὐκ
1608 527 1720 560 εἰδότες,
1741 527 1833 558 καλῶς
1851 535 1911 553 συν-

1116 571 1284 606 ελογίσασθε·
1299 573 1324 599 et
1340 572 1368 598 δὲ
1385 573 1461 608 παρά
1474 573 1562 599 πάντα
1572 573 1606 598 τὰ
1616 573 1680 599 ὁντα
1691 572 1818 607 γενέσθαι
1833 574 1862 599 ἐν
1872 571 1911 608 τῷ

1115 617 1219 653 Μεσίτῃ
1253 617 1320 644 Θεοῦ
1346 619 1392 644 καὶ
1417 619 1569 653 ἀνθρώπων
1598 619 1695 646 ἕνωσιν
1727 619 1838 653 φύσεων
1863 620 1910 645 καὶ

1115 663 1195 698 ὑμεῖς
1220 664 1428 699 ὡμολογήσατε,
1444 665 1557 691 αὐτόθεν
1584 666 1664 692 τοῦτο
1690 666 1759 701 ὅπερ
1788 666 1907 695 διδόατε.

1115 709 1196 736 πάλιν
1214 710 1326 742 ἑαυτοὺς
1352 711 1499 746 ἀναιρεῖτε,
1517 711 1588 738 κατά
1609 720 1634 737 τι
1656 711 1710 738 τῶν
1725 714 1754 738 ἐν
1770 712 1809 746 τῷ
1825 715 1909 739 παντὶ

1114 757 1233 792 ἀτόμων,
1251 758 1298 783 καὶ
1322 756 1399 784 τοῦτο
1425 757 1604 791 γινώσκοντες
1621 756 1701 784 εἶναι.
1721 759 1826 790 Ἀλλ-ως
1843 759 1909 792 γοῦν

1115 803 1194 838 ἡμεῖς
1205 803 1269 837 ὑμῖν
1282 802 1313 829 τὸ
1325 803 1519 837 ἀσυλλόγιστον
1535 804 1634 838 μᾶλλον
1649 804 1695 830 ἐπὶ
1711 803 1832 838 Χριστοῦ
1847 804 1910 830 πλ-

1113 848 1277 883 λογισόμεθα
1294 849 1429 882 λέγοντες,
1447 850 1485 881 ὡς
1507 850 1606 881 παντὸς
1629 850 1781 884 παραδόξου
1798 851 1908 885 ἀπροσ-

1116 894 1170 925 ιτός
1197 903 1227 920 τε
1263 895 1310 921 καὶ
1331 895 1521 929 συλλογισμοῖς
1550 895 1740 927 ἀναπόδεικτος
1767 896 1782 921 ὁ
1809 897 1906 929 Λόγος.

1115 940 1220 967 Κοινῶν
1232 940 1288 975 γὰρ
1304 940 1414 967 ἐννοιῶν
1428 941 1531 975 ἄπορον
1546 942 1577 967 τὸ
1595 942 1708 967 σπάνιον
1724 941 1772 968 καὶ
1783 944 1910 975 φυσικοῖς

1113 986 1143 1013 τὸ
1155 986 1303 1021 ὑπερφυὲς.
1315 987 1513 1021 ἀπερίληπτον.
1529 987 1574 1019 Ἐξ
1590 987 1712 1022 ἀνάγκης
1725 987 1799 1023 οὖνῆ
1814 989 1909 1022 ὁμοιό-

1114 1041 1214 1067 τροπον
1243 1034 1310 1059 πᾶσι
1328 1033 1375 1059 καὶ
1397 1033 1457 1059 τόδε
1483 1033 1582 1068 ἄτομον
1610 1034 1727 1064 δώσετε,
1751 1035 1798 1060 καὶ
1816 1034 1863 1060 τὸν
1879 1035 1909 1060 ἐν

1114 1081 1181 1105 πᾶσι
1199 1079 1277 1112 λόγον
1289 1080 1336 1105 καὶ
1351 1080 1394 1105 ἐπ’
1406 1079 1482 1114 αὐτῷ
1503 1079 1680 1114 ὲκζητήσετε,
1693 1079 1709 1114 ἢ
1728 1080 1804 1115 παρὰ
1820 1080 1909 1106 πάντα

1113 1125 1146 1151 τὰ
1165 1125 1229 1152 ὄντα
1246 1125 1336 1160 ἄτομα
1350 1125 1429 1152 τοῦτο
1452 1125 1689 1160 συγκεκροτῆσθαι
1708 1126 1833 1159 φυσικῶς
1849 1127 1911 1152 ἑπι-

1113 1170 1268 1202 νεύσαντες,
1285 1170 1323 1204 τῷ
1340 1170 1395 1197 τῶν
1410 1170 1545 1205 ἀνομοίων
1571 1170 1644 1205 λόγῳ
1665 1171 1757 1197 λοιπον
1779 1171 1827 1198 καὶ
1851 1172 1909 1198 τόδε

1113 1217 1162 1251 οὐχ
1186 1216 1357 1243 ὑποϐαλεῖτε.
1382 1217 1436 1242 Καὶ
1462 1216 1548 1247 οὕτως
1565 1217 1612 1252 μὲν
1627 1217 1701 1244 τάδε.
1723 1217 1770 1243 Ἐκ
1796 1226 1909 1252 περιου-

1115 1263 1175 1294 σίας
1190 1262 1218 1288 δὲ
1241 1263 1327 1297 ὅμως,
1355 1263 1401 1288 καὶ
1424 1262 1513 1296 ἄτομα
1527 1262 1601 1289 ἔστιν
1624 1263 1689 1297 ὑμῖν
1705 1263 1790 1297 δεῖξαι
1810 1263 1828 1290 ἃ
1847 1264 1909 1290 οὔτε

1116 1309 1239 1345 μονοειδῆ
1256 1309 1329 1335 ἐστιν
1347 1308 1440 1340 ἁπλῶς
1456 1308 1519 1335 οὔτε
1540 1309 1592 1335 ὑπο
1612 1309 1641 1334 ἓν
1657 1309 1736 1344 μόνον
1755 1307 1837 1340 εἶδος.
1852 1310 1911 1336 ἀλλ’

1115 1355 1168 1382 ὑπὸ
1182 1355 1297 1390 διάφορα
1323 1354 1379 1390 εἴδη
1404 1354 1545 1387 ἀνάγεται.
1562 1353 1623 1381 Τῶν
1646 1355 1700 1390 γὰρ
1716 1355 1909 1390 ὁρνιθοφασια-

1115 1401 1168 1428 νῶν
1184 1401 1230 1426 καὶ
1246 1400 1356 1426 τοιῶνδε
1370 1399 1401 1426 τὸ
1420 1400 1578 1426 καοέκαστα
1592 1400 1704 1435 ἄτομον,
1720 1401 1782 1427 οὗτε
1802 1410 1908 1435 μονοει-

1115 1448 1158 1478 ὗες
1173 1456 1199 1473 τι
1215 1447 1287 1473 ἔστιν
1304 1447 1401 1477 εἰπεῖν,
1419 1446 1480 1472 οὔτε
1504 1446 1556 1472 ὑπο
1573 1447 1602 1472 ἐι
1624 1456 1650 1472 τι
1668 1446 1737 1478 εἶδος
1751 1456 1757 1462 ·
1775 1447 1838 1473 οὗτε
1856 1448 1911 1482 γὰρ

1115 1496 1172 1525 τοῖς
1192 1493 1332 1528 καθαροῖς,
1349 1492 1410 1520 οὔτε
1435 1493 1492 1524 τοῖς
1521 1493 1686 1528 ἀκαθάρτοις
1711 1493 1815 1526 εἴδεσιν,
1836 1494 1912 1519 ἐντέ-

1116 1540 1215 1566 τακταί
1233 1548 1282 1575 πη·
1299 1540 1345 1566 καὶ
1359 1538 1455 1568 ἄλλως·
1474 1540 1532 1566 Πᾶν
1547 1537 1615 1571 εἶδος
1635 1540 1664 1565 ὲν
1684 1539 1772 1574 ἑαυτῷ
1793 1540 1840 1566 καὶ
1860 1540 1911 1565 οὐκ

273 1591 364 1618 neque
380 1584 432 1610 sub
454 1592 508 1610 una
532 1584 640 1618 specie;
658 1592 747 1619 neque
771 1585 881 1613 mundis
899 1594 988 1620 neque
1014 1587 1065 1613 im-

1121 1587 1149 1612 ὲν
1170 1586 1273 1620 ἑτέροις
1293 1585 1391 1612 εἴδεσιν
1411 1586 1574 1620 ὑφέστηκεν
1593 1586 1681 1620 τούτῳ
1706 1586 1733 1612 δὲ
1758 1585 1820 1612 καθ’
1842 1585 1911 1612 ὑπό-

274 1630 384 1656 muudis
410 1630 555 1664 speciebus
579 1635 791 1657 annumeratum
817 1634 859 1658 est
883 1639 1008 1666 usquam.
1033 1632 1067 1659 Et

274 1675 328 1701 alio
345 1675 426 1702 modo
443 1684 449 1702 ε
463 1675 559 1702 Omnis
577 1675 682 1709 species
699 1675 727 1702 in
740 1683 769 1703 se
784 1684 873 1711 neque
890 1677 916 1704 in
930 1677 991 1704 aliis
1003 1685 1067 1712 spe-

274 1721 370 1748 ciebus
391 1721 533 1754 subsistit;
553 1721 615 1748 ideo
639 1721 661 1748 si
685 1721 837 1748 secundum
860 1723 1067 1750 subsistentiam

274 1767 399 1794 aufertur
419 1767 558 1801 phasiana:
579 1767 638 1794 avis
661 1767 777 1801 species,
795 1768 877 1794 simul
898 1774 926 1796 ct
943 1768 1068 1796 aufertur

275 1813 474 1847 compositum;
494 1817 567 1848 patet
592 1813 685 1848 igitur,
710 1814 888 1841 indivisibilia
904 1822 964 1842 esse
982 1815 1068 1850 magis

276 1864 416 1890 extranea.
436 1867 520 1886 unum
541 1864 568 1886 et
589 1860 668 1894 plura
689 1860 800 1893 similia,
816 1868 878 1888 cum
900 1862 1005 1895 species
1020 1869 1068 1888 na-

277 1906 373 1933 turalis
388 1910 517 1933 extranea
531 1907 616 1942 magis
636 1907 662 1933 in
680 1907 735 1934 illis
753 1915 808 1934 non
826 1907 967 1935 subsistat.
981 1908 1011 1934 ln
1025 1907 1067 1935 his

276 1955 367 1978 autem
382 1951 466 1986 virga:
482 1952 605 1979 Mosaicae
622 1952 649 1979 in
661 1958 818 1987 serpentem
834 1961 983 1984 converste,
1002 1953 1068 1988 quid

276 1997 444 2024 indivisibile
470 1997 554 2024 fuisse
579 1997 722 2029 dixeritis,
747 1999 900 2026 audiemus.
925 1999 1068 2033 Siquidem

276 2045 349 2071 cuitu
373 2045 455 2071 unius
480 2044 593 2079 speciei,
618 2045 708 2079 qualis
724 2044 776 2072 fuit
802 2045 849 2072 illa
877 2045 959 2072 unius
984 2045 1069 2080 virgze

276 2090 392 2125 species,
408 2099 469 2125 qua:
483 2098 572 2125 neque
586 2091 670 2125 virga,
686 2098 776 2125 neque
793 2099 907 2126 serpens
920 2092 1069 2126 statui‘po-

278 2137 349 2164 test?
363 2137 390 2163 Si
404 2144 469 2164 vero
487 2137 538 2163 sub
549 2144 601 2163 una
615 2141 720 2163 tantum
736 2137 837 2171 specie,
851 2137 940 2172 qualis
951 2142 993 2164 est
1007 2137 1069 2164 illa?

277 2183 362 2216 Quam
379 2183 453 2209 enim
473 2184 559 2210 solatii
576 2183 711 2215 dixeritis,
733 2183 847 2210 alteram
871 2183 1068 2217 disperdidisse

277 2229 485 2256 convincimini.
502 2229 582 2263 Ergo,
603 2237 657 2256 non
673 2229 800 2256 mosaica}
815 2230 898 2264 virga:
919 2237 967 2264 par
990 2230 1068 2257 vobis

1119 1639 1214 1657 στασιν
1225 1631 1417 1664 ἀναιρεθέντος
1436 1630 1483 1656 τοῦ
1500 1631 1662 1664 φασιανικοῦ
1676 1631 1794 1665 ὀρνιθίου
1809 1630 1909 1662 εἴδους,

1119 1677 1320 1713 συναναιρεῖται
1337 1677 1384 1703 καὶ
1407 1677 1424 1710 ἡ
1452 1676 1596 1708 σύστασις·
1626 1676 1701 1702 ἔστιν
1725 1677 1779 1712 ἆρα
1801 1677 1909 1711 σαφῶς,

1118 1722 1207 1756 ἄτομα
1221 1722 1270 1756 μὲν
1285 1719 1355 1748 εἶναι
1367 1721 1525 1756 καινότερα,
1538 1722 1567 1748 ἒν
1582 1730 1612 1747 τε
1628 1722 1675 1748 καὶ
1689 1722 1799 1748 πλείονα
1815 1723 1910 1756 ὃμοια,

1118 1767 1204 1804 εἴδους
1219 1767 1334 1801 φυσικοῦ
1350 1768 1509 1802 καινοτέρου
1526 1769 1556 1794 ἐν
1581 1768 1673 1799 αὐτοῖς
1689 1767 1726 1802 μὴ
1743 1768 1910 1801 συνισταμέ-

1118 1822 1174 1839 νου·
1187 1813 1234 1840 ἐπὶ
1249 1814 1354 1845 τούτοις
1370 1813 1399 1839 δὲ
1416 1814 1464 1840 καὶ
1488 1814 1537 1848 τῆς
1557 1814 1794 1848 δρακοντουμένης
1810 1815 1910 1850 ῥάϐδου

1119 1860 1280 1894 Μωσαϊκῆς,
1295 1859 1320 1886 τί
1339 1868 1406 1894 φατε
1430 1859 1460 1885 τὸ
1473 1859 1586 1894 ἄτομον,
1604 1859 1792 1894 ἀκουσόμεθα·
1808 1861 1834 1886 εἰ
1861 1861 1908 1895 μὲν

1118 1907 1173 1941 γὰρ
1194 1906 1331 1940 μονοειδές
1345 1915 1384 1938 τε,
1404 1907 1450 1932 καὶ
1463 1907 1539 1932 ποῖον
1556 1907 1615 1932 τοδε
1638 1906 1668 1932 τὸ
1683 1906 1743 1932 κατ’
1758 1907 1846 1941 αὐτὴν
1860 1907 1908 1941 μό-

1119 1960 1167 1987 νην
1183 1950 1263 1983 εἶδος,
1278 1952 1291 1978 ὃ
1305 1952 1374 1987 μήτε
1388 1951 1496 1986 ῥάϐδος,
1522 1952 1591 1986 μήτε
1614 1951 1722 1985 δράκων
1734 1952 1872 1986 ὁρίζοιτος
1887 1954 1909 1978 εἰ

1118 1999 1145 2025 δὲ
1162 1999 1213 2025 ὑπὸ
1225 1996 1293 2029 εἷδος
1309 1997 1338 2023 ἓν
1354 1998 1443 2031 μόνον,
1460 1999 1535 2023 ποῖον
1555 1997 1650 2030 τοῦτο;
1664 1997 1678 2023 ὃ
1693 1997 1746 2032 γὰρ
1760 1997 1793 2023 ἂν
1808 1998 1908 2024 εἴποιτε

1121 2045 1212 2080 μόνον,
1243 2043 1272 2069 τὸ
1303 2043 1398 2078 ἕτερον
1418 2043 1561 2077 ἐλέγχεσθε
1589 2041 1834 2077 παραὸλὰψαντες·
1858 2043 1909 2077 ἄρα

1118 2087 1164 2116 οὖν
1175 2089 1234 2116 οὐδὲ
1249 2089 1298 2123 τῆς
1310 2088 1461 2123 Μωσαῖκῆς
1477 2088 1575 2123 ῥάϐδου
1591 2086 1649 2113 ἴσον
1668 2089 1732 2123 ὑμῖν
1747 2088 1778 2114 τὸ
1796 2088 1848 2123 τῆς
1864 2088 1908 2114 τοῦ

1119 2135 1206 2169 Λόγου
1221 2134 1385 2169 σαρκώσεως
1398 2134 1490 2168 θαῦμα
1505 2134 1587 2165 δοκεῖ,
1603 2133 1727 2160 ἀλλ’ἕστι
1741 2133 1846 2169 ταύτην
1862 2134 1909 2169 μὲν

1119 2182 1156 2213 ὡς
1171 2181 1332 2215 καινοτέραν
1353 2179 1572 2214 συλλογίζεσθαι,
1590 2180 1698 2215 ἐκείνην
1716 2180 1745 2206 δὲ
1761 2180 1822 2215 οὐχί
1835 2188 1842 2194 ·
1861 2179 1908 2214 φεῦ

1119 2228 1169 2263 τῆς
1182 2227 1323 2258 ἀσεϐείαςε

279 2276 359 2303 Verbi
386 2275 584 2303 incarnationis
608 2275 763 2310 prodigium
787 2275 914 2309 videtur,
936 2276 984 2304 sed
1007 2277 1065 2305 haec
1084 2281 1244 2305 extraneam
1278 2273 1364 2308 magis
1395 2272 1480 2300 fuisse
1494 2272 1670 2299 statuendum
1688 2276 1740 2304 est,
1754 2271 1828 2298 illaut
1849 2279 1910 2298 vero

277 2321 400 2349 minime.
415 2320 437 2348 0
453 2321 637 2355 impietatem!

566 2391 642 2418 CAP.
662 2391 778 2420 XLVIII.

312 2460 339 2487 Si
354 2461 422 2494 ipse,
440 2459 579 2494 inquiunt,
596 2459 715 2494 seipsum
736 2458 873 2486 suscitans
886 2463 927 2486 est
943 2459 1070 2487 Christus

276 2513 292 2532 c
316 2505 448 2536 mortuis,
474 2510 501 2531 et
526 2504 694 2538 suscitatus,
721 2507 831 2539 oportet
855 2504 932 2531 illum
953 2504 1068 2532 dicere:

280 2560 290 2575 ε
308 2550 412 2577 Solvite
435 2550 567 2585 templum
591 2549 675 2581 istud,
692 2554 720 2577 et
738 2549 765 2576 in
785 2549 873 2577 tribus
886 2550 985 2577 diebus
1001 2558 1068 2578 rea:-

276 2587 442 2624 diticabo"?
458 2605 467 2621 9
482 2596 553 2629 Quid
569 2604 635 2630 ergo
651 2604 706 2623 non
723 2596 892 2623 contrarium
910 2600 1067 2627 cernentes,

278 2642 388 2669 utioculi
411 2641 539 2676 pietatem
562 2641 712 2676 perfectam
739 2641 928 2676 praetenditis?
947 2641 970 2668 si
994 2641 1068 2668 enim

276 2688 346 2715 alius
368 2688 488 2715 solutum
512 2687 671 2720 remdiﬁcat,
685 2687 760 2722 quod
774 2695 808 2715 ex
821 2693 898 2722 parte
920 2692 989 2720 erat,
1005 2695 1068 2714 cor-

276 2740 343 2767 pore
358 2730 539 2764 scilicet'suo,
555 2732 603 2767 qui
624 2732 692 2760 istos
706 2732 908 2767 alloquebatur,
924 2733 1069 2767 oportebat

275 2779 379 2810 dicere,
399 2779 503 2806 Solvite
526 2780 744 2814 templumistud
763 2780 801 2816 (id
825 2785 867 2808 est
889 2788 990 2814 corpus
1009 2781 1069 2815 ejus

277 2825 448 2861 Evidenler),
465 2832 493 2854 et
514 2827 542 2854 in
567 2827 656 2855 tribus
676 2828 775 2856 diebus
801 2828 969 2856 restaurabit
988 2828 1067 2860 illud,

315 2903 336 2917 '°
352 2903 431 2931 Joan.
448 2913 476 2937 ll,
495 2906 536 2933 i9.

1406 2389 1530 2415 ΚΕΦΑΛ.
1555 2387 1626 2414 Mll’.

1159 2459 1189 2485 Et
1216 2457 1306 2488 αὐτὸς,
1319 2456 1412 2490 φασιν,
1426 2456 1440 2482 ὀ
1455 2455 1552 2482 ἑαυτὸν
1567 2454 1677 2488 ἐγείρας
1690 2454 1808 2489 Χριστος
1824 2455 1858 2480 ἐκ
1872 2463 1913 2480 νε-

1121 2504 1206 2540 κρῶν,
1221 2503 1267 2530 καὶ
1285 2502 1417 2538 ἐγερθεὶς,
1429 2501 1483 2528 ἔδει
1500 2501 1581 2527 αὑτὸν
1599 2501 1696 2526 εἰπεῖν·
1717 2509 1726 2525 ί
1744 2501 1852 2527 Λύσατε
1869 2501 1912 2527 τὸν

1122 2551 1185 2578 ναὸν
1204 2550 1309 2582 τοῦτον,
1326 2548 1373 2575 καὶ
1386 2550 1414 2575 ἐν
1426 2548 1545 2583 ἡμέραις
1569 2549 1659 2581 τρισὶν
1675 2549 1864 2584 ἐγερθήσομαι
1878 2558 1884 2580 ;
1902 2559 1910 2573 ι

1123 2597 1155 2623 Τί
1168 2596 1195 2623 δὲ
1213 2595 1259 2622 οὖν
1284 2595 1321 2630 μὴ
1346 2595 1392 2621 καὶ
1407 2594 1560 2620 τούναντίον
1584 2594 1749 2625 σκοποῦντες
1767 2595 1912 2630 ἠμίγληνοι

1122 2643 1171 2677 τὴν
1187 2641 1326 2668 εὐσέϐειαν
1339 2639 1452 2676 ἐντελῶς
1466 2639 1674 2672 καταυγάζεσθε
1687 2647 1694 2671 ;
1712 2640 1736 2665 εἰ
1749 2640 1805 2674 γὰρ
1817 2640 1910 2674 ’ἐτεῳς

1122 2689 1219 2723 ἀνιστᾷ
1234 2687 1278 2713 τὸν
1294 2686 1433 2720 λυόμενον,
1453 2685 1482 2717 ὃς
1497 2683 1530 2720 ἦν
1548 2685 1601 2711 ἀπὸ
1626 2686 1736 2720 μέρους,
1760 2686 1847 2719 ἤγουν
1868 2683 1910 2710 τοῦ

1124 2735 1250 2769 σώματος
1278 2734 1371 2767 uinci},
1399 2735 1413 2760 ὁ
1440 2732 1702 2768 προσδιαλεγόμενος
1733 2732 1847 2763 αὐτοῖς.
1863 2732 1911 2757 ἔδει

1124 2783 1221 2812 εἰπεῖν,
1236 2780 1342 2807 Λύσατε
1355 2780 1400 2807 τὸν
1412 2780 1476 2806 ναὺν
1487 2778 1592 2810 τοῦτον,
1605 2779 1689 2813 ἧγουν
1697 2778 1728 2804 τὸ
1741 2778 1822 2813 σῶμα
1836 2777 1910 2804 αὐτοῦ

1124 2826 1277 2859 δεικτικῶς,
1298 2827 1344 2852 καὶ
1361 2826 1389 2852 ἐν
1406 2825 1492 2860 τρισὶν
1509 2825 1628 2860 ἡμέραις
1643 2825 1736 2858 ἐγερεῖ
1759 2823 1852 2854 αὐτὸν,
1867 2823 1881 2857 ἦ
1897 2823 1909 2848 ὀ
