1968 3094
41 102 104 133 1601

519 99 718 131 ΑΒΥΕΠΞΗΞ
738 98 1015 129 NESTORIANOS.
1030 99 1143 128 -LlB.
1168 99 1206 128 ll.

1613 101 1678 134 16οἶ

37 158 111 188 Θειις,
129 155 146 190 ἢ
169 155 261 190 ἔτερος
284 155 395 188 ἁπλῶς,
412 155 442 181 οὺ
465 155 517 189 μὴν
536 154 592 188 ἐγὼ
613 155 627 180 ό
643 153 829 189 διαλεγόμενος

887 152 928 178 γει
954 153 1036 183 Deus,
1061 153 1101 179 \‘el
1127 153 1198 179 alius
1219 153 1321 187 quivis,
1344 162 1397 181 non
1417 162 1468 190 ego
1483 160 1558 183 certe
1572 157 1618 191 qui
1636 166 1684 185 vos

37 204 112 238 ὑμῖν,
127 202 157 234 ὃς
173 200 207 237 ἦν
232 202 328 236 σαφῶς
346 202 393 228 καὶ
413 201 486 236 ψυχὴ
503 201 551 228 καὶ
566 201 657 236 σῶμα·
678 200 758 235 δῆλον
778 199 832 234 ἄρα

35 249 72 280 ὡς
88 249 118 275 τδ
129 248 195 275 αὐτὸ
213 249 359 284 πρόσωπον
374 247 404 273 τὸ
421 247 463 273 διὰ
475 247 525 281 τῆς
543 245 714 281 ἀντωνυμίας
731 254 832 280 σημαι-

35 294 147 330 νόμενον
168 294 218 329 τῆς
242 294 315 328 ἐγὼ,
341 294 371 320 τό
395 303 424 320 τε
451 293 581 327 λυόμενον
604 292 695 326 σῶμα,
713 292 759 318 καὶ
782 291 831 326 τὴν

36 341 236 375 διαλεγομένην
252 340 341 375 ψυχὴν
359 340 402 366 διὰ
419 339 555 374 σώματος,
567 339 615 365 καὶ.
630 339 676 364 τὸν
688 337 831 372 ἐγείραντα

35 386 100 414 Θεὸν
116 387 146 413 τὸ
158 387 247 418 λυθὲν,
265 387 399 421 περιέχει-

327 453 454 479 ΚΕΦΑΛ.
479 452 546 480 MG’.

73 530 84 548 ‹
100 522 165 548 Ὀτι
178 522 206 547 ὲν
222 520 296 555 αὑτῷ
311 521 434 546 κατοικεῖ
445 521 498 546 πᾶν
511 519 540 545 τὸ
555 519 691 554 πλήρωμα
707 519 756 553 τῆς
766 518 830 556 Θεό-

35 577 116 603 τητος
130 566 306 601 σωματικῶς,
324 576 332 591 ι
351 566 473 601 δηλονότι
496 566 524 592 ὲν
545 564 583 600 τῷ
600 564 830 598 προονομασοέντι

36 614 156 649 Χριστῷ,
169 614 274 648 εἴρηται
292 613 329 648 τῷ
356 613 521 648 Ἀποστωῳ.
537 613 597 643 Πῶς
610 609 656 638 οὖν
677 614 724 645 οὐχ
737 611 830 645 ἕτερον

36 661 116 694 φύσει
134 660 165 686 τὸ
186 659 323 694 πλήρωμα
352 659 401 694 τῆς
426 658 570 693 Θεότητος,
597 657 674 691 παρὰ
702 657 829 690 Χριστὸν,

34 706 113 741 εἴπερ
125 705 217 741 ἕτερον
240 705 270 731 τὸ
283 705 311 731 ἓν
328 714 380 732 τινι
400 704 447 730 τοῦ
465 705 493 730 ὲν
514 702 536 738 ᾧ
551 705 619 736 ἐστι,
634 705 680 730 καὶ
696 704 725 730 τὸ
739 712 830 730 κατοι-

34 751 99 777 κοῦν
128 751 196 786 προς
218 751 248 776 τὸ
279 750 509 785 κατοικούμενονς
539 750 665 776 Τοιοῦτον
685 750 749 783 γοῦν
771 751 829 776 ἐστι

38 798 86 823 καὶ
106 797 146 828 τὺ,
164 797 229 828 Θεὸς
243 795 277 832 ἦν
295 798 323 823 ὲν
340 796 460 832 Χριστῷ.
475 794 550 832 τΑριι.
570 795 618 822 οὖν
638 797 698 822 ἐπεὶ
710 797 828 832 εἴρηται,

891 198 1029 232 alloquor,
1045 207 1127 233 quem
1145 203 1219 233 patet
1232 207 1292 226 esse
1306 207 1406 235 corpus
1419 206 1448 228 et
1467 202 1596 229 animam.
1616 203 1682 230 Evi-

888 243 958 271 dens
972 244 1055 279 igitur
1068 249 1109 271 est
1124 245 1196 279 quod
1213 245 1309 272 eadem
1331 254 1448 281 persona
1466 255 1516 281 per
1539 248 1610 275 hanc
1633 257 1682 284 ap-

887 290 1063 325 pellationem
1087 299 1132 326 ego
1155 291 1317 326 signiﬁcata,
1342 293 1461 320 solutum
1487 301 1598 328 corpus,
1621 296 1682 322 ani-

891 344 1020 371 mamque
1049 345 1097 371 per
1121 345 1223 372 corpus
1249 337 1421 372 loquentem,
1448 343 1476 366 et
1502 340 1680 368 suscitantem

886 382 972 409 Deutu
988 383 1062 417 quod
1081 383 1201 409 solutum
1214 389 1282 416 erat,
1299 384 1502 419 complectitur.

1184 450 1261 478 CAP.
1282 450 1375 477 XLIX.

926 529 935 545 ι
954 519 1022 553 Quia
1042 528 1069 547 ιιι
1085 521 1145 554 ipso
1163 519 1300 546 inhabitat
1315 519 1406 546 omnis
1416 519 1559 553 plenitudo
1572 520 1678 547 Divini-

885 566 949 594 tMis
972 565 1198 601 corporaliter“,
1225 575 1234 591 ι
1262 565 1405 592 evidenter
1431 565 1458 591 in
1487 566 1679 600 praaappellato

888 613 1009 645 Christo,
1027 613 1131 639 dictum
1155 617 1197 639 est
1219 612 1253 639 ab
1276 612 1417 646 Apostolo.
1431 612 1574 644 Quomodo
1596 612 1679 647 igitur

883 667 938 686 non
964 660 1018 686 alia
1045 664 1143 686 natura
1171 663 1214 685 est
1242 658 1386 693 plenitudo
1415 658 1580 690 Divinitalis,
1606 659 1678 693 apud

883 705 1036 737 Christum,
1053 705 1074 732 si
1092 705 1164 731 aliud
1185 704 1212 731 in
1227 704 1320 738 aliquo
1330 708 1372 730 est
1386 711 1417 730 ac
1429 704 1502 738 quod
1517 703 1545 730 in
1561 704 1613 730 isto
1625 709 1677 735 est.

883 756 910 778 et
924 751 1083 778 inhabitans
1097 750 1131 777 ad
1152 750 1353 777 inhabitatum?
1367 750 1431 777 Tale
1454 758 1552 785 nempe
1576 755 1618 777 est
1639 755 1677 782 et,

883 798 958 824 Deus
974 802 1033 824 erat
1045 797 1071 823 in
1085 797 1205 823 Christo.
1221 796 1317 831 Igitur,
1332 796 1442 831 quando
1457 797 1560 823 dictant
1577 802 1628 828 est,
1644 797 1677 824 ad

35 841 106 876 Πρὸς
135 842 231 876 φθόνον
257 842 383 868 ἐπιποθεῖ
405 841 434 868 τὺ
451 842 570 875 πνεῦμα,
588 841 601 867 ὃ
622 841 781 877 κατῴκησεν
800 843 829 867 ὲν

883 843 1012 870 invidiam
1036 842 1132 869 incitat
1147 841 1267 876 Spiritus
1282 842 1329 876 qui
1356 842 1516 869 inhabitavit
1537 842 1564 869 in
1585 842 1676 872 nobis.

34 887 112 921 ἡμῖν,
127 887 221 922 ἕτερον
240 888 320 922 ἡμεῖς
342 888 390 914 καὶ
407 887 501 922 ἓτερον
517 887 548 913 τὺ
564 887 709 913 κατοικοῦν
724 888 752 913 ἐν
765 888 829 922 ἡμῖν

34 932 155 967 πνεῦμα,
175 933 264 959 εἴτονν
279 933 295 967 ἡ
309 932 382 967 ψυχὴ
401 933 490 967 ἡμῶν·
504 933 550 959 καὶ
561 933 626 959 ὅταν
642 933 718 969 λέγῃ·
738 933 788 959 Ἐα
803 933 830 959 δὲ

33 981 100 1011 τοὺς
116 981 312 1011 κατοικοῦντας
328 981 428 1012 οἰκίαις
445 981 581 1015 πηλίναις,
598 981 626 1014 ἐξ
641 978 682 1007 ὧν
694 981 740 1007 καὶ
754 981 831 1007 abit).

37 1028 71 1053 ἐκ
88 1026 135 1052 τοῦ
151 1026 234 1053 αὐτοῦ
250 1026 335 1062 πηὶοῦ
349 1027 442 1062 ἐσμεν·
465 1028 543 1062 ἡμεῖς
566 1025 611 1054 οὖν
626 1028 717 1063 ἕτερος
734 1027 828 1061 πηλὸς,

33 1073 82 1099 καὶ
98 1072 166 1108 ἄλλη
184 1074 199 1107 ἠ
221 1073 295 1098 οἰκία
347 1073 458 1108 πηλίνη,
474 1073 489 1108 ἢ
511 1073 600 1106 δῆλον,
621 1073 658 1105 ὡς
679 1074 713 1099 τὰ
730 1073 829 1104 τοιάδε,

33 1119 61 1144 ἐν
77 1127 129 1144 τινι
143 1118 180 1149 ὡς
197 1118 279 1153 μέρος
292 1119 320 1144 ὲν
336 1118 373 1153 τῷ
391 1119 448 1154 ἰδίῳ
461 1119 513 1154 ὅλῳ
525 1119 648 1153 λέγεταις
664 1119 708 1145 Ἐν
721 1119 830 1154 Χριστῷ

33 1163 80 1191 οἶιν
95 1164 132 1199 τῷ
148 1165 188 1190 ἑνὶ
204 1164 440 1200 συντετελεσμένῳ
452 1165 600 1200 προσώπῳ,
612 1165 648 1196 ὡς
664 1165 746 1199 μέρος
757 1165 830 1191 ἐστὶν

33 1209 119 1235 αὑτοῦ
138 1209 187 1243 τῆς
203 1209 378 1240 ὑποστάσεως
400 1210 416 1244 ή
436 1210 546 1243 Bari-mg,
560 1211 587 1235 ἐν
606 1210 679 1244 αὑτῴ
698 1210 829 1245 νοουμένη

34 1255 106 1289 μετὰ
125 1255 175 1289 τὴν
192 1255 331 1288 σάρκωτιν
345 1255 456 1289 ἑαυτῆς*
475 1255 511 1286 ὡς
527 1256 553 1281 δὲ
569 1255 750 1282 κατοικοῦνὲν
766 1265 831 1282 κατ-

33 1299 200 1334 οικουμένῳ·
218 1300 285 1325 διότι
301 1308 332 1334 γε
349 1300 441 1326 τελεία
456 1300 503 1326 καὶ
516 1300 662 1335 ὁλόκληρός
674 1301 732 1327 ἐστι
750 1301 830 1335 φύσις

33 1344 115 1371 τοῦτο
129 1344 158 1370 τὸ
173 1344 210 1377 ὡς
228 1345 310 1379 μέρος
326 1345 472 1379 πρόσωπον
496 1345 682 1380 θεωρούμενον
701 1347 729 1371 ἐν
757 1346 831 1381 αὐτῷ

34 1390 82 1416 καὶ
100 1390 270 1425 ἑτεροούσιον
290 1391 357 1425 πρὸς
377 1391 406 1416 τὺ
421 1392 633 1426 κατοικούμενον
648 1391 730 1418 αὑτοῦ
750 1393 831 1428 μέρος

35 1435 83 1460 ὑπ’
96 1435 180 1470 αὐτῆς
192 1443 198 1448 ⁵
217 1435 320 1462 τοιόσδε
347 1438 400 1471 γὰρ
415 1437 428 1462 ὁ
450 1436 506 1462 τῶν
524 1439 604 1463 οἴκων
625 1437 671 1463 καὶ
684 1438 830 1464 οἰκούντων

34 1481 125 1515 λόγος.
152 1481 188 1506 Τὸ
204 1481 232 1507 δὲ
260 1481 426 1516 σωματικῶς
442 1479 576 1518 εἶναιτὴν
600 1483 759 1518 κατοίκησιν
781 1483 830 1517 τῆς

32 1527 166 1560 Θεότητος
183 1527 211 1552 ἐν
236 1526 355 1562 Χριστῷ,
374 1527 457 1562 ἧγουν
473 1528 501 1553 ἐν
514 1530 547 1563 τῇ
567 1529 649 1563 σαρκὶ
669 1528 763 1561 αὐτοῦ,
779 1530 830 1564 μέ-

33 1580 100 1605 ρους
116 1571 198 1598 αὖτοῦ
212 1571 305 1607 οὔσης,
320 1574 366 1598 καὶ
379 1575 411 1608 τῇ
435 1573 482 1600 τοῦ
503 1574 564 1600 ὅλου
579 1575 747 1610 προσηγορίᾳ
764 1584 830 1601 κατ-

31 1618 232 1654 υνομαςῦείσης
248 1618 306 1644 νῦν*
325 1619 354 1645 οὑ
375 1619 405 1655 το
425 1620 462 1654 μὴ
479 1620 548 1647 κατὰ
566 1621 740 1655 περιγραφὴν
753 1630 830 1647 τοπι-

33 1665 99 1698 κήν·
117 1664 154 1695 ὡς
179 1665 275 1699 ἐτέρας
295 1665 495 1701 περιεχομένης
515 1663 585 1692 εἶναι
604 1666 653 1701 τὴν
668 1666 828 1702 κατοίκησιν

31 1709 176 1744 δυνάμεων
200 1710 249 1743 τῆς
272 1710 454 1746 κατοικούσης
475 1711 584 1745 φύσεως
599 1712 638 1743 είς
666 1711 716 1747 τὴν
738 1721 828 1739 κατοι-

31 1756 185 1792 κουμένην·
204 1757 277 1783 οὕτω
296 1758 350 1792 γὰρ
364 1757 410 1783 καὶ
424 1757 503 1792 μόνον
519 1758 623 1792 πέφυκε
639 1760 775 1785 κατοικεῖν
787 1760 827 1790 εἰς

32 1806 151 1839 σώματα.
174 1805 208 1831 τὰ
229 1804 374 1840 ἀσώματα·
397 1805 444 1831 καὶ
465 1804 535 1840 αὕτη
558 1805 632 1831 ἐστὶν
649 1806 665 1840 ἡ
683 1805 827 1841 σωματικὴ

31 1849 164 1875 κατοικία
186 1849 239 1875 τῶν
264 1849 434 1884 ἀσωμάτωνο
452 1849 482 1875 οὐ
512 1849 582 1876 κατὰ
598 1849 744 1884 περίληψιν
764 1858 828 1884 συγ-

31 1895 202 1928 κλειομένων
220 1894 273 1921 τῶν
287 1895 500 1930 ἀσχηματίστων
515 1895 554 1926 είς
570 1895 604 1921 τὰ
622 1896 828 1930 ἐσχηματισμέ-

32 1951 78 1972 νοι,
104 1940 162 1967 ἀλλ’
179 1940 297 1967 εἰσδὺσει
325 1941 379 1967 τῶν
401 1941 509 1967 οἰκείων
526 1941 666 1975 δυνάμεων
690 1941 720 1967 τὸ
749 1942 828 1976 φύσει

31 1986 174 2021 ἀδύναμον
196 1987 264 2022 πρὸς
288 1987 430 2022 ἐνέργειαν
455 1986 665 2022 δυναμούντων·
686 1987 734 2014 καὶ
758 1987 829 2020 οὕτω

33 2035 103 2070 μίαν
119 2033 268 2059 ὑπόστασιν
285 2034 318 2069 τῇ
332 2033 386 2060 τῶν
404 2032 512 2069 φύσεων
528 2033 656 2069 κοινωνίᾳ
668 2033 830 2060 ἀποτελούν-

31 2087 102 2105 των.

70 2157 93 2173 ²¹
112 2157 217 2185 Coloss.
237 2165 255 2185 ιι
280 2158 306 2185 9.

885 888 958 916 aliud
976 896 1027 915 nos
1042 892 1070 915 et
1085 888 1158 915 aliud
1177 887 1337 915 inhabitans
1353 888 1379 914 in
1395 887 1474 914 nobis
1495 887 1611 922 spiritus
1625 892 1677 921 est,

883 936 909 963 id
923 941 964 962 est
980 936 1071 962 anima
1087 939 1180 962 nostra
1197 943 1203 961 :
1217 939 1245 962 et
1262 943 1323 962 cum
1338 935 1439 961 diCillll‘
1453 943 1459 962 :
1477 944 1486 959 ι
1507 934 1612 969 Linque
1630 943 1679 962 au-

883 988 937 1011 tem
951 983 1137 1010 inhabitantes
1147 982 1276 1009 domibus
1289 982 1381 1013 luteis,
1397 989 1412 1008 e
1425 981 1526 1016 quibus
1539 985 1566 1008 et
1580 981 1631 1015 ipsi
1644 989 1678 1008 ex

881 1029 979 1056 codem
1006 1028 1064 1056 luto
1090 1035 1206 1060 sumus;
1227 1037 1235 1053 ι
1261 1035 1312 1054 nos
1335 1027 1418 1062 igitur
1436 1027 1510 1054 aliud
1533 1027 1632 1059 lutum,
1650 1031 1678 1054 et

885 1074 958 1102 aliud
979 1074 1077 1101 domus
1093 1074 1177 1105 lutea,
1192 1077 1239 1100 aut
1256 1077 1331 1108 patet
1346 1073 1404 1100 hree
1418 1073 1481 1100 talia
1498 1073 1525 1099 in
1540 1073 1632 1107 aliquo
1649 1078 1679 1099 ut

881 1125 991 1156 partem
1015 1120 1041 1146 in
1067 1119 1227 1155 particulari
1247 1123 1305 1146 toto
1322 1118 1396 1145 dici?
1419 1119 1448 1146 In
1467 1118 1579 1146 Christo
1600 1126 1676 1154 ergo,

885 1174 939 1193 una
959 1166 1095 1200 completa
1109 1173 1237 1200 persona,
1254 1170 1283 1192 ut
1297 1171 1360 1199 pars
1380 1169 1421 1191 est
1437 1164 1511 1191 illius
1525 1164 1678 1192 subsisten-

883 1212 927 1239 lim
943 1212 1088 1243 Divinitas,
1106 1212 1132 1238 in
1151 1212 1198 1239 illo
1216 1212 1353 1239 intellecta
1374 1214 1436 1245 post
1453 1218 1530 1237 suam
1550 1210 1677 1237 incarna-

883 1259 998 1292 tionem,
1020 1263 1050 1286 ut
1072 1258 1230 1285 inhabitans
1254 1257 1282 1284 in
1304 1255 1469 1284 inhab‘itato.
1493 1255 1676 1288 Quamobrem

881 1306 1003 1340 perfecta
1019 1309 1048 1332 et
1063 1304 1199 1338 completa
1224 1307 1267 1330 est
1290 1307 1389 1330 natura
1410 1302 1466 1334 illa,
1487 1305 1519 1328 ut
1539 1308 1603 1336 pars
1622 1305 1675 1332 est.

882 1359 1000 1387 persona
1022 1351 1049 1378 in
1075 1351 1134 1386 ipso
1156 1349 1274 1377 visibilis
1290 1354 1318 1376 et
1340 1348 1455 1376 alterius
1470 1347 1630 1375 substantia
1644 1354 1678 1374 ac

882 1405 946 1432 pars
962 1397 1036 1424 illius
1051 1396 1202 1423 inltabitata
1216 1388 1326 1428 abilla;
1345 1395 1406 1422 talis
1419 1394 1492 1422 enim
1512 1397 1555 1421 est
1570 1392 1676 1420 habita-

883 1443 989 1470 tionum
1010 1446 1038 1469 et
1061 1441 1245 1469 habitantium
1269 1439 1350 1467 ratio.
1372 1439 1559 1475 Corporaliter
1583 1442 1677 1477 autem

883 1489 1037 1516 inhabitare
1060 1487 1235 1515 Divinilatem
1255 1486 1283 1513 in
1304 1485 1435 1516 Christo.
1458 1488 1524 1520 puta
1549 1485 1577 1512 in
1602 1485 1676 1513 illius

859 1528 867 1538 ’
883 1542 976 1566 carne,
995 1542 1056 1568 qua:
1079 1533 1153 1561 illius
1177 1540 1240 1568 pars
1266 1537 1318 1565 est,
1336 1537 1363 1559 et
1383 1532 1468 1559 totius
1491 1531 1675 1566 appellatione

882 1588 955 1607 nunc
968 1580 1108 1607 nominata
1123 1583 1175 1611 est,
1193 1586 1247 1605 non
1262 1586 1311 1613 per
1325 1578 1440 1605 loealem
1455 1577 1484 1605 ﬁt
1500 1577 1676 1604 circumscri-

881 1627 1013 1663 ptionem,
1031 1627 1068 1653 ita
1094 1630 1123 1654 ut
1143 1626 1197 1653 alia
1217 1625 1386 1652 circumdata
1403 1625 1439 1652 sit
1454 1623 1618 1651 inltabitatio
1634 1623 1674 1650 fa-

880 1673 1015 1701 cultatum
1025 1671 1205 1699 inhabilantis
1213 1677 1328 1702 naturze,
1339 1671 1365 1698 in
1376 1670 1527 1698 inbabitata
1536 1678 1542 1696 :
1551 1669 1590 1696 sic
1598 1669 1673 1696 enim

880 1717 1015 1753 contingit
1032 1717 1060 1744 in
1076 1716 1241 1751 corporibus
1255 1716 1412 1743 inhabitare
1430 1714 1630 1749 incorporalia;
1645 1717 1674 1740 et

881 1763 928 1790 illa
943 1769 985 1790 est
1010 1762 1160 1797 corporalis
1181 1761 1346 1795 inhabitatio
1368 1760 1597 1795 ineorpomlium;
1616 1766 1672 1786 non

881 1816 931 1843 per
944 1807 1125 1834 inelusionem
1141 1807 1324 1834 insidentibus
1340 1806 1384 1833 his
1403 1814 1464 1841 quae
1486 1805 1601 1832 fortnam
1616 1812 1672 1832 non

882 1853 987 1880 habent
1007 1852 1034 1879 in
1052 1852 1106 1879 illis
1126 1860 1187 1887 quae
1202 1852 1315 1887 habent,
1331 1852 1378 1879 sed
1393 1860 1442 1886 per
1458 1850 1671 1878 insinuationem

884 1899 1059 1934 propriarum
1076 1899 1236 1925 facultatum
1253 1898 1326 1933 quod
1348 1903 1444 1925 natura
1462 1897 1553 1924 debile
1574 1901 1615 1924 est
1627 1903 1671 1923 rn-

878 1946 945 1973 bore
968 1945 1193 1976 instaurantium,
1208 1949 1236 1971 et
1259 1945 1295 1971 ita
1320 1952 1401 1971 unam
1421 1943 1627 1971 subsistentiam
1648 1945 1675 1971 in

879 1995 1041 2019 naturarum
1058 1990 1254 2019 communitate
1270 1990 1481 2025 perﬁcientium.
