1968 3094
70 121 137 153 1605

549 121 748 152 ADVERSUS
767 120 1042 151 NESTORIANOS.
1054 134 1087 139 —
1099 122 1172 152 LIB.
1195 122 1251 152 Ill.

1627 123 1695 157 1606
1724 118 1729 130 ‘

67 178 120 213 μὴν
134 176 290 211 Νικόδημος
306 175 408 207 τέλειός
424 184 454 202 τε
479 173 516 210 ἦν
535 175 593 207 υίὸς
610 175 683 202 κατὰ
705 175 795 210 σάρκα
810 176 850 202 καί

908 181 936 203 et
950 184 1069 211 sequere
1091 176 1263 207 me',Adhuc
1283 177 1398 211 insuper
1415 177 1583 205 Nicodcmus
1607 180 1698 213 perfe-

63 225 95 250 ἑκ
108 222 205 249 πολλοῦ
222 222 422 256 γεγεννημένος
439 221 582 257 ἄιορωπος
592 229 599 237 ·
616 221 684 257 πρὸς
699 221 768 248 δὲτὸ
783 218 854 248 εἶναι

62 270 110 304 οὐχ
134 267 228 298 ἁπλῶς
243 268 310 294 ἀλλᾶ
324 268 509 302 πνευματικὸς
521 267 674 303 ἅνθρωπος,
689 267 738 302 τῆς
751 267 795 293 διὰ
809 267 854 293 τοῦ

63 315 219 350 ΙΙνεύματος
242 315 326 341 ἐδεῖτο
353 314 561 350 ἀναγεννήσεως
588 314 634 340 καὶ
665 314 854 349 τελειότητο;”

62 360 141 387 Οὕτω
154 360 219 394 γοῦν
237 361 285 387 καὶ
305 361 318 386 ὁ
333 360 430 394 Λόγος,
447 360 487 391 εἰς
503 360 534 386 τὸ
553 359 622 386 εἶναι
641 360 706 391 Υἱὸς
724 359 791 386 Θεοῦ
807 359 855 386 καὶ

62 406 138 437 Θεὸς,
164 405 276 437 τελείως
302 402 374 440 εἶχεν
398 405 460 432 ἀεί’
481 405 550 440 πρὸς
564 404 593 431 δὲ
620 404 651 431 τὸ
673 404 853 439 ἐκπληρῶσαι

61 451 110 487 τὴν
129 451 196 478 ἰδίαν
212 451 336 477 εὐδοκίαν
353 453 381 477 ἐν
395 451 507 482 οἰκείοις
522 452 581 482 τοῖς
595 450 720 485 ὑστέροις
734 451 852 485 καιροῖς,

62 499 123 524 καθ’
140 498 174 533 ἣν
189 498 238 532 οὐχ
250 498 397 533 ἁρπαγμὸν
421 498 573 533 ἡγούμενος
590 498 620 524 τὸ
635 495 706 524 εἶναι
720 497 766 524 ἶσα
780 497 852 530 θεῷ,

65 545 171 579 μορφὴν
188 544 282 570 δούλου
294 544 386 570 λαϐεῖν
402 545 454 580 πρὸ
481 545 587 577 αἰῲνων
603 544 683 570 ὢδινε
709 544 757 570 καὶ
788 551 855 578 προ-

63 590 163 624 ὡρισεν
178 590 267 624 ἐαυτῷ
279 598 285 605 ⁵
307 590 354 616 καὶ
371 591 436 625 πρὶν
462 590 574 625 ποιῆσαι
600 590 633 616 τὰ
647 590 744 622 πάντα,
761 589 809 623 τὴν
825 590 853 615 ὲν

61 636 172 672 Χριστῷ
190 637 298 663 πάντων
316 636 555 671 ἀνακεφαλαίωσιν
569 636 616 662 καὶ
630 636 728 662 θέωσιν
745 636 773 661 ἐν
788 636 852 662 ἑαυ-

60 682 99 717 τῷ
115 682 169 708 τῶν
179 683 208 708 οὐ
222 682 301 708 θείων
316 682 433 716 φύσεων,
445 679 555 719 φησιν
566 683 579 709 ὁ
597 681 767 713 Ἀπόστολος,
782 681 853 707 ὲλλι-
879 702 882 704 ν

60 728 119 759 πῶς
139 727 211 763 εἶχεν
237 728 277 754 ἔτι
304 728 370 763 πρὸς
394 729 548 763 φανέρωσιν
564 727 610 754 τοῦ
646 727 853 764 προορισοέειτος

61 773 136 808 αὑτῴ
152 773 344 809 κεκρυμμένου
362 773 512 809 μυστηρίου
530 774 578 809 τῆς
595 773 662 804 ἰδίας
677 773 852 809 ὲνανορωπή-

61 828 139 850 σεως.
157 820 276 854 Οὐδεμία
293 818 340 846 οόν
363 819 489 845 ἐντεῦθεν
519 820 673 855 κατηγορία
689 821 763 846 ἐστὶν
788 821 852 846 ἁτε-

59 866 146 898 λείας,
171 866 232 892 κατ’
248 866 317 892 ἰδίαν
338 867 488 901 νοουμένης
514 867 638 901 υἰὸτητος
656 866 789 902 ἑκατέρας
805 865 852 900 92'5-
866 859 889 887 Β

60 921 128 944 σεως
141 920 147 928 ·
164 912 232 939 ἀλλὰ
253 912 332 947 χρεία
346 913 424 947 μόνον
439 913 507 948 πρὸς
520 913 718 948 συμπλήρωσιν
732 912 780 947 τῆς
792 912 851 939 κατ’

58 958 184 984 εὐδοκίαν
209 958 276 984 Θεοῦ
305 958 373 993 πρὸς
398 957 559 992 ἀνθρώπους
583 958 707 989 ἐνὼσεως
732 958 851 992 ἑκατέρᾳ

58 1005 138 1038 φύσει
155 1004 206 1038 τῆς
222 1005 319 1039 ἐτέρας
333 1005 372 1036 εἰς
390 1004 565 1039 ἀποτέλεσμα
581 1004 627 1030 τοῦ
654 1002 724 1032 εἶναι
746 1005 779 1030 ὲκ
797 1003 851 1030 τῶν

58 1051 223 1085 πεφυκότων
243 1050 461 1085 διακεκριμένως
487 1051 516 1076 ἐν
536 1050 676 1085 διαφόροις
696 1049 849 1076 ὑποστάσε-

59 1106 101 1124 σιν
116 1097 232 1131 ὁρᾶσθαι
251 1096 358 1131 φύσεων
379 1098 426 1123 καὶ
446 1097 578 1132 υἰοτὴτων
606 1097 729 1130 τελείων,
745 1096 806 1123 καθ’
822 1096 851 1122 ἓν

57 1143 90 1169 τὸ
107 1143 190 1169 αὐτοῦ
211 1143 358 1177 πρόσωπον
384 1142 512 1176 γενέσθαι
534 1143 690 1169 συνέλευσιν
703 1149 709 1156 ·
727 1143 774 1169 καὶ
788 1142 851 1169 τάδε

59 1189 109 1224 μὲν
123 1188 220 1220 οὕτως.
238 1188 269 1214 Εἰ
281 1186 327 1215 οὖν
343 1188 409 1215 διότι
426 1189 510 1224 ἄμφω
526 1189 596 1224 μέρη
610 1189 719 1223 λέγεται
735 1189 772 1220 ὡς
784 1190 852 1224 πρὸς

56 1235 88 1260 τὸ
105 1234 164 1260 δλον
183 1234 272 1266 τέλος,
291 1233 418 1260 τουτέστι
442 1234 569 1269 Χριστὸν,
588 1234 631 1260 διὰ
650 1234 708 1260 τόδε
724 1234 805 1269 ἀτελῆ
821 1242 850 1260 τε

57 1279 151 1311 ἁπλῶς
170 1279 215 1305 καὶ
233 1280 342 1314 ἰσότιμα
359 1279 429 1314 μέρη
446 1279 511 1305 *τάδε
527 1279 607 1313 φατὲ,
621 1279 674 1315 ἄρα
686 1288 717 1313 γε
732 1280 792 1305 ἐπεὶ
803 1280 851 1305 καὶ

58 1324 128 1360 πρὸς
144 1325 175 1351 τὸ
191 1325 252 1351 ὅλον
268 1325 345 1356 τέλος
368 1323 416 1350 τοῦ
436 1324 549 1359 ὁπλίτην
578 1325 674 1351 ἑαυτὸν
698 1325 850 1360 ἐμφανίσαι

56 1371 97 1406 τῷ
112 1371 219 1406 στρατῴ
235 1372 281 1397 τὸν
298 1370 464 1405 στρατηγὸν,
480 1371 562 1406 μέρος
574 1379 604 1397 τε
619 1370 700 1402 αὑτός
713 1371 782 1401 ἐστι,
800 1370 848 1397 καὶ

55 1417 88 1443 τὸ
102 1417 185 1443 ὅπλον
200 1416 294 1449 αὑτοῦ,
314 1416 414 1451 ὀμοῖως
437 1416 520 1450 ἀτελῆ
546 1416 630 1451 ἄμφω
652 1417 743 1443 ἐστίν·
767 1417 814 1443 καὶ
837 1417 851 1443 ὁ

58 1463 110 1498 μὲν
126 1463 181 1490 οὐδ’
198 1465 236 1495 εἰς
251 1463 422 1498 ἀνθρώπους,
439 1463 469 1488 τὸ
491 1462 519 1489 δὲ
537 1464 578 1494 εἰς
594 1463 624 1489 τδ
641 1463 722 1489 ὅπλον
736 1461 806 1489 εἶναι
818 1463 849 1489 οὐ

56 1509 265 1544 λογισθήσεται·
284 1510 315 1536 οὔ
331 1509 462 1536 διοίσουσί
482 1517 512 1535 τε
532 1508 666 1544 ἀλλήλων,
690 1510 752 1536 ἐπεὶ
768 1509 850 1544 μέρος

57 1558 160 1591 μέρους
185 1555 261 1582 οὐδὲν
298 1556 423 1591 διαφέρει
449 1555 556 1590 ἀληθῶς
581 1555 648 1582 καθὸ
679 1556 777 1591 μέρος·
806 1558 852 1582 καὶ

56 1603 153 1635 ἁπλῶς
173 1603 283 1637 ἰσότιμα
303 1602 379 1629 ἔσται
395 1603 455 1629 καθ’
474 1603 545 1637 ὑμᾶς
562 1603 610 1629 καὶ
628 1602 704 1633 τάδε,
725 1602 853 1637 ἁγχινού-

57 1657 162 1675 στατοι.
179 1648 248 1674 Ἀλλ’
261 1648 313 1674 ὑπο
331 1648 481 1680 συνειδότος
496 1649 655 1684 βαλλόμενοι
663 1649 701 1683 μὴ
712 1646 853 1683 ἀποχρών-

55 1703 112 1726 τως
128 1694 201 1729 ἕχειν
223 1695 263 1726 εἰς
279 1694 430 1728 ἀπολογίαν
449 1695 498 1729 τῆς
516 1695 620 1722 ἑαυτῶν
641 1694 853 1729 δεισιδαιμονίας

56 1742 108 1772 τὰς
144 1740 293 1776 εἰρημένας
321 1741 417 1772 αὐτοῖς
441 1741 620 1774 αἰτιολογίας,
651 1741 748 1776 ἐτέρας
770 1740 852 1767 πάλιν

56 1786 187 1822 ἀφορμὰς
218 1787 451 1822 μεταποιοῦνται,
481 1787 519 1818 ὡς
547 1787 705 1820 ἀναγκαίως
723 1786 852 1813 ἁσεσοῦσι

57 1832 166 1860 πείθειν
185 1833 429 1868 ἀποπειρώμενον
449 1833 517 1866 φασὶ
533 1832 597 1866 γοῦν
611 1832 659 1858 καὶ
676 1831 749 1858 τάδε’

323 1880 330 1884 “
359 1888 489 1914 ιςΕψΑΑ.
512 1887 549 1913 ιιι.

99 1943 130 1970 'O
145 1943 249 1980 κυρίως
264 1943 332 1974 υἰδς,
349 1942 411 1974 ὅλος
428 1942 488 1968 ἐστὶ
505 1942 552 1968 τοῦ
572 1942 756 1976 γεννήσαντος
773 1941 830 1972 υἱός
843 1949 850 1956 ·

55 1990 136 2016 οὐδὲν
159 1991 212 2024 γὰρ
239 1990 271 2016 ὲκ
303 1989 403 2024 μέρους
429 1988 461 2015 ὃν
490 1988 522 2014 ἐκ
549 1997 631 2019 τινος,
649 1987 758 2022 λέγεται
773 1988 851 2014 τοῦδε

56 2035 129 2066 υἱός·
149 2034 207 2061 ἀλλ’
227 2034 288 2060 οὐδὲ
310 2035 402 2070 Ξατὴρ
423 2035 497 2060 ἐστιν
520 2034 534 2059 ὁ
555 2033 657 2068 μέρους
681 2033 777 2063 αἴτιος,
806 2032 852 2059 καὶ

55 2081 88 2107 οὐ
103 2081 150 2107 τοῦ
168 2080 244 2107 ὅλου’
261 2065 357 2116 (ipsaet
376 2080 438 2106 ὅλου
453 2079 500 2106 τοῦ
520 2080 552 2105 ὲκ
568 2078 658 2114 ψυχῆς
672 2078 785 2114 λογικῆς
804 2079 853 2104 καὶ

57 2127 186 2161 σώματος
201 2125 272 2158 ζὼου
292 2126 441 2161 λεγομένου
460 2125 520 2152 υἰοῦ
538 2124 683 2160 ἀνθρώπου
695 2132 702 2139 ·
720 2125 744 2150 εἰ
761 2124 851 2160 συμϐῇ

55 2172 154 2199 τούτου
171 2173 200 2198 τὸ
216 2172 245 2198 ἓν
262 2172 345 2207 μέρος
361 2172 445 2207 χωρὶς
462 2171 577 2206 θατέρου
591 2171 641 2205 τῆς
659 2170 765 2206 μήτρας
776 2170 852 2202 ἐξελ-

56 2219 126 2248 οεῖν,
144 2217 312 2253 ἐξάμῧλωμα
325 2218 373 2244 καὶ
387 2218 435 2252 οὐχ
448 2217 505 2244 υίδν
521 2217 581 2248 ἔθος
601 2217 668 2251 ἡμῖν
690 2215 846 2250 ὀνομάζειν,

55 2264 192 2299 ἕκτρωσίν
214 2272 243 2290 τε
263 2264 308 2290 καὶ
330 2264 361 2290 οὐ
380 2263 506 2298 γέννησιν
522 2262 568 2288 ἐπί
595 2262 641 2288 τοῦ
663 2261 797 2289 τοιούτου.
818 2261 850 2287 Εἰ

56 2308 105 2337 οὖν
119 2311 150 2336 ἐκ
166 2310 263 2345 μέρους
276 2309 333 2336 υἰδν
352 2308 497 2344 ἀνθρώπου
511 2308 580 2342 φατὲ
600 2307 646 2333 τὸν
657 2307 785 2341 Χριστὸν,
802 2307 850 2342 δῆ-

55 2356 103 2383 λον
121 2356 157 2387 ὡς
179 2356 238 2382 οὐδὲ
264 2355 369 2390 πατρὸς
387 2354 489 2390 κυρίως
510 2353 571 2383 οὐδὲ
590 2354 641 2388 τῆς
667 2353 770 2388 μητρός
787 2360 794 2368 °
807 2352 849 2378 τί-

55 2411 102 2433 νος
120 2399 166 2428 οὖν
189 2402 247 2427 ἐστι
276 2401 358 2435 φύσει
383 2400 451 2432 υἱὸς,
476 2399 571 2432 λέγετε
591 2400 668 2434 ἡμῖν.
690 2398 722 2424 Τί
753 2395 808 2428 οὖν,
827 2394 849 2424 ὦ

54 2445 141 2479 οὗτοι,
159 2447 285 2482 ψεύδεται
310 2448 386 2473 πᾶσα
410 2448 426 2482 ἠ
449 2447 515 2480 ἁγία
537 2446 644 2482 Γραφὴ,
662 2445 700 2478 πῆ
721 2445 771 2480 μὲν
785 2444 849 2470 Υἰὸν

53 2492 126 2522 Θεοῦ
138 2495 201 2528 ,πῆ
225 2493 253 2519 ἰὲ
273 2493 331 2519 υἱον
355 2492 498 2527 ἀνθρώπου
522 2492 567 2519 τὸν
584 2491 666 2518 αὑτὸν
679 2489 849 2525 ὀνομάζουσα

53 2540 195 2575 Χριστόνς
227 2540 274 2565 καὶ
298 2539 341 2570 τίς
368 2538 403 2565 τὰ
430 2538 552 2573 ὑμέτερα
578 2537 764 2573 ληρῳδήματα
790 2535 845 2562 τῶν

54 2585 137 2612 Οείων
156 2585 372 2620 προαποδέξεται
399 2584 548 2620 ρημάτων;
565 2583 591 2609 τί
607 2583 636 2610 δὲ
658 2582 788 2617 λέγοιμεν
801 2581 848 2608 ἐπὶ

54 2630 188 2664 Χριστοῦ,
209 2630 257 2657 καὶ
277 2630 323 2656 ἐπὶ
346 2629 412 2655 Υἰοῠ
423 2638 430 2662 ;
443 2630 467 2655 εἰ
491 2629 558 2664 γὰρ,
575 2627 648 2655 καθὰ
664 2628 711 2654 καὶ¹
724 2628 803 2662 ὑμεῖς
819 2628 848 2653 ἐν

53 2678 113 2708 τοῖς
134 2677 208 2708 ἰδίοις
235 2677 365 2713 εἰρήκατε
394 2677 536 2708 πολλάκις.
554 2677 586 2703 ἐκ
606 2676 708 2712 μέρους
735 2676 784 2702 καὶ
802 2675 848 2701 τίιν

52 2723 200 2759 ἄνθρωπον
223 2724 304 2751 αὑτὸν
325 2724 386 2751 ὅλον
410 2723 488 2751 καλεί
502 2724 538 2750 τὰ
557 2723 618 2758 ἰερα
639 2723 735 2757 Λόγια,
751 2722 789 2753 ὡς
804 2721 845 2755 τὸ,

56 2771 130 2805 Πρὸς
148 2770 177 2796 σὲ
193 2771 260 2806 σὰρξ
276 2770 350 2806 ἡξει·
367 2771 414 2797 καὶ
429 2770 469 2803 τὸ,
488 2780 496 2796 I
515 2769 614 2797 Ίακὼῦ
624 2771 651 2798 δὲ
666 2769 790 2805 εισῆλοεν
806 2769 847 2800 εἰς

89 2856 96 2870 ³
114 2852 209 2881 Iviatth.
228 2860 284 2885 xu,
304 2853 326 2880 l.
365 2853 383 2867 "
400 2853 502 2887 Ephes,
521 2861 538 2885 ι,
560 2853 585 2881 ‘J.

908 225 969 248 ctus
984 227 1044 249 erat
1060 223 1134 249 ﬁlius
1150 222 1302 250 secundum
1313 230 1423 249 carnem
1439 227 1467 249 et
1482 230 1514 249 ex
1528 224 1615 251 multo
1627 229 1698 252 teut-

907 275 975 302 pore
998 268 1088 295 factus
1110 269 1216 295 homo:
1236 273 1268 295 ut
1293 277 1360 296 vero
1376 274 1450 296 esset
1467 278 1522 297 non
1535 270 1699 304 simpliciter

906 314 954 342 sed
968 314 1121 350 spiritualis
1136 315 1232 346 homo,
1256 323 1372 342 necesse
1390 320 1451 342 erat
1467 316 1544 342 illum
1562 324 1576 343 a
1592 316 1697 350 Spiritu

906 360 1064 394 regenerari
1078 365 1106 387 et
1118 360 1224 395 perﬁci.
1247 360 1292 387 Sic
1311 366 1339 388 et
1355 361 1458 392 Verbo,
1479 369 1509 387 ut
1526 366 1599 388 esset
1611 362 1698 389 Filius

905 406 954 433 Dei
972 411 1000 434 et
1015 407 1098 438 Deus,
1115 407 1183 433 nihil
1208 415 1328 441 unquam
1343 407 1433 434 deluit
1448 417 1453 434 :
1473 408 1520 434 sed
1535 408 1569 434 ad
1582 409 1696 443 explen-

905 452 967 480 dam
980 453 1120 487 propriam
1131 453 1320 488 apparentiam
1331 453 1357 479 in
1371 453 1504 488 proximis
1515 454 1696 488 temporibus.

902 497 979 532 juxta
998 505 1080 532 quam
1096 505 1151 524 non
1171 498 1297 532 rapinam
1317 499 1469 525 arbitratus
1486 507 1515 526 se
1530 507 1591 526 esse
1605 508 1697 534 aequa-

904 543 958 570 lem
975 544 1032 571 Deo
1052 543 1168 570 formam
1191 545 1262 572 serti
1281 545 1407 579 accipere
1426 549 1490 572 ante
1505 545 1605 572 saecula
1624 545 1698 572 desi-

905 590 1014 617 deravit
1037 594 1064 616 et
1087 598 1116 617 se
1135 590 1362 625 praedestinavit:
1379 595 1408 618 et
1427 597 1576 625 antequam
1593 591 1697 618 laceret

905 635 1165 668 omnia,inChristo
1176 635 1299 662 omnium
1314 636 1530 671 assumptionem
1544 641 1571 663 ct
1585 635 1696 663 deiﬁca-

907 682 1008 709 tionem
1033 682 1059 708 in
1085 683 1178 717 seipso
1200 685 1363 709 naturarum
1388 690 1444 708 non
1472 681 1640 713 divinarum,
1657 682 1696 708 illi

905 727 1009 762 aliquid
1030 727 1126 755 deerat
1141 748 1147 759 ,
1166 732 1197 754 ut
1218 728 1257 755 ait
1280 728 1430 762 Apostolus
1446 727 1516 758 ",ad
1537 727 1696 754 manifesta-

906 775 1009 801 tionem
1026 775 1148 810 mysterii
1165 774 1323 801 absconditi
1343 775 1394 809 ipsi
1420 774 1611 809 przedcstiuati
1633 782 1698 808 pro-

905 822 971 855 pris:
984 822 1175 848 humanitatis.
1194 821 1273 848 Nulla
1295 821 1359 848 inde
1380 821 1465 856 igitur
1484 826 1527 848 est
1551 821 1622 847 ratio
1644 821 1697 847 im-

905 867 1083 901 pcri'ectionis
1101 888 1107 900 ,
1134 867 1201 894 licet
1226 866 1323 894 ﬁliatlo
1349 867 1567 902 uniuscujusque
1593 870 1697 892 natura:

905 919 1031 938 seorsum
1054 911 1250 938 consideretur
1268 919 1274 938 :
1292 911 1340 938 sed
1368 915 1397 938 ut
1421 911 1608 946 contplerctur
1631 909 1696 936 υιίο

905 957 943 984 ita
959 961 988 984 ut
1004 964 1097 984 cornuti
1113 956 1273 983 hominibus
1290 956 1363 983 Deus
1377 961 1534 991 appareret,
1546 955 1697 990 unicuique

904 1007 1011 1030 natura:
1024 1003 1111 1030 altera
1125 1007 1224 1029 natura
1239 1010 1309 1037 opus
1325 1006 1397 1035 erat,
1415 1006 1445 1028 ut
1461 1006 1568 1029 natura:
1582 1006 1610 1029 et
1629 1001 1697 1028 ﬁlia-

906 1050 995 1077 tiones
1013 1049 1151 1084 periectm,
1170 1053 1241 1083 aptar-
1261 1048 1392 1076 distincte
1416 1049 1443 1075 iu
1473 1048 1592 1076 diversis
1610 1049 1697 1084 hypoo

904 1095 1026 1123 stasi‘bus
1054 1095 1154 1125 videri.
1186 1099 1422 1130 contponerentur
1453 1100 1483 1122 ut
1510 1095 1537 1122 in
1569 1095 1695 1130 ejusdem

904 1146 1049 1173 personam
1063 1139 1243 1166 convenirent
1260 1148 1266 1166 :
1288 1147 1349 1174 qua:
1365 1139 1479 1174 quidem
1499 1140 1547 1166 ita.
1561 1139 1589 1167 Si
1611 1140 1697 1175 igitur

905 1184 975 1211 dttas
989 1189 1092 1219 partes,
1121 1190 1268 1220 propterea
1284 1185 1359 1221 quod
1384 1186 1417 1212 ad
1443 1185 1526 1213 ﬁnem
1552 1178 1652 1219 totum,
1670 1186 1696 1213 id

905 1235 958 1262 est,
976 1231 1130 1263 Christum,
1147 1236 1273 1267 vergant,
1292 1231 1467 1266 imperfectas
1491 1232 1655 1267 simpliciter
1669 1238 1697 1265 et

904 1277 964 1312 pari
991 1278 1098 1304 honore
1121 1277 1214 1305 dicitis
1241 1278 1392 1310 habendas,
1422 1278 1495 1305 idem
1513 1278 1638 1313 profecto
1661 1277 1697 1305 de

904 1323 975 1350 duce
987 1323 1034 1358 qui
1047 1323 1081 1350 ad
1097 1324 1178 1350 tinctu
1197 1328 1283 1350 totum
1298 1324 1395 1351 militis
1411 1324 1437 1351 in
1454 1324 1578 1351 exercitu
1593 1324 1695 1359 vergit.

904 1369 1052 1396 dicendutn
1081 1369 1136 1396 erit
1159 1378 1167 1396 :
1193 1370 1252 1404 ipse
1277 1375 1321 1397 est
1346 1378 1420 1405 pars,
1445 1378 1510 1405 pars
1533 1374 1597 1397 sunt
1623 1370 1696 1396 illius

904 1405 991 1448 arma,
1005 1423 1083 1450 teque
1098 1415 1180 1442 ambo
1191 1420 1257 1443 sunt
1272 1415 1434 1450 imperfecta
1450 1425 1457 1442 :
1474 1416 1529 1443 dux
1545 1415 1608 1443 ideo
1626 1415 1696 1443 nihil

904 1461 975 1488 inter
990 1461 1127 1494 homines,
1142 1469 1218 1488 arma
1233 1461 1302 1488 nihil
1318 1461 1391 1489 inter
1406 1470 1482 1490 arma
1495 1462 1697 1496 computabun-

906 1510 970 1534 tur:
988 1506 1044 1533 dux
1071 1515 1127 1534 non
1154 1507 1266 1535 differet
1292 1507 1326 1534 a1)
1351 1507 1447 1539 armis,
1477 1508 1580 1542 quippe
1598 1515 1663 1542 pars
1680 1514 1696 1534 a

904 1557 980 1588 parte
992 1558 1130 1588 quatenus
1147 1559 1187 1584 est
1201 1561 1274 1589 pars,
1290 1561 1346 1581 non
1363 1561 1429 1581 vere
1441 1553 1553 1581 diﬂ‘erat
1566 1563 1573 1580 :
1588 1558 1617 1581 et
1628 1554 1696 1581 sim-

904 1599 1015 1634 plicitcr
1033 1599 1105 1635 apud
1124 1607 1175 1627 vos
1190 1600 1250 1634 pari
1272 1600 1378 1627 honore
1395 1604 1488 1632 erunt,
1501 1604 1529 1627 et
1541 1600 1599 1627 haec
1617 1608 1695 1635 saga-

903 1645 1008 1673 cissimi
1037 1646 1174 1677 asseritis.
1203 1645 1255 1674 Sed
1283 1654 1346 1674 cum
1377 1646 1523 1674 manifeste
1547 1647 1694 1682 probatum

903 1691 988 1719 fuerit
1000 1700 1070 1719 vana
1085 1700 1147 1720 esse
1163 1697 1324 1727 argumenta
1340 1700 1402 1726 qua:
1418 1692 1451 1719 ad
1466 1701 1543 1720 suam
1560 1694 1696 1728 supersti-

904 1739 1008 1766 tionem
1029 1738 1159 1766 tuendam
1176 1738 1305 1773 allegant,
1326 1738 1395 1765 alias
1419 1738 1471 1766 sihi
1490 1738 1632 1766 vindicant
1649 1748 1695 1766 oc-

903 1784 1029 1812 casiones
1043 1788 1073 1810 ut
1086 1784 1280 1811 necessitatem
1295 1792 1351 1811 sua:
1367 1784 1518 1818 impietatis
1533 1792 1693 1819 persuasam

903 1830 1035 1858 efﬁciant.
1050 1830 1112 1857 llaec
1124 1829 1209 1865 igitur
1225 1829 1333 1857 dicunt.

1233 1887 1309 1915 CAP.
1331 1888 1364 1915 ΙΙ.

938 1944 989 1977 Qui
1007 1949 1050 1971 est
1076 1944 1189 1979 proprie
1215 1943 1289 1971 ﬁlius
1303 1964 1310 1977 ,
1331 1948 1404 1972 totus
1423 1948 1465 1971 est
1487 1944 1547 1980 ejus
1563 1945 1610 1980 qui
1629 1953 1693 1972 eum

903 1990 1001 2025 genuit
1025 1990 1098 2016 [ilius
1124 1998 1131 2016 :
1156 1990 1231 2017 nulla
1256 1990 1331 2017 enim
1356 1995 1399 2017 est
1423 1998 1490 2026 pars
1505 1999 1566 2026 qua:
1584 1991 1694 2019 dicatur

902 2037 963 2072 ejus
978 2036 1051 2063 ﬁlius
1069 2044 1076 2063 :
1096 2035 1144 2063 sed
1171 2039 1249 2070 pater
1267 2036 1362 2071 nequit
1383 2044 1444 2064 esse
1462 2037 1559 2072 partis,
1573 2037 1640 2072 quin
1657 2038 1693 2064 sit

904 2082 989 2110 totius
1003 2086 1120 2115 auctor;
1135 2082 1172 2110 sit
1190 2082 1346 2117 exemplum
1369 2086 1459 2110 totum
1483 2083 1556 2117 quod
1584 2088 1693 2110 constat

903 2135 936 2154 ex
950 2127 1043 2154 anima
1065 2127 1196 2155 rationali
1219 2131 1248 2154 et
1268 2135 1386 2162 corpore
1411 2127 1517 2155 viventi
1539 2133 1649 2156 constat
1664 2133 1693 2156 et

903 2173 976 2208 quod
990 2173 1093 2201 dicitur
1108 2173 1182 2201 ﬁlius
1196 2173 1317 2201 hominis
1331 2182 1339 2200 :
1355 2174 1378 2201 si
1392 2174 1526 2202 acciderit
1544 2175 1617 2210 quod
1637 2183 1691 2202 una

901 2227 966 2254 pars
983 2219 1064 2246 istius
1077 2219 1162 2247 totius
1175 2219 1235 2247 sine
1250 2220 1335 2247 altera
1352 2227 1384 2246 ex
1401 2225 1488 2247 matre
1501 2225 1591 2252 exeat,
1609 2221 1692 2248 ahor-

902 2266 988 2293 tivnm
1007 2270 1035 2293 et
1050 2273 1106 2292 non
1121 2266 1209 2293 ﬁlium
1226 2266 1371 2293 nominare
1394 2266 1525 2299 solemus,
1550 2267 1693 2294 addimus-

901 2319 954 2346 que
973 2311 1101 2338 abortum
1118 2311 1212 2343 fuisse,
1235 2319 1292 2338 non
1307 2311 1491 2339 nativitatem.
1511 2311 1538 2339 Si
1558 2312 1642 2348 igitur
1655 2320 1689 2340 ex

901 2361 978 2392 parte
993 2357 1079 2384 ﬁlium
1094 2357 1215 2385 hominis
1226 2357 1319 2385 dicitis
1337 2358 1491 2390 Christum,
1514 2359 1691 2386 manifestum

900 2408 943 2430 est
959 2403 1033 2437 quod
1051 2411 1102 2430 nec
1115 2403 1201 2438 patris
1219 2403 1341 2438 proprie,
1358 2411 1409 2431 nec
1422 2404 1519 2431 matris
1535 2409 1577 2431 est
1591 2403 1690 2431 ﬁlius":

901 2450 980 2483 cujus
1003 2447 1088 2483 igitur
1104 2453 1202 2475 natura
1217 2447 1253 2475 sit
1267 2448 1352 2479 ﬁlius,
1365 2449 1447 2476 nobis
1461 2449 1691 2482 ostendite.Quid

901 2502 977 2530 ergo,
996 2502 1012 2522 ο
1027 2502 1087 2525 vos,
1101 2490 1234 2521 mentitur
1251 2495 1341 2522 omnis
1362 2494 1504 2529 Scriptura
1519 2503 1607 2527 sacra,
1630 2504 1692 2530 qua:

901 2540 983 2567 modo
1010 2540 1110 2567 Filium
1128 2540 1185 2572 llei,
1208 2540 1289 2567 modo
1305 2540 1391 2567 ﬁlium
1417 2541 1537 2569 hominis
1562 2542 1691 2569 eumdem

902 2586 1026 2614 nominat
1040 2586 1203 2614 Chrislum?
1218 2586 1252 2613 Et
1273 2587 1336 2621 quis
1348 2591 1456 2614 vestras
1479 2595 1566 2623 nugas
1590 2588 1692 2616 divinis

901 2637 1052 2668 anteponet
1082 2633 1283 2661 sermonibus?
1311 2633 1381 2666 Quid
1408 2642 1475 2661 vero
1503 2635 1628 2662 dicamus
1657 2635 1692 2662 de

900 2679 1022 2712 Christo,
1040 2684 1068 2707 et
1090 2680 1124 2707 de
1139 2680 1231 2707 Filio?
1246 2679 1275 2707 Si
1298 2681 1384 2716 enim,
1408 2681 1640 2716 quemadmodum
1663 2686 1691 2709 et

901 2734 950 2754 vos
964 2726 1039 2754 hunc
1060 2727 1192 2762 loquendi
1218 2727 1330 2754 modum
1356 2728 1502 2755 occasione
1522 2728 1585 2755 data
1611 2736 1692 2754 usur-

901 2773 997 2808 pastis,
1023 2781 1057 2800 ex
1084 2779 1162 2808 parte
1193 2773 1332 2801 hominem
1359 2774 1448 2810 ipsum
1475 2778 1562 2801 totttm
1590 2778 1691 2802 vocant
