1968 3094
233 88 298 121 ΙΕΊῖ

864 77 983 108 [ΕΟΝΤ
990 77 997 106 l
1005 77 1016 105 Ι
1037 73 1238 105 BYZANTle

1763 73 1770 76 ‘
1809 65 1872 97 157.13

231 149 310 170 sacra
328 139 456 175 Eloquia,
475 138 548 166 sicut
561 137 587 164 in
600 137 654 164 hoc
665 136 737 168 loco,
751 135 782 162 ad
797 140 822 162 te
833 143 897 162 caro
913 134 1023 166 veniet;
1041 159 1042 162 η

1101 130 1216 164 ῖγυπτον
1233 129 1261 155 ὲν
1275 131 1309 155 οε¹
1329 127 1446 162 ψυχαῖς·
1468 135 1476 150 ι
1499 124 1566 151 ἀλλὰ
1582 124 1629 150 καὶ
1649 125 1681 150 ἐκ
1702 122 1750 150 τοῦ
1768 123 1833 149 ίλίιλ
1848 130 1874 149 :5

231 191 260 214 et
282 186 310 213 in
338 185 402 217 isto,
422 184 507 211 Jacob
523 182 599 210 venit
626 182 653 208 in
676 181 823 216 Algyptum
845 187 907 207 eum
925 179 1023 206 domus

232 240 288 260 sum
301 231 446 259 animabus
458 238 466 257 :
479 238 512 257 ex
527 233 585 256 toto
597 229 680 256 etiam
694 231 799 262 partem
813 226 900 254 solam
913 230 1022 259 vocant,

235 284 266 305 ut
284 278 311 305 in
336 278 389 304 hoc
406 277 478 307 loco,
491 276 534 303 hic
553 275 719 310 sepelierant
735 272 873 301 Abraham
884 276 912 299 et
929 272 1024 300 Saram

234 325 381 360 coniugem
407 324 488 358 ejus:
512 322 601 349 solum
623 321 697 347 enirn
715 327 818 354 corpus
838 318 957 346 Abrahae
980 318 1025 345 hic

235 371 374 406 sepultum
386 374 429 396 est
446 377 453 395 :
470 368 609 403 quomodo
623 375 657 394 ex
672 371 750 401 parte
764 365 849 392 ﬁlium
863 365 1027 392 alterutrius

235 416 395 452 generantis
410 421 509 442 vocare
526 421 600 440 nunc
613 420 670 440 non
691 411 854 440 sustinetis"
869 410 950 438 Certe
966 410 1029 445 qui-

236 463 310 492 dem.
334 462 368 494 si,
387 466 417 488 ut
433 465 461 488 et
479 461 530 495 ipsi
551 460 697 491 dicebatis,
713 459 801 486 solius
818 457 945 493 corporis
965 461 1030 484 sunt

237 506 364 534 auctores
377 506 458 533 nobis
471 505 563 532 carnis
578 510 682 539 patres,
696 508 725 531 et
741 503 898 531 confessum
916 503 951 530 sit
969 510 1029 529 ma—

237 552 338 580 nifeste
350 552 468 579 alterum
486 558 547 578 esse
560 559 594 577 ex
607 555 685 585 patre
699 549 859 584 spirituum,
875 548 1029 576 secundant

238 598 412 633 Apostolum,
424 596 565 632 quomodo
582 596 611 623 ﬁt
625 601 654 623 ut
666 603 763 623 onmes
776 595 904 622 homines
918 594 1032 622 eviden-

240 649 282 671 ter
295 652 329 671 ex
346 648 423 678 parte
440 643 498 675 ﬁlii,
519 651 553 669 ex
565 646 642 676 parte
664 646 755 677 patres
767 649 822 668 non
835 640 1032 668 nominentur?

242 688 387 721 Praeterea,
406 689 429 716 si
446 689 533 724 ipsius
549 689 675 723 corporis
687 696 770 715 causa
795 695 810 715 e
831 687 954 714 masculo
977 695 1031 714 non

243 740 299 763 tota
320 735 365 768 sit,
392 735 440 762 sed
468 735 619 762 femineum
646 734 729 761 etiam
760 733 865 768 aliquid
898 733 1032 764 conferat,

244 789 338 814 unum,
358 781 473 812 scilicet,
489 787 519 808 ut
536 781 614 808 aiunt
631 780 728 815 aliqui,
750 779 895 810 solidiora,
913 780 1031 805 alterunt

1078 176 1161 211 μέρος
1180 176 1260 210 μόνον
1287 174 1379 200 καλεῖ·
1397 173 1435 204 ὡς
1450 171 1495 203 τὸ,
1518 172 1592 198 Ἐκεῖ
1605 170 1709 205 Ξῦαψαν
1733 170 1873 204 Ἀϐραὰμ,

1076 223 1124 249 καὶ
1139 222 1247 258 Σάρραν
1262 221 1311 255 τὴν
1326 220 1445 254 γυναῖκα
1460 217 1556 245 αὐτοῦ’
1574 217 1654 251 μόνον
1668 216 1724 251 γὰρ
1744 217 1775 242 τὸ
1796 216 1875 250 σῶμα.

1084 267 1209 302 Ἀϐραὰμ
1226 267 1285 292 ἐκεῖ
1308 265 1413 300 ὲτάφη²
1431 264 1491 296 πῶς
1515 263 1547 289 ὲκ
1576 263 1676 298 μέρους
1703 262 1742 297 μὴ
1771 262 1874 296 τολμᾷν

1079 314 1173 340 καλεῖν
1197 313 1254 339 υἱὸν
1280 312 1396 347 θατέρου
1421 311 1475 337 τῶν
1493 310 1601 344 φύντων
1620 308 1798 344 νομοθετεῖτε
1814 308 1872 340 viv;

1078 360 1174 387 Καίτοι
1184 367 1228 393 γε,
1242 360 1277 391 εἰ,
1293 359 1331 389 ὼς
1345 358 1393 384 καὶ
1407 357 1484 383 αὐτοὶ
1498 356 1580 391 ἕψητε
1590 375 1597 388 ,
1616 355 1698 390 μόνου
1714 355 1763 381 τοῦ
1783 354 1876 389 σώμα-

1079 406 1123 434 τός
1139 407 1208 432 εἰσιν
1225 404 1307 431 αἴτιοι
1326 405 1391 439 ἡμῖν
1404 404 1429 429 ot
1445 403 1493 437 τῆς
1509 402 1613 436 σαρκὸς
1629 401 1761 436 πατέρες,
1778 400 1875 435 ὲτέμυ

1081 450 1176 485 σαφῶς
1192 449 1412 484 ὁμολογουμένου
1434 446 1503 474 εἶναι
1519 446 1567 473 τοῦ
1593 447 1699 481 Πατρὶς
1715 447 1771 472 τῶν
1791 455 1875 472 πνευ-

1083 500 1187 533 μάτων,
1197 498 1269 523 κατὰ
1284 496 1329 523 τὸν
1348 495 1521 525 Ἀπόστολον,
1540 495 1598 526 πῶς
1610 495 1640 520 οὐ
1653 495 1755 525 πάντες
1769 494 1875 529 ἄνθρω-

1083 553 1128 569 ποι
1145 542 1287 577 προδήλως
1301 543 1333 567 ὲκ
1348 536 1449 576 μέρους
1467 549 1496 566 τε
1513 541 1576 569 υἱοὶ.
1590 539 1635 565 καὶ
1654 540 1686 565 ἐκ
1705 540 1810 574 μέρους
1824 548 1878 566 πα-

1082 591 1159 625 τέρες
1180 589 1376 624 ὀνομάζονται;
1392 588 1432 613 ἑτι
1450 587 1504 622 μὴν
1522 587 1569 612 καὶ
1584 586 1667 612 αὑτοῦ
1685 585 1731 611 τοῦ
1750 584 1880 620 σώματος

1083 638 1107 663 εἱ
1123 636 1159 672 μὴ
1173 637 1205 663 ἐκ
1219 635 1266 662 τοῦ
1284 635 1399 670 ἅρρενος
1415 635 1431 669 ἡ
1445 634 1522 660 πᾶσα
1536 633 1620 664 αἰτία,
1636 632 1705 658 ἀλλὰ
1718 632 1880 665 συνεισάγει

1084 691 1109 708 τι
1125 682 1173 708 καὶ
1194 681 1225 707 τὸ
1251 681 1333 715 θῆλυ·
1355 681 1402 707 καὶ
1419 681 1433 706 ὁ
1451 680 1511 714 μὲν,
1528 678 1565 709 ὥς
1584 679 1651 713 φασί
1665 686 1749 709 τινες,
1766 678 1802 704 τὰ
1819 687 1880 704 στε-

1087 727 1217 762 ρεώτεροι,
1236 728 1252 761 ἡ
1270 727 1298 752 δὲ
1315 726 1348 753 τὰ
1367 726 1502 761 ὑγρότεροι
1527 725 1649 751 ὲνδίδωτι
1671 724 1709 759 τῷ
1730 725 1879 759 γινομένῳ,

1086 772 1144 803 πῶς
1164 773 1224 807 οηὶχὶ
1246 772 1293 798 καὶ
1310 771 1392 798 αὐτοῦ
1413 771 1460 797 τοῦ
1489 771 1588 805 μέρους
1617 770 1649 795 ἐκ
1676 770 1776 804 μέρους
1803 769 1882 799 ὄντος

243 827 370 853 molliora
384 827 477 861 genito
493 826 624 861 praebeat,
641 824 782 859 quomodo
793 829 820 851 et
836 824 923 859 ipsius
946 823 1033 858 partis

1096 821 1166 846 ιῖτιοι
1181 819 1312 854 ἑκάτερος
1328 817 1513 853 μερικὼτατοί
1533 825 1563 851 γε
1580 817 1691 851 φανεῖεν
1706 816 1817 848 τοκέες;
1834 815 1881 847 οὒς

242 880 277 899 ex
293 877 369 906 parte
385 871 522 898 venientis
539 875 678 902 auctores,
707 869 900 904 unusquisque
923 869 1033 903 specia-

244 917 304 948 tim,
330 925 385 944 non
410 916 572 943 viderentur
596 915 748 950 parentes?
763 914 838 947 Quos
860 915 882 941 si
909 921 976 941 vere
1000 921 1034 940 ex

244 966 320 996 parte
337 967 430 996 patres
447 960 540 988 dicere
554 967 610 987 non
628 960 721 992 liceat,
734 960 811 994 juxta
830 960 905 994 leges
921 967 936 986 a
956 959 1035 986 vobis

236 1007 399 1041 dialecticis
413 1006 543 1038 saneitas,
560 1014 612 1033 nec
627 1013 693 1041 ergo
711 1011 789 1040 pater
804 1005 905 1040 aliquis
916 1010 958 1032 est
972 1013 1036 1033 vere

245 1053 362 1088 alicujus
388 1052 532 1079 hominum
557 1051 605 1086 qui
628 1051 712 1078 vitam
736 1051 852 1086 ingressi
868 1054 957 1078 sunt:
980 1058 1037 1077 non

246 1099 319 1126 enim
333 1098 425 1125 carnis
439 1098 526 1124 solius
549 1097 748 1124 convenienter
772 1097 873 1132 aliquis
896 1097 1038 1125 diceretur

247 1148 334 1178 pater,
352 1150 402 1169 nec
419 1146 517 1173 mater,
538 1149 589 1168 nec
605 1142 696 1174 ﬁlius;
715 1141 800 1177 igitur
812 1149 910 1169 omnes
922 1142 1038 1169 fortuito

247 1195 311 1214 casu
327 1195 434 1218 sumus,
450 1195 501 1214 nos
520 1187 566 1222 qui
589 1186 729 1214 nascimur
745 1196 751 1214 :
768 1195 839 1214 anne
853 1187 932 1214 vobis
948 1188 1038 1215 mani-

248 1233 348 1261 festius
361 1233 486 1260 exhiberi
503 1238 595 1268 potest
609 1234 828 1268 argumentum?

284 1278 379 1312 Quoad
410 1278 565 1313 exemplum
595 1278 735 1310 abortivi,
761 1278 901 1312 quomodo
926 1277 1040 1306 dicitis?

249 1324 336 1355 Anne.
349 1324 414 1358 quia
425 1329 468 1350 est
481 1332 542 1358 pars
554 1323 718 1358 simpliciter
728 1327 756 1350 et
768 1323 970 1358 imperfectuml
984 1332 1040 1351 non

250 1368 353 1395 dicitur
369 1368 452 1400 ﬁlius,
467 1374 514 1394 aut
533 1368 596 1402 quia
611 1368 734 1395 nondum
752 1368 840 1395 vixit?
864 1368 893 1396 Si
917 1369 982 1403 quia
998 1374 1042 1396 est

251 1413 454 1448 imperfectum,
470 1417 497 1439 et
517 1421 581 1447 pars
601 1412 775 1447 simpliciter,
788 1413 927 1448 quomodo
945 1413 1042 1441 dicun-

254 1463 297 1485 tur
310 1458 358 1485 tilii
376 1457 423 1492 qui
443 1459 561 1484 truncati
584 1462 613 1485 et
637 1459 806 1486 monstruosi
831 1458 892 1486 sine
911 1459 1042 1486 manibus

252 1509 280 1532 et
296 1504 413 1538 pedibus
429 1511 500 1538 smpe
513 1508 541 1530 et
553 1503 615 1530 aliis
644 1504 777 1531 membris
805 1510 967 1536 nascuntur,
982 1513 1044 1532 cum

255 1551 282 1577 in
305 1551 350 1577 tali
366 1550 575 1585 impert‘ectione
590 1544 665 1576 sint?
677 1549 749 1582 Quid
762 1554 790 1577 et
805 1551 896 1578 adhuc
913 1550 948 1578 de
959 1551 1044 1578 Abra-

255 1595 318 1621 ham
341 1593 388 1629 qui
416 1594 518 1621 multos
548 1598 612 1620 ante
641 1601 730 1621 annos
753 1594 900 1622 discedens
929 1599 1045 1622 vocatur

257 1645 334 1675 pater
347 1640 488 1667 israelitici
504 1641 611 1676 populi,
629 1645 657 1667 et
672 1641 705 1667 de
727 1640 812 1667 David
829 1641 878 1676 qui
894 1645 956 1676 post
970 1649 1046 1668 mor-

257 1691 313 1712 tem
338 1689 417 1720 pater
442 1685 550 1712 Domini
576 1685 696 1712 dicitur?
719 1685 863 1713 Manifeste
888 1686 960 1713 enim
984 1694 1047 1721 pars

257 1732 344 1766 ipsius
360 1736 468 1759 servata
486 1731 645 1758 nominatur
659 1732 687 1758 in
703 1732 828 1759 futurum
842 1737 930 1767 pater,
941 1733 1048 1760 scilicet

257 1779 361 1807 anima.
388 1778 416 1806 Si
439 1779 523 1813 igitur
543 1779 600 1806 sola
618 1786 683 1813 pars
704 1778 800 1805 vivens
820 1777 893 1805 ﬁlius
916 1782 945 1805 et
968 1783 1048 1813 pater

258 1825 397 1851 noutinari
409 1825 520 1856 debeat,
536 1824 601 1859 quid
620 1823 736 1858 impedit
749 1824 815 1858 quin
830 1824 905 1851 ﬁlius
915 1832 949 1851 ex
969 1829 1048 1860 parte

259 1871 356 1897 vivens
383 1870 561 1897 nominetur?
590 1869 766 1896 Manifestum
793 1873 836 1896 est
860 1870 945 1905 igitur
974 1871 1048 1905 quod

260 1916 333 1943 ﬁlius
351 1923 406 1942 non
422 1915 534 1948 dicitur,
550 1915 615 1950 quia
632 1915 688 1942 vita
701 1919 787 1947 caret,
802 1922 858 1942 non
874 1919 967 1942 autem
985 1916 1049 1950 quia

260 1967 301 1989 est
327 1969 400 1996 pars.
414 1962 529 1996 Insuper
556 1961 765 1996 urchisynagogi
793 1961 894 1996 neptis,
920 1966 948 1988 et
976 1961 1050 1989 ﬁlius

260 2009 362 2040 vidute,
374 2012 401 2035 et
417 2008 464 2043 qui
481 2007 582 2034 mortui
606 2012 673 2035 sunt
686 2012 750 2034 ante
771 2013 902 2043 parentes
919 2008 1006 2040 vivos,
1026 2009 1050 2036 si

262 2059 336 2082 recte
359 2054 437 2082 vobis
460 2055 591 2082 videntur
618 2054 646 2081 in
676 2054 824 2090 Evangelia
844 2055 900 2082 ﬁlia
924 2060 952 2082 et
978 2054 1051 2082 ﬁlius

262 2100 353 2128 adhuc
376 2100 470 2128 vocari
498 2104 611 2135 propter
638 2101 761 2135 ipsorum
780 2100 885 2127 animas
898 2101 1024 2128 viventes
1043 2109 1049 2127 :

1086 866 1164 902 εἰπερ
1182 867 1218 901 μὴ
1243 866 1318 891 ἐστιν
1343 863 1452 899 ἀληθῶς
1468 864 1501 890 ὲκ
1522 863 1622 898 μέρους
1646 863 1733 888 εἰπεῖν
1748 863 1882 897 γεννήτοο

1087 921 1148 947 ρας.
1166 911 1210 938 διὰ
1230 911 1264 937 τὰ
1289 911 1334 945 ὑφ’
1352 910 1429 945 ὑμῶν
1454 908 1509 935 τῶν
1524 908 1704 935 διαλεκτικῶν
1718 907 1884 942 νομοοετοὺ-

1089 965 1168 992 μενα,
1188 955 1243 982 οὐδ’
1267 955 1322 990 ἄρα.
1342 955 1436 989 πατὴρ
1461 954 1504 985 τίς
1528 953 1586 979 ἐστί
1605 961 1678 983 τινος
1699 953 1753 979 τῶν
1776 953 1806 978 ὲν
1833 953 1883 987 βίῳ

1087 1002 1274 1037 γεννηοέντων
1292 1001 1444 1036 ἀνθρώπων
1461 999 1585 1035 ἁληθῶς’
1600 999 1663 1025 οὐδὲ
1680 999 1735 1034 γὰρ
1749 999 1802 1033 τῆς
1818 1007 1884 1033 σαρ-

1088 1050 1134 1080 κὸς
1154 1049 1239 1084 μόνης
1263 1048 1380 1079 δεόντως
1395 1047 1502 1080 λέγοιτο
1523 1046 1556 1073 ἄν
1570 1054 1613 1077 τις
1634 1045 1737 1080 πατὴρ,
1752 1045 1816 1071 οὐδὲ
1833 1045 1884 1080 μή-

1088 1104 1151 1131 τηρ,
1176 1095 1237 1121 οὐδὲ
1253 1095 1322 1125 υἱὸς,
1344 1094 1412 1120 ἀλλὰ
1429 1095 1530 1124 πάντες
1547 1092 1594 1118 ἀπ’
1607 1092 1764 1126 αὐτομάτου
1787 1091 1884 1126 ἐσμὲν.

1077 1141 1287 1177 οἱγεννώμενοι·
1303 1141 1350 1167 κειιὶ
1367 1139 1409 1171 τίς
1425 1139 1527 1165 τούτων
1545 1139 1588 1173 εἴη
1606 1137 1671 1172 ὑμῖν
1694 1138 1886 1173 προφανέστε-

1093 1196 1136 1221 ρο;
1150 1186 1260 1221 ἔλεγχος
1270 1195 1276 1219 ;

1127 1277 1163 1303 Τὸ
1177 1277 1205 1303 δὲ
1223 1275 1398 1310 παράδειγμα.
1411 1274 1458 1301 τοῦ
1479 1273 1704 1309 ὲξαμὸλώματος,
1724 1273 1784 1305 πῶς
1802 1282 1886 1308 φατε

1092 1320 1148 1358 ἆρα
1172 1322 1226 1356 γὰρ
1244 1321 1280 1353 ὡς
1300 1321 1384 1355 μέρος
1409 1319 1502 1351 ἁπλῶς
1531 1320 1578 1346 καὶ
1605 1319 1701 1351 ἀτελὲς
1719 1319 1750 1345 οὐ
1778 1319 1887 1353 λέγεται

1093 1368 1151 1400 υἱὸς
1163 1388 1171 1397 .
1191 1368 1208 1402 ἢ
1223 1367 1260 1398 ὼς
1278 1367 1314 1402 μὴ
1332 1366 1419 1401 ζῆσαν
1433 1365 1523 1398 οὔπω;
1541 1366 1566 1391 εἰ
1581 1365 1630 1400 μὲν
1646 1365 1692 1392 οὖν
1712 1364 1750 1396 ὡς
1769 1365 1886 1396 ἐλλιπὲς,

1094 1415 1141 1440 καὶ
1158 1414 1196 1446 ὡς
1214 1413 1297 1449 μέρος
1319 1411 1424 1443 ἁπλῶς,
1443 1411 1502 1442 πῶς
1517 1411 1551 1437 τὰ
1565 1411 1666 1438 κολοϐὰ
1679 1412 1727 1437 καὶ
1751 1411 1787 1437 τὰ
1805 1413 1887 1445 τερά-

1096 1469 1157 1487 στια
1172 1460 1273 1495 χειρῶν
1289 1467 1319 1485 τε
1332 1458 1397 1485 ἄνευ
1408 1458 1455 1484 καὶ
1470 1457 1558 1484 ποδῶν
1573 1457 1705 1488 πολλάκις
1718 1457 1768 1483 καὶ
1788 1458 1889 1491 ἐτέρων

1099 1506 1201 1541 μορίων
1225 1505 1395 1540 γεννώμενα,
1418 1505 1472 1531 υἱοὶ
1494 1504 1620 1537 λέγονται
1636 1505 1664 1529 ὲν
1687 1503 1755 1539 τόσῃ
1779 1503 1888 1538 ἀτελείᾳ

1096 1552 1162 1578 ὄντα.
1179 1552 1294 1586 μερικῇ;
1309 1550 1348 1576 ἔτι
1363 1550 1390 1576 δὲ
1405 1550 1430 1576 τί
1447 1549 1479 1576 ἄν
1496 1550 1605 1583 φαίητε,
1626 1548 1754 1583 Ἀϐραὰμ
1770 1547 1819 1575 τοῦ
1839 1550 1890 1583 πῴ

1097 1597 1231 1623 πλείστων
1247 1596 1314 1623 ὲτῶν
1329 1596 1512 1631 ἀποιχομένου
1535 1595 1707 1629 καλουμένου
1726 1595 1831 1630 πατρὸς
1845 1595 1889 1622 τοῦ

1104 1643 1269 1678 Ἰσραηλίτου
1280 1642 1357 1673 λαοῦ,
1374 1643 1421 1668 καὶ
1435 1641 1517 1669 Δαϐὶδ
1529 1642 1597 1676 μετᾶ
1609 1641 1722 1668 θάνατον
1735 1642 1841 1675 πατρὸς
1849 1641 1891 1667 λε-

1098 1690 1213 1725 γομένου
1229 1689 1274 1716 τοῦ
1287 1689 1390 1724 Κυρίου
1402 1698 1409 1720 ;
1425 1690 1518 1722 σαφῶς
1531 1689 1586 1724 γὰρ
1598 1689 1629 1714 τὺ
1644 1688 1798 1723 σωζόμενον
1811 1689 1892 1723 μέρος

1098 1734 1180 1760 αὑτοῦ
1196 1734 1360 1769 ὀνομάζεται
1371 1733 1462 1759 λοιπὸν
1477 1733 1579 1768 πατὴρ,
1591 1733 1697 1768 ἧγουνή
1710 1732 1794 1767 ψυχή.
1806 1733 1838 1759 Et
1849 1731 1892 1759 οὖν

1099 1781 1157 1806 ἔστι
1179 1780 1261 1815 μέρος
1279 1779 1359 1814 μόνον
1370 1779 1424 1810 ζῶν
1440 1778 1622 1814 ὀνομάζεσθαι
1636 1778 1693 1804 υἱὸν
1706 1779 1754 1804 καὶ
1775 1780 1891 1814 πατέρα,

1099 1825 1125 1851 τί
1138 1825 1236 1852 κωλύει
1250 1825 1361 1851 uatiule
1376 1824 1557 1859 ὀνομάζεσθαι
1571 1825 1602 1850 ὲκ
1616 1823 1662 1850 τοῦ
1676 1825 1777 1859 μέρους
1788 1826 1820 1852 το
1830 1825 1890 1856 ςῶνς

1099 1871 1177 1906 δῆλον
1192 1871 1256 1905 ἄρα,
1273 1871 1314 1897 ὅτι
1331 1871 1380 1906 οὐχ
1397 1871 1435 1902 ὠς
1455 1871 1548 1905 μέρος,
1564 1869 1621 1896 ἀλλ’
1635 1870 1672 1902 ὡς
1692 1871 1782 1902 ἂζωον
1797 1872 1829 1897 οὗ
1856 1872 1892 1897 λέ-

1100 1927 1178 1952 γεται
1197 1918 1228 1944 τὺ
1244 1917 1281 1952 μὴ
1297 1917 1442 1951 λεγόμενον
1461 1917 1533 1947 υἱός·
1556 1916 1595 1943 ἐτι
1615 1916 1666 1951 μὴν
1686 1916 1732 1943 τοῦ
1762 1918 1890 1952 ἁρχισυψ

1102 1963 1210 1998 αγώγου
1239 1963 1269 1989 τὸ
1297 1962 1452 1997 Θυγάτριον,
1471 1962 1519 1988 καὶ
1532 1963 1546 1988 ὀ
1581 1962 1637 1993 υἱὸς
1652 1963 1701 1996 τῆς
1727 1963 1830 1997 χήρας,
1846 1962 1889 1989 καὶ

1103 2010 1369 2045 προτελευτῆσαντες
1396 2009 1450 2034 τῶν
1481 2007 1589 2040 ζώντων
1616 2008 1727 2044 γρνέων,
1755 2010 1781 2034 ει
1808 2009 1892 2044 ὀρθῶς

1103 2056 1166 2091 ὑμῖν
1180 2055 1307 2083 δοκοῦσιν
1318 2055 1346 2081 ὲν
1359 2055 1399 2090 τῷ
1414 2054 1574 2088 Εὑαγγελίῳ
1589 2053 1712 2089 Θυγάτηρ
1727 2063 1759 2080 τε
1772 2055 1821 2081 καὶ
1841 2055 1892 2086 ulla;

1104 2102 1143 2128 ἔτι
1159 2101 1287 2135 λέγεσθαι
1303 2102 1349 2126 ἐπὶ
1360 2102 1420 2132 ταῖς
1434 2099 1536 2132 ζώσαις
1558 2099 1648 2126 αὐτῶν
1661 2099 1765 2134 ψυχαῖς
1775 2108 1782 2115 ο
1801 2100 1855 2127 ἰδοὺ
1866 2100 1892 2126 τὺ

262 2155 328 2174 ecce
348 2155 363 2173 a
381 2147 460 2174 vobis
474 2146 632 2174 confessum
651 2150 695 2173 est
711 2150 817 2181 partem
838 2154 900 2173 esse
921 2146 1009 2173 ﬁlium
1024 2154 1037 2173 e

1107 2148 1189 2183 μέρος
1204 2148 1250 2173 καὶ
1263 2147 1328 2182 ὑμῖν
1342 2147 1514 2181 ὁμολογεῖται
1533 2144 1602 2172 εἶναι
1618 2146 1676 2177 υἱὸς
1696 2147 1744 2172 καὶ
1757 2146 1891 2181 Θυγάτηρ·

263 2191 347 2219 tiliam
365 2201 370 2219 :
389 2196 431 2219 est
454 2192 539 2227 igitur
557 2196 683 2227 apertum
707 2192 792 2226 quod,
811 2192 876 2226 quia
904 2199 960 2218 non
984 2191 1053 2218 vivit

264 2238 396 2272 primum,
409 2246 499 2273 neque
508 2238 573 2273 quia
586 2242 629 2265 est
645 2246 708 2273 pars
720 2238 895 2273 simpliciter,
910 2238 984 2265 ﬁlius
996 2246 1053 2265 non

264 2283 367 2310 dicitur
384 2283 539 2311 abortivus.
554 2283 582 2311 Si
598 2284 671 2310 enim
687 2283 772 2310 multa
786 2287 814 2310 et
829 2283 957 2311 informia
973 2283 1054 2311 abor-

267 2329 386 2357 tivorum
402 2337 518 2363 corpora
538 2329 820 2360 animadouarentur,
840 2328 889 2355 ﬁlii
910 2328 1008 2356 ﬁerent
1026 2332 1054 2355 et

266 2376 452 2402 dicerentur:
475 2380 603 2402 ueterum
630 2383 685 2402 non
714 2375 780 2402 illud
803 2375 933 2405 dicimus,
954 2382 1055 2409 nempe

266 2428 348 2448 omne
364 2425 470 2455 partem
494 2425 523 2447 et
541 2420 628 2447 ﬁlium
645 2428 717 2452 esse,
743 2420 790 2447 sed
813 2421 892 2447 vobis
916 2419 1056 2447 immerito

267 2466 358 2493 visunt
389 2466 475 2493 fuisse
506 2473 591 2492 unum
624 2465 711 2492 ﬁlium
744 2473 777 2492 ex
811 2470 890 2500 parte
915 2473 1056 2500 nunquam

267 2513 380 2547 proprie
412 2512 567 2544 nominari,
594 2516 641 2539 aut
667 2520 700 2539 ex
725 2516 802 2547 parte
828 2519 970 2546 nunquam
997 2520 1057 2540 esse

268 2564 386 2595 patrem.

306 2605 358 2632 Sed
382 2609 514 2639 praeterea
539 2604 673 2632 addemus
694 2613 745 2632 nos
768 2605 902 2632 allirmare
917 2605 1058 2632 Christum

269 2657 331 2678 esse
344 2658 400 2677 non
413 2658 446 2677 ex
461 2655 539 2684 parte
551 2651 726 2686 simpliciter,
742 2651 789 2678 sed
810 2658 844 2678 ex
861 2654 918 2677 loto
929 2651 1061 2678 uniuscu-

268 2699 370 2732 jusque
388 2697 504 2728 Filium,
519 2697 585 2724 licet
610 2698 667 2725 sint
681 2697 800 2724 diversa
818 2697 936 2732 partium
955 2705 1016 2731 qua:
1034 2697 1061 2724 in

273 2743 333 2778 ipso
359 2747 422 2770 sunt
449 2743 597 2771 ﬁliationes
613 2753 619 2770 :
635 2744 761 2778 corporis
785 2743 888 2771 Christi
913 2751 996 2770 causa
1019 2748 1062 2770 est

274 2794 370 2816 saneta
386 2789 467 2824 Virgo
485 2798 545 2824 quae
561 2789 663 2825 aliquid
686 2798 771 2817 unum
795 2790 875 2817 istius
900 2790 1025 2825 corporis
1047 2798 1061 2817 a

1104 2195 1157 2229 ἄρα
1176 2191 1222 2220 οὖν
1240 2193 1324 2227 σαφές
1340 2193 1414 2219 ἐστιν
1439 2193 1479 2218 ὄτι
1505 2192 1542 2223 ὡς
1571 2192 1608 2226 μὴ
1635 2191 1688 2223 ζῶν
1704 2191 1834 2226 πρώτως,
1851 2193 1891 2218 καὶ

1104 2241 1153 2275 οὐχ
1166 2239 1204 2271 ὼς
1219 2239 1300 2274 μέρος
1318 2239 1421 2270 ἁπλῶς,
1437 2239 1467 2265 οὐ
1489 2238 1598 2271 λέγεται
1623 2238 1680 2269 υἱὸς
1701 2239 1730 2264 τὸ
1754 2238 1890 2269 ὲξάμΰὶωη

1107 2294 1159 2321 μα·
1188 2281 1272 2311 πολλὰ
1301 2285 1355 2320 γὰρ
1382 2285 1428 2311 καὶ
1457 2284 1622 2319 ἀτελέα-τερα
1660 2284 1715 2310 τῶν
1755 2284 1893 2318 ἐξαμϐλω-

1109 2333 1200 2367 μὰτων
1218 2332 1286 2364 ὅλως
1310 2332 1334 2357 εἰ
1358 2330 1657 2366 ψυχωθείεννσὼματα,
1684 2331 1737 2356 υἱοὶ
1751 2331 1894 2364 γεννῶνται

1107 2379 1154 2405 καὶ
1168 2379 1308 2412 λέγονται·
1325 2379 1392 2405 ὅπου
1407 2386 1438 2411 γε
1458 2377 1524 2412 πρὸς
1534 2378 1627 2407 πᾶσιν.
1646 2377 1707 2403 οὐδὲ
1723 2377 1805 2404 τοῦτο
1819 2378 1894 2411 ἡμεῖς

1108 2433 1209 2459 φαμεν,
1232 2425 1274 2450 ὃτι
1295 2425 1348 2450 πᾶν
1374 2424 1476 2459 μέρος,
1503 2423 1550 2449 καὶ
1574 2422 1650 2453 υἱός·
1670 2422 1730 2448 ἀλλ’
1750 2423 1792 2448 ὃτι
1808 2421 1895 2452 κακῶς

1108 2471 1172 2506 ὑμῖν
1188 2470 1273 2503 ἔδοξε,
1289 2471 1356 2506 μηδὲ
1374 2467 1414 2501 εἷς
1438 2469 1494 2500 υἱὸς
1507 2469 1537 2495 ἐκ
1552 2468 1653 2503 μέρους
1668 2467 1780 2494 πώποτε
1799 2468 1895 2502 κυρίως

1109 2516 1301 2553 ὀνομάζεσθαι,
1317 2517 1334 2551 ἢ
1348 2517 1380 2542 ἐκ
1398 2515 1497 2551 μέρους
1520 2516 1610 2549 πατὴρ
1624 2513 1702 2540 εἶναι.

1153 2605 1232 2633 Ἀλλὰ
1248 2604 1316 2640 πρὸς
1329 2604 1434 2635 τούτοις
1447 2603 1564 2637 ἐροῦμεν
1576 2603 1609 2628 ἐκ
1621 2601 1785 2637 περιουσίας
1799 2603 1846 2629 καὶ
1863 2602 1895 2633 ὠς

1112 2653 1192 2688 ἡμεῖς
1215 2651 1276 2680 οὐδὲ
1297 2651 1329 2676 ἐκ
1340 2650 1440 2684 μέρους
1461 2649 1564 2681 ἁπλῶς,
1580 2648 1649 2675 ἀλλὰ
1663 2649 1710 2675 καὶ
1728 2649 1762 2675 ὲκ
1778 2648 1826 2675 τοῦ
1843 2648 1895 2675 ὅλου

1114 2698 1176 2724 Υιδν
1192 2696 1323 2730 ἑκατέρου
1341 2694 1429 2729 φαμὲν
1452 2694 1498 2720 τὸν
1515 2693 1633 2728 Χριστὸν
1651 2690 1734 2724 εἶναι,
1754 2694 1859 2729 υἱότησι
1872 2693 1895 2719 δε

1113 2743 1251 2779 διαφόροις
1262 2742 1316 2769 τῶν
1331 2743 1360 2768 ὲν
1373 2741 1447 2776 αὐτῷ
1462 2740 1552 2776 μερῶν
1564 2749 1571 2756 ν
1586 2740 1634 2766 τοῦ
1652 2748 1683 2766 τε
1707 2740 1765 2776 γὰρ
1780 2741 1896 2774 militum;

1114 2788 1231 2825 Χριστοῦ
1250 2787 1280 2814 τὸ
1298 2787 1348 2823 μέν
1357 2796 1381 2813 τι
1396 2785 1467 2813 κατὰ
1481 2785 1560 2820 φύσιν
1575 2785 1628 2812 ἀπὸ
1636 2784 1705 2812 Θεοῦ
1716 2785 1762 2812 διὰ
1778 2787 1830 2813 τίον
1840 2791 1893 2818 προ-
