1968 3094
225 149 291 182 ltili

858 151 1011 181 LEONTII
1035 151 1242 182 B’I'ZANTINI‘

1792 153 1853 186 1M2

222 206 296 243 quod
317 214 334 234 ε
347 205 419 244 gallo
433 210 462 233 et
479 205 612 240 phasiana
629 211 720 234 ortum
738 207 834 234 esset?
848 207 955 235 Pariter
969 215 1014 234 au-

1068 206 1178 242 τεχθέν;
1197 208 1272 242 ὅμως
1284 207 1310 233 δὲ
1325 208 1417 241 λέγετε
1433 208 1509 243 ἡμῖν,
1522 208 1692 243 φυσιολόγοι·
1706 209 1765 236 υίδν
1778 211 1854 238 τῶνδε

223 258 278 280 tem
293 253 377 280 dicite
397 252 487 285 nobis,
500 252 655 288 physiologi
673 262 678 267 -
693 252 772 280 Anne
787 252 874 280 filium
898 253 1013 280 istorum

222 299 327 327 vocatis
351 299 419 326 illud
444 299 600 330 minimum,
615 304 643 327 et
668 299 813 327 habetisne
839 300 906 327 illud
930 307 1013 327 unam

222 345 349 373 animalis
359 345 532 378 totalitatem,
545 346 664 373 nee-ne?
679 345 708 373 Si
722 346 797 373 enim
811 346 838 373 id
847 353 946 381 negare
957 353 1012 373 non

223 392 304 419 detur
322 390 412 424 vobis,
433 391 571 426 quomodo
587 391 621 418 de
645 391 689 418 his
711 400 772 426 quze
794 396 859 419 sunt
883 397 1014 427 tanquam

221 436 256 463 de
273 436 315 463 his
326 443 386 471 quae
401 443 457 463 non
469 441 534 463 sunt
547 435 712 470 loquimini?
724 436 778 464 Sed
794 437 900 468 talium,
912 437 1012 472 inquit,

222 486 264 509 est
278 482 371 509 mistio
387 486 415 509 et
429 481 555 509 coufusio
569 482 672 517 speciei
686 482 762 517 juxta
779 483 985 517 generationem
1007 492 1013 510 :

223 527 261 554 ita
278 531 309 554 ut
321 535 376 554 non
386 527 526 563 judieetur
540 528 606 555 illud
620 536 682 556 esse
692 529 721 556 in
738 529 804 564 ipsis
815 534 920 564 partem
937 529 1012 564 equi,

222 577 250 599 et
261 572 335 600 istud
357 578 463 608 partem
487 573 569 606 asini,
582 573 630 602 sed
646 575 736 602 omnia
749 582 810 602 esse
824 575 945 610 ipsorum
961 576 1014 602 alia

224 619 347 646 membra
375 623 404 646 ct
433 619 622 647 indistincta:
648 621 670 647 si
702 620 783 648 talem
816 621 901 655 igitur
926 625 954 648 et
984 621 1014 648 in

224 665 335 692 Christo
358 665 515 693 mistionem
540 666 760 693 subslantiarum
787 667 932 700 asseritis,
965 675 1014 695 vos

225 711 310 738 dicite
338 712 419 740 nobis
448 712 515 747 quid
535 711 671 739 sentiatis.
696 712 750 739 Sed
773 721 826 740 non
845 713 878 740 ad
900 713 1015 741 demon-

222 758 384 785 strationem
400 758 499 785 similis
513 757 624 786 unionis
641 758 700 786 hzec
712 759 880 793 accepimus,
897 759 931 786 ad
950 767 1015 787 con-

221 802 384 830 l'ntationem
413 811 479 830 vero
511 803 539 830 in
569 811 692 838 praesens
722 808 830 831 tantum
857 808 1014 832 vestrorum

222 849 416 882 oraculorum,
442 848 607 885 generatum
640 854 772 884 oportere
803 857 864 877 esse
893 849 1014 884 perfecte

222 895 377 923 substantia
394 896 542 931 unicuique
568 896 711 931 generanti
735 896 855 924 similem
882 904 1013 931 prmnun-

224 943 363 976 tiantium,
377 948 425 971 aut
440 943 530 978 ipsum
542 951 598 970 non
609 944 702 970 vocari
716 943 815 970 Filium
828 952 835 970 :
849 944 916 971 illud
931 944 1015 979 igitur

223 990 335 1016 mistum
346 993 374 1016 et
387 988 578 1016 indistinctum
595 989 707 1024 speciei,
722 989 766 1016 his
778 989 812 1016 de
827 990 912 1017 rebus
928 990 1015 1025 magis

222 1034 378 1062 confutabit
401 1039 521 1062 vestram
537 1035 756 1070 propositionem
771 1044 778 1062 :
794 1035 817 1063 si
839 1036 912 1063 ettim
933 1041 961 1063 et
980 1036 1014 1064 de

223 1080 266 1107 his
279 1087 398 1115 quorum
410 1080 487 1116 juxta
500 1080 654 1108 membrum
679 1081 768 1108 solum
786 1082 939 1109 similitudo
951 1090 1013 1110 cum

223 1127 356 1153 alterutro
377 1127 569 1161 generantium
589 1135 645 1154 non
665 1132 801 1161 servatur,
818 1128 866 1155 filii
884 1128 1015 1156 dicuntur

223 1180 359 1207 equorum
376 1172 544 1206 scuti-asini,
563 1177 591 1201 et
613 1173 663 1200 lilii
686 1173 826 1201 asinorum
850 1174 1013 1210 semi-equi,

223 1217 363 1251 quomodo
384 1221 493 1253 propter
520 1217 640 1252 aliquam
666 1226 699 1245 ex
716 1222 793 1253 parte
809 1218 1014 1247 dissimilitudi-

222 1270 298 1296 nem,
322 1271 377 1291 non
391 1271 472 1298 posse
496 1263 582 1290 tilium
608 1272 705 1291 vocare
723 1265 801 1292 illum
825 1265 872 1300 qui
898 1273 954 1292 non
972 1271 1015 1294 est

223 1309 382 1336 omnimode
410 1309 509 1336 similis
534 1309 711 1345 genitoribus
735 1310 919 1338 asscruistis?
943 1311 1014 1339 Illud

223 1353 295 1382 bene
310 1354 459 1382 dicendum
480 1355 620 1383 haberetis
642 1355 712 1383 forte
731 1356 785 1383 illis
805 1356 851 1391 qui
873 1356 1013 1385 Christum

223 1401 341 1429 similem
360 1401 516 1429 substantia
533 1409 582 1428 sua
599 1402 711 1437 utrique
732 1403 839 1437 parenti
861 1411 922 1431 esse
940 1405 1015 1439 cogi~

223 1451 293 1478 tant,
310 1455 365 1474 non
381 1455 445 1474 vero
459 1447 541 1474 nobis
556 1447 602 1482 qui
618 1447 705 1482 ipsius
720 1456 864 1483 personam
879 1457 910 1476 ex
925 1449 1015 1477 diver-

223 1493 262 1520 sis
273 1493 381 1521 naturis
398 1494 556 1521 constitisse
570 1494 742 1529 profitemur.

257 1538 324 1572 Quae
341 1539 452 1574 quidem
467 1545 532 1567 sunt
548 1540 639 1567 adhuc
656 1548 688 1568 ea
704 1541 738 1568 de
757 1549 786 1568 re
801 1543 958 1571 accuratius
973 1544 1015 1571 iu-

225 1583 360 1617 quirenda
373 1592 381 1610 :
397 1583 440 1610 vel
455 1584 528 1611 enim
542 1584 627 1612 totius
642 1585 795 1613 similitudo
810 1587 891 1615 vobis
903 1588 1015 1616 videtur

223 1628 384 1656 tiliationem
402 1634 601 1664 repraesentare
617 1631 743 1664 omnino,
753 1632 795 1659 vel
811 1640 866 1660 non
884 1642 890 1660 :
907 1634 930 1661 si
945 1642 1013 1668 non,

222 1673 324 1702 frustra
344 1675 469 1710 quaeritis
486 1684 501 1703 a
519 1677 600 1704 nobis
612 1685 653 1704 an
675 1678 711 1705 sit
726 1685 808 1705 causa
826 1679 964 1708 liliationis
979 1681 1014 1708 ad

222 1721 311 1755 ipsius
331 1721 598 1750 demonstrationem
614 1732 620 1750 ι
635 1724 727 1759 quoad
745 1725 819 1751 enim
841 1725 1015 1754 demonstra-

224 1766 324 1799 tiones,
341 1775 392 1802 per
411 1776 509 1796 causas
525 1768 605 1796 istam
625 1770 757 1798 constitui
775 1770 936 1799 liliationem
951 1781 1014 1808 per-

222 1819 334 1839 suasum
359 1813 467 1840 babetis
487 1817 593 1841 tantum
609 1824 615 1841 :
632 1815 718 1850 igitur
738 1816 806 1843 Abel
832 1817 932 1845 similis
946 1817 1015 1845 Cain

220 1858 297 1893 juxta
314 1863 398 1886 totam
417 1859 504 1894 ipsius
521 1861 702 1888 substantiam
717 1866 744 1888 et
760 1861 833 1889 tilius
848 1862 925 1890 illius
943 1867 1014 1896 erat,

221 1908 251 1931 et
279 1904 343 1932 ideo
366 1904 426 1938 ﬁlii,
448 1913 503 1933 non
515 1907 606 1934 fratris
631 1907 816 1935 interfector?
835 1908 887 1936 Sed
912 1909 1015 1944 quippe

222 1950 356 1978 similium
371 1959 450 1986 alque
468 1955 511 1979 est
534 1952 644 1985 relatio,
671 1958 699 1980 et
721 1953 788 1981 Cain
813 1954 921 1981 scilicet
944 1955 1016 1982 filius

222 1997 293 2024 Abel
308 1997 438 2025 similiter
453 1998 506 2025 erit
523 2007 529 2024 :
549 1998 634 2034 igitur
647 2003 750 2033 ergoet
765 1999 852 2034 patris
866 1999 959 2035 potius
974 2000 1015 2026 in-

223 2042 360 2069 terfector
370 2046 413 2069 est
429 2051 435 2069 :
453 2042 558 2070 idcirco
585 2048 614 2071 et
630 2043 656 2070 in
675 2043 772 2071 eodem
790 2044 864 2073 filius
881 2049 908 2071 et
925 2049 1015 2079 pater,

223 2092 254 2115 et
265 2088 351 2115 frater
364 2093 423 2116 erat
435 2088 502 2117 Cain
516 2089 563 2124 qui
582 2089 660 2116 illum
675 2089 787 2122 occidit,
812 2090 879 2117 Abel
901 2091 936 2117 ab
956 2091 1017 2126 ipso

225 2133 389 2163 interfectus
403 2143 410 2162 :
426 2139 454 2162 et
474 2135 540 2163 Cain
556 2135 605 2162 filii
622 2141 650 2163 et
673 2136 763 2171 patris
778 2140 806 2163 et
821 2136 916 2164 fratris
931 2137 1018 2164 inter-

225 2181 337 2209 fector:
354 2182 418 2216 quis
433 2189 498 2209 vere
514 2190 569 2209 non
586 2181 715 2210 irridedit
735 2186 844 2209 vestras
860 2182 956 2210 inanes
971 2190 1018 2211 co-

1065 254 1173 280 καλεῖτε
1190 253 1220 280 τὸ
1241 253 1339 288 μικρὸν
1354 254 1424 286 τόδε,
1441 255 1488 280 καὶ
1506 254 1571 289 μίαν
1586 256 1643 282 ἴστε
1661 255 1732 288 ζώου
1747 256 1853 291 όλότητα

1064 291 1154 332 ταὺτὸ,
1167 300 1183 335 ἣ
1194 299 1253 334 οὐχί
1265 308 1271 332 ;
1287 300 1311 325 εἰ
1323 300 1377 335 γὰρ
1390 301 1449 327 τόδε
1461 301 1600 336 ἀρνεῖσθαι
1611 303 1641 328 οὐ
1659 302 1772 330 δυνατὸν
1784 303 1852 338 ὑμῖν,

1065 345 1123 377 πῶς
1133 346 1166 372 τὰ
1182 346 1290 377 liv-md);
1303 346 1340 381 μὴ
1350 346 1413 373 ὂντα
1421 347 1526 373 λαλεῖτε
1539 356 1546 379 ;
1560 347 1639 374 ’Λλλὰ
1655 348 1710 375 τῶν
1720 349 1851 382 τοιούτων,

1064 392 1132 426 φησι
1147 392 1256 427 ,κρᾶσίς
1271 393 1329 418 ἐστι
1351 393 1398 418 καὶ
1413 393 1545 428 σύγχυσις
1559 393 1607 420 τοῦ
1623 393 1714 426 εἴδους
1726 395 1797 422 κατὰ
1810 396 1853 430 τὴν

1068 437 1213 472 γέννησιν·
1231 437 1269 469 ὡς
1286 437 1351 472 μηδὲ
1368 438 1510 473 κρίνεσθαι
1530 438 1589 465 τόδε
1622 439 1672 473 μὲν
1685 437 1754 466 εἶναι
1777 440 1806 466 τι
1827 442 1852 466 ὲν

1066 482 1156 514 αὐτοῖς
1169 482 1251 517 μέρος
1269 483 1362 516 ἵππου,
1375 483 1422 508 καὶ
1434 482 1493 509 τόδε
1509 482 1582 514 ὄνου,
1597 483 1665 509 ἀλλὰ
1680 485 1769 510 πάντα
1786 481 1850 510 εἶναι

1066 530 1156 557 αὐτῶν
1179 530 1273 557 ἀλλοῖα
1298 530 1333 556 τὰ
1360 529 1427 564 μέλη
1443 530 1491 557 καὶ
1508 530 1679 564 ἁδιάγνωστα
1691 539 1698 546 ι
1714 531 1738 557 εί
1752 531 1851 558 τοιάνδε

1065 572 1112 601 οὖν
1129 575 1175 601 καὶ
1195 574 1245 609 τὴν
1269 575 1298 600 ἐν
1322 574 1434 609 Χριστῷ
1459 574 1558 609 φύρσιν
1584 574 1639 601 τῶν
1662 575 1763 601 οὐσιῶν
1778 584 1852 609 φατε,

1066 621 1145 655 ὑμεῖς
1169 620 1353 655 εἴπατεὴμῐν,
1379 620 1478 655 φασίν·
1497 620 1556 646 ἀλλ’
1569 620 1599 647 οὐ
1622 620 1691 655 πρὸς
1714 621 1795 653 δεῖξιν
1807 623 1853 656 τῆς

1066 667 1162 702 ὁμοίας
1176 667 1298 698 ὲνώσεως
1307 666 1369 693 τάδε
1380 667 1601 702 παρειλήφαμεν,
1614 663 1637 693 ὦ
1650 664 1732 699 οὗτοι,
1745 667 1802 695 ἀλλ’
1816 669 1852 699 εἰς

1065 713 1222 749 ἀνατροπὴν
1239 713 1327 748 μόνων
1342 713 1398 739 τῶν
1414 713 1482 748 πρὸς
1498 713 1530 740 τὸ
1551 713 1639 748 παρόν
1653 713 1794 749 ὑμετέρων
1809 713 1852 740 θε-

1068 759 1240 794 σπισμάτων.
1261 758 1404 794 ὁμοούσιον
1428 758 1580 790 ἀνελλιπῶς
1593 757 1666 785 εἶναι
1688 759 1743 785 δεῖν
1758 760 1851 786 ἑκατέ-

1068 814 1121 841 ρων
1137 805 1192 831 τῶν
1204 805 1322 839 φύντων,
1340 805 1370 831 τὸ
1389 804 1561 840 γεννώμενον
1574 804 1774 840 κηρυττόντων,
1787 805 1803 840 ἦ
1818 806 1853 839 μὴ

1066 851 1208 878 καλεῖσθαι
1221 851 1302 878 αὑτὸν
1322 851 1387 878 Υξόν
1398 860 1406 867 ·
1425 851 1483 878 τόδε
1502 850 1548 878 οὖν
1561 851 1628 878 αὑτὸ
1641 851 1672 878 τδ
1683 852 1853 887 πεφυρμένον

1066 898 1114 924 καὶ
1141 897 1324 931 ἀδιάγνωστον
1350 897 1397 924 τοῦ
1425 897 1524 929 εἴδους,
1552 898 1598 924 ἐπὶ
1630 898 1734 924 τούτων
1758 897 1853 931 μᾶλλον

1065 943 1213 978 ἀνατρέψει
1225 943 1274 977 τὴν
1294 943 1431 978 ὑμετέραν
1449 943 1617 976 ἀπόφανσιν·
1638 944 1662 970 εἰ
1677 945 1732 979 γὰρ
1752 945 1799 970 καὶ
1813 945 1852 978 ἐφ’

1065 984 1102 1014 ὧν
1133 988 1200 1023 μηδὲ
1217 988 1288 1014 κατὰ
1305 987 1385 1022 μέλος
1401 988 1493 1014 οἱαοῦν
1509 988 1636 1023 ὁμοιότης
1660 989 1777 1020 σώζεται
1791 989 1855 1023 πρὸς

1067 1030 1180 1068 θάτερον
1202 1033 1257 1060 τῶν
1273 1033 1430 1066 τικτόντων,
1456 1033 1510 1059 υἱοί
1528 1041 1557 1059 τε
1581 1033 1705 1067 λέγονται
1724 1034 1818 1060 ἵππων
1831 1035 1854 1060 οἱ

1066 1079 1184 1115 ἡμίονοι,
1197 1079 1244 1106 καὶ
1265 1079 1348 1105 τέκνα
1364 1079 1432 1105 δνων
1447 1079 1472 1105 οἱ
1487 1079 1630 1114 ἡμίιπποι,
1649 1079 1708 1110 πῶς
1721 1080 1766 1106 διὰ
1784 1080 1814 1106 τὸ
1825 1081 1855 1106 ὲκ

1068 1125 1168 1160 μέρους
1193 1125 1333 1160 ἀνόμοιον,
1349 1125 1380 1151 οὐ
1405 1124 1538 1152 δύνασθαι
1564 1124 1622 1151 υῐὸν
1646 1125 1740 1152 καλεῖν
1755 1126 1801 1151 τὸν
1820 1127 1856 1160 μὴ

1066 1172 1156 1207 πάντη
1180 1172 1273 1206 ὅμοιον
1291 1172 1347 1202 τοῖς
1363 1170 1491 1198 τεκοῦσιν
1516 1171 1597 1197 αὑτὸν
1614 1171 1743 1206 εἰρήκατε
1757 1179 1764 1202 ;
1778 1169 1856 1197 τοῦτο

1065 1218 1093 1245 δὲ
1107 1218 1139 1245 ἂν
1151 1218 1242 1250 καλῶς
1256 1215 1329 1252 εἶχεν
1343 1218 1408 1252 ὑμῖν
1425 1216 1518 1251 λέγειν
1533 1216 1608 1248 ἴσως,
1627 1216 1695 1251 πρὸς
1714 1217 1777 1248 τοὺς
1788 1216 1857 1243 κατὰ

1067 1264 1131 1299 μίαν
1144 1263 1226 1290 αὑτοῦ
1240 1263 1289 1298 τὴν
1307 1263 1403 1290 οὐσίαν
1419 1263 1512 1297 ὅμοιον
1524 1260 1593 1288 εἶναι
1606 1262 1651 1288 τὸν
1664 1262 1781 1297 Χριστὸν
1793 1263 1858 1288 sua-

1065 1310 1152 1345 τέρων
1163 1310 1217 1336 τῶν
1232 1310 1333 1343 γονέων
1344 1308 1518 1342 δοξάζοντας,
1531 1308 1561 1334 οὐ
1575 1307 1629 1343 μὴν
1640 1308 1688 1334 καὶ
1702 1307 1771 1343 πρὸς
1786 1309 1858 1343 ἡμᾶς

1065 1356 1128 1388 τοὺς
1145 1355 1214 1382 κατὰ
1245 1355 1391 1389 διαφόρους
1419 1354 1517 1388 φύσεις
1545 1353 1745 1389 ὁμολογοῦντας
1774 1354 1858 1380 αὐτοῦ

1067 1401 1260 1437 συνεστηκέναι
1278 1400 1327 1436 τὴν
1342 1400 1501 1426 ὑπόστασιν.

1103 1537 1163 1563 Ἔτι
1188 1536 1216 1563 δὲ
1247 1534 1423 1571 βασανιστέον
1452 1534 1499 1560 καὶ
1525 1532 1721 1570 ἀκριϐέστερον
1743 1532 1779 1560 τὰ
1795 1534 1860 1567 περὶ

1065 1583 1143 1612 τοῦδε
1154 1591 1160 1597 ·
1175 1583 1192 1618 ἢ
1206 1581 1260 1617 γὰρ
1274 1583 1290 1616 ἡ
1305 1581 1352 1607 τοῦ
1377 1580 1438 1607 ὅλου
1458 1580 1584 1615 ἐμοιότης
1600 1579 1664 1614 ὑμῖν
1688 1579 1764 1605 δοκεῖ
1787 1577 1858 1605 εἶναι

1065 1630 1114 1663 τῆς
1135 1628 1258 1662 υίότητος
1279 1626 1470 1662 παραστατικὴ
1495 1627 1615 1658 πάντως,
1635 1626 1652 1660 ἦ
1668 1626 1742 1660 οὐχί·
1769 1626 1793 1652 εἰ
1810 1626 1860 1661 μὲν

1066 1673 1112 1701 οὖν
1126 1674 1197 1709 οὐχὶ,
1216 1673 1304 1708 μάτην
1333 1672 1440 1707 ζητεῖτε
1464 1672 1530 1706 παρ’
1544 1669 1624 1705 ἡμῶν
1645 1671 1677 1697 τδ
1708 1672 1745 1706 μὴ
1773 1671 1861 1698 αἴτιον

1066 1720 1188 1754 υἰότητος
1212 1720 1252 1750 εἰς
1275 1717 1411 1750 ἀπόδειξιν
1437 1717 1540 1751 αὐτῆς·
1557 1717 1584 1742 αἱ
1618 1716 1675 1751 γὰρ
1693 1716 1860 1748 ἀποδείξεις,

1066 1765 1110 1791 διὰ
1126 1764 1180 1790 τῶν
1194 1764 1289 1790 αἰτίων
1301 1762 1402 1797 ταύτην
1420 1761 1585 1795 ὑφίστασθαι
1597 1761 1647 1796 τὴν
1664 1762 1778 1797 υίότητα
1800 1761 1862 1788 πείι

1066 1810 1146 1837 Οεσθε
1162 1810 1256 1845 μόνον·
1272 1807 1328 1844 ἆρά
1343 1817 1374 1842 γε
1393 1808 1478 1834 Ἅϐελ
1494 1808 1566 1834 Κάῖν
1582 1808 1676 1842 ὅμοιος
1691 1808 1730 1834 ὢν
1745 1808 1819 1834 κατὰ
1833 1809 1863 1835 τὸ

1066 1857 1125 1883 ὅλον
1140 1856 1188 1892 τῆς
1203 1856 1296 1887 οὐσίας
1311 1855 1407 1887 αὑτοῦ,
1429 1855 1476 1882 καὶ
1494 1855 1551 1886 υῐδς
1569 1854 1653 1881 αὑτοῦ
1664 1853 1709 1890 ἦν,
1721 1855 1863 1886 υἱοκτὸνος

1061 1901 1122 1935 οὖν,
1133 1903 1183 1928 οὐκ
1191 1901 1383 1936 ἀδελφοκτόνος
1391 1899 1425 1936 ἦν
1436 1910 1444 1934 ;
1454 1900 1510 1927 ἀλλ’
1519 1899 1613 1935 ἐπειδὴ
1621 1899 1676 1926 τῶν
1687 1900 1788 1935 ὀμοὶων
1798 1899 1862 1926 ἐπί-

1067 1958 1117 1983 σης
1131 1948 1189 1975 ἐστὶ
1203 1949 1220 1983 ὴ
1235 1948 1337 1983 σχέσις,
1354 1947 1403 1974 καὶ
1417 1947 1488 1974 Κάῖν
1501 1946 1555 1982 ἄρα
1573 1945 1629 1976 υἱὸς
1646 1945 1730 1972 ’Δὸελ
1757 1945 1863 1980 ὁμοίως

1067 1994 1154 2020 ἔσται·
1163 1994 1216 2030 ἄρα
1224 1993 1271 2020 οῦν
1285 1994 1332 2020 καὶ
1345 1993 1528 2029 πατροκτόνος
1543 1991 1643 2027 μᾶλλόν
1656 1992 1745 2018 ἐστιν·
1761 1992 1864 2018 οὐκοῦν

1066 2040 1114 2067 καὶ
1127 2041 1155 2066 ὲν
1164 2039 1267 2074 ταυτῷ,
1277 2039 1334 2071 υἱός
1347 2048 1377 2065 τε
1391 2039 1439 2066 καὶ
1453 2039 1544 2073 πατὴρ
1560 2038 1605 2065 καὶ
1618 2037 1734 2071 ἁδελφὸς
1743 2035 1777 2072 ἦν
1791 2038 1864 2064 liin

1067 2086 1114 2113 τοῦ
1122 2087 1278 2117 κτείναντος
1291 2085 1386 2118 αὑτὸν,
1401 2084 1485 2112 Ἀϐελ
1495 2085 1509 2111 ὁ
1522 2084 1692 2120 ἀνῃρημένος
1702 2084 1747 2110 ὑπ’
1759 2084 1845 2110 αὑτοῦ
1856 2092 1864 2098 ·

1068 2133 1116 2160 καὶ
1141 2132 1211 2159 Κόιῖν
1236 2132 1373 2162 υἱοκτόνος
1387 2139 1417 2157 τε
1435 2131 1484 2157 καὶ
1506 2131 1692 2164 πατροκτόνος
1719 2130 1766 2156 καὶ
1781 2129 1866 2156 ἀδελ-

1068 2179 1198 2213 φοκτόνος
1210 2185 1218 2193 ·
1236 2177 1283 2204 καὶ
1298 2177 1339 2208 τίς
1351 2177 1381 2203 οὐ
1396 2176 1507 2210 γελάσει
1518 2175 1581 2202 τάδε
1596 2175 1674 2210 ὑμῶν
1684 2175 1719 2201 τὰ
1733 2174 1866 2210 γλαφυρὶ

225 2227 393 2262 gitationes?
408 2228 620 2263 Dijudicandum
647 2232 690 2255 est
712 2228 797 2264 igitur
813 2227 960 2256 manifeste
985 2233 1014 2256 ut

1067 2227 1209 2263 δόγματα;
1225 2225 1368 2261 Διορατέον
1392 2224 1439 2250 οὖν
1462 2223 1555 2257 σαφῶς
1571 2223 1609 2254 ὡς
1624 2223 1672 2250 καὶ
1688 2221 1792 2256 ταύτην
1815 2221 1866 2256 τὴν

226 2273 315 2301 Lucas
328 2274 507 2309 evangelista,
522 2274 568 2308 qui
586 2275 664 2301 istam
681 2282 714 2301 ex
729 2278 808 2308 parte
820 2282 930 2301 causam
946 2280 973 2302 et
985 2283 1019 2302 ex

226 2325 304 2355 parte
326 2320 539 2347 similitudinem
555 2321 644 2348 solum
659 2321 804 2355 conspexit
823 2321 850 2347 in
865 2321 951 2348 Adam
973 2329 1018 2348 re-

226 2372 322 2401 spectu
341 2368 428 2402 patris
442 2368 588 2400 spirituum
614 2367 660 2394 Dei
676 2377 681 2394 :
700 2367 853 2394 secundum
869 2367 942 2394 enim
959 2368 1018 2394 ani-

227 2421 300 2440 mam
314 2414 403 2441 solum
418 2414 578 2441 immediata
594 2421 676 2441 causa
690 2414 728 2441 illi
744 2419 803 2441 erat
819 2414 901 2445 Deus,
915 2414 1016 2449 quippe

227 2460 330 2487 indidit
355 2460 405 2495 ipsi
424 2460 564 2495 spiramen
586 2461 649 2487 vita:
671 2461 698 2487 in
721 2459 840 2488 animam
864 2460 1014 2493 viventem,

227 2514 290 2533 cum
316 2513 417 2541 corpus
438 2515 454 2533 e
477 2507 544 2533 limo
572 2507 610 2534 illi
639 2506 791 2534 formavit:
808 2509 836 2533 et
861 2507 1014 2534 secundum

226 2552 345 2580 animam
363 2557 468 2580 tantum
484 2552 588 2579 homini
610 2560 673 2581 esse
692 2553 726 2579 ad
754 2552 899 2587 imaginem
920 2554 967 2580 Dei
989 2559 1017 2581 et

226 2599 439 2627 similitudinem
454 2599 588 2627 remansit
605 2609 610 2625 :
627 2598 719 2626 sciens
741 2599 830 2630 illum,
842 2600 867 2626 vi
883 2607 974 2627 causa:
989 2605 1017 2628 et

225 2645 419 2673 similitudinis
434 2653 466 2672 ex
479 2649 555 2680 parte
569 2653 629 2684 esse
649 2645 794 2673 evidenter
808 2645 908 2672 Filium
928 2646 1017 2674 Patris

225 2693 373 2727 spirituum
389 2691 448 2725 Dei,
459 2691 510 2718 fuit
523 2691 620 2725 Adam,
631 2686 821 2727 genealogiam
835 2693 870 2719 ita
884 2692 1018 2720 ordinans

225 2741 254 2764 ct
266 2737 379 2765 dicens:
401 2747 409 2762 ι
426 2737 478 2770 Qui
494 2737 546 2764 fuit
563 2738 648 2764 Adam
668 2738 714 2772 qui
736 2737 788 2765 fuit
809 2738 858 2765 Dei
873 2739 893 2770 ⁸³,
911 2747 919 2762 ι
943 2738 1017 2764 sicut

227 2782 313 2809 dixit:
330 2792 338 2808 ι
357 2782 411 2815 Qui
426 2783 479 2810 fuit
494 2783 561 2810 Seth
572 2784 618 2818 qui
633 2783 682 2810 fuit
703 2783 788 2810 Adam
805 2783 824 2816 ³,
844 2794 852 2808 ι
865 2783 1016 2811 scilicctex

265 2868 274 2883 ³
288 2868 353 2895 Luc.
371 2877 410 2900 tu,
423 2870 467 2896 58.
507 2871 516 2886 ³
533 2871 600 2898 ibid.

1069 2274 1187 2310 μερικὴν
1200 2272 1290 2300 αἰτίαν
1301 2271 1348 2298 καὶ
1361 2270 1476 2306 μερικὴν
1492 2269 1641 2304 ὁμοιότητα
1659 2268 1740 2304 μόνον
1754 2267 1866 2301 θεωρή-

1068 2329 1117 2351 σας
1135 2319 1242 2349 Λουκᾶς
1261 2319 1275 2344 ό
1296 2315 1494 2350 εὐαγγελιστὴς
1517 2313 1630 2340 ἐνοῦσαν
1652 2313 1700 2340 καὶ
1713 2312 1754 2347 τῷ
1774 2312 1866 2345 Ἀδὰμ.

1067 2368 1135 2403 ’πρὸς
1160 2367 1205 2393 τὴν
1231 2365 1337 2400 πατέρα
1360 2363 1415 2390 τῶν
1444 2362 1608 2397 πνευμάτων
1620 2359 1700 2387 Θεόν·
1719 2357 1793 2385 κατὰ
1808 2358 1866 2391 γὰρ

1066 2413 1154 2448 ψυχὴν
1174 2413 1254 2448 μόνον
1271 2410 1408 2446 προσεχὴς
1424 2408 1510 2439 αἴτιος
1523 2407 1598 2442 αὐτῷ
1613 2404 1646 2441 ἦν
1666 2407 1680 2432 ό
1707 2405 1786 2437 Θεὸς,
1816 2404 1869 2437 ἐμ-

1074 2459 1167 2494 φυσῶν
1190 2457 1265 2491 αὑτῷ
1288 2457 1398 2492 πνεῦμα
1426 2455 1499 2489 ζωῆς
1515 2455 1553 2485 εἰς
1567 2452 1657 2488 ψυχὴν
1681 2451 1783 2483 ζῶσαν,
1801 2449 1868 2475 ἐπεὶ

1069 2507 1098 2533 τὺ
1112 2507 1192 2540 σῶμα
1209 2505 1265 2532 ἀπὸ
1277 2505 1327 2538 γῆς
1343 2503 1418 2538 αὐτῷ
1429 2500 1611 2538 προδιέπλασε
1624 2508 1631 2514 '
1648 2500 1695 2526 καὶ
1712 2498 1784 2525 κατὰ
1797 2496 1870 2523 ταὺ-

1069 2561 1117 2588 την
1152 2551 1305 2586 σωζόμενον
1334 2549 1414 2585 μόνον
1443 2549 1472 2574 τὸ
1499 2547 1558 2574 κατ’
1587 2546 1681 2572 εἰκόνα
1711 2544 1779 2570 Θεοῦ
1818 2543 1869 2569 καὶ

1036 2590 1044 2595 ’
1070 2599 1200 2633 ὁμοίωσιν
1215 2596 1253 2631 τῷ
1267 2595 1419 2630 ἀνθρώπῳ·
1437 2592 1514 2625 εἰδὼς
1527 2594 1560 2619 ἐκ
1573 2591 1691 2627 μερικῆς
1709 2590 1803 2621 αἰτίας
1821 2588 1872 2615 καὶ

1069 2645 1224 2680 ὁμοιώσεως
1240 2642 1303 2669 Ti)»;
1318 2641 1412 2675 σαφῶς
1426 2640 1473 2666 τοῦ
1489 2639 1595 2674 ΙΙατρδς
1618 2638 1672 2664 τῶν
1698 2637 1872 2672 πνευμάτων

1070 2690 1148 2724 Θεοῦ,
1177 2689 1222 2716 καὶ
1247 2689 1292 2715 τὸν
1313 2688 1399 2722 ’Λδὰμ
1422 2685 1634 2719 ἐγενεαλόγησεν
1651 2682 1740 2714 οὕτως
1765 2682 1874 2709 ἀνατὰ-

1071 2738 1118 2771 ξας
1135 2738 1180 2763 καὶ
1200 2735 1294 2765 εἰπὼν,
1313 2732 1382 2760 εἷναι
1407 2732 1453 2759 τοῦ
1486 2732 1572 2767 Ἀδὰμ
1594 2731 1640 2757 τοῦ
1665 2729 1748 2762 Θεοῦ,
1769 2729 1874 2761 ὥσπερ

1071 2784 1133 2819 ἔφη,
1157 2782 1229 2809 «Τοῦ
1257 2781 1310 2817 Σὴο
1340 2779 1386 2806 τοῦ
1418 2779 1514 2813 Ἀδὰμ,
1531 2787 1539 2803 ι
1567 2778 1653 2813 {ﬂow
1683 2777 1730 2803 τὸν
1753 2776 1788 2802 ἐκ
1825 2776 1874 2801 τοῦ
