1968 3094
129 135 189 169 i613

583 141 780 171 ADVERSUS
801 139 1072 172 NESTORIANOS.
1090 141 1207 171 —LlB.
1231 141 1287 170 lli.

1689 138 1756 170 1614

134 193 228 228 Ἀδὰμ’
256 193 303 220 καὶ
328 193 423 229 ὥσπερ
450 191 522 228 εἶπε,
550 195 623 222 «Τοῦ
650 197 775 228 Ὶσαὰκ,»
802 197 871 231 ὅπερ
896 197 927 225 ὁ,

980 196 1045 223 .dam
1060 205 1066 222 :
1085 201 1112 223 et
1127 196 1363 231 quemadmodum
1377 195 1415 221 ait
1431 203 1437 221 :
1455 204 1464 220 ι
1482 194 1533 228 Qui
1567 194 1619 222 fuit
1648 195 1723 222 Isaac
1744 205 1754 221 ι

130 240 263 271 Ματθαῖος
279 239 388 274 ἔλεγεν·
405 250 414 265 ι
433 241 560 276 Ἀϐραὰμ
576 242 706 276 ἐγέννησε
725 242 769 268 τὸν
791 243 910 274 Ἰσαὰκ,ι

131 285 212 318 οὕτως
229 285 282 322 ἔφη
293 307 300 319 ,
317 286 390 313 (Τοῦ
412 287 497 322 Ἀδὰμ
509 287 557 314 τοῦ
573 288 652 315 Θεοῦ.
677 298 686 314 ›
709 288 788 315 Οὕτω
804 289 854 324 μὲν
868 290 913 316 οὖν

131 332 214 368 ἐχέτω
228 333 292 360 τάδε
302 341 309 349 ·
324 333 471 360 ἀκουστέον
485 333 514 360 δὲ
528 333 575 360 καὶ
589 333 644 360 τῶν
661 334 773 361 λοιπῶν.

428 391 540 417 ΚΕΦΔΛ
547 411 554 419 .
576 391 613 417 E'.

165 449 195 476 Εἰ
209 446 256 477 οὖν
273 449 353 484 φύσει
375 449 448 476 ἐστὶν
474 448 538 481 Υἱὸς
554 449 622 476 Θεοῦ
638 449 651 475 ὁ
675 448 802 484 Χριστος,
817 449 863 475 καὶ
885 448 915 475 οὐ

133 495 199 522 κατὰ
216 495 295 530 χάριν
322 494 459 526 υἱοθεσίας
480 493 606 529 ἠξίωται,
623 494 701 528 φασὶ,
723 493 781 525 πῶς
810 493 917 529 εἴρηται

132 543 168 566 ἑτι
183 540 273 575 πολλῷ
289 539 419 575 μᾶλλονὴ
435 540 515 575 χάρις
527 539 574 565 καὶ
592 540 608 574 ἡ
625 539 716 574 δωρεὰ
729 539 776 565 τοῦ
793 539 872 570 Θεοῦ,
889 540 917 565 ἐν

131 586 220 620 χάριτι
242 586 290 612 τοῦ
309 586 368 617 ἐνὸς
381 584 525 621 ἀνθρώπου
547 584 634 620 Ἰησοῦ
653 585 784 619 Χριστοῦ,
800 586 840 615 είς
854 585 918 616 τοὺς

134 632 243 663 πολλοὺς
265 631 464 666 περιέσσευσε;
491 631 539 656 καὶ
561 631 613 662 ὅτι,
636 639 644 655 ι
662 631 825 665 Ἐχαρίσατο
843 629 919 665 αὑτῷ

131 679 144 704 ὁ
154 677 219 708 Θεὸς
231 677 316 711 ὄνομα
328 677 358 703 τὸ
370 676 440 712 ὑπὲρ
451 677 504 702 πᾶν
512 676 611 710 δνομας
625 685 633 701 ι
646 676 702 708 καὶ,
719 685 727 702 ι
739 676 769 702 '0
780 675 817 711 μὴ
830 675 919 711 ἑαυτῷ

132 723 159 749 δὲ
181 722 272 749 λαϐὼν
291 722 341 757 τὴν
359 721 454 757 τιμὴν,
480 721 548 748 ἀλλὰ
571 721 682 757 κληθεὶς
708 721 760 748 ὑπὸ
784 721 832 748 τοῦ
849 721 918 748 Θεοῦ

133 769 257 803 καθάπερ
283 769 331 795 καὶ
350 768 466 803 Ἀαρὼν,
480 778 488 793 ι
509 768 536 794 τί
560 769 634 796 ἐστιν
661 764 738 799 οὗτος
758 769 773 794 ὁ
792 769 918 803 Χριστῖς,

131 815 234 841 εἴπατε.
254 814 339 841 Πάλιν
355 814 537 849 παρεκδοχαὶ,
551 814 632 841 πάλιν
649 814 821 849 μεταγωγαὶ,
838 814 919 841 πάλιν

965 242 1039 277 quod
1050 242 1193 270 Matthatus
1205 243 1331 269 vertebat
1341 241 1510 269 :«Abraham
1524 241 1622 277 genuit
1632 241 1708 269 Isaac
1717 241 1754 272 ’,ι

967 289 1004 317 ita
1017 289 1087 316 dixit
1103 298 1110 316 :
1132 299 1141 315 ι
1159 288 1210 322 Qui
1222 289 1274 331 fuit
1286 287 1372 316 Adam
1383 289 1430 323 qui
1448 288 1502 316 fuit
1513 288 1574 316 Dei.
1588 298 1597 315 ι
1621 289 1660 315 Ita
1673 288 1758 323 igitur

968 335 1026 363 haec
1039 335 1115 363 sint:
1131 335 1179 363 sed
1191 335 1296 370 reliqua
1311 334 1451 362 audienda
1465 339 1542 363 sunt.

1298 391 1374 420 CAP.
1392 393 1424 419 V.

1003 449 1030 476 Si
1042 456 1107 483 ergo
1122 453 1221 475 natura
1244 453 1286 476 est
1304 448 1392 476 Filius
1409 448 1459 475 Dei
1476 449 1616 483 Christus,
1640 454 1669 478 et
1698 457 1754 477 non

968 495 1122 523 secundum
1141 494 1260 529 gratiam
1279 494 1400 521 ﬁliorum
1417 494 1576 529 adoptionis
1589 496 1691 531 dignus
1708 496 1759 523 ha-

968 542 1045 568 bitus
1060 545 1114 573 est,
1131 541 1220 572 aiunt,
1237 539 1376 575 quomodo
1393 539 1498 567 dictum
1516 546 1574 574 est;
1596 542 1683 569 multo
1700 549 1758 568 ma-

969 587 1012 623 gis
1029 587 1118 622 gratia
1133 591 1161 613 et
1177 586 1282 613 donum
1308 586 1369 618 Dei,
1386 586 1414 613 in
1428 587 1515 622 gratia
1532 587 1617 615 unius
1638 588 1760 615 hominis

968 633 1033 661 Jesu
1048 631 1150 660 Christi
1161 632 1188 658 in
1208 631 1303 666 plures
1317 631 1470 660 abundavit
1486 633 1515 659 ’Ἰ
1529 637 1557 660 et
1573 633 1665 661 istud:
1687 634 1760 660 «Do~

969 681 1047 708 navit
1063 680 1104 707 illi
1119 680 1193 707 Deus
1221 686 1323 706 nomen
1340 680 1414 714 quod
1439 684 1482 708 est
1509 688 1595 715 super
1611 688 1693 711 omne
1711 689 1762 708 no-

970 732 1033 752 men
1046 724 1073 750 “?
1090 734 1099 750 ι
1116 727 1144 751 et
1160 732 1167 749 ε
1189 724 1261 757 «Qui
1280 731 1335 751 non
1351 725 1461 760 accepit
1481 725 1535 752 sibi
1552 726 1700 759 honorem,
1713 726 1760 753 sed

970 773 1085 797 vocatus
1109 773 1152 797 est
1167 777 1183 799 a
1207 769 1263 796 Deo
1290 773 1422 805 tanquam
1446 771 1539 798 Aaron
1557 772 1588 798 7'?
1603 782 1611 797 ι
1627 772 1695 807 quid
1719 776 1762 800 est

970 816 1023 843 iste
1032 807 1171 847 Christus,
1181 815 1275 842 dicite.
1287 814 1360 843 Usus
1370 816 1453 843 modo
1468 817 1668 852 synccdoches,
1678 818 1762 845 modo

131 861 158 888 αι
176 860 303 895 συνήθεις
322 860 510 895 μετωνυμίαι“
530 860 578 887 καὶ
601 859 696 894 θαῦμᾶ
727 869 759 894 γε
777 859 864 891 οὕτως
877 860 920 885 εὐ-

980 861 1152 896 ιὶεῑοριιοτω,
1174 861 1258 888 modo
1272 862 1448 896 metonymia
1463 868 1632 897 usurpatur:
1658 868 1686 890 et
1709 864 1762 890 mi-

132 907 312 941 επιλήσμονές
327 907 388 932 ἐστε
402 907 449 933 καὶ
464 903 502 933 ὧν
515 906 591 941 ὑμεῖς
601 907 731 939 πολλάκις
742 907 881 942 εἰρήκατε,
896 906 920 932 εἰ

134 954 171 989 μὴ
190 954 245 988 ἄρα
264 953 295 980 τὸ
318 952 364 980 τοῦ
392 953 534 988 ληθάργου
554 953 639 985 πάθος
664 954 782 980 νοσεῖτε·
806 953 847 980 ὅτι
867 953 920 988 γὰρ

133 1000 179 1027 καὶ
194 998 228 1025 τὰ
243 999 289 1025 τοῦ
304 999 363 1030 ἑνὸς
380 998 432 1025 τῶν
450 998 541 1033 μερῶν
561 998 644 1024 αὑτοῦ
662 998 710 1025 τοῦ
726 998 826 1034 μέρους
852 1008 920 1025 κατ-

133 1046 284 1082 ηγορεῖται,
299 1045 350 1071 οὐκ
363 1045 486 1079 ἀγνοεῖτε
497 1053 504 1061 υ
519 1044 557 1076 ὡς
573 1044 613 1076 τὸ,
636 1053 645 1070 ι
658 1044 771 1071 Ἐθεντο
782 1045 815 1071 τὰ
830 1044 921 1080 θνησι-

135 1093 201 1127 μαῖα
221 1091 277 1120 τῶν
296 1090 400 1118 δούλων
413 1099 472 1121 σου,
487 1087 622 1125 βρώματα
643 1092 700 1122 τοῖς
724 1092 858 1122 πετεινοῖς
873 1090 921 1117 τοῦ

133 1136 257 1172 οὐρανοῦ,
272 1137 322 1166 τὰς
335 1137 440 1171 σάρκας
454 1135 508 1162 τῶν
521 1135 602 1162 ὁσίων
618 1144 664 1162 σου
681 1137 736 1167 τοῖς
751 1136 857 1171 θηρίοις
872 1136 922 1171 τῆς

134 1184 194 1218 γῆς.
216 1193 225 1208 ι
253 1182 333 1209 ’Λλλὰ
359 1182 406 1209 καὶ
426 1182 467 1208 ὅτι
482 1182 516 1209 τὰ
528 1181 575 1208 τοῦ
589 1181 650 1208 ὅλου
672 1182 771 1217 μέρους
787 1183 858 1209 κατὰ
874 1182 921 1209 τοῦ

135 1229 195 1255 ὅλου
210 1228 329 1262 λέγεται,
347 1228 419 1255 ῐστε-
435 1228 472 1259 ὡς
483 1228 523 1260 τὸ,
541 1237 549 1253 ι
567 1229 642 1254 Ἐκεῖ
654 1228 758 1262 ἔθαψαν
779 1228 916 1263 Ἀϐραὰμ,

136 1276 181 1301 καὶ
200 1275 307 1310 Σάρραν
323 1274 372 1310 τὴν
391 1275 506 1308 γυναῖκα
521 1274 614 1301 αὑτοῦ,
638 1284 648 1300 ι
667 1275 723 1301 Καὶ
737 1275 874 1302 ἀνάπαλιν
889 1275 923 1301 τὰ

136 1331 150 1347 τ
162 1321 182 1347 ιῦ
200 1321 273 1354 ὅλου,
293 1321 364 1347 κατὰ
374 1321 420 1347 τοῦ
445 1320 545 1356 μέρους
558 1328 564 1335 ·
578 1320 616 1352 ὼς
632 1321 674 1353 τὸ,
690 1330 698 1345 ι
712 1321 766 1347 Καὶ
796 1321 923 1355 εἰσῆλθεν

143 1367 239 1394 Ἰακὼὸ
251 1368 278 1393 ὲν
294 1370 329 1393 οε¹
342 1368 442 1402 ψυχαῖς
452 1368 491 1398 εἰς
503 1366 639 1400 Αἴγυπτον
649 1374 655 1381 ·
671 1376 679 1393 ι
697 1367 737 1393 ἔτι
754 1367 807 1402 μὴν
821 1367 861 1393 ὅτι
877 1367 925 1394 καὶ

136 1414 170 1440 τὰ
178 1413 224 1439 τοῦ
232 1413 292 1440 ὅλου
301 1413 369 1439 κατὰ.
379 1412 425 1439 τοῦ
434 1415 517 1448 μέρου
524 1423 534 1443 ς
543 1413 626 1439 αὐτοῦ
636 1413 746 1447 λέγεταί
755 1422 819 1440 ποτε
831 1413 924 1448 μόνου,

137 1460 293 1494 ὁμ)λογεῖτε
307 1468 314 1474 ν
333 1458 369 1490 ὼς
392 1459 421 1484 ὲν
445 1459 495 1494 τῷ,
519 1468 528 1485 ι
544 1459 706 1491 Ἐνὺσταξεν
733 1459 750 1494 ἡ
773 1459 846 1494 ψυχή
873 1467 923 1494 μου

138 1506 192 1533 ἀπὸ
215 1505 340 1540 ἁκηδίας.
359 1514 368 1530 ι
395 1504 464 1531 Οὔτε
493 1505 547 1540 γὰρ
569 1505 659 1540 σῶμα,
684 1503 745 1531 οὕτε
765 1505 840 1540 ψυχὴ
862 1504 924 1531 καθ’

971 915 1033 934 rum
1042 906 1114 942 quod
1127 906 1165 933 ita
1178 914 1238 941 qua:
1245 910 1273 933 et
1283 913 1331 933 vos
1340 914 1410 941 sche
1419 907 1540 940 dixistis,
1552 908 1662 935 fueritis
1670 908 1747 935 obliti
1754 929 1761 939 ,

972 954 1025 981 nisi
1037 952 1178 988 lethargia:
1196 952 1293 979 morbo
1317 952 1449 980 laboretis
1465 961 1540 981 :non
1557 954 1634 981 enim
1653 954 1763 989 ignora-

973 997 1009 1025 tis
1027 1005 1089 1032 quze
1107 1001 1172 1025 sunt
1186 997 1269 1024 unius
1285 1005 1317 1024 ex
1328 998 1453 1032 partibus
1465 999 1498 1026 de
1512 999 1572 1034 ipsa
1592 1005 1671 1035 parte
1691 999 1764 1027 allii--

972 1044 1062 1071 mari:
1096 1043 1169 1071 sicut
1184 1043 1212 1070 in
1230 1043 1284 1071 hoc
1308 1043 1389 1071 loco:
1421 1054 1429 1070 ι
1443 1044 1602 1072 Posuerunt
1627 1045 1762 1072 cadavera

973 1097 1117 1117 servorum
1128 1093 1240 1116 tuorum
1256 1089 1284 1116 in
1298 1096 1390 1116 escam
1399 1090 1561 1117 volatilibus
1575 1090 1651 1121 cmli.
1664 1098 1764 1118 carnes

973 1137 1131 1160 sanctorum
1145 1138 1255 1160 tuorum
1267 1133 1364 1161 bestiis
1379 1138 1459 1161 terra
1475 1135 1502 1167 5;
1518 1145 1526 1160 ι
1546 1135 1594 1162 sed
1607 1136 1691 1162 etiam
1709 1135 1764 1162 sci-

975 1179 1012 1206 tis
1029 1187 1090 1213 quaa
1108 1183 1173 1206 sunt
1190 1179 1274 1206 totius
1290 1179 1389 1214 partis,
1401 1180 1435 1207 de
1452 1185 1509 1207 toto
1525 1180 1598 1208 diei:
1617 1186 1647 1208 ut
1662 1181 1689 1208 in
1712 1181 1764 1207 hoc

974 1225 1029 1252 alio
1037 1225 1099 1252 loco
1111 1233 1116 1251 :
1131 1234 1139 1250 ‹
1150 1224 1199 1251 llic
1209 1224 1380 1259 sepelierunt
1388 1225 1526 1252 Abraham
1536 1230 1564 1253 et
1575 1225 1642 1253 Sara
1651 1233 1763 1253 uxorem

974 1271 1034 1306 ejus
1047 1271 1056 1286 ³
1068 1291 1075 1303 ,
1088 1280 1096 1295 ι
1116 1275 1144 1298 et
1162 1271 1274 1302 iterum,
1291 1278 1352 1305 quae
1364 1275 1430 1298 sunt
1447 1273 1544 1304 totius,
1563 1272 1597 1299 de
1614 1276 1710 1306 parte:
1735 1277 1766 1298 ut

975 1317 1005 1344 in
1022 1318 1086 1349 isto,
1107 1326 1115 1342 ι
1126 1315 1271 1352 Ingressus
1280 1321 1321 1344 est
1337 1317 1423 1345 Jacob
1438 1325 1501 1345 cum
1512 1319 1572 1346 suis
1580 1318 1726 1345 animabus
1737 1318 1764 1344 iu

975 1364 1134 1400 (Egyptum,
1152 1374 1160 1389 ι
1176 1364 1268 1391 adhuc
1278 1364 1450 1392 conﬁtemini
1464 1373 1525 1400 qum
1537 1370 1601 1393 sunt
1630 1366 1714 1392 totius
1732 1364 1767 1391 de

975 1415 1054 1445 parte
1063 1410 1121 1445 ipsa
1131 1410 1186 1437 dici
1196 1410 1343 1445 aliquando
1352 1411 1420 1443 sola,
1430 1411 1503 1438 sicut
1511 1411 1539 1438 in
1548 1419 1581 1438 eo
1590 1411 1651 1438 loco
1662 1421 1668 1438 :
1682 1411 1767 1437 «Dor-

975 1455 1085 1482 mitavit
1111 1455 1203 1482 anima
1236 1463 1296 1482 mea
1321 1463 1378 1490 pra;
1400 1456 1484 1483 tazdio
1510 1457 1550 1489 ‘°;
1566 1465 1576 1482 ›
1605 1464 1660 1483 non
1691 1456 1766 1483 enim

977 1510 1090 1537 corpus,
1113 1509 1205 1536 neque
1229 1501 1321 1529 anima
1346 1502 1499 1530 secundum
1520 1503 1638 1538 seipsam
1668 1509 1769 1536 perno-

140 1552 227 1587 αὐτὴν
239 1551 377 1583 νυστάξει·
387 1551 435 1577 καί
444 1551 473 1577 ὲν
487 1551 552 1586 τῷ,‹
564 1551 668 1586 Ἐκχεῶ
678 1552 732 1578 ἀπὸ
744 1551 790 1579 τοῦ
803 1552 869 1579 πνεύ
875 1561 927 1587 μα-

980 1550 1044 1579 clat,
1059 1550 1086 1573 et
1104 1546 1132 1573 in
1148 1546 1213 1578 alio,
1232 1545 1365 1573 «Eti‘undo
1375 1546 1410 1573 de
1425 1546 1525 1581 spiritu
1537 1554 1600 1574 meo
1618 1554 1769 1581 superom—

138 1599 184 1630 τίς
205 1606 255 1632 μου
278 1597 325 1624 ἐπὶ
343 1597 433 1624 πᾶσαν
456 1597 554 1632 σάρκα·
571 1607 579 1622 ι
596 1596 627 1623 οὐ
650 1596 704 1632 γὰρ
719 1596 750 1632 δὴ
764 1597 812 1632 τὴν
825 1597 928 1633 ἄψυχόν

140 1652 223 1679 φησι·
241 1644 288 1670 καὶ
303 1643 343 1669 ὅτι
357 1642 384 1668 δὲ
396 1642 430 1668 τὰ
443 1642 489 1668 τοῦ
515 1642 580 1669 ὅλου.
590 1642 660 1669 κατὰ
676 1642 722 1669 τοῦ
735 1643 795 1669 ὅλου
806 1643 926 1677 λέγεται,

144 1691 327 1725 ἀιιαμφίῆολον
343 1691 440 1718 πᾶσιψ
459 1690 495 1722 ὡς
509 1690 553 1721 τὸ,
572 1691 666 1716 Ἰσαὰκ
681 1690 708 1717 δὲ
725 1690 872 1726 ἐπορεύετο
886 1690 930 1717 διὰ

139 1739 190 1773 τῆς
204 1739 307 1774 ἐρήμου
319 1738 389 1764 κατὰ
402 1738 432 1763 τὸ
448 1736 538 1771 φρέαρ
553 1737 601 1769 τῆς
612 1736 751 1771 optimm;-
760 1736 791 1762 τὸ
802 1737 829 1762 δὲ
841 1736 928 1771 παρὰ-

139 1783 216 1815 δοξον
231 1782 346 1818 ἐροῦμεν
361 1782 401 1808 ἔτι
411 1789 418 1796 ·
436 1781 477 1807 ὅτι
489 1781 536 1806 ἐπὶ
553 1781 607 1807 τῶν
630 1780 754 1814 φυσικῶν
767 1780 931 1806 οίκειώσεων

141 1830 216 1856 ἐστιν
235 1829 297 1855 ἰδεῖν
315 1827 359 1854 διὰ
376 1828 425 1862 τὴν
442 1827 473 1853 ἐκ
486 1826 536 1861 τῆς
550 1826 674 1857 ἐνώσεως
695 1825 868 1860 συμπάθειαν
886 1826 932 1852 ἐπὶ

140 1875 196 1902 τῶν
205 1874 327 1900 ὁπωσοῦν
337 1873 506 1907 παθημάτων
516 1871 664 1906 ἠνωμένων
677 1871 778 1906 μερῶν,
791 1872 833 1898 ὃτι
843 1872 888 1898 καὶ
898 1872 932 1898 τὰ

142 1920 258 1955 θατέρου
270 1919 324 1945 τῶν
337 1918 428 1953 μερῶν
439 1917 485 1943 τοῦ
497 1917 569 1949 ὅλου,
581 1917 651 1942 κατὰ
665 1917 712 1942 τοῦ
728 1917 821 1952 ἑτέρου
833 1916 933 1952 μέρους

143 1965 228 1992 αὐτοῦ
259 1964 473 1999 κατηγορεῖται·
493 1962 531 1993 ὡς
553 1962 595 1992 τὸ,
622 1961 712 1996 ψυχὴν
735 1961 783 1988 τοῦ
815 1962 931 1996 φονέως,

143 2012 204 2040 ἀντὶ
227 2011 277 2046 τῆς
304 2010 393 2045 ψυχῆς
416 2008 462 2035 τοῦ
483 2007 671 2042 φονευθέντος,
702 2007 929 2034 ἀποκτείνεσθαι·

143 2059 235 2085 καίτοι
261 2057 285 2083 οι
307 2055 505 2085 ὰποκτένοντες
520 2074 527 2086 ,
547 2053 579 2080 τὸ
615 2053 695 2088 σῶμα
726 2053 908 2080 ἀποκτένουσι
924 2075 932 2086 ,

146 2104 217 2138 μετὰ
230 2102 259 2128 δὲ
279 2101 358 2128 τοῦτο
380 2100 430 2126 οὐκ
444 2099 535 2134 ἔχουσι
550 2099 576 2125 τί
590 2099 784 2134 περισσότερον
801 2100 932 2134 ποιῆσαι·

143 2148 246 2175 νηόνδε
274 2147 308 2182 δή
333 2146 392 2172 ἐστι
410 2145 458 2171 καὶ
482 2144 523 2176 τὸ,
545 2153 555 2170 ‹
572 2143 747 2170 Ἐταπείνουν
767 2144 796 2170 ὲν
822 2145 934 2180 νηστείᾳ

143 2195 194 2230 τὴν
212 2193 303 2228 ψυχήν
324 2201 373 2227 μου
385 2200 391 2206 ·
406 2201 415 2218 ›
431 2191 478 2217 καὶ
495 2190 550 2225 γὰρ
565 2189 596 2216 τὸ
614 2189 694 2224 σῶμα
712 2190 826 2226 πρώτως
842 2199 870 2216 τε
889 2191 934 2217 καὶ

143 2241 230 2271 ὅντως
247 2238 303 2265 ἐστὶ
314 2237 342 2264 τὺ
358 2237 572 2270 ταπεινούμενον
587 2235 634 2262 ἐπὶ
648 2237 771 2271 νηστείᾳ,
787 2237 803 2271 ἡ
820 2236 847 2262 δὲ
862 2237 935 2273 ψυχὴ

144 2287 194 2312 καῖ
212 2285 312 2320 μᾶλλον
324 2284 402 2319 νήφει
417 2283 464 2309 καὶ
475 2281 590 2317 ὑψοῦται
603 2282 721 2316 ἐφόσονὸ
732 2281 783 2314 ἔξω
793 2282 936 2318 ἄνθρωπος

144 2331 331 2358 ταπεινοῦται·
345 2329 402 2360 καὶ,
414 2328 506 2363 (Φωνὴ
515 2328 630 2363 αἵματος
642 2328 689 2355 τοῦ
703 2328 819 2366 ᾁδελφοῦ
830 2337 877 2355 σου
890 2329 938 2364 βοᾷ

147 2379 217 2413 πρός
237 2387 269 2412 με
280 2387 286 2392 ·
299 2387 307 2402 ι
324 2377 372 2402 καὶ
385 2375 440 2410 γὰρ
452 2375 509 2407 καὶ,
526 2375 597 2401 κατὰ
612 2374 658 2401 τὸν
679 2366 853 2408 Ἀττῦστολονν
868 2376 938 2401 ἁπο-

147 2423 237 2450 θανὼν
253 2423 291 2448 ἔτι
308 2422 385 2447 λαλεῖ
398 2421 436 2452 ὼς
448 2419 503 2452 ζῶν
522 2421 536 2446 ὁ
558 2419 651 2451 Ἅϐελ,
668 2419 718 2446 οὐκ
734 2419 810 2455 αὐτῷ
827 2419 935 2455 αἵματι,

146 2468 216 2495 ἀλλὰ
231 2469 262 2503 τῆ
274 2467 358 2501 ψυχῇ.

185 2512 273 2547 Σαφὲς
293 2511 339 2538 οῦν
355 2512 396 2538 ὅτι
415 2511 433 2538 ἃ
459 2512 588 2547 εἰρήκατε
612 2511 714 2543 πάντα,
742 2511 807 2546 περὶ
837 2510 938 2546 μέρους
968 2532 971 2533 ν

145 2560 256 2592 λέγεται
268 2559 315 2585 τοῦ
328 2558 501 2594 ἀνθρωπίνου
519 2557 654 2593 Χριστοῦ·
667 2558 683 2593 ἠ
702 2558 750 2592 μὲν
770 2557 824 2593 γὰρ
838 2557 893 2584 τῶν
910 2559 939 2584 ὲν

146 2606 224 2640 αὑτῷ
250 2605 368 2639 φύσεων,
395 2604 460 2636 Θεός
478 2613 508 2630 τε
524 2605 570 2631 καὶ
587 2604 650 2635 Υἱὸς
666 2603 734 2630 Θεοῦ
757 2603 815 2630 ἐστι
838 2612 868 2630 τε
893 2603 940 2630 καὶ

147 2651 323 2686 ὀνομάζεται,
335 2651 458 2678 οὐσιῶδει
473 2651 546 2686 λόγῳ
557 2659 563 2665 '
582 2651 598 2685 ἡ
620 2650 649 2676 δὲ
665 2651 755 2686 χάριτι
767 2649 876 2684 ἀληθῶς
892 2651 939 2677 καὶ

146 2701 240 2736 δωρεᾷ
257 2700 332 2732 θείας
351 2700 435 2735 τιμῆς
448 2699 496 2726 καὶ
508 2699 659 2734 ὀνομασίας
675 2698 801 2733 ἠξίωται,
816 2697 874 2724 ἀλλ’
890 2698 940 2732 οὐχ

148 2746 243 2777 ἁπλῶς
257 2745 343 2780 ὄνομα
357 2745 440 2782 οΰσης
453 2745 540 2780 ψιλὸν,
554 2746 671 2780 πρᾶγμα
686 2743 865 2778 ὑποκείμενον
881 2745 940 2770 ὀνο-

184 2826 196 2841 δ
211 2825 307 2852 Matth.
324 2833 342 2857 t,
357 2825 384 2852 2.
423 2825 432 2841 ³
447 2824 526 2854 nom.
538 2833 566 2859 ν,
579 2825 624 2852 20.
662 2825 672 2841 θ
685 2825 776 2859 Philip

184 2826 196 2841 ⁸
211 2825 307 2852 Matth.
324 2833 342 2857 t,
357 2825 384 2852 2.
423 2825 432 2841 ³
447 2824 526 2854 nom.
538 2833 566 2859 ν,
579 2825 624 2852 20.
662 2825 672 2841 θ
685 2825 806 2860 Philipp.
816 2832 835 2852 ιι
849 2824 875 2851 9.

142 2867 243 2894 cum,
259 2860 304 2887 ‘28.
346 2861 364 2876 ”
382 2861 453 2888 Psal.
471 2868 562 2893 xxxlv,
576 2861 618 2887 15.
662 2861 682 2877 ¹¹
695 2860 764 2888 Cen.
793 2868 829 2894 tv,
849 2860 875 2886 iC

662 2861 682 2877 "
695 2860 764 2888 Cen.
793 2868 829 2894 tv,
849 2860 890 2886 i0.

915 2824 1017 2852 1Hebr.
1031 2833 1057 2855 ι’.
1069 2825 1093 2852 ι.
1110 2824 1120 2840 θ
1132 2824 1152 2851 Ρ
1167 2829 1189 2848 5.
1207 2823 1355 2855 Lxxvmﬂ.

979 1600 1042 1620 nem
1058 1593 1186 1622 carnem;
1201 1601 1210 1617 ι
1227 1600 1283 1619 non
1301 1593 1375 1620 enim
1393 1593 1466 1620 illam
1493 1593 1553 1620 sine
1574 1593 1665 1620 anima
1687 1593 1768 1622 dicit:

979 1643 1008 1666 et
1034 1647 1095 1673 qua:
1121 1642 1186 1665 sunt
1214 1639 1302 1666 totius
1332 1639 1367 1666 de
1391 1643 1450 1666 toto
1476 1639 1542 1671 dici,
1570 1643 1696 1674 apertum
1728 1644 1771 1666 cst

979 1685 1130 1717 omnibus;
1167 1684 1240 1711 sicut
1271 1683 1302 1710 in
1327 1684 1425 1716 altero,
1454 1684 1530 1711 lsaac
1559 1685 1616 1711 ibat
1641 1692 1692 1719 per
1720 1685 1770 1712 de-

981 1735 1086 1757 sertum
1101 1730 1180 1764 juxta
1193 1729 1293 1756 fossam
1308 1729 1444 1762 visionis;
1470 1729 1573 1764 aliquid
1601 1738 1669 1757 vero
1690 1730 1771 1757 inau-

981 1775 1071 1802 ditum
1097 1774 1327 1809 superaddemus,
1357 1783 1458 1810 nempe
1487 1775 1560 1810 quod
1597 1780 1703 1810 spectat
1736 1776 1769 1803 all

982 1824 1124 1851 naturales
1161 1823 1393 1859 eoujunctiones,
1417 1823 1499 1851 datur
1534 1824 1629 1852 videre
1653 1829 1767 1860 propter

983 1870 1166 1907 sympathiam
1193 1878 1255 1905 qua:
1279 1878 1313 1897 ex
1338 1870 1440 1898 unione
1469 1871 1560 1898 oritur
1584 1870 1676 1906 quoad
1704 1871 1773 1898 alle-

983 1920 1045 1943 ctus
1076 1915 1198 1950 partium
1229 1914 1387 1947 unitarum,
1420 1923 1481 1949 qum
1508 1920 1572 1942 sunt
1600 1915 1716 1943 alterius
1740 1923 1773 1942 (ιν

985 1961 1113 1997 partibus
1137 1960 1232 1993 totius,
1249 1960 1283 1988 de
1304 1961 1390 1988 altera
1411 1966 1489 1996 parte
1514 1961 1602 1996 ipsius
1625 1961 1772 1989 aﬂirmari:

985 2009 1025 2036 sic
1039 2008 1152 2040 dicitur,
1167 2008 1286 2035 animam
1313 2007 1473 2039 homicida),
1502 2016 1553 2043 pro
1567 2006 1660 2036 anima
1686 2010 1775 2036 inter-

986 2055 1062 2086 fecti,
1072 2053 1175 2087 Occidi;
1187 2061 1271 2090 porro
1283 2054 1761 2090 interfectorescorpusinlcrliciun;

986 2104 1048 2136 post
1064 2100 1116 2127 hoc
1131 2108 1198 2128 vero
1221 2107 1276 2126 non
1300 2099 1404 2127 habent
1431 2101 1550 2135 amplius
1569 2100 1634 2135 quid
1662 2100 1773 2130 faciant.

988 2147 1078 2174 simile
1101 2151 1144 2173 est
1172 2145 1225 2172 hoc
1249 2154 1255 2172 :
1284 2155 1292 2170 ι
1314 2145 1499 2173 llumiliabam
1526 2147 1554 2173 in
1585 2146 1689 2182 jejunio
1719 2147 1777 2173 ani-

988 2200 1060 2219 mam
1076 2199 1165 2219 meam
1185 2191 1224 2224 “;
1240 2201 1248 2216 ι
1262 2198 1363 2226 corpus
1389 2191 1462 2218 cnim
1479 2191 1599 2226 primum
1624 2197 1652 2219 et
1665 2191 1777 2219 rcaliter

989 2238 1056 2265 illud
1074 2242 1117 2265 cst
1129 2237 1204 2272 quod
1216 2237 1380 2264 humiliatur
1392 2236 1418 2264 in
1430 2237 1547 2273 jejunio,
1565 2237 1655 2265 anima
1665 2245 1731 2265 vero
1744 2245 1777 2264 eo

989 2284 1077 2319 magis
1094 2283 1190 2318 vigilat
1210 2287 1238 2311 et
1252 2283 1399 2316 exaltatur,
1415 2283 1488 2318 quod
1503 2283 1668 2311 humiliatur
1686 2289 1777 2311 exter-

989 2338 1042 2357 nus
1059 2330 1160 2362 homo,
1187 2334 1217 2357 et
1231 2329 1316 2357 illud:
1335 2330 1409 2356 «Vox
1437 2329 1582 2365 sanguinis
1611 2330 1707 2357 fratris
1733 2331 1774 2357 tui

989 2376 1091 2403 clamat
1106 2375 1140 2402 ad
1156 2384 1199 2403 me
1210 2376 1249 2409 ¹²;
1263 2386 1272 2401 ι
1291 2375 1394 2403 etenim
1407 2379 1434 2402 et
1444 2376 1596 2403 secundum
1604 2375 1775 2410 Apostolum,

990 2422 1139 2450 defunctus
1159 2421 1250 2449 adhuc
1276 2422 1400 2456 loquitur
1424 2426 1554 2456 tanquam
1580 2421 1675 2448 vivens
1697 2421 1776 2453 Abel,

989 2476 1046 2495 non
1061 2468 1122 2502 ipso
1134 2468 1281 2502 sanguine,
1294 2467 1342 2494 sed
1358 2467 1459 2494 anima.

1028 2514 1201 2541 Manifestum
1227 2517 1270 2540 cst
1299 2513 1383 2548 igitur
1408 2513 1500 2540 omnia
1527 2521 1588 2548 qua:
1613 2513 1720 2540 dixistis
1745 2512 1779 2540 de

992 2565 1070 2596 parte
1085 2560 1141 2587 dici
1166 2559 1269 2587 Christi
1294 2559 1406 2586 humani
1421 2568 1427 2585 ι
1444 2567 1500 2586 una
1516 2560 1588 2586 enim
1616 2564 1778 2586 naturarum

993 2615 1054 2642 qua:
1068 2610 1131 2634 sunt
1151 2606 1177 2633 in
1190 2605 1260 2641 ipso,
1274 2606 1347 2633 Deus
1361 2610 1389 2632 ct
1412 2605 1498 2633 Filius
1513 2605 1561 2633 Dei
1582 2610 1625 2632 εει
1640 2609 1669 2632 et
1689 2605 1779 2631 nomi-

993 2658 1075 2680 natur
1094 2652 1234 2680 esseutiali
1250 2652 1352 2680 verbo:
1374 2652 1459 2678 altera
1475 2659 1542 2679 vero
1570 2651 1658 2686 gratia
1678 2658 1743 2678 vere
1754 2655 1781 2677 (ιι

993 2699 1078 2729 dono,
1095 2697 1222 2724 divinum
1237 2698 1372 2724 honorem
1385 2701 1412 2724 et
1427 2695 1682 2723 denominationem
1707 2696 1779 2722 acci-

995 2744 1047 2779 pit,
1065 2751 1127 2778 qua:
1140 2750 1195 2770 non
1209 2749 1274 2770 sunt
1291 2743 1455 2777 simpliciter
1469 2748 1570 2768 nomen
1586 2740 1701 2774 nudum,
1718 2741 1779 2776 qui.

1404 2824 1415 2840 ’
1427 2822 1571 2854 Gen.xxv,
1587 2821 1629 2848 10.
1673 2820 1692 2836 ‘°
1708 2821 1779 2848 Psth
