1968 3094
211 131 279 164 1619

825 138 981 169 LEONTII
1000 138 1187 169 BYZANTIN
1188 140 1201 169 Ι

1776 139 1844 172 162i)

209 191 300 220 dictus
315 196 367 225 est,
386 193 413 220 in
432 193 562 222 omnibus
595 195 652 230 ipse
673 196 835 230 prmccllens
857 197 990 232 primoge-

1049 198 1153 233 νεκρῶν
1181 198 1298 234 εἴρηται,
1316 198 1344 225 ἐν
1367 199 1450 226 πᾶσιν
1467 199 1548 231 αὐτὸς
1565 199 1724 234 πρωτεύων,
1761 209 1840 237 πρω-

208 239 282 265 nitus
293 239 383 265 omnis
398 241 550 267 creaturae?
571 240 668 274 Qualis
686 246 730 269 est
748 242 796 277 qui
819 247 862 270 est
877 242 911 270 de
927 243 998 270 caelo

207 285 345 312 secundus
357 285 442 313 homo
460 291 489 314 et
503 287 654 315 Dominus?
671 287 737 321 Quis
753 289 787 316 de
798 296 854 324 quo
872 289 999 324 loquitur

207 331 349 358 Joannes:
380 342 389 357 ‹
411 333 464 366 Qui
496 333 644 361 desursum
670 335 758 366 venit,
785 343 870 370 super
899 343 998 364 omnes

206 383 249 405 est
262 379 306 405 “‘2
321 389 331 404 ›
353 378 420 412 Quis
433 384 476 407 est
488 381 535 414 qui
553 380 746 416 dicitgloriam
765 380 868 408 habere
889 381 997 409 aPatre

206 428 354 459 antequam
382 425 502 452 mundus
523 425 621 457 ,ﬁeret,
647 429 674 454 et
703 426 852 453 conﬁtetur
880 434 910 454 se
934 434 997 453 cum

208 471 285 498 Patre
300 478 384 497 unum
400 471 479 498 esse?
493 471 528 498 Et
543 471 606 506 quis
628 477 671 499 est
690 472 738 507 qni
764 472 848 499 habet
872 477 996 507 potesta—

207 520 260 544 tem
277 517 398 552 ponendi
414 525 491 544 suam
513 517 633 545 animam
652 523 679 546 et
703 519 831 546 sumendi
846 519 879 551 ’³,
905 523 933 546 et
947 519 995 554 qui

207 570 330 590 eversum
345 563 489 598 proprium
511 564 643 598 templum
663 569 796 599 tanquam
811 565 938 592 divinum
965 570 993 592 et

205 617 259 636 non
279 609 390 636 domum
413 610 607 644 particularem
632 611 755 642 dictum,
785 616 846 646 post
870 611 993 638 triduum

205 654 371 681 remdiﬁcare
387 659 477 688 potest
491 655 535 681 "?
550 655 696 688 Quomodo
713 659 806 683 autem
831 663 864 682 ex
877 655 930 684 ﬁde
950 655 995 690 ju-

204 699 278 726 stitia
294 699 383 726 dicit:
401 709 410 725 ί
423 700 463 727 Ne
478 700 583 728 dixeris
603 701 630 728 in
647 701 731 729 corde
749 707 807 733 tuo,
822 702 885 736 quis
898 708 995 728 ascen-

203 745 244 772 dit
260 745 287 772 in
302 746 414 778 caelum,
427 746 452 773 id
470 751 514 773 est
543 747 687 774 Christum
719 747 859 775 deducere
884 747 919 778 ",
936 755 945 771 ι
967 746 993 773 si

205 798 258 819 non
269 792 410 819 caelestem
430 800 490 820 esse
505 793 581 820 illum
602 798 630 820 et
644 801 700 820 non
716 793 821 820 nudum
848 793 992 820 mortalem

202 836 288 863 dicit?
304 836 370 870 Quis
387 842 430 865 est
453 838 588 865 Dominus
603 838 698 873 gloria:
721 846 804 874 quem
836 838 992 866 nescientes

1049 243 1159 276 τότοκος
1186 244 1276 280 πάσης
1288 243 1418 277 κτίσεωςς
1430 244 1506 276 ποῖός
1519 245 1548 271 τέ
1559 245 1632 271 ἐστιν
1649 246 1663 271 ὁ
1685 245 1713 278 ἐξ
1722 245 1840 281 οὐρανοῦ

1049 289 1173 326 δεύτερος
1188 289 1329 325 ἄνθρωπος
1345 291 1392 317 καὶ
1403 290 1504 326 Κύριος
1516 299 1523 323 ;
1537 291 1578 322 τίς
1588 299 1617 317 τε
1626 291 1655 318 ὄν
1666 299 1733 326 φησι
1748 292 1841 318 Ἰωάν-

1049 344 1122 371 νης,‹
1140 335 1170 361 '0
1180 335 1283 362 ἄνωθεν
1295 336 1451 371 ἐρχόμενος,
1462 336 1562 371 μείζων
1570 336 1678 363 πάντων
1689 337 1761 367 tati;
1774 346 1783 362 ›
1798 338 1840 368 τίς

1048 390 1078 408 τε
1089 382 1103 407 ὁ
1115 381 1201 416 λέγων
1211 382 1290 414 δόξαν
1302 381 1373 417 ἔχειν
1382 382 1458 417 παρὰ
1467 381 1506 417 τῷ
1516 382 1602 417 Πατρὶ
1610 382 1663 417 πρὸ
1674 382 1720 408 τοῦ
1732 382 1779 408 τὸν
1791 383 1838 408 x6-

1049 435 1117 462 σμον
1134 426 1269 461 γενέσθαι,
1294 428 1340 453 καὶ
1359 427 1498 462 ὁμολογῶν
1513 427 1609 454 ἑαυτὸν
1629 427 1677 453 σὺν
1693 427 1732 462 τῷ
1748 427 1839 462 Πατρὶ

1048 471 1077 498 ἓν
1097 469 1165 498 εἶναι
1178 480 1185 504 ;
1196 471 1243 497 καὶ
1259 471 1322 502 τίςὸ
1334 470 1457 503 ἐξουσίαν
1474 471 1542 506 ἔχων
1558 470 1644 498 θεῖναι
1660 471 1710 506 τὴν
1732 471 1839 498 οἰκείαν

1048 515 1130 543 αὐτοῦ
1141 517 1229 552 ψυχὴν
1243 514 1373 552 καὶᾶραι.
1385 519 1431 543 καὶ
1441 516 1556 543 λυθέντα
1570 517 1616 543 τὸν
1636 517 1702 543 ἴδιον
1713 517 1787 548 ναὸν,
1800 517 1840 548 ὡς

1047 563 1118 590 θεῖον
1133 562 1178 589 καὶ
1189 562 1238 589 οὐκ
1251 560 1324 589 οἷκον
1345 562 1478 589 ἰδιωτικὸν
1498 561 1657 597 λεγόμενον,
1691 562 1720 588 ὲν
1742 562 1835 597 τρισὶν

1047 609 1165 645 ἡμέραις
1187 609 1292 644 ἐγεῖραι
1310 608 1440 641 δυνατόςς
1455 608 1513 640 πῶς
1529 609 1558 636 δὲ
1574 609 1621 635 καὶ
1635 609 1650 643 ἡ
1667 609 1699 634 ἐκ
1718 608 1839 640 πίστεως

1046 654 1202 689 δικαιοσύνη
1212 654 1296 688 λέγει,
1314 664 1323 679 ι
1339 654 1384 690 Μὴ
1404 655 1485 689 εἴπῃς
1503 654 1532 680 ὲν
1546 656 1578 688 τῇ
1595 654 1694 689 καρδία
1713 662 1772 686 σου,
1789 654 1838 685 Τίς

1045 700 1212 736 ἀναϐήσεται
1236 701 1275 732 είς
1293 700 1339 728 τὸν
1354 701 1484 736 οὺρανόνς
1499 700 1621 726 τοὺτέστι
1636 699 1754 736 Χριστὸν
1769 709 1838 726 κατ-

1046 748 1169 780 αγαγεῖν,
1181 756 1190 772 ι
1204 747 1278 782 εἰμὴ
1291 747 1338 773 καὶ
1350 745 1474 782 οὐράνιον
1486 745 1555 773 εἶναι
1570 746 1652 773 αὑτὸν
1662 747 1709 773 καὶ
1718 747 1748 772 οὺ
1757 746 1838 780 ψιλὸν

1045 791 1166 826 ἐπίγειόν
1182 800 1263 827 φησι;
1275 792 1316 822 τίς
1326 800 1356 818 τε
1366 793 1380 818 ὸ
1388 792 1492 827 Κύριος
1502 793 1551 827 τῆς
1564 792 1654 826 δόξης,
1665 791 1694 818 ὃν
1706 790 1837 825 ἀγνοοῦν-

1044 847 1090 871 τες
1116 839 1292 874 ἐσταύρωσαν
1313 847 1321 870 ;
1340 837 1398 870 πῶς
1419 839 1447 865 δὲ
1465 838 1511 865 καὶ
1538 838 1616 873 ὑμεῖς
1644 838 1722 865 αὐτοὶ
1737 837 1786 872 τὴν
1808 839 1838 863 ὲν

203 882 402 910 cruciﬁxerunt
418 884 460 910 "?
483 884 628 917 Quomodo
655 889 682 912 et
700 892 750 912 vos
772 884 824 919 ipsi
852 884 990 912 Niczenam

1046 885 1149 921 Νικαίᾳ
1163 885 1254 911 πίστιν
1273 885 1303 911 οὺ
1327 884 1541 920 παραιτούμενοι
1562 884 1608 912 τὸν
1623 885 1654 910 ὲκ
1668 884 1714 911 τοῦ
1730 883 1837 918 [ἰατρὸς

205 929 285 956 ﬁdem
313 937 369 957 non
392 929 573 963 abdicantes,
597 930 773 958 conﬁtemini
792 930 933 958 Christum
958 938 993 957 ex

204 974 284 1001 Patre
303 974 427 1009 genitum
446 979 510 1002 ante
538 975 631 1002 omnia
647 975 757 1007 saecula,
788 976 835 1010 qui
857 975 916 1010 ipse
941 975 991 1002 de-

200 1020 310 1047 scendit
324 1021 359 1048 de
369 1022 449 1048 cmlis
465 1025 494 1048 et
504 1021 715 1049 inearnatusest
725 1030 759 1049 ex
771 1021 876 1056 Spiritu
895 1025 991 1049 sancto

200 1071 227 1094 et
244 1066 326 1094 Maria
337 1067 460 1102 Virgine,
472 1071 500 1094 et
514 1067 597 1094 homo
612 1067 702 1094 factus
716 1067 779 1095 est?
804 1071 832 1094 et
850 1067 990 1102 quomodo

201 1113 354 1148 intelligitis
363 1113 455 1140 omnia
466 1113 519 1140 alia
528 1121 589 1148 qua:
601 1121 617 1141 a
633 1113 714 1140 nobis
725 1121 758 1140 ex
770 1114 856 1141 sacris
866 1113 990 1148 Eloquiis

199 1157 311 1192 praefata
323 1162 388 1185 sunt
401 1157 435 1185 de
446 1157 557 1185 Christo
567 1177 574 1190 ,
591 1162 722 1192 tanquam
733 1157 804 1184 Filio
815 1157 875 1189 Dei,
889 1162 916 1185 et
929 1165 990 1192 qum

200 1203 287 1238 gratia
301 1207 329 1230 et
355 1208 454 1230 natura
469 1203 569 1230 Filium
590 1203 639 1230 Dei
659 1203 737 1230 illum
752 1207 917 1238 praeponunt
931 1203 943 1229 ἲ
960 1203 988 1231 Si

198 1250 272 1277 enim
286 1250 344 1277 [nec
354 1257 409 1277 non
422 1249 507 1285 ﬁgura
516 1253 564 1277 aut
573 1249 772 1284 imaginatione
781 1253 829 1276 aut
839 1249 872 1276 ad
881 1249 989 1276 illusio-

199 1305 263 1325 nem
273 1301 320 1324 aut
331 1301 445 1332 propter
456 1296 562 1330 aliquid
572 1303 736 1331 eorumquaz
745 1296 906 1323 asseruistis
914 1296 988 1323 dicta

199 1342 303 1370 fuerint
318 1343 344 1369 in
358 1350 435 1369 sacra
460 1341 614 1376 Scriptura,
633 1349 723 1377 neque
747 1341 861 1368 nomine
890 1341 987 1369 ﬁctitio

198 1391 290 1418 dictus
308 1389 475 1417 fueritDeus
491 1393 520 1416 et
531 1388 618 1415 Filius
632 1388 693 1420 Dei,
715 1392 744 1416 et
758 1387 893 1416 Dominus
913 1387 987 1415 idem

198 1436 334 1464 Christus.
353 1434 493 1470 quomodo
508 1441 564 1461 non
579 1433 652 1461 idem
668 1433 723 1461 erit
745 1433 811 1466 duo,
833 1434 936 1468 quippe
953 1433 986 1460 de

197 1481 294 1508 eodem
310 1484 459 1514 utrumque
474 1482 617 1511 narratur,
628 1477 768 1513 quomodo
782 1485 855 1505 unus
862 1482 890 1504 et
901 1477 987 1505 Filius

200 1525 245 1552 Dt'i
261 1529 360 1551 natura
385 1528 414 1551 et
440 1523 528 1550 Filius
556 1523 604 1550 Dei
631 1523 730 1558 gratia,
759 1522 937 1557 impassibilis
959 1527 987 1550 et

198 1572 348 1606 passibiiis,
365 1571 490 1598 exaltans
517 1574 545 1597 et
564 1570 713 1602 exaltatus,
742 1575 771 1597 et
796 1569 915 1604 reliqua,
929 1577 986 1596 non
1000 1555 1022 1586 Ο

198 1617 401 1646 azstimabitur?

233 1664 294 1692 Non
309 1664 384 1691 enim
397 1662 578 1691 rationabiles
599 1669 665 1690 vere
680 1662 747 1690 estis
766 1669 826 1693 vos,
847 1669 863 1688 ο
877 1660 1002 1692 verbosi,

198 1711 245 1746 qui
261 1719 310 1746 per
327 1710 516 1745 acceptionem
528 1709 623 1745 ﬁgura:
640 1713 669 1736 et
690 1708 900 1743 imaginationis
925 1715 988 1742 pas-

198 1757 290 1784 siones
306 1760 334 1783 et
363 1755 502 1790 passibilis
524 1755 637 1782 nomina
663 1754 775 1789 proprie
802 1754 938 1788 recipitis,
960 1758 989 1781 et

198 1806 331 1830 naturaet
340 1801 467 1829 realiter:
483 1800 736 1836 impassibilitatem
749 1806 817 1827 vero
826 1803 854 1827 et
865 1799 986 1835 gloriam

198 1853 226 1876 et
240 1849 386 1880 honorem,
403 1851 431 1874 et
444 1854 544 1874 nomen
557 1846 741 1874 deiﬁcationis
758 1850 786 1873 et
801 1845 902 1873 divina:
921 1845 989 1872 ﬁlia-

198 1895 294 1927 tionis,
309 1901 366 1921 non
379 1897 477 1921 natura
494 1892 674 1928 generaliter,
690 1899 743 1919 nec
762 1899 791 1919 re
808 1899 861 1919 nec
877 1898 942 1918 vere
953 1890 988 1918 de

197 1941 318 1973 Christo,
331 1940 378 1968 sed
390 1940 489 1967 falsum
501 1945 602 1967 nomen
612 1944 641 1967 et
649 1938 764 1974 ﬁguram
773 1942 801 1966 et
811 1938 988 1974 imaginatio-

197 1994 261 2015 nem
272 1991 300 2014 et
309 1994 407 2014 vanam
415 1986 628 2021 appellationem
635 1985 746 2013 habetis
756 1993 762 2011 :
772 1985 795 2012 si
802 1984 876 2012 enim
885 1984 988 2018 etivere

198 2033 330 2060 dicuntur
347 2031 382 2059 ab
394 2031 454 2066 ipso
469 2035 497 2058 et
517 2031 729 2064 ﬁunthumana,
746 2030 794 2058 sed
812 2030 988 2058 considerate

198 2078 292 2106 studio
308 2077 435 2104 veritatis
462 2077 519 2112 regi
537 2077 651 2112 quidem
668 2075 764 2103 dicere
779 2075 901 2110 propriis
919 2074 987 2103 sub-

196 2124 287 2160 jectis,
300 2131 372 2150 unus
387 2131 421 2150 ex
443 2123 523 2151 vobis
538 2129 610 2156 sum,
635 2126 663 2150 et
682 2121 780 2149 similis
796 2121 887 2154 vobis,
903 2124 931 2148 et
946 2121 988 2148 l'a-

198 2177 262 2197 cere
276 2169 302 2196 in
318 2169 378 2196 acie
391 2169 527 2196 instructa
545 2176 606 2204 qua:
624 2171 691 2196 sunt
705 2167 802 2195 militis
823 2167 858 2194 ad
882 2174 986 2202 procu-

1046 931 1211 966 γεννηθέντα
1225 931 1278 966 πρὸ
1299 931 1408 957 πάντων
1417 930 1472 957 τῶν
1494 929 1608 962 αἰώνων,
1622 930 1667 956 τὸν
1679 929 1760 956 αὐτὸν
1770 938 1836 956 κατ-

1045 977 1157 1003 ελθόντα
1171 977 1203 1002 ὲκ
1218 976 1272 1003 τῶν
1288 976 1411 1012 οὐρανῶν
1440 977 1487 1003 καὶ
1515 975 1692 1012 σαρκωθέντα
1717 975 1837 1010 Χριστὺν

1044 1023 1198 1058 ὁμολογεῖτε
1207 1024 1239 1049 ὲκ
1247 1022 1317 1050 Πνεὺ
1322 1031 1405 1058 ματος
1412 1022 1489 1056 ἁγίου
1500 1023 1545 1048 καὶ
1555 1023 1665 1057 Μαρίας
1675 1022 1726 1056 τῆς
1734 1020 1837 1056 Παρθέ-

1044 1079 1100 1103 νου,
1108 1070 1154 1096 καὶ
1165 1069 1413 1104 ὲνανθρωπήσαντα
1425 1078 1432 1102 ;
1445 1069 1493 1095 καὶ
1502 1067 1536 1093 τὰ
1545 1067 1655 1098 ἀλλαδὲ,
1667 1067 1726 1098 πῶς
1738 1067 1835 1097 νοεῖτε,

1043 1116 1093 1142 ὅσα
1107 1115 1271 1151 προείρηται
1286 1116 1352 1150 ἡμῖν
1367 1116 1399 1141 ὲκ
1409 1114 1464 1141 τῶν
1478 1113 1558 1150 ιερῶν
1573 1113 1679 1147 Λογίων
1695 1113 1759 1149 περὶ
1771 1113 1837 1148 Χρι-

1044 1161 1119 1193 στοῦ,
1137 1161 1174 1192 ὡς
1194 1160 1261 1187 Υἱοῦ
1283 1160 1433 1195 θεοῦ,πρδς
1456 1161 1488 1195 τῇ
1509 1159 1599 1195 χάριτι
1614 1159 1661 1185 καὶ
1680 1158 1837 1193 φύσειῦντα

1043 1207 1106 1234 Υἰὺν
1122 1207 1201 1239 Θεοῦ,
1217 1206 1393 1241 παριστῶντα
1408 1205 1505 1239 αὺτόν;
1532 1207 1557 1232 εἰ
1588 1205 1642 1241 γὰρ
1660 1204 1698 1240 μὴ
1725 1204 1836 1238 δοκήσει

1042 1253 1058 1289 ἢ
1078 1252 1238 1288 φαντασὶᾳῆ
1266 1252 1334 1287 πρὸς
1356 1251 1484 1279 ὑπόνοιαν
1506 1252 1524 1287 ἦ
1546 1260 1572 1278 τι
1596 1251 1650 1278 τῶν
1667 1251 1770 1277 λοιπῶν
1798 1247 1837 1276 ὧν

1042 1300 1124 1334 ἔφητε
1141 1298 1202 1326 οὐδὲ
1215 1297 1302 1325 ταῦτά
1317 1299 1390 1325 ἐστιν
1403 1298 1536 1334 εἰρημένα
1551 1299 1580 1324 ἐν
1594 1300 1627 1334 τῇ
1642 1298 1701 1333 θεία
1726 1298 1836 1332 Γραφῇ,

1041 1345 1102 1372 οὔτε
1133 1345 1186 1381 μὴν
1209 1344 1395 1380 ψευδωνύμως
1422 1345 1530 1381 εἴρηται
1555 1346 1621 1377 Θεός
1641 1353 1671 1371 τε
1692 1345 1741 1371 καὶ
1767 1344 1834 1376 Υἱὸς

1040 1391 1120 1424 Θεοῦ,
1137 1392 1184 1418 καὶ
1196 1391 1321 1427 Κύριοςὸ
1333 1391 1415 1423 αὐτὸς
1427 1391 1556 1427 Χριστὸς.
1573 1391 1631 1422 πῶς
1647 1390 1708 1425 οὐχὶ
1722 1391 1736 1416 ὁ
1751 1389 1834 1420 αὐτὸς

1040 1438 1115 1466 ἔσται
1131 1438 1225 1473 ἄμφω,
1239 1437 1318 1474 εἴπερ
1335 1437 1406 1464 κατὰ
1418 1437 1465 1464 τοῦ
1483 1436 1566 1464 αὐτοῦ
1581 1437 1701 1471 ὲκὲιτερα
1723 1436 1836 1469 λέγεται

1040 1485 1088 1512 καὶ
1102 1482 1142 1516 εἷς
1157 1484 1172 1511 ὃ
1191 1493 1220 1511 τε
1237 1483 1316 1518 φύσει
1345 1484 1409 1515 Υἱὸς
1433 1484 1481 1510 τοῦ
1505 1483 1571 1510 Θεοῦ
1601 1482 1647 1509 καὶ
1660 1484 1674 1509 ὁ
1687 1482 1779 1518 χάριτι
1795 1502 1804 1516 ,
1822 1482 1836 1508 ὁ

1041 1529 1149 1563 ἀπαθής
1158 1537 1188 1556 τε
1203 1529 1250 1555 καὶ
1265 1528 1397 1564 παθητὸς,
1411 1528 1528 1555 ἀνιστῶν
1539 1537 1568 1555 τε
1583 1529 1630 1554 καὶ
1642 1527 1835 1561 ἀνιστάμενος,

1040 1576 1087 1604 καὶ
1100 1575 1135 1603 τὰ
1148 1575 1240 1608 λοιπὰ,
1253 1575 1450 1610 δοξασθήσεται
1468 1583 1476 1609 ;

1074 1671 1112 1698 Οὐ
1140 1670 1195 1706 γὰρ
1212 1669 1319 1703 εὔλογοι
1340 1668 1425 1699 ὅντως
1450 1667 1540 1701 ὑμεῖς,
1556 1663 1579 1693 ὦ
1599 1664 1780 1700 εὑρεσιλόγοι,
1801 1662 1835 1689 δι’

1039 1717 1181 1744 εὐλάϐειαν
1209 1717 1258 1752 μὲν
1289 1715 1428 1750 δοκήσεως
1456 1714 1503 1740 καὶ
1521 1711 1680 1748 φαντασίας,
1705 1711 1739 1738 τὰ
1761 1710 1835 1744 πάθη

1038 1773 1068 1791 τε
1093 1764 1141 1790 καὶ
1163 1763 1198 1790 τὰ
1221 1762 1268 1789 τοῦ
1310 1760 1433 1796 παθητοῦ
1461 1760 1584 1795 ὀνόματα
1618 1758 1722 1794 κυρίως
1757 1755 1835 1782 ἐκδε-

1039 1809 1158 1845 χόμενοι,
1177 1809 1223 1835 καὶ
1240 1808 1320 1842 φύσει
1343 1807 1390 1834 καὶ
1410 1805 1648 1842 πραγματιωδῶς·
1661 1804 1710 1838 τὴν
1720 1803 1747 1829 δὲ
1761 1802 1837 1829 ἁπά-

1039 1856 1114 1882 θειαν
1130 1854 1177 1881 καὶ
1191 1853 1270 1887 δόξαν
1289 1853 1337 1880 καὶ
1348 1853 1441 1888 τιμὴν,
1461 1853 1509 1878 καὶ
1524 1851 1554 1878 τὸ
1569 1851 1617 1884 τῆς
1640 1850 1766 1884 θεότητος
1788 1848 1837 1875 καὶ

1039 1900 1114 1932 θείας
1128 1899 1250 1935 υῐότητος
1262 1899 1360 1934 ὄνομα,
1373 1899 1403 1925 οὒ
1421 1898 1502 1933 φύσει
1516 1898 1547 1924 τὸ
1563 1896 1691 1927 καθόλου,
1716 1895 1747 1921 οὐ
1766 1894 1838 1930 πρά-

1039 1954 1142 1981 γμασιν
1164 1944 1226 1972 οὐδὲ
1241 1944 1325 1976 ὅντως
1340 1944 1388 1970 ἐπὶ
1403 1941 1535 1979 Χριστοῦ,
1553 1941 1621 1969 ἀλλὰ
1642 1939 1837 1976 ψευδωνυμίαν

1039 1991 1086 2018 καὶ
1105 1990 1216 2025 δόκησιν
1231 1990 1279 2016 καί
1299 1989 1447 2024 φαντασίαν
1473 1989 1522 2015 καὶ
1545 1987 1671 2021 διακενῆς
1696 1993 1838 2022 προσηγο-

1042 2035 1111 2069 ρίαν·
1129 2033 1155 2060 ει
1170 2033 1224 2068 γὰρ
1240 2034 1285 2060 καὶ
1300 2033 1385 2065 ὅντως
1394 2033 1504 2066 λέγεται
1519 2033 1564 2059 ὑπ’
1580 2031 1663 2058 αὐτοῦ
1682 2032 1730 2058 καὶ
1749 2030 1838 2065 πράτ-

1039 2087 1114 2106 τεται
1128 2078 1164 2105 τὰ
1189 2077 1359 2113 ἀνθρώπινα,
1377 2077 1446 2104 ἀλλὰ
1465 2077 1592 2104 σκοπεῖτε
1613 2075 1782 2110 φιλαλήθως,
1796 2075 1838 2100 ὃτι

1040 2124 1145 2159 βασιλεῖ
1173 2124 1223 2158 μὲν
1239 2123 1330 2157 λέγειν
1351 2124 1409 2154 τοῖς
1435 2122 1510 2153 ἰδίοις
1530 2121 1662 2156 ὑπηκόοις
1683 2121 1725 2147 ὅτι
1742 2117 1791 2151 Εἷς
1806 2119 1835 2151 ἐξ

1039 2170 1116 2206 ὑμῶν
1129 2170 1199 2204 είμι,
1216 2169 1263 2196 καὶ
1286 2169 1378 2204 ὅμοιος
1399 2169 1474 2204 ὑμῖν,
1492 2168 1539 2195 καὶ
1554 2168 1684 2206 πρόιττειν
1703 2167 1731 2192 ἐν
1747 2165 1839 2200 καιρῷ

199 2216 312 2244 randam
330 2215 486 2243 communis
506 2215 647 2250 propriam
666 2213 830 2249 reipublicae
857 2213 985 2245 salutem,

1042 2216 1221 2252 παρατάξεως
1237 2215 1272 2242 τὰ
1293 2216 1340 2242 τοῦ
1360 2215 1536 2251 στρατιώτου,
1564 2202 1705 2249 προθυμία
1720 2213 1771 2248 τῆς
1790 2213 1838 2239 τοῦ

197 2271 253 2290 non
262 2263 352 2290 solum
365 2270 422 2289 non
439 2269 500 2290 esse
510 2260 785 2296 reprehendendum,
799 2260 848 2287 sed
859 2264 887 2287 et
902 2259 987 2287 nimis

197 2310 365 2345 gloriosum:
385 2309 503 2337 militem
515 2315 593 2340 vero,
605 2307 628 2335 si
643 2307 717 2342 regie
736 2310 874 2342 proponat
890 2310 918 2334 et
933 2313 986 2334 no—

197 2357 330 2389 minetur,
349 2364 404 2384 non
422 2363 533 2390 parvam
557 2355 700 2382 incurrere
722 2353 946 2381 accusationem:
962 2353 986 2380 si

197 2402 281 2439 igitur
295 2403 346 2437 qui
359 2406 401 2430 est
422 2401 508 2429 Filius
523 2401 646 2428 hominis
660 2401 688 2428 e‘t
707 2400 790 2427 homo
805 2399 906 2430 solum,
923 2398 985 2425 uni-

196 2449 307 2485 genitus
327 2449 376 2476 Dei
405 2448 504 2481 Filius,
528 2452 556 2475 et
579 2446 781 2482 primogenitus
796 2445 887 2473 omnis
906 2453 985 2472 erea-

197 2500 266 2523 turae
281 2495 312 2528 ",
329 2500 358 2523 et
379 2503 464 2530 super
480 2502 578 2522 omnes
594 2494 667 2521 Deus
681 2486 715 2526 ἰζ
732 2496 761 2520 et
783 2492 902 2527 reliqua,
930 2492 985 2519 dici

197 2540 353 2568 consentiat
380 2544 488 2568 etcum
516 2544 654 2575 potestate
684 2542 828 2573 praeponat
855 2542 985 2572 tanquam

163 2598 166 2600 τ
196 2587 337 2619 dominus,
367 2587 396 2613 in
426 2587 511 2613 Deum
541 2585 703 2620 conspirare
732 2583 934 2611 convincitur:
962 2584 986 2611 si

196 2642 274 2667 vero,
286 2642 348 2661 eum
364 2633 399 2660 sit
413 2633 462 2660 Dei
473 2633 560 2660 Filius
581 2636 608 2660 et
626 2632 708 2662 Deus,
724 2635 819 2657 utatur
837 2630 986 2664 aliquando

197 2680 327 2708 humanis
346 2680 461 2707 vocibus
475 2683 502 2706 et
519 2679 612 2711 rebus,
636 2677 752 2705 evidens
767 2680 810 2704 est
830 2676 903 2711 quod
932 2684 987 2711 pra:

197 2727 314 2754 naturali
333 2725 533 2762 magnitudine,
548 2724 771 2752 humiliationem
785 2730 819 2750 ex
835 2722 984 2750 dilectione

198 2773 311 2800 ostendo
318 2779 337 2800 t.

232 2835 395 2868 “Joanin,
412 2837 455 2863 3i.
498 2837 518 2851 ²³
535 2836 613 2864 Jnan.
640 2844 665 2868 κ,
686 2835 726 2861 18.
768 2835 788 2849 ³*
809 2833 886 2861 Joan.
908 2842 936 2865 ιι,
966 2835 1005 2862 l’).

498 2837 518 2851 ²³
535 2836 613 2864 Jnan.
640 2844 665 2868 κ,
686 2835 726 2861 13.

200 2868 219 2886 ²¹
238 2870 339 2904 thcs.
355 2878 388 2902 iv,
406 2871 430 2897 (5.
677 2873 683 2876 ”

1038 2262 1129 2290 κοινοῦ
1148 2263 1198 2297 τῆς
1219 2262 1287 2293 ἰδίας
1315 2261 1451 2292 πολιτείας
1478 2260 1627 2296 σωτηρίας,
1658 2259 1688 2286 οὐ
1708 2261 1791 2294 μόνον
1806 2259 1837 2285 οὗ

1037 2309 1150 2344 ψεκτὸν,
1164 2307 1232 2335 ἀλλὰ
1251 2307 1296 2334 καὶ
1314 2307 1383 2341 ἄγαν
1400 2306 1520 2339 ἔνδοξον·
1532 2305 1703 2342 στρατιώτην
1718 2305 1747 2331 δὲ
1760 2305 1836 2336 ὄντα,

1039 2355 1186 2391 βασιλικῶς
1211 2353 1391 2390 προστάττειν
1415 2353 1432 2389 ἢ
1458 2352 1660 2388 ὀνομάζεσθαι,
1684 2352 1716 2378 οὺ
1745 2350 1838 2386 μικρῷ

1037 2402 1180 2438 περιϐαλεῖ
1194 2401 1361 2437 ἐγκλήματι·
1378 2402 1459 2438 είπερ
1476 2399 1524 2427 οὖν
1540 2400 1604 2431 Υἱὸς
1619 2399 1658 2426 ὢν
1676 2397 1835 2433 ἀνθρώπου,

1046 2436 1093 2476 καὶ
1121 2436 1278 2484 ἄνθρωπος
1310 2436 1413 2482 μόνον’,
1441 2449 1456 2474 ὁ
1490 2446 1639 2482 μονογενὴς
1674 2445 1721 2472 τοῦ
1768 2443 1836 2471 Θεοῦ

1037 2496 1112 2528 Υὶὴς,
1141 2495 1188 2521 καὶ
1214 2494 1388 2529 πρωτότοκος
1420 2493 1511 2528 πάσης
1537 2492 1664 2523 κτίσεως,
1691 2492 1738 2517 καὶ
1757 2491 1771 2516 ὁ
1789 2490 1835 2516 ἐπὶ

1037 2541 1146 2568 πάντων
1173 2540 1256 2573 Θεὸς,
1274 2540 1321 2566 καὶ
1341 2539 1375 2565 τὰ
1401 2539 1500 2570 λοιπὰ,
1516 2537 1665 2572 λεγόμενός
1688 2546 1717 2563 τε
1735 2536 1835 2563 ἀποδέ-

1037 2595 1125 2622 χεται,
1141 2586 1187 2612 καὶ
1205 2584 1316 2619 ἐξουσία
1336 2585 1506 2620 προστάσσει
1532 2584 1570 2616 ὡς
1595 2583 1708 2618 Κύριος,
1737 2583 1835 2618 ἀνταρο

1039 2632 1100 2664 σίας
1115 2631 1188 2658 ἑάλω
1199 2632 1266 2667 πρὸς
1279 2631 1356 2657 Θεό-ψ’
1378 2632 1403 2657 εἰ
1426 2630 1455 2657 δὲ
1471 2630 1518 2657 καὶ
1540 2630 1609 2656 θεοῦ
1626 2629 1690 2660 Υἱὸς
1708 2630 1758 2656 καλ⁸
1769 2629 1837 2660 θεὸς

1041 2678 1124 2709 ὅντως
1137 2677 1185 2709 ὢν,
1204 2677 1303 2712 χρῆταί
1319 2684 1386 2703 ποτε
1402 2677 1460 2707 τοῖς
1477 2676 1657 2711 ἀνθρωπείως
1670 2676 1777 2710 ῥήμασι
1790 2675 1837 2701 καὶ

1041 2723 1197 2759 πράγμασι,
1214 2723 1294 2757 δῆλον
1310 2723 1346 2754 ὡς
1367 2723 1436 2757 πρὸς
1459 2724 1492 2757 τῇ
1511 2723 1612 2756 φυσικῇ
1630 2721 1835 2757 μεγαλειότητι.

1041 2770 1087 2796 καὶ
1101 2769 1304 2802 συγκατᾶὃασιν
1322 2769 1351 2802 ἐξ
1366 2768 1533 2803 ἁγαθότητος
1549 2767 1747 2794 ἐπιδείκνυται.

1304 2833 1324 2848 Μ
1344 2832 1433 2860 lCor.
1466 2840 1493 2864 ιι,
1512 2833 1537 2859 8.
1577 2831 1600 2846 ¹⁷
1614 2830 1722 2859 Colcss.
1743 2840 1764 2863 ι,
1796 2832 1836 2858 15.

1741 2890 1754 2899 ς

1047 2835 1067 2849 ⁵³
1085 2835 1164 2861 Rom.
1190 2842 1216 2866 Χ,
1237 2833 1262 2860 6.
