1968 3094
134 134 198 167 1621

169 191 200 217 Εἰ
212 190 240 216 δὲ
257 189 294 225 μὴ
312 189 383 216 κατὰ
402 189 449 216 τοῦ
467 189 549 216 αὐτοῦ
563 189 628 216 Υἱοῦ
649 190 665 224 ἢ
683 190 842 225 προσώπου,
858 188 926 216 ἀλλὰ
939 189 964 219 Α

133 236 194 263 καθ’
204 235 298 270 ἐτέρου
310 236 356 262 καὶ
367 236 461 271 ἑτέρου
472 235 532 262 υἱοῦ
541 235 576 262 τὰ
587 236 705 272 διάφορα
719 238 814 269 νοεῖτε,
827 236 885 267 πῶς
895 235 924 262 οὺ

134 282 180 309 δύο
195 283 270 313 υἱοὺς
286 283 378 317 σαφῶς
400 282 544 316 δοξάζςτε;
570 282 627 314 πῶς
643 283 672 309 δὲ
692 283 721 309 οὗ
741 282 855 318 θάτερον
876 282 926 317 μὲν

134 329 200 355 Θεὸν
216 329 292 355 οὐδὲν
315 329 354 360 εὶς
369 327 530 363 ἀνθρώπους
554 329 614 354 κατ’
641 327 737 354 οὐσίαν
761 327 924 357 κενωοέντα,

135 374 203 400 ἀλλὰ
221 374 300 409 μόνον
319 373 389 400 κατὰ
415 373 464 408 τὴν
484 373 513 407 ἐξ
529 373 635 399 αἰώνων
648 372 832 409 προνοητικὴν
843 370 925 398 αὐτοῦ

134 420 287 455 ἐνέργειαν,
310 420 343 446 δι’
358 419 453 455 ἐτέρου
468 420 518 455 τὴν
535 419 673 454 ἡμετέραν
694 418 831 453 σωτηρίαν
856 418 929 444 οἱκο-

135 465 270 500 νομοῦντά
299 473 386 499 φατε;
417 465 455 497 ὡς
479 464 547 500 μηδὲ
584 463 727 500 ἀληθεύειν
749 464 842 490 λοιπὸν
867 463 927 490 καθ’

135 511 206 545 ὑμᾶς
218 510 257 543 τὸ,
276 511 313 537 Οὐ
334 510 453 545 πρέσϐυς
473 509 526 536 οὐδ’
539 510 664 543 ἄγγελος,
679 508 737 535 ἀλλ’
751 508 832 539 αὐτὸς
843 509 857 534 ὁ
873 507 929 534 Κύ-

137 564 192 591 ριος
231 556 333 582 ἔσωσεν
357 557 441 592 ἡμᾶς,
457 556 503 582 τὸν
527 556 556 582 δὲ
583 556 677 590 ἕτερον
700 555 767 586 υἱδν,
785 554 929 589 ἄνθρωπον

135 602 224 636 ψιλὸν,
249 602 308 628 κατ’
326 602 402 629 οὐδὲν
425 602 484 637 Θεῷ
507 601 689 628 κοινωνοῦντα
704 601 720 636 ἢ
734 600 883 635 ἡνωμένον,
898 600 928 625 οὐ

137 647 227 681 φύσει,
246 648 294 683 οὐχ
307 648 458 675 ὑποστάσει
469 647 595 680 δοξάζετε
610 655 618 681 ;
634 648 657 673 εἰ
676 646 723 682 μὴ,
739 646 776 678 ὥς
791 654 869 680 φατε,
883 645 931 680 μό-

136 701 173 727 ιρῳ
193 693 232 728 τῷ
243 694 354 728 ὀνόματι
372 693 443 720 κατὰ
465 694 510 720 τὸν
535 693 589 719 τῶν
610 692 763 728 ὁμωνύμων
777 691 866 724 λόγον’
887 690 929 725 ἐφ’

136 735 173 764 ὧν
188 739 219 765 τὸ
236 739 285 774 μὲν
307 739 392 774 ὄνομα
419 739 520 772 κοινὸν,
535 739 549 765 ὁ
564 739 592 765 δὲ
614 738 686 766 κατὰ
709 737 827 772 τοῦνομα
852 737 931 771 λόγος

136 784 187 819 τῆς
206 785 311 817 οὐσίας,
337 785 430 820 ἕτερός
446 786 520 812 ἐστιν
546 785 602 811 ἀεί·
625 781 681 811 οἷον
696 783 710 810 ὅ
724 792 753 809 τε
775 783 803 809 ἐν
817 782 942 818 ἀληθείᾳ,

136 829 290 865 ἄνθρωπος,
306 832 352 857 καὶ
368 832 381 857 ὁ
394 831 422 857 ὲν
437 831 532 866 Γραφῇ
543 830 626 865 ἄμφω
634 829 779 864 λεγόμενος
796 828 930 859 ὡσαύτως

136 875 207 901 τισὶν
222 875 452 911 ἀπαρατηρήτως
475 875 627 911 ἄνθρωπος.
644 874 723 902 Οῦτω
741 875 790 910 μὲν
815 873 861 901 οῦν
885 873 933 900 καὶ
950 881 970 908 Β

140 921 204 947 τάδε
230 922 296 956 παρ’
311 922 389 957 ἡμῶν
404 921 612 948 ἀποδέδεικται·
629 921 673 947 ἴνα
694 921 721 947 δὲ
740 920 807 955 πρὸς
822 920 933 954 ἔλεγχον

137 966 186 1000 τῆς
211 965 308 1001 λοιπῆς
330 966 419 993 αὐτῶν
443 967 570 998 ἀσεῦειας
598 967 696 998 αὐτοὺς
721 966 933 1001 κατασὺρωμεν,

138 1011 216 1037 αὐτοὶ
233 1011 387 1045 λεγέτωσαν
404 1013 480 1048 ἡμῖν·
498 1012 543 1038 τὸν
559 1012 619 1039 κατ’
631 1013 730 1043 αὐτοὺς
745 1011 861 1046 θάτερον
879 1010 934 1037 τῶν

139 1057 205 1083 υἱῶν
224 1057 353 1093 Χριστὸν,
367 1058 412 1084 τὸν
427 1057 574 1085 ἀσύνθετον
599 1058 638 1093 τῷ
667 1058 758 1093 Λόγῳ,
787 1057 840 1084 τίνι
851 1057 935 1092 φασὶν

138 1102 300 1137 ὁμοούσιον;
315 1104 339 1130 εί
353 1103 406 1139 γὰρ
418 1103 517 1136 οὐδενὶ,
532 1104 592 1131 οὐδὲ
611 1103 678 1131 Υἱὸν
700 1103 779 1135 ὅλως,
794 1103 865 1134 τίνος
882 1102 935 1138 ἄρα

141 1148 283 1182 sino-.5“;
306 1149 367 1176 ἐπεὶ
382 1151 439 1181 τοῖς
460 1149 586 1176 τεκοῦσιν
605 1148 639 1185 ἦν
661 1149 857 1184 ἀνομοούσιοςθ
876 1149 936 1175 οὐδὲ

139 1194 308 1229 γεννηθέντα
327 1193 384 1226 οὖν,
407 1194 467 1221 οὐδὲ
483 1194 553 1226 ζῶον
566 1194 642 1221 ἔσται
665 1196 736 1221 νοεῖν
751 1194 843 1226 αὑτὸν,
864 1193 936 1220 καθὰ

140 1240 188 1267 καὶ
211 1240 289 1267 αὐτοὶ
308 1243 336 1269 ἐν
350 1242 406 1272 τοῖς
432 1240 529 1277 πρώην
544 1240 706 1268 δεδώκασινο
728 1240 752 1266 ει
775 1240 803 1267 δὲ
819 1239 858 1275 τῷ
877 1239 936 1275 Θεῷ

142 1286 234 1321 μόνον,
248 1286 303 1321 ἄρα
319 1294 350 1320 γε
371 1287 418 1313 καὶ
433 1286 480 1313 δύο
501 1287 566 1314 θεῖοι
587 1286 640 1313 υἱοί
655 1287 719 1318 εἱσι,
738 1286 786 1313 καὶ
804 1285 904 1322 τετρὰς
918 1286 935 1321 ἡ

140 1331 205 1364 ἁγία
219 1331 316 1367 Τριάς·
328 1331 376 1358 καὶ
389 1330 468 1358 τοῦτο
488 1332 516 1359 δὲ
529 1332 665 1366 λέγοντες,
678 1331 695 1367 ἢ
709 1332 739 1358 οὑ
755 1331 801 1358 τὸν
816 1332 848 1358 ἐκ
862 1331 937 1365 Παρ-

140 1377 217 1404 θένου
237 1378 319 1412 φασιν
339 1377 408 1405 εἶναι
435 1378 521 1411 τόνδε,
541 1378 557 1413 ἢ
577 1378 625 1406 καὶ
640 1378 689 1413 τὴν
707 1377 856 1412 Παρθένον,
871 1377 938 1404 Θεὸν

142 1425 216 1450 ἴσασι
234 1424 327 1458 φύσει·
346 1424 426 1460 εἴπερ
442 1424 584 1459 ὁμοοὺσιος
606 1425 655 1451 καὶ
669 1424 737 1459 αὐτῇ
758 1425 772 1450 ὀ
790 1424 937 1460 ὀμοούσιος

141 1469 212 1505 Θεῷ’
226 1469 266 1496 διὸ
281 1470 314 1506 δὴ
325 1470 373 1497 καὶ
384 1471 457 1506 ἡμᾶς
475 1471 580 1502 πάντας
596 1470 660 1502 τοὺς
676 1469 838 1505 ὁμοουσίους
853 1470 936 1505 αὐτῇ,

142 1515 221 1547 θεοὺς
242 1516 275 1543 ἂν
299 1515 404 1543 εἴποιεν
432 1516 554 1548 εἰκότως
590 1516 638 1543 καὶ
667 1515 848 1550 ἁπειροθεῖαν
880 1516 938 1541 εισ-

142 1561 239 1596 ἀγουσι
257 1562 481 1597 προφανέστατα·
500 1563 524 1588 εἰ
543 1562 572 1588 δὲ
601 1562 668 1597 ἡμῖν
684 1549 764 1597 μόνον
791 1561 936 1596 ὁμοούσιόν
951 1549 973 1579 C

141 1616 209 1643 φασι
223 1609 269 1636 τὸν
289 1609 419 1645 Χριστὸν,
438 1609 503 1636 Υἱὺν
521 1607 589 1635 Θεοῦ
603 1608 760 1643 λεγόμενον,
774 1608 801 1634 τί
811 1607 936 1642 διαφέροι

143 1655 177 1681 ἂν
194 1651 272 1686 οὗτος
287 1655 341 1682 τῶν
361 1654 463 1683 λοιπῶν
478 1654 545 1681 υἱῶν
560 1654 608 1682 τοῦ
626 1652 694 1681 Θεοῦ
708 1653 870 1690 εἰρημένων,
893 1653 936 1680 λε-

141 1701 273 1735 γέτωσαν·
286 1701 350 1734 περὶ
359 1697 396 1728 ὧν
415 1701 523 1737 εἴρηται
538 1700 590 1727 ὑπὸ
604 1699 651 1727 τοῦ
666 1699 745 1727 Θεοῦ·
759 1708 768 1724 ι
782 1699 838 1726 Καὶ
858 1699 935 1726 ἔσον-

141 1746 186 1773 ταί
203 1755 247 1782 μοι
260 1747 300 1778 είς
314 1747 388 1779 υἱοὺς
405 1747 452 1773 καὶ
467 1746 619 1782 θυγατέρας
631 1753 637 1760 ·
654 1745 739 1777 ηαλμ
757 1745 828 1779 Ἐγὼ
842 1743 918 1772 εἷπον
928 1753 934 1760 ·

141 1791 203 1818 Θεοί
214 1792 274 1818 ἐστε
300 1793 347 1818 καὶ
362 1793 414 1818 υἱοὶ
433 1792 560 1826 Ὑψίστου
574 1792 685 1824 πάντες,
703 1800 712 1817 ›
728 1792 774 1817 καὶ
785 1791 820 1817 τὰ
830 1791 931 1818 τοιάδε.

601 134 797 165 ADVERSUS
817 130 1091 164 NESTORIANOS.
1111 142 1145 147 —-
1165 129 1237 159 LIB.
1260 128 1317 158 ΙΙΙ.

1699 124 1768 156 1629

1012 186 1042 214 Si
1058 189 1150 213 autem
1168 192 1224 212 non
1239 184 1272 212 de
1295 183 1393 211 eodem
1414 182 1484 210 Filio
1505 186 1553 209 aut
1583 182 1679 209 eadem
1706 190 1768 216 ptr-

977 224 1054 267 sona,
1069 233 1118 261 sed
1137 233 1172 261 de
1190 239 1246 259 uno
1258 237 1286 259 et
1302 231 1391 258 altero
1405 230 1461 257 ﬁlio
1474 230 1585 257 diversa
1607 229 1766 264 concipitis,

977 279 1116 314 quomodo
1130 285 1187 305 non
1197 277 1268 305 duos
1275 284 1336 305 esse
1353 276 1425 304 ﬁlios
1439 275 1583 303 manifeste
1595 274 1768 310 opinamini?

978 323 1117 360 quomodo
1133 331 1199 351 vero
1216 322 1333 349 alterum
1344 321 1458 356 quidem
1469 321 1555 348 Deum
1566 320 1683 347 minime
1696 321 1769 346 inter

978 370 1107 397 homines
1124 368 1277 396 secundum
1303 367 1488 394 substantiam
1516 371 1692 397 evacuatum,
1721 365 1770 393 sed

979 416 1069 443 solum
1079 415 1158 450 juxta
1183 413 1374 448 operationem
1395 411 1482 446 ipsius
1500 419 1532 439 ex
1554 410 1664 438 saeculis
1679 409 1771 444 provi-

979 462 1105 493 dentem,
1121 467 1174 495 ope
1199 458 1318 486 alterius
1341 457 1375 485 de
1396 462 1490 485 nostra
1508 457 1597 484 salute
1620 456 1771 492 disponen-

980 510 1037 534 tcm
1071 513 1127 532 non
1146 503 1258 531 dicitis?
1275 502 1317 530 sic
1337 501 1411 537 apud
1426 509 1476 529 vos
1506 509 1562 528 non
1591 509 1654 529 esse
1672 508 1768 528 verum

981 552 1067 584 istud,
1085 559 1136 579 nec
1150 549 1284 582 nuntius,
1308 556 1400 583 neque.
1423 548 1550 582 angelus.
1569 547 1616 574 sed
1631 548 1690 582 ipse
1717 547 1771 573 Do-

982 599 1076 626 minus
1099 596 1217 624 salvavit
1238 603 1301 627 nos,
1329 595 1449 622 alterum
1468 601 1535 621 vero
1552 593 1650 625 ﬁlium,
1679 592 1771 619 homi-

981 653 1046 672 nem
1064 645 1183 676 nudum,
1210 642 1326 670 minimc
1341 642 1397 668 Deo
1415 641 1632 676 participautem
1645 644 1692 666 aut
1709 640 1773 666 uni—

983 696 1053 723 tum,
1075 699 1127 718 nec
1147 695 1247 717 natura
1270 697 1322 716 nec
1349 689 1492 724 hypostasi
1519 686 1696 722 opinamini?
1714 686 1773 713 Nisi

982 734 1082 765 dicatis
1098 737 1135 764 ita
1152 744 1215 764 esse
1228 736 1288 763 solo
1303 736 1428 768 nomine,
1453 733 1611 763 secundum
1635 732 1709 768 quod
1725 733 1774 759 ha-

983 783 1066 811 betur
1086 791 1137 818 pro
1150 783 1244 810 verbis
1260 782 1453 818 homonymis:
1471 780 1563 816 quoad
1590 780 1640 806 ista
1653 785 1774 813 quorum

983 837 1084 857 nomen
1100 836 1247 856 commune
1276 833 1329 861 est,
1347 828 1468 855 Verbum
1497 825 1651 854 secundum
1671 831 1774 851 nomen

985 875 1158 907 substantiae,
1171 875 1288 902 alterum
1304 879 1347 902 est
1361 881 1490 908 semper;
1505 877 1534 900 ut
1548 872 1576 899 in
1589 871 1710 898 veritate
1723 870 1775 896 ho-

985 930 1030 950 mo
1040 943 1047 954 ,
1062 927 1091 950 ct
1104 923 1131 949 in
1146 922 1291 956 Scriptura
1306 921 1388 949 ambo
1405 921 1498 949 dictus
1513 919 1680 955 quihusdam
1693 918 1777 945 homo

985 968 1052 1004 quin
1064 968 1155 995 animo
1173 967 1206 995 ad
1226 968 1279 994 hoc
1293 967 1455 995 attendatur
1477 975 1483 993 :
1499 967 1537 993 ita
1551 965 1665 1000 quidem
1692 964 1778 999 igitur

985 1018 1013 1042 et
1029 1015 1087 1049 lucc
1105 1022 1120 1041 a
1145 1013 1227 1041 nobis
1252 1013 1444 1041 demonstrata
1462 1015 1546 1038 sunt:
1578 1015 1608 1037 ut
1631 1013 1725 1037 autem
1743 1009 1778 1036 ad

986 1060 1179 1096 probationem
1206 1059 1322 1094 reliqua:
1351 1065 1448 1086 eorum
1480 1056 1633 1092 impietatis
1647 1055 1722 1090 ipsos
1737 1060 1778 1082 at-

987 1106 1141 1138 trahamus,
1155 1105 1207 1140 ipsi
1223 1104 1317 1132 dicant
1333 1104 1432 1132 nobis:
1448 1104 1538 1132 Unum
1553 1102 1631 1138 juxta
1656 1102 1731 1136 ipsos
1744 1108 1779 1128 ex

988 1150 1054 1178 ﬁliis
1070 1150 1214 1178 Christum
1231 1158 1286 1177 non
1294 1149 1481 1184 compositum
1494 1147 1597 1180 Verbo,
1619 1147 1665 1174 cui
1681 1147 1780 1174 dicunt

988 1195 1277 1224 consubstantialem?
1288 1195 1317 1223 Si
1329 1195 1402 1222 enim
1413 1194 1493 1226 nulli,
1504 1201 1556 1221 nec
1566 1193 1652 1220 ﬁlium
1664 1192 1779 1220 omnino

990 1241 1110 1276 alicujus
1127 1240 1254 1276 profecto
1271 1241 1380 1268 dicant!
1407 1239 1517 1267 Etenim
1532 1246 1587 1266 non
1616 1238 1657 1266 illi
1682 1238 1780 1265 eadem

987 1296 1020 1316 ac
1032 1287 1197 1323 parentibus
1208 1291 1282 1315 esset
1295 1287 1450 1315 substantia
1462 1295 1468 1314 :
1486 1293 1577 1321 neque
1590 1285 1676 1321 igitur
1701 1285 1780 1320 geni-

989 1340 1058 1367 tum,
1089 1342 1181 1369 neque
1205 1334 1299 1361 vivum
1326 1333 1440 1360 dabitur
1459 1332 1537 1360 illum
1565 1331 1725 1367 concipere,
1752 1335 1783 1358 ut

989 1381 1042 1416 ipsi
1060 1388 1150 1416 nuper
1179 1384 1402 1408 concesserunt:
1426 1379 1559 1407 siautem
1593 1378 1650 1405 Dco
1679 1377 1770 1404 solum

988 1426 1114 1462 profecto
1131 1425 1244 1461 quidem
1257 1430 1285 1453 et
1300 1425 1356 1453 duo
1370 1424 1457 1452 divini
1470 1424 1519 1452 lilii
1535 1429 1611 1456 sunt,
1625 1428 1652 1451 et
1666 1426 1782 1458 qualer-

988 1473 1063 1500 nitas
1072 1476 1121 1499 aut
1132 1477 1228 1499 sancta
1240 1471 1365 1499 Trinitas
1379 1479 1386 1498 ε
1408 1475 1437 1498 et
1457 1471 1527 1498 illud
1544 1474 1704 1498 asserentes
1733 1473 1783 1496 aut

989 1525 1046 1545 non
1057 1525 1091 1544 ex
1115 1517 1226 1553 Virgine
1246 1517 1324 1544 illum
1353 1524 1414 1544 esse
1431 1516 1540 1549 dicunt,
1565 1519 1614 1543 aut
1643 1515 1782 1550 Virginem

989 1564 1076 1591 Deum
1096 1567 1196 1590 natura
1217 1566 1376 1591 noverunt:
1403 1563 1507 1598 quippe
1538 1561 1575 1589 sit
1594 1561 1783 1589 consubstan-

991 1609 1064 1636 tialis
1085 1613 1114 1636 et
1136 1609 1189 1644 ipsi
1216 1608 1465 1636 consubstantialis
1486 1608 1554 1636 Deo.
1582 1607 1646 1635 Ideo
1675 1611 1704 1634 et
1733 1613 1783 1633 nos

989 1662 1088 1682 omnes
1113 1654 1367 1682 consubstantiales
1392 1653 1510 1689 Virgini,
1537 1653 1605 1681 deos
1628 1652 1729 1680 merito
1744 1652 1787 1679 df-

991 1705 1103 1729 ccrent:
1132 1705 1161 1728 et
1186 1700 1420 1736 inexpericntiam
1449 1700 1586 1728 exhibent
1613 1699 1784 1729 manifestis—

991 1748 1077 1775 sime:
1093 1747 1117 1774 si
1135 1755 1203 1774 vcro
1221 1747 1303 1774 nobis
1331 1747 1421 1774 solum
1445 1746 1712 1774 consubstantialem
1741 1744 1781 1771 di-

987 1796 1055 1820 cunt
1069 1793 1224 1821 Christum.
1242 1793 1334 1820 Flium
1349 1792 1398 1820 Dei
1412 1792 1530 1824 dictum,
1552 1792 1580 1819 in
1602 1799 1657 1826 quo
1674 1790 1785 1818 diﬁ‘crat

142 1837 194 1865 iste
212 1845 226 1864 a
253 1838 359 1865 cmteris
376 1838 438 1865 ﬁliis
452 1837 495 1865 dei
515 1837 689 1872 nuncupatis,
720 1837 824 1869 dicant,
840 1836 875 1863 de
890 1836 992 1871 quibus
1011 1839 1149 1874 prolatum
1166 1843 1237 1866 esta
1251 1839 1328 1867 Deo:
1349 1848 1358 1865 ε
1378 1839 1412 1866 Et
1425 1843 1508 1866 erunt
1530 1838 1597 1866 mihi
1624 1838 1651 1865 in
1677 1837 1748 1865 ﬁlios
1757 1841 1785 1865 et

143 1883 249 1910 ﬁlias?»
266 1882 300 1909 Et
323 1892 332 1908 ‹
352 1882 409 1917 Ego
423 1882 479 1909 dixi
495 1881 558 1909 :Dii
571 1882 638 1910 estis
649 1885 678 1909 et
694 1881 744 1908 ﬁlii
757 1881 858 1909 excelsi
872 1888 969 1910 omnes

443 1940 569 1967 ΚΕΦΑΛ.
590 1940 630 1966 Ζ⁷.

179 1985 242 2013 Υίὺν
271 1985 332 2021 μὲν,
348 1985 426 2021 φησὶ,
441 1985 487 2012 τοῦ
504 1985 584 2017 Θεοῦ,
602 1984 682 2019 φύσει
697 1985 743 2011 τὸν
765 1984 832 2011 Θεὸν
847 1985 933 2020 Λόγον

984 1884 1018 1917 ’³,
1032 1893 1041 1909 ι
1057 1888 1086 1912 et
1101 1884 1213 1912 similia.

1330 1941 1384 1969 AP.
1405 1941 1462 1968 Vll.

1330 1955 1337 1968 λ
1377 1962 1384 1969 .
1405 1941 1426 1966 V
1456 1960 1462 1967 .

1025 1987 1125 2014 Filium
1136 1987 1259 2022 quidem,
1271 1941 1374 2021 infuit:
1384 1941 1553 2019 Dei‘,lnattlra
1563 1985 1649 2012 Deum
1660 1984 1783 2012 Verbum

145 2032 233 2068 μόνον,
248 2031 295 2058 τὸν
306 2031 449 2066 ὁμοούσιον
465 2030 504 2066 τῷ
521 2030 609 2066 Πατρί
625 2039 716 2065 φαμεν
732 2039 739 2046 θ
757 2031 802 2058 τὸν
815 2031 843 2058 δὲ
867 2032 934 2067 Χρι-

988 2033 1086 2065 solum,
1105 2033 1371 2061 consubstantialem
1388 2032 1462 2060 Patri
1478 2032 1616 2059 dicimus:
1639 2031 1783 2059 Christum

145 2078 215 2109 στὸν,
232 2077 296 2104 Υἰδν
311 2077 360 2112 μὲν
382 2076 452 2104 Θεοῦ
476 2076 731 2112 προσαγορεύεσθαι
746 2078 837 2112 χάριτι
856 2077 940 2112 λέγω·

146 2132 205 2158 μεν,
224 2124 316 2158 ὅμοιον
340 2123 369 2149 δὲ
386 2120 458 2149 εἶναι
482 2123 515 2158 τῇ
536 2122 617 2156 φύσει
633 2131 641 2138 ·
655 2123 685 2148 οὐ
698 2122 743 2149 διὰ
758 2123 817 2149 τόδε
837 2123 866 2149 δὲ
885 2124 933 2150 καὶ

984 2086 1052 2106 vero
1066 2079 1167 2106 Filium
1184 2079 1234 2106 Dei
1249 2078 1385 2114 appellari
1404 2078 1490 2114 gratia
1509 2081 1646 2110 tenemus,
1663 2077 1784 2104 similem

984 2132 1052 2152 vero
1074 2132 1136 2152 esse
1159 2129 1280 2152 natura:
1299 2132 1353 2152 non
1382 2128 1476 2151 autem
1501 2123 1565 2151 ideo
1587 2124 1678 2158 ipsum
1703 2123 1785 2150 nobis

143 2170 274 2204 ὁμότιμον
284 2169 367 2195 αὑτὸν
375 2169 441 2203 ἡμῖν
448 2168 499 2204 ἤδη
510 2169 715 2203 παριστάνομεν
727 2169 801 2195 Υἱὸν·
815 2169 876 2196 ἐπεὶ
887 2170 934 2197 καὶ

988 2172 1091 2199 honore
1118 2179 1213 2206 parem
1237 2171 1337 2198 Filium
1359 2171 1415 2206 jam
1437 2169 1621 2205 proponimus
1644 2177 1732 2196 :nam
1757 2174 1785 2197 et

144 2216 226 2250 ἡμεῖς
249 2214 373 2250 χάρισμα
385 2214 522 2245 υἱοθεσίας
541 2214 674 2249 ἐλάϐομεν
696 2215 772 2249 παρὰ
789 2213 875 2248 Θεοῦ,
892 2215 938 2242 καὶ
953 2210 976 2238 ῐ)

145 2261 236 2296 χάριτί
256 2261 340 2295 ἐσμεν
357 2260 440 2287 τέκνα
454 2259 533 2293 Θεοῦ,
549 2260 596 2287 καὶ
611 2260 776 2295 κληρονόμω
789 2260 868 2291 Θεοῦ,
888 2261 936 2288 καὶ

146 2307 362 2342 συγκληρονόμοι
379 2306 461 2333 αὑτοῦ
484 2306 602 2342 Χριστοῦ
616 2315 623 2322 ·
639 2307 686 2334 καὶ
700 2306 755 2333 τῶν
767 2308 868 2342 ὁμοίως
884 2307 938 2344 γὰρ

145 2353 300 2388 λεγομένων
324 2353 456 2385 πολλάκις
467 2373 475 2386 ,
491 2353 595 2387 ἄφατος
610 2352 769 2387 εὑρίσκεται
794 2353 915 2388 διαφορά
928 2362 937 2369 ο

149 2399 254 2434 κυρίως
270 2399 320 2434 γὰρ
336 2399 383 2426 καὶ
398 2399 537 2434 κτίσματα
553 2399 568 2426 ὅ
580 2408 611 2426 τε
624 2399 724 2434 κώνωψ
734 2400 781 2426 καὶ
792 2400 806 2426 ὁ
821 2400 938 2434 ἄγγελος

146 2446 229 2479 ἄμφω
244 2444 344 2480 ὁμοίως
361 2445 486 2479 λέγεται·
503 2445 551 2472 καὶ
567 2445 598 2472 οὐ
611 2445 687 2482 παρὰ
698 2445 756 2472 τόδε
769 2446 852 2481 ὅμοιά
865 2447 936 2473 ἐστι·

145 2491 213 2517 πολὺ
229 2491 283 2526 γὰρ
308 2491 339 2518 τὸ
353 2491 482 2527 διάφορον
508 2492 615 2519 αὐτῶν·
635 2491 722 2523 οὕτως
748 2490 796 2519 οὖν
818 2492 865 2520 καὶ
889 2493 936 2520 ἐπὶ

145 2537 199 2564 τῶν
213 2537 287 2564 θέσει
300 2537 435 2573 διαφόρων
449 2538 516 2565 υἱῶν
529 2537 598 2564 Θεοῦ
620 2538 667 2565 καὶ
681 2538 773 2573 χάριτι
801 2538 913 2574 νοητέον
926 2547 932 2554 ·

147 2582 272 2614 πλείονος
300 2582 354 2618 γὰρ
370 2583 454 2618 τιμῆς
471 2583 585 2618 ἠξίωται
608 2584 622 2609 ὁ
637 2584 754 2620 Χριστὸς
785 2584 832 2611 καὶ
860 2585 936 2620 παρά

146 2628 252 2662 Μωῡσῆ
267 2628 313 2654 τὸν
338 2628 425 2663 μέγαν
442 2629 470 2655 ὲν
498 2629 665 2665 προφήταις,
688 2630 803 2657 καθόσον
824 2630 936 2658 πλείονα

147 2673 229 2707 τιμὴν
243 2672 301 2708 ἔχει
316 2673 365 2700 τοῦ
384 2673 459 2700 οἴκου
475 2675 488 2701 ὁ
501 2675 712 2707 κατασκευάσας
728 2675 818 2702 αὐτόν.

183 2718 214 2745 Εἰ
230 2717 277 2745 οὖν
295 2719 333 2754 μὴ
357 2720 404 2746 καὶ
424 2719 511 2747 ταῦτα
535 2721 737 2757 προσποιεῖσθε,
768 2721 826 2748 ἀλλ’
851 2722 936 2754 ὅντως

150 2765 200 2792 ιᾶν
226 2766 309 2801 τιμῆς
335 2766 381 2794 καὶ
410 2766 489 2800 ἀξίας
505 2767 562 2794 ἴστε
584 2768 731 2803 πρόκρισιν
753 2769 799 2796 ἐπὶ
815 2769 935 2805 Χριστοῦ

186 2843 208 2858 ¹⁹
224 2842 294 2869 l’sal.
316 2851 404 2876 um,
419 2844 445 2871 ﬁ.
492 2845 513 2860 3°
531 2845 609 2871 Rom.
629 2853 688 2877 νιιι,
711 2845 753 2872 i7.

991 2217 1043 2253 ipsi
1057 2217 1161 2245 donum
1174 2216 1361 2245 deiﬁcationis
1371 2217 1529 2252 accepimus
1545 2224 1560 2243 a
1576 2216 1643 2248 Deo,
1656 2219 1685 2243 et
1698 2216 1785 2251 gratia

991 2270 1088 2290 sumus
1104 2263 1152 2290 ﬁlii
1166 2263 1224 2296 Dei,
1239 2267 1268 2290 et
1279 2263 1404 2291 luet-cdes
1417 2262 1477 2295 Dei,
1487 2266 1515 2290 et
1526 2262 1686 2290 cohaaredes
1697 2261 1784 2297 ipsius

990 2308 1094 2337 Christi
1103 2310 1136 2336 ιθ.
1146 2309 1176 2337 ln
1187 2309 1230 2338 his
1241 2313 1332 2337 tamen
1342 2317 1403 2344 quae
1413 2317 1484 2344 saepe
1498 2308 1628 2336 similiter
1638 2308 1782 2341 dicuntur,

991 2355 1103 2383 infanda
1118 2357 1257 2391 reperitur
1273 2356 1450 2384 dilferentia:
1477 2355 1590 2391 proprie
1611 2355 1685 2383 enim
1704 2362 1784 2382 crea-

989 2404 1060 2429 turae
1073 2405 1101 2429 et
1115 2401 1196 2428 culex
1210 2405 1238 2428 et
1253 2402 1368 2436 angelus
1384 2401 1466 2428 ambo
1482 2400 1610 2428 similiter
1631 2400 1763 2427 dicuntur
1776 2409 1784 2427 :

988 2452 1016 2474 et
1027 2455 1084 2474 non
1102 2447 1166 2475 ideo
1181 2447 1287 2475 similes
1304 2452 1369 2475 sunt
1381 2456 1388 2474 :
1402 2446 1520 2474 multum
1541 2446 1615 2473 enim
1631 2445 1784 2473 diﬁ‘erunt:

988 2494 1025 2522 ita
1039 2493 1126 2529 igitur
1145 2493 1180 2521 de
1195 2493 1314 2521 diversis
1337 2493 1400 2520 ﬁliis
1415 2493 1464 2520 Dei
1487 2492 1635 2527 adoptione
1651 2495 1679 2519 et
1696 2490 1785 2526 gratia

990 2539 1191 2567 sentiendum:
1221 2539 1363 2574 amplioris
1391 2538 1466 2566 enim
1493 2538 1588 2574 gloria:
1613 2537 1713 2573 dignus
1742 2540 1785 2564 est

990 2585 1099 2612 habitus
1121 2584 1260 2618 Christus,
1283 2589 1312 2612 et
1328 2592 1384 2620 pra:
1399 2584 1491 2619 Moyse
1505 2591 1605 2619 magno
1629 2583 1700 2611 inter
1717 2589 1783 2617 pro-

990 2632 1099 2667 phetas,
1120 2635 1225 2666 quanto
1241 2627 1403 2666 ampliorem
1422 2630 1558 2658 honorem
1575 2628 1660 2656 habet
1686 2627 1784 2655 domus

991 2677 1037 2712 qui
1052 2676 1198 2704 fabricavit
1208 2676 1293 2704 illam.

1027 2722 1056 2750 Si
1081 2722 1165 2758 igitur
1186 2731 1242 2750 non
1264 2727 1293 2750 et
1320 2722 1379 2749 hac
1402 2721 1584 2752 admiseritis,
1598 2718 1647 2747 sed
1669 2724 1735 2746 vere
1756 2722 1785 2745 et

993 2769 1107 2797 honoris
1117 2773 1146 2797 et
1156 2769 1300 2805 dignitatis
1311 2768 1446 2796 noveritis
1456 2767 1620 2796 electionem
1631 2765 1665 2794 de
1673 2763 1784 2793 Christo
