1968 3094
244 140 311 174 ῙῦΞἹ

875 138 1030 168 LEONTII
1050 138 1252 168 ΒΥΖΛΝΤΙΝΙ

1810 140 1875 173 16ιέ

241 200 347 227 scilicet
364 197 517 225 secundum
536 195 683 231 imaginem
705 195 753 222 Dei
769 203 776 227 ;
802 194 890 222 vocati
919 197 985 221 sunt
1002 198 1030 221 et

1088 202 1144 219 που
1162 194 1270 225 πάντες¹
1285 203 1293 219 ›
1307 193 1387 221 διὰτὸ
1404 194 1463 221 κατ’
1474 196 1564 223 εἰκόνα
1578 196 1645 224 Θεοῦ
1660 205 1666 212 ·
1679 196 1837 233 ἐκλήθησαν
1847 199 1876 224 δὲ

242 246 290 273 ιιιιῑ
303 245 351 272 Dei
368 245 469 271 iterum
490 247 518 270 et
542 242 640 273 Judaei,
657 248 773 275 nempe:
794 249 802 265 ι
819 240 902 267 Filios
916 241 1031 268 mutrivi

241 298 270 320 et
282 290 411 322 exallavi,
427 290 479 325 ipsi
495 294 588 316 autem
606 291 771 323 spreverunt
782 294 825 314 me
837 287 896 313 δ”.»
915 287 1033 321 Propter

242 338 393 366 amicitiam
417 337 466 363 Dei
486 340 514 362 et
529 342 613 370 supra
634 337 748 361 caeteras
763 332 891 360 nationes
906 333 939 360 ad
954 334 1034 360 innov

241 384 361 411 centiam
389 382 498 409 formati
522 386 549 408 et
572 382 702 415 pietatem
729 380 845 407 edocti:
869 379 931 407 ideo
958 379 1033 406 enim

240 430 348 457 credita
373 432 438 456 sunt
464 428 586 463 eloquia,
611 436 619 452 ι
646 431 675 454 et
705 431 901 453 testamentum
933 426 1032 460 ipsius,

243 475 342 510 inquit,
358 481 388 502 ut
405 474 598 502 manifestatur
614 472 670 500 illis
680 473 720 505 ³³;
738 481 747 497 ι
770 487 803 491 -
826 481 835 498 ι
852 472 965 499 lucerna
984 479 1034 506 pe-

242 522 325 549 dibus
349 521 418 548 meis
439 521 485 548 lex
501 524 546 547 tua
557 519 597 552 a";
614 529 623 545 ι
639 523 687 546 et:
706 527 715 543 ‹
736 518 788 551 Qui
805 518 953 545 annuntiat
970 526 1033 545 ver-

242 569 307 595 bum
322 566 505 598 suumJacob,
519 565 640 601 justitias
650 564 787 600 etjudicia
802 572 851 591 sua
863 564 963 591 Israel:
978 571 1034 590 non

242 613 308 641 fecit
319 613 409 640 taliter
424 613 498 639 omni
510 611 614 639 nationi
628 611 660 638 ³³.
671 610 685 636 ‘i
698 610 763 638 [nde
779 610 853 638 enim
867 610 918 637 etsi
935 610 1034 637 timore

242 659 311 695 le‘gis
322 664 350 686 et
365 667 418 687 non
432 659 606 693 beneplacito
623 657 760 692 justitiam
779 657 918 688 colebant,
931 656 1034 691 pariter

242 705 346 732 auxilio
359 705 453 732 debito
473 705 547 740 justo
562 703 721 730 viventibus
736 702 914 729 fruebantur:
927 706 954 729 et
966 702 1037 729 sim-

242 752 351 786 pliciter
369 751 398 778 in
417 755 490 777 terra
502 749 625 784 quandiu
646 748 748 777 imitari
763 749 848 776 Deum
860 747 1033 782 quaerebant,

241 797 276 824 ab
298 805 342 828 eo.
364 800 477 831 propter
497 797 601 831 justam
618 799 646 822 et
669 795 846 822 innocentem
869 795 964 826 vitam,
984 792 1034 820 filii

242 844 290 871 l‘ci
304 843 394 870 vocati
415 846 497 870 sunt:
514 841 562 869 sed
583 842 688 877 pariter
699 841 745 869 isti
762 846 790 868 et
809 849 924 876 peccare
940 848 1034 876 cmpe-

242 892 307 915 runt
321 887 433 919 iterum,
448 887 605 914 versatilem
626 886 718 914 adhuc
734 890 863 913 naturam
876 886 1012 913 habentes
1026 893 1033 912 :

1088 883 1269 919 ἀναμαρτήτῳ
1296 883 1345 919 βίῳ
1362 904 1369 914 ,

243 933 318 968 quod
333 932 416 968 igitur
430 936 458 960 et
475 940 546 967 saepe
565 932 697 967 operibus
720 932 916 966 probaverunt,
931 938 1030 958 secun-

242 979 309 1005 dum
318 978 391 1013 quod
400 978 505 1005 dictum
513 983 573 1005 est:
588 987 596 1004 ι
608 978 661 1012 Ipsi
673 982 764 1005 autem
775 985 818 1004 me
827 981 1008 1012 spreverunt:
1021 986 1030 1003 ι

241 1030 269 1052 et
281 1024 363 1051 morti
376 1024 483 1051 scilicet
493 1029 520 1051 et
531 1024 620 1059 plagis
633 1027 662 1050 et
678 1023 823 1059 suppliciis
839 1023 904 1050 inde
915 1023 1035 1058 subjecti

242 1072 326 1095 sunt:
347 1077 356 1093 ι
382 1068 516 1095 Stimulus
538 1069 612 1095 enim
631 1069 740 1101 mortis,
755 1073 899 1103 peccatum
915 1073 959 1096 est
968 1069 1006 1095 '°:
1023 1077 1033 1094 ι

240 1118 292 1142 et:
313 1123 323 1139 ‹
346 1114 429 1141 Multa
452 1113 558 1149 ﬂagella
582 1114 738 1149 peccatoris
754 1114 787 1141 ³⁷.
815 1123 824 1140 ι
855 1114 895 1141 Ita
921 1114 1035 1149 quidem

242 1160 328 1194 igitur
340 1163 368 1186 et
380 1159 443 1186 isti:
455 1159 526 1186 Dicti
538 1167 634 1187 sumus
646 1167 712 1187 vero
726 1160 811 1187 etiam
822 1168 873 1187 nos
883 1160 1034 1188 Christiani

248 1205 298 1232 filii
312 1205 372 1236 Dei,
393 1212 493 1239 nempe
504 1226 511 1238 ,
533 1214 542 1230 ι
557 1204 659 1232 Omnes
674 1205 748 1232 enim
769 1204 818 1232 filii
833 1205 881 1232 Dei
897 1205 975 1238 estis,
987 1213 1037 1240 per

244 1250 326 1277 fidem
341 1250 367 1276 in
382 1249 494 1277 Christo
509 1249 574 1277 Jesu
581 1250 615 1276 ³⁸.
627 1259 635 1275 ι
651 1250 706 1278 Nos
718 1250 812 1285 igitur,
826 1250 930 1278 nedum
944 1250 1038 1278 verbis

242 1295 276 1322 ad
297 1295 484 1322 innocentiam
508 1295 669 1328 formemur,
689 1300 718 1323 et
732 1296 868 1331 justitiam
896 1296 946 1323 Dei
976 1303 1038 1331 qua:

242 1346 286 1369 est
298 1349 382 1376 super
392 1342 515 1369 litteram
535 1349 550 1369 a
562 1341 664 1376 spiritu
676 1341 725 1369 Dei
741 1342 894 1370 docemur:
910 1342 938 1370 in
950 1342 1037 1370 liber-

243 1391 329 1414 tatem
345 1392 373 1415 et
388 1387 624 1415 immortalitatem
639 1388 729 1416 vocati
741 1396 836 1416 sumus
850 1394 879 1416 et
895 1388 923 1415 in
937 1388 1038 1415 immu-

244 1433 408 1460 tabilitatem
429 1441 463 1461 ex
479 1434 687 1462 resurrectione
720 1439 913 1462 mortuorum:
932 1434 1038 1469 suppli-

243 1478 317 1505 cium
328 1479 451 1513 jam-non
462 1478 602 1511 timentes,
615 1487 667 1507 nec
678 1480 859 1508 mutationem
872 1480 1040 1507 transmissa

243 1523 332 1551 beata:
346 1524 418 1556 vitae,
432 1524 492 1558 qui,
507 1524 653 1553 doloribus
666 1525 760 1556 liberi.
780 1529 809 1553 et
829 1525 1039 1554 dominantibus

243 1570 393 1597 aeternitati
412 1570 590 1598 tenebrarum
606 1579 668 1599 esse
682 1570 825 1602 debemus,
838 1575 866 1598 et
888 1571 917 1598 in
930 1572 1038 1599 cmlesti

244 1616 359 1644 civitate
385 1617 496 1650 vivere;
521 1621 550 1644 ut
574 1617 647 1645 enim
671 1625 723 1645 nos
746 1625 871 1645 essemus
896 1618 984 1645 sancti
1011 1621 1040 1644 et

245 1662 415 1690 immaculati
437 1663 464 1690 in
487 1669 637 1698 conspectu
652 1664 754 1699 ejus",
772 1663 800 1690 in
818 1663 954 1690 charitatc
970 1670 1040 1698 pm-

245 1708 377 1736 dcstinati
400 1716 497 1736 sumus
516 1709 544 1736 in
565 1709 741 1744 adoptionem
760 1709 879 1736 filiorum
902 1709 950 1736 Dci
962 1708 996 1739 "°.
1011 1713 1040 1735 ct

246 1758 277 1780 ut
311 1753 525 1780 similitudinem
549 1753 719 1781 haberemus
749 1761 813 1781 cum
837 1753 919 1780 Patre
943 1757 1039 1780 nostro

246 1798 293 1833 qui
319 1799 347 1825 in
364 1799 442 1826 caelis
458 1803 501 1826 est
516 1799 544 1826 in
560 1799 722 1834 acceptione
737 1799 894 1834 adoptionis
918 1798 1039 1825 filiorum

245 1851 328 1878 quam
339 1848 544 1878 exspectamus:
556 1844 638 1871 simul
646 1852 678 1872 ac
687 1844 905 1880 redemptionem
915 1845 1040 1879 corporis

247 1890 345 1922 nostri,
360 1897 475 1925 peccare
488 1890 564 1917 nullo
579 1890 661 1918 modo
677 1891 795 1925 amplius
805 1890 960 1918 habet-trs:
977 1891 1039 1918 ideo

247 1943 303 1963 non
333 1935 403 1962 mori
433 1936 568 1963 debemus
593 1937 621 1963 in
637 1936 772 1969 futurum,
793 1937 841 1964 sed
858 1944 942 1971 super
968 1937 1040 1963 mala

246 1981 348 2016 quibus
363 1989 417 2008 non
431 1981 501 2008 affici
513 1981 594 2008 datur
606 1986 705 2009 natura
717 1982 876 2010 extollimur
886 1992 895 2009 ι
905 1986 1039 2017 quantum

249 2027 334 2062 igitur
357 2027 541 2054 assimilcmur
560 2028 616 2054 Deo
639 2028 791 2055 secundum
818 2028 876 2056 haec
901 2028 984 2056 simul
1008 2035 1041 2055 ac

235 2073 312 2099 'olim
327 2073 412 2100 Israel
424 2072 472 2107 qui
489 2072 562 2100 ﬁlius
572 2078 599 2101 et
615 2073 673 2108 ipse
686 2079 799 2102 vocatus
818 2074 913 2106 fuit“,
924 2074 1040 2101 evidens

248 2122 301 2145 est.

283 2207 400 2234 Tantum
419 2213 510 2235 tamen
527 2213 619 2236 nostra
637 2209 748 2243 adoptio
774 2209 893 2236 filiorum
912 2209 1040 2244 adoptio-

248 2263 424 2283 llt‘lllCOI'lllll
443 2261 554 2290 supcrat
582 2261 611 2284 et
638 2257 665 2283 in
693 2257 788 2289 tantis,
816 2261 845 2283 ut
870 2262 898 2284 ct
925 2258 1040 2291 spiritus

249 2302 392 2329 servitutis
403 2302 493 2329 haecce
506 2302 652 2329 dicaturin
668 2303 795 2329 timorem
809 2307 837 2330 et
852 2303 880 2330 in
897 2303 1040 2330 vinculum

248 2347 303 2383 jngi
323 2348 476 2380 servitutis,
491 2348 564 2375 illam
585 2356 649 2376 vero
666 2349 781 2383 spiritus
798 2349 955 2384 adoptionis
971 2349 1040 2376 ﬁlio-

249 2403 310 2421 rum
329 2395 423 2430 inquo
434 2395 593 2426 clamamus,
607 2405 616 2420 ‹
628 2395 706 2423 Abba
721 2397 802 2423 Pater
811 2396 851 2424 “:
868 2405 877 2422 ι
894 2397 967 2431 quod
982 2397 1040 2424 haec

250 2441 342 2467 dicere
372 2449 515 2476 nunquam
541 2441 695 2468 sustinuit:
716 2442 818 2469 eleuitn
845 2442 906 2476 ipsa
937 2442 1040 2470 dicitur

250 2487 361 2521 proprie
384 2487 499 2514 libertas
528 2496 582 2522 qua
606 2487 734 2515 Christus
757 2496 807 2516 nos
831 2489 978 2515 liberavit:
1003 2490 1040 2515 ita

249 2532 362 2567 quidem
381 2532 465 2567 igitur
489 2537 517 2560 et
534 2533 603 2560 ista:
621 2533 740 2560 Vocatus
760 2538 803 2561 est
818 2538 923 2567 autem,
939 2535 1040 2569 inquit,

250 2583 279 2605 et
292 2578 453 2605 Dominicus
467 2577 559 2610 homo,
576 2578 661 2606 Filius
686 2580 750 2607 Dei:
773 2588 884 2615 nempe,
900 2585 928 2608 et
943 2591 951 2606 ‹
970 2581 1043 2608 filius

251 2624 360 2652 Excelsi
388 2624 533 2651 vocabitur
543 2625 581 2651 *3:
608 2634 616 2649 ι
645 2626 697 2652 iste
721 2634 798 2658 vero,
826 2632 926 2661 praeter
952 2627 1043 2654 omnia

251 2675 345 2698 nostra
361 2670 490 2705 specialia
515 2670 540 2696 in
557 2670 661 2704 quibus
675 2672 774 2699 similis
791 2673 871 2700 nobis
887 2677 917 2700 et
938 2673 1040 2700 dicitur

251 2724 322 2748 esse,
333 2722 376 2744 est
392 2716 591 2751 primogenitus
607 2718 633 2744 in
646 2718 741 2745 multis
754 2718 886 2746 fratribus
898 2719 920 2735 “‘
935 2727 949 2746 a
963 2727 1040 2747 com-

289 2785 322 2800 "'
340 2784 391 2810 Isa.
418 2792 437 2814 ι.
461 2784 488 2811 2.
525 2783 546 2799 ³³
560 2775 633 2810 Ρειιίξ
654 2793 726 2817 xxtv,
741 2787 784 2813 Μ.
825 2787 846 2803 δ”
861 2788 931 2815 Psal.

253 2817 276 2853 ff
293 2818 364 2853 Psal.
389 2826 460 2849 xxxi,
489 2819 532 2845 10.
570 2819 592 2834 ³⁸
608 2819 696 2846 Galat.
721 2828 760 2853 ιιι,
790 2822 834 2848 QG.

254 2851 278 2866 ι’
295 2852 359 2878 Luc.
374 2860 391 2883 I,
409 2853 451 2879 32.
493 2854 514 2869 ’ν’
530 2855 608 2881 llom.
627 2862 683 2887 VIII,
695 2854 739 2882 9.9.

976 2795 1067 2819 cxvni,
1090 2786 1149 2813 l03.

875 2823 896 2839 ³³
913 2823 1014 2857 lippos.
1032 2831 1050 2853 I,
1074 2822 1096 2849 i.

1083 240 1136 266 υἱοὶ
1162 239 1229 266 Θεοῦ
1256 240 1336 267 πάλιν
1364 241 1410 267 καὶ
1427 242 1451 267 οἱ
1472 242 1592 269 Ἰουδαῖοι
1607 243 1679 278 terra}
1699 243 1740 275 τὸ,
1762 253 1772 269 ι
1797 244 1878 275 Υἰοὶις

1082 285 1215 320 ἐγέννησα
1244 286 1291 312 καὶ
1313 286 1426 320 Natum,
1457 287 1535 313 αὐτοὶ
1554 288 1583 315 δέ
1615 297 1649 322 με
1683 289 1825 324 ὴθέτησαν
1840 309 1847 321 ,
1866 300 1875 316 ι

1082 332 1137 357 ἐπὶ.
1155 331 1289 358 οἰκειώσει
1313 332 1382 359 Θεοῦ
1408 333 1455 359 καὶ
1484 333 1560 369 παρὰ
1582 334 1616 360 τὰ
1630 335 1712 361 λοιπὰ
1727 335 1793 370 ἔθνη
1810 336 1878 368 πρὸς

1082 377 1290 412 ἁναμαρτησὲαν
1308 378 1575 413 παιοαγωγούμενοι,
1593 379 1640 405 καὶ
1657 379 1784 405 εὐσεὸεῖν
1803 380 1877 406 διδα-

1084 423 1221 457 σκόμενοι·
1237 423 1276 455 εἰς
1292 423 1371 450 τοῦτο
1388 424 1443 460 γὰρ
1457 425 1505 452 καὶ
1516 425 1716 461 ἐπιστεύθησαν
1729 426 1764 453 τὰ
1776 427 1875 459 Λόγια.

1087 478 1095 494 ι
1128 468 1159 494 'fi
1174 468 1291 504 διαθήκη
1317 469 1372 503 γὰρ
1398 469 1584 505 αὑτοῦ,φησὶ,
1600 470 1647 497 τοῦ
1675 471 1798 505 δηλῶσαι
1829 472 1876 497 αὶ-

1083 516 1138 546 τοῖς
1152 522 1159 530 ·
1182 524 1191 539 ι
1207 514 1264 546 καὶ,
1282 524 1291 540 ι
1305 514 1408 550 Λύχνος
1426 517 1483 547 τοῖς
1503 517 1567 543 ποσί
1585 525 1635 552 μου
1653 517 1666 543 ὁ
1681 517 1765 551 vatio;
1784 525 1844 543 σουι
1864 527 1873 542 ι

1083 561 1140 592 καὶ,
1147 570 1156 586 ι
1169 560 1197 587 '0
1207 560 1397 594 ἀπαγγέλλων,
1407 562 1482 597 φησὶ,
1490 561 1535 588 τὸν
1545 562 1623 596 λόγον
1629 563 1708 589 αὐτοῦ
1715 563 1754 598 τῷ
1765 563 1876 595 Ἰακὼε,

1083 606 1255 641 δικαιώματα
1285 606 1332 633 καὶ
1364 607 1487 642 κρίματα
1517 608 1602 635 αὑτοῦ
1620 608 1658 643 τῷ
1678 608 1789 644 Ἰσραήλ
1804 617 1812 623 ·
1828 610 1878 635 οὐκ

1084 652 1216 687 ἐποίησεν
1242 652 1328 684 οὕτως
1345 654 1425 680 παντὶ
1439 653 1519 681 ἔθνει.
1537 663 1547 679 ι
1571 655 1710 682 Ἐντεῦθεν
1722 655 1777 690 γὰρ
1790 657 1816 682 εξ
1831 656 1877 682 καὶ

1084 701 1160 735 φόϐῳ
1174 700 1222 727 τοῦ
1241 700 1324 735 νόμου
1341 701 1388 727 καὶ
1404 702 1435 728 οὐ
1447 703 1609 737 προαιρέσει
1627 703 1869 738 ὲόικαιοπράγονν,

1084 746 1142 781 ᾁλλ’
1161 746 1237 781 ὅμως
1250 746 1302 781 τῆς
1318 746 1398 780 ἀξίας
1413 747 1576 783 ἐπικουρίας
1588 747 1643 775 τῶν
1658 748 1771 780 δικαίως
1788 749 1866 784 βιούν

1084 801 1138 819 των
1151 792 1290 828 ἀπήλαυον
1306 801 1313 808 ·
1327 793 1375 819 καὶ
1391 793 1485 825 ἁπλῶς
1495 793 1543 820 ἐπὶ
1554 794 1605 828 γῆς
1615 795 1653 826 ὡς
1667 792 1723 821 οἷόν
1734 804 1764 822 τε
1783 797 1878 830 μιμεῖ-

1087 838 1148 866 σθαι
1174 839 1241 865 Θεὸν
1268 839 1475 875 μεθοδευόμενοι
1501 840 1547 867 ὑπ’
1561 841 1644 866 αὑτοῦ
1661 841 1700 875 τῷ
1716 840 1815 874 δικαίῳ
1831 842 1878 867 καὶ

1404 884 1458 911 υἱοὶ
1498 885 1566 911 Θεοῦ
1605 885 1761 921 ἐκλήθησαν
1778 895 1785 902 ·
1819 887 1877 916 ἀλλ’

1085 929 1160 964 ὅμως
1177 926 1250 956 οὗτοι
1267 929 1315 956 καὶ
1329 929 1360 956 τὸ
1377 930 1511 965 ἁμαρτεῖν
1528 930 1685 966 ἐπεδέκοντο
1703 931 1795 962 πάλιν,
1815 939 1878 967 τρε-

1085 975 1157 1009 πτῆς
1172 974 1212 1000 ἔτι
1226 974 1333 1008 φύσεως
1348 975 1531 1010 ὑπάρχοντες·
1543 975 1611 1011 ὅπερ
1624 975 1670 1003 οὖν
1684 977 1730 1004 καὶ
1746 977 1878 1009 πολλάκις

1085 1020 1176 1055 ἔργοις
1191 1020 1374 1056 ἡλέγχθησαν,
1388 1021 1457 1048 κατὰ
1471 1023 1501 1049 τὸ
1516 1023 1671 1057 εἰρημένον·
1684 1032 1693 1048 ι
1703 1023 1786 1050 Αὐτοὶ
1799 1024 1828 1050 δέ
1844 1032 1879 1058 με

1086 1066 1232 1101 ἠθέτησαν.
1254 1076 1263 1093 ι
1281 1067 1336 1093 Καὶ
1350 1066 1457 1102 θανάτῳ
1476 1067 1503 1094 δὲ
1525 1068 1624 1104 δηλαδὴ
1637 1069 1682 1095 καὶ
1697 1070 1816 1105 πληγαῖς
1834 1071 1880 1096 καὶ

1085 1113 1232 1148 τιμωρίαις
1258 1113 1383 1140 ἐντεῦθεν
1415 1113 1559 1141 ὑπέκειντο
1573 1123 1580 1130 ·
1600 1123 1609 1140 ι
1624 1115 1679 1142 Καὶ
1695 1115 1750 1151 γὰρ
1767 1115 1799 1142 τὸ
1817 1117 1879 1142 κέν-

1085 1167 1148 1194 τρον
1160 1158 1207 1185 τοῦ
1225 1158 1350 1192 θανάτου,
1369 1160 1386 1194 ὴ
1407 1159 1548 1195 ἁμαρτία·
1567 1169 1577 1186 ›
1612 1160 1678 1192 καὶ,
1709 1170 1718 1184 ε
1737 1161 1881 1195 Μάστιγες

1087 1205 1184 1231 πολλαὶ
1220 1204 1268 1231 τοῦ
1308 1204 1479 1242 ἁμαρτωλοῦ.
1508 1215 1517 1231 ι
1545 1205 1639 1237 Οὕτως
1669 1206 1719 1241 μὲν
1755 1206 1803 1234 οὖν
1834 1207 1881 1234 καί

1086 1247 1159 1277 οὗτοι
1175 1257 1181 1265 ·
1198 1250 1367 1286 ἑλέγχθημεν
1392 1250 1421 1277 δὲ
1447 1251 1494 1277 καὶ
1508 1251 1532 1277 οἱ
1551 1251 1710 1286 Χριστιανοὶ
1728 1252 1782 1278 υἱοὶ
1799 1252 1879 1285 θεοῦ,

1088 1296 1158 1323 κατὰ
1171 1296 1211 1329 τὸ,
1224 1305 1233 1322 ι
1248 1297 1353 1329 Πάντες
1362 1297 1417 1332 γὰρ
1428 1297 1482 1323 υίοὶ
1489 1296 1558 1324 Θεοῦ
1567 1298 1638 1329 ἐστε,
1647 1297 1691 1324 διὰ
1699 1298 1749 1331 τῆς
1760 1298 1881 1330 πίστεως

1088 1342 1116 1368 ἐν
1129 1342 1240 1378 Χριστῷ
1261 1342 1360 1377 Ἰησοῦ.
1382 1352 1392 1368 ι
1403 1343 1495 1378 Ἡμεῖς
1510 1341 1556 1370 οὖν
1572 1343 1641 1379 πρὸς
1655 1343 1694 1378 τῷ
1708 1344 1753 1370 διὰ
1769 1344 1827 1371 τῶν
1841 1345 1881 1370 λέ-

1087 1395 1145 1422 γων
1160 1387 1337 1414 παιδεύεσθαι
1355 1387 1384 1414 τὸ
1398 1389 1606 1424 ἀναμάρτητον,
1625 1388 1672 1415 καὶ
1686 1389 1736 1424 τὴν
1755 1389 1828 1425 ὑπὲρ
1847 1390 1878 1416 τὸ

1088 1433 1206 1468 γράμμα
1232 1433 1277 1460 διὰ
1303 1433 1465 1468 Πνεύματος
1493 1433 1668 1468 δικαιοσύνην
1696 1434 1880 1470 διδασκόμεθα

1089 1478 1176 1506 Θεοῦ’
1193 1480 1240 1506 καὶ
1262 1480 1308 1505 ἐπὶ
1324 1479 1467 1514 ἐλευθερίᾳ
1486 1480 1534 1506 καὶ
1552 1480 1687 1515 ἀθανασίᾳ
1708 1480 1879 1516 ὲκλήθημεν,

1091 1524 1136 1551 καὶ
1151 1524 1268 1560 ἀτρεψίᾳ
1282 1524 1311 1556 ἐξ
1326 1524 1500 1556 ἀναστάσεως
1515 1524 1621 1560 νεκρῶν
1632 1532 1639 1539 ’
1659 1526 1797 1561 τιμωρίαν
1814 1526 1880 1552 οὐκ·

1091 1572 1130 1597 ἐτι
1142 1571 1268 1604 δεδιότες,
1284 1571 1315 1597 οὐ
1330 1570 1484 1606 μεταϐολὴν
1499 1573 1549 1606 τῆς
1571 1571 1768 1608 διαδεξαμένης
1791 1581 1879 1607 μακα-

1092 1618 1151 1652 ρίας
1167 1617 1250 1652 ζωῆς,
1267 1618 1356 1644 πόνων
1373 1618 1521 1653 ἐλεύθεροι.
1539 1618 1586 1644 καὶ
1602 1618 1655 1644 τῶν
1672 1619 1812 1654 ἀρχόντων
1833 1619 1878 1646 τοῦ

1090 1664 1188 1694 αἰῶνος
1200 1663 1247 1690 τοῦ
1268 1663 1383 1694 σκότους
1395 1664 1529 1698 ἐσόμενοι,
1543 1665 1572 1690 ὲν
1595 1664 1713 1699 οὐρανίῳ
1739 1673 1769 1691 τε
1803 1665 1879 1691 πολι-

1089 1711 1150 1746 τείᾳ
1178 1709 1322 1745 βιώσοντες
1334 1718 1341 1726 ⁸
1357 1711 1398 1742 είς
1412 1710 1466 1746 γὰρ
1488 1710 1519 1737 τὸ
1542 1708 1612 1737 εἶναι
1635 1712 1709 1746 ἡμᾶς
1724 1712 1820 1746 ἁγίους
1833 1713 1880 1739 καὶ

1090 1755 1222 1791 ἀμώμους
1241 1755 1410 1782 κατενώπιον
1438 1756 1520 1782 αὑτοῦ
1534 1757 1564 1782 ἐν
1589 1757 1683 1792 ἀγάπῃ
1702 1758 1880 1794 προωρίσθη-

1092 1809 1141 1834 μεν
1155 1801 1196 1831 εἰς
1211 1799 1349 1826 υἱοθεσίαν
1361 1800 1440 1833 Θεοῦ,
1456 1800 1503 1827 καὶ
1517 1799 1567 1835 τὴν
1586 1801 1715 1835 ὁμοίωσιν
1741 1802 1815 1836 ἔχειν
1832 1803 1881 1838 τὴν

1091 1847 1159 1881 πρὸς
1193 1845 1239 1872 τὸν
1264 1845 1389 1881 οὐράνιον
1405 1845 1484 1881 ἡμῶν
1499 1847 1620 1882 Πατέρα,
1642 1848 1671 1874 ὲν
1686 1849 1718 1883 τῇ
1745 1849 1880 1883 ἀπολήψει

1090 1892 1140 1925 τῆς
1158 1892 1305 1925 υἱοθεσίας,
1319 1888 1354 1928 ἦς
1370 1891 1576 1928 ἀπεκδεχόμεθα
1593 1901 1600 1909 ’
1616 1893 1701 1928 ἥγουν
1713 1893 1764 1928 τῆς
1780 1895 1883 1921 ἀπολυ·

1091 1937 1222 1973 τρώσεως
1236 1937 1283 1964 τοῦ
1297 1937 1423 1972 σώματος
1437 1938 1525 1973 ἡμῶν,
1543 1938 1573 1965 τὸ
1593 1939 1762 1974 ἁμαρτάνειν
1776 1939 1818 1966 ἔτι
1838 1940 1881 1966 οὺ-

1090 1983 1146 2010 δενὶ
1159 1983 1253 2018 τρόπῳ
1277 1983 1402 2018 ἔχοντες·
1417 1983 1458 2010 διὸ
1487 1983 1547 2010 οὐδὲ
1576 1983 1703 2019 θνήσκειν
1728 1985 1883 2018 πεφυκότες

1091 2028 1194 2060 λοιπὸν,
1225 2028 1282 2054 ἀλλ’
1299 2029 1328 2055 ἐν
1345 2028 1384 2063 τῷ
1412 2029 1480 2063 μηδὲ
1505 2029 1617 2064 δυνάμει
1644 2027 1715 2056 εῖναι
1738 2030 1883 2062 δεκτικοὺς

1091 2074 1145 2101 τῶν
1163 2074 1256 2101 κακῶν
1269 2074 1319 2109 τὴν
1349 2074 1432 2108 φύσιν
1455 2074 1659 2109 ὑπεραρθὲντες
1673 2083 1680 2090 ·
1699 2075 1764 2102 ὅσον
1775 2075 1824 2102 οὖν
1841 2076 1883 2109 ἐξ·

1091 2119 1260 2155 ομοιούμεθα
1276 2119 1335 2154 Θεῷ
1353 2119 1423 2146 κατὰ
1436 2119 1498 2145 τάδε
1519 2119 1595 2154 παρὰ
1611 2120 1656 2146 τόν
1673 2129 1739 2146 ποτε
1765 2120 1882 2156 Ἰσραὴλ,

1091 2165 1148 2192 υἱον
1162 2165 1209 2192 καὶ
1225 2165 1307 2191 αὑτὸν
1323 2164 1468 2200 κληθέντα,
1482 2165 1572 2200 δῆλον.

1127 2210 1261 2237 Τοσοῦτον
1276 2210 1342 2244 γοῦν
1372 2211 1388 2245 ἡ
1411 2211 1537 2246 ἡμετέρα
1560 2210 1682 2238 υἱοθεσία
1697 2213 1749 2247 τῆς
1773 2214 1884 2240 ἐκείνων

1092 2256 1208 2292 προῦχει
1219 2257 1266 2283 καὶ
1273 2257 1302 2283 ἐν
1309 2256 1456 2289 τοσούτοις,
1466 2257 1504 2288 ὡς
1514 2257 1560 2284 καὶ
1568 2257 1676 2292 πνεῦμα
1687 2257 1812 2290 δουλείας
1821 2260 1885 2286 ὲκεί-

1090 2313 1137 2339 νην
1154 2303 1281 2337 λέγεσθαι
1298 2304 1338 2335 είς
1353 2303 1437 2338 φόϐον
1466 2303 1513 2330 καὶ
1529 2303 1613 2337 ζυγοῦ
1628 2303 1752 2336 δουλείας
1769 2305 1884 2340 ἐνοχήν·

1088 2349 1191 2384 ταύτην
1199 2348 1228 2375 δὲ
1239 2349 1348 2384 πνεῦμα
1356 2349 1490 2380 υἱοθεσίας
1499 2350 1527 2375 ἐν
1539 2347 1561 2382 ᾧ
1577 2349 1634 2375 ἐστι
1648 2349 1789 2384 κράζειν-ι
1804 2350 1886 2377 Ἀεεᾶ

1088 2396 1101 2422 ὁ
1110 2395 1214 2430 Πατήρ·
1223 2405 1231 2420 ι
1241 2396 1310 2430 ὅπερ
1317 2395 1405 2430 ἐκείνη
1417 2395 1506 2429 λέγειν
1514 2395 1544 2421 οὐ
1553 2395 1705 2430 τετόλμηκε
1713 2396 1836 2423 πώποτε·
1845 2398 1886 2423 καὶ

1090 2441 1145 2476 γὰρ
1168 2439 1237 2476 αὕτη
1253 2440 1361 2474 λέγεται
1389 2440 1462 2472 ίδίως
1478 2441 1630 2476 ἐλευθερία,
1678 2441 1800 2477 Χριστὸς
1817 2444 1887 2478 ἡμᾶς

1093 2486 1289 2522 ὴλευθέρωςεψ
1298 2486 1384 2517 οὕτως
1398 2486 1448 2520 μὲν
1460 2486 1505 2513 οὖν
1515 2487 1561 2512 καὶ
1569 2486 1626 2518 ἥδε.
1635 2486 1753 2522 Ἐκλὴοη
1761 2487 1802 2519 δὲ,
1811 2488 1887 2522 φησι,

1094 2533 1142 2559 καὶ
1156 2532 1170 2557 ὁ
1189 2531 1327 2567 Κυριακδς
1354 2531 1507 2567 ἄνθρωπος,
1539 2532 1604 2563 Υίδς
1632 2531 1701 2558 Θεοῦ
1718 2541 1726 2548 ·
1748 2533 1821 2560 κατὰ
1846 2535 1885 2563 τὸ.

1098 2588 1106 2603 ι
1125 2579 1180 2604 Καὶ
1193 2578 1257 2610 Υἱὸς
1278 2577 1404 2612 Ὑψίστου
1420 2578 1601 2613 κληθήσεται,
1631 2588 1641 2604 ι
1659 2576 1743 2610 Οὗτος
1763 2579 1793 2605 δὲ
1821 2580 1887 2615 πρὸς

1096 2627 1152 2657 τοῖς
1168 2625 1314 2661 ἡμετέροις
1334 2626 1417 2652 πᾶσιν
1431 2626 1594 2661 ἐξαιρέτοις,
1611 2627 1639 2652 ἐν
1653 2624 1694 2657 οἷς
1710 2627 1805 2661 ὅμοιος
1825 2628 1888 2662 ἡμῖν

1094 2671 1131 2697 ὣν
1146 2671 1193 2698 καὶ
1206 2671 1316 2705 λέγεται
1328 2669 1409 2704 εἶναι,
1421 2672 1435 2698 ὀ
1451 2671 1623 2706 πρωτότοκος
1643 2673 1672 2698 ὲν
1683 2672 1793 2704 πολλοῖς
1813 2673 1888 2699 ἀδελ-

1095 2719 1153 2753 φοῖς
1176 2717 1214 2752 τῷ
1243 2717 1325 2753 κοινῷ
1344 2718 1452 2745 πάντων
1467 2717 1554 2753 Πατρὶ
1571 2717 1631 2752 Θεῷ
1644 2725 1650 2731 ·
1667 2718 1714 2744 καὶ
1727 2718 1814 2753 ἕτερα
1837 2719 1889 2753 ἔχει

1191 2785 1212 2801 ³⁵
1230 2786 1301 2812 Psal.
1331 2794 1430 2815 cum,
1457 2785 1500 2815 19.
1524 2785 1570 2812 20.
1611 2785 1633 2801 ³⁸
1650 2785 1659 2811 l
1679 2785 1744 2812 Cor.
1773 2793 1820 2816 xv,
1846 2785 1883 2812 56-

1154 2822 1176 2836 δ”
1189 2821 1256 2847 ibid.
1271 2821 1297 2847 Ei.
1355 2822 1374 2836 “
1391 2821 1476 2848 Exod.
1491 2828 1528 2852 tv,
1540 2820 1584 2847 22.
1643 2820 1665 2835 δ’
1679 2819 1758 2846 Rom.
1774 2828 1836 2853 \‘lll,
1850 2821 1879 2846 15
