  <div class='ocr_page' id='page_1' title='image "/cluster/home/n/w/nwhite01/storage/ocr_20150623/86,pt.1/njp.32101007877465/888.png"; bbox 0 0 1968 3094; ppageno 0'>
   <div class='ocr_carea' id='block_1_1' title="bbox 103 143 170 175">
    <p class='ocr_par' dir='ltr' id='par_1_1' title="bbox 103 143 170 175">
     <span class='ocr_line' id='line_1_1' title="bbox 103 143 170 175; baseline -0.015 0"><span class='ocrx_word' id='word_1_1' title='bbox 103 143 170 175; x_wconf 72' lang='lat'><strong>1629</strong></span> 
     </span>
    </p>
   </div>
   <div class='ocr_carea' id='block_1_2' title="bbox 570 143 1274 177">
    <p class='ocr_par' dir='ltr' id='par_1_2' title="bbox 570 143 1274 177">
     <span class='ocr_line' id='line_1_2' title="bbox 570 143 1274 177; baseline 0.004 -5"><span class='ocrx_word' id='word_1_2' title='bbox 570 143 768 173; x_wconf 79' lang='lat' dir='ltr'><strong>ADVERSUS</strong></span> <span class='ocrx_word' id='word_1_3' title='bbox 787 143 1061 173; x_wconf 69' lang='lat' dir='ltr'><strong>NESTORMNOS.</strong></span> <span class='ocrx_word' id='word_1_4' title='bbox 1073 157 1106 161; x_wconf 80' lang='lat'><strong><em>—</em></strong></span> <span class='ocrx_word' id='word_1_5' title='bbox 1123 145 1196 177; x_wconf 83' lang='lat' dir='ltr'>LIB.</span> <span class='ocrx_word' id='word_1_6' title='bbox 1217 147 1274 176; x_wconf 86' lang='lat' dir='ltr'>III.</span> 
     </span>
    </p>
   </div>
   <div class='ocr_carea' id='block_1_3' title="bbox 105 193 896 238">
    <p class='ocr_par' dir='ltr' id='par_1_3' title="bbox 105 193 894 232">
     <span class='ocr_line' id='line_1_3' title="bbox 105 193 894 232; baseline -0.003 -8"><span class='ocrx_word' id='word_1_7' title='bbox 105 198 157 224; x_wconf 80' lang='grc' dir='ltr'>ῑδια</span> <span class='ocrx_word' id='word_1_8' title='bbox 174 196 344 232; x_wconf 75' lang='grc' dir='ltr'><strong>χαρίσματα,</strong></span> <span class='ocrx_word' id='word_1_9' title='bbox 367 197 397 229; x_wconf 78' lang='grc' dir='ltr'><strong>ἐξ</strong></span> <span class='ocrx_word' id='word_1_10' title='bbox 412 193 449 224; x_wconf 77' lang='grc' dir='ltr'><strong>ὧν</strong></span> <span class='ocrx_word' id='word_1_11' title='bbox 462 197 509 224; x_wconf 74' lang='grc' dir='ltr'><strong>καὶ</strong></span> <span class='ocrx_word' id='word_1_12' title='bbox 524 197 679 232; x_wconf 74' lang='grc' dir='ltr'>Μονογενὴς</span> <span class='ocrx_word' id='word_1_13' title='bbox 696 196 734 232; x_wconf 82' lang='grc' dir='ltr'>τῷ</span> <span class='ocrx_word' id='word_1_14' title='bbox 745 198 832 232; x_wconf 61' lang='lat' dir='ltr'><strong>lict-rp!</strong></span> <span class='ocrx_word' id='word_1_15' title='bbox 848 197 894 232; x_wconf 76' lang='grc' dir='ltr'><strong>ἐρ-</strong></span> 
     </span>
    </p>
   </div>
   <div class='ocr_carea' id='block_1_4' title="bbox 949 193 1734 238">
    <p class='ocr_par' dir='ltr' id='par_1_4' title="bbox 949 198 1734 238">
     <span class='ocr_line' id='line_1_4' title="bbox 949 198 1734 238; baseline 0.008 -14"><span class='ocrx_word' id='word_1_16' title='bbox 949 198 1022 225; x_wconf 91' lang='lat' dir='ltr'><strong>muni</strong></span> <span class='ocrx_word' id='word_1_17' title='bbox 1041 198 1163 225; x_wconf 88' lang='lat' dir='ltr'><strong>omnium</strong></span> <span class='ocrx_word' id='word_1_18' title='bbox 1190 200 1270 227; x_wconf 86' lang='lat' dir='ltr'><strong>Patre</strong></span> <span class='ocrx_word' id='word_1_19' title='bbox 1300 200 1372 227; x_wconf 80' lang='lat' dir='ltr'><strong>Deo:</strong></span> <span class='ocrx_word' id='word_1_20' title='bbox 1390 205 1418 227; x_wconf 88' lang='lat' dir='ltr'><strong>ct</strong></span> <span class='ocrx_word' id='word_1_21' title='bbox 1437 201 1489 228; x_wconf 81' lang='lat' dir='ltr'><strong>alia</strong></span> <span class='ocrx_word' id='word_1_22' title='bbox 1516 201 1598 228; x_wconf 78' lang='lat' dir='ltr'><strong>habet</strong></span> <span class='ocrx_word' id='word_1_23' title='bbox 1623 204 1734 238; x_wconf 86' lang='lat' dir='ltr'><strong>propria</strong></span> 
     </span>
    </p>
   </div>
   <div class='ocr_carea' id='block_1_5' title="bbox 101 242 892 278">
    <p class='ocr_par' dir='ltr' id='par_1_5' title="bbox 101 242 892 278">
     <span class='ocr_line' id='line_1_5' title="bbox 101 242 892 278; baseline 0 -9"><span class='ocrx_word' id='word_1_24' title='bbox 101 244 170 278; x_wconf 79' lang='grc' dir='ltr'>ρήθη</span> <span class='ocrx_word' id='word_1_25' title='bbox 183 252 190 258; x_wconf 90' lang='grc'>·</span> <span class='ocrx_word' id='word_1_26' title='bbox 213 244 271 269; x_wconf 76' lang='grc' dir='ltr'>ἔστι</span> <span class='ocrx_word' id='word_1_27' title='bbox 286 243 314 270; x_wconf 74' lang='grc' dir='ltr'>δὲ</span> <span class='ocrx_word' id='word_1_28' title='bbox 340 242 439 277; x_wconf 79' lang='grc' dir='ltr'>ταῦτα,</span> <span class='ocrx_word' id='word_1_29' title='bbox 454 243 563 278; x_wconf 81' lang='grc' dir='ltr'>πρῶτον</span> <span class='ocrx_word' id='word_1_30' title='bbox 590 243 651 278; x_wconf 77' lang='grc' dir='ltr'>μὲν,</span> <span class='ocrx_word' id='word_1_31' title='bbox 672 244 713 269; x_wconf 83' lang='grc' dir='ltr'>ὅτι</span> <span class='ocrx_word' id='word_1_32' title='bbox 731 244 763 270; x_wconf 80' lang='grc' dir='ltr'><strong>ἐκ</strong></span> <span class='ocrx_word' id='word_1_33' title='bbox 784 243 892 269; x_wconf 81' lang='grc' dir='ltr'>πάντων</span> 
     </span>
    </p>
   </div>
   <div class='ocr_carea' id='block_1_6' title="bbox 100 289 895 325">
    <p class='ocr_par' dir='ltr' id='par_1_6' title="bbox 100 289 895 325">
     <span class='ocr_line' id='line_1_6' title="bbox 100 289 895 325; baseline 0 -10"><span class='ocrx_word' id='word_1_34' title='bbox 100 289 207 324; x_wconf 83' lang='grc' dir='ltr'>ὁρατῶν</span> <span class='ocrx_word' id='word_1_35' title='bbox 225 289 273 316; x_wconf 75' lang='grc' dir='ltr'><strong>καὶ</strong></span> <span class='ocrx_word' id='word_1_36' title='bbox 288 290 413 325; x_wconf 84' lang='grc' dir='ltr'><strong>ἀοράτων</strong></span> <span class='ocrx_word' id='word_1_37' title='bbox 426 289 583 324; x_wconf 76' lang='grc' dir='ltr'><strong>κτισμάτων</strong></span> <span class='ocrx_word' id='word_1_38' title='bbox 599 289 753 324; x_wconf 74' lang='grc' dir='ltr'><strong>ἀφώρισται</strong></span> <span class='ocrx_word' id='word_1_39' title='bbox 777 290 824 316; x_wconf 83' lang='grc' dir='ltr'>καὶ</span> <span class='ocrx_word' id='word_1_40' title='bbox 848 289 895 320; x_wconf 77' lang='grc' dir='ltr'><strong>ἐξ-</strong></span> 
     </span>
    </p>
   </div>
   <div class='ocr_carea' id='block_1_7' title="bbox 99 334 891 371">
    <p class='ocr_par' dir='ltr' id='par_1_7' title="bbox 99 334 891 371">
     <span class='ocr_line' id='line_1_7' title="bbox 99 334 891 371; baseline 0 -10"><span class='ocrx_word' id='word_1_41' title='bbox 99 335 219 361; x_wconf 80' lang='grc' dir='ltr'>είλεκται</span> <span class='ocrx_word' id='word_1_42' title='bbox 236 334 346 371; x_wconf 71' lang='grc' dir='ltr'>ἆματῷ</span> <span class='ocrx_word' id='word_1_43' title='bbox 361 334 441 368; x_wconf 71' lang='grc' dir='ltr'>εἶναι,</span> <span class='ocrx_word' id='word_1_44' title='bbox 458 335 505 362; x_wconf 77' lang='grc' dir='ltr'>καὶ</span> <span class='ocrx_word' id='word_1_45' title='bbox 520 335 570 370; x_wconf 83' lang='grc' dir='ltr'><strong>τὴν</strong></span> <span class='ocrx_word' id='word_1_46' title='bbox 585 335 631 361; x_wconf 76' lang='grc' dir='ltr'>τοῦ</span> <span class='ocrx_word' id='word_1_47' title='bbox 649 334 719 361; x_wconf 82' lang='grc' dir='ltr'>εἶναι</span> <span class='ocrx_word' id='word_1_48' title='bbox 734 335 798 367; x_wconf 62' lang='lat' dir='ltr'><strong>Tib;</strong></span> <span class='ocrx_word' id='word_1_49' title='bbox 811 335 891 368; x_wconf 77' lang='grc' dir='ltr'>ἀξίαν</span> 
     </span>
    </p>
   </div>
   <div class='ocr_carea' id='block_1_8' title="bbox 101 381 892 419">
    <p class='ocr_par' dir='ltr' id='par_1_8' title="bbox 101 381 892 419">
     <span class='ocr_line' id='line_1_8' title="bbox 101 381 892 419; baseline 0.001 -12"><span class='ocrx_word' id='word_1_50' title='bbox 101 381 188 408; x_wconf 69' lang='grc' dir='ltr'>λαϐὼν</span> <span class='ocrx_word' id='word_1_51' title='bbox 203 382 296 419; x_wconf 72' lang='grc' dir='ltr'>χάριτι</span> <span class='ocrx_word' id='word_1_52' title='bbox 315 391 322 397; x_wconf 90' lang='grc'><strong>·</strong></span> <span class='ocrx_word' id='word_1_53' title='bbox 338 382 434 418; x_wconf 71' lang='grc' dir='ltr'>ὥσπερ</span> <span class='ocrx_word' id='word_1_54' title='bbox 447 382 530 414; x_wconf 76' lang='grc' dir='ltr'>εἴτις</span> <span class='ocrx_word' id='word_1_55' title='bbox 547 382 603 413; x_wconf 81' lang='grc' dir='ltr'>υἱὸς</span> <span class='ocrx_word' id='word_1_56' title='bbox 616 382 748 417; x_wconf 82' lang='grc' dir='ltr'>βασιλέως</span> <span class='ocrx_word' id='word_1_57' title='bbox 761 383 808 408; x_wconf 74' lang='grc' dir='ltr'>ἐπὶ</span> <span class='ocrx_word' id='word_1_58' title='bbox 825 390 892 416; x_wconf 86' lang='grc' dir='ltr'>πορ-</span> 
     </span>
    </p>
   </div>
   <div class='ocr_carea' id='block_1_9' title="bbox 100 428 892 466">
    <p class='ocr_par' dir='ltr' id='par_1_9' title="bbox 100 428 892 466">
     <span class='ocr_line' id='line_1_9' title="bbox 100 428 892 466; baseline 0 -12"><span class='ocrx_word' id='word_1_59' title='bbox 100 428 175 463; x_wconf 76' lang='grc' dir='ltr'><strong>φύρᾳ</strong></span> <span class='ocrx_word' id='word_1_60' title='bbox 198 428 316 463; x_wconf 80' lang='grc' dir='ltr'>τεχθεὶς,</span> <span class='ocrx_word' id='word_1_61' title='bbox 331 429 347 464; x_wconf 83' lang='grc' dir='ltr'>ἢ</span> <span class='ocrx_word' id='word_1_62' title='bbox 363 428 403 455; x_wconf 83' lang='grc' dir='ltr'>ἔτι</span> <span class='ocrx_word' id='word_1_63' title='bbox 426 428 576 463; x_wconf 84' lang='grc' dir='ltr'>κυούμενος</span> <span class='ocrx_word' id='word_1_64' title='bbox 593 429 622 455; x_wconf 81' lang='grc' dir='ltr'>ὲν</span> <span class='ocrx_word' id='word_1_65' title='bbox 646 429 738 466; x_wconf 81' lang='grc' dir='ltr'>μήτρᾳ</span> <span class='ocrx_word' id='word_1_66' title='bbox 755 429 892 462; x_wconf 67' lang='grc' dir='ltr'>στεφθεὶς,</span> 
     </span>
    </p>
   </div>
   <div class='ocr_carea' id='block_1_10' title="bbox 99 473 893 510">
    <p class='ocr_par' dir='ltr' id='par_1_10' title="bbox 99 473 893 510">
     <span class='ocr_line' id='line_1_10' title="bbox 99 473 893 510; baseline 0.001 -11"><span class='ocrx_word' id='word_1_67' title='bbox 99 473 318 509; x_wconf 80' lang='grc' dir='ltr'>διαζωννυμένης</span> <span class='ocrx_word' id='word_1_68' title='bbox 331 474 377 501; x_wconf 82' lang='grc' dir='ltr'><strong>τὸν</strong></span> <span class='ocrx_word' id='word_1_69' title='bbox 390 474 522 508; x_wconf 81' lang='grc' dir='ltr'>στέφανον</span> <span class='ocrx_word' id='word_1_70' title='bbox 535 474 586 508; x_wconf 80' lang='grc' dir='ltr'>τῆς</span> <span class='ocrx_word' id='word_1_71' title='bbox 607 474 721 509; x_wconf 71' lang='grc' dir='ltr'>μητρὸς,</span> <span class='ocrx_word' id='word_1_72' title='bbox 750 475 819 510; x_wconf 84' lang='grc' dir='ltr'>ὅπερ</span> <span class='ocrx_word' id='word_1_73' title='bbox 849 475 893 508; x_wconf 83' lang='grc' dir='ltr'><strong>γί-</strong></span> 
     </span>
    </p>
   </div>
   <div class='ocr_carea' id='block_1_11' title="bbox 99 519 894 556">
    <p class='ocr_par' dir='ltr' id='par_1_11' title="bbox 99 519 894 556">
     <span class='ocr_line' id='line_1_11' title="bbox 99 519 894 556; baseline 0.003 -11"><span class='ocrx_word' id='word_1_74' title='bbox 99 527 173 546; x_wconf 86' lang='grc' dir='ltr'>νεται</span> <span class='ocrx_word' id='word_1_75' title='bbox 188 519 329 551; x_wconf 81' lang='grc' dir='ltr'>πολλάκις.</span> <span class='ocrx_word' id='word_1_76' title='bbox 347 520 403 546; x_wconf 72' lang='grc' dir='ltr'><strong>Καὶ</strong></span> <span class='ocrx_word' id='word_1_77' title='bbox 416 520 502 552; x_wconf 80' lang='grc' dir='ltr'>οὕτως</span> <span class='ocrx_word' id='word_1_78' title='bbox 516 520 606 555; x_wconf 82' lang='grc' dir='ltr'>ἡνώθη</span> <span class='ocrx_word' id='word_1_79' title='bbox 622 520 660 555; x_wconf 85' lang='grc' dir='ltr'>τῷ</span> <span class='ocrx_word' id='word_1_80' title='bbox 679 520 738 555; x_wconf 83' lang='grc' dir='ltr'>Θεῷ</span> <span class='ocrx_word' id='word_1_81' title='bbox 749 521 828 556; x_wconf 83' lang='grc' dir='ltr'>Λόγῳ</span> <span class='ocrx_word' id='word_1_82' title='bbox 840 521 894 548; x_wconf 82' lang='grc' dir='ltr'><strong>ἀπὸ</strong></span> 
     </span>
    </p>
   </div>
   <div class='ocr_carea' id='block_1_12' title="bbox 99 564 893 604">
    <p class='ocr_par' dir='ltr' id='par_1_12' title="bbox 99 564 893 604">
     <span class='ocr_line' id='line_1_12' title="bbox 99 564 893 604; baseline 0.006 -14"><span class='ocrx_word' id='word_1_83' title='bbox 99 564 212 600; x_wconf 79' lang='grc' dir='ltr'><strong>πρώτης</strong></span> <span class='ocrx_word' id='word_1_84' title='bbox 234 565 318 591; x_wconf 79' lang='grc' dir='ltr'>αὐτοῦ</span> <span class='ocrx_word' id='word_1_85' title='bbox 347 566 481 600; x_wconf 79' lang='grc' dir='ltr'>κτίσεως,</span> <span class='ocrx_word' id='word_1_86' title='bbox 498 568 545 594; x_wconf 78' lang='grc' dir='ltr'><strong>καὶ</strong></span> <span class='ocrx_word' id='word_1_87' title='bbox 561 568 622 599; x_wconf 78' lang='grc' dir='ltr'><strong>Υἱὸς</strong></span> <span class='ocrx_word' id='word_1_88' title='bbox 642 568 790 604; x_wconf 79' lang='grc' dir='ltr'>ὠνομάσθη</span> <span class='ocrx_word' id='word_1_89' title='bbox 805 570 835 595; x_wconf 84' lang='grc' dir='ltr'><strong>οὐ</strong></span> <span class='ocrx_word' id='word_1_90' title='bbox 849 569 893 596; x_wconf 73' lang='grc' dir='ltr'>διὰ</span> 
     </span>
    </p>
   </div>
   <div class='ocr_carea' id='block_1_13' title="bbox 99 611 896 650">
    <p class='ocr_par' dir='ltr' id='par_1_13' title="bbox 99 611 896 650">
     <span class='ocr_line' id='line_1_13' title="bbox 99 611 896 650; baseline 0.005 -13"><span class='ocrx_word' id='word_1_91' title='bbox 99 611 147 646; x_wconf 84' lang='grc' dir='ltr'><strong>τὴν</strong></span> <span class='ocrx_word' id='word_1_92' title='bbox 180 611 242 637; x_wconf 75' lang='grc' dir='ltr'>καθ’</span> <span class='ocrx_word' id='word_1_93' title='bbox 273 613 347 648; x_wconf 83' lang='grc' dir='ltr'>ἡμᾶς</span> <span class='ocrx_word' id='word_1_94' title='bbox 377 613 531 646; x_wconf 68' lang='grc' dir='ltr'>υἱοθεσίαν,</span> <span class='ocrx_word' id='word_1_95' title='bbox 559 614 617 641; x_wconf 74' lang='grc' dir='ltr'>ἀλλ’</span> <span class='ocrx_word' id='word_1_96' title='bbox 647 615 684 646; x_wconf 82' lang='grc' dir='ltr'>ὡς</span> <span class='ocrx_word' id='word_1_97' title='bbox 724 615 896 650; x_wconf 78' lang='grc' dir='ltr'><strong>συνημμένος</strong></span> 
     </span>
    </p>
   </div>
   <div class='ocr_carea' id='block_1_14' title="bbox 100 656 893 695">
    <p class='ocr_par' dir='ltr' id='par_1_14' title="bbox 100 656 893 695">
     <span class='ocr_line' id='line_1_14' title="bbox 100 656 893 695; baseline 0.003 -11"><span class='ocrx_word' id='word_1_98' title='bbox 100 656 137 692; x_wconf 84' lang='grc' dir='ltr'>τῷ</span> <span class='ocrx_word' id='word_1_99' title='bbox 153 657 232 693; x_wconf 78' lang='grc' dir='ltr'><strong>Λόγῳ</strong></span> <span class='ocrx_word' id='word_1_100' title='bbox 247 659 314 693; x_wconf 81' lang='grc' dir='ltr'>πρὸς</span> <span class='ocrx_word' id='word_1_101' title='bbox 337 659 386 694; x_wconf 83' lang='grc' dir='ltr'><strong>τὴν</strong></span> <span class='ocrx_word' id='word_1_102' title='bbox 413 660 517 686; x_wconf 78' lang='grc' dir='ltr'>ἐκείνου</span> <span class='ocrx_word' id='word_1_103' title='bbox 546 662 715 695; x_wconf 79' lang='grc' dir='ltr'>φανέρωσιν·</span> <span class='ocrx_word' id='word_1_104' title='bbox 742 661 790 688; x_wconf 70' lang='grc' dir='ltr'>καὶ</span> <span class='ocrx_word' id='word_1_105' title='bbox 814 661 893 687; x_wconf 79' lang='grc' dir='ltr'>αὑτοῦ</span> 
     </span>
    </p>
   </div>
   <div class='ocr_carea' id='block_1_15' title="bbox 100 705 894 744">
    <p class='ocr_par' dir='ltr' id='par_1_15' title="bbox 100 705 894 744">
     <span class='ocr_line' id='line_1_15' title="bbox 100 705 894 744; baseline 0.004 -13"><span class='ocrx_word' id='word_1_106' title='bbox 100 706 129 731; x_wconf 66' lang='grc' dir='ltr'><strong>τ’)</strong></span> <span class='ocrx_word' id='word_1_107' title='bbox 161 705 305 740; x_wconf 79' lang='grc' dir='ltr'>πρόσωπον</span> <span class='ocrx_word' id='word_1_108' title='bbox 328 707 445 742; x_wconf 75' lang='grc' dir='ltr'>ἐπέχων,</span> <span class='ocrx_word' id='word_1_109' title='bbox 479 707 562 734; x_wconf 75' lang='grc' dir='ltr'>αὐτοῦ</span> <span class='ocrx_word' id='word_1_110' title='bbox 590 708 639 744; x_wconf 80' lang='grc' dir='ltr'>τὴν</span> <span class='ocrx_word' id='word_1_111' title='bbox 671 708 778 744; x_wconf 82' lang='grc' dir='ltr'>τιμὴν,</span> <span class='ocrx_word' id='word_1_112' title='bbox 811 708 894 734; x_wconf 81' lang='grc' dir='ltr'>αὐτοῦ</span> 
     </span>
    </p>
   </div>
   <div class='ocr_carea' id='block_1_16' title="bbox 103 750 896 788">
    <p class='ocr_par' dir='ltr' id='par_1_16' title="bbox 103 750 896 788">
     <span class='ocr_line' id='line_1_16' title="bbox 103 750 896 788; baseline 0.004 -11"><span class='ocrx_word' id='word_1_113' title='bbox 103 751 152 786; x_wconf 83' lang='grc' dir='ltr'>τὴν</span> <span class='ocrx_word' id='word_1_114' title='bbox 191 750 269 783; x_wconf 79' lang='grc' dir='ltr'>ἀξίαν</span> <span class='ocrx_word' id='word_1_115' title='bbox 305 753 396 788; x_wconf 79' lang='grc' dir='ltr'>φέρων</span> <span class='ocrx_word' id='word_1_116' title='bbox 420 761 428 769; x_wconf 73' lang='grc' dir='ltr'><strong><em>ο</em></strong></span> <span class='ocrx_word' id='word_1_117' title='bbox 461 753 507 779; x_wconf 71' lang='grc' dir='ltr'><strong>καὶ</strong></span> <span class='ocrx_word' id='word_1_118' title='bbox 535 763 545 780; x_wconf 74' lang='grc' dir='ltr'><strong>ι</strong></span> <span class='ocrx_word' id='word_1_119' title='bbox 585 754 727 781; x_wconf 82' lang='grc' dir='ltr'><strong>Ἐκάθισεν</strong></span> <span class='ocrx_word' id='word_1_120' title='bbox 760 754 788 780; x_wconf 76' lang='grc' dir='ltr'><strong>ἐν</strong></span> <span class='ocrx_word' id='word_1_121' title='bbox 822 753 896 788; x_wconf 75' lang='grc' dir='ltr'>δεξιᾷ</span> 
     </span>
    </p>
   </div>
   <div class='ocr_carea' id='block_1_17' title="bbox 101 797 895 835">
    <p class='ocr_par' dir='ltr' id='par_1_17' title="bbox 101 797 895 835">
     <span class='ocr_line' id='line_1_17' title="bbox 101 797 895 835; baseline 0.004 -12"><span class='ocrx_word' id='word_1_122' title='bbox 101 797 146 823; x_wconf 74' lang='grc' dir='ltr'>τοῦ</span> <span class='ocrx_word' id='word_1_123' title='bbox 175 797 261 830; x_wconf 77' lang='grc' dir='ltr'>Θεοῦ,</span> <span class='ocrx_word' id='word_1_124' title='bbox 289 798 417 834; x_wconf 79' lang='grc' dir='ltr'><strong>ὑπεράνω</strong></span> <span class='ocrx_word' id='word_1_125' title='bbox 455 799 546 834; x_wconf 79' lang='grc' dir='ltr'>πάσης</span> <span class='ocrx_word' id='word_1_126' title='bbox 576 799 699 831; x_wconf 79' lang='grc' dir='ltr'>ἐξουσίας</span> <span class='ocrx_word' id='word_1_127' title='bbox 728 800 775 826; x_wconf 73' lang='grc' dir='ltr'><strong>καὶ</strong></span> <span class='ocrx_word' id='word_1_128' title='bbox 801 799 895 835; x_wconf 79' lang='grc' dir='ltr'>κυριό-</span> 
     </span>
    </p>
   </div>
   <div class='ocr_carea' id='block_1_18' title="bbox 101 844 894 881">
    <p class='ocr_par' dir='ltr' id='par_1_18' title="bbox 101 844 894 881">
     <span class='ocr_line' id='line_1_18' title="bbox 101 844 894 881; baseline 0.004 -12"><span class='ocrx_word' id='word_1_129' title='bbox 101 852 182 878; x_wconf 83' lang='grc' dir='ltr'>τητος</span> <span class='ocrx_word' id='word_1_130' title='bbox 210 844 259 870; x_wconf 81' lang='grc' dir='ltr'>καὶ</span> <span class='ocrx_word' id='word_1_131' title='bbox 285 844 447 879; x_wconf 84' lang='grc' dir='ltr'>δυνάμεως,</span> <span class='ocrx_word' id='word_1_132' title='bbox 473 845 558 881; x_wconf 72' lang='grc' dir='ltr'>ὄνομα</span> <span class='ocrx_word' id='word_1_133' title='bbox 588 845 678 872; x_wconf 73' lang='grc' dir='ltr'>λαϐὼν</span> <span class='ocrx_word' id='word_1_134' title='bbox 707 845 798 880; x_wconf 81' lang='grc' dir='ltr'>μεῖζον</span> <span class='ocrx_word' id='word_1_135' title='bbox 825 855 894 872; x_wconf 84' lang='grc' dir='ltr'>παν-</span> 
     </span>
    </p>
   </div>
   <div class='ocr_carea' id='block_1_19' title="bbox 100 889 893 926">
    <p class='ocr_par' dir='ltr' id='par_1_19' title="bbox 100 889 893 926">
     <span class='ocr_line' id='line_1_19' title="bbox 100 889 893 926; baseline 0.004 -12"><span class='ocrx_word' id='word_1_136' title='bbox 100 889 146 920; x_wconf 67' lang='grc' dir='ltr'>τὸς</span> <span class='ocrx_word' id='word_1_137' title='bbox 172 889 305 924; x_wconf 82' lang='grc' dir='ltr'>ὀνόματος</span> <span class='ocrx_word' id='word_1_138' title='bbox 332 890 545 926; x_wconf 82' lang='grc' dir='ltr'><strong>ὀνομαζομένου,</strong></span> <span class='ocrx_word' id='word_1_139' title='bbox 565 891 594 917; x_wconf 82' lang='grc' dir='ltr'>οὐ</span> <span class='ocrx_word' id='word_1_140' title='bbox 622 890 700 926; x_wconf 81' lang='grc' dir='ltr'>μόνον</span> <span class='ocrx_word' id='word_1_141' title='bbox 715 892 743 917; x_wconf 81' lang='grc' dir='ltr'>ὲν</span> <span class='ocrx_word' id='word_1_142' title='bbox 759 891 799 925; x_wconf 85' lang='grc' dir='ltr'><strong>τῷ</strong></span> <span class='ocrx_word' id='word_1_143' title='bbox 814 892 893 918; x_wconf 69' lang='grc' dir='ltr'>αἰῶνι</span> 
     </span>
    </p>
   </div>
   <div class='ocr_carea' id='block_1_20' title="bbox 100 934 894 972">
    <p class='ocr_par' dir='ltr' id='par_1_20' title="bbox 100 934 894 972">
     <span class='ocr_line' id='line_1_20' title="bbox 100 934 894 972; baseline 0.004 -11"><span class='ocrx_word' id='word_1_144' title='bbox 100 934 187 970; x_wconf 80' lang='grc' dir='ltr'>τούτῳ</span> <span class='ocrx_word' id='word_1_145' title='bbox 205 954 212 967; x_wconf 82' lang='grc'><strong>,</strong></span> <span class='ocrx_word' id='word_1_146' title='bbox 246 935 313 962; x_wconf 64' lang='grc' dir='ltr'>ἀλλὰ</span> <span class='ocrx_word' id='word_1_147' title='bbox 336 935 384 962; x_wconf 75' lang='grc' dir='ltr'>καὶ</span> <span class='ocrx_word' id='word_1_148' title='bbox 401 937 429 963; x_wconf 80' lang='grc' dir='ltr'>ἐν</span> <span class='ocrx_word' id='word_1_149' title='bbox 454 937 493 971; x_wconf 85' lang='grc' dir='ltr'><strong>τῷ</strong></span> <span class='ocrx_word' id='word_1_150' title='bbox 512 937 636 972; x_wconf 76' lang='grc' dir='ltr'>μέλλοντι</span> <span class='ocrx_word' id='word_1_151' title='bbox 650 946 656 952; x_wconf 88' lang='grc'>·</span> <span class='ocrx_word' id='word_1_152' title='bbox 672 948 681 963; x_wconf 79' lang='grc' dir='ltr'><strong>ι</strong></span> <span class='ocrx_word' id='word_1_153' title='bbox 703 951 737 956; x_wconf 87' lang='grc'><strong><em>-</em></strong></span> <span class='ocrx_word' id='word_1_154' title='bbox 754 947 763 963; x_wconf 73' lang='grc'><strong>1</strong></span> <span class='ocrx_word' id='word_1_155' title='bbox 783 937 840 964; x_wconf 85' lang='grc' dir='ltr'><strong>Ἴνα</strong></span> <span class='ocrx_word' id='word_1_156' title='bbox 865 939 894 965; x_wconf 84' lang='grc' dir='ltr'>ἐν</span> 
     </span>
    </p>
   </div>
   <div class='ocr_carea' id='block_1_21' title="bbox 100 981 894 1019">
    <p class='ocr_par' dir='ltr' id='par_1_21' title="bbox 100 981 894 1019">
     <span class='ocr_line' id='line_1_21' title="bbox 100 981 894 1019; baseline 0.004 -12"><span class='ocrx_word' id='word_1_157' title='bbox 100 981 139 1016; x_wconf 84' lang='grc' dir='ltr'>τῷ</span> <span class='ocrx_word' id='word_1_158' title='bbox 164 981 276 1016; x_wconf 79' lang='grc' dir='ltr'>ὀνόματι</span> <span class='ocrx_word' id='word_1_159' title='bbox 310 982 398 1018; x_wconf 78' lang='grc' dir='ltr'>Ἰησοῦ</span> <span class='ocrx_word' id='word_1_160' title='bbox 427 984 481 1010; x_wconf 80' lang='grc' dir='ltr'>πᾶν</span> <span class='ocrx_word' id='word_1_161' title='bbox 506 983 570 1017; x_wconf 82' lang='grc' dir='ltr'><strong>γόνυ</strong></span> <span class='ocrx_word' id='word_1_162' title='bbox 601 984 697 1019; x_wconf 64' lang='grc' dir='ltr'>κάμψῃ</span> <span class='ocrx_word' id='word_1_163' title='bbox 722 984 894 1019; x_wconf 72' lang='grc' dir='ltr'><strong>ἐπουρανίων</strong></span> 
     </span>
    </p>
   </div>
   <div class='ocr_carea' id='block_1_22' title="bbox 102 1028 893 1065">
    <p class='ocr_par' dir='ltr' id='par_1_22' title="bbox 102 1028 893 1065">
     <span class='ocr_line' id='line_1_22' title="bbox 102 1028 893 1065; baseline 0.004 -12"><span class='ocrx_word' id='word_1_164' title='bbox 102 1028 149 1053; x_wconf 78' lang='grc' dir='ltr'>καὶ</span> <span class='ocrx_word' id='word_1_165' title='bbox 186 1028 316 1061; x_wconf 82' lang='grc' dir='ltr'><strong>ἐπιγείων</strong></span> <span class='ocrx_word' id='word_1_166' title='bbox 355 1029 403 1055; x_wconf 78' lang='grc' dir='ltr'>καὶ</span> <span class='ocrx_word' id='word_1_167' title='bbox 445 1029 650 1064; x_wconf 83' lang='grc' dir='ltr'>καταχθονίων·</span> <span class='ocrx_word' id='word_1_168' title='bbox 672 1039 681 1055; x_wconf 81' lang='grc' dir='ltr'><strong>ι</strong></span> <span class='ocrx_word' id='word_1_169' title='bbox 715 1030 804 1056; x_wconf 77' lang='grc' dir='ltr'>πάντα</span> <span class='ocrx_word' id='word_1_170' title='bbox 839 1029 893 1065; x_wconf 79' lang='grc' dir='ltr'><strong>γὰρ</strong></span> 
     </span>
    </p>
   </div>
   <div class='ocr_carea' id='block_1_23' title="bbox 103 1073 894 1107">
    <p class='ocr_par' dir='ltr' id='par_1_23' title="bbox 103 1073 894 1107">
     <span class='ocr_line' id='line_1_23' title="bbox 103 1073 894 1107; baseline 0.003 -7"><span class='ocrx_word' id='word_1_171' title='bbox 103 1074 196 1105; x_wconf 73' lang='grc' dir='ltr'>ἁπλῶς</span> <span class='ocrx_word' id='word_1_172' title='bbox 211 1073 344 1106; x_wconf 78' lang='grc' dir='ltr'>ὑπέταξεν</span> <span class='ocrx_word' id='word_1_173' title='bbox 360 1075 413 1101; x_wconf 76' lang='grc' dir='ltr'><strong>ὑπὸ</strong></span> <span class='ocrx_word' id='word_1_174' title='bbox 427 1075 489 1106; x_wconf 79' lang='grc' dir='ltr'>τοὺς</span> <span class='ocrx_word' id='word_1_175' title='bbox 507 1075 589 1107; x_wconf 76' lang='grc' dir='ltr'>πόδας</span> <span class='ocrx_word' id='word_1_176' title='bbox 604 1076 703 1102; x_wconf 76' lang='grc' dir='ltr'>αὐτοῦ·</span> <span class='ocrx_word' id='word_1_177' title='bbox 715 1076 762 1103; x_wconf 78' lang='grc' dir='ltr'><strong>καὶ</strong></span> <span class='ocrx_word' id='word_1_178' title='bbox 784 1076 830 1102; x_wconf 77' lang='grc' dir='ltr'><strong>ἀπ’</strong></span> <span class='ocrx_word' id='word_1_179' title='bbox 843 1076 894 1102; x_wconf 67' lang='lat' dir='ltr'><strong>a6-</strong></span> 
     </span>
    </p>
   </div>
   <div class='ocr_carea' id='block_1_24' title="bbox 102 1119 894 1156">
    <p class='ocr_par' dir='ltr' id='par_1_24' title="bbox 102 1119 894 1156">
     <span class='ocr_line' id='line_1_24' title="bbox 102 1119 894 1156; baseline 0.003 -11"><span class='ocrx_word' id='word_1_180' title='bbox 102 1119 149 1146; x_wconf 78' lang='grc' dir='ltr'>τοῦ</span> <span class='ocrx_word' id='word_1_181' title='bbox 164 1119 202 1155; x_wconf 85' lang='grc' dir='ltr'>τῷ</span> <span class='ocrx_word' id='word_1_182' title='bbox 218 1119 282 1154; x_wconf 85' lang='grc' dir='ltr'>θείῳ</span> <span class='ocrx_word' id='word_1_183' title='bbox 294 1120 383 1156; x_wconf 81' lang='grc' dir='ltr'>Λόγῳ,</span> <span class='ocrx_word' id='word_1_184' title='bbox 401 1119 430 1147; x_wconf 71' lang='grc' dir='ltr'>οὗ</span> <span class='ocrx_word' id='word_1_185' title='bbox 444 1121 474 1148; x_wconf 84' lang='grc' dir='ltr'>τὸ</span> <span class='ocrx_word' id='word_1_186' title='bbox 491 1121 637 1156; x_wconf 77' lang='grc' dir='ltr'>πρόσωπον</span> <span class='ocrx_word' id='word_1_187' title='bbox 653 1122 745 1156; x_wconf 72' lang='grc' dir='ltr'>ἐπέχει</span> <span class='ocrx_word' id='word_1_188' title='bbox 756 1129 763 1137; x_wconf 81' lang='grc'><em>’</em></span> <span class='ocrx_word' id='word_1_189' title='bbox 778 1121 825 1147; x_wconf 71' lang='grc' dir='ltr'>καὶ</span> <span class='ocrx_word' id='word_1_190' title='bbox 840 1121 894 1147; x_wconf 82' lang='grc' dir='ltr'><strong>ἀπ’</strong></span> 
     </span>
    </p>
   </div>
   <div class='ocr_carea' id='block_1_25' title="bbox 103 1166 894 1202">
    <p class='ocr_par' dir='ltr' id='par_1_25' title="bbox 103 1166 894 1202">
     <span class='ocr_line' id='line_1_25' title="bbox 103 1166 894 1202; baseline 0 -10"><span class='ocrx_word' id='word_1_191' title='bbox 103 1166 219 1198; x_wconf 76' lang='grc' dir='ltr'>ἐκείνου,</span> <span class='ocrx_word' id='word_1_192' title='bbox 231 1166 269 1201; x_wconf 86' lang='grc' dir='ltr'>τῷ</span> <span class='ocrx_word' id='word_1_193' title='bbox 280 1166 368 1202; x_wconf 77' lang='grc' dir='ltr'>Πατρὶ</span> <span class='ocrx_word' id='word_1_194' title='bbox 378 1166 417 1202; x_wconf 78' lang='grc' dir='ltr'><strong>τῷ</strong></span> <span class='ocrx_word' id='word_1_195' title='bbox 429 1167 574 1202; x_wconf 77' lang='grc' dir='ltr'>ἀχωρίστῳ</span> <span class='ocrx_word' id='word_1_196' title='bbox 587 1167 680 1198; x_wconf 78' lang='grc' dir='ltr'>αὐτοῦ,</span> <span class='ocrx_word' id='word_1_197' title='bbox 694 1167 752 1201; x_wconf 73' lang='grc' dir='ltr'>ἅμα</span> <span class='ocrx_word' id='word_1_198' title='bbox 761 1167 799 1201; x_wconf 85' lang='grc' dir='ltr'>τῷ</span> <span class='ocrx_word' id='word_1_199' title='bbox 811 1166 894 1193; x_wconf 73' lang='lat' dir='ltr'><strong>Ilvati-</strong></span> 
     </span>
    </p>
   </div>
   <div class='ocr_carea' id='block_1_26' title="bbox 104 1212 894 1249">
    <p class='ocr_par' dir='ltr' id='par_1_26' title="bbox 104 1212 894 1249">
     <span class='ocr_line' id='line_1_26' title="bbox 104 1212 894 1249; baseline 0 -10"><span class='ocrx_word' id='word_1_200' title='bbox 104 1222 168 1249; x_wconf 75' lang='grc' dir='ltr'>ματι</span> <span class='ocrx_word' id='word_1_201' title='bbox 187 1213 226 1247; x_wconf 86' lang='grc' dir='ltr'>τῷ</span> <span class='ocrx_word' id='word_1_202' title='bbox 241 1214 310 1249; x_wconf 74' lang='grc' dir='ltr'><strong>ἁγιῳ</strong></span> <span class='ocrx_word' id='word_1_203' title='bbox 324 1221 330 1229; x_wconf 79' lang='grc'><strong><em>⁸</em></strong></span> <span class='ocrx_word' id='word_1_204' title='bbox 346 1214 392 1241; x_wconf 74' lang='grc' dir='ltr'><strong>καὶ</strong></span> <span class='ocrx_word' id='word_1_205' title='bbox 409 1213 481 1240; x_wconf 76' lang='grc' dir='ltr'>οὕτω</span> <span class='ocrx_word' id='word_1_206' title='bbox 499 1214 636 1249; x_wconf 79' lang='grc' dir='ltr'>μεσιτεύει</span> <span class='ocrx_word' id='word_1_207' title='bbox 651 1213 711 1248; x_wconf 84' lang='grc' dir='ltr'><strong>Θεῷ</strong></span> <span class='ocrx_word' id='word_1_208' title='bbox 728 1213 775 1240; x_wconf 77' lang='grc' dir='ltr'><strong>καὶ</strong></span> <span class='ocrx_word' id='word_1_209' title='bbox 789 1212 894 1248; x_wconf 81' lang='grc' dir='ltr'>ἀνθρώ-</span> 
     </span>
    </p>
   </div>
   <div class='ocr_carea' id='block_1_27' title="bbox 104 1259 890 1294">
    <p class='ocr_par' dir='ltr' id='par_1_27' title="bbox 104 1259 890 1294">
     <span class='ocr_line' id='line_1_27' title="bbox 104 1259 890 1294; baseline 0.001 -10"><span class='ocrx_word' id='word_1_210' title='bbox 104 1268 165 1289; x_wconf 77' lang='grc' dir='ltr'>ποις</span> <span class='ocrx_word' id='word_1_211' title='bbox 181 1266 188 1273; x_wconf 89' lang='grc'>·</span> <span class='ocrx_word' id='word_1_212' title='bbox 203 1259 307 1286; x_wconf 83' lang='grc' dir='ltr'>τούτων</span> <span class='ocrx_word' id='word_1_213' title='bbox 319 1259 346 1285; x_wconf 82' lang='grc' dir='ltr'>δὲ</span> <span class='ocrx_word' id='word_1_214' title='bbox 361 1259 436 1286; x_wconf 78' lang='grc' dir='ltr'>οὐδὲν</span> <span class='ocrx_word' id='word_1_215' title='bbox 451 1259 532 1286; x_wconf 76' lang='grc' dir='ltr'>πλέον</span> <span class='ocrx_word' id='word_1_216' title='bbox 547 1259 622 1294; x_wconf 81' lang='grc' dir='ltr'>αὐτῷ</span> <span class='ocrx_word' id='word_1_217' title='bbox 644 1268 710 1285; x_wconf 84' lang='grc' dir='ltr'>ποτε</span> <span class='ocrx_word' id='word_1_218' title='bbox 725 1259 890 1294; x_wconf 79' lang='grc' dir='ltr'><strong>παρέξουσιν</strong></span> 
     </span>
    </p>
   </div>
   <div class='ocr_carea' id='block_1_28' title="bbox 102 1304 893 1340">
    <p class='ocr_par' dir='ltr' id='par_1_28' title="bbox 102 1304 893 1340">
     <span class='ocr_line' id='line_1_28' title="bbox 102 1304 893 1340; baseline 0 -9"><span class='ocrx_word' id='word_1_219' title='bbox 102 1305 126 1331; x_wconf 79' lang='grc' dir='ltr'><strong>οἱ</strong></span> <span class='ocrx_word' id='word_1_220' title='bbox 143 1304 266 1331; x_wconf 75' lang='grc' dir='ltr'><strong>συνθέσει</strong></span> <span class='ocrx_word' id='word_1_221' title='bbox 287 1305 414 1339; x_wconf 80' lang='grc' dir='ltr'>λέγοντες</span> <span class='ocrx_word' id='word_1_222' title='bbox 429 1306 476 1332; x_wconf 83' lang='grc' dir='ltr'>τοῦ</span> <span class='ocrx_word' id='word_1_223' title='bbox 491 1306 580 1340; x_wconf 84' lang='grc' dir='ltr'>Λόγου</span> <span class='ocrx_word' id='word_1_224' title='bbox 599 1306 646 1332; x_wconf 80' lang='grc' dir='ltr'>καὶ</span> <span class='ocrx_word' id='word_1_225' title='bbox 669 1305 716 1332; x_wconf 84' lang='grc' dir='ltr'>τοῦ</span> <span class='ocrx_word' id='word_1_226' title='bbox 736 1304 893 1340; x_wconf 84' lang='grc' dir='ltr'>ἀνθρώπου,</span> 
     </span>
    </p>
   </div>
   <div class='ocr_carea' id='block_1_29' title="bbox 103 1350 895 1386">
    <p class='ocr_par' dir='ltr' id='par_1_29' title="bbox 103 1350 895 1386">
     <span class='ocr_line' id='line_1_29' title="bbox 103 1350 895 1386; baseline 0.001 -10"><span class='ocrx_word' id='word_1_227' title='bbox 103 1350 148 1376; x_wconf 74' lang='grc' dir='ltr'>τὸν</span> <span class='ocrx_word' id='word_1_228' title='bbox 167 1351 284 1386; x_wconf 82' lang='grc' dir='ltr'>Χριστὸν</span> <span class='ocrx_word' id='word_1_229' title='bbox 308 1351 457 1386; x_wconf 79' lang='grc' dir='ltr'>ὑφεστάναι</span> <span class='ocrx_word' id='word_1_230' title='bbox 474 1360 482 1368; x_wconf 74' lang='grc' dir='ltr'><strong><em>ο</em></strong></span> <span class='ocrx_word' id='word_1_231' title='bbox 499 1352 524 1378; x_wconf 80' lang='grc' dir='ltr'>εἰ</span> <span class='ocrx_word' id='word_1_232' title='bbox 545 1351 573 1378; x_wconf 82' lang='grc' dir='ltr'>δὲ</span> <span class='ocrx_word' id='word_1_233' title='bbox 601 1351 705 1378; x_wconf 85' lang='grc' dir='ltr'>τούτων</span> <span class='ocrx_word' id='word_1_234' title='bbox 728 1351 895 1386; x_wconf 79' lang='grc' dir='ltr'><strong>ἀσύγκριτος</strong></span> 
     </span>
    </p>
   </div>
   <div class='ocr_carea' id='block_1_30' title="bbox 103 1396 895 1433">
    <p class='ocr_par' dir='ltr' id='par_1_30' title="bbox 103 1396 895 1433">
     <span class='ocr_line' id='line_1_30' title="bbox 103 1396 895 1433; baseline 0.001 -11"><span class='ocrx_word' id='word_1_235' title='bbox 103 1398 157 1422; x_wconf 75' lang='grc' dir='ltr'>τῶν</span> <span class='ocrx_word' id='word_1_236' title='bbox 173 1396 315 1424; x_wconf 75' lang='grc' dir='ltr'>υῐοθεσιῶν</span> <span class='ocrx_word' id='word_1_237' title='bbox 327 1399 344 1433; x_wconf 83' lang='grc' dir='ltr'>ἡ</span> <span class='ocrx_word' id='word_1_238' title='bbox 358 1398 519 1433; x_wconf 75' lang='grc' dir='ltr'>παράθεσις,</span> <span class='ocrx_word' id='word_1_239' title='bbox 536 1398 595 1429; x_wconf 84' lang='grc' dir='ltr'>πῶς</span> <span class='ocrx_word' id='word_1_240' title='bbox 613 1406 695 1432; x_wconf 76' lang='grc' dir='ltr'>φασιν</span> <span class='ocrx_word' id='word_1_241' title='bbox 707 1398 748 1424; x_wconf 81' lang='grc' dir='ltr'>ὅτι</span> <span class='ocrx_word' id='word_1_242' title='bbox 763 1397 895 1432; x_wconf 80' lang='grc' dir='ltr'>ὁμότιμον</span> 
     </span>
    </p>
   </div>
   <div class='ocr_carea' id='block_1_31' title="bbox 103 1442 896 1480">
    <p class='ocr_par' dir='ltr' id='par_1_31' title="bbox 103 1442 896 1480">
     <span class='ocr_line' id='line_1_31' title="bbox 103 1442 896 1480; baseline 0.003 -13"><span class='ocrx_word' id='word_1_243' title='bbox 103 1442 169 1476; x_wconf 79' lang='grc' dir='ltr'>ἡμῖν</span> <span class='ocrx_word' id='word_1_244' title='bbox 197 1450 287 1477; x_wconf 76' lang='grc' dir='ltr'>φαμεν</span> <span class='ocrx_word' id='word_1_245' title='bbox 305 1442 352 1468; x_wconf 75' lang='grc' dir='ltr'><strong>τὸν</strong></span> <span class='ocrx_word' id='word_1_246' title='bbox 373 1443 491 1478; x_wconf 85' lang='grc' dir='ltr'>Χριστόν</span> <span class='ocrx_word' id='word_1_247' title='bbox 508 1451 514 1476; x_wconf 91' lang='lat'><strong>;</strong></span> <span class='ocrx_word' id='word_1_248' title='bbox 533 1443 600 1469; x_wconf 83' lang='grc' dir='ltr'>διότι</span> <span class='ocrx_word' id='word_1_249' title='bbox 612 1443 642 1480; x_wconf 62' lang='grc' dir='ltr'><strong>ου</strong></span> <span class='ocrx_word' id='word_1_250' title='bbox 657 1443 736 1478; x_wconf 81' lang='grc' dir='ltr'>φύσει</span> <span class='ocrx_word' id='word_1_251' title='bbox 748 1442 821 1474; x_wconf 74' lang='grc' dir='ltr'>Υἰὸν,</span> <span class='ocrx_word' id='word_1_252' title='bbox 836 1442 896 1469; x_wconf 69' lang='grc' dir='ltr'>οὐδὲ</span> 
     </span>
    </p>
   </div>
   <div class='ocr_carea' id='block_1_32' title="bbox 104 1487 893 1524">
    <p class='ocr_par' dir='ltr' id='par_1_32' title="bbox 104 1487 893 1524">
     <span class='ocr_line' id='line_1_32' title="bbox 104 1487 893 1524; baseline 0.001 -10"><span class='ocrx_word' id='word_1_253' title='bbox 104 1487 186 1514; x_wconf 75' lang='grc' dir='ltr'>αὑτὸν</span> <span class='ocrx_word' id='word_1_254' title='bbox 210 1487 374 1521; x_wconf 80' lang='grc' dir='ltr'>Θεοῦ,ἁλλὰ</span> <span class='ocrx_word' id='word_1_255' title='bbox 401 1489 492 1524; x_wconf 80' lang='grc' dir='ltr'>χάριτι</span> <span class='ocrx_word' id='word_1_256' title='bbox 521 1488 699 1515; x_wconf 86' lang='grc' dir='ltr'>υἱοθετεῖσθαι</span> <span class='ocrx_word' id='word_1_257' title='bbox 727 1488 893 1523; x_wconf 79' lang='grc' dir='ltr'>δοξάζομεν·</span> 
     </span>
    </p>
   </div>
   <div class='ocr_carea' id='block_1_33' title="bbox 944 244 1734 281">
    <p class='ocr_par' dir='ltr' id='par_1_33' title="bbox 944 244 1734 281">
     <span class='ocr_line' id='line_1_33' title="bbox 944 244 1734 281; baseline 0.006 -11"><span class='ocrx_word' id='word_1_258' title='bbox 944 244 1026 276; x_wconf 84' lang='lat' dir='ltr'><strong>dona,</strong></span> <span class='ocrx_word' id='word_1_259' title='bbox 1038 252 1071 271; x_wconf 78' lang='lat' dir='ltr'><strong>ex</strong></span> <span class='ocrx_word' id='word_1_260' title='bbox 1087 245 1188 279; x_wconf 79' lang='lat' dir='ltr'><strong>quibus</strong></span> <span class='ocrx_word' id='word_1_261' title='bbox 1202 245 1365 281; x_wconf 84' lang='lat' dir='ltr'><strong>Unigenitus</strong></span> <span class='ocrx_word' id='word_1_262' title='bbox 1381 254 1396 273; x_wconf 89' lang='lat' dir='ltr'><strong>a</strong></span> <span class='ocrx_word' id='word_1_263' title='bbox 1412 247 1490 274; x_wconf 79' lang='lat' dir='ltr'><strong>Patre</strong></span> <span class='ocrx_word' id='word_1_264' title='bbox 1502 247 1595 275; x_wconf 88' lang='lat' dir='ltr'><strong>dictus</strong></span> <span class='ocrx_word' id='word_1_265' title='bbox 1609 254 1661 275; x_wconf 87' lang='lat' dir='ltr'><strong>est.</strong></span> <span class='ocrx_word' id='word_1_266' title='bbox 1672 248 1734 276; x_wconf 70' lang='grc' dir='ltr'>Ηῑιιο</span> 
     </span>
    </p>
   </div>
   <div class='ocr_carea' id='block_1_34' title="bbox 944 291 1735 325">
    <p class='ocr_par' dir='ltr' id='par_1_34' title="bbox 944 291 1735 325">
     <span class='ocr_line' id='line_1_34' title="bbox 944 291 1735 325; baseline 0.006 -9"><span class='ocrx_word' id='word_1_267' title='bbox 944 298 1009 317; x_wconf 88' lang='lat' dir='ltr'><strong>vero</strong></span> <span class='ocrx_word' id='word_1_268' title='bbox 1025 294 1100 322; x_wconf 87' lang='lat' dir='ltr'><strong>sunt,</strong></span> <span class='ocrx_word' id='word_1_269' title='bbox 1126 291 1247 325; x_wconf 89' lang='lat' dir='ltr'><strong>primum</strong></span> <span class='ocrx_word' id='word_1_270' title='bbox 1264 291 1375 325; x_wconf 82' lang='lat' dir='ltr'><strong>quidem</strong></span> <span class='ocrx_word' id='word_1_271' title='bbox 1393 300 1426 318; x_wconf 85' lang='lat' dir='ltr'><strong>ex</strong></span> <span class='ocrx_word' id='word_1_272' title='bbox 1444 293 1551 319; x_wconf 88' lang='lat' dir='ltr'><strong>cunctis</strong></span> <span class='ocrx_word' id='word_1_273' title='bbox 1575 293 1735 322; x_wconf 79' lang='lat' dir='ltr'><strong>visibilibus</strong></span> 
     </span>
    </p>
   </div>
   <div class='ocr_carea' id='block_1_35' title="bbox 943 336 1734 372">
    <p class='ocr_par' dir='ltr' id='par_1_35' title="bbox 943 336 1734 372">
     <span class='ocr_line' id='line_1_35' title="bbox 943 336 1734 372; baseline 0.005 -10"><span class='ocrx_word' id='word_1_274' title='bbox 943 340 971 363; x_wconf 88' lang='lat' dir='ltr'><strong>et</strong></span> <span class='ocrx_word' id='word_1_275' title='bbox 986 336 1175 363; x_wconf 81' lang='lat' dir='ltr'><strong>invisibiiibus</strong></span> <span class='ocrx_word' id='word_1_276' title='bbox 1197 337 1332 364; x_wconf 87' lang='lat' dir='ltr'><strong>creaturis</strong></span> <span class='ocrx_word' id='word_1_277' title='bbox 1353 343 1495 372; x_wconf 83' lang='lat' dir='ltr'><strong>separatus</strong></span> <span class='ocrx_word' id='word_1_278' title='bbox 1516 343 1544 365; x_wconf 91' lang='lat' dir='ltr'><strong>et</strong></span> <span class='ocrx_word' id='word_1_279' title='bbox 1565 339 1671 366; x_wconf 86' lang='lat' dir='ltr'><strong>eiectus</strong></span> <span class='ocrx_word' id='word_1_280' title='bbox 1692 344 1734 367; x_wconf 89' lang='lat' dir='ltr'><strong>est</strong></span> 
     </span>
    </p>
   </div>
   <div class='ocr_carea' id='block_1_36' title="bbox 944 382 1734 419">
    <p class='ocr_par' dir='ltr' id='par_1_36' title="bbox 944 382 1734 419">
     <span class='ocr_line' id='line_1_36' title="bbox 944 382 1734 419; baseline 0.005 -11"><span class='ocrx_word' id='word_1_281' title='bbox 944 382 1027 409; x_wconf 88' lang='lat' dir='ltr'><strong>simul</strong></span> <span class='ocrx_word' id='word_1_282' title='bbox 1050 390 1081 409; x_wconf 83' lang='lat' dir='ltr'><strong>ac</strong></span> <span class='ocrx_word' id='word_1_283' title='bbox 1105 382 1168 415; x_wconf 83' lang='lat' dir='ltr'><strong>fuit,</strong></span> <span class='ocrx_word' id='word_1_284' title='bbox 1181 386 1208 409; x_wconf 88' lang='lat' dir='ltr'><strong>et</strong></span> <span class='ocrx_word' id='word_1_285' title='bbox 1225 390 1285 410; x_wconf 89' lang='lat' dir='ltr'><strong>esse</strong></span> <span class='ocrx_word' id='word_1_286' title='bbox 1304 383 1390 410; x_wconf 89' lang='lat' dir='ltr'><strong>Filius</strong></span> <span class='ocrx_word' id='word_1_287' title='bbox 1407 384 1491 418; x_wconf 85' lang='lat' dir='ltr'><strong>gratia</strong></span> <span class='ocrx_word' id='word_1_288' title='bbox 1506 384 1606 419; x_wconf 88' lang='lat' dir='ltr'><strong>dignus</strong></span> <span class='ocrx_word' id='word_1_289' title='bbox 1621 385 1734 413; x_wconf 87' lang='lat' dir='ltr'><strong>habitus</strong></span> 
     </span>
    </p>
   </div>
   <div class='ocr_carea' id='block_1_37' title="bbox 944 428 1732 465">
    <p class='ocr_par' dir='ltr' id='par_1_37' title="bbox 944 428 1732 465">
     <span class='ocr_line' id='line_1_37' title="bbox 944 428 1732 465; baseline 0.006 -11"><span class='ocrx_word' id='word_1_290' title='bbox 944 431 1005 455; x_wconf 90' lang='lat' dir='ltr'><strong>est:</strong></span> <span class='ocrx_word' id='word_1_291' title='bbox 1024 428 1140 462; x_wconf 85' lang='lat' dir='ltr'><strong>perinde</strong></span> <span class='ocrx_word' id='word_1_292' title='bbox 1155 436 1186 455; x_wconf 84' lang='lat' dir='ltr'><strong>ac</strong></span> <span class='ocrx_word' id='word_1_293' title='bbox 1206 429 1229 456; x_wconf 91' lang='lat' dir='ltr'><strong>si</strong></span> <span class='ocrx_word' id='word_1_294' title='bbox 1249 428 1323 455; x_wconf 91' lang='lat' dir='ltr'><strong>ﬁlius</strong></span> <span class='ocrx_word' id='word_1_295' title='bbox 1338 429 1410 464; x_wconf 85' lang='lat' dir='ltr'><strong>regis</strong></span> <span class='ocrx_word' id='word_1_296' title='bbox 1424 429 1452 456; x_wconf 90' lang='lat' dir='ltr'><strong>in</strong></span> <span class='ocrx_word' id='word_1_297' title='bbox 1467 437 1591 464; x_wconf 75' lang='lat' dir='ltr'><strong>purpura</strong></span> <span class='ocrx_word' id='word_1_298' title='bbox 1610 431 1732 465; x_wconf 84' lang='lat' dir='ltr'><strong>genitus,</strong></span> 
     </span>
    </p>
   </div>
   <div class='ocr_carea' id='block_1_38' title="bbox 945 475 1734 510">
    <p class='ocr_par' dir='ltr' id='par_1_38' title="bbox 945 475 1734 510">
     <span class='ocr_line' id='line_1_38' title="bbox 945 475 1734 510; baseline 0.005 -9"><span class='ocrx_word' id='word_1_299' title='bbox 945 479 992 501; x_wconf 88' lang='lat' dir='ltr'><strong>aut</strong></span> <span class='ocrx_word' id='word_1_300' title='bbox 1007 475 1098 502; x_wconf 89' lang='lat' dir='ltr'><strong>adhuc</strong></span> <span class='ocrx_word' id='word_1_301' title='bbox 1120 475 1149 502; x_wconf 89' lang='lat' dir='ltr'><strong>in</strong></span> <span class='ocrx_word' id='word_1_302' title='bbox 1170 479 1266 502; x_wconf 77' lang='lat' dir='ltr'><strong>ventre</strong></span> <span class='ocrx_word' id='word_1_303' title='bbox 1287 475 1384 502; x_wconf 85' lang='lat' dir='ltr'><strong>matris</strong></span> <span class='ocrx_word' id='word_1_304' title='bbox 1402 481 1561 508; x_wconf 83' lang='lat' dir='ltr'><strong>coronatus,</strong></span> <span class='ocrx_word' id='word_1_305' title='bbox 1579 478 1734 510; x_wconf 56' lang='lat' dir='ltr'><strong>praecincta</strong></span> 
     </span>
    </p>
   </div>
   <div class='ocr_carea' id='block_1_39' title="bbox 946 521 1734 556">
    <p class='ocr_par' dir='ltr' id='par_1_39' title="bbox 946 521 1734 556">
     <span class='ocr_line' id='line_1_39' title="bbox 946 521 1734 556; baseline 0.005 -9"><span class='ocrx_word' id='word_1_306' title='bbox 946 521 1043 548; x_wconf 84' lang='lat' dir='ltr'><strong>matris</strong></span> <span class='ocrx_word' id='word_1_307' title='bbox 1055 528 1185 548; x_wconf 77' lang='lat' dir='ltr'><strong>coronam</strong></span> <span class='ocrx_word' id='word_1_308' title='bbox 1200 521 1348 556; x_wconf 79' lang='lat' dir='ltr'><strong>acciperet,</strong></span> <span class='ocrx_word' id='word_1_309' title='bbox 1362 521 1436 556; x_wconf 88' lang='lat' dir='ltr'><strong>quod</strong></span> <span class='ocrx_word' id='word_1_310' title='bbox 1453 521 1483 548; x_wconf 92' lang='lat' dir='ltr'><strong>ﬁt</strong></span> <span class='ocrx_word' id='word_1_311' title='bbox 1499 529 1580 556; x_wconf 76' lang='lat' dir='ltr'><strong>saepe.</strong></span> <span class='ocrx_word' id='word_1_312' title='bbox 1590 523 1628 549; x_wconf 89' lang='lat' dir='ltr'><strong>Ita</strong></span> <span class='ocrx_word' id='word_1_313' title='bbox 1638 525 1734 551; x_wconf 84' lang='lat' dir='ltr'><strong>unitus</strong></span> 
     </span>
    </p>
   </div>
   <div class='ocr_carea' id='block_1_40' title="bbox 945 568 1734 603">
    <p class='ocr_par' dir='ltr' id='par_1_40' title="bbox 945 568 1734 603">
     <span class='ocr_line' id='line_1_40' title="bbox 945 568 1734 603; baseline 0.003 -8"><span class='ocrx_word' id='word_1_314' title='bbox 945 573 988 595; x_wconf 87' lang='lat' dir='ltr'><strong>est</strong></span> <span class='ocrx_word' id='word_1_315' title='bbox 1002 569 1058 596; x_wconf 88' lang='lat' dir='ltr'><strong>Deo</strong></span> <span class='ocrx_word' id='word_1_316' title='bbox 1071 569 1163 596; x_wconf 80' lang='lat' dir='ltr'><strong>Verbo</strong></span> <span class='ocrx_word' id='word_1_317' title='bbox 1187 577 1201 595; x_wconf 91' lang='lat' dir='ltr'><strong>a</strong></span> <span class='ocrx_word' id='word_1_318' title='bbox 1224 569 1311 603; x_wconf 89' lang='lat' dir='ltr'><strong>prima</strong></span> <span class='ocrx_word' id='word_1_319' title='bbox 1326 568 1414 603; x_wconf 82' lang='lat' dir='ltr'><strong>ipsius</strong></span> <span class='ocrx_word' id='word_1_320' title='bbox 1438 568 1590 600; x_wconf 78' lang='lat' dir='ltr'><strong>creatione,</strong></span> <span class='ocrx_word' id='word_1_321' title='bbox 1605 574 1633 596; x_wconf 88' lang='lat' dir='ltr'><strong>et</strong></span> <span class='ocrx_word' id='word_1_322' title='bbox 1648 570 1734 598; x_wconf 82' lang='lat' dir='ltr'><strong>Filius</strong></span> 
     </span>
    </p>
   </div>
   <div class='ocr_carea' id='block_1_41' title="bbox 945 615 1732 650">
    <p class='ocr_par' dir='ltr' id='par_1_41' title="bbox 945 615 1732 650">
     <span class='ocr_line' id='line_1_41' title="bbox 945 615 1732 650; baseline 0 -8"><span class='ocrx_word' id='word_1_323' title='bbox 945 615 1100 650; x_wconf 86' lang='lat' dir='ltr'><strong>appellatus</strong></span> <span class='ocrx_word' id='word_1_324' title='bbox 1115 619 1157 642; x_wconf 85' lang='lat' dir='ltr'><strong>cst</strong></span> <span class='ocrx_word' id='word_1_325' title='bbox 1175 623 1230 641; x_wconf 90' lang='lat' dir='ltr'><strong>non</strong></span> <span class='ocrx_word' id='word_1_326' title='bbox 1250 618 1363 649; x_wconf 76' lang='lat' dir='ltr'><strong>propter</strong></span> <span class='ocrx_word' id='word_1_327' title='bbox 1380 615 1532 642; x_wconf 88' lang='lat' dir='ltr'><strong>secttndum</strong></span> <span class='ocrx_word' id='word_1_328' title='bbox 1546 622 1597 642; x_wconf 84' lang='lat' dir='ltr'><strong>nos</strong></span> <span class='ocrx_word' id='word_1_329' title='bbox 1613 616 1732 642; x_wconf 85' lang='lat' dir='ltr'><strong>ﬁliorum</strong></span> 
     </span>
    </p>
   </div>
   <div class='ocr_carea' id='block_1_42' title="bbox 946 658 1732 692">
    <p class='ocr_par' dir='ltr' id='par_1_42' title="bbox 946 658 1732 692">
     <span class='ocr_line' id='line_1_42' title="bbox 946 658 1732 692; baseline 0.003 -8"><span class='ocrx_word' id='word_1_330' title='bbox 946 658 1134 692; x_wconf 72' lang='lat' dir='ltr'><strong>adoptionem,</strong></span> <span class='ocrx_word' id='word_1_331' title='bbox 1157 658 1204 685; x_wconf 88' lang='lat' dir='ltr'><strong>sed</strong></span> <span class='ocrx_word' id='word_1_332' title='bbox 1223 663 1252 685; x_wconf 89' lang='lat' dir='ltr'><strong>ut</strong></span> <span class='ocrx_word' id='word_1_333' title='bbox 1269 658 1360 686; x_wconf 85' lang='lat' dir='ltr'><strong>Verbo</strong></span> <span class='ocrx_word' id='word_1_334' title='bbox 1378 659 1473 686; x_wconf 82' lang='lat' dir='ltr'><strong>unitus</strong></span> <span class='ocrx_word' id='word_1_335' title='bbox 1496 659 1529 685; x_wconf 86' lang='lat' dir='ltr'><strong>ad</strong></span> <span class='ocrx_word' id='word_1_336' title='bbox 1547 659 1621 686; x_wconf 90' lang='lat' dir='ltr'><strong>illius</strong></span> <span class='ocrx_word' id='word_1_337' title='bbox 1645 661 1732 686; x_wconf 83' lang='lat' dir='ltr'><strong>mani--</strong></span> 
     </span>
    </p>
   </div>
   <div class='ocr_carea' id='block_1_43' title="bbox 947 704 1733 740">
    <p class='ocr_par' dir='ltr' id='par_1_43' title="bbox 947 704 1733 740">
     <span class='ocr_line' id='line_1_43' title="bbox 947 704 1733 740; baseline 0.003 -10"><span class='ocrx_word' id='word_1_338' title='bbox 947 704 1136 731; x_wconf 73' lang='lat' dir='ltr'><strong>testationem:</strong></span> <span class='ocrx_word' id='word_1_339' title='bbox 1163 708 1191 731; x_wconf 91' lang='lat' dir='ltr'><strong>et</strong></span> <span class='ocrx_word' id='word_1_340' title='bbox 1217 705 1291 732; x_wconf 89' lang='lat' dir='ltr'><strong>illius</strong></span> <span class='ocrx_word' id='word_1_341' title='bbox 1319 712 1464 739; x_wconf 84' lang='lat' dir='ltr'><strong>personam</strong></span> <span class='ocrx_word' id='word_1_342' title='bbox 1487 706 1620 737; x_wconf 85' lang='lat' dir='ltr'><strong>retinens,</strong></span> <span class='ocrx_word' id='word_1_343' title='bbox 1647 705 1733 740; x_wconf 82' lang='lat' dir='ltr'><strong>ipsius</strong></span> 
     </span>
    </p>
   </div>
   <div class='ocr_carea' id='block_1_44' title="bbox 947 750 1731 786">
    <p class='ocr_par' dir='ltr' id='par_1_44' title="bbox 947 750 1731 786">
     <span class='ocr_line' id='line_1_44' title="bbox 947 750 1731 786; baseline 0.001 -10"><span class='ocrx_word' id='word_1_344' title='bbox 947 750 1092 782; x_wconf 81' lang='lat' dir='ltr'><strong>honorem,</strong></span> <span class='ocrx_word' id='word_1_345' title='bbox 1109 751 1198 785; x_wconf 85' lang='lat' dir='ltr'><strong>ipsius</strong></span> <span class='ocrx_word' id='word_1_346' title='bbox 1209 751 1323 786; x_wconf 77' lang='lat' dir='ltr'><strong>gloriam</strong></span> <span class='ocrx_word' id='word_1_347' title='bbox 1339 759 1395 786; x_wconf 73' lang='lat' dir='ltr'><strong>pne</strong></span> <span class='ocrx_word' id='word_1_348' title='bbox 1411 759 1440 779; x_wconf 87' lang='lat' dir='ltr'><strong>se</strong></span> <span class='ocrx_word' id='word_1_349' title='bbox 1460 751 1612 778; x_wconf 77' lang='lat' dir='ltr'><strong>ferensz‘et</strong></span> <span class='ocrx_word' id='word_1_350' title='bbox 1631 761 1640 777; x_wconf 83' lang='grc'>‹</span> <span class='ocrx_word' id='word_1_351' title='bbox 1661 751 1731 778; x_wconf 90' lang='lat' dir='ltr'><strong>Con-</strong></span> 
     </span>
    </p>
   </div>
   <div class='ocr_carea' id='block_1_45' title="bbox 947 795 1733 831">
    <p class='ocr_par' dir='ltr' id='par_1_45' title="bbox 947 795 1733 831">
     <span class='ocr_line' id='line_1_45' title="bbox 947 795 1733 831; baseline 0.003 -9"><span class='ocrx_word' id='word_1_352' title='bbox 947 795 1037 823; x_wconf 89' lang='lat' dir='ltr'><strong>stituit</strong></span> <span class='ocrx_word' id='word_1_353' title='bbox 1051 796 1084 823; x_wconf 86' lang='lat' dir='ltr'><strong>ad</strong></span> <span class='ocrx_word' id='word_1_354' title='bbox 1092 795 1232 823; x_wconf 81' lang='lat' dir='ltr'><strong>dexteram</strong></span> <span class='ocrx_word' id='word_1_355' title='bbox 1244 796 1305 830; x_wconf 89' lang='lat' dir='ltr'><strong>Dei,</strong></span> <span class='ocrx_word' id='word_1_356' title='bbox 1320 797 1348 823; x_wconf 94' lang='lat' dir='ltr'><strong>in</strong></span> <span class='ocrx_word' id='word_1_357' title='bbox 1361 797 1522 824; x_wconf 76' lang='lat' dir='ltr'><strong>cmiestibus</strong></span> <span class='ocrx_word' id='word_1_358' title='bbox 1534 805 1615 831; x_wconf 81' lang='lat' dir='ltr'><strong>supra</strong></span> <span class='ocrx_word' id='word_1_359' title='bbox 1623 804 1733 824; x_wconf 87' lang='lat' dir='ltr'><strong>omnem</strong></span> 
     </span>
    </p>
   </div>
   <div class='ocr_carea' id='block_1_46' title="bbox 947 842 1733 878">
    <p class='ocr_par' dir='ltr' id='par_1_46' title="bbox 947 842 1733 878">
     <span class='ocr_line' id='line_1_46' title="bbox 947 842 1733 878; baseline 0.003 -10"><span class='ocrx_word' id='word_1_360' title='bbox 947 842 1133 877; x_wconf 89' lang='lat' dir='ltr'><strong>principatum</strong></span> <span class='ocrx_word' id='word_1_361' title='bbox 1143 847 1171 870; x_wconf 89' lang='lat' dir='ltr'><strong>et</strong></span> <span class='ocrx_word' id='word_1_362' title='bbox 1182 843 1398 870; x_wconf 87' lang='lat' dir='ltr'><strong>dominationem</strong></span> <span class='ocrx_word' id='word_1_363' title='bbox 1407 848 1434 870; x_wconf 88' lang='lat' dir='ltr'><strong>et</strong></span> <span class='ocrx_word' id='word_1_364' title='bbox 1446 848 1621 878; x_wconf 87' lang='lat' dir='ltr'><strong>potestatem,</strong></span> <span class='ocrx_word' id='word_1_365' title='bbox 1631 851 1733 871; x_wconf 82' lang='lat' dir='ltr'><strong>nomen</strong></span> 
     </span>
    </p>
   </div>
   <div class='ocr_carea' id='block_1_47' title="bbox 946 888 1733 924">
    <p class='ocr_par' dir='ltr' id='par_1_47' title="bbox 946 888 1733 924">
     <span class='ocr_line' id='line_1_47' title="bbox 946 888 1733 924; baseline 0.001 -9"><span class='ocrx_word' id='word_1_366' title='bbox 946 888 1052 916; x_wconf 83' lang='lat' dir='ltr'><strong>habens</strong></span> <span class='ocrx_word' id='word_1_367' title='bbox 1066 889 1154 924; x_wconf 81' lang='lat' dir='ltr'><strong>majus</strong></span> <span class='ocrx_word' id='word_1_368' title='bbox 1174 889 1249 916; x_wconf 85' lang='lat' dir='ltr'><strong>omni</strong></span> <span class='ocrx_word' id='word_1_369' title='bbox 1276 890 1387 916; x_wconf 87' lang='lat' dir='ltr'><strong>nomine</strong></span> <span class='ocrx_word' id='word_1_370' title='bbox 1403 890 1476 924; x_wconf 88' lang='lat' dir='ltr'><strong>quod</strong></span> <span class='ocrx_word' id='word_1_371' title='bbox 1492 890 1661 922; x_wconf 88' lang='lat' dir='ltr'><strong>nominatur,</strong></span> <span class='ocrx_word' id='word_1_372' title='bbox 1677 898 1733 917; x_wconf 83' lang='lat' dir='ltr'><strong>non</strong></span> 
     </span>
    </p>
   </div>
   <div class='ocr_carea' id='block_1_48' title="bbox 946 934 1733 967">
    <p class='ocr_par' dir='ltr' id='par_1_48' title="bbox 946 934 1733 967">
     <span class='ocr_line' id='line_1_48' title="bbox 946 934 1733 967; baseline 0.001 -6"><span class='ocrx_word' id='word_1_373' title='bbox 946 935 1034 961; x_wconf 87' lang='lat' dir='ltr'><strong>solum</strong></span> <span class='ocrx_word' id='word_1_374' title='bbox 1057 934 1085 961; x_wconf 90' lang='lat' dir='ltr'><strong>in</strong></span> <span class='ocrx_word' id='word_1_375' title='bbox 1107 935 1161 962; x_wconf 90' lang='lat' dir='ltr'><strong>hoc</strong></span> <span class='ocrx_word' id='word_1_376' title='bbox 1181 935 1291 967; x_wconf 50' lang='lat' dir='ltr'><strong>sacculo,</strong></span> <span class='ocrx_word' id='word_1_377' title='bbox 1305 936 1354 962; x_wconf 85' lang='lat' dir='ltr'><strong>sed</strong></span> <span class='ocrx_word' id='word_1_378' title='bbox 1369 936 1451 962; x_wconf 90' lang='lat' dir='ltr'><strong>etiam</strong></span> <span class='ocrx_word' id='word_1_379' title='bbox 1468 935 1495 962; x_wconf 93' lang='lat' dir='ltr'><strong>in</strong></span> <span class='ocrx_word' id='word_1_380' title='bbox 1511 936 1604 962; x_wconf 82' lang='lat' dir='ltr'><strong>futuro</strong></span> <span class='ocrx_word' id='word_1_381' title='bbox 1614 936 1650 961; x_wconf 81' lang='lat'><strong>&quot;:</strong></span> <span class='ocrx_word' id='word_1_382' title='bbox 1671 946 1680 962; x_wconf 75' lang='grc' dir='ltr'><strong>ι</strong></span> <span class='ocrx_word' id='word_1_383' title='bbox 1696 935 1733 962; x_wconf 85' lang='lat' dir='ltr'><strong>ita</strong></span> 
     </span>
    </p>
   </div>
   <div class='ocr_carea' id='block_1_49' title="bbox 950 980 1735 1016">
    <p class='ocr_par' dir='ltr' id='par_1_49' title="bbox 950 980 1735 1016">
     <span class='ocr_line' id='line_1_49' title="bbox 950 980 1735 1016; baseline 0.001 -9"><span class='ocrx_word' id='word_1_384' title='bbox 950 992 958 1006; x_wconf 74' lang='grc' dir='ltr'>σ</span> <span class='ocrx_word' id='word_1_385' title='bbox 980 985 1010 1008; x_wconf 81' lang='grc' dir='ltr'><strong>ιιι</strong></span> <span class='ocrx_word' id='word_1_386' title='bbox 1034 981 1062 1008; x_wconf 92' lang='lat' dir='ltr'><strong>in</strong></span> <span class='ocrx_word' id='word_1_387' title='bbox 1081 981 1193 1007; x_wconf 87' lang='lat' dir='ltr'><strong>nomine</strong></span> <span class='ocrx_word' id='word_1_388' title='bbox 1209 980 1272 1008; x_wconf 88' lang='lat' dir='ltr'><strong>Jesu</strong></span> <span class='ocrx_word' id='word_1_389' title='bbox 1290 988 1372 1008; x_wconf 82' lang='lat' dir='ltr'><strong>omne</strong></span> <span class='ocrx_word' id='word_1_390' title='bbox 1404 989 1476 1016; x_wconf 77' lang='lat' dir='ltr'><strong>genu</strong></span> <span class='ocrx_word' id='word_1_391' title='bbox 1499 981 1626 1008; x_wconf 84' lang='lat' dir='ltr'><strong>ﬂectatur</strong></span> <span class='ocrx_word' id='word_1_392' title='bbox 1648 985 1735 1008; x_wconf 88' lang='lat' dir='ltr'><strong>terre-</strong></span> 
     </span>
    </p>
   </div>
   <div class='ocr_carea' id='block_1_50' title="bbox 946 1027 1734 1059">
    <p class='ocr_par' dir='ltr' id='par_1_50' title="bbox 946 1027 1734 1059">
     <span class='ocr_line' id='line_1_50' title="bbox 946 1027 1734 1059; baseline -0.001 -5"><span class='ocrx_word' id='word_1_393' title='bbox 946 1027 1056 1059; x_wconf 88' lang='lat' dir='ltr'><strong>strium,</strong></span> <span class='ocrx_word' id='word_1_394' title='bbox 1078 1027 1231 1054; x_wconf 87' lang='lat' dir='ltr'><strong>ccciestium</strong></span> <span class='ocrx_word' id='word_1_395' title='bbox 1243 1032 1270 1054; x_wconf 89' lang='lat' dir='ltr'><strong>et</strong></span> <span class='ocrx_word' id='word_1_396' title='bbox 1281 1027 1453 1054; x_wconf 89' lang='lat' dir='ltr'><strong>infernorum</strong></span> <span class='ocrx_word' id='word_1_397' title='bbox 1464 1027 1503 1054; x_wconf 75' lang='lat'><strong>“2</strong></span> <span class='ocrx_word' id='word_1_398' title='bbox 1522 1037 1530 1053; x_wconf 84' lang='grc' dir='ltr'><strong>ι</strong></span> <span class='ocrx_word' id='word_1_399' title='bbox 1556 1028 1646 1054; x_wconf 82' lang='lat' dir='ltr'><strong>omnia</strong></span> <span class='ocrx_word' id='word_1_400' title='bbox 1660 1028 1734 1054; x_wconf 86' lang='lat' dir='ltr'><strong>enim</strong></span> 
     </span>
    </p>
   </div>
   <div class='ocr_carea' id='block_1_51' title="bbox 946 1072 1735 1108">
    <p class='ocr_par' dir='ltr' id='par_1_51' title="bbox 946 1072 1735 1108">
     <span class='ocr_line' id='line_1_51' title="bbox 946 1072 1735 1108; baseline 0 -9"><span class='ocrx_word' id='word_1_401' title='bbox 946 1072 1110 1107; x_wconf 85' lang='lat' dir='ltr'><strong>simpliciter</strong></span> <span class='ocrx_word' id='word_1_402' title='bbox 1134 1073 1252 1108; x_wconf 85' lang='lat' dir='ltr'><strong>subjecit</strong></span> <span class='ocrx_word' id='word_1_403' title='bbox 1278 1073 1329 1100; x_wconf 90' lang='lat' dir='ltr'><strong>sub</strong></span> <span class='ocrx_word' id='word_1_404' title='bbox 1359 1073 1478 1108; x_wconf 82' lang='lat' dir='ltr'><strong>pedibus</strong></span> <span class='ocrx_word' id='word_1_405' title='bbox 1498 1073 1558 1108; x_wconf 89' lang='lat' dir='ltr'><strong>ejus</strong></span> <span class='ocrx_word' id='word_1_406' title='bbox 1570 1073 1610 1099; x_wconf 86' lang='lat'><strong>&quot;:</strong></span> <span class='ocrx_word' id='word_1_407' title='bbox 1636 1078 1664 1100; x_wconf 84' lang='lat' dir='ltr'><strong>et</strong></span> <span class='ocrx_word' id='word_1_408' title='bbox 1686 1081 1735 1107; x_wconf 90' lang='lat' dir='ltr'><strong>per</strong></span> 
     </span>
    </p>
   </div>
   <div class='ocr_carea' id='block_1_52' title="bbox 947 1118 1735 1157">
    <p class='ocr_par' dir='ltr' id='par_1_52' title="bbox 947 1118 1735 1157">
     <span class='ocr_line' id='line_1_52' title="bbox 947 1118 1735 1157; baseline -0.001 -12"><span class='ocrx_word' id='word_1_409' title='bbox 947 1118 1038 1153; x_wconf 92' lang='lat' dir='ltr'><strong>ipsum</strong></span> <span class='ocrx_word' id='word_1_410' title='bbox 1056 1118 1151 1146; x_wconf 80' lang='lat' dir='ltr'><strong>divino</strong></span> <span class='ocrx_word' id='word_1_411' title='bbox 1160 1119 1263 1151; x_wconf 78' lang='lat' dir='ltr'><strong>Verbo,</strong></span> <span class='ocrx_word' id='word_1_412' title='bbox 1276 1119 1356 1153; x_wconf 77' lang='lat' dir='ltr'><strong>cujus</strong></span> <span class='ocrx_word' id='word_1_413' title='bbox 1367 1126 1513 1153; x_wconf 84' lang='lat' dir='ltr'><strong>personam</strong></span> <span class='ocrx_word' id='word_1_414' title='bbox 1529 1120 1631 1157; x_wconf 76' lang='lat' dir='ltr'><strong>retinet</strong></span> <span class='ocrx_word' id='word_1_415' title='bbox 1643 1122 1671 1145; x_wconf 87' lang='lat' dir='ltr'><strong>et</strong></span> <span class='ocrx_word' id='word_1_416' title='bbox 1686 1125 1735 1152; x_wconf 91' lang='lat' dir='ltr'><strong>per</strong></span> 
     </span>
    </p>
   </div>
   <div class='ocr_carea' id='block_1_53' title="bbox 946 1164 1734 1200">
    <p class='ocr_par' dir='ltr' id='par_1_53' title="bbox 946 1164 1734 1200">
     <span class='ocr_line' id='line_1_53' title="bbox 946 1164 1734 1200; baseline 0 -9"><span class='ocrx_word' id='word_1_417' title='bbox 946 1164 1030 1191; x_wconf 91' lang='lat' dir='ltr'><strong>istum</strong></span> <span class='ocrx_word' id='word_1_418' title='bbox 1054 1165 1128 1192; x_wconf 86' lang='lat' dir='ltr'><strong>Patri</strong></span> <span class='ocrx_word' id='word_1_419' title='bbox 1156 1165 1190 1192; x_wconf 89' lang='lat' dir='ltr'><strong>ab</strong></span> <span class='ocrx_word' id='word_1_420' title='bbox 1218 1165 1278 1200; x_wconf 90' lang='lat' dir='ltr'><strong>ipso</strong></span> <span class='ocrx_word' id='word_1_421' title='bbox 1304 1165 1482 1200; x_wconf 84' lang='lat' dir='ltr'><strong>inseparabiii</strong></span> <span class='ocrx_word' id='word_1_422' title='bbox 1507 1165 1587 1192; x_wconf 88' lang='lat' dir='ltr'><strong>simul</strong></span> <span class='ocrx_word' id='word_1_423' title='bbox 1618 1168 1644 1192; x_wconf 93' lang='lat' dir='ltr'><strong>et</strong></span> <span class='ocrx_word' id='word_1_424' title='bbox 1672 1173 1734 1191; x_wconf 92' lang='lat' dir='ltr'><strong>eum</strong></span> 
     </span>
    </p>
   </div>
   <div class='ocr_carea' id='block_1_54' title="bbox 946 1211 1736 1247">
    <p class='ocr_par' dir='ltr' id='par_1_54' title="bbox 946 1211 1736 1247">
     <span class='ocr_line' id='line_1_54' title="bbox 946 1211 1736 1247; baseline -0.001 -9"><span class='ocrx_word' id='word_1_425' title='bbox 946 1211 1051 1246; x_wconf 88' lang='lat' dir='ltr'><strong>Spiritu</strong></span> <span class='ocrx_word' id='word_1_426' title='bbox 1068 1215 1163 1239; x_wconf 91' lang='lat' dir='ltr'><strong>sancto</strong></span> <span class='ocrx_word' id='word_1_427' title='bbox 1175 1211 1336 1247; x_wconf 88' lang='lat' dir='ltr'><strong>participat:</strong></span> <span class='ocrx_word' id='word_1_428' title='bbox 1349 1216 1376 1239; x_wconf 88' lang='lat' dir='ltr'><strong>et</strong></span> <span class='ocrx_word' id='word_1_429' title='bbox 1392 1212 1428 1239; x_wconf 88' lang='lat' dir='ltr'><strong>ita</strong></span> <span class='ocrx_word' id='word_1_430' title='bbox 1445 1211 1582 1247; x_wconf 81' lang='lat' dir='ltr'><strong>mediator</strong></span> <span class='ocrx_word' id='word_1_431' title='bbox 1593 1216 1634 1239; x_wconf 86' lang='lat' dir='ltr'><strong>est</strong></span> <span class='ocrx_word' id='word_1_432' title='bbox 1647 1211 1694 1238; x_wconf 88' lang='lat' dir='ltr'><strong>Dei</strong></span> <span class='ocrx_word' id='word_1_433' title='bbox 1708 1215 1736 1238; x_wconf 89' lang='lat' dir='ltr'><strong>ct</strong></span> 
     </span>
    </p>
   </div>
   <div class='ocr_carea' id='block_1_55' title="bbox 946 1258 1735 1294">
    <p class='ocr_par' dir='ltr' id='par_1_55' title="bbox 946 1258 1735 1294">
     <span class='ocr_line' id='line_1_55' title="bbox 946 1258 1735 1294; baseline 0 -10"><span class='ocrx_word' id='word_1_434' title='bbox 946 1258 1140 1294; x_wconf 68' lang='lat' dir='ltr'><strong>hominum&quot;:</strong></span> <span class='ocrx_word' id='word_1_435' title='bbox 1167 1258 1236 1286; x_wconf 90' lang='lat' dir='ltr'><strong>nihil</strong></span> <span class='ocrx_word' id='word_1_436' title='bbox 1261 1264 1353 1286; x_wconf 88' lang='lat' dir='ltr'><strong>autem</strong></span> <span class='ocrx_word' id='word_1_437' title='bbox 1385 1258 1502 1293; x_wconf 88' lang='lat' dir='ltr'><strong>amplius</strong></span> <span class='ocrx_word' id='word_1_438' title='bbox 1532 1258 1584 1293; x_wconf 87' lang='lat' dir='ltr'><strong>ipsi</strong></span> <span class='ocrx_word' id='word_1_439' title='bbox 1614 1265 1735 1292; x_wconf 90' lang='lat' dir='ltr'><strong>unquam</strong></span> 
     </span>
    </p>
   </div>
   <div class='ocr_carea' id='block_1_56' title="bbox 946 1304 1736 1340">
    <p class='ocr_par' dir='ltr' id='par_1_56' title="bbox 946 1304 1736 1340">
     <span class='ocr_line' id='line_1_56' title="bbox 946 1304 1736 1340; baseline -0.001 -9"><span class='ocrx_word' id='word_1_440' title='bbox 946 1304 1111 1339; x_wconf 59' lang='lat' dir='ltr'><strong>praebebunt</strong></span> <span class='ocrx_word' id='word_1_441' title='bbox 1139 1304 1186 1339; x_wconf 91' lang='lat' dir='ltr'><strong>qui</strong></span> <span class='ocrx_word' id='word_1_442' title='bbox 1215 1309 1341 1332; x_wconf 85' lang='lat' dir='ltr'><strong>asserunt</strong></span> <span class='ocrx_word' id='word_1_443' title='bbox 1373 1304 1572 1340; x_wconf 87' lang='lat' dir='ltr'><strong>compositione</strong></span> <span class='ocrx_word' id='word_1_444' title='bbox 1596 1304 1679 1332; x_wconf 81' lang='lat' dir='ltr'><strong>Verbi</strong></span> <span class='ocrx_word' id='word_1_445' title='bbox 1708 1308 1736 1330; x_wconf 90' lang='lat' dir='ltr'><strong>et</strong></span> 
     </span>
    </p>
   </div>
   <div class='ocr_carea' id='block_1_57' title="bbox 946 1349 1736 1377">
    <p class='ocr_par' dir='ltr' id='par_1_57' title="bbox 946 1349 1736 1377">
     <span class='ocr_line' id='line_1_57' title="bbox 946 1349 1736 1377; baseline 0.001 -1"><span class='ocrx_word' id='word_1_446' title='bbox 946 1349 1071 1377; x_wconf 85' lang='lat' dir='ltr'><strong>hominis</strong></span> <span class='ocrx_word' id='word_1_447' title='bbox 1098 1350 1238 1377; x_wconf 84' lang='lat' dir='ltr'><strong>Christum</strong></span> <span class='ocrx_word' id='word_1_448' title='bbox 1268 1350 1442 1377; x_wconf 86' lang='lat' dir='ltr'><strong>substitisse:</strong></span> <span class='ocrx_word' id='word_1_449' title='bbox 1468 1351 1491 1377; x_wconf 88' lang='lat' dir='ltr'><strong>si</strong></span> <span class='ocrx_word' id='word_1_450' title='bbox 1525 1358 1592 1377; x_wconf 79' lang='lat' dir='ltr'><strong>vero</strong></span> <span class='ocrx_word' id='word_1_451' title='bbox 1621 1350 1736 1377; x_wconf 80' lang='lat' dir='ltr'><strong>istarum</strong></span> 
     </span>
    </p>
   </div>
   <div class='ocr_carea' id='block_1_58' title="bbox 947 1395 1737 1431">
    <p class='ocr_par' dir='ltr' id='par_1_58' title="bbox 947 1395 1737 1431">
     <span class='ocr_line' id='line_1_58' title="bbox 947 1395 1737 1431; baseline 0.001 -9"><span class='ocrx_word' id='word_1_452' title='bbox 947 1395 1067 1422; x_wconf 89' lang='lat' dir='ltr'><strong>ﬁliorum</strong></span> <span class='ocrx_word' id='word_1_453' title='bbox 1087 1396 1268 1430; x_wconf 84' lang='lat' dir='ltr'><strong>adoptionum</strong></span> <span class='ocrx_word' id='word_1_454' title='bbox 1284 1396 1342 1423; x_wconf 86' lang='lat' dir='ltr'><strong>ﬁeri</strong></span> <span class='ocrx_word' id='word_1_455' title='bbox 1356 1396 1451 1431; x_wconf 86' lang='lat' dir='ltr'><strong>nequit</strong></span> <span class='ocrx_word' id='word_1_456' title='bbox 1474 1397 1653 1431; x_wconf 81' lang='lat' dir='ltr'><strong>comparatio,</strong></span> <span class='ocrx_word' id='word_1_457' title='bbox 1668 1404 1737 1431; x_wconf 86' lang='lat' dir='ltr'><strong>quo-</strong></span> 
     </span>
    </p>
   </div>
   <div class='ocr_carea' id='block_1_59' title="bbox 946 1440 1738 1476">
    <p class='ocr_par' dir='ltr' id='par_1_59' title="bbox 946 1440 1738 1476">
     <span class='ocr_line' id='line_1_59' title="bbox 946 1440 1738 1476; baseline 0.001 -8"><span class='ocrx_word' id='word_1_458' title='bbox 946 1440 1031 1468; x_wconf 91' lang='lat' dir='ltr'><strong>modo</strong></span> <span class='ocrx_word' id='word_1_459' title='bbox 1048 1441 1145 1468; x_wconf 92' lang='lat' dir='ltr'><strong>dicunt</strong></span> <span class='ocrx_word' id='word_1_460' title='bbox 1160 1449 1211 1468; x_wconf 92' lang='lat' dir='ltr'><strong>nos</strong></span> <span class='ocrx_word' id='word_1_461' title='bbox 1226 1441 1321 1469; x_wconf 87' lang='lat' dir='ltr'><strong>dicere</strong></span> <span class='ocrx_word' id='word_1_462' title='bbox 1347 1442 1408 1476; x_wconf 86' lang='lat' dir='ltr'><strong>pari</strong></span> <span class='ocrx_word' id='word_1_463' title='bbox 1434 1441 1539 1469; x_wconf 86' lang='lat' dir='ltr'><strong>honore</strong></span> <span class='ocrx_word' id='word_1_464' title='bbox 1561 1450 1593 1469; x_wconf 79' lang='lat' dir='ltr'><strong>ac</strong></span> <span class='ocrx_word' id='word_1_465' title='bbox 1612 1450 1661 1469; x_wconf 80' lang='lat' dir='ltr'><strong>nos</strong></span> <span class='ocrx_word' id='word_1_466' title='bbox 1676 1449 1738 1470; x_wconf 76' lang='lat' dir='ltr'><strong>esse</strong></span> 
     </span>
    </p>
   </div>
   <div class='ocr_carea' id='block_1_60' title="bbox 946 1486 1737 1524">
    <p class='ocr_par' dir='ltr' id='par_1_60' title="bbox 946 1486 1737 1524">
     <span class='ocr_line' id='line_1_60' title="bbox 946 1486 1737 1524; baseline 0.001 -10"><span class='ocrx_word' id='word_1_467' title='bbox 946 1486 1109 1515; x_wconf 84' lang='lat' dir='ltr'><strong>Christum?</strong></span> <span class='ocrx_word' id='word_1_468' title='bbox 1127 1488 1192 1515; x_wconf 90' lang='lat' dir='ltr'><strong>ideo</strong></span> <span class='ocrx_word' id='word_1_469' title='bbox 1224 1496 1279 1515; x_wconf 91' lang='lat' dir='ltr'><strong>non</strong></span> <span class='ocrx_word' id='word_1_470' title='bbox 1304 1492 1403 1515; x_wconf 85' lang='lat' dir='ltr'><strong>natura</strong></span> <span class='ocrx_word' id='word_1_471' title='bbox 1425 1488 1537 1522; x_wconf 84' lang='lat' dir='ltr'><strong>Filium,</strong></span> <span class='ocrx_word' id='word_1_472' title='bbox 1563 1496 1618 1515; x_wconf 90' lang='lat' dir='ltr'><strong>non</strong></span> <span class='ocrx_word' id='word_1_473' title='bbox 1647 1489 1737 1524; x_wconf 89' lang='lat' dir='ltr'><strong>ipsum</strong></span> 
     </span>
    </p>
   </div>
   <div class='ocr_carea' id='block_1_61' title="bbox 105 1532 896 1572">
    <p class='ocr_par' dir='ltr' id='par_1_61' title="bbox 105 1532 895 1569">
     <span class='ocr_line' id='line_1_61' title="bbox 105 1532 895 1569; baseline 0 -10"><span class='ocrx_word' id='word_1_474' title='bbox 105 1532 167 1559; x_wconf 65' lang='grc' dir='ltr'>οὕτε</span> <span class='ocrx_word' id='word_1_475' title='bbox 183 1532 237 1569; x_wconf 77' lang='grc' dir='ltr'><strong>γὰρ</strong></span> <span class='ocrx_word' id='word_1_476' title='bbox 246 1533 287 1566; x_wconf 82' lang='grc' dir='ltr'><strong>τὸ,</strong></span> <span class='ocrx_word' id='word_1_477' title='bbox 304 1534 378 1565; x_wconf 79' lang='grc' dir='ltr'>υἱοὺς</span> <span class='ocrx_word' id='word_1_478' title='bbox 394 1533 533 1568; x_wconf 80' lang='grc' dir='ltr'>λέγεσθαι,</span> <span class='ocrx_word' id='word_1_479' title='bbox 546 1534 607 1560; x_wconf 71' lang='grc' dir='ltr'>οὐδὲ</span> <span class='ocrx_word' id='word_1_480' title='bbox 632 1533 662 1560; x_wconf 83' lang='grc' dir='ltr'>τὸ</span> <span class='ocrx_word' id='word_1_481' title='bbox 685 1534 777 1569; x_wconf 85' lang='grc' dir='ltr'>χάριτι</span> <span class='ocrx_word' id='word_1_482' title='bbox 805 1533 895 1560; x_wconf 79' lang='grc' dir='ltr'>υἱοθε-</span> 
     </span>
    </p>
   </div>
   <div class='ocr_carea' id='block_1_62' title="bbox 949 1532 1736 1572">
    <p class='ocr_par' dir='ltr' id='par_1_62' title="bbox 949 1534 1736 1569">
     <span class='ocr_line' id='line_1_62' title="bbox 949 1534 1736 1569; baseline 0.001 -9"><span class='ocrx_word' id='word_1_483' title='bbox 949 1534 1008 1565; x_wconf 86' lang='lat' dir='ltr'><strong>Dei,</strong></span> <span class='ocrx_word' id='word_1_484' title='bbox 1022 1534 1068 1562; x_wconf 90' lang='lat' dir='ltr'><strong>sed</strong></span> <span class='ocrx_word' id='word_1_485' title='bbox 1080 1534 1167 1569; x_wconf 84' lang='lat' dir='ltr'><strong>gratia</strong></span> <span class='ocrx_word' id='word_1_486' title='bbox 1175 1534 1273 1561; x_wconf 87' lang='lat' dir='ltr'><strong>Filium</strong></span> <span class='ocrx_word' id='word_1_487' title='bbox 1287 1534 1411 1569; x_wconf 83' lang='lat' dir='ltr'><strong>adoptari</strong></span> <span class='ocrx_word' id='word_1_488' title='bbox 1425 1535 1651 1569; x_wconf 76' lang='lat' dir='ltr'><strong>opinamurznon</strong></span> <span class='ocrx_word' id='word_1_489' title='bbox 1663 1535 1736 1561; x_wconf 89' lang='lat' dir='ltr'><strong>enim</strong></span> 
     </span>
    </p>
   </div>
   <div class='ocr_carea' id='block_1_63' title="bbox 106 1578 896 1614">
    <p class='ocr_par' dir='ltr' id='par_1_63' title="bbox 106 1578 896 1614">
     <span class='ocr_line' id='line_1_63' title="bbox 106 1578 896 1614; baseline 0.003 -10"><span class='ocrx_word' id='word_1_490' title='bbox 106 1578 220 1609; x_wconf 80' lang='grc' dir='ltr'>τεῖσθαι,</span> <span class='ocrx_word' id='word_1_491' title='bbox 236 1579 302 1610; x_wconf 86' lang='grc' dir='ltr'>τούς</span> <span class='ocrx_word' id='word_1_492' title='bbox 326 1587 356 1605; x_wconf 87' lang='grc' dir='ltr'><strong>τε</strong></span> <span class='ocrx_word' id='word_1_493' title='bbox 380 1578 542 1614; x_wconf 82' lang='grc' dir='ltr'>ἀνθρώπους</span> <span class='ocrx_word' id='word_1_494' title='bbox 568 1579 673 1611; x_wconf 80' lang='grc' dir='ltr'>πάντας</span> <span class='ocrx_word' id='word_1_495' title='bbox 686 1580 733 1606; x_wconf 84' lang='grc' dir='ltr'>καὶ</span> <span class='ocrx_word' id='word_1_496' title='bbox 754 1581 818 1611; x_wconf 81' lang='grc' dir='ltr'>τοὺς</span> <span class='ocrx_word' id='word_1_497' title='bbox 831 1580 896 1606; x_wconf 83' lang='grc' dir='ltr'>Ἰου-</span> 
     </span>
    </p>
   </div>
   <div class='ocr_carea' id='block_1_64' title="bbox 104 1623 896 1660">
    <p class='ocr_par' dir='ltr' id='par_1_64' title="bbox 104 1623 896 1660">
     <span class='ocr_line' id='line_1_64' title="bbox 104 1623 896 1660; baseline 0.003 -11"><span class='ocrx_word' id='word_1_498' title='bbox 104 1623 197 1654; x_wconf 65' lang='grc' dir='ltr'>δαίους</span> <span class='ocrx_word' id='word_1_499' title='bbox 221 1624 269 1650; x_wconf 71' lang='grc' dir='ltr'>καὶ</span> <span class='ocrx_word' id='word_1_500' title='bbox 289 1625 352 1655; x_wconf 84' lang='grc' dir='ltr'>τοὺς</span> <span class='ocrx_word' id='word_1_501' title='bbox 379 1625 573 1659; x_wconf 74' lang='grc' dir='ltr'>Χριστιανοὺς,</span> <span class='ocrx_word' id='word_1_502' title='bbox 597 1624 645 1650; x_wconf 72' lang='grc' dir='ltr'>καὶ</span> <span class='ocrx_word' id='word_1_503' title='bbox 665 1624 711 1651; x_wconf 83' lang='grc' dir='ltr'><strong>τὸν</strong></span> <span class='ocrx_word' id='word_1_504' title='bbox 731 1624 849 1660; x_wconf 82' lang='grc' dir='ltr'>Χριστὸν</span> <span class='ocrx_word' id='word_1_505' title='bbox 867 1626 896 1651; x_wconf 82' lang='grc' dir='ltr'>ὲν</span> 
     </span>
    </p>
   </div>
   <div class='ocr_carea' id='block_1_65' title="bbox 105 1668 897 1707">
    <p class='ocr_par' dir='ltr' id='par_1_65' title="bbox 105 1668 897 1707">
     <span class='ocr_line' id='line_1_65' title="bbox 105 1668 897 1707; baseline 0.003 -12"><span class='ocrx_word' id='word_1_506' title='bbox 105 1668 199 1704; x_wconf 77' lang='grc' dir='ltr'>ὀλίγῳ,</span> <span class='ocrx_word' id='word_1_507' title='bbox 214 1669 230 1704; x_wconf 87' lang='grc' dir='ltr'>ἣ</span> <span class='ocrx_word' id='word_1_508' title='bbox 246 1670 321 1703; x_wconf 75' lang='grc' dir='ltr'>παρὰ</span> <span class='ocrx_word' id='word_1_509' title='bbox 333 1670 364 1696; x_wconf 81' lang='grc' dir='ltr'><strong>τὸ</strong></span> <span class='ocrx_word' id='word_1_510' title='bbox 383 1671 483 1706; x_wconf 88' lang='grc' dir='ltr'>μᾶλλον</span> <span class='ocrx_word' id='word_1_511' title='bbox 497 1671 545 1698; x_wconf 69' lang='grc' dir='ltr'>καὶ</span> <span class='ocrx_word' id='word_1_512' title='bbox 558 1668 639 1707; x_wconf 83' lang='grc' dir='ltr'>ἦττον</span> <span class='ocrx_word' id='word_1_513' title='bbox 651 1670 707 1706; x_wconf 69' lang='grc' dir='ltr'>ἔχει</span> <span class='ocrx_word' id='word_1_514' title='bbox 732 1670 782 1706; x_wconf 88' lang='grc' dir='ltr'><strong>τὴν</strong></span> <span class='ocrx_word' id='word_1_515' title='bbox 803 1671 897 1706; x_wconf 71' lang='grc' dir='ltr'>διαφο-</span> 
     </span>
    </p>
   </div>
   <div class='ocr_carea' id='block_1_66' title="bbox 108 1715 646 1750">
    <p class='ocr_par' dir='ltr' id='par_1_66' title="bbox 108 1715 646 1750">
     <span class='ocr_line' id='line_1_66' title="bbox 108 1715 646 1750; baseline 0.013 -10"><span class='ocrx_word' id='word_1_516' title='bbox 108 1715 158 1750; x_wconf 76' lang='grc' dir='ltr'>ρὶιν</span> <span class='ocrx_word' id='word_1_517' title='bbox 169 1715 312 1743; x_wconf 76' lang='grc' dir='ltr'>δέδεικται.</span> <span class='ocrx_word' id='word_1_518' title='bbox 639 1715 646 1720; x_wconf 82' lang='grc'><em>’</em></span> 
     </span>
    </p>
   </div>
   <div class='ocr_carea' id='block_1_67' title="bbox 144 1760 896 1798">
    <p class='ocr_par' dir='ltr' id='par_1_67' title="bbox 144 1760 896 1798">
     <span class='ocr_line' id='line_1_67' title="bbox 144 1760 896 1798; baseline 0.003 -11"><span class='ocrx_word' id='word_1_519' title='bbox 144 1761 215 1796; x_wconf 72' lang='grc' dir='ltr'>Πρδς</span> <span class='ocrx_word' id='word_1_520' title='bbox 237 1761 299 1788; x_wconf 83' lang='grc' dir='ltr'>τάδε</span> <span class='ocrx_word' id='word_1_521' title='bbox 319 1760 364 1789; x_wconf 79' lang='grc' dir='ltr'>οὖν</span> <span class='ocrx_word' id='word_1_522' title='bbox 380 1763 469 1789; x_wconf 80' lang='grc' dir='ltr'>πάντα</span> <span class='ocrx_word' id='word_1_523' title='bbox 486 1763 536 1790; x_wconf 79' lang='grc' dir='ltr'><strong>σὺν</strong></span> <span class='ocrx_word' id='word_1_524' title='bbox 549 1763 609 1798; x_wconf 86' lang='grc' dir='ltr'>Θεῷ</span> <span class='ocrx_word' id='word_1_525' title='bbox 631 1771 732 1798; x_wconf 84' lang='grc' dir='ltr'>φαμεν,</span> <span class='ocrx_word' id='word_1_526' title='bbox 755 1763 795 1789; x_wconf 79' lang='grc' dir='ltr'>ὅτι</span> <span class='ocrx_word' id='word_1_527' title='bbox 812 1763 896 1796; x_wconf 76' lang='grc' dir='ltr'>ὅντως</span> 
     </span>
    </p>
   </div>
   <div class='ocr_carea' id='block_1_68' title="bbox 108 1806 897 1844">
    <p class='ocr_par' dir='ltr' id='par_1_68' title="bbox 108 1806 897 1844">
     <span class='ocr_line' id='line_1_68' title="bbox 108 1806 897 1844; baseline 0.004 -12"><span class='ocrx_word' id='word_1_528' title='bbox 108 1806 226 1841; x_wconf 77' lang='grc' dir='ltr'>διαφορὰ</span> <span class='ocrx_word' id='word_1_529' title='bbox 239 1806 296 1833; x_wconf 80' lang='grc' dir='ltr'>ἔστι</span> <span class='ocrx_word' id='word_1_530' title='bbox 309 1808 393 1834; x_wconf 78' lang='grc' dir='ltr'>τῶνδε</span> <span class='ocrx_word' id='word_1_531' title='bbox 412 1809 467 1834; x_wconf 86' lang='grc' dir='ltr'><strong>τῶν</strong></span> <span class='ocrx_word' id='word_1_532' title='bbox 480 1809 550 1835; x_wconf 79' lang='grc' dir='ltr'>κατὰ.</span> <span class='ocrx_word' id='word_1_533' title='bbox 564 1809 645 1844; x_wconf 84' lang='grc' dir='ltr'>χάριν</span> <span class='ocrx_word' id='word_1_534' title='bbox 659 1809 788 1835; x_wconf 81' lang='grc' dir='ltr'>δοθεισῶν</span> <span class='ocrx_word' id='word_1_535' title='bbox 809 1809 897 1836; x_wconf 85' lang='grc' dir='ltr'>υἱοθε-</span> 
     </span>
    </p>
   </div>
   <div class='ocr_carea' id='block_1_69' title="bbox 114 1850 898 1889">
    <p class='ocr_par' dir='ltr' id='par_1_69' title="bbox 114 1850 898 1889">
     <span class='ocr_line' id='line_1_69' title="bbox 114 1850 898 1889; baseline 0.004 -11"><span class='ocrx_word' id='word_1_536' title='bbox 114 1853 191 1878; x_wconf 56' lang='grc' dir='ltr'>σιιῖιν·</span> <span class='ocrx_word' id='word_1_537' title='bbox 206 1851 232 1878; x_wconf 84' lang='grc' dir='ltr'>τί</span> <span class='ocrx_word' id='word_1_538' title='bbox 246 1850 291 1878; x_wconf 83' lang='grc' dir='ltr'><strong>οὖν</strong></span> <span class='ocrx_word' id='word_1_539' title='bbox 310 1861 395 1887; x_wconf 65' lang='lat' dir='ltr'><strong>ipa-ts;</strong></span> <span class='ocrx_word' id='word_1_540' title='bbox 412 1854 428 1888; x_wconf 87' lang='grc' dir='ltr'>ἡ</span> <span class='ocrx_word' id='word_1_541' title='bbox 451 1854 511 1881; x_wconf 84' lang='grc' dir='ltr'>καθ’</span> <span class='ocrx_word' id='word_1_542' title='bbox 534 1855 607 1889; x_wconf 84' lang='grc' dir='ltr'>ἡμᾶς</span> <span class='ocrx_word' id='word_1_543' title='bbox 628 1855 691 1885; x_wconf 74' lang='grc' dir='ltr'>τοὺς</span> <span class='ocrx_word' id='word_1_544' title='bbox 715 1855 898 1889; x_wconf 73' lang='grc' dir='ltr'>Χριστιανοὺς</span> 
     </span>
    </p>
   </div>
   <div class='ocr_carea' id='block_1_70' title="bbox 108 1897 898 1934">
    <p class='ocr_par' dir='ltr' id='par_1_70' title="bbox 108 1897 898 1934">
     <span class='ocr_line' id='line_1_70' title="bbox 108 1897 898 1934; baseline 0.004 -12"><span class='ocrx_word' id='word_1_545' title='bbox 108 1897 240 1931; x_wconf 75' lang='grc' dir='ltr'>υἱοθεσία,</span> <span class='ocrx_word' id='word_1_546' title='bbox 256 1899 460 1933; x_wconf 75' lang='grc' dir='ltr'>πνευματικους</span> <span class='ocrx_word' id='word_1_547' title='bbox 475 1899 529 1925; x_wconf 78' lang='grc' dir='ltr'>ἀπὸ</span> <span class='ocrx_word' id='word_1_548' title='bbox 541 1900 677 1934; x_wconf 82' lang='grc' dir='ltr'>σαρκικῆς</span> <span class='ocrx_word' id='word_1_549' title='bbox 691 1899 799 1934; x_wconf 88' lang='grc' dir='ltr'>φύσεως</span> <span class='ocrx_word' id='word_1_550' title='bbox 816 1907 898 1934; x_wconf 85' lang='grc' dir='ltr'>μετα-</span> 
     </span>
    </p>
   </div>
   <div class='ocr_carea' id='block_1_71' title="bbox 107 1942 899 1980">
    <p class='ocr_par' dir='ltr' id='par_1_71' title="bbox 107 1942 899 1980">
     <span class='ocr_line' id='line_1_71' title="bbox 107 1942 899 1980; baseline 0.004 -11"><span class='ocrx_word' id='word_1_551' title='bbox 107 1942 229 1970; x_wconf 65' lang='grc' dir='ltr'>ποιοῦσω</span> <span class='ocrx_word' id='word_1_552' title='bbox 240 1944 268 1970; x_wconf 82' lang='grc' dir='ltr'>ἐν</span> <span class='ocrx_word' id='word_1_553' title='bbox 278 1943 317 1979; x_wconf 83' lang='grc' dir='ltr'>τῷ</span> <span class='ocrx_word' id='word_1_554' title='bbox 333 1944 465 1978; x_wconf 76' lang='grc' dir='ltr'>μέλλοντι,</span> <span class='ocrx_word' id='word_1_555' title='bbox 481 1945 529 1971; x_wconf 75' lang='grc' dir='ltr'><strong>καὶ</strong></span> <span class='ocrx_word' id='word_1_556' title='bbox 546 1944 699 1976; x_wconf 81' lang='grc' dir='ltr'>ἀθανάτους</span> <span class='ocrx_word' id='word_1_557' title='bbox 720 1945 781 1972; x_wconf 76' lang='grc' dir='ltr'>ἀντὶ</span> <span class='ocrx_word' id='word_1_558' title='bbox 794 1945 899 1980; x_wconf 82' lang='grc' dir='ltr'>θνητῶν</span> 
     </span>
    </p>
   </div>
   <div class='ocr_carea' id='block_1_72' title="bbox 106 1988 900 2025">
    <p class='ocr_par' dir='ltr' id='par_1_72' title="bbox 106 1988 900 2025">
     <span class='ocr_line' id='line_1_72' title="bbox 106 1988 900 2025; baseline 0.005 -12"><span class='ocrx_word' id='word_1_559' title='bbox 106 1988 245 2020; x_wconf 79' lang='grc' dir='ltr'>δεικνῦσα,</span> <span class='ocrx_word' id='word_1_560' title='bbox 258 1989 306 2015; x_wconf 74' lang='grc' dir='ltr'><strong>καὶ</strong></span> <span class='ocrx_word' id='word_1_561' title='bbox 321 1989 481 2024; x_wconf 77' lang='grc' dir='ltr'>ἐλευθέρους</span> <span class='ocrx_word' id='word_1_562' title='bbox 495 1989 544 2025; x_wconf 85' lang='grc' dir='ltr'>τὴν</span> <span class='ocrx_word' id='word_1_563' title='bbox 557 1990 638 2022; x_wconf 85' lang='grc' dir='ltr'>φύσιν</span> <span class='ocrx_word' id='word_1_564' title='bbox 653 1991 713 2017; x_wconf 82' lang='grc' dir='ltr'>ἀντὶ</span> <span class='ocrx_word' id='word_1_565' title='bbox 727 1989 838 2022; x_wconf 85' lang='grc' dir='ltr'>δούλων,</span> <span class='ocrx_word' id='word_1_566' title='bbox 853 1991 900 2017; x_wconf 79' lang='grc' dir='ltr'>καὶ</span> 
     </span>
    </p>
   </div>
   <div class='ocr_carea' id='block_1_73' title="bbox 107 2033 901 2070">
    <p class='ocr_par' dir='ltr' id='par_1_73' title="bbox 107 2033 901 2070">
     <span class='ocr_line' id='line_1_73' title="bbox 107 2033 901 2070; baseline 0.003 -10"><span class='ocrx_word' id='word_1_567' title='bbox 107 2033 227 2068; x_wconf 73' lang='grc' dir='ltr'>ἀφόδους</span> <span class='ocrx_word' id='word_1_568' title='bbox 244 2034 294 2069; x_wconf 86' lang='grc' dir='ltr'><strong>τὴν</strong></span> <span class='ocrx_word' id='word_1_569' title='bbox 314 2034 387 2069; x_wconf 77' lang='grc' dir='ltr'>ζωὴν</span> <span class='ocrx_word' id='word_1_570' title='bbox 403 2036 493 2062; x_wconf 75' lang='grc' dir='ltr'>πᾶσαν</span> <span class='ocrx_word' id='word_1_571' title='bbox 506 2036 570 2068; x_wconf 84' lang='grc' dir='ltr'>τοὺς</span> <span class='ocrx_word' id='word_1_572' title='bbox 583 2036 612 2062; x_wconf 84' lang='grc' dir='ltr'>ὲν</span> <span class='ocrx_word' id='word_1_573' title='bbox 633 2035 720 2070; x_wconf 80' lang='grc' dir='ltr'>θλίψει</span> <span class='ocrx_word' id='word_1_574' title='bbox 737 2036 785 2062; x_wconf 76' lang='grc' dir='ltr'>καὶ</span> <span class='ocrx_word' id='word_1_575' title='bbox 801 2036 830 2062; x_wconf 78' lang='grc' dir='ltr'>ἐν</span> <span class='ocrx_word' id='word_1_576' title='bbox 843 2036 901 2062; x_wconf 81' lang='grc' dir='ltr'>ὀδύ-</span> 
     </span>
    </p>
   </div>
   <div class='ocr_carea' id='block_1_74' title="bbox 107 2080 901 2117">
    <p class='ocr_par' dir='ltr' id='par_1_74' title="bbox 107 2080 901 2117">
     <span class='ocr_line' id='line_1_74' title="bbox 107 2080 901 2117; baseline 0.003 -10"><span class='ocrx_word' id='word_1_577' title='bbox 107 2089 167 2111; x_wconf 85' lang='grc' dir='ltr'>ναις</span> <span class='ocrx_word' id='word_1_578' title='bbox 185 2080 237 2107; x_wconf 83' lang='grc' dir='ltr'><strong>ἀεί·</strong></span> <span class='ocrx_word' id='word_1_579' title='bbox 253 2081 299 2107; x_wconf 80' lang='grc' dir='ltr'><strong>καὶ</strong></span> <span class='ocrx_word' id='word_1_580' title='bbox 311 2081 340 2107; x_wconf 79' lang='grc' dir='ltr'>ἐν</span> <span class='ocrx_word' id='word_1_581' title='bbox 355 2082 492 2117; x_wconf 75' lang='grc' dir='ltr'>εὐμαρείᾳ</span> <span class='ocrx_word' id='word_1_582' title='bbox 518 2082 580 2113; x_wconf 76' lang='grc' dir='ltr'>τοὺς</span> <span class='ocrx_word' id='word_1_583' title='bbox 596 2083 626 2108; x_wconf 80' lang='grc' dir='ltr'><strong>ὲν</strong></span> <span class='ocrx_word' id='word_1_584' title='bbox 639 2082 837 2117; x_wconf 82' lang='grc' dir='ltr'>περισπασμῷ,</span> <span class='ocrx_word' id='word_1_585' title='bbox 852 2083 901 2109; x_wconf 74' lang='grc' dir='ltr'><strong>καὶ</strong></span> 
     </span>
    </p>
   </div>
   <div class='ocr_carea' id='block_1_75' title="bbox 107 2127 900 2164">
    <p class='ocr_par' dir='ltr' id='par_1_75' title="bbox 107 2127 900 2164">
     <span class='ocr_line' id='line_1_75' title="bbox 107 2127 900 2164; baseline 0.003 -11"><span class='ocrx_word' id='word_1_586' title='bbox 107 2127 318 2162; x_wconf 82' lang='grc' dir='ltr'>ἀναμαρτήτους</span> <span class='ocrx_word' id='word_1_587' title='bbox 344 2127 390 2154; x_wconf 78' lang='grc' dir='ltr'><strong>τὸν</strong></span> <span class='ocrx_word' id='word_1_588' title='bbox 410 2128 467 2163; x_wconf 80' lang='grc' dir='ltr'>βίον</span> <span class='ocrx_word' id='word_1_589' title='bbox 481 2129 541 2155; x_wconf 77' lang='grc' dir='ltr'>ἀντὶ</span> <span class='ocrx_word' id='word_1_590' title='bbox 556 2129 738 2164; x_wconf 70' lang='grc' dir='ltr'>ἁμαρτωλῶν,</span> <span class='ocrx_word' id='word_1_591' title='bbox 758 2130 806 2156; x_wconf 74' lang='grc' dir='ltr'><strong>καὶ</strong></span> <span class='ocrx_word' id='word_1_592' title='bbox 819 2129 900 2164; x_wconf 77' lang='grc' dir='ltr'>ἀτρέ-</span> 
     </span>
    </p>
   </div>
   <div class='ocr_carea' id='block_1_76' title="bbox 107 2174 900 2211">
    <p class='ocr_par' dir='ltr' id='par_1_76' title="bbox 107 2174 900 2211">
     <span class='ocr_line' id='line_1_76' title="bbox 107 2174 900 2211; baseline 0.005 -13"><span class='ocrx_word' id='word_1_593' title='bbox 107 2181 193 2204; x_wconf 85' lang='grc' dir='ltr'>πτους</span> <span class='ocrx_word' id='word_1_594' title='bbox 213 2174 272 2199; x_wconf 76' lang='grc' dir='ltr'>ἀντὶ</span> <span class='ocrx_word' id='word_1_595' title='bbox 286 2174 411 2208; x_wconf 80' lang='grc' dir='ltr'>τρεπτῶν</span> <span class='ocrx_word' id='word_1_596' title='bbox 425 2174 474 2209; x_wconf 79' lang='grc' dir='ltr'>τὴν</span> <span class='ocrx_word' id='word_1_597' title='bbox 497 2175 603 2208; x_wconf 75' lang='grc' dir='ltr'>οὐσίαν,</span> <span class='ocrx_word' id='word_1_598' title='bbox 630 2175 668 2206; x_wconf 84' lang='grc' dir='ltr'>ὡς</span> <span class='ocrx_word' id='word_1_599' title='bbox 691 2175 759 2211; x_wconf 81' lang='grc' dir='ltr'>μηδὲ</span> <span class='ocrx_word' id='word_1_600' title='bbox 787 2175 900 2210; x_wconf 82' lang='grc' dir='ltr'>δυνάμει</span> 
     </span>
    </p>
   </div>
   <div class='ocr_carea' id='block_1_77' title="bbox 947 1580 1739 1616">
    <p class='ocr_par' dir='ltr' id='par_1_77' title="bbox 947 1580 1739 1616">
     <span class='ocr_line' id='line_1_77' title="bbox 947 1580 1739 1616; baseline 0.003 -10"><span class='ocrx_word' id='word_1_601' title='bbox 947 1580 1020 1607; x_wconf 90' lang='lat' dir='ltr'><strong>inter</strong></span> <span class='ocrx_word' id='word_1_602' title='bbox 1043 1580 1114 1607; x_wconf 88' lang='lat' dir='ltr'><strong>ﬁlios</strong></span> <span class='ocrx_word' id='word_1_603' title='bbox 1142 1580 1197 1608; x_wconf 81' lang='lat' dir='ltr'><strong>diei</strong></span> <span class='ocrx_word' id='word_1_604' title='bbox 1224 1585 1252 1608; x_wconf 89' lang='lat' dir='ltr'><strong>et</strong></span> <span class='ocrx_word' id='word_1_605' title='bbox 1278 1581 1364 1616; x_wconf 84' lang='lat' dir='ltr'><strong>gratia</strong></span> <span class='ocrx_word' id='word_1_606' title='bbox 1390 1581 1460 1608; x_wconf 91' lang='lat' dir='ltr'><strong>ﬁlios</strong></span> <span class='ocrx_word' id='word_1_607' title='bbox 1488 1581 1613 1615; x_wconf 81' lang='lat' dir='ltr'><strong>adoptari</strong></span> <span class='ocrx_word' id='word_1_608' title='bbox 1643 1588 1739 1608; x_wconf 73' lang='lat' dir='ltr'><strong>omnes</strong></span> 
     </span>
    </p>
   </div>
   <div class='ocr_carea' id='block_1_78' title="bbox 948 1626 1738 1656">
    <p class='ocr_par' dir='ltr' id='par_1_78' title="bbox 948 1626 1738 1656">
     <span class='ocr_line' id='line_1_78' title="bbox 948 1626 1738 1656; baseline 0.004 -4"><span class='ocrx_word' id='word_1_609' title='bbox 948 1626 1074 1654; x_wconf 86' lang='lat' dir='ltr'><strong>homines</strong></span> <span class='ocrx_word' id='word_1_610' title='bbox 1092 1631 1121 1654; x_wconf 91' lang='lat' dir='ltr'><strong>et</strong></span> <span class='ocrx_word' id='word_1_611' title='bbox 1133 1627 1242 1655; x_wconf 67' lang='lat' dir='ltr'><strong>Judxeos</strong></span> <span class='ocrx_word' id='word_1_612' title='bbox 1255 1631 1283 1654; x_wconf 92' lang='lat' dir='ltr'><strong>et</strong></span> <span class='ocrx_word' id='word_1_613' title='bbox 1295 1626 1472 1654; x_wconf 86' lang='lat' dir='ltr'><strong>Christianos</strong></span> <span class='ocrx_word' id='word_1_614' title='bbox 1486 1631 1513 1654; x_wconf 89' lang='lat' dir='ltr'><strong>et</strong></span> <span class='ocrx_word' id='word_1_615' title='bbox 1527 1627 1668 1656; x_wconf 80' lang='lat' dir='ltr'><strong>Ciu‘istum</strong></span> <span class='ocrx_word' id='word_1_616' title='bbox 1685 1627 1738 1655; x_wconf 88' lang='lat' dir='ltr'><strong>sub</strong></span> 
     </span>
    </p>
   </div>
   <div class='ocr_carea' id='block_1_79' title="bbox 948 1672 1741 1707">
    <p class='ocr_par' dir='ltr' id='par_1_79' title="bbox 948 1672 1741 1707">
     <span class='ocr_line' id='line_1_79' title="bbox 948 1672 1741 1707; baseline 0.003 -9"><span class='ocrx_word' id='word_1_617' title='bbox 948 1679 1032 1706; x_wconf 84' lang='lat' dir='ltr'><strong>parvo</strong></span> <span class='ocrx_word' id='word_1_618' title='bbox 1047 1677 1185 1707; x_wconf 81' lang='lat' dir='ltr'><strong>respectu,</strong></span> <span class='ocrx_word' id='word_1_619' title='bbox 1199 1680 1254 1699; x_wconf 90' lang='lat' dir='ltr'><strong>non</strong></span> <span class='ocrx_word' id='word_1_620' title='bbox 1267 1672 1376 1700; x_wconf 87' lang='lat' dir='ltr'><strong>exsistit</strong></span> <span class='ocrx_word' id='word_1_621' title='bbox 1391 1673 1424 1699; x_wconf 91' lang='lat' dir='ltr'><strong>ad</strong></span> <span class='ocrx_word' id='word_1_622' title='bbox 1440 1673 1536 1707; x_wconf 82' lang='lat' dir='ltr'><strong>piuset</strong></span> <span class='ocrx_word' id='word_1_623' title='bbox 1553 1672 1646 1700; x_wconf 91' lang='lat' dir='ltr'><strong>minus</strong></span> <span class='ocrx_word' id='word_1_624' title='bbox 1660 1672 1741 1700; x_wconf 71' lang='lat' dir='ltr'><strong>diﬂ‘e—</strong></span> 
     </span>
    </p>
   </div>
   <div class='ocr_carea' id='block_1_80' title="bbox 949 1717 1369 1750">
    <p class='ocr_par' dir='ltr' id='par_1_80' title="bbox 949 1717 1369 1750">
     <span class='ocr_line' id='line_1_80' title="bbox 949 1717 1369 1750; baseline 0.005 -7"><span class='ocrx_word' id='word_1_625' title='bbox 949 1717 1049 1750; x_wconf 87' lang='lat' dir='ltr'><strong>rentia,</strong></span> <span class='ocrx_word' id='word_1_626' title='bbox 1068 1722 1097 1744; x_wconf 88' lang='lat' dir='ltr'><strong>ut</strong></span> <span class='ocrx_word' id='word_1_627' title='bbox 1115 1722 1301 1745; x_wconf 89' lang='lat' dir='ltr'><strong>monstratum</strong></span> <span class='ocrx_word' id='word_1_628' title='bbox 1316 1722 1369 1745; x_wconf 88' lang='lat' dir='ltr'><strong>est.</strong></span> 
     </span>
    </p>
   </div>
   <div class='ocr_carea' id='block_1_81' title="bbox 986 1763 1740 1799">
    <p class='ocr_par' dir='ltr' id='par_1_81' title="bbox 986 1763 1740 1799">
     <span class='ocr_line' id='line_1_81' title="bbox 986 1763 1740 1799; baseline 0.001 -9"><span class='ocrx_word' id='word_1_629' title='bbox 986 1763 1090 1791; x_wconf 68' lang='lat' dir='ltr'><strong>Prazter</strong></span> <span class='ocrx_word' id='word_1_630' title='bbox 1101 1763 1159 1790; x_wconf 70' lang='lat' dir='ltr'><strong>bzec</strong></span> <span class='ocrx_word' id='word_1_631' title='bbox 1171 1763 1255 1799; x_wconf 76' lang='lat' dir='ltr'><strong>igitur</strong></span> <span class='ocrx_word' id='word_1_632' title='bbox 1268 1764 1360 1791; x_wconf 83' lang='lat' dir='ltr'><strong>omnia</strong></span> <span class='ocrx_word' id='word_1_633' title='bbox 1383 1771 1445 1791; x_wconf 86' lang='lat' dir='ltr'><strong>eum</strong></span> <span class='ocrx_word' id='word_1_634' title='bbox 1473 1764 1529 1791; x_wconf 89' lang='lat' dir='ltr'><strong>Deo</strong></span> <span class='ocrx_word' id='word_1_635' title='bbox 1544 1764 1663 1791; x_wconf 89' lang='lat' dir='ltr'><strong>dicimus</strong></span> <span class='ocrx_word' id='word_1_636' title='bbox 1674 1772 1740 1791; x_wconf 87' lang='lat' dir='ltr'><strong>vere</strong></span> 
     </span>
    </p>
   </div>
   <div class='ocr_carea' id='block_1_82' title="bbox 948 1809 1740 1845">
    <p class='ocr_par' dir='ltr' id='par_1_82' title="bbox 948 1809 1740 1845">
     <span class='ocr_line' id='line_1_82' title="bbox 948 1809 1740 1845; baseline 0.001 -9"><span class='ocrx_word' id='word_1_637' title='bbox 948 1817 1009 1836; x_wconf 85' lang='lat' dir='ltr'><strong>esse</strong></span> <span class='ocrx_word' id='word_1_638' title='bbox 1021 1809 1206 1836; x_wconf 72' lang='lat' dir='ltr'><strong>diﬂ‘erentiam</strong></span> <span class='ocrx_word' id='word_1_639' title='bbox 1217 1809 1290 1837; x_wconf 87' lang='lat' dir='ltr'><strong>inter</strong></span> <span class='ocrx_word' id='word_1_640' title='bbox 1299 1809 1358 1837; x_wconf 91' lang='lat' dir='ltr'><strong>iiias</strong></span> <span class='ocrx_word' id='word_1_641' title='bbox 1370 1809 1521 1837; x_wconf 88' lang='lat' dir='ltr'><strong>secundum</strong></span> <span class='ocrx_word' id='word_1_642' title='bbox 1534 1810 1649 1845; x_wconf 80' lang='lat' dir='ltr'><strong>gratiam</strong></span> <span class='ocrx_word' id='word_1_643' title='bbox 1662 1810 1740 1838; x_wconf 84' lang='lat' dir='ltr'><strong>datas</strong></span> 
     </span>
    </p>
   </div>
   <div class='ocr_carea' id='block_1_83' title="bbox 950 1854 1740 1890">
    <p class='ocr_par' dir='ltr' id='par_1_83' title="bbox 950 1854 1740 1890">
     <span class='ocr_line' id='line_1_83' title="bbox 950 1854 1740 1890; baseline 0.001 -9"><span class='ocrx_word' id='word_1_644' title='bbox 950 1855 1068 1882; x_wconf 88' lang='lat' dir='ltr'><strong>ﬁiiorutn</strong></span> <span class='ocrx_word' id='word_1_645' title='bbox 1083 1855 1265 1889; x_wconf 85' lang='lat' dir='ltr'><strong>adoptiones:</strong></span> <span class='ocrx_word' id='word_1_646' title='bbox 1279 1855 1346 1890; x_wconf 89' lang='lat' dir='ltr'><strong>quid</strong></span> <span class='ocrx_word' id='word_1_647' title='bbox 1370 1855 1455 1890; x_wconf 79' lang='lat' dir='ltr'><strong>igitur</strong></span> <span class='ocrx_word' id='word_1_648' title='bbox 1478 1854 1592 1882; x_wconf 85' lang='lat' dir='ltr'><strong>dicitis?</strong></span> <span class='ocrx_word' id='word_1_649' title='bbox 1607 1855 1740 1882; x_wconf 87' lang='lat' dir='ltr'><strong>Filiorum</strong></span> 
     </span>
    </p>
   </div>
   <div class='ocr_carea' id='block_1_84' title="bbox 949 1901 1740 1936">
    <p class='ocr_par' dir='ltr' id='par_1_84' title="bbox 949 1901 1740 1936">
     <span class='ocr_line' id='line_1_84' title="bbox 949 1901 1740 1936; baseline 0.001 -9"><span class='ocrx_word' id='word_1_650' title='bbox 949 1901 1061 1935; x_wconf 87' lang='lat' dir='ltr'><strong>adoptio</strong></span> <span class='ocrx_word' id='word_1_651' title='bbox 1077 1901 1149 1936; x_wconf 88' lang='lat' dir='ltr'><strong>apud</strong></span> <span class='ocrx_word' id='word_1_652' title='bbox 1165 1910 1216 1928; x_wconf 88' lang='lat' dir='ltr'><strong>nos</strong></span> <span class='ocrx_word' id='word_1_653' title='bbox 1232 1901 1415 1934; x_wconf 82' lang='lat' dir='ltr'><strong>Christianos,</strong></span> <span class='ocrx_word' id='word_1_654' title='bbox 1434 1901 1592 1936; x_wconf 87' lang='lat' dir='ltr'><strong>spirituaies</strong></span> <span class='ocrx_word' id='word_1_655' title='bbox 1606 1909 1621 1928; x_wconf 90' lang='lat' dir='ltr'><strong>a</strong></span> <span class='ocrx_word' id='word_1_656' title='bbox 1636 1902 1740 1929; x_wconf 86' lang='lat' dir='ltr'><strong>carnali</strong></span> 
     </span>
    </p>
   </div>
   <div class='ocr_carea' id='block_1_85' title="bbox 949 1946 1740 1982">
    <p class='ocr_par' dir='ltr' id='par_1_85' title="bbox 949 1946 1740 1982">
     <span class='ocr_line' id='line_1_85' title="bbox 949 1946 1740 1982; baseline 0.001 -10"><span class='ocrx_word' id='word_1_657' title='bbox 949 1951 1048 1974; x_wconf 85' lang='lat' dir='ltr'><strong>natura</strong></span> <span class='ocrx_word' id='word_1_658' title='bbox 1060 1946 1182 1974; x_wconf 86' lang='lat' dir='ltr'><strong>eiIiciens</strong></span> <span class='ocrx_word' id='word_1_659' title='bbox 1199 1947 1226 1973; x_wconf 92' lang='lat' dir='ltr'><strong>in</strong></span> <span class='ocrx_word' id='word_1_660' title='bbox 1246 1946 1352 1980; x_wconf 78' lang='lat' dir='ltr'><strong>futuro,</strong></span> <span class='ocrx_word' id='word_1_661' title='bbox 1365 1951 1394 1974; x_wconf 85' lang='lat' dir='ltr'><strong>et</strong></span> <span class='ocrx_word' id='word_1_662' title='bbox 1414 1947 1584 1974; x_wconf 85' lang='lat' dir='ltr'><strong>immortales</strong></span> <span class='ocrx_word' id='word_1_663' title='bbox 1600 1955 1650 1982; x_wconf 91' lang='lat' dir='ltr'><strong>pro</strong></span> <span class='ocrx_word' id='word_1_664' title='bbox 1665 1954 1740 1974; x_wconf 89' lang='lat' dir='ltr'><strong>mor—</strong></span> 
     </span>
    </p>
   </div>
   <div class='ocr_carea' id='block_1_86' title="bbox 950 1992 1741 2027">
    <p class='ocr_par' dir='ltr' id='par_1_86' title="bbox 950 1992 1741 2027">
     <span class='ocr_line' id='line_1_86' title="bbox 950 1992 1741 2027; baseline 0.001 -9"><span class='ocrx_word' id='word_1_665' title='bbox 950 1992 1052 2019; x_wconf 86' lang='lat' dir='ltr'><strong>talibus</strong></span> <span class='ocrx_word' id='word_1_666' title='bbox 1067 1993 1228 2025; x_wconf 88' lang='lat' dir='ltr'><strong>ostendens,</strong></span> <span class='ocrx_word' id='word_1_667' title='bbox 1246 1997 1274 2020; x_wconf 88' lang='lat' dir='ltr'><strong>et</strong></span> <span class='ocrx_word' id='word_1_668' title='bbox 1290 1996 1389 2019; x_wconf 90' lang='lat' dir='ltr'><strong>natura</strong></span> <span class='ocrx_word' id='word_1_669' title='bbox 1410 1993 1513 2020; x_wconf 89' lang='lat' dir='ltr'><strong>liberos</strong></span> <span class='ocrx_word' id='word_1_670' title='bbox 1535 2000 1585 2027; x_wconf 90' lang='lat' dir='ltr'><strong>pro</strong></span> <span class='ocrx_word' id='word_1_671' title='bbox 1600 1993 1697 2024; x_wconf 73' lang='lat' dir='ltr'><strong>servis,</strong></span> <span class='ocrx_word' id='word_1_672' title='bbox 1713 1997 1741 2019; x_wconf 86' lang='lat' dir='ltr'><strong>et</strong></span> 
     </span>
    </p>
   </div>
   <div class='ocr_carea' id='block_1_87' title="bbox 951 2038 1741 2073">
    <p class='ocr_par' dir='ltr' id='par_1_87' title="bbox 951 2038 1741 2073">
     <span class='ocr_line' id='line_1_87' title="bbox 951 2038 1741 2073; baseline 0.001 -9"><span class='ocrx_word' id='word_1_673' title='bbox 951 2038 1010 2065; x_wconf 88' lang='lat' dir='ltr'><strong>sine</strong></span> <span class='ocrx_word' id='word_1_674' title='bbox 1020 2039 1119 2065; x_wconf 87' lang='lat' dir='ltr'><strong>timore</strong></span> <span class='ocrx_word' id='word_1_675' title='bbox 1127 2046 1178 2073; x_wconf 91' lang='lat' dir='ltr'><strong>per</strong></span> <span class='ocrx_word' id='word_1_676' title='bbox 1187 2043 1270 2066; x_wconf 88' lang='lat' dir='ltr'><strong>totam</strong></span> <span class='ocrx_word' id='word_1_677' title='bbox 1279 2041 1364 2066; x_wconf 90' lang='lat' dir='ltr'><strong>vitam</strong></span> <span class='ocrx_word' id='word_1_678' title='bbox 1375 2039 1553 2066; x_wconf 87' lang='lat' dir='ltr'><strong>tribulatione</strong></span> <span class='ocrx_word' id='word_1_679' title='bbox 1561 2043 1589 2066; x_wconf 92' lang='lat' dir='ltr'><strong>et</strong></span> <span class='ocrx_word' id='word_1_680' title='bbox 1597 2039 1741 2066; x_wconf 86' lang='lat' dir='ltr'><strong>doloribus</strong></span> 
     </span>
    </p>
   </div>
   <div class='ocr_carea' id='block_1_88' title="bbox 951 2085 1741 2120">
    <p class='ocr_par' dir='ltr' id='par_1_88' title="bbox 951 2085 1741 2120">
     <span class='ocr_line' id='line_1_88' title="bbox 951 2085 1741 2120; baseline 0 -8"><span class='ocrx_word' id='word_1_681' title='bbox 951 2092 1061 2119; x_wconf 87' lang='lat' dir='ltr'><strong>semper</strong></span> <span class='ocrx_word' id='word_1_682' title='bbox 1075 2085 1244 2117; x_wconf 87' lang='lat' dir='ltr'><strong>laborantes,</strong></span> <span class='ocrx_word' id='word_1_683' title='bbox 1256 2089 1284 2112; x_wconf 90' lang='lat' dir='ltr'><strong>et</strong></span> <span class='ocrx_word' id='word_1_684' title='bbox 1302 2085 1329 2112; x_wconf 92' lang='lat' dir='ltr'><strong>in</strong></span> <span class='ocrx_word' id='word_1_685' title='bbox 1345 2085 1549 2120; x_wconf 87' lang='lat' dir='ltr'><strong>tranquillitate</strong></span> <span class='ocrx_word' id='word_1_686' title='bbox 1563 2085 1609 2120; x_wconf 92' lang='lat' dir='ltr'><strong>qui</strong></span> <span class='ocrx_word' id='word_1_687' title='bbox 1623 2089 1700 2112; x_wconf 89' lang='lat' dir='ltr'><strong>erant</strong></span> <span class='ocrx_word' id='word_1_688' title='bbox 1713 2086 1741 2113; x_wconf 87' lang='lat' dir='ltr'><strong>in</strong></span> 
     </span>
    </p>
   </div>
   <div class='ocr_carea' id='block_1_89' title="bbox 951 2131 1742 2166">
    <p class='ocr_par' dir='ltr' id='par_1_89' title="bbox 951 2131 1742 2166">
     <span class='ocr_line' id='line_1_89' title="bbox 951 2131 1742 2166; baseline 0.001 -9"><span class='ocrx_word' id='word_1_689' title='bbox 951 2131 1096 2166; x_wconf 81' lang='lat' dir='ltr'><strong>angustiis,</strong></span> <span class='ocrx_word' id='word_1_690' title='bbox 1121 2136 1149 2159; x_wconf 90' lang='lat' dir='ltr'><strong>et</strong></span> <span class='ocrx_word' id='word_1_691' title='bbox 1174 2132 1337 2159; x_wconf 84' lang='lat' dir='ltr'><strong>innocentes</strong></span> <span class='ocrx_word' id='word_1_692' title='bbox 1352 2139 1403 2166; x_wconf 93' lang='lat' dir='ltr'><strong>pro</strong></span> <span class='ocrx_word' id='word_1_693' title='bbox 1421 2132 1625 2166; x_wconf 85' lang='lat' dir='ltr'><strong>peccatoribus,</strong></span> <span class='ocrx_word' id='word_1_694' title='bbox 1641 2136 1668 2159; x_wconf 91' lang='lat' dir='ltr'><strong>ct</strong></span> <span class='ocrx_word' id='word_1_695' title='bbox 1691 2131 1742 2158; x_wconf 90' lang='lat' dir='ltr'><strong>im-</strong></span> 
     </span>
    </p>
   </div>
   <div class='ocr_carea' id='block_1_90' title="bbox 952 2177 1740 2211">
    <p class='ocr_par' dir='ltr' id='par_1_90' title="bbox 952 2177 1740 2211">
     <span class='ocr_line' id='line_1_90' title="bbox 952 2177 1740 2211; baseline 0 -9"><span class='ocrx_word' id='word_1_696' title='bbox 952 2177 1100 2204; x_wconf 87' lang='lat' dir='ltr'><strong>mutabiies</strong></span> <span class='ocrx_word' id='word_1_697' title='bbox 1120 2185 1171 2211; x_wconf 91' lang='lat' dir='ltr'><strong>pro</strong></span> <span class='ocrx_word' id='word_1_698' title='bbox 1185 2177 1366 2204; x_wconf 83' lang='lat' dir='ltr'><strong>mutabilibus</strong></span> <span class='ocrx_word' id='word_1_699' title='bbox 1377 2177 1529 2204; x_wconf 90' lang='lat' dir='ltr'><strong>secundum</strong></span> <span class='ocrx_word' id='word_1_700' title='bbox 1545 2177 1740 2209; x_wconf 87' lang='lat' dir='ltr'><strong>substantiam,</strong></span> 
     </span>
    </p>
   </div>
   <div class='ocr_carea' id='block_1_91' title="bbox 109 2214 896 2258">
    <p class='ocr_par' dir='ltr' id='par_1_91' title="bbox 109 2218 896 2257">
     <span class='ocr_line' id='line_1_91' title="bbox 109 2218 896 2257; baseline 0.004 -13"><span class='ocrx_word' id='word_1_701' title='bbox 109 2218 181 2253; x_wconf 77' lang='grc' dir='ltr'>ἔχειν</span> <span class='ocrx_word' id='word_1_702' title='bbox 196 2219 289 2246; x_wconf 73' lang='grc' dir='ltr'>λοιπὸν</span> <span class='ocrx_word' id='word_1_703' title='bbox 303 2220 333 2246; x_wconf 79' lang='grc' dir='ltr'><strong>τὸ</strong></span> <span class='ocrx_word' id='word_1_704' title='bbox 349 2220 482 2255; x_wconf 77' lang='grc' dir='ltr'>σφαλερὸν</span> <span class='ocrx_word' id='word_1_705' title='bbox 507 2220 540 2247; x_wconf 86' lang='grc' dir='ltr'>δι’</span> <span class='ocrx_word' id='word_1_706' title='bbox 553 2218 584 2248; x_wconf 77' lang='grc' dir='ltr'>οὗ</span> <span class='ocrx_word' id='word_1_707' title='bbox 601 2221 631 2247; x_wconf 81' lang='grc' dir='ltr'><strong>τὸ</strong></span> <span class='ocrx_word' id='word_1_708' title='bbox 653 2221 801 2257; x_wconf 84' lang='grc' dir='ltr'>τιμωρίαις</span> <span class='ocrx_word' id='word_1_709' title='bbox 814 2221 896 2248; x_wconf 83' lang='grc' dir='ltr'>ὑπεύ-</span> 
     </span>
    </p>
   </div>
   <div class='ocr_carea' id='block_1_92' title="bbox 949 2214 1742 2258">
    <p class='ocr_par' dir='ltr' id='par_1_92' title="bbox 954 2222 1742 2258">
     <span class='ocr_line' id='line_1_92' title="bbox 954 2222 1742 2258; baseline -0.001 -9"><span class='ocrx_word' id='word_1_710' title='bbox 954 2223 992 2249; x_wconf 88' lang='lat' dir='ltr'><strong>ita</strong></span> <span class='ocrx_word' id='word_1_711' title='bbox 1010 2227 1040 2249; x_wconf 91' lang='lat' dir='ltr'><strong>ut</strong></span> <span class='ocrx_word' id='word_1_712' title='bbox 1054 2223 1185 2257; x_wconf 81' lang='lat' dir='ltr'><strong>deinceps</strong></span> <span class='ocrx_word' id='word_1_713' title='bbox 1199 2230 1254 2249; x_wconf 89' lang='lat' dir='ltr'><strong>non</strong></span> <span class='ocrx_word' id='word_1_714' title='bbox 1269 2223 1357 2258; x_wconf 88' lang='lat' dir='ltr'><strong>possit</strong></span> <span class='ocrx_word' id='word_1_715' title='bbox 1378 2231 1526 2250; x_wconf 89' lang='lat' dir='ltr'><strong>occurrere</strong></span> <span class='ocrx_word' id='word_1_716' title='bbox 1542 2222 1608 2257; x_wconf 86' lang='lat' dir='ltr'><strong>quid</strong></span> <span class='ocrx_word' id='word_1_717' title='bbox 1632 2222 1742 2256; x_wconf 75' lang='lat' dir='ltr'><strong>perieri-</strong></span> 
     </span>
    </p>
   </div>
   <div class='ocr_carea' id='block_1_93' title="bbox 109 2264 898 2302">
    <p class='ocr_par' dir='ltr' id='par_1_93' title="bbox 109 2264 898 2302">
     <span class='ocr_line' id='line_1_93' title="bbox 109 2264 898 2302; baseline 0.003 -11"><span class='ocrx_word' id='word_1_718' title='bbox 109 2266 206 2292; x_wconf 83' lang='lat' dir='ltr'><strong>Ouvov&#39;</strong></span> <span class='ocrx_word' id='word_1_719' title='bbox 229 2264 285 2301; x_wconf 80' lang='grc' dir='ltr'>ἆρά</span> <span class='ocrx_word' id='word_1_720' title='bbox 310 2274 341 2300; x_wconf 75' lang='grc' dir='ltr'>γε</span> <span class='ocrx_word' id='word_1_721' title='bbox 372 2266 515 2302; x_wconf 84' lang='grc' dir='ltr'>διαφόρους</span> <span class='ocrx_word' id='word_1_722' title='bbox 534 2268 607 2294; x_wconf 84' lang='grc' dir='ltr'>ποιεῖ</span> <span class='ocrx_word' id='word_1_723' title='bbox 632 2269 692 2293; x_wconf 83' lang='grc' dir='ltr'>κατ’</span> <span class='ocrx_word' id='word_1_724' title='bbox 715 2267 809 2294; x_wconf 80' lang='grc' dir='ltr'>οὐσίαν</span> <span class='ocrx_word' id='word_1_725' title='bbox 835 2268 898 2299; x_wconf 79' lang='grc' dir='ltr'>τοὺς</span> 
     </span>
    </p>
   </div>
   <div class='ocr_carea' id='block_1_94' title="bbox 111 2312 899 2350">
    <p class='ocr_par' dir='ltr' id='par_1_94' title="bbox 111 2312 899 2350">
     <span class='ocr_line' id='line_1_94' title="bbox 111 2312 899 2350; baseline 0.004 -12"><span class='ocrx_word' id='word_1_726' title='bbox 111 2312 242 2347; x_wconf 81' lang='grc' dir='ltr'>μετόχους</span> <span class='ocrx_word' id='word_1_727' title='bbox 266 2313 367 2348; x_wconf 84' lang='grc' dir='ltr'>αὐτῆς,</span> <span class='ocrx_word' id='word_1_728' title='bbox 394 2314 470 2348; x_wconf 80' lang='grc' dir='ltr'>παρά</span> <span class='ocrx_word' id='word_1_729' title='bbox 502 2315 565 2345; x_wconf 80' lang='grc' dir='ltr'>τοὺς</span> <span class='ocrx_word' id='word_1_730' title='bbox 596 2315 727 2350; x_wconf 76' lang='grc' dir='ltr'>μετόχους</span> <span class='ocrx_word' id='word_1_731' title='bbox 753 2316 802 2350; x_wconf 73' lang='grc' dir='ltr'>τῆς</span> <span class='ocrx_word' id='word_1_732' title='bbox 833 2314 899 2341; x_wconf 77' lang='grc' dir='ltr'>Ἰου-</span> 
     </span>
    </p>
   </div>
   <div class='ocr_carea' id='block_1_95' title="bbox 108 2357 900 2395">
    <p class='ocr_par' dir='ltr' id='par_1_95' title="bbox 108 2357 900 2395">
     <span class='ocr_line' id='line_1_95' title="bbox 108 2357 900 2395; baseline 0.004 -11"><span class='ocrx_word' id='word_1_733' title='bbox 108 2357 206 2392; x_wconf 72' lang='grc' dir='ltr'>δαῖκῆς</span> <span class='ocrx_word' id='word_1_734' title='bbox 237 2358 393 2390; x_wconf 78' lang='grc' dir='ltr'>υἱοθεσίας,</span> <span class='ocrx_word' id='word_1_735' title='bbox 428 2359 489 2394; x_wconf 83' lang='grc' dir='ltr'>ἥτις</span> <span class='ocrx_word' id='word_1_736' title='bbox 522 2359 635 2395; x_wconf 81' lang='grc' dir='ltr'>θνητοὺς</span> <span class='ocrx_word' id='word_1_737' title='bbox 663 2360 703 2386; x_wconf 78' lang='grc' dir='ltr'>ἔτι</span> <span class='ocrx_word' id='word_1_738' title='bbox 739 2361 788 2387; x_wconf 77' lang='grc' dir='ltr'>καὶ</span> <span class='ocrx_word' id='word_1_739' title='bbox 819 2369 900 2387; x_wconf 84' lang='grc' dir='ltr'>πται-</span> 
     </span>
    </p>
   </div>
   <div class='ocr_carea' id='block_1_96' title="bbox 111 2404 901 2441">
    <p class='ocr_par' dir='ltr' id='par_1_96' title="bbox 111 2404 901 2441">
     <span class='ocr_line' id='line_1_96' title="bbox 111 2404 901 2441; baseline 0.005 -12"><span class='ocrx_word' id='word_1_740' title='bbox 111 2404 191 2434; x_wconf 70' lang='grc' dir='ltr'>στοίις</span> <span class='ocrx_word' id='word_1_741' title='bbox 218 2404 264 2430; x_wconf 74' lang='grc' dir='ltr'>καὶ</span> <span class='ocrx_word' id='word_1_742' title='bbox 296 2404 407 2436; x_wconf 78' lang='grc' dir='ltr'>δούλους</span> <span class='ocrx_word' id='word_1_743' title='bbox 434 2405 481 2432; x_wconf 79' lang='grc' dir='ltr'>καὶ</span> <span class='ocrx_word' id='word_1_744' title='bbox 509 2406 656 2440; x_wconf 78' lang='grc' dir='ltr'>ὲμφόϐους,</span> <span class='ocrx_word' id='word_1_745' title='bbox 686 2407 733 2433; x_wconf 75' lang='grc' dir='ltr'><strong>καὶ</strong></span> <span class='ocrx_word' id='word_1_746' title='bbox 763 2414 901 2441; x_wconf 87' lang='grc' dir='ltr'>τιμωρου-</span> 
     </span>
    </p>
   </div>
   <div class='ocr_carea' id='block_1_97' title="bbox 112 2449 900 2485">
    <p class='ocr_par' dir='ltr' id='par_1_97' title="bbox 112 2449 900 2485">
     <span class='ocr_line' id='line_1_97' title="bbox 112 2449 900 2485; baseline 0.005 -10"><span class='ocrx_word' id='word_1_747' title='bbox 112 2449 222 2484; x_wconf 75' lang='grc' dir='ltr'>μένους,</span> <span class='ocrx_word' id='word_1_748' title='bbox 247 2450 296 2476; x_wconf 74' lang='grc' dir='ltr'>καὶ</span> <span class='ocrx_word' id='word_1_749' title='bbox 321 2450 350 2476; x_wconf 82' lang='grc' dir='ltr'>ἐν</span> <span class='ocrx_word' id='word_1_750' title='bbox 381 2449 499 2485; x_wconf 83' lang='grc' dir='ltr'>πληγαῖς</span> <span class='ocrx_word' id='word_1_751' title='bbox 523 2451 643 2478; x_wconf 79' lang='grc' dir='ltr'>δείκνυσι</span> <span class='ocrx_word' id='word_1_752' title='bbox 674 2452 736 2483; x_wconf 81' lang='grc' dir='ltr'>τοὺς</span> <span class='ocrx_word' id='word_1_753' title='bbox 766 2452 826 2478; x_wconf 80' lang='grc' dir='ltr'>κατ’</span> <span class='ocrx_word' id='word_1_754' title='bbox 850 2453 900 2478; x_wconf 81' lang='grc' dir='ltr'><strong>αὐ-</strong></span> 
     </span>
    </p>
   </div>
   <div class='ocr_carea' id='block_1_98' title="bbox 110 2494 902 2532">
    <p class='ocr_par' dir='ltr' id='par_1_98' title="bbox 110 2494 902 2532">
     <span class='ocr_line' id='line_1_98' title="bbox 110 2494 902 2532; baseline 0.005 -11"><span class='ocrx_word' id='word_1_755' title='bbox 110 2496 174 2526; x_wconf 71' lang='grc' dir='ltr'>τοὺς</span> <span class='ocrx_word' id='word_1_756' title='bbox 188 2494 424 2531; x_wconf 81' lang='grc' dir='ltr'>υἱοθετουμένους,</span> <span class='ocrx_word' id='word_1_757' title='bbox 439 2496 456 2532; x_wconf 80' lang='grc' dir='ltr'>ἢ</span> <span class='ocrx_word' id='word_1_758' title='bbox 473 2496 531 2531; x_wconf 82' lang='grc' dir='ltr'>οὐχί</span> <span class='ocrx_word' id='word_1_759' title='bbox 544 2506 551 2530; x_wconf 89' lang='grc'>;</span> <span class='ocrx_word' id='word_1_760' title='bbox 568 2498 591 2523; x_wconf 76' lang='grc' dir='ltr'><strong>εἰ</strong></span> <span class='ocrx_word' id='word_1_761' title='bbox 606 2497 634 2523; x_wconf 76' lang='grc' dir='ltr'>δὲ</span> <span class='ocrx_word' id='word_1_762' title='bbox 659 2498 768 2529; x_wconf 84' lang='grc' dir='ltr'>πάντως</span> <span class='ocrx_word' id='word_1_763' title='bbox 789 2498 820 2524; x_wconf 79' lang='grc' dir='ltr'>τὸ</span> <span class='ocrx_word' id='word_1_764' title='bbox 833 2498 902 2525; x_wconf 84' lang='grc' dir='ltr'>ἀθά-</span> 
     </span>
    </p>
   </div>
   <div class='ocr_carea' id='block_1_99' title="bbox 110 2539 900 2579">
    <p class='ocr_par' dir='ltr' id='par_1_99' title="bbox 110 2539 900 2579">
     <span class='ocr_line' id='line_1_99' title="bbox 110 2539 900 2579; baseline 0.003 -11"><span class='ocrx_word' id='word_1_765' title='bbox 110 2550 191 2568; x_wconf 78' lang='grc' dir='ltr'>νατον</span> <span class='ocrx_word' id='word_1_766' title='bbox 206 2539 275 2572; x_wconf 80' lang='grc' dir='ltr'>ζῶον</span> <span class='ocrx_word' id='word_1_767' title='bbox 290 2542 337 2568; x_wconf 77' lang='grc' dir='ltr'><strong>καὶ</strong></span> <span class='ocrx_word' id='word_1_768' title='bbox 353 2541 498 2577; x_wconf 82' lang='grc' dir='ltr'>ἄτρεπτον,</span> <span class='ocrx_word' id='word_1_769' title='bbox 513 2543 560 2569; x_wconf 71' lang='grc' dir='ltr'><strong>καὶ</strong></span> <span class='ocrx_word' id='word_1_770' title='bbox 575 2543 610 2570; x_wconf 78' lang='grc' dir='ltr'>τὰ</span> <span class='ocrx_word' id='word_1_771' title='bbox 634 2543 716 2570; x_wconf 76' lang='grc' dir='ltr'>λοιπὰ</span> <span class='ocrx_word' id='word_1_772' title='bbox 732 2543 900 2579; x_wconf 77' lang='grc' dir='ltr'>ἐτεροούσιον</span> 
     </span>
    </p>
   </div>
   <div class='ocr_carea' id='block_1_100' title="bbox 109 2587 900 2626">
    <p class='ocr_par' dir='ltr' id='par_1_100' title="bbox 109 2587 900 2626">
     <span class='ocr_line' id='line_1_100' title="bbox 109 2587 900 2626; baseline 0.005 -13"><span class='ocrx_word' id='word_1_773' title='bbox 109 2588 158 2613; x_wconf 79' lang='grc' dir='ltr'>τοῦ</span> <span class='ocrx_word' id='word_1_774' title='bbox 170 2587 269 2623; x_wconf 85' lang='grc' dir='ltr'>θνητοῦ</span> <span class='ocrx_word' id='word_1_775' title='bbox 283 2589 330 2615; x_wconf 74' lang='grc' dir='ltr'><strong>καὶ</strong></span> <span class='ocrx_word' id='word_1_776' title='bbox 342 2588 461 2624; x_wconf 69' lang='grc' dir='ltr'>’ξρετετοῦ</span> <span class='ocrx_word' id='word_1_777' title='bbox 478 2589 525 2615; x_wconf 72' lang='grc' dir='ltr'><strong>καὶ</strong></span> <span class='ocrx_word' id='word_1_778' title='bbox 535 2590 569 2616; x_wconf 82' lang='grc' dir='ltr'>τὰ</span> <span class='ocrx_word' id='word_1_779' title='bbox 584 2590 665 2625; x_wconf 83' lang='grc' dir='ltr'>ὅμοια</span> <span class='ocrx_word' id='word_1_780' title='bbox 681 2590 900 2626; x_wconf 80' lang='grc' dir='ltr'>ὲπιδεδειγμένου</span> 
     </span>
    </p>
   </div>
   <div class='ocr_carea' id='block_1_101' title="bbox 111 2633 902 2672">
    <p class='ocr_par' dir='ltr' id='par_1_101' title="bbox 111 2633 902 2672">
     <span class='ocr_line' id='line_1_101' title="bbox 111 2633 902 2672; baseline 0.005 -13"><span class='ocrx_word' id='word_1_781' title='bbox 111 2634 182 2666; x_wconf 73' lang='grc' dir='ltr'>ἐστὶ,</span> <span class='ocrx_word' id='word_1_782' title='bbox 200 2635 352 2669; x_wconf 80' lang='grc' dir='ltr'>σκοπητέον</span> <span class='ocrx_word' id='word_1_783' title='bbox 373 2633 466 2660; x_wconf 77' lang='grc' dir='ltr'>λοιπὸν</span> <span class='ocrx_word' id='word_1_784' title='bbox 484 2635 531 2661; x_wconf 77' lang='grc' dir='ltr'>καὶ</span> <span class='ocrx_word' id='word_1_785' title='bbox 547 2637 596 2670; x_wconf 85' lang='grc' dir='ltr'><strong>τὴν</strong></span> <span class='ocrx_word' id='word_1_786' title='bbox 619 2636 690 2662; x_wconf 82' lang='grc' dir='ltr'>κατὰ</span> <span class='ocrx_word' id='word_1_787' title='bbox 713 2637 830 2672; x_wconf 79' lang='grc' dir='ltr'>Χριστὸν</span> <span class='ocrx_word' id='word_1_788' title='bbox 845 2638 902 2663; x_wconf 85' lang='grc' dir='ltr'>υἱο-</span> 
     </span>
    </p>
   </div>
   <div class='ocr_carea' id='block_1_102' title="bbox 111 2677 903 2718">
    <p class='ocr_par' dir='ltr' id='par_1_102' title="bbox 111 2677 903 2718">
     <span class='ocr_line' id='line_1_102' title="bbox 111 2677 903 2718; baseline 0.004 -13"><span class='ocrx_word' id='word_1_789' title='bbox 111 2678 216 2706; x_wconf 77' lang='grc' dir='ltr'>Θεσίαν·</span> <span class='ocrx_word' id='word_1_790' title='bbox 230 2677 286 2714; x_wconf 80' lang='grc' dir='ltr'>ἆρά</span> <span class='ocrx_word' id='word_1_791' title='bbox 295 2688 326 2714; x_wconf 87' lang='grc' dir='ltr'><strong>γε</strong></span> <span class='ocrx_word' id='word_1_792' title='bbox 338 2680 389 2707; x_wconf 85' lang='grc' dir='ltr'>οὐκ</span> <span class='ocrx_word' id='word_1_793' title='bbox 403 2681 508 2707; x_wconf 77' lang='grc' dir='ltr'>εἴποιτε</span> <span class='ocrx_word' id='word_1_794' title='bbox 522 2683 570 2708; x_wconf 58' lang='grc' dir='ltr'><strong>καὶ⁸</strong></span> <span class='ocrx_word' id='word_1_795' title='bbox 583 2682 668 2716; x_wconf 63' lang='grc' dir='ltr'>αὐτὴν</span> <span class='ocrx_word' id='word_1_796' title='bbox 678 2681 804 2708; x_wconf 81' lang='grc' dir='ltr'>τοσοῦτον</span> <span class='ocrx_word' id='word_1_797' title='bbox 819 2682 903 2718; x_wconf 79' lang='grc' dir='ltr'>ὑπερ-</span> 
     </span>
    </p>
   </div>
   <div class='ocr_carea' id='block_1_103' title="bbox 111 2724 902 2762">
    <p class='ocr_par' dir='ltr' id='par_1_103' title="bbox 111 2724 902 2762">
     <span class='ocr_line' id='line_1_103' title="bbox 111 2724 902 2762; baseline 0.005 -13"><span class='ocrx_word' id='word_1_798' title='bbox 111 2724 186 2759; x_wconf 61' lang='grc' dir='ltr'>έχειν</span> <span class='ocrx_word' id='word_1_799' title='bbox 200 2724 250 2758; x_wconf 81' lang='grc' dir='ltr'>τῆς</span> <span class='ocrx_word' id='word_1_800' title='bbox 267 2725 328 2751; x_wconf 79' lang='grc' dir='ltr'>καθ’</span> <span class='ocrx_word' id='word_1_801' title='bbox 344 2726 417 2761; x_wconf 78' lang='grc' dir='ltr'>ἡμᾶς</span> <span class='ocrx_word' id='word_1_802' title='bbox 443 2727 506 2757; x_wconf 78' lang='grc' dir='ltr'>τοὺς</span> <span class='ocrx_word' id='word_1_803' title='bbox 530 2725 641 2757; x_wconf 75' lang='grc' dir='ltr'>λοιποὺς</span> <span class='ocrx_word' id='word_1_804' title='bbox 657 2726 817 2762; x_wconf 79' lang='grc' dir='ltr'>ἀνθρώπους</span> <span class='ocrx_word' id='word_1_805' title='bbox 832 2727 902 2761; x_wconf 86' lang='grc' dir='ltr'>Χρι-</span> 
     </span>
    </p>
   </div>
   <div class='ocr_carea' id='block_1_104' title="bbox 115 2771 900 2808">
    <p class='ocr_par' dir='ltr' id='par_1_104' title="bbox 115 2771 900 2808">
     <span class='ocr_line' id='line_1_104' title="bbox 115 2771 900 2808; baseline 0.003 -11"><span class='ocrx_word' id='word_1_806' title='bbox 115 2771 237 2802; x_wconf 65' lang='lat' dir='ltr'><strong>mar/ob;</strong></span> <span class='ocrx_word' id='word_1_807' title='bbox 255 2771 400 2804; x_wconf 67' lang='grc' dir='ltr'>υἱοθεσίας,</span> <span class='ocrx_word' id='word_1_808' title='bbox 416 2772 467 2799; x_wconf 70' lang='grc' dir='ltr'><strong>κᾶν</strong></span> <span class='ocrx_word' id='word_1_809' title='bbox 478 2772 539 2799; x_wconf 74' lang='grc' dir='ltr'>ὅσον</span> <span class='ocrx_word' id='word_1_810' title='bbox 553 2781 585 2807; x_wconf 82' lang='grc' dir='ltr'>γε</span> <span class='ocrx_word' id='word_1_811' title='bbox 601 2773 616 2807; x_wconf 81' lang='grc' dir='ltr'>ἡ</span> <span class='ocrx_word' id='word_1_812' title='bbox 629 2773 753 2808; x_wconf 75' lang='grc' dir='ltr'>ἡμετέρα</span> <span class='ocrx_word' id='word_1_813' title='bbox 767 2773 816 2807; x_wconf 74' lang='grc' dir='ltr'><strong>τῆς</strong></span> <span class='ocrx_word' id='word_1_814' title='bbox 836 2773 900 2800; x_wconf 85' lang='grc' dir='ltr'>Ἰου-</span> 
     </span>
    </p>
   </div>
   <div class='ocr_carea' id='block_1_105' title="bbox 141 2848 683 2886">
    <p class='ocr_par' dir='ltr' id='par_1_105' title="bbox 141 2848 683 2886">
     <span class='ocr_line' id='line_1_105' title="bbox 141 2848 683 2886; baseline 0.015 -14"><span class='ocrx_word' id='word_1_815' title='bbox 175 2848 271 2874; x_wconf 65' lang='grc' dir='ltr'><strong>[ζιὶὶίιδ.</strong></span> <span class='ocrx_word' id='word_1_816' title='bbox 285 2849 400 2882; x_wconf 69' lang='grc' dir='ltr'><strong>ι,ί20,ἱὶι.</strong></span> <span class='ocrx_word' id='word_1_817' title='bbox 425 2851 565 2886; x_wconf 54' lang='lat' dir='ltr'><strong>“Philipp</strong></span> <span class='ocrx_word' id='word_1_818' title='bbox 598 2862 625 2879; x_wconf 81' lang='grc' dir='ltr'>ιι.</span> <span class='ocrx_word' id='word_1_819' title='bbox 644 2853 683 2880; x_wconf 74' lang='lat' dir='ltr'><strong>i0.</strong></span> 
     </span>
    </p>
   </div>
   <div class='ocr_carea' id='block_1_106' title="bbox 727 2853 943 2887">
    <p class='ocr_par' dir='ltr' id='par_1_106' title="bbox 727 2853 943 2887">
     <span class='ocr_line' id='line_1_106' title="bbox 727 2853 943 2887; baseline -0.005 -7"><span class='ocrx_word' id='word_1_820' title='bbox 727 2854 744 2869; x_wconf 80' lang='grc'><strong>’⁷</strong></span> <span class='ocrx_word' id='word_1_821' title='bbox 760 2853 861 2887; x_wconf 76' lang='lat' dir='ltr'><strong>Ephes.</strong></span> <span class='ocrx_word' id='word_1_822' title='bbox 875 2853 943 2886; x_wconf 33' lang='lat' dir='ltr'><strong>I322.</strong></span> 
     </span>
    </p>
   </div>
   <div class='ocr_carea' id='block_1_107' title="bbox 951 2267 1741 2303">
    <p class='ocr_par' dir='ltr' id='par_1_107' title="bbox 951 2267 1741 2303">
     <span class='ocr_line' id='line_1_107' title="bbox 951 2267 1741 2303; baseline -0.003 -8"><span class='ocrx_word' id='word_1_823' title='bbox 951 2268 1042 2295; x_wconf 88' lang='lat' dir='ltr'><strong>losum</strong></span> <span class='ocrx_word' id='word_1_824' title='bbox 1054 2273 1202 2303; x_wconf 88' lang='lat' dir='ltr'><strong>propterea</strong></span> <span class='ocrx_word' id='word_1_825' title='bbox 1214 2269 1287 2303; x_wconf 91' lang='lat' dir='ltr'><strong>quod</strong></span> <span class='ocrx_word' id='word_1_826' title='bbox 1296 2268 1440 2303; x_wconf 87' lang='lat' dir='ltr'><strong>suppliciis</strong></span> <span class='ocrx_word' id='word_1_827' title='bbox 1451 2268 1518 2294; x_wconf 92' lang='lat' dir='ltr'><strong>nihil</strong></span> <span class='ocrx_word' id='word_1_828' title='bbox 1530 2268 1564 2294; x_wconf 89' lang='lat' dir='ltr'><strong>sit</strong></span> <span class='ocrx_word' id='word_1_829' title='bbox 1575 2267 1741 2294; x_wconf 68' lang='lat' dir='ltr'><strong>obnoxium:</strong></span> 
     </span>
    </p>
   </div>
   <div class='ocr_carea' id='block_1_108' title="bbox 951 2312 1743 2347">
    <p class='ocr_par' dir='ltr' id='par_1_108' title="bbox 951 2312 1743 2347">
     <span class='ocr_line' id='line_1_108' title="bbox 951 2312 1743 2347; baseline -0.004 -6"><span class='ocrx_word' id='word_1_830' title='bbox 951 2321 1022 2340; x_wconf 82' lang='lat' dir='ltr'><strong>anne</strong></span> <span class='ocrx_word' id='word_1_831' title='bbox 1041 2314 1201 2341; x_wconf 82' lang='lat' dir='ltr'><strong>diil&#39;crcntes</strong></span> <span class='ocrx_word' id='word_1_832' title='bbox 1219 2314 1285 2341; x_wconf 81' lang='lat' dir='ltr'><strong>facit</strong></span> <span class='ocrx_word' id='word_1_833' title='bbox 1299 2314 1452 2341; x_wconf 88' lang='lat' dir='ltr'><strong>secundum</strong></span> <span class='ocrx_word' id='word_1_834' title='bbox 1469 2312 1653 2340; x_wconf 83' lang='lat' dir='ltr'><strong>substantiam</strong></span> <span class='ocrx_word' id='word_1_835' title='bbox 1677 2321 1743 2347; x_wconf 77' lang='lat' dir='ltr'><strong>par—</strong></span> 
     </span>
    </p>
   </div>
   <div class='ocr_carea' id='block_1_109' title="bbox 954 2357 1743 2395">
    <p class='ocr_par' dir='ltr' id='par_1_109' title="bbox 954 2357 1743 2395">
     <span class='ocr_line' id='line_1_109' title="bbox 954 2357 1743 2395; baseline -0.001 -8"><span class='ocrx_word' id='word_1_836' title='bbox 954 2359 1052 2394; x_wconf 86' lang='lat' dir='ltr'><strong>ticipes</strong></span> <span class='ocrx_word' id='word_1_837' title='bbox 1077 2357 1167 2395; x_wconf 81' lang='lat' dir='ltr'><strong>ipsius</strong></span> <span class='ocrx_word' id='word_1_838' title='bbox 1178 2367 1193 2386; x_wconf 92' lang='lat' dir='ltr'><strong>a</strong></span> <span class='ocrx_word' id='word_1_839' title='bbox 1204 2360 1389 2395; x_wconf 83' lang='lat' dir='ltr'><strong>participibus</strong></span> <span class='ocrx_word' id='word_1_840' title='bbox 1404 2359 1525 2387; x_wconf 68' lang='lat' dir='ltr'><strong>Judaicm</strong></span> <span class='ocrx_word' id='word_1_841' title='bbox 1542 2359 1661 2386; x_wconf 90' lang='lat' dir='ltr'><strong>ﬁliorum</strong></span> <span class='ocrx_word' id='word_1_842' title='bbox 1677 2358 1743 2386; x_wconf 90' lang='lat' dir='ltr'><strong>ado-</strong></span> 
     </span>
    </p>
   </div>
   <div class='ocr_carea' id='block_1_110' title="bbox 953 2405 1743 2439">
    <p class='ocr_par' dir='ltr' id='par_1_110' title="bbox 953 2405 1743 2439">
     <span class='ocr_line' id='line_1_110' title="bbox 953 2405 1743 2439; baseline -0.001 -8"><span class='ocrx_word' id='word_1_843' title='bbox 953 2405 1066 2438; x_wconf 89' lang='lat' dir='ltr'><strong>ptionis,</strong></span> <span class='ocrx_word' id='word_1_844' title='bbox 1084 2413 1145 2439; x_wconf 60' lang='lat' dir='ltr'><strong>qua:</strong></span> <span class='ocrx_word' id='word_1_845' title='bbox 1156 2405 1287 2432; x_wconf 82' lang='lat' dir='ltr'><strong>mortales</strong></span> <span class='ocrx_word' id='word_1_846' title='bbox 1304 2405 1395 2432; x_wconf 84' lang='lat' dir='ltr'><strong>adhuc</strong></span> <span class='ocrx_word' id='word_1_847' title='bbox 1410 2409 1438 2431; x_wconf 89' lang='lat' dir='ltr'><strong>et</strong></span> <span class='ocrx_word' id='word_1_848' title='bbox 1452 2405 1584 2439; x_wconf 87' lang='lat' dir='ltr'><strong>deceptos</strong></span> <span class='ocrx_word' id='word_1_849' title='bbox 1608 2408 1635 2431; x_wconf 92' lang='lat' dir='ltr'><strong>et</strong></span> <span class='ocrx_word' id='word_1_850' title='bbox 1648 2412 1743 2431; x_wconf 81' lang='lat' dir='ltr'><strong>servos</strong></span> 
     </span>
    </p>
   </div>
   <div class='ocr_carea' id='block_1_111' title="bbox 952 2443 1743 2486">
    <p class='ocr_par' dir='ltr' id='par_1_111' title="bbox 952 2443 1743 2486">
     <span class='ocr_line' id='line_1_111' title="bbox 952 2443 1743 2486; baseline -0.003 -8"><span class='ocrx_word' id='word_1_851' title='bbox 952 2455 980 2478; x_wconf 87' lang='lat' dir='ltr'><strong>et</strong></span> <span class='ocrx_word' id='word_1_852' title='bbox 996 2443 1167 2483; x_wconf 74' lang='lat' dir='ltr'><strong>tcrrei‘actos,</strong></span> <span class='ocrx_word' id='word_1_853' title='bbox 1182 2454 1210 2478; x_wconf 88' lang='lat' dir='ltr'><strong>et</strong></span> <span class='ocrx_word' id='word_1_854' title='bbox 1224 2451 1351 2483; x_wconf 82' lang='lat' dir='ltr'><strong>aiiiictos,</strong></span> <span class='ocrx_word' id='word_1_855' title='bbox 1362 2455 1390 2478; x_wconf 87' lang='lat' dir='ltr'><strong>et</strong></span> <span class='ocrx_word' id='word_1_856' title='bbox 1403 2451 1429 2478; x_wconf 92' lang='lat' dir='ltr'><strong>in</strong></span> <span class='ocrx_word' id='word_1_857' title='bbox 1441 2451 1526 2486; x_wconf 79' lang='lat' dir='ltr'><strong>plagis</strong></span> <span class='ocrx_word' id='word_1_858' title='bbox 1536 2450 1657 2477; x_wconf 87' lang='lat' dir='ltr'><strong>ostendit</strong></span> <span class='ocrx_word' id='word_1_859' title='bbox 1670 2450 1743 2484; x_wconf 85' lang='lat' dir='ltr'><strong>apud</strong></span> 
     </span>
    </p>
   </div>
   <div class='ocr_carea' id='block_1_112' title="bbox 954 2495 1743 2532">
    <p class='ocr_par' dir='ltr' id='par_1_112' title="bbox 954 2495 1743 2532">
     <span class='ocr_line' id='line_1_112' title="bbox 954 2495 1743 2532; baseline 0 -9"><span class='ocrx_word' id='word_1_860' title='bbox 954 2496 1029 2531; x_wconf 83' lang='lat' dir='ltr'><strong>ipsos</strong></span> <span class='ocrx_word' id='word_1_861' title='bbox 1053 2497 1081 2523; x_wconf 92' lang='lat' dir='ltr'><strong>in</strong></span> <span class='ocrx_word' id='word_1_862' title='bbox 1106 2497 1282 2531; x_wconf 88' lang='lat' dir='ltr'><strong>adoptionem</strong></span> <span class='ocrx_word' id='word_1_863' title='bbox 1315 2501 1452 2532; x_wconf 87' lang='lat' dir='ltr'><strong>receptos,</strong></span> <span class='ocrx_word' id='word_1_864' title='bbox 1480 2505 1514 2523; x_wconf 91' lang='lat' dir='ltr'><strong>an</strong></span> <span class='ocrx_word' id='word_1_865' title='bbox 1542 2495 1661 2523; x_wconf 69' lang='lat' dir='ltr'><strong>nouTSi</strong></span> <span class='ocrx_word' id='word_1_866' title='bbox 1677 2504 1743 2523; x_wconf 79' lang='lat' dir='ltr'><strong>vero</strong></span> 
     </span>
    </p>
   </div>
   <div class='ocr_carea' id='block_1_113' title="bbox 953 2542 1742 2576">
    <p class='ocr_par' dir='ltr' id='par_1_113' title="bbox 953 2542 1742 2576">
     <span class='ocr_line' id='line_1_113' title="bbox 953 2542 1742 2576; baseline -0.001 -7"><span class='ocrx_word' id='word_1_867' title='bbox 953 2543 1067 2569; x_wconf 89' lang='lat' dir='ltr'><strong>omnino</strong></span> <span class='ocrx_word' id='word_1_868' title='bbox 1080 2542 1235 2570; x_wconf 86' lang='lat' dir='ltr'><strong>immortale</strong></span> <span class='ocrx_word' id='word_1_869' title='bbox 1249 2543 1346 2570; x_wconf 83' lang='lat' dir='ltr'><strong>vivens</strong></span> <span class='ocrx_word' id='word_1_870' title='bbox 1360 2547 1388 2570; x_wconf 93' lang='lat' dir='ltr'><strong>et</strong></span> <span class='ocrx_word' id='word_1_871' title='bbox 1400 2543 1570 2570; x_wconf 85' lang='lat' dir='ltr'><strong>immutabile</strong></span> <span class='ocrx_word' id='word_1_872' title='bbox 1582 2546 1609 2569; x_wconf 93' lang='lat' dir='ltr'><strong>ct</strong></span> <span class='ocrx_word' id='word_1_873' title='bbox 1624 2542 1742 2576; x_wconf 84' lang='lat' dir='ltr'><strong>reliqua,</strong></span> 
     </span>
    </p>
   </div>
   <div class='ocr_carea' id='block_1_114' title="bbox 953 2588 1745 2624">
    <p class='ocr_par' dir='ltr' id='par_1_114' title="bbox 953 2588 1745 2624">
     <span class='ocr_line' id='line_1_114' title="bbox 953 2588 1745 2624; baseline -0.001 -8"><span class='ocrx_word' id='word_1_874' title='bbox 953 2589 1066 2616; x_wconf 86' lang='lat' dir='ltr'><strong>alterius</strong></span> <span class='ocrx_word' id='word_1_875' title='bbox 1081 2593 1124 2616; x_wconf 90' lang='lat' dir='ltr'><strong>est</strong></span> <span class='ocrx_word' id='word_1_876' title='bbox 1137 2589 1298 2616; x_wconf 83' lang='lat' dir='ltr'><strong>substantia:</strong></span> <span class='ocrx_word' id='word_1_877' title='bbox 1309 2597 1341 2616; x_wconf 90' lang='lat' dir='ltr'><strong>ac</strong></span> <span class='ocrx_word' id='word_1_878' title='bbox 1352 2589 1425 2624; x_wconf 92' lang='lat' dir='ltr'><strong>quod</strong></span> <span class='ocrx_word' id='word_1_879' title='bbox 1440 2589 1557 2616; x_wconf 86' lang='lat' dir='ltr'><strong>mortale</strong></span> <span class='ocrx_word' id='word_1_880' title='bbox 1570 2592 1594 2616; x_wconf 90' lang='lat' dir='ltr'><strong>et</strong></span> <span class='ocrx_word' id='word_1_881' title='bbox 1613 2589 1698 2615; x_wconf 76' lang='lat' dir='ltr'><strong>mutui</strong></span> <span class='ocrx_word' id='word_1_882' title='bbox 1710 2588 1745 2615; x_wconf 86' lang='lat' dir='ltr'><strong>ile</strong></span> 
     </span>
    </p>
   </div>
   <div class='ocr_carea' id='block_1_115' title="bbox 953 2634 1745 2668">
    <p class='ocr_par' dir='ltr' id='par_1_115' title="bbox 953 2634 1745 2668">
     <span class='ocr_line' id='line_1_115' title="bbox 953 2634 1745 2668; baseline -0.001 -8"><span class='ocrx_word' id='word_1_883' title='bbox 953 2638 980 2660; x_wconf 86' lang='lat' dir='ltr'><strong>et</strong></span> <span class='ocrx_word' id='word_1_884' title='bbox 995 2634 1107 2666; x_wconf 88' lang='lat' dir='ltr'><strong>similia,</strong></span> <span class='ocrx_word' id='word_1_885' title='bbox 1128 2635 1286 2666; x_wconf 79' lang='lat' dir='ltr'><strong>exhibetur,</strong></span> <span class='ocrx_word' id='word_1_886' title='bbox 1308 2635 1510 2662; x_wconf 85' lang='lat' dir='ltr'><strong>consideranda</strong></span> <span class='ocrx_word' id='word_1_887' title='bbox 1542 2639 1584 2662; x_wconf 87' lang='lat' dir='ltr'><strong>est</strong></span> <span class='ocrx_word' id='word_1_888' title='bbox 1614 2634 1745 2668; x_wconf 84' lang='lat' dir='ltr'><strong>deinceps</strong></span> 
     </span>
    </p>
   </div>
   <div class='ocr_carea' id='block_1_116' title="bbox 955 2679 1745 2716">
    <p class='ocr_par' dir='ltr' id='par_1_116' title="bbox 955 2679 1745 2716">
     <span class='ocr_line' id='line_1_116' title="bbox 955 2679 1745 2716; baseline 0 -10"><span class='ocrx_word' id='word_1_889' title='bbox 955 2680 1027 2714; x_wconf 90' lang='lat' dir='ltr'><strong>apud</strong></span> <span class='ocrx_word' id='word_1_890' title='bbox 1044 2679 1185 2708; x_wconf 86' lang='lat' dir='ltr'><strong>Christum</strong></span> <span class='ocrx_word' id='word_1_891' title='bbox 1213 2681 1331 2708; x_wconf 90' lang='lat' dir='ltr'><strong>ﬁliorum</strong></span> <span class='ocrx_word' id='word_1_892' title='bbox 1356 2681 1485 2716; x_wconf 86' lang='lat' dir='ltr'><strong>adoptio:</strong></span> <span class='ocrx_word' id='word_1_893' title='bbox 1503 2682 1600 2709; x_wconf 87' lang='lat' dir='ltr'><strong>Nonne</strong></span> <span class='ocrx_word' id='word_1_894' title='bbox 1615 2679 1745 2708; x_wconf 87' lang='lat' dir='ltr'><strong>diceretis</strong></span> 
     </span>
    </p>
   </div>
   <div class='ocr_carea' id='block_1_117' title="bbox 955 2725 1745 2762">
    <p class='ocr_par' dir='ltr' id='par_1_117' title="bbox 955 2725 1745 2762">
     <span class='ocr_line' id='line_1_117' title="bbox 955 2725 1745 2762; baseline -0.003 -9"><span class='ocrx_word' id='word_1_895' title='bbox 955 2730 983 2753; x_wconf 95' lang='lat' dir='ltr'><strong>ct</strong></span> <span class='ocrx_word' id='word_1_896' title='bbox 998 2727 1084 2762; x_wconf 84' lang='lat' dir='ltr'><strong>ipsam</strong></span> <span class='ocrx_word' id='word_1_897' title='bbox 1102 2731 1208 2754; x_wconf 89' lang='lat' dir='ltr'><strong>tantum</strong></span> <span class='ocrx_word' id='word_1_898' title='bbox 1225 2727 1361 2755; x_wconf 81' lang='lat' dir='ltr'><strong>excellere</strong></span> <span class='ocrx_word' id='word_1_899' title='bbox 1375 2727 1495 2755; x_wconf 90' lang='lat' dir='ltr'><strong>ﬁliorum</strong></span> <span class='ocrx_word' id='word_1_900' title='bbox 1511 2726 1657 2761; x_wconf 87' lang='lat' dir='ltr'><strong>adoptione</strong></span> <span class='ocrx_word' id='word_1_901' title='bbox 1671 2725 1745 2760; x_wconf 86' lang='lat' dir='ltr'><strong>apud</strong></span> 
     </span>
    </p>
   </div>
   <div class='ocr_carea' id='block_1_118' title="bbox 956 2774 1747 2811">
    <p class='ocr_par' dir='ltr' id='par_1_118' title="bbox 956 2774 1747 2811">
     <span class='ocr_line' id='line_1_118' title="bbox 956 2774 1747 2811; baseline -0.001 -11"><span class='ocrx_word' id='word_1_902' title='bbox 956 2782 1007 2800; x_wconf 86' lang='lat' dir='ltr'><strong>nos</strong></span> <span class='ocrx_word' id='word_1_903' title='bbox 1022 2778 1135 2811; x_wconf 62' lang='lat' dir='ltr'><strong>caeteros</strong></span> <span class='ocrx_word' id='word_1_904' title='bbox 1157 2774 1285 2802; x_wconf 83' lang='lat' dir='ltr'><strong>homines</strong></span> <span class='ocrx_word' id='word_1_905' title='bbox 1310 2774 1486 2806; x_wconf 85' lang='lat' dir='ltr'><strong>christianos,</strong></span> <span class='ocrx_word' id='word_1_906' title='bbox 1502 2778 1635 2808; x_wconf 87' lang='lat' dir='ltr'><strong>quantum</strong></span> <span class='ocrx_word' id='word_1_907' title='bbox 1651 2775 1747 2801; x_wconf 81' lang='lat' dir='ltr'><strong>nostra</strong></span> 
     </span>
    </p>
   </div>
   <div class='ocr_carea' id='block_1_119' title="bbox 1043 2853 1257 2885">
    <p class='ocr_par' dir='ltr' id='par_1_119' title="bbox 1043 2853 1257 2885">
     <span class='ocr_line' id='line_1_119' title="bbox 1043 2853 1257 2885; baseline 0.009 -7"><span class='ocrx_word' id='word_1_908' title='bbox 1043 2853 1063 2867; x_wconf 51' lang='grc' dir='ltr'><strong><em>η</em></strong></span> <span class='ocrx_word' id='word_1_909' title='bbox 1076 2853 1087 2879; x_wconf 83' lang='grc'><strong>1</strong></span> <span class='ocrx_word' id='word_1_910' title='bbox 1101 2853 1170 2879; x_wconf 74' lang='lat' dir='ltr'><strong>I‘im.</strong></span> <span class='ocrx_word' id='word_1_911' title='bbox 1189 2861 1216 2885; x_wconf 89' lang='grc' dir='ltr'><strong>ιι,</strong></span> <span class='ocrx_word' id='word_1_912' title='bbox 1234 2854 1257 2881; x_wconf 72' lang='grc'><strong>5,</strong></span> 
     </span>
    </p>
   </div>
   <div class='ocr_carea' id='block_1_120' title="bbox 1667 146 1785 180">
    <p class='ocr_par' dir='ltr' id='par_1_120' title="bbox 1667 146 1785 180">
     <span class='ocr_line' id='line_1_120' title="bbox 1667 146 1785 180; baseline 0 -1"><span class='ocrx_word' id='word_1_913' title='bbox 1667 148 1735 180; x_wconf 76' lang='grc'><strong>1030</strong></span> <span class='ocrx_word' id='word_1_914' title='bbox 1764 146 1785 165; x_wconf 81' lang='grc'><strong>⁹</strong></span> 
     </span>
    </p>
   </div>
  </div>
