1968 3094
218 137 284 170 1611

851 139 1004 170 LEONTII
1028 139 1234 170 BYZANTINI‘

1788 141 1855 175 1612

215 194 289 231 quod
311 201 326 222 ρ
341 193 412 231 gallo
427 198 455 221 et
471 193 605 228 phasiano
622 199 713 222 ortmn
731 195 827 222 esset?
841 195 948 222 Pariter
962 203 1006 222 au-

1061 195 1170 230 τεχθέν;
1189 196 1265 230 ὅμως
1277 195 1304 222 δὲ
1318 196 1410 229 λέγετε
1426 196 1501 231 ἡμῖν,
1515 197 1685 232 φυσιολόγοι·
1699 198 1759 225 υὲδν
1773 199 1854 226 τῶνδε

216 246 271 268 tem
286 240 370 268 dic-ite
390 240 480 273 nobis,
493 240 648 276 physiologi
666 249 672 268 ξ
687 240 764 268 Anne
780 240 866 268 filium
891 241 1006 268 istorum

214 287 320 314 vocatis
344 287 412 314 illud
437 287 593 318 minimum,
608 292 636 315 et
661 287 806 315 habetisne
831 288 899 315 illud
923 295 1006 315 unam

215 332 342 360 animalis
351 332 525 366 totalitatem,
538 333 657 361 nec-ne?
673 333 700 361 Si
716 334 789 361 enim
803 334 831 361 id
840 341 939 369 negare
950 341 1005 361 non

215 379 298 407 detur
314 378 404 411 vobis,
425 379 564 414 quomodo
580 379 614 406 de
638 379 682 407 his
704 387 765 414 quae
787 385 852 407 sunt
876 385 1006 415 tanquam

215 423 249 451 de
266 423 308 451 his
319 431 380 458 qum
394 431 450 450 non
462 428 527 451 stmt
539 423 705 458 loquimini?
717 423 770 451 Sed
787 425 893 456 talium,
905 425 1005 460 inquit,

214 473 257 496 est
271 469 364 496 mistio
380 473 407 496 et
421 469 548 496 confusio
562 469 664 505 speciei
679 470 755 505 juxta
772 471 978 505 generationem
999 480 1006 498 :

217 515 253 542 ita
271 519 301 542 ut
314 522 369 542 non
379 514 519 551 judicetur
532 515 599 543 illud
613 523 674 544 esse
685 516 713 543 in
731 517 797 552 ipsis
808 523 913 552 partem
930 518 1005 552 equi,

215 564 244 587 ct
254 559 328 587 istud
350 565 455 596 partem
480 561 562 594 asini,
575 561 623 590 sed
638 562 729 589 omnia
742 570 803 590 esse
817 563 938 598 ipsorum
954 564 1007 590 alia

216 606 340 634 membra
368 611 397 634 ct
426 607 614 635 indistincta:
641 608 663 635 si
694 608 776 636 talem
808 609 894 643 igitur
918 613 946 636 et
976 609 1007 636 in

217 652 328 679 Christo
351 652 509 680 mistionem
533 654 753 681 substantiarum
780 655 925 688 asseritis,
958 663 1007 683 vos

218 699 302 726 dicite
330 699 411 727 nobis
441 700 508 735 quid
528 700 664 727 sentiatis.
689 699 742 728 Sed
765 709 819 727 non
837 701 870 728 ad
892 701 1008 729 demon-

215 745 377 773 strationem
393 745 492 773 similis
505 745 616 774 unionis
633 746 692 774 lucc
704 747 872 781 accepimus,
890 747 923 774 ad
943 755 1008 774 con-

214 790 376 818 futationem
405 798 472 818 vero
504 791 531 818 in
562 798 684 826 praesens
714 796 823 819 tantum
850 796 1006 820 vestrorum

214 837 409 870 oraculorum,
435 836 600 872 generatum
633 842 764 872 oportere
795 845 857 865 esse
886 837 1006 872 perfecte

215 882 370 910 substantia
387 884 535 918 unicuique
560 884 704 919 generanti
728 883 848 911 similem
875 892 1006 919 praenun-

216 930 356 963 tiantium,
369 935 418 958 aut
433 931 522 966 ipsum
535 938 590 958 non
602 931 694 958 vocari
708 931 807 958 Filium
821 940 827 957 ι
841 931 908 959 illud
923 932 1008 967 igitur

215 978 327 1003 mistum
339 981 367 1004 et
379 976 571 1004 indistinctum
587 977 699 1012 speciei,
715 977 758 1004 his
770 977 804 1004 de
819 977 904 1005 rebus
920 978 1007 1013 magis

215 1021 370 1049 confutabit
394 1027 514 1050 vestram
529 1023 748 1057 propositionem
763 1031 770 1050 :
787 1023 809 1051 si
831 1024 905 1050 enim
925 1028 953 1051 et
972 1024 1007 1052 de

215 1067 258 1094 bis
272 1075 390 1102 quormn
402 1067 480 1103 juxta
492 1067 647 1096 membrum
671 1069 760 1096 solum
778 1069 931 1097 similitudo
943 1078 1006 1097 cum

215 1114 348 1140 alterutro
369 1114 561 1149 generautium
582 1122 638 1142 non
657 1119 793 1148 servatur,
810 1115 858 1142 filii
876 1116 1007 1144 dicuntur

215 1167 351 1194 equorum
368 1160 537 1193 scuti-asini,
555 1165 583 1188 et
605 1160 655 1188 lilii
677 1161 817 1188 asinorum
842 1162 1005 1198 semi-equi,

216 1204 355 1238 quomodo
376 1209 486 1240 propter
512 1205 632 1240 aliquam
658 1214 692 1232 ex
708 1210 785 1241 parte
801 1206 1007 1235 dissimilitudi-

214 1258 290 1283 nem,
314 1258 369 1278 non
383 1259 464 1286 posse
489 1251 574 1278 tilium
600 1260 698 1279 vocare
715 1252 793 1279 illum
818 1253 864 1287 qui
890 1261 946 1280 non
964 1259 1007 1282 est

215 1296 374 1324 omnimodo
402 1297 501 1324 similis
526 1297 703 1332 genitoribus
727 1298 885 1326 asset-tristis
900 1299 911 1325 '?
936 1299 1006 1327 lllud

215 1341 287 1369 bene
302 1341 451 1370 dicendum
473 1342 612 1370 haberetis
634 1343 704 1370 forte
723 1344 777 1371 illis
797 1344 844 1379 qui
865 1344 1005 1372 Christum

215 1388 333 1416 similem
352 1389 508 1416 substantia
525 1397 574 1416 sua
592 1390 703 1424 utrique
724 1391 831 1425 parenti
854 1399 915 1419 esse
932 1393 1007 1428 cogi-

216 1439 284 1466 tant,
302 1442 357 1461 nou
373 1442 437 1461 γει-ο
451 1434 533 1462 nobis
547 1435 594 1469 qui
610 1434 697 1470 ipsius
712 1443 856 1470 personam
871 1445 902 1464 ex
916 1437 1008 1466 diver-

215 1480 254 1508 sis
265 1481 373 1508 naturis
391 1482 548 1509 constitisse
562 1482 733 1516 profitemur.

249 1526 316 1559 Qua:
333 1527 444 1562 quidem
459 1533 524 1555 sunt
539 1527 631 1555 adhuc
648 1536 680 1555 ea
696 1528 730 1556 de
749 1536 778 1556 re
792 1531 949 1559 accuratius
965 1532 1007 1559 in-

217 1570 352 1604 quirenda
365 1579 372 1597 :
389 1571 431 1597 vel
447 1571 520 1598 enim
533 1572 619 1600 totius
634 1573 787 1601 similitudo
802 1575 883 1602 vobis
896 1576 1007 1604 videtur

215 1615 376 1643 liliationem
394 1621 593 1651 repraesentare
609 1619 734 1651 omnino,
745 1620 787 1647 vel
803 1628 857 1648 non
876 1630 882 1648 :
899 1622 922 1649 si
938 1631 1005 1656 non,

214 1661 316 1689 frustra
335 1663 460 1698 quaeritis
477 1671 492 1691 a
511 1664 592 1692 nobis
604 1673 645 1691 an
667 1665 703 1693 sit
717 1673 800 1693 causa
818 1667 956 1696 tiliationis
972 1669 1006 1696 ad

214 1707 303 1742 ipsius
323 1709 590 1738 demonstrationem
606 1720 612 1738 :
627 1712 719 1746 quoad
736 1712 810 1739 enim
832 1713 1006 1742 demonstra-

215 1753 316 1786 tiones,
333 1762 383 1790 per
403 1763 501 1783 causas
516 1756 597 1784 istam
616 1758 748 1785 constitui
767 1758 928 1787 filiationem
942 1769 1006 1796 per-

214 1806 326 1826 suasum
350 1800 459 1828 habetis
479 1805 584 1829 tantuln
601 1811 607 1829 :
624 1803 710 1837 igitur
730 1803 798 1831 Abel
823 1805 923 1833 similis
938 1806 1007 1833 Cain

212 1845 289 1880 juxta
306 1850 390 1873 totam
408 1847 496 1881 ipsius
512 1848 694 1876 substantiam
708 1854 735 1876 et
751 1849 825 1877 [ilius
840 1850 917 1877 illius
935 1850 1005 1884 erat,

214 1895 243 1918 et
270 1891 334 1919 ideo
357 1891 418 1925 ﬁlii,
440 1900 494 1921 non
506 1894 598 1921 fratris
622 1895 807 1923 interfector?
827 1895 879 1924 Sed
904 1897 1007 1932 quippe

214 1938 348 1965 similium
363 1947 442 1974 alque
460 1943 502 1966 est
525 1940 635 1972 relatio,
662 1946 691 1967 et
712 1941 780 1968 Cain
804 1942 912 1969 scilicet
935 1943 1008 1970 [ilius

213 1984 285 2011 Anel
299 1984 430 2012 similiter
444 1985 498 2012 erit
515 1994 521 2012 :
540 1985 625 2021 igitur
638 1991 742 2021 ergoet
756 1987 844 2021 patris
857 1987 951 2022 potius
965 1988 1006 2014 in-

215 2029 351 2057 terfector
362 2033 404 2057 est
421 2039 427 2057 :
445 2029 549 2058 idcirco
576 2035 605 2058 et
621 2030 648 2058 in
667 2031 763 2059 eodem
781 2031 855 2061 ﬁlius
872 2037 899 2059 et
917 2037 1006 2067 pater,

215 2079 245 2102 et
257 2075 343 2102 frater
355 2080 414 2103 erat
426 2076 494 2104 Cain
507 2077 555 2111 qui
573 2076 651 2104 illurn
667 2077 779 2110 occidit,
804 2078 871 2105 Abel
893 2079 927 2106 ab
947 2079 1008 2114 ipso

216 2120 401 2150 interfectus:
418 2126 446 2150 et
465 2122 532 2150 Cain
548 2123 596 2150 lilii
613 2128 641 2151 et
665 2124 755 2158 patris
770 2127 798 2151 et
812 2124 908 2152 fratris
923 2125 1009 2152 inter-

216 2169 306 2196 fector
320 2177 328 2196 :
346 2169 409 2204 quis
424 2177 489 2196 vere
506 2178 561 2197 non
578 2169 706 2197 irridcdit
726 2174 835 2198 vestras
852 2170 948 2198 inanes
962 2178 1009 2199 eo-

1058 242 1166 268 καλεῖτε
1183 241 1213 267 τὸ
1234 242 1332 276 μικρὸν
1347 242 1417 275 τάδε,
1434 243 1481 268 καὶ
1500 243 1564 278 μῖαν
1579 243 1635 270 ἴστε
1654 243 1725 276 ζώου
1740 245 1853 280 ὁλότητα

1057 280 1147 320 τοῦτο,
1160 288 1176 323 ἣ
1187 288 1264 323 auxi;
1280 289 1303 314 ει
1317 289 1370 323 γὰρ
1383 289 1442 315 τάδε
1454 289 1593 325 ἀρνεῖσθαι
1604 291 1634 316 οὐ
1652 291 1767 318 δυνατὸν
1779 292 1851 327 ὑμῖν,

1058 333 1116 365 πῶς
1125 334 1159 360 τὰ
1174 334 1238 361 ὄντα
1245 334 1283 365 ὡς
1295 335 1332 370 μὴ
1343 335 1406 361 ὄντα
1414 335 1519 362 λαλεῖτε
1531 344 1539 368 ;
1553 335 1632 362 ’Λλλὰ
1648 337 1703 363 τῶν
1713 338 1850 371 τοιούτων,

1057 380 1125 415 φησὶ
1140 380 1248 416 ,κρᾶσίς
1263 381 1322 406 ἑστι
1343 382 1390 407 καὶ
1406 381 1538 416 σύγχυσις
1552 382 1600 408 τοῦ
1616 382 1707 414 εἴδους
1719 384 1792 410 κατὰ
1806 384 1852 419 τήν

1061 425 1206 461 γέννησιν·
1224 425 1261 457 ὡς
1279 425 1344 460 μηδὲ
1361 426 1502 461 κρίνεσθαι
1523 427 1582 453 τόδε
1615 427 1665 462 μὲν
1678 426 1747 455 εἶναι
1771 429 1802 455 τὸ
1823 431 1851 455 ἐν

1058 470 1149 502 αὐτοῖς
1162 471 1244 505 μέρος
1261 471 1355 504 ἵππου,
1368 471 1415 497 καὶ
1427 471 1486 497 τόδε
1502 470 1575 503 ὖνου,
1590 471 1658 498 ἀλλὰ
1673 473 1763 498 πάντα
1781 470 1848 499 εἶναι

1058 518 1148 545 αὐτῶν
1172 518 1266 545 ἀλλοῖα
1291 518 1326 544 τὰ
1352 518 1420 553 μέλη
1437 518 1484 545 καὶ
1501 518 1672 553 ἁδιάγνωστα
1684 528 1691 534 ·
1707 520 1732 546 εἰ
1745 520 1850 546 τοιάνδε

1057 561 1104 590 οὖν
1121 563 1168 589 καὶ
1188 563 1238 597 τὴν
1261 564 1291 589 ὲν
1314 563 1426 597 Χριστῷ
1452 562 1551 597 φύρσιν
1576 563 1632 590 τῶν
1656 563 1756 590 οὐσιῶν
1772 573 1850 598 φατε,

1059 609 1138 644 ὑμεῖς
1162 608 1257 635 εἴπατε
1269 610 1346 643 ἡμῖν,
1371 609 1471 643 φασιν·
1490 609 1548 635 ἀλλ’
1561 608 1592 635 οὗ
1615 609 1684 644 πρὸς
1707 609 1790 642 δεῖξιν
1802 611 1850 645 τῆς

1058 655 1155 690 ὁμοίας
1169 655 1291 687 ὲνώσεως
1299 655 1361 682 τάδε
1373 655 1594 690 παρειλήφαμεν,
1607 652 1630 682 ὦ
1642 652 1725 688 οὗτοι,
1738 656 1797 683 ἀλλ’
1811 657 1850 687 εἰς

1058 701 1215 738 ἀνατροπὴν
1231 701 1319 736 μόνων
1335 701 1390 727 τῶν
1407 701 1475 736 πρὸς
1491 701 1522 728 τδ
1543 701 1631 737 παρὸν
1646 702 1789 738 ὑμετέρων
1805 701 1849 729 Θε-

1060 747 1233 782 σπισμάτων,
1254 747 1397 782 ὁμοούσιον
1420 746 1573 778 ἀνελλιπῶς
1587 745 1658 774 εἶναι
1681 747 1736 774 δεῖν
1751 748 1849 774 ἐκατέ-

1061 801 1114 829 ρων
1130 793 1185 820 τῶν
1197 793 1314 828 φύντων,
1333 793 1363 820 τὸ
1382 793 1553 828 γεννώμενον
1566 793 1768 828 κηρυττόντων,
1781 793 1798 829 ἢ
1813 794 1850 828 μὴ

1059 840 1200 866 καλεῖσθαι
1214 840 1295 866 αὑτὸν
1314 839 1379 866 Υἱόν
1391 848 1398 855 ”
1417 840 1476 866 τόδε
1494 839 1540 866 οὖν
1554 840 1620 866 αὐτὸ
1633 840 1665 867 τὸ
1675 840 1849 876 πεφυρμένον

1059 886 1106 912 καὶ
1133 885 1317 920 ἀδιάγνωστον
1342 885 1390 912 τοῦ
1418 885 1517 917 εἴδους,
1544 887 1590 912 ἐπὶ
1622 887 1727 912 τούτων
1751 886 1850 920 μᾶλλον

1058 931 1206 966 ἀνατρέψει
1217 931 1267 966 τὴν
1286 931 1424 966 ὑμετέραν
1442 932 1609 964 άπόφανσιψ
1631 933 1654 958 εξ
1670 934 1725 968 γὰρ
1745 933 1793 959 καὶ
1807 933 1847 966 ἐφ’

1057 972 1094 1002 ὧν
1125 976 1192 1011 μηδὲ
1210 975 1280 1002 κατὰ
1297 976 1378 1010 μέλος
1394 976 1485 1002 οἱαοῦν
1501 976 1628 1012 ὁμοιότης
1653 977 1770 1009 σώζεται
1784 977 1851 1012 πρὸς

1059 1018 1172 1056 Οάὲερον
1194 1022 1249 1048 τῶν
1265 1021 1423 1054 τικτόντων,
1449 1022 1502 1048 υἱοὶ
1520 1030 1549 1048 τε
1573 1021 1698 1056 λέγονται
1717 1023 1811 1048 ἵππων
1825 1023 1849 1049 οι

1058 1068 1176 1103 ἡμίονοι,
1189 1067 1237 1094 καὶ
1257 1067 1340 1094 τέκνα
1356 1067 1425 1094 ὄνων
1439 1068 1464 1093 οἱ
1480 1068 1623 1102 ὴμίιπποι,
1642 1068 1700 1099 πῶς
1714 1068 1758 1094 διὰ
1777 1069 1807 1095 τὺ
1819 1070 1850 1095 ὲκ

1060 1113 1160 1148 μέρους
1185 1113 1325 1149 ἀνόμοιον,
1341 1113 1372 1140 οὐ
1397 1113 1530 1140 δύνασθαι
1556 1113 1614 1140 υῑὸν
1638 1113 1732 1140 καλεῖν
1748 1115 1794 1140 τὸν
1813 1115 1849 1149 μὴ

1058 1160 1148 1195 πάντη
1172 1160 1266 1195 ὅμοιον
1283 1160 1340 1190 τοῖς
1355 1159 1483 1186 τεκοῦσιν
1508 1159 1590 1186 αὐτὸν
1606 1160 1735 1194 εἰρήκατε
1749 1168 1756 1191 ;
1771 1159 1850 1186 τοῦτο

1057 1206 1085 1233 δὲ
1099 1206 1132 1233 ἂν
1143 1206 1234 1238 καλῶς
1249 1203 1322 1240 εἶχεν
1336 1206 1400 1241 ὑμῖν
1418 1205 1510 1239 λέγειν
1525 1205 1600 1237 ἴσως,
1619 1205 1687 1240 πρὺς
1706 1206 1770 1237 τοὺς
1780 1205 1850 1231 κατᾶ

1059 1252 1123 1287 μίαν
1136 1251 1219 1278 αὑτοῦ
1233 1251 1282 1286 τὴν
1300 1251 1396 1278 οὐσίαν
1411 1251 1504 1286 ὅμοιον
1516 1248 1585 1277 εἶναι
1598 1251 1644 1277 τὸν
1656 1251 1773 1286 Χριστὸν
1785 1251 1849 1276 ἐκει-

1057 1299 1144 1333 τέρων
1156 1297 1210 1324 τῶν
1225 1298 1326 1332 γονέων
1336 1297 1510 1330 δοξάζοντας,
1524 1296 1554 1322 οὐ
1567 1296 1621 1332 μὴν
1632 1297 1680 1323 καὶ
1694 1296 1763 1332 πρὸς
1778 1297 1849 1332 ἡμᾶς

1057 1344 1120 1376 τοὺς
1136 1343 1206 1370 κατὰ
1237 1343 1383 1378 διαφόρους
1411 1342 1508 1377 φύσεις
1537 1342 1736 1378 ὁμολογοῦντας
1766 1343 1849 1369 αὑτοῦ

1059 1389 1252 1425 συνεστηκέναι
1270 1388 1320 1424 τὴν
1334 1388 1494 1415 ὑπόστασιν.

1095 1526 1155 1551 Ἔτι
1179 1524 1208 1551 δὲ
1239 1523 1415 1559 βασανιστέον
1444 1522 1491 1548 καὶ
1518 1521 1713 1558 ἀκριϐέστερον
1735 1520 1770 1548 τὰ
1787 1522 1850 1556 περὶ

1057 1571 1135 1598 τοῦδε
1146 1579 1152 1585 ·
1168 1571 1184 1606 ἢ
1198 1570 1252 1605 γὰρ
1265 1571 1282 1604 ἡ
1297 1569 1343 1596 τοῦ
1368 1569 1430 1595 ὅλου
1450 1568 1576 1603 ἐμοιότης
1591 1567 1656 1602 ὑμῖν
1680 1567 1755 1594 δοκεί
1779 1566 1847 1594 εἶναι

1057 1618 1106 1652 τῆς
1127 1616 1250 1651 υἱότητος
1272 1615 1462 1650 παραστατικὴ
1487 1615 1607 1646 πάντως,
1628 1615 1643 1649 ἦ
1660 1615 1733 1649 οὐχί·
1760 1615 1785 1640 εἰ
1801 1615 1849 1649 μὲν

1058 1660 1104 1689 οὖν
1118 1662 1189 1697 οὐχὶ,
1208 1661 1296 1696 μάτην
1325 1660 1432 1695 ζητεῖτε
1456 1660 1522 1695 παρ’
1537 1658 1616 1694 ἡμῶν
1637 1660 1669 1686 τὸ
1700 1660 1736 1694 μὴ
1764 1660 1850 1687 αἴτιον

1058 1709 1179 1743 υἱὸτητος
1204 1708 1244 1738 εἰς
1267 1706 1403 1738 ἀπόδειξιν
1428 1705 1532 1740 αὐτῆς·
1549 1705 1576 1731 αι
1610 1705 1666 1740 γὰρ
1684 1705 1848 1737 ἀποδείξεις,

1058 1753 1101 1780 διὰ
1118 1752 1172 1778 τῶν
1186 1752 1281 1778 αἰτίων
1293 1751 1394 1785 ταύτην
1412 1750 1639 1784 ὑφίστασθαιτὴν
1656 1751 1769 1785 υἱότητα
1790 1750 1850 1777 πει-

1057 1798 1137 1825 Oeae:
1154 1798 1248 1833 μόνον·
1264 1796 1319 1833 ἆρά
1334 1805 1366 1830 γε
1385 1797 1469 1823 Ἅϐελ
1486 1797 1558 1823 Κάῖν
1574 1797 1668 1830 ὅμοιος
1683 1797 1722 1822 ὢν
1737 1797 1809 1823 κατὰ
1822 1798 1850 1824 τὺ

1057 1845 1116 1871 ὅλον
1132 1845 1180 1880 τῆς
1195 1844 1288 1876 οὐσίας
1303 1843 1399 1876 αὑτοῦ,
1421 1843 1468 1870 καὶ
1486 1843 1543 1875 uo;
1561 1843 1644 1869 αὑτοῦ
1656 1841 1701 1878 ἦν,
1712 1843 1850 1874 υἱοκτόνπς

1054 1889 1114 1923 οὗν,
1125 1891 1175 1917 οὐκ
1183 1889 1375 1924 ἀδελφοκτόνος
1383 1887 1417 1925 ἦν
1428 1898 1435 1923 ;
1446 1889 1502 1916 ἀλλ’
1511 1888 1605 1924 ἐπειδὴ
1613 1888 1667 1915 τῶν
1678 1888 1779 1923 ὀμοὲων
1789 1888 1850 1915 ἐπί-

1059 1946 1109 1971 σης
1123 1937 1181 1963 ἐστὶ
1194 1937 1211 1972 ἡ
1227 1937 1328 1971 σχέσις,
1346 1935 1395 1962 καὶ
1409 1936 1480 1962 Κάῖν
1492 1935 1547 1971 ἄρα
1565 1934 1621 1965 υἱὸς
1638 1933 1722 1960 ’Ἅϐελ
1748 1934 1850 1968 ὁμοίως

1059 1982 1145 2009 ἕσται·
1154 1982 1207 2018 ἄρα
1216 1982 1263 2008 οὖν
1276 1983 1323 2009 καὶ
1336 1981 1519 2017 πατροκτόνος
1534 1980 1634 2016 μᾶλλόν
1647 1981 1736 2007 ἐστιν·
1753 1980 1851 2007 οὖκοίν

1057 2028 1106 2055 καὶ
1119 2029 1146 2055 ὲν
1156 2027 1258 2063 ταυτῷ,
1268 2028 1326 2060 υἱός
1339 2036 1368 2054 τε
1382 2027 1430 2055 καὶ
1444 2028 1536 2062 πατὴρ
1551 2026 1596 2053 καὶ
1610 2024 1768 2061 ἁδελφδςῆν
1782 2027 1850 2053 Κάῖν

1058 2075 1106 2102 τοῦ
1113 2075 1270 2106 κτείναντος
1283 2073 1377 2107 αὑτὸν,
1392 2072 1476 2100 Ἀὒελ
1487 2073 1501 2100 ὁ
1512 2072 1683 2108 ἀνῃρημένος
1693 2073 1738 2099 ὑπ’
1750 2073 1832 2099 αὑτοῦ
1842 2081 1849 2086 ·

1059 2122 1107 2148 καὶ
1133 2121 1202 2147 Κάῖν
1228 2120 1364 2151 υῐοκτόνος
1378 2128 1408 2146 τε
1426 2119 1475 2146 καὶ
1497 2120 1682 2153 πατροκτόνος
1711 2119 1758 2144 καλ⁵
1772 2118 1851 2145 ἀδελ-

1059 2166 1189 2201 φοκτόνος
1202 2173 1209 2181 ·
1227 2166 1274 2192 καὶ
1289 2165 1330 2197 τίς
1341 2166 1372 2192 οὺ
1387 2165 1498 2199 γελάσει
1510 2164 1572 2191 τάδε
1586 2164 1665 2198 ὑμῶν
1675 2164 1710 2190 τὰ
1724 2163 1851 2198 γλαφυρὰ

216 2215 384 2249 gitationes?
399 2215 612 2251 Dijudicaudum
638 2220 681 2243 est
703 2216 788 2251 igitur
804 2215 951 2244 manifeste
977 2222 1006 2244 ut

1059 2215 1200 2252 δόγματα;
1216 2213 1358 2249 Διορατέον
1383 2212 1430 2239 οὖν
1453 2211 1546 2246 σαφῶς
1562 2211 1600 2243 ὡς
1615 2212 1664 2239 καὶ
1678 2210 1782 2245 ταύτην
1803 2210 1851 2244 τὴν

217 2260 307 2288 Lucas
320 2261 499 2296 evangelista,
513 2262 559 2296 qui
577 2262 656 2289 istam
672 2270 705 2289 ex
720 2266 799 2296 parte
812 2270 921 2289 causam
937 2268 964 2290 et
976 2271 1009 2290 ex

217 2312 295 2341 parte
318 2308 531 2335 similitudinem
546 2309 635 2335 solum
650 2308 794 2342 conspexit
814 2309 841 2335 in
856 2308 942 2335 Adam
963 2317 1008 2336 re-

217 2359 313 2389 spectu
332 2355 419 2389 patris
434 2355 580 2394 spirituum
604 2355 651 2382 Dei
667 2364 672 2381 :
691 2355 844 2382 secundum
860 2355 933 2382 enim
950 2356 1009 2382 ani-

219 2408 291 2427 mam
305 2401 394 2428 solum
409 2401 569 2429 immediata
586 2409 668 2429 eausa
681 2402 720 2429 illi
735 2406 794 2428 erat
811 2401 892 2434 Deus,
905 2402 1007 2437 quippe

218 2447 322 2474 indidit
346 2448 397 2483 ipsi
415 2448 555 2483 spiramen
578 2448 639 2475 vitae
662 2448 689 2475 in
712 2447 831 2475 animam
855 2448 1005 2481 viventem,

218 2501 282 2520 eum
307 2501 408 2528 corpus
429 2502 445 2522 e
468 2494 535 2520 limo
563 2494 601 2521 illi
630 2494 782 2521 formavit:
799 2498 827 2521 et
851 2495 1005 2522 secundum

217 2539 337 2567 animam
354 2545 459 2568 tantum
475 2540 579 2567 homini
601 2548 664 2568 esse
683 2540 717 2567 ad
745 2540 890 2575 imaginem
911 2541 958 2568 Dei
980 2547 1008 2569 et

218 2587 429 2614 similitudinem
444 2587 579 2614 remansit
596 2596 601 2613 :
617 2587 709 2614 sciens
732 2587 821 2618 illum,
833 2588 858 2614 vi
874 2595 964 2615 causa:
979 2593 1008 2616 et

217 2632 411 2660 similitudinis
425 2641 458 2660 ex
470 2638 546 2667 parte
560 2641 619 2671 esse
641 2633 785 2660 evidenter
799 2633 899 2660 Filium
918 2634 1008 2662 Patris

216 2680 365 2714 spirituum
380 2679 438 2712 Dei,
450 2679 501 2706 fuit
514 2679 611 2712 Adam,
622 2673 812 2715 genealogiam
826 2680 862 2707 ila
875 2680 1008 2708 ordinans

217 2728 245 2750 et
257 2724 371 2753 dicens:
392 2734 400 2750 ε
417 2724 470 2757 Qui
485 2725 537 2752 fuit
554 2725 639 2752 Adam
659 2726 706 2760 qui
726 2725 778 2753 fuit
800 2726 849 2753 Dei
863 2727 884 2759 ε,
902 2736 911 2751 ι
934 2726 1007 2753 sicut

219 2769 304 2796 dixit:
321 2780 329 2796 ε
349 2769 401 2802 Qui
418 2771 470 2797 fuit
485 2771 551 2798 Selh
563 2771 609 2805 qui
624 2771 673 2798 fuit
693 2770 779 2798 Adam
795 2771 815 2804 ⁸,
835 2782 843 2797 ι
855 2771 1006 2799 scilicetex

257 2855 265 2870 ³
279 2856 344 2883 Luc.
362 2865 400 2888 tu,
414 2857 457 2885 58.
498 2859 506 2873 ³
524 2858 591 2886 ibid.

1060 2262 1178 2298 μερικὴν
1191 2261 1281 2288 αἰτίαν
1292 2259 1339 2286 καὶ
1352 2258 1467 2295 μερικὴν
1483 2257 1632 2293 ὁμοιότητα
1651 2257 1730 2292 μόνον
1745 2255 1849 2290 θεωρή-

1059 2317 1108 2339 σας
1127 2307 1233 2337 Λουκᾶς
1252 2307 1266 2332 ὁ
1287 2303 1485 2339 εὑαγγελιστὴς
1507 2303 1621 2329 ἐνοῦσαν
1643 2301 1691 2329 καὶ
1705 2301 1744 2336 τῷ
1765 2300 1850 2334 Ἀδὰμ

1059 2357 1126 2392 πρὸς
1151 2355 1196 2382 τὸν
1222 2353 1328 2388 πατέρα
1351 2351 1406 2379 τῶν
1435 2350 1599 2386 πνευμάτων
1611 2348 1691 2376 Θεόν’
1711 2346 1783 2374 κατὰ
1796 2347 1850 2380 γὰρ

1057 2401 1145 2436 ψυχὴν
1165 2401 1245 2436 μόνον
1262 2398 1399 2434 προσεχὴς
1415 2397 1501 2428 αἴτιος
1514 2395 1589 2430 αὐτῷ
1604 2393 1637 2430 ἦν
1657 2396 1672 2421 ὁ
1698 2394 1776 2426 θεδὶι
1803 2393 1851 2426 έμ·

1065 2447 1158 2482 φυσῶν
1181 2446 1255 2479 αὺτῷ
1279 2445 1388 2480 πνεῦμα
1417 2443 1490 2478 ζωῆς
1505 2443 1544 2474 εἰς
1558 2441 1648 2477 ψυχὴν
1671 2440 1773 2471 ζῶσαν,
1789 2437 1850 2464 ἐπεὶ

1060 2495 1089 2521 τὸ
1103 2494 1183 2529 σῶμα
1200 2494 1255 2520 ἀπὸ
1268 2493 1318 2527 γῆς
1334 2491 1409 2526 αὑτῷ
1420 2489 1602 2526 προδιέπλασε
1615 2497 1621 2503 ·
1638 2488 1686 2514 καὶ
1702 2487 1774 2514 κατὰ
1785 2485 1852 2512 cat3-

1060 2550 1108 2576 την
1143 2539 1296 2575 σωζόμενον
1326 2538 1404 2573 μόνον
1433 2537 1463 2563 τὸ
1490 2536 1549 2563 κατ’
1577 2535 1672 2562 εἰκόνα
1701 2533 1769 2559 Θεοῦ
1804 2532 1851 2558 καὶ

1027 2578 1035 2583 ⁸
1061 2587 1190 2622 ὁμοίωσιν
1206 2585 1243 2620 τῷ
1258 2584 1410 2619 ἀνθρώπῳ·
1427 2581 1504 2614 εἰδὼς
1518 2583 1550 2608 ἐκ
1564 2580 1680 2616 μερικῆς
1699 2579 1790 2609 αἰτίας
1806 2577 1853 2604 καὶ

1060 2633 1215 2669 ὁμοιώσεως
1231 2631 1294 2658 Υἱὸν
1309 2631 1403 2664 σαφῶς
1417 2629 1464 2655 τοῦ
1480 2628 1586 2663 ΙΙατρδς
1608 2627 1663 2653 τῶν
1688 2626 1852 2661 πνευμάτων

1061 2679 1139 2712 Θεοῦ,
1167 2678 1213 2705 καὶ
1238 2677 1283 2703 τὸν
1303 2677 1389 2711 nam
1412 2674 1624 2708 ἐγενεαλόγησεν
1642 2672 1728 2703 οὕτως
1754 2671 1854 2698 ἀνατά-

1062 2727 1109 2759 ξας
1126 2726 1171 2751 καὶ
1191 2723 1285 2754 εἰπὼν,
1303 2721 1372 2749 εἷναι
1397 2721 1444 2747 τοῦ
1477 2720 1563 2756 Ἀδὰμ
1584 2720 1630 2746 τοῦ
1655 2718 1736 2750 Θεοῦ,
1758 2717 1853 2750 ὥσπερ

1061 2773 1123 2807 ἔφη,
1147 2771 1219 2797 «Τοῦ
1248 2770 1301 2806 Σὴο
1331 2769 1376 2795 τοῦ
1408 2768 1530 2801 ’Λδέιμ,)
1559 2767 1643 2802 ἤγουν
1671 2765 1718 2792 τὴν
1741 2765 1775 2791 ἐκ
1808 2762 1852 2789 τοί
