1968 3094
155 128 222 162 1613

616 133 813 164 ADVERSUS
834 133 1105 165 NESTORIANOS.
1122 148 1155 152 -—
1168 135 1240 165 LIB.
1263 135 1320 164 lll.

1721 132 1788 164 1614

162 186 261 221 Ἀδάμ·
289 186 336 213 καὶ
361 187 456 223 ὥσπερ
483 185 555 221 εἶπε,
583 189 656 215 (Τοῦ
683 190 807 221 Ίσαὰκ,ι
835 191 904 225 ὅπερ
929 191 943 216 ὁ

1013 190 1079 217 dum
1094 199 1099 216 :
1118 194 1145 217 et
1159 190 1396 224 quemadmodum
1410 189 1448 216 ait
1464 197 1470 215 :
1488 198 1497 214 1
1515 188 1566 222 Qui
1599 187 1652 216 fuit
1681 189 1756 216 Isaac
1777 198 1787 215 ι

157 233 296 264 Ματοαῖος
312 232 421 267 ἔλεγεν·
438 243 446 258 1
466 234 593 269 Ἀϐραὰμ
609 235 739 269 ἐγέννησε
758 236 802 262 τὸν
824 237 943 267 Ἰσαὰκ,ι

158 279 244 311 οὕτως
262 279 315 315 ἔφη
326 301 333 313 ,
350 280 423 306 (Τοῦ
445 280 530 315 Ἀδὰμ
542 281 590 307 τοῦ
605 282 685 308 Θεοῦ.
710 291 719 308 ›
742 282 820 309 Οὕτω
837 283 886 317 μὲν
901 283 946 310 οὖν

159 325 246 361 ἐχέτω
261 326 325 353 τάδε
335 334 342 342 ·
357 326 504 353 ἀκουστέον
518 327 547 353 δὲ
560 327 608 354 καὶ
622 327 677 354 τῶν
693 327 805 354 λοιπῶν.

460 384 586 412 ΚΕΦΑΛ.
608 385 646 411 Ε¹.

197 442 228 469 Εἰ
242 439 289 470 οὖν
306 443 386 477 φύσει
407 443 481 469 ἐστὶν
506 441 570 474 Υίδς
587 443 654 469 Θεοῦ
670 443 684 468 ὀ
708 442 835 478 Χριστὸς.
849 443 895 469 καὶ
918 442 948 469 οὺ

161 489 232 515 κατὰ
248 489 328 523 χάριν
355 487 491 519 υἱοθεσίας
512 487 638 522 ἠξίωται,
656 488 734 522 φασὶ,
755 487 814 519 πῶς
842 487 950 522 εἴρηται

160 536 200 560 ἑτι
216 533 306 568 πολλῴ
322 533 451 568 μᾶλλονὴ
467 533 548 569 χάρις
559 533 607 559 καὶ
624 533 640 568 ἡ
658 532 748 568 δωρεὰ
762 532 808 558 τοῦ
825 532 904 564 Θεοῦ,
921 533 950 559 ἐν

160 579 253 613 χάριτι
275 579 323 605 τοῦ
342 578 401 610 ἑνὸς
414 578 558 615 ἀνθρώπου
580 577 667 613 Ἰησοῦ
685 578 816 612 Χριστοῦ,
832 579 872 609 είς
886 579 951 610 τοὺς

164 625 276 656 πολλοὺς
298 625 496 660 περιέσσευσε;
524 624 571 650 καὶ
593 624 646 655 ὅτι,
669 633 677 648 1
695 624 858 659 Ἐχαρίσοιτο
876 623 951 659 αὐτῷ

160 671 174 697 ὀ
186 670 251 702 Θεὸς
264 670 349 704 ὄνομα
360 670 390 696 τὺ
403 670 472 704 ὑπὲρ
483 670 536 695 πᾶν
544 669 643 703 δνομα;
657 679 666 694 ι
679 669 735 701 καὶ,
751 679 760 694 1
772 670 801 696 '0
812 669 849 705 μὴ
863 669 951 704 ἐαυτῷ

161 716 191 742 δὲ
214 715 304 742 λαϐὼν
324 715 374 750 τὴν
391 714 486 750 τιμὴν,
513 714 581 741 ἀλλὰ
603 715 715 750 κληθεὶς
740 715 793 741 ὑπὸ
817 714 864 741 τοῦ
881 715 951 742 Θεοῦ

162 762 289 796 καθάπερ
315 762 363 788 καὶ¹
383 761 499 796 Ἀαρὼν,
512 770 521 786 ι
542 761 568 787 τί
593 762 667 789 ἐστιν
694 757 771 792 οὗτος
791 762 805 788 ὁ
824 762 950 797 Χριστὶς,

161 807 266 835 εἴπατε.
286 807 371 834 Πάλιν
387 807 569 842 παρεκδοχαὶ,
583 807 665 833 πάλιν
682 808 854 842 μεταγωγαὶ,
870 807 952 834 πάλιν

997 236 1072 270 quod
1084 235 1226 263 Matthaaus
1238 236 1363 263 vertebat
1374 236 1542 263 :1Abraham
1557 235 1654 271 genuit
1664 236 1740 263 Isaac
1750 235 1788 266 ⁵,»

1000 283 1037 310 ita
1051 282 1120 310 dixit
1136 291 1143 310 :
1164 292 1173 308 1
1191 282 1243 315 Qui
1254 283 1307 325 fuit
1319 281 1404 310 Adam
1416 283 1463 317 qui
1481 282 1534 310 fuit
1546 283 1606 310 Dei.
1621 292 1630 309 ›
1653 282 1692 309 Ita
1706 282 1791 317 igitur

1001 329 1059 356 haec
1072 329 1129 356 sint
1141 337 1147 355 :
1164 329 1212 356 sed
1224 328 1329 363 reliqua
1344 328 1484 356 audienda
1498 333 1574 357 sunt.

1331 385 1407 413 CAP.
1425 386 1457 413 V.

1036 443 1063 470 Si
1075 450 1140 477 ergo
1155 447 1254 469 natura
1276 447 1318 469 est
1337 442 1424 470 Filius
1442 442 1492 469 Dei
1509 443 1648 476 Christus,
1674 448 1702 472 et
1731 451 1787 471 nou

1001 489 1155 517 secundum
1174 488 1293 523 gratiam
1311 488 1433 515 filiorum
1449 488 1609 524 adoptionis
1621 490 1723 525 dignus
1741 490 1792 516 ha-

1001 535 1078 562 bitus
1093 539 1146 566 est,
1163 535 1252 566 aiunt,
1269 533 1409 568 quomodo
1425 533 1530 561 dictum
1548 540 1605 568 est;
1628 536 1716 562 multo
1733 543 1791 562 ma-

1002 581 1044 616 gis
1062 580 1150 616 gratia
1166 584 1193 607 et
1210 579 1314 606 donum
1341 580 1401 612 Dei,
1418 579 1446 606 in
1461 580 1547 616 gratia
1565 581 1650 609 unius
1671 582 1792 609 hominis

1001 627 1065 654 Iesu
1080 625 1182 654 Christi
1194 626 1221 652 in
1240 625 1335 660 plures
1350 625 1502 653 abundavit
1518 626 1548 652 5?
1561 631 1590 653 et
1606 627 1679 655 istud
1692 636 1698 654 :
1719 628 1792 654 1Do~

1001 674 1079 702 navit
1096 673 1136 701 illi
1151 674 1226 701 Deus
1254 680 1355 700 nomen
1372 673 1446 708 quod
1471 677 1515 701 est
1541 681 1627 709 super
1643 682 1725 705 omne
1743 682 1794 702 no-

1002 726 1066 746 men
1078 718 1106 744 6?
1123 727 1131 743 ι
1148 721 1176 745 et
1193 726 1199 743 :
1221 727 1229 742 1
1241 717 1294 751 Qui
1311 725 1367 744 non
1384 719 1493 754 accepit
1513 719 1568 746 sibi
1584 719 1732 753 honorem,
1745 720 1792 747 sed

1002 766 1117 790 vocatus
1142 767 1184 790 est
1199 771 1215 792 a
1240 763 1296 790 Deo
1322 767 1455 798 tanquam
1479 764 1572 792 Aaron
1589 766 1643 792 τί)
1659 766 1727 801 quid
1752 770 1794 794 est

1003 809 1055 837 iste
1065 801 1203 840 Christus,
1213 808 1307 835 dicite.
1319 808 1392 836 Usus
1403 809 1486 836 modo
1500 810 1700 845 synecdoches,
1710 812 1794 839 modo

160 854 190 880 αί
209 853 335 888 συνήθεις
354 852 524 888 μετωνυμίαι
536 861 542 868 ·
562 853 610 880 καὶ
634 853 729 887 θαῦμά.
759 861 792 887 γε
809 852 896 884 οὕτως
910 853 952 879 εὑ-

1013 855 1184 890 netaphorae,
1207 854 1290 882 modo
1304 855 1480 890 metonymia:
1495 861 1664 891 usurpatur:
1690 862 1718 884 et
1741 858 1795 884 mi-

161 899 344 934 επιλήσμονές
359 900 421 925 ὲστε
434 899 481 925 καὶ
496 895 534 926 ὧν
547 899 624 934 ὑμεῖς
634 899 764 931 πολλάκις
774 900 913 935 εἰρήκατε,
928 900 952 926 εἰ

165 947 204 982 μὴ
223 947 277 981 ἄρα
296 946 327 972 τὸ
350 945 397 972 τοῦ
425 945 567 981 ληθάργου
586 945 672 978 πάθος
697 947 815 973 νοσεῐτε·
838 946 879 973 ὅτι
899 947 952 982 γὰρ

163 992 212 1020 καὶ
227 991 261 1018 τὰ
276 991 322 1018 τοῦ
337 991 396 1023 ἑνὸς
412 991 465 1018 τῶν
482 991 573 1026 μερῶν
593 990 676 1018 αὑτοῦ
695 991 742 1018 τοῦ
759 992 858 1027 μέρους
885 1001 953 1018 κατ-

164 1039 316 1074 ηγορεῖται,
332 1038 383 1064 οὐκ
395 1037 519 1072 ἀγνοεῖτε
529 1045 537 1054 ο
552 1037 590 1069 ὡς
606 1037 646 1069 τὸ,
669 1047 677 1063 1
690 1037 803 1064 Ἐοεντο
814 1038 848 1064 τὰ
863 1037 954 1073 θνησι-

166 1086 234 1120 μαῖα
254 1084 309 1112 τῶν
329 1083 432 1110 δούλων
446 1092 504 1114 σου,
519 1080 655 1118 βρώματα
675 1085 732 1115 τοῖς
756 1084 890 1115 πετεινοῖς
906 1083 953 1110 τοῦ

164 1129 289 1165 οὐρανοῦ,
305 1130 354 1159 τὰς
367 1129 472 1164 σάρκας
486 1129 540 1155 τῶν
553 1128 635 1155 ὁσίων
651 1137 697 1155 σου
713 1130 768 1161 τοῖς
783 1129 889 1164 θηρίοις
904 1129 954 1164 τῆς

165 1177 227 1210 γῆς.
249 1185 258 1201 ι
286 1175 366 1202 Ἀλλὰ
392 1175 438 1201 καὶ
459 1175 500 1202 ὅτι
515 1175 548 1202 τὰ
561 1174 608 1201 τοῦ
622 1175 683 1202 ὂλου
704 1175 804 1210 μέρους
819 1176 891 1202 κατὰ
906 1175 953 1202 τοῦ

166 1222 228 1249 Ξλου
243 1221 361 1255 λέγεται,
379 1221 451 1247 ἴστε·
467 1220 504 1252 ὡς
516 1221 556 1252 τὸ,
573 1230 582 1246 1
599 1221 674 1247 Ἐκεῖ
687 1221 791 1255 ἔθαψαν
811 1221 948 1256 ’Λόραὰμ,

167 1269 213 1294 καὶ
232 1268 340 1303 Eappa
355 1267 404 1302 τὴν
423 1268 538 1301 γυναῖκα
553 1267 646 1294 αὑτοῦ.
671 1277 680 1293 ι
699 1268 755 1295 Καὶ
770 1267 906 1294 ἀνάπαλιν
921 1268 956 1294 τὰ

167 1323 182 1340 τ
194 1314 214 1340 λῦ
232 1314 304 1346 ὅλου,
325 1314 396 1340 κατᾶ
406 1313 452 1340 τοῦ
477 1313 578 1349 μέρους
591 1321 597 1328 ·
610 1313 648 1345 ὡς
665 1313 706 1346 τὸ,
722 1323 731 1338 ι
744 1314 798 1340 Καὶ
828 1314 955 1348 εἰσῆλθεν

175 1360 272 1387 Ἰακὼῧ
283 1361 310 1385 ὲν
326 1363 361 1386 οε¹
374 1360 474 1394 ψυχαῖς
484 1361 524 1391 εις
535 1359 671 1393 Αἴγυπτον
682 1367 688 1374 ·
703 1369 712 1386 ›
729 1359 770 1386 ἔτι
787 1359 838 1395 μὴν
854 1361 893 1387 ’ὁτι
909 1361 957 1387 καὶ

168 1406 201 1433 τὰ
210 1406 256 1432 τοῦ
264 1406 324 1432 ὅλου
333 1406 402 1432 κατὰ
411 1405 457 1432 τοῦ
466 1408 566 1441 μέρους
576 1405 658 1432 αὑτοῦ
669 1406 779 1440 λέγεταί
787 1415 851 1432 ποτε
863 1406 956 1441 μόνου,

169 1452 325 1487 ὁμολογεῖτε
340 1461 346 1467 -
365 1451 402 1482 ὡς
424 1452 453 1477 ἐν
478 1451 527 1486 τῷ,
552 1461 560 1477 1
577 1451 738 1484 Ὲνύσταξεν
766 1452 782 1487 ἡ
806 1452 878 1487 ψυχή
905 1460 955 1487 μου

170 1499 224 1525 ἀπὸ
247 1498 372 1533 ἁκηδίας.
392 1507 401 1523 ι
428 1497 497 1524 Οΰτε
526 1497 580 1533 γὰρ
601 1497 692 1533 σῶμα,
717 1497 777 1524 οὔτε
798 1498 872 1533 ψυχὴ
894 1497 956 1524 καθ’

173 1545 260 1580 αὐτὴν
272 1543 409 1576 νυστάξει·
419 1543 467 1570 καὶ
477 1544 506 1569 ὲν
520 1544 585 1578 τῷ,«
597 1544 700 1579 Ἐκχεῶ
711 1544 764 1571 ἀπὸ
776 1543 823 1571 τοῦ
836 1545 960 1580 πνεύμα-
972 1533 994 1563 C

171 1591 216 1622 τίς
237 1599 288 1625 μου
310 1590 358 1616 ὲπὶ
375 1590 466 1616 πᾶσαν
489 1589 587 1624 σάρκω
603 1599 612 1615 ι
629 1589 660 1615 οὐ
683 1589 737 1624 γὰρ
751 1589 783 1625 δὴ
796 1590 845 1625 τὴν
857 1590 960 1626 ἄψυχόν

173 1645 240 1672 φησι
250 1645 256 1651 ·
273 1637 321 1662 καὶ
335 1636 375 1662 ὅτι
389 1635 417 1661 δὲ
429 1635 463 1661 τὰ
476 1634 522 1661 τοῦ
547 1634 612 1661 ὅλου.
622 1635 693 1661 κατὰ
708 1635 754 1661 τοῦ
767 1636 828 1662 ὅλου
838 1635 959 1670 λέγεται,

177 1684 360 1718 ἁναμφίϐολον
376 1684 472 1710 πᾶσιν·
491 1683 528 1714 ὡς
542 1683 586 1714 τδ,
605 1683 698 1709 Ἰσαὰκ
713 1683 740 1710 δὲ
757 1683 904 1719 ἐπορεύετο
919 1683 963 1710 διὰ

172 1732 223 1766 τῆς
236 1732 340 1766 ἐρήμου
351 1731 421 1757 κατὰ
435 1730 465 1755 τὸ
480 1729 570 1764 φρέειρ
586 1730 634 1762 τῆς
645 1729 783 1764 ὁράσεως·
793 1729 823 1755 τὸ
834 1729 960 1763 δὲπαρά-

173 1776 248 1808 δοξον
263 1775 378 1810 ἐροῦμεν
394 1775 433 1801 ἔτι
443 1782 450 1789 ·
468 1774 509 1800 ὅτι
522 1774 568 1799 ἐπὶ
585 1773 640 1800 τῶν
662 1773 787 1807 φυσικῶν
800 1773 963 1800 οίκειώσεων

175 1823 249 1849 ἐστιν
267 1822 329 1848 ἰδεῖν
347 1821 391 1847 διὰ
409 1822 457 1855 τὴν
474 1820 506 1846 ὲκ
518 1819 568 1854 τῆς
583 1818 706 1850 ἑνώσεως
727 1818 900 1854 συμπάθειαν
918 1820 964 1845 ἐπὶ

174 1868 229 1894 τῶν
237 1867 359 1893 ὁπωσοῦν
369 1866 538 1900 παθημάτων
549 1865 696 1900 ἠνωμένων
709 1873 741 1899 με
747 1864 810 1900 ρῶν,
823 1865 866 1892 ὅτι
875 1865 921 1891 καὶ
931 1865 964 1891 τὰ

175 1913 290 1948 θατέρου
302 1912 356 1938 τῶν
369 1912 460 1946 μερῶν
471 1911 517 1937 τοῦ
528 1911 601 1942 ὅλου,
612 1910 683 1936 κατὰ
698 1910 744 1936 τοῦ
760 1911 853 1945 ἑτέρου
865 1910 965 1945 μέρους

177 1958 260 1985 αὑτοῦ
291 1958 504 1992 κατηγορεῖται·
524 1956 563 1987 ὡς
585 1956 627 1986 τὸ,
654 1955 744 1991 ψυχὴν
767 1954 815 1982 τοῦ
847 1955 963 1989 φονέως,

177 2005 236 2033 ἀντὶ
260 2004 310 2039 τῆς
337 2004 425 2038 ψυχῆς
448 2002 494 2029 τοῦ
515 2001 703 2036 φονευθέντος,
734 2001 961 2028 ἀποκτείνεσοαι·

177 2052 268 2078 καίτοι
293 2050 318 2076 οἱ
340 2048 537 2079 ἁποκτένοντες
552 2068 559 2080 ,
579 2047 610 2074 τὸ
646 2047 727 2083 σῶμα.
758 2048 940 2074 ἀποκτένουσι
957 2069 964 2080 ,

181 2097 249 2131 μετᾶ
263 2095 292 2122 δὲ
311 2094 390 2120 τοῦτο
413 2093 463 2119 οὐκ
476 2092 567 2127 ἔχουσι
582 2093 608 2118 τί
622 2093 816 2128 περισσότερον
834 2093 964 2127 ποιῆσαι·

178 2141 279 2168 τοιόνδε
307 2139 340 2174 δή
367 2139 425 2164 ἐστι
443 2137 491 2164 καὶ
515 2137 556 2169 τὸ,
578 2146 587 2162 1
604 2136 778 2163 Ἐταπείνουν
799 2138 828 2163 ὲν
854 2138 967 2173 νηστείᾳ

178 2188 227 2223 τὴν
245 2186 335 2221 ψυχήν
357 2193 406 2219 μου
418 2193 424 2199 ·
439 2194 448 2210 ι
464 2184 511 2210 καὶ
528 2183 582 2218 γὰρ
598 2182 629 2209 τὸ
646 2182 726 2217 σῶμα
744 2183 858 2218 πρώτως
874 2193 903 2210 τε
921 2185 967 2211 καὶ

178 2233 263 2264 ὅντως
279 2231 336 2258 ἐστὶ
347 2230 375 2256 τὸ
391 2229 605 2263 ταπεινούμενον
620 2228 667 2255 ἐπὶ
681 2229 803 2264 νηστείᾳ,
820 2230 836 2264 ἡ
852 2229 880 2255 δὲ
895 2230 967 2266 ψυχὴ

180 2279 227 2305 κιῖ
244 2278 344 2313 μᾶλλον
356 2277 435 2312 νήφει
450 2275 496 2302 καὶ
507 2274 623 2310 ὑψοῦται
636 2274 732 2309 ἐφόσον
740 2275 754 2300 ὁ
765 2274 816 2307 ἔξω
826 2275 969 2310 ἄνθρωπος

179 2323 364 2350 ταπεινοῦται·
377 2322 435 2353 καὶ,
447 2321 538 2356 (Φωνὴ
548 2321 663 2356 αἵματος
674 2321 722 2347 τοῦ
736 2321 852 2359 ᾁδελφοῦ
863 2330 909 2348 σου
923 2321 971 2358 βοᾷ

181 2371 250 2406 πρός
270 2380 318 2405 με·
332 2380 340 2395 ι
357 2370 405 2396 καὶ
418 2369 472 2403 γὰρ
485 2368 542 2400 καὶ,
559 2367 630 2394 κατὰ
644 2367 690 2393 τὸν
712 2359 885 2400 Ἀτξῖὂστολον,
901 2368 971 2394 ἁπο-

181 2415 270 2442 Οανὼν
285 2415 324 2441 ἔτι
341 2415 418 2441 λαλεῖ
431 2414 468 2444 ὡς
481 2412 535 2445 ζῶν
554 2414 568 2439 ὁ
590 2412 683 2444 Ἅϐελ,
701 2413 751 2438 οὐκ
767 2412 842 2448 αὐτῷ
859 2412 968 2448 αἵματι,

180 2461 249 2488 ἀλλὰ
263 2462 296 2495 τῆ

217 2505 307 2540 Σαφὲς
327 2505 372 2532 οὖν
388 2506 429 2531 ὅτι
448 2504 466 2532 ἃ
491 2505 621 2540 εἰρήκατε
645 2505 745 2536 πάντα,
774 2504 839 2539 περὶ
870 2503 971 2539 μέρους

181 2553 289 2585 λέγεται
302 2552 349 2578 τοῦ
361 2551 534 2587 ἀνθρωπίνου
552 2551 686 2586 Χριστοῦ·
699 2552 715 2586 ἡ
734 2551 783 2585 μὲν
802 2550 856 2586 γὰρ
871 2550 926 2577 τῶν
942 2551 972 2576 ἐν

182 2599 257 2633 αὐτῷ
282 2598 401 2632 φύσεων,
428 2597 492 2629 Θεός
511 2606 540 2623 τε
556 2598 602 2624 καὶ
619 2597 682 2628 Υἱὸς
698 2597 766 2623 Θεοῦ
790 2597 847 2623 ἐστι
870 2605 900 2623 τε
925 2596 972 2623 καὶ

182 2644 356 2679 ὀνομάζεται,
368 2644 491 2671 οὐσιιῦδει
506 2643 578 2678 λόγῳ
589 2651 596 2658 θ
615 2644 631 2678 ἡ
652 2643 681 2669 δὲ
697 2643 788 2678 χάριτι
799 2643 908 2677 ἀληθῶς
923 2644 972 2670 καὶ

182 2694 273 2730 δωρεᾷ
289 2693 365 2725 θείας
384 2693 468 2728 τιμῆς
480 2692 528 2719 καὶ
541 2691 691 2727 ὀνομασίας
708 2691 833 2726 ἠξίωται,
848 2690 906 2717 ἀλλ’
922 2691 973 2725 οὐχ

183 2739 276 2770 ἁπλῶς
290 2739 376 2774 ὄνομα
390 2738 472 2775 οὔσης
485 2738 573 2773 ψιλὸν,
586 2739 703 2773 πρᾶγμα
718 2735 897 2771 ὑποκείμενον
913 2737 972 2763 ὀνο-

218 2820 230 2835 ⁶
244 2818 340 2846 Matth.
357 2827 375 2850 ι,
389 2819 416 2845 2.
455 2818 465 2834 ⁸
480 2817 558 2847 Dom.
570 2826 599 2851 ν,
611 2817 656 2845 20.
695 2819 704 2834 ⁸
718 2818 809 2852 Philip

179 2860 276 2887 cum,
292 2853 336 2880 28.
378 2854 397 2869 ¹¹
414 2854 485 2880 Psal.
503 2861 594 2886 xxxiv,
609 2854 650 2881 l5.
695 2854 714 2870 "
728 2853 796 2881 Gen.
826 2860 862 2886 Iv,
881 2853 922 2879 l0.

812 2817 908 2852 p.119.
947 2818 956 2834 ⁷
967 2817 1050 2845 llehr.
1064 2826 1090 2847 τ,
1101 2818 1125 2846 ι.
1142 2817 1152 2834 ⁸
1165 2818 1184 2844 Ρ
1199 2822 1222 2841 s.
1240 2822 1351 2848 Lxxvul,
1362 2816 1387 2842 ἓ.

1004 908 1065 927 rum
1074 899 1147 935 quod
1160 900 1198 926 ita
1210 904 1305 935 quaeet
1315 907 1364 926 vos
1372 908 1442 935 smpe
1451 900 1572 934 dixistis,
1584 901 1694 929 fueritis
1702 902 1793 934 obliti,

1004 947 1057 974 nisi
1069 946 1210 981 lethargire
1228 945 1325 973 morbo
1349 945 1481 974 laboretis
1497 955 1572 974 :non
1590 948 1666 975 enim
1684 948 1795 983 ignora-

1006 991 1041 1018 tis
1059 999 1121 1026 qua:
1139 995 1204 1018 sunt
1219 991 1301 1018 unius
1317 999 1349 1018 ex
1360 991 1486 1026 partibus
1497 993 1530 1019 de
1544 992 1604 1028 ipsa
1625 998 1703 1028 parte
1723 993 1796 1020 allir-

1004 1037 1094 1064 mari:
1128 1037 1202 1064 sicut
1217 1037 1244 1064 in
1262 1037 1316 1064 hoc
1340 1037 1421 1064 loco:
1453 1037 1634 1066 1Posueruut
1659 1039 1794 1066 cadavera

1005 1089 1149 1110 servorum
1161 1087 1272 1109 tuorum
1289 1082 1316 1109 in
1329 1090 1422 1110 escam
1431 1083 1593 1111 volatilibus
1607 1085 1683 1114 cceli.
1697 1092 1796 1111 carnes

1006 1130 1164 1154 sanctorum
1177 1131 1287 1154 tuorum
1299 1126 1396 1154 bestiis
1410 1131 1491 1155 terra:
1507 1128 1534 1161 ⁸;
1549 1138 1558 1154 ›
1578 1129 1625 1156 sed
1639 1129 1722 1156 etiam
1740 1129 1796 1156 sci-

1008 1173 1043 1199 tis
1061 1180 1122 1207 quae
1140 1176 1205 1199 sunt
1222 1173 1306 1199 totius
1322 1173 1421 1207 partis,
1433 1173 1467 1200 de
1484 1178 1542 1201 toto
1557 1174 1629 1202 dici:
1649 1180 1679 1202 ut
1694 1175 1721 1202 iu
1744 1175 1796 1201 hoc

1006 1218 1061 1245 alio
1070 1218 1131 1245 loco
1143 1226 1149 1244 :
1163 1227 1172 1243 1
1183 1217 1232 1244 llic
1241 1218 1412 1252 sepelierunt
1420 1218 1558 1246 Abraham
1568 1223 1596 1246 et
1607 1219 1673 1247 Sara
1683 1227 1795 1247 uxorem

1006 1265 1066 1299 ejus
1079 1265 1107 1297 ’,
1121 1273 1129 1288 ι
1149 1268 1176 1291 et
1194 1264 1306 1295 iterum,
1323 1271 1384 1298 quas
1396 1268 1462 1291 sunt
1480 1266 1575 1298 totius,
1595 1265 1629 1293 de
1645 1270 1741 1300 parte:
1767 1270 1797 1292 ut

1008 1311 1036 1337 in
1055 1310 1119 1342 isto,
1139 1319 1147 1335 ι
1158 1308 1303 1345 Ingressus
1312 1315 1353 1337 est
1369 1310 1455 1338 Jacob
1470 1319 1533 1338 cum
1544 1312 1603 1339 suis
1612 1312 1758 1339 animabus
1769 1311 1796 1338 iu

1007 1357 1166 1393 Egyptum,
1184 1367 1192 1383 ι
1208 1357 1300 1384 adhuc
1309 1358 1482 1385 conﬁtemini
1496 1367 1557 1393 qua:
1569 1364 1634 1387 sunt
1661 1360 1746 1386 totius
1764 1358 1798 1385 de

1008 1409 1086 1438 parte
1096 1404 1153 1438 ipsa
1163 1403 1218 1430 dici
1228 1403 1375 1438 aliquando
1384 1404 1452 1437 sola,
1462 1404 1535 1432 sicut
1543 1405 1570 1432 in
1580 1412 1613 1432 eo
1622 1405 1700 1432 loco:
1714 1404 1799 1431 1Dor-

1007 1448 1117 1475 mitavit
1143 1449 1236 1475 anima
1268 1456 1329 1476 mea
1354 1457 1411 1484 prm
1433 1449 1516 1477 taedio
1542 1450 1582 1483 l°;
1599 1459 1608 1475 ι
1636 1458 1692 1477 non
1723 1450 1798 1477 enim

1010 1503 1122 1530 corpus,
1145 1503 1237 1530 neque
1261 1494 1354 1522 anima
1378 1496 1531 1523 secundum
1552 1496 1670 1531 seipsam
1700 1503 1801 1530 peruo-

1011 1543 1076 1572 ctat,
1091 1543 1118 1566 et
1136 1539 1164 1566 in
1181 1539 1245 1571 alio,
1265 1539 1397 1567 1Etl'undo
1407 1540 1441 1567 de
1457 1540 1558 1575 spiritu
1569 1548 1632 1567 meo
1650 1547 1801 1575 superem—

1011 1593 1074 1613 nem
1090 1587 1218 1615 carnem;
1233 1595 1242 1610 ι
1259 1593 1316 1613 ηοη
1333 1586 1407 1613 enim
1425 1586 1498 1613 illam
1525 1587 1585 1614 sine
1606 1586 1697 1614 anima
1719 1587 1800 1615 dicit:

1012 1637 1039 1659 et
1066 1640 1128 1667 quae
1153 1636 1219 1659 sunt
1247 1633 1334 1659 totius
1364 1632 1399 1660 de
1424 1637 1482 1659 toto
1508 1632 1574 1664 dici,
1602 1637 1728 1667 apertum
1760 1638 1803 1660 est

1012 1678 1162 1710 omnibus;
1199 1677 1272 1704 sicut
1303 1677 1334 1704 in
1359 1677 1457 1710 altero,
1486 1678 1562 1705 Isaac
1591 1678 1648 1705 ibat
1674 1686 1724 1712 per
1752 1678 1803 1705 de-

1013 1728 1118 1750 sertum
1133 1723 1212 1758 juxta
1225 1722 1325 1749 fossam
1341 1722 1477 1755 visionis;
1502 1722 1605 1758 aliquid
1633 1731 1701 1750 vero
1722 1723 1803 1750 inatt-

1014 1769 1104 1796 ditum
1129 1768 1359 1803 superaddemus,
1389 1776 1490 1803 nempe
1519 1769 1592 1803 quod
1629 1774 1735 1804 spectat
1768 1770 1802 1796 ad

1014 1817 1156 1844 naturales
1192 1817 1425 1853 conjunctiones,
1449 1816 1531 1844 datur
1566 1817 1661 1845 videre
1685 1822 1800 1853 propter

1016 1863 1198 1900 sympathiam
1225 1871 1288 1898 qum
1311 1871 1346 1890 ex
1370 1863 1472 1891 unione
1502 1864 1592 1891 oritur
1617 1864 1708 1899 quoad
1736 1865 1805 1891 atie-

1016 1913 1077 1936 ctus
1108 1908 1230 1943 partium
1261 1908 1419 1941 unitarum,
1452 1916 1513 1943 qum
1540 1913 1605 1936 sunt
1632 1908 1748 1936 alterius
1773 1917 1805 1935 ev

1018 1955 1145 1990 partibus
1170 1954 1265 1986 totius,
1281 1954 1315 1982 de
1336 1955 1423 1982 altera
1442 1959 1521 1989 parte
1546 1954 1634 1989 ipsius
1658 1955 1804 1986 allirmari;

1017 2002 1058 2030 sic
1072 2001 1185 2033 dicitur,
1199 2002 1319 2028 animam
1345 2001 1506 2032 homicidae,
1535 2009 1585 2036 pro
1600 2002 1692 2029 anima
1717 2002 1807 2029 inter-

1019 2048 1095 2080 fecti,
1105 2047 1208 2081 occidi;
1219 2055 1303 2083 porro
1315 2048 1508 2075 interfectores
1515 2056 1616 2084 corpus
1624 2048 1794 2076 interﬁciun:

1019 2098 1081 2129 post
1096 2093 1149 2121 hoc
1164 2101 1230 2121 vero
1253 2101 1308 2120 non
1332 2093 1436 2121 habent
1464 2094 1583 2129 amplius
1602 2094 1666 2129 quid
1695 2094 1806 2123 faciant.

1021 2140 1110 2167 simile
1135 2144 1177 2167 est
1205 2139 1257 2166 hoc
1281 2148 1287 2166 :
1316 2138 1531 2166 1llumiliabam
1559 2140 1587 2166 in
1618 2139 1722 2175 jejunio
1751 2140 1809 2167 ani-

1021 2194 1094 2213 mam
1109 2192 1198 2212 meam
1218 2185 1236 2200 “
1250 2194 1257 2217 ;
1272 2194 1281 2210 »
1295 2191 1396 2219 corpus
1421 2185 1494 2211 enim
1511 2185 1631 2219 primum
1656 2190 1684 2212 et
1697 2185 1809 2212 realitcr

1022 2231 1089 2258 illud
1107 2231 1236 2265 estquod
1249 2230 1412 2257 humiliatur
1424 2230 1450 2256 in
1462 2230 1580 2266 jejunio,
1597 2231 1687 2257 anima
1697 2238 1763 2258 vero
1776 2238 1810 2257 eo

1022 2277 1109 2312 magis
1127 2277 1222 2311 vigilat
1243 2281 1270 2304 et
1284 2276 1431 2309 exaltatur,
1448 2277 1521 2311 quod
1536 2277 1700 2304 humiliatur
1718 2282 1809 2304 exter-

1022 2332 1074 2350 nus
1092 2323 1192 2355 homo,
1220 2327 1249 2350 et
1264 2323 1348 2350 illud:
1368 2323 1441 2350 1Vox
1469 2323 1614 2358 sanguinis
1644 2323 1739 2350 fratris
1766 2323 1806 2350 tui

1022 2369 1123 2396 clamat
1139 2369 1173 2396 ad
1188 2377 1232 2396 me
1242 2369 1282 2402 “;
1296 2379 1304 2394 ι
1323 2369 1426 2396 ctenim
1439 2369 1629 2396 etsecundum
1637 2368 1808 2403 Apostolum,

1023 2415 1172 2443 defunctus
1192 2415 1283 2442 adhuc
1308 2415 1433 2450 loquitur
1456 2419 1586 2449 tanquam
1613 2414 1708 2442 vivens
1730 2414 1808 2446 Abel,

1023 2469 1078 2487 non
1094 2461 1154 2495 ipso
1167 2461 1313 2495 sanguine,
1326 2460 1374 2487 sed
1391 2461 1491 2487 anima.

1060 2507 1233 2534 Manifestum
1260 2510 1302 2533 est
1331 2506 1416 2541 igitur
1440 2506 1532 2533 omnia
1560 2514 1620 2541 quae
1645 2506 1753 2533 dixistis
1777 2505 1812 2534 de

1025 2558 1102 2589 parte
1118 2553 1173 2580 dici
1199 2552 1301 2580 Christi
1327 2552 1438 2579 humani
1453 2561 1459 2578 :
1476 2560 1532 2580 una
1548 2553 1621 2580 enim
1649 2557 1811 2579 naturarum

1025 2608 1086 2635 qua:
1101 2603 1164 2627 sunt
1183 2599 1210 2625 in
1222 2598 1293 2634 ipso,
1306 2599 1379 2626 Deus
1393 2603 1421 2625 ct.
1445 2599 1531 2626 Filius
1546 2599 1593 2626 Dei
1615 2603 1657 2625 est
1673 2603 1702 2625 et
1722 2598 1812 2625 nomi-

1025 2650 1108 2673 natur
1126 2645 1267 2672 essentiali
1283 2645 1384 2672 verbo:
1406 2645 1492 2672 altera
1507 2652 1574 2672 vero
1603 2645 1690 2680 gratia
1711 2651 1775 2671 vere
1786 2649 1813 2671 et

1025 2692 1110 2722 dono,
1128 2690 1254 2718 divinum
1270 2690 1405 2717 honorem
1417 2694 1444 2717 et
1459 2688 1714 2716 denominalionem
1739 2689 1811 2716 accis

1028 2737 1079 2772 pit,
1098 2743 1159 2771 qua:
1173 2744 1227 2763 non
1241 2743 1306 2763 sunt
1323 2735 1487 2771 simpliciter
1501 2741 1603 2762 nomen
1619 2734 1734 2767 nudum,
1751 2734 1812 2769 qui-

1437 2817 1447 2833 '
1459 2816 1530 2844 Gcn.
1541 2823 1604 2849 xxv,
1619 2814 1661 2842 10.
1705 2813 1725 2829 '°
1740 2815 1811 2842 Psal.
