1968 3094
208 131 276 165 1619

206 192 297 220 άίυιυς
312 197 364 226 est,
384 193 410 220 in
429 193 560 223 omnibus
592 195 649 230 ipse
670 197 832 231 prmcellens
854 198 994 232 primoge-

205 240 280 266 nitus
291 240 381 266 omnis
395 242 548 268 creaturae?
569 241 665 275 Qualis
683 247 727 270 est
746 243 793 277 qui
816 247 859 270 est
875 243 908 270 de
924 243 995 271 emlo

204 285 343 313 secundus
355 286 439 313 homo
457 291 486 314 et
500 287 651 315 Dominus?
668 288 735 321 Quis
750 289 784 316 de
795 297 851 324 quo
869 290 995 324 loquitur

204 332 346 360 Joannes:
377 343 386 358 ι
408 333 462 366 Qui
494 333 642 361 desursum
667 335 754 366 venit,
782 343 868 370 super
896 343 995 364 omnes

204 383 246 406 est
260 379 304 406 "?
319 389 328 405 ι
349 379 418 413 Quis
430 385 474 407 est
486 381 533 415 qui
551 381 619 408 dicit
629 381 744 416 gloriam
762 381 865 408 habere
886 389 901 408 a
912 381 994 409 Patre

203 428 351 460 antequam
380 425 500 453 mundus
520 425 619 457 .ﬁeret,
644 429 671 454 et
700 426 849 453 conﬁtetur
877 435 907 454 se
931 434 993 454 cum

205 472 282 498 Patre
298 479 382 498 unum
397 471 477 498 esse?
491 471 526 498 Et
541 471 603 506 quis
625 477 668 500 est
687 472 736 507 qui
761 472 845 499 habet
869 477 993 507 potesta—

205 521 258 544 tem
274 517 396 552 ponendi
411 525 489 545 suam
510 518 630 545 animam
650 523 677 546 et
700 519 829 546 sumendi
843 520 876 552 ’³,
902 524 930 547 et
944 519 993 554 qui

205 571 328 591 aversum
342 563 487 598 proprium
509 565 641 599 templum
661 569 793 600 tanquam
808 565 935 592 divinum
962 569 991 592 et

203 617 257 636 non
277 609 387 637 domum
411 610 604 644 particularem
629 611 753 643 dictum,
783 616 844 646 post
867 611 991 638 triduum

203 655 368 681 rczediﬁeare
384 659 474 688 potest
488 654 532 682 “?
547 655 693 688 Quomodo
710 659 803 683 autem
829 663 861 682 ex
875 655 927 683 ﬁde
947 655 993 690 ju-

201 699 276 726 stitia
292 699 380 727 dicit:
398 709 407 725 ς
420 700 461 727 Ne
475 700 580 728 dixeris
601 701 628 728 in
645 702 729 729 corde
746 707 804 733 tuo,
819 701 882 736 quis
896 708 992 728 ascen—

201 746 242 772 dit
257 746 284 772 in
300 746 450 778 emlum.id
468 750 512 774 est
540 747 685 774 Christum
717 747 857 774 deducere
882 746 916 778 ’⁵,
933 756 942 771 ι
964 746 990 773 Si

202 799 255 819 non
267 793 407 820 coelestem
427 801 487 820 esse
502 793 578 820 illum
599 798 627 820 et
641 801 697 821 non
713 793 819 820 nudum
846 793 989 820 mortalem

200 836 286 864 dicit?
302 836 368 870 Quis
384 842 428 865 est
451 838 586 865 Dominus
600 838 696 873 gloria:
718 846 801 873 quem
833 838 990 866 nescientes

201 883 399 910 cruciﬁxeruut
415 884 457 910 '6?
480 884 625 917 Quomodo
652 890 680 912 et
697 892 747 912 vos
770 884 822 919 ipsi
850 884 988 912 Nicaeuam

203 930 282 956 ﬁdem
310 938 366 957 non
390 930 571 964 abdicantes,
594 930 770 958 conﬁtemini
789 930 931 958 Christum
956 938 990 957 ex

202 975 282 1001 l’atre
301 975 424 1010 genitum
443 979 507 1002 ante
535 975 629 1002 omnia
644 975 754 1007 saecula,
785 975 833 1010 qui
854 975 913 1010 ipse
939 974 989 1002 de-

198 1021 308 1048 scendit
321 1021 356 1048 de
367 1021 447 1048 cmlis
463 1026 491 1049 et
502 1021 712 1049 incarnatusest
723 1030 757 1049 ex
769 1021 873 1056 Spiritu
892 1025 988 1049 sancto

197 1072 225 1094 et
241 1067 324 1094 Maria
335 1067 458 1103 Virgine,
469 1072 497 1095 et
513 1067 595 1095 homo
610 1067 700 1095 factus
713 1067 777 1095 est?
801 1071 829 1094 et
848 1067 988 1102 quomodo

199 1113 352 1148 intelligitis
361 1113 453 1140 omnia
464 1113 516 1140 alia
526 1121 586 1149 qua:
599 1121 614 1141 a
631 1113 712 1141 nobis
723 1122 756 1140 ex
768 1114 854 1141 sacris
864 1113 988 1148 Eloquiis

198 1158 309 1192 praefata
321 1162 386 1185 sunt
399 1157 433 1185 de
444 1157 555 1186 Christo
564 1178 571 1190 ,
589 1162 720 1192 tanquam
731 1157 801 1184 Filio
813 1157 872 1189 Dei,
886 1162 914 1185 et
926 1165 988 1192 qua:

198 1204 285 1239 gratia
299 1208 327 1231 et
353 1208 452 1231 natura
466 1203 567 1230 Filium
588 1203 637 1231 Dei
657 1203 734 1230 illum
749 1207 914 1238 praeponam
929 1203 940 1229 ?
957 1203 986 1231 Si

196 1251 270 1278 enim
284 1250 341 1278 haec
351 1257 407 1277 non
419 1249 505 1285 ﬁgura
514 1253 562 1277 aut
571 1249 769 1284 imaginatione
779 1253 827 1277 aut
837 1249 870 1276 ad
879 1249 987 1276 illusio-

197 1306 260 1325 nem
271 1301 318 1324 aut
328 1301 442 1332 propter
454 1296 560 1330 aliquid
569 1303 667 1324 eorum
673 1303 735 1330 qua:
743 1296 904 1323 asseruistis
912 1295 986 1323 dicta

197 1343 301 1370 fuerint
316 1343 342 1369 in
355 1349 433 1369 saera
458 1341 612 1376 Scriptura,
631 1349 721 1376 neque
745 1341 859 1368 nomine
888 1341 985 1368 ﬁctitio

196 1391 288 1418 dictus
306 1389 473 1417 fueritDeus
489 1393 518 1416 et
529 1387 615 1415 Filius
630 1387 690 1420 Dei,
713 1392 742 1415 et
757 1387 891 1415 Dominus
911 1387 985 1414 idem

196 1436 332 1464 Christus.
351 1434 491 1470 quomodo
506 1441 562 1461 non
577 1433 650 1461 idem
666 1433 721 1460 erit
743 1433 809 1466 duo,
831 1433 934 1468 quippe
951 1433 985 1460 de

195 1481 292 1508 eodem
308 1485 458 1514 utrumque
472 1482 615 1511 narratur,
626 1477 766 1513 quomodo
780 1486 853 1505 unus
860 1482 888 1504 et
899 1477 985 1505 Filius

198 1525 243 1552 [h-i
259 1529 358 1552 natura
384 1528 412 1551 et
438 1523 526 1550 Filius
553 1523 602 1550 Dei
629 1523 729 1558 gratia,
756 1522 935 1557 impassibilis
956 1526 985 1550 et

197 1572 346 1607 passibilis,
363 1571 488 1599 exaltans
515 1574 544 1598 et
562 1571 712 1602 exaltatus,
740 1574 769 1598 et
795 1569 913 1604 reliqua,
928 1576 984 1596 non
998 1555 1020 1586 ί)

196 1617 399 1646 acstimabitur?

231 1665 291 1692 Non
307 1664 382 1691 enim
395 1662 576 1691 rationabiles
598 1670 663 1690 vere
678 1662 745 1690 estis
764 1669 825 1693 vos,
845 1669 862 1688 ο
875 1660 1000 1692 verbosi,

196 1712 244 1747 qui
259 1719 308 1746 per
325 1710 515 1746 acceptionem
526 1708 621 1745 ﬁgura
639 1713 667 1736 et
689 1707 899 1744 imaginationis
923 1714 986 1742 pas-

197 1758 288 1784 siones
305 1760 333 1783 et
361 1755 501 1790 passibilis
522 1755 636 1782 nomina
661 1754 773 1789 proprie
801 1753 936 1788 recipitis,
959 1758 987 1781 ct

197 1807 329 1830 naturaet
338 1802 465 1830 realiter:
481 1800 734 1836 impassibilitatem
747 1807 815 1826 vero
824 1803 852 1827 et
863 1799 984 1835 gloriam

196 1853 224 1876 et
239 1849 384 1880 honorem,
401 1852 430 1875 et
441 1855 542 1875 nomen
555 1845 739 1874 deiﬁcationis
756 1850 784 1873 et
799 1845 900 1873 divina:
919 1845 988 1872 ﬁlia-

197 1895 292 1927 tionis,
307 1901 364 1921 n0n
377 1898 475 1921 natura
492 1892 673 1928 generaliter,
688 1899 741 1919 nec
760 1899 789 1919 re
806 1899 860 1918 nec
876 1898 941 1918 vere
951 1890 986 1918 de

195 1942 317 1974 Christo,
330 1941 377 1968 sed
389 1940 487 1968 falsum
499 1945 600 1967 nomen
611 1944 639 1967 et
647 1938 762 1975 ﬁguram
771 1943 799 1966 et
810 1937 986 1974 imaginatio'

196 1995 260 2015 nem
270 1992 298 2014 et
308 1994 405 2014 vanam
414 1986 626 2021 appellationem
633 1985 744 2013 habetis
755 1994 760 2011 :
770 1985 793 2012 si
800 1984 875 2012 enim
883 1984 986 2018 et'yere

197 2033 328 2061 dicuntur
345 2032 380 2059 ab
392 2032 453 2067 ipso
467 2036 496 2059 et
515 2031 727 2064 ﬁunthumana,
744 2030 793 2058 sed
811 2029 986 2058 considerate

196 2079 291 2107 studio
307 2078 434 2105 veritatis
461 2077 518 2113 regi
536 2077 649 2112 quidem
667 2076 763 2104 dicere
778 2075 899 2110 propriis
917 2074 985 2103 sub-

194 2124 285 2161 jectis,
298 2131 370 2151 unus
386 2131 420 2151 ex
441 2123 521 2151 vobis
537 2130 609 2156 sum,
634 2125 662 2149 et
680 2121 779 2149 similis
795 2121 885 2154 vobis,
902 2124 930 2148 et
945 2121 987 2148 l'a-

197 2178 260 2198 cere
274 2171 301 2197 in
317 2170 377 2197 acie
390 2169 526 2197 instructa
543 2176 604 2204 qua:
623 2171 689 2196 sunt
704 2167 801 2195 militis
822 2167 856 2194 ad
880 2174 985 2201 procu-

197 2217 311 2244 randam
329 2216 485 2244 communis
505 2214 646 2251 propriam
664 2214 828 2250 reipublica:
856 2213 984 2246 salutem,

195 2272 252 2291 non
261 2263 350 2291 solum
364 2270 420 2290 non
437 2269 499 2290 esse
510 2260 783 2297 reprehendendum,
798 2260 846 2287 sed
857 2264 886 2287 et
901 2259 986 2287 nimis

195 2311 363 2346 gloriosum:
384 2309 502 2338 militem
514 2315 591 2341 vero,
604 2307 627 2336 si
641 2307 716 2342 regie
735 2310 873 2342 proponat
889 2310 917 2333 et
932 2314 985 2334 no-

196 2358 328 2390 minetur,
347 2364 403 2384 non
421 2363 532 2390 parvam
556 2356 699 2382 incurrere
721 2353 945 2381 accusationem:
960 2353 984 2380 si

196 2403 280 2440 igitur
294 2403 344 2438 qui
358 2407 400 2430 cst
421 2402 507 2430 Filius
522 2401 645 2429 hominis
659 2401 687 2428 et
706 2400 789 2427 homo
804 2399 905 2431 solum,
921 2398 984 2426 uni—

195 2450 306 2486 genitus
326 2450 375 2477 Dei
404 2449 503 2481 Filius,
527 2452 556 2475 et
579 2446 780 2482 primogenitus
795 2445 886 2473 omnis
905 2453 984 2473 crea-

195 2485 265 2524 tura:
279 2496 311 2528 ",
328 2501 357 2524 et
379 2504 463 2530 super
479 2502 578 2523 omnes
594 2494 666 2521 Deus
681 2485 714 2526 ’⁸,
731 2496 760 2520 et
782 2492 901 2527 reliqua,
929 2492 984 2520 dici

196 2541 352 2570 consentiat
379 2545 488 2568 etcum
515 2544 653 2576 potestate
684 2542 827 2574 prmponat
855 2542 984 2572 tanquam

162 2599 165 2601 λ
194 2589 336 2620 dominus,
367 2588 396 2614 in
424 2588 511 2614 Deum
541 2585 702 2620 conspirare
731 2583 933 2611 convincitur:
962 2584 985 2611 si

194 2643 273 2668 vero,
285 2643 348 2662 cum
363 2635 398 2662 sit
413 2634 461 2661 Dei
473 2633 559 2660 Filius
580 2637 608 2660 et
626 2633 708 2663 Deus,
723 2634 818 2658 utatur
836 2630 985 2665 aliquando

195 2681 326 2709 humanis
346 2681 461 2709 vocibus
474 2685 502 2707 ει
518 2679 612 2712 rebus,
635 2678 751 2706 evidens
766 2681 809 2704 est
829 2676 902 2711 quod
931 2685 987 2712 pra:

195 2729 313 2757 naturali
332 2727 532 2764 magnitudine,
547 2724 770 2753 humiliationem
785 2731 819 2750 ex
834 2723 984 2750 dilectione

196 2775 336 2804 ostendat.

231 2840 252 2854 ²¹
266 2839 342 2866 Joan.
356 2847 394 2870 In.
411 2839 454 2865 51,
498 2839 518 2854 ²³
534 2838 612 2866 Joan.
639 2845 664 2869 x,
684 2836 725 2863 i8.
768 2835 788 2850 ⁷*
809 2834 886 2862 Joan.
908 2843 935 2865 ιι,
966 2835 995 2863 l’)

498 2839 518 2854 ’3
534 2838 612 2866 Joan.
639 2845 664 2869 Χ,
684 2836 725 2863 i8.

198 2872 218 2889 πῖ
236 2873 338 2908 Epiros.
353 2882 388 2905 IV,
406 2873 429 2900 (5.
678 2875 682 2877 ’

822 138 977 169 LEONTII
997 138 1198 170 BYZANTINI

1773 138 1840 172 1620

1009 200 1031 228 A
1045 198 1150 234 νεκρῶν
1178 198 1294 234 εἴρηται,
1313 198 1341 225 ἐν
1364 199 1447 225 πᾶσιν
1464 199 1545 231 αὐτὸς
1562 199 1721 234 πρωτεύων,
1757 209 1835 236 πρω-

1046 244 1156 276 τότοκος
1183 244 1273 279 πάσης
1285 244 1399 276 κτίσεως
1409 253 1416 277 ;
1427 244 1504 276 ποῖός
1516 244 1546 271 τέ
1557 245 1630 271 ἐστιν
1647 245 1661 270 6
1683 245 1711 278 ἐξ
1719 245 1835 280 οὐρανοῦ

1045 290 1170 325 δεύτερος
1185 290 1326 326 ἄνθρωπος
1342 291 1389 316 καὶ
1400 290 1501 325 Κύριος
1513 298 1520 323 ;
1534 291 1576 322 τίς
1585 299 1615 317 τε
1623 290 1652 317 ὄν
1663 299 1730 326 φησι
1746 291 1837 318 Ἰωάν-

1046 343 1119 371 νης,‹
1138 335 1167 361 '0
1177 335 1280 362 ἄνωθεν
1291 335 1448 370 ἐρχόμενος,
1459 336 1559 371 μείζων
1567 336 1676 362 πάντων
1687 336 1759 366 tati;
1772 345 1781 361 ι
1795 337 1836 368 τίς

1045 390 1075 408 τε
1086 382 1100 406 6
1112 381 1198 415 λέγων
1209 382 1288 414 δόξαν
1299 381 1370 416 ἔχειν
1379 382 1455 417 παρὰ
1465 381 1504 417 τῷ
1513 382 1599 417 Πατρὶ
1608 382 1660 417 πρὸ
1672 381 1717 408 τοῦ
1730 382 1777 407 τὸν
1788 382 1834 408 x6-

1046 435 1114 462 σμον
1130 426 1266 461 γενέσθαι,
1292 427 1338 453 ml.
1356 426 1495 462 ὁμολογῶν
1511 426 1606 453 ἑαυτὸν
1627 427 1675 453 σὺν
1691 426 1730 462 τῷ
1746 426 1834 461 Πατρὶ

1045 471 1074 498 ἓν
1094 469 1162 497 εἶναι
1175 480 1182 504 ;
1193 471 1240 497 καὶ
1257 471 1319 501 τίςὸ
1332 470 1454 503 ἐξουσίαν
1470 470 1540 505 ἔχων
1555 470 1641 497 θεῖναι
1658 471 1707 505 τὴν
1730 471 1834 497 οἰκείαν

1045 515 1127 543 αὐτοῦ
1138 517 1227 552 ψυχὴν
1241 517 1288 543 καὶ
1295 514 1370 552 ἆραι,
1383 518 1429 542 καὶ
1439 516 1553 542 λυθέντα
1567 516 1613 542 τὸν
1634 516 1699 543 ἴδιον
1711 516 1785 547 ναὸν,
1797 516 1835 547 ὡς

1045 563 1116 589 θεῖον
1131 562 1175 588 καὶ
1186 562 1236 588 οὐκ
1248 560 1322 589 οἷκον
1343 561 1475 588 ἰδιωτικὸν
1497 561 1655 596 λεγόμενον,
1689 562 1718 587 ὲν
1740 561 1831 596 τρισὶν

1044 609 1162 644 ἡμέραις
1184 609 1290 643 ἐγεῖραι
1307 608 1437 641 δυνατός;
1452 608 1510 639 πῶ;
1527 608 1555 635 δὲ
1572 608 1618 634 καὶ
1633 609 1648 643 ἡ
1664 608 1697 634 ὲκ
1716 608 1835 640 πίστεως

1043 654 1199 689 δικαιοσύνη
1209 654 1294 688 λέγει,
1312 664 1320 679 ι
1337 654 1382 689 Μὴ
1401 654 1483 689 εἴπῃς
1501 654 1530 680 ἐν
1543 655 1575 688 τῇ
1592 653 1691 688 καρδίᾳ
1711 662 1769 685 σου,
1786 653 1834 684 Τίς

1043 700 1210 736 ἀναϐήσεται
1234 701 1273 731 εἰς
1291 699 1337 727 τὸν
1352 700 1481 735 οὐρανόν,
1497 699 1619 726 τοὺτέστι
1635 699 1752 735 Χριστῆν
1767 708 1834 726 κατ-

1043 748 1167 780 αγαγεῖν,
1178 756 1187 771 ι
1201 746 1276 781 εἰμὴ
1289 746 1335 773 καὶ
1347 745 1471 781 οὐράνιον
1483 744 1552 772 εἶναι
1568 746 1650 772 αὐτὸν
1661 747 1707 772 καὶ
1716 746 1745 772 οὺ
1754 745 1833 780 ψιλὸν

1042 792 1163 826 ἐπίγειόν
1179 800 1261 827 (priet;
1273 792 1314 822 τίς
1324 799 1354 818 τε
1364 792 1377 818 6
1386 791 1490 826 Κύριος
1500 792 1549 827 τῆς
1561 791 1652 826 δόξης,
1663 791 1692 818 ὃν
1704 790 1832 824 ἀγνοοῦν-

1042 847 1087 870 τες
1113 839 1290 874 ἐσταύρωσαν
1311 847 1318 869 ;
1337 837 1396 870 πῶς
1417 838 1445 864 δὲ
1463 838 1509 865 καὶ
1536 838 1614 872 ὑμεῖς
1642 837 1720 864 αὐτοὶ
1735 837 1783 872 τὴν
1803 838 1833 862 ὲν

1006 874 1029 903 Β
1044 885 1147 920 Νικαίᾳ.
1161 885 1252 912 πίστιν
1271 884 1301 911 οὺ
1324 884 1539 919 παραιτούμενοι
1560 884 1606 911 τδν
1620 885 1652 910 ἐκ
1665 883 1712 910 τοῦ
1728 883 1832 918 [Ia-.96;

1044 930 1208 965 γεννηθέντα
1223 930 1276 966 πρὸ
1297 930 1405 956 πάντων
1415 929 1470 956 τῶν
1491 929 1606 962 αἰώνων,
1619 929 1665 956 τὸν
1676 929 1757 956 αὐτὸν
1767 937 1833 955 κατ-

1043 976 1155 1003 ελθόντα
1169 977 1201 1002 ὲκ
1216 976 1270 1002 τῶν
1285 975 1409 1011 οὐρανῶν
1437 977 1485 1002 καὶ
1513 975 1689 1011 σαρκωθέντα
1715 974 1834 1010 Χριστὸν

1042 1023 1196 1058 ὁμολογεῖτε
1205 1024 1237 1049 ὲκ
1245 1022 1403 1057 ῐῐνεύματος
1410 1021 1487 1056 ἁγίου
1498 1023 1543 1048 καὶ
1553 1022 1662 1056 Μαρίας
1673 1021 1724 1056 τῆς
1732 1020 1833 1055 Παρθέ-

1041 1079 1098 1103 νου,
1105 1069 1152 1096 καὶ
1162 1069 1411 1104 ὲνανθρωπήσαντα
1423 1078 1431 1102 ;
1443 1069 1491 1094 καὶ
1500 1066 1534 1092 τὰ
1543 1067 1653 1098 ἅλλαδὲ,
1665 1067 1724 1098 πῶς
1736 1067 1832 1096 νοεῖτε,

1041 1116 1091 1142 ὅσα
1105 1115 1269 1151 προείρηται
1284 1116 1351 1149 ἡμῖν
1364 1115 1396 1141 ὲκ
1407 1114 1462 1141 τῶν
1476 1113 1556 1149 ἱερῶν
1571 1113 1677 1147 Λογίων
1693 1112 1756 1148 περὶ
1769 1112 1834 1147 Χρι-

1042 1161 1117 1193 στοῦ,
1135 1161 1172 1192 ὡς
1192 1160 1259 1187 Υίοῦ
1281 1159 1431 1195 Θεοῦ,πρὸς
1454 1161 1486 1195 τῇ
1506 1159 1597 1195 χάριτι
1612 1158 1660 1185 καὶ
1678 1157 1834 1193 φύσειδντα

1040 1208 1103 1234 Υἱὺν
1120 1207 1198 1239 Θεοῦ,
1215 1206 1391 1241 παριστῶντα
1406 1205 1503 1238 αὑτόνς
1531 1206 1555 1232 εἰ
1586 1204 1640 1240 γὰρ
1658 1204 1696 1240 μὴ
1724 1204 1833 1238 δοκήσει

1040 1253 1056 1289 ἢ
1076 1252 1237 1288 φαντασίᾳ-ἢ
1265 1252 1332 1286 πρὸς
1354 1251 1482 1278 ὑπόνοιαν
1504 1251 1522 1287 ἡ
1544 1260 1570 1278 τι
1594 1251 1648 1278 τῶν
1665 1250 1768 1277 λοιπῶν
1796 1246 1834 1276 ὦν

1039 1300 1122 1335 ἐφητε
1139 1298 1199 1325 οὐδὲ
1213 1297 1301 1325 ταῦτά
1315 1298 1388 1324 ἐστιν
1401 1297 1534 1334 εἰρημένα
1549 1298 1578 1324 ἐν
1591 1299 1625 1334 τῇ
1640 1297 1700 1332 θείᾳ
1725 1297 1833 1332 Γραφῇ,

1038 1345 1100 1372 οὔτε
1131 1344 1183 1380 μὴν
1207 1344 1392 1380 ψευδωνύμως
1420 1344 1528 1381 εἴρηται
1552 1345 1619 1376 Θεός
1640 1353 1670 1370 τε
1692 1344 1740 1370 καὶ
1766 1343 1831 1374 Υἱὸς

1038 1390 1118 1424 Θεοῦ,
1135 1391 1182 1418 καὶ
1194 1391 1319 1427 Κύριοςὸ
1332 1391 1413 1423 αὐτὸς
1426 1390 1554 1427 Χριστὸς,
1571 1391 1629 1421 πῶς
1645 1390 1706 1425 οὐχὶ
1721 1390 1735 1416 6
1750 1389 1832 1419 αὐτος

1038 1438 1113 1466 ἔσται
1129 1438 1223 1473 ἄμφω,
1237 1437 1316 1473 εἴπερ
1334 1437 1404 1464 κατὰ
1416 1437 1463 1464 τοῦ
1482 1436 1564 1463 αὑτοῦ
1579 1437 1699 1470 sum;
1721 1435 1832 1469 λέγεται

1038 1485 1086 1512 καὶ
1100 1482 1140 1516 εἷς
1155 1484 1170 1511 ὃ
1189 1493 1218 1511 τε
1235 1483 1315 1518 φύσει
1343 1483 1407 1515 Υἱὸς
1432 1483 1479 1510 τοῦ
1503 1483 1569 1510 Θεοῦ
1600 1482 1646 1509 καὶ
1658 1483 1672 1508 6
1685 1482 1777 1517 χάριτι
1793 1502 1802 1515 ,
1819 1482 1833 1507 6

1039 1529 1147 1563 ἀπαθής
1157 1537 1186 1556 τε
1201 1529 1248 1555 καὶ
1264 1528 1395 1564 παθητὸς,
1409 1528 1527 1555 ἀνιπτῶν
1537 1537 1567 1555 τε
1581 1528 1628 1554 καὶ
1640 1526 1832 1561 ἀνιστάμενος,

1038 1577 1085 1604 καὶ
1098 1575 1133 1603 τὰ
1146 1574 1239 1608 λοιπὰ,
1251 1574 1448 1610 δοξασθήσεται
1466 1583 1474 1608 ς

1072 1671 1110 1698 Οὐ
1138 1670 1193 1706 γὰρ
1210 1669 1318 1703 εὖλογοι
1339 1668 1423 1699 ὅντως
1448 1667 1540 1702 ὑμεῖς,
1555 1663 1578 1692 ὦ
1598 1663 1778 1700 εὑρεσιλόγοι,
1798 1661 1832 1688 δι’

1037 1717 1179 1744 εὐλάϐειαν
1208 1716 1256 1752 μὲν
1288 1715 1426 1750 δοκήσεως
1455 1713 1502 1740 καὶ
1519 1712 1679 1748 φαντασίας,
1703 1710 1737 1737 τὰ
1758 1709 1832 1743 πᾶ.οη

1036 1773 1066 1791 τε
1092 1764 1139 1790 καὶ¹
1161 1764 1197 1789 τὰ
1220 1762 1267 1789 τοῦ
1309 1760 1431 1796 παθητοῦ
1460 1759 1582 1795 ὀνόματα
1616 1757 1720 1793 κυρίως
1754 1755 1833 1782 ἐκδε-

1037 1809 1156 1844 χόμενοι,
1175 1809 1221 1834 καὶ
1238 1807 1318 1842 φύσει
1341 1807 1388 1834 καὶ
1409 1804 1628 1841 πραγματιωδῶς
1638 1812 1645 1819 ·
1659 1803 1709 1838 τὴν
1719 1803 1745 1829 δὲ
1759 1802 1834 1829 ἀπά-

1037 1856 1112 1882 θειαν
1128 1854 1175 1881 καὶ
1189 1854 1269 1886 δόξαν
1288 1853 1335 1879 καὶ
1346 1852 1440 1888 τιμὴν,
1460 1853 1508 1878 καὶ
1523 1851 1553 1877 τὸ
1567 1851 1615 1884 τῆς
1638 1849 1764 1884 θεότητος
1786 1847 1835 1875 καὶ

1037 1900 1112 1932 θείας
1126 1899 1249 1935 υίότητος
1261 1899 1359 1934 ὄνομα,
1371 1898 1402 1925 οὺ
1419 1898 1501 1933 φύσει
1515 1897 1545 1924 τὸ
1562 1896 1690 1927 καθόλου,
1715 1895 1745 1921 οὺ
1764 1894 1836 1929 πρά.-

1037 1953 1141 1981 γμασιν
1162 1944 1224 1971 οὐδὲ
1240 1943 1324 1976 ὅντως
1339 1944 1386 1970 ἐπὶ
1402 1941 1533 1979 Χριστοῦ,
1551 1941 1620 1969 ἀλλὰ
1641 1939 1835 1976 ψευδωνυμίαν

1037 1992 1085 2018 καὶ
1103 1990 1214 2025 δόκησιν
1230 1989 1277 2016 καὶ
1298 1989 1446 2024 φαντασίαν
1472 1988 1521 2015 καὶ
1543 1987 1669 2021 διακενῆς
1694 1993 1836 2021 προσηγο-

1040 2034 1110 2070 ρίαν·
1128 2033 1153 2060 εἰ
1169 2033 1223 2068 γὰρ
1238 2033 1284 2060 καὶ
1298 2033 1383 2064 ὅντως
1393 2032 1502 2066 λέγεται
1518 2033 1563 2059 ὑπ’
1578 2031 1661 2058 αὐτοῦ
1680 2032 1728 2057 καὶ
1747 2030 1835 2064 πράτ-

1038 2087 1113 2106 τεται
1127 2078 1162 2105 τὰ
1188 2077 1357 2113 ἀνθρώπινα,
1376 2077 1445 2104 ἀλλὰ
1463 2077 1591 2103 σκοπεῖτε
1611 2074 1780 2110 φιλαλήθως,
1793 2074 1835 2100 ὅτι

1039 2124 1144 2160 βασιλεῖ
1172 2123 1221 2158 μὲν
1238 2123 1328 2157 λέγειν
1350 2123 1407 2154 τοῖς
1434 2122 1508 2153 ἰδίοις
1528 2121 1661 2156 ὑπηκόοις
1681 2121 1723 2147 δτι
1740 2116 1789 2150 Εἷς
1803 2119 1832 2151 ἐξ

1038 2170 1115 2206 ὑμῶν
1128 2170 1197 2204 ειμι,
1215 2169 1262 2196 καὶ
1285 2169 1377 2204 ὅμοιος
1398 2169 1472 2203 ὑμῖν,
1491 2168 1537 2195 καὶ
1553 2167 1683 2210 πρέξττειν
1701 2167 1729 2192 ἐν
1745 2164 1836 2200 καιρῷ

1003 2226 1025 2253 ι)
1039 2217 1219 2252 παρατάξεως
1236 2215 1271 2242 τὰ
1292 2215 1339 2242 τοῦ
1358 2215 1535 2251 στρατιώτου,
1562 2213 1703 2249 προθυμίᾳ
1719 2213 1770 2247 τῆς
1788 2212 1835 2238 τοῦ

1037 2263 1128 2290 κοινοῦ
1147 2263 1197 2297 τῆς
1219 2261 1286 2293 ἰδίας
1313 2261 1450 2292 πολιτείας
1477 2260 1625 2296 σωτηρίας,
1656 2259 1686 2285 οὐ
1707 2260 1789 2293 μόνον
1804 2258 1834 2284 οὑ

1036 2309 1148 2344 ψεκτὸν,
1163 2308 1231 2334 ἀλλὰ
1250 2307 1295 2334 καὶ
1312 2307 1382 2341 ἄγαν
1399 2306 1519 2339 ἔνδοξονο
1530 2305 1701 2341 στρατιώτην
1716 2304 1745 2331 δὲ
1758 2304 1833 2335 ὄντα,

1037 2355 1185 2391 βασιλικῶς
1211 2354 1390 2390 προστάττειν
1414 2354 1430 2389 ἥ
1457 2352 1658 2388 ὀνομάζεσθαι,
1683 2352 1714 2378 οὐ
1743 2349 1836 2386 μικρῷ

1036 2402 1178 2438 περιϐαλεῐ
1193 2401 1360 2437 ἐγκλήματιο
1377 2402 1458 2438 είπερ
1475 2399 1523 2427 οὖν
1539 2400 1603 2431 Υἱὸς
1618 2398 1656 2425 ὢν
1674 2397 1833 2433 ἀνθρώπου,

1045 2437 1092 2476 καὶ
1121 2449 1265 2484 ἄνθρωπος
1309 2437 1412 2482 μόνον’,
1440 2448 1454 2474 6
1490 2446 1638 2482 μονογενὴς
1672 2445 1720 2472 τοῦ
1766 2443 1834 2471 Θεοῦ

1035 2497 1111 2529 Υίδς,
1140 2496 1188 2521 καὶ
1213 2493 1387 2529 πρωτότοκος
1419 2493 1510 2528 πάσης
1536 2491 1663 2522 κτίσεως,
1689 2491 1736 2517 καὶ
1755 2491 1769 2516 6
1787 2490 1833 2515 ἐπὶ

1036 2542 1145 2569 πάντων
1172 2541 1237 2571 Θεδς
1248 2561 1255 2573 ,
1273 2540 1320 2566 καὶ
1340 2539 1374 2565 τὰ
1401 2539 1498 2570 λοιπὰ,
1515 2537 1663 2573 λεγόμενός
1686 2545 1716 2562 τε
1733 2535 1833 2563 ἀποδέ-

1036 2595 1124 2622 χεται,
1140 2587 1187 2612 καὶ
1204 2584 1315 2619 ἐξουσίᾳ
1335 2585 1505 2620 προστάσσει
1531 2584 1570 2615 ὡς
1593 2583 1707 2618 Κύριος,
1735 2583 1834 2618 ἀνταρ-

1038 2633 1099 2664 σίας
1115 2632 1187 2658 ἑάλω
1198 2632 1265 2667 πρὸς
1279 2631 1356 2657 Θεόν·
1377 2632 1402 2657 εἰ
1425 2630 1453 2657 δὲ
1470 2630 1517 2657 καὶ
1539 2629 1608 2656 Θεοῦ
1625 2629 1688 2660 Υἱὸς
1707 2629 1755 2656 καὶ
1767 2628 1836 2660 Θεὸς

1040 2679 1124 2709 ὅντως
1137 2677 1185 2710 ὢν,
1203 2677 1302 2712 χρῆταί
1318 2685 1384 2703 ποτε
1402 2678 1459 2708 τοῖς
1476 2676 1656 2711 ἁνθρωπείοις
1669 2676 1776 2710 ῥήμασι
1787 2675 1836 2701 καὶ

1040 2724 1197 2759 πράγμασι,
1213 2723 1293 2758 δῆλον
1310 2723 1346 2754 ὡς
1366 2723 1434 2758 πρὸς
1458 2724 1492 2758 τῇ
1511 2723 1610 2756 φυσικῇ
1628 2721 1835 2757 μεγαλειότητι,

1040 2771 1086 2797 καὶ
1100 2769 1304 2803 συγκατάὸασιν
1321 2769 1351 2802 ἐξ
1366 2769 1533 2803 ἀγαθότητος
1548 2767 1744 2794 ἐπιδείκνυται.

1046 2836 1067 2850 ε¹¹
1085 2835 1164 2862 “om.
1190 2842 1215 2866 κ,
1236 2833 1262 2861 6.
1304 2834 1324 2849 ³⁸
1344 2832 1432 2860 lCor.
1465 2841 1492 2865 ιι,
1512 2833 1537 2859 8.
1577 2831 1599 2846 "
1613 2830 1719 2859 Colcss.
1741 2839 1761 2864 ι,
1795 2832 1835 2858 15.
