1968 3094
142 121 205 155 ιδει

608 123 804 153 ADVERSUS
825 118 1097 152 NESTORIANOS.
1117 131 1152 135 —
1172 118 1244 148 LIB.
1266 117 1324 146 III.

1707 112 1775 144 162'?

176 178 208 205 Ei
220 178 247 204 δὲ
264 177 301 213 μὴ
320 177 390 204 κατὰ
409 177 456 204 τοῦ
474 177 557 204 αὑτοῦ
570 178 636 204 Υίοῦ
656 178 673 212 ἣ
691 178 850 213 προσώπου,
865 176 932 204 ἀλλᾶ

1020 174 1049 202 Si
1065 177 1157 201 autem
1175 181 1231 200 non
1245 172 1279 200 de
1302 171 1401 200 eodem
1421 171 1491 198 Filio
1512 174 1560 199 aut
1589 170 1687 197 eadem
1713 179 1737 204 pl
1750 180 1775 197 r-

141 223 201 251 καθ’
212 223 306 258 ἑτέρου
317 224 364 250 καὶ
375 224 469 259 ἐτέρου
480 224 539 250 υἱοῦ
549 224 583 250 τὰ
594 224 713 260 διάφορα
726 226 821 256 νοεῖτε,
834 224 893 255 πῶς
902 223 931 250 οὐ

141 270 187 297 δύο
203 271 278 301 υἱοὺς
294 271 386 305 σαφῶς
408 269 552 304 δοξάζετε;
577 270 635 302 πῶς
651 270 679 296 δὲ
699 271 728 297 οὐ
748 270 863 306 θάτερον
883 270 933 305 μὲν

142 317 208 343 θεὸν
224 316 299 342 οὐδὲν
323 317 362 347 εἰς
377 315 537 351 ἀνθρώπους
561 317 621 342 κατ’
648 316 744 342 οὐσίαν
768 315 931 345 κενωθέντα,

142 361 211 388 ἀλλὰ
229 362 308 397 μόνον
327 361 397 388 κατὰ
422 361 472 396 τὴν
491 361 520 395 ἐξ
536 361 642 387 αἰώνων
655 360 839 397 προνοητικὴν
850 358 932 387 αὑτοῦ

142 408 294 442 ἐνέργειαν,
318 408 351 434 δι’
365 407 460 442 ἐτέρου
475 407 525 442 τὴν
543 407 680 442 ἡμετέραν
701 406 838 441 σωτηρίαν
863 406 936 432 οἶκο-

142 453 278 488 νομοῦντὰ
307 461 394 487 φατε;
424 453 462 484 ὡς
487 452 554 488 μηδὲ
591 451 734 487 ἀληθεύειν
756 451 849 477 λοιπὸν
875 451 934 478 καθ’

142 498 213 532 ὑμᾶς
225 498 265 531 τὸ,
284 499 320 524 Οὐ
341 497 460 533 πρέσϐυς
481 497 534 524 οὐδ
546 497 671 531 ἅγγελος,
686 496 744 523 ἁλλ’
758 496 839 527 αὐτὸς
850 497 864 523 ό
880 495 936 522 Κύ-

144 552 199 578 ριος
238 543 341 570 ἔσωσεν
364 544 448 579 ἡμᾶς,
464 543 510 570 τὸν
535 543 563 570 δὲ.
590 543 684 577 ἕτερον
707 542 774 574 υἱον,
792 542 936 577 ἄνθρωπον

142 589 232 624 ψιλὴν,
256 590 315 616 κατ’
333 589 410 616 οὐδὲν
432 590 492 624 Θεῷ
515 589 696 616 κοινωνοῦντα
711 588 727 624 ἢ
741 588 890 623 ἡνωμένον,
905 588 935 613 οὺ

144 635 234 669 φύσει,
253 636 302 670 οὐχ
315 636 465 662 ὑποστάσει
476 635 602 667 δοξάζετε
617 643 624 668 ;
641 635 665 661 εἰ
683 634 730 670 μὴ,
747 634 783 665 ὦς
798 642 876 668 φατε,
890 633 938 668 μό-

143 689 180 715 νῳ
200 680 239 715 τῷ
251 682 361 716 ὀνόματι
380 681 450 707 κατὰ
472 682 518 708 τὸν
542 680 596 707 τῶν
617 680 771 716 ὁμωνύμων
783 680 872 712 λόγον·
894 679 937 713 ἐφ’

143 723 180 751 ὧν
196 727 227 752 τὸ
243 727 291 761 μὲν
314 727 399 761 ὄνομα
426 727 526 760 κοινὸν,
542 727 556 753 ὁ
571 726 599 753 δὲ
621 726 693 753 κατὰ
715 724 834 760 τοῦνομα
859 725 938 759 λόγος

143 772 194 806 τῆς
213 772 317 804 οὐσίας,
344 772 437 807 ἕτερός
453 773 527 799 ἐστιν
553 772 608 798 ἀεί·
633 769 688 798 οἷον
703 771 717 797 ὅ
731 779 760 797 τε
782 771 810 796 ὲν
824 770 948 806 ἀληθείᾳ,

144 817 297 853 ἄνθρωπος,
313 819 359 845 καὶ
375 819 388 845 ὁ
401 818 430 845 ὲν
444 818 539 854 Γραφῇ
550 816 786 853 ἄμφωλεγόμενος
803 815 938 846 ὡσαύτως

984 230 1061 255 sona,
1076 221 1125 249 sed
1144 221 1179 249 dc
1197 228 1252 248 uno
1265 225 1292 248 et
1309 220 1398 247 altero
1412 218 1468 246 lilio
1481 218 1592 246 diversa
1614 217 1774 252 concipitis,

984 267 1124 302 quomodo
1137 273 1193 294 non
1204 265 1275 293 duos
1282 273 1343 293 esse
1359 264 1431 292 ﬁlios
1445 263 1590 291 manifeste
1601 263 1775 298 opinamini?

985 311 1124 348 quomodo
1141 319 1206 339 vero
1222 310 1340 338 alterum
1351 309 1465 344 quidem
1476 310 1561 336 Deum
1574 308 1690 336 minime
1703 309 1776 334 inter

986 358 1114 385 homines
1131 356 1284 384 secundum
1310 355 1495 383 substantiam
1522 359 1699 385 evacuatum,
1728 353 1776 381 sed

986 404 1076 431 solum
1086 403 1164 438 juxta
1190 400 1381 436 operationem
1403 400 1490 434 ipsius
1507 407 1540 426 ex
1562 398 1671 427 saculis
1686 397 1778 433 provi~

987 450 1111 481 dentem,
1128 455 1181 483 ope
1206 446 1325 474 alterius
1348 446 1382 474 de
1403 450 1497 473 nostra
1515 445 1604 473 salute
1627 444 1778 479 disponen-

987 498 1044 522 tem
1077 501 1134 520 non
1152 491 1265 519 dicitis?
1282 491 1324 518 sic
1344 490 1418 525 apud
1432 497 1483 517 vos
1512 498 1569 516 non
1598 496 1661 517 esse
1678 496 1775 516 verum

988 540 1074 573 istud,
1091 547 1143 566 nec
1157 538 1291 570 nuntius,
1315 544 1406 571 neque
1430 536 1557 570 angelus,
1576 535 1623 562 sed
1638 535 1698 569 ipse
1723 535 1778 561 Do-

989 587 1083 614 minus
1106 585 1224 613 salvavit
1244 591 1307 615 nos,
1335 583 1456 610 alterum
1474 589 1542 609 vero
1559 581 1657 614 lilium,
1686 581 1778 607 homi-

988 641 1052 660 nem
1071 633 1190 664 nudum,
1217 631 1333 658 minimc
1348 630 1404 656 Deo
1421 629 1639 664 participaulcm
1652 633 1699 655 aut
1716 628 1780 654 uui—

990 685 1060 711 tum,
1082 686 1134 706 nec
1154 683 1254 705 natura
1277 685 1329 705 nec
1355 677 1499 712 hypostasi
1526 674 1703 710 Opinamini?
1722 674 1780 701 Nisi

989 722 1089 752 dicatis
1106 725 1142 752 ita
1158 732 1221 752 esse
1235 724 1294 751 solo
1310 724 1434 756 nomine,
1459 722 1617 751 secundum
1641 720 1716 756 quod
1732 720 1781 747 ha-

989 771 1072 798 betur
1092 779 1143 806 pro
1157 770 1251 798 verbis
1266 770 1460 806 homouymis:
1478 768 1570 804 quoad
1596 768 1647 794 ista
1661 773 1783 801 quorum

990 825 1091 844 nomen
1107 824 1254 844 commune
1283 821 1336 849 est,
1353 816 1475 843 Verbum
1503 813 1659 842 secundum
1677 819 1781 839 nomen

144 863 214 889 τισὶν
229 863 460 899 ἀπαρατηρήτως
482 863 634 898 ἄνθρωπος.
651 862 730 889 Οὕτω
747 863 797 897 μὲν
822 861 868 888 οῦν
892 860 940 888 καὶ

994 863 1165 895 substantiae,
1178 863 1294 890 alterum
1311 867 1354 890 est
1367 869 1497 896 semper;
1512 864 1541 887 ut
1555 860 1583 887 iu
1596 859 1716 887 veritate
1731 858 1781 884 ho—

147 908 211 934 τάδε
237 909 303 944 παρ’
318 909 396 944 ήμῶν
411 909 601 936 ἀποδέδεικται
612 916 619 923 ⁸
636 909 680 935 ἴνα
701 909 728 935 δὲ
747 908 815 943 πρὸς
830 907 940 942 ἔλεγχον

144 954 193 988 τῆς
218 953 316 988 λοιπῆς
337 954 426 981 αὐτῶν
450 954 577 986 ἀσεϐείας
605 954 704 986 αὐτοὺς
729 953 940 988 κατασύρωμεν,

145 999 223 1025 αὐτοὶ
240 998 394 1033 λεγέτωσαν
411 1000 487 1035 ἡμῖν·
505 1000 550 1026 τὸν
566 1000 626 1027 κατ’
638 1000 737 1031 αὐτοὺς
752 999 868 1034 θάτερον
886 998 941 1025 τῶν

146 1045 212 1070 υἱῶν
231 1045 360 1080 Χριστὸν,
375 1045 419 1072 τὸν
434 1045 581 1072 ἀσύνθετον
606 1045 645 1081 τῷ
674 1045 766 1080 Λόγῳ,
794 1045 848 1071 τίνι
859 1045 942 1079 φασὶν

145 1089 307 1124 ὁμοούσιονς
323 1091 346 1117 εὶ
360 1091 414 1126 γὰρ
425 1091 524 1124 οὐδενὶ,
539 1091 599 1118 οὐδὲ
618 1091 685 1118 Υίὸν
707 1091 786 1123 ὅλως,
801 1090 872 1122 τίνος
888 1090 942 1126 ἄρα

148 1136 290 1169 εἴποισαν;
313 1137 374 1163 ἐπεὶ
389 1138 446 1168 τοῖς
467 1136 593 1164 τεκοῦσιν
612 1136 646 1173 ἦν
668 1137 864 1172 ἁνομοοὺσιος·
883 1136 943 1163 οὐδὲ

146 1181 315 1217 γεννηθέντα
334 1181 391 1214 οὖν,
414 1182 474 1208 οὐδὲ
490 1181 560 1214 ζῶον
573 1182 649 1210 ἔσται
672 1184 743 1209 νοεῖν
758 1182 850 1214 αὑτὸν,
871 1181 942 1208 καθὰ

146 1228 195 1254 καὶ
218 1228 296 1254 αὐτοὶ
314 1231 343 1256 ἒν
357 1229 413 1260 τοῖς
439 1228 536 1264 πρώην
552 1228 712 1256 δεδώκασιν·
734 1228 759 1254 εἰ
782 1228 811 1255 δὲ
827 1227 865 1263 τῷ
884 1227 943 1263 Θεῷ

149 1273 241 1309 μόνον,
255 1274 310 1309 ἄρα
325 1281 357 1308 γε
379 1274 425 1300 καὶ
440 1274 487 1301 δύο
508 1275 574 1301 θεῖοι
595 1274 647 1301 υἱοί
662 1275 726 1305 εἰσι,
745 1274 792 1300 καὶ
811 1273 910 1309 τετρὰς
925 1275 942 1309 ὴ

147 1319 212 1352 ἁγία
226 1318 322 1354 Τριάςο
335 1319 383 1346 καὶ
396 1318 476 1346 τοῦτο
495 1320 523 1347 δὲ
536 1320 672 1354 λέγοντες,
685 1319 702 1354 ἢ
716 1319 747 1346 οὑ
762 1319 807 1345 τὸν
823 1320 856 1345 ὲκ
869 1319 944 1353 Παρ-

147 1365 224 1392 θένου
244 1365 326 1400 φασιν
345 1364 416 1393 εἶναι
442 1366 528 1399 τόνδε,
548 1365 564 1401 ἢ
584 1366 631 1393 καὶ
647 1365 696 1401 τὴν
713 1365 863 1400 Παρθένον,
878 1365 944 1392 Θεὸν

149 1412 223 1438 ἴσασι
241 1412 334 1445 φύσει·
353 1412 433 1448 εἴπερ
449 1411 591 1447 ὁμοούσιος
613 1413 661 1439 καὶ
676 1411 744 1447 αὐτῇ
765 1412 779 1437 ό
797 1411 944 1447 ὁμοοῦσιος

148 1456 218 1493 Θεῷ·
233 1457 273 1484 διὸ
288 1457 380 1493 δήκαὶ
392 1459 465 1494 ἡμᾶς
482 1458 586 1490 πάντας
603 1458 667 1489 τοὺς
683 1457 845 1493 όμοουσίους
860 1457 943 1492 αὐτῇ,

149 1503 227 1535 θεοὺς
249 1503 282 1531 ἂν
306 1503 411 1530 εἴποιεν
439 1503 561 1535 εἰκότως
597 1503 645 1530 καὶ
673 1503 855 1538 ἀπειροθεΐαν
887 1503 944 1529 εἰσ-

992 918 1037 938 mo
1047 931 1054 942 ,
1069 915 1097 937 ct
1110 911 1138 937 in
1153 909 1298 944 Scriptura
1313 909 1395 937 ambo
1412 909 1504 936 dictus
1520 907 1687 943 quibusdam
1700 906 1784 933 homo

992 956 1059 991 quin
1071 956 1161 983 animo
1180 955 1212 982 ad
1233 955 1286 982 hoc
1300 955 1462 982 attendatur
1483 962 1490 980 :
1506 954 1543 981 ita
1557 953 1672 988 quidem
1698 951 1785 987 igitur

992 1006 1020 1029 et
1036 1002 1094 1037 liceo
1112 1010 1127 1028 a
1152 1001 1234 1028 nobis
1259 1001 1451 1028 demonstrata
1469 1003 1553 1026 sunt:
1584 1002 1614 1025 ut
1638 1001 1732 1024 autem
1750 997 1784 1024 aui

992 1048 1185 1084 probationem
1212 1047 1328 1082 reliqua:
1357 1053 1455 1074 eorum
1487 1044 1641 1079 impietatis
1654 1043 1729 1078 ipsos
1744 1047 1785 1070 at-

993 1094 1147 1125 trahamus,
1161 1093 1214 1128 ipsi
1230 1092 1324 1120 dicant
1340 1092 1438 1119 nobis:
1455 1091 1545 1120 Unum
1560 1090 1638 1125 juxta
1662 1090 1738 1124 ipsos
1750 1097 1786 1116 ex

995 1138 1061 1166 ﬁliis
1076 1138 1220 1166 Christum
1238 1146 1293 1165 non
1301 1137 1488 1172 compositum
1500 1135 1603 1168 Verbo,
1626 1135 1672 1162 cui
1688 1135 1786 1162 dicunt

994 1183 1283 1211 consubstantialem?
1295 1183 1324 1211 Si
1336 1183 1409 1210 enim
1420 1182 1500 1214 nulli,
1510 1189 1563 1209 nec
1573 1181 1658 1208 illium
1671 1180 1786 1207 omnino

996 1229 1117 1264 alicujus
1134 1228 1260 1263 profecto
1278 1229 1387 1256 dicanti
1413 1227 1523 1255 Etenim
1538 1234 1594 1255 non
1623 1226 1663 1254 illi
1689 1225 1786 1253 eadem

994 1284 1027 1304 ac
1038 1275 1204 1311 parentibus
1214 1279 1288 1303 esset
1301 1274 1456 1302 substantia
1469 1283 1476 1302 :
1492 1281 1584 1309 neque
1596 1273 1683 1309 igitur
1708 1272 1786 1308 geni-

996 1328 1065 1355 tum,
1096 1330 1187 1357 neque
1210 1322 1306 1349 vivum
1333 1321 1446 1348 dabitur
1465 1320 1544 1348 illum
1572 1320 1732 1355 concipere,
1759 1323 1789 1346 ut

995 1369 1048 1405 ipsi
1067 1376 1156 1403 nuper
1186 1371 1408 1396 concesserunt:
1432 1366 1456 1394 si
1471 1371 1566 1394 autem
1600 1366 1657 1394 Deo
1686 1365 1776 1392 solum

995 1413 1120 1450 profecto
1137 1413 1250 1448 quidem
1263 1417 1291 1440 et
1306 1413 1362 1440 duo
1376 1412 1463 1440 divini
1477 1412 1525 1440 lilii
1542 1416 1618 1444 sunt,
1631 1416 1659 1439 et
1673 1414 1788 1446 quater-

995 1460 1069 1487 nitas
1078 1464 1234 1487 autsancta
1246 1459 1393 1486 Trinitas:
1414 1463 1443 1486 et
1463 1458 1534 1486 illud
1551 1462 1710 1486 asserentes
1740 1461 1790 1484 aut

996 1513 1053 1532 non
1063 1513 1098 1532 ex
1121 1505 1233 1540 Virgine
1252 1505 1331 1532 illum
1359 1511 1421 1532 esse
1438 1504 1546 1536 dicunt,
1572 1508 1621 1531 aut
1649 1503 1789 1538 Virginem

149 1549 246 1584 ἀγουσι
265 1550 488 1585 προφανέστατα·
507 1550 531 1576 εἰ
550 1550 578 1576 δὲ
608 1550 675 1585 ἡμῖν
690 1549 771 1584 μόνον
798 1548 940 1584 ὁμοούσιόν

996 1551 1082 1578 Deum
1102 1555 1203 1578 natura
1224 1554 1383 1578 noverunt:
1410 1550 1514 1586 quippe
1544 1549 1581 1577 sit
1600 1549 1789 1577 consubstan-

149 1604 216 1631 φασι
231 1597 276 1623 τὸν
296 1597 426 1633 Χριστὺν,
446 1597 510 1624 Υὶδν
527 1595 596 1622 Θεοῦ
610 1596 767 1630 λεγόμενον,
781 1595 807 1622 τί
818 1595 942 1630 διαφέροι

150 1643 184 1668 ἂν
201 1639 279 1674 οὗτος
294 1642 348 1669 τῶν
367 1642 470 1670 λοιπῶν
486 1641 552 1669 υἱῶν
567 1641 614 1669 τοῦ
633 1639 701 1668 Θεοῦ
714 1641 877 1678 εἰρημένων,
900 1640 943 1667 λε-

148 1688 281 1722 γέτωσαν·
293 1689 357 1722 περὶ
367 1684 403 1715 ὦν
422 1688 529 1724 εἴρηται
545 1687 597 1714 ὑπὸ
611 1687 658 1714 τοῦ
673 1686 752 1714 Θεοῦο
766 1696 775 1711 ι
789 1687 845 1713 Καὶ
865 1687 941 1713 ἔσον-

147 1733 193 1760 ταί
210 1742 254 1769 μοι
267 1734 307 1766 είς
322 1734 395 1766 υἱοὺς
412 1735 459 1761 καὶ
474 1734 626 1769 θυγατέρας
637 1741 644 1748 ·
661 1732 746 1764 ικαὶ,ι
764 1732 835 1766 Ἐγὼ
849 1730 925 1759 εἷπον
935 1741 941 1748 ·

148 1779 210 1805 Θεοί
221 1780 281 1805 ἐστε
307 1780 354 1805 καὶ
369 1780 421 1806 υίοὶ
439 1779 566 1814 Ὑψίστου
581 1779 691 1812 πάντες,
710 1788 719 1804 ι
735 1779 781 1804 καὶ
792 1779 827 1805 τὰ
837 1778 938 1805 τοιάδε.

998 1596 1070 1624 lialis
1091 1601 1120 1623 et
1143 1596 1196 1631 ipsi
1223 1596 1471 1624 consubstantialis
1492 1596 1560 1624 Deo.
1589 1595 1652 1622 Ideo
1681 1599 1710 1622 et
1739 1601 1789 1621 nos

996 1650 1094 1670 omnes
1120 1642 1373 1670 consubstantiales
1398 1641 1516 1677 Virgini,
1543 1641 1612 1669 deos
1635 1640 1735 1668 merito
1750 1639 1794 1667 df-

997 1693 1109 1717 cerent:
1138 1692 1167 1715 et
1193 1688 1427 1724 inexperieutiam
1456 1688 1592 1715 exhibent
1619 1686 1790 1716 manifestiS-

998 1735 1083 1762 sime:
1100 1735 1123 1762 si
1141 1743 1209 1762 vero
1227 1735 1310 1762 nobis
1338 1735 1428 1762 solum
1452 1734 1718 1762 consubstantialem
1747 1732 1787 1759 di-

994 1784 1062 1808 cunt
1075 1781 1230 1810 Christum.
1249 1781 1340 1808 Flium
1356 1781 1405 1808 Dei
1419 1780 1536 1812 dictum,
1558 1780 1586 1807 in
1608 1787 1663 1814 quo
1680 1778 1792 1806 differat

149 1825 202 1852 iste
219 1833 234 1852 a
260 1825 366 1852 cmteris
383 1825 445 1852 [iliis
459 1825 502 1852 dei
522 1824 696 1859 nuncupatis,
727 1824 831 1857 dicant,
847 1823 882 1851 de
897 1824 998 1859 quibus
1017 1827 1156 1861 prolatum
1172 1831 1215 1854 est
1228 1835 1243 1855 a
1258 1827 1334 1855 Deo:
1356 1836 1365 1853 ε
1385 1827 1418 1854 Et
1432 1831 1514 1854 erunt
1536 1825 1604 1853 mihi
1631 1826 1658 1853 in
1683 1825 1792 1853 ﬁlioset

150 1870 256 1898 tilias?»
274 1869 307 1897 Et
330 1879 340 1895 ι
359 1870 415 1904 Ego
430 1869 486 1896 dixi
502 1878 508 1896 :
522 1869 564 1896 Dii
578 1869 645 1897 estis
656 1873 684 1896 et
700 1869 750 1896 ﬁlii
763 1869 865 1896 excelsi
879 1876 976 1898 omnes
990 1872 1024 1905 '9,
1038 1881 1047 1897 ι
1063 1876 1092 1900 et
1107 1872 1219 1900 similia.
1404 1871 1410 1879 '

449 1927 576 1954 ΚΕΦΑΛ.
597 1928 615 1954 Ζ
622 1930 637 1953 '.

185 1973 249 1999 Υῐὺν
278 1973 339 2008 μὲν,
356 1973 432 2008 φησὶ,
448 1972 494 1999 τοῦ
511 1972 591 2004 Θεοῦ,
609 1971 689 2007 φύσει
704 1972 750 1999 τὸν
771 1972 839 1999 Θεὸν
854 1974 940 2008 Λόγον

152 2019 241 2054 μόνον,
256 2018 302 2045 τὸν
313 2018 456 2053 ὁμοούσιον
472 2018 512 2053 τῷ
528 2018 616 2054 Πατρί
632 2027 723 2053 φαμεν
739 2027 745 2034 ·
764 2018 810 2045 τὸν
822 2012 859 2046 δὲν
873 2020 941 2055 Χρι-

152 2065 222 2096 στὸν,
239 2064 303 2092 Υἱὸν
318 2064 367 2099 μὲν
389 2063 459 2091 Θεοῦ
483 2064 737 2099 προσαγορεύεσθαι
752 2066 843 2099 χάριτι
862 2065 947 2099 λέγω·

153 2119 212 2145 μεν,
230 2111 323 2146 ὅμοιον
347 2110 376 2136 δὲ
393 2107 465 2136 εἶναι
489 2111 522 2145 τῇ
543 2109 624 2144 φύσει
640 2118 647 2126 ·
662 2111 692 2136 οὐ
705 2110 750 2137 διὰ
765 2110 824 2137 τόδε
844 2111 872 2137 δὲ
892 2112 940 2138 καὶ

1314 1929 1391 1957 CAP.
1412 1929 1468 1956 VII.

1031 1975 1132 2002 Filium
1143 1975 1266 2010 quidem,
1278 1975 1378 2010 inquit,
1390 1974 1450 2007 Dei,
1460 1977 1560 2001 natura
1569 1973 1656 2001 Deum
1666 1972 1790 2000 Verbum

990 2021 1092 2053 solum,
1112 2021 1378 2049 consubstantialem
1394 2020 1469 2048 Patri
1484 2020 1623 2048 dicimus:
1645 2019 1789 2047 Christum

991 2074 1058 2094 vero
1073 2067 1173 2094 Filium
1190 2067 1240 2094 Dei
1255 2066 1392 2102 appellari
1410 2066 1496 2102 gratia
1515 2070 1653 2098 tenemus,
1670 2065 1790 2093 similem

991 2120 1058 2140 vero
1081 2120 1143 2140 esse
1166 2117 1287 2140 natura:
1305 2120 1360 2140 non
1388 2116 1483 2139 autem
1507 2111 1571 2139 ideo
1594 2112 1685 2146 ipsum
1709 2111 1792 2138 nobis

150 2157 282 2191 ὁμότιμον
291 2155 506 2191 αὐτδνήμῖνῆδη
517 2156 722 2191 παριστάνομεν
734 2156 808 2183 Υἱόψ
821 2157 883 2184 ἐπεὶ
893 2158 940 2184 καὶ

994 2160 1098 2187 honore
1126 2167 1220 2194 parem
1243 2159 1343 2186 Filium
1365 2159 1422 2194 jam
1443 2158 1628 2193 proponimus
1650 2165 1656 2184 :
1674 2165 1738 2184 nam
1764 2162 1792 2185 et

151 2203 233 2237 ἡμεῖς
255 2201 380 2237 χάρισμα
392 2201 528 2233 υἱοθεσίας
548 2201 681 2236 ἐλάϐομεν
702 2202 778 2237 παρὰ
795 2202 881 2235 Θεοῦ,
899 2203 940 2229 καὶ

998 2205 1050 2241 ipsi
1064 2206 1167 2233 donum
1181 2204 1367 2233 deiﬁcationis
1377 2204 1536 2240 accepimus
1551 2211 1567 2231 a
1582 2204 1650 2236 Deo,
1662 2207 1691 2231 et
1704 2204 1791 2239 gratia

151 2249 243 2284 χάριτι
263 2248 347 2282 ἐσμεν
364 2247 448 2274 τέκνα
461 2247 540 2280 Θεοῦ,
556 2247 602 2274 καὶ
618 2247 783 2283 κληρονόμω
795 2248 875 2279 Θεοῦ,
895 2249 943 2275 καὶ

152 2294 369 2330 συγκληρονόμοι
386 2293 468 2321 αὑτοῦ
490 2293 608 2330 Χριστοῦ
622 2302 629 2309 ”
645 2294 692 2321 καὶ
707 2294 762 2320 τῶν
774 2295 875 2329 ὁμοίως
890 2295 944 2331 γὰρ

151 2341 306 2376 λεγομένων
331 2340 463 2372 πολλάκις
474 2360 482 2373 ,
498 2340 601 2375 ἄφατος
617 2340 776 2376 εὑρίσκεται
800 2341 921 2376 διαφορά
935 2350 943 2357 ·

155 2386 261 2422 κυρίως
277 2386 327 2422 γὰρ
343 2387 390 2413 καὶ
404 2386 544 2422 κτίσματσ.
560 2386 574 2413 ὅ
587 2395 617 2414 τε
630 2386 730 2421 κώνωψ
740 2387 787 2414 καί
798 2387 811 2413 ὁ
828 2388 944 2422 ἄγγελος

153 2433 235 2466 ἄμφω
251 2431 351 2467 ὁμοίως
368 2432 494 2466 λέγεται·
510 2433 558 2459 καὶ
574 2433 604 2459 οὐ
618 2433 693 2470 παρὰ
704 2433 762 2460 τόδε
776 2434 859 2469 ὅμοιά
872 2434 942 2461 ἐστι·

151 2479 220 2505 πολὺ
236 2478 290 2513 γὰρ
314 2479 345 2505 τὸ
360 2479 490 2514 διάφορον
515 2479 622 2506 αὐτῶν
641 2479 728 2511 οὕτως
754 2478 802 2507 οὖν
825 2480 872 2507 καὶ
895 2481 941 2507 ἐπὶ

151 2524 206 2550 τῶν
220 2524 293 2551 θέσει
307 2525 442 2560 διαφόρων
456 2525 524 2552 υἱῶν
536 2525 604 2552 Θεοῦ
627 2526 674 2552 καὶ
687 2526 779 2561 χάριτι
808 2526 919 2562 νοητέον
932 2535 938 2542 ·

153 2569 279 2600 πλείονος
307 2569 361 2604 γὰρ
377 2570 461 2605 τιμῆς
478 2570 592 2604 ἠξίωται
615 2571 628 2597 ὁ
643 2572 760 2607 Χριστὸς
791 2572 839 2598 καὶ
867 2573 942 2608 παρὰ

152 2615 258 2649 Μωῠσῆ
274 2615 319 2642 τὸν
344 2615 432 2650 μέγαν
448 2616 477 2642 ὲν
505 2617 672 2652 προφήταις,
694 2617 810 2644 καθόσον
830 2618 942 2645 πλείονα

153 2660 235 2694 τιμὴν
250 2659 307 2695 ἔχει
323 2660 371 2687 τοῦ
391 2661 466 2688 οἴκου
481 2662 495 2688 ό
507 2662 718 2694 κατασκευάσας
734 2662 825 2689 αὐτόν.

190 2705 221 2731 Εἰ
236 2704 283 2732 οὖν
301 2707 339 2742 μὴ
363 2707 411 2733 καὶ
431 2706 517 2734 ταῦτα
542 2708 744 2743 προσποιεῖσθε,
775 2709 832 2735 ἀλλ’
858 2709 942 2741 ὅντως

156 2751 206 2778 κᾶν
232 2753 315 2788 τιμῆς
341 2753 387 2781 καὶ
417 2754 496 2787 ἀξίας
512 2754 568 2781 ἴστε
591 2755 737 2790 πρόκρισιν
759 2756 805 2782 ἐπὶ
822 2757 941 2792 Χριστοῦ

193 2830 214 2844 ’⁸
230 2829 300 2856 l‘sal.
323 2831 451 2863 1.xxx1,6.
499 2833 520 2847 ³⁸⁵
538 2831 616 2858 Rom.
635 2840 694 2864 vm,
720 2832 759 2859 i7.

998 2258 1094 2278 sumus
1111 2251 1159 2278 lilii
1173 2251 1231 2283 Dei,
1246 2255 1274 2278 et
1286 2251 1411 2278 haeredes
1424 2250 1483 2283 Dei,
1493 2254 1521 2278 et
1532 2250 1693 2278 cohaaredes
1703 2250 1790 2285 ipsius

997 2296 1101 2325 Christi
1109 2298 1142 2324 '°.
1152 2297 1183 2324 In
1194 2297 1237 2326 his
1248 2302 1338 2325 tamen
1348 2306 1410 2333 quae
1420 2305 1490 2332 saepe
1504 2296 1634 2324 similiter
1644 2296 1788 2328 dicuntur,

997 2343 1109 2371 infanda
1125 2345 1264 2379 reperitur
1279 2344 1437 2372 diﬁ‘erentia
1451 2353 1457 2371 :
1483 2343 1596 2379 proprie
1617 2343 1691 2370 enim
1710 2350 1790 2370 crea-

996 2392 1067 2416 tura:
1080 2393 1108 2417 et
1121 2389 1202 2416 culex
1217 2393 1245 2416 et
1260 2389 1375 2424 angelus
1390 2389 1472 2416 ambo
1488 2388 1616 2416 similiter
1637 2387 1769 2415 dicuntur
1783 2396 1790 2415 :

994 2439 1023 2462 et
1034 2443 1090 2462 non
1109 2435 1173 2463 ideo
1188 2436 1293 2463 similes
1311 2439 1375 2462 sunt
1387 2443 1394 2462 :
1408 2434 1526 2462 multum
1547 2434 1621 2461 enim
1637 2433 1790 2461 dilferunt:

994 2482 1031 2510 ita
1046 2481 1132 2516 igitur
1152 2481 1186 2509 de
1202 2481 1321 2508 diversis
1343 2480 1406 2508 ﬁliis
1422 2480 1471 2508 Dei
1493 2479 1642 2515 adoptione
1657 2483 1685 2507 et
1703 2478 1791 2514 gratia

996 2527 1198 2555 sentiendum:
1227 2527 1370 2562 amplioris
1398 2526 1472 2553 enim
1500 2526 1594 2562 gloriae
1619 2525 1720 2560 dignus
1748 2528 1791 2552 est

996 2573 1106 2600 habitus
1127 2573 1266 2605 Christus,
1289 2576 1318 2600 et
1335 2580 1391 2608 pra:
1406 2572 1497 2607 Moyse
1512 2579 1611 2607 magno
1635 2571 1706 2598 inter
1723 2577 1790 2604 pro-

996 2619 1105 2654 phetas,
1126 2623 1231 2654 quanto
1248 2615 1410 2653 ampliorem
1428 2618 1565 2646 honorem
1582 2616 1667 2644 habet
1692 2615 1791 2642 domus

997 2665 1043 2700 qui
1059 2664 1205 2692 fabricavit
1215 2664 1300 2692 illam.

1034 2709 1063 2738 Si
1088 2710 1171 2745 igitur
1192 2718 1248 2738 non
1271 2715 1299 2737 et
1326 2709 1386 2737 hme
1409 2709 1590 2740 admiseritis,
1604 2706 1653 2735 sed
1676 2712 1741 2734 vere
1762 2710 1791 2733 et

999 2757 1113 2784 honoris
1124 2761 1153 2785 et
1163 2756 1307 2792 dignitatis
1318 2756 1452 2784 noveritis
1462 2755 1626 2784 eiectionem
1637 2753 1671 2781 de
1679 2751 1790 2780 Christo
