1960 3093
242 135 310 168 1627

873 131 1028 162 LEONTII
1048 132 1250 162 ΒΥΖᾹΝΤΙΧΙ

1807 133 1876 166 16ίέ

239 195 346 222 scilicet
362 191 515 220 secundum
534 190 681 226 imaginem
703 189 751 216 Dei
767 197 774 221 ;
801 189 888 216 vocati
917 192 983 216 sunt
1000 193 1028 215 et

1088 195 1142 213 mu
1160 188 1268 219 πάντες·
1283 197 1292 213 ›
1305 187 1348 215 διὰ
1356 188 1386 214 τὸ
1402 188 1462 215 κατ’
1472 189 1562 216 εἰκόνα
1576 190 1644 217 Θεοῦ
1659 198 1664 205 ·
1678 189 1836 226 ἐκλήθησαν
1847 192 1878 218 δὲ

241 240 288 268 lilii
303 239 349 267 Dei
366 239 466 265 iterum
488 241 517 264 et
540 236 638 267 Judaei,
655 242 771 270 nempe:
792 244 800 259 ι
816 234 900 261 Filios
915 235 1029 262 mutrivi

239 293 268 314 et
280 285 410 317 exaltavi,
425 284 477 319 ipsi
493 288 586 311 autem
604 285 769 317 spreverunt
780 288 823 308 me
835 281 895 307 δ”.»
913 281 1031 315 Propter

240 333 391 360 amicitiam
416 331 464 358 Dei
485 334 513 357 et
527 337 611 364 supra
632 332 746 356 caeteras
761 326 889 354 nationes
904 327 937 354 ad
952 328 1031 354 inno-

239 378 360 406 centiam
387 377 497 404 formati
520 380 548 403 ct
571 376 701 410 pietatem
728 374 844 401 edocti:
868 373 930 401 ideo
956 373 1031 400 enim

239 424 346 452 credita
371 427 436 451 sunt
463 422 584 457 eloquia,
609 431 618 446 α
645 425 673 448 et
703 424 898 448 testamentum
932 420 1030 455 ipsius,

241 470 340 505 inquit,
357 475 386 496 ut
403 468 597 496 manifestetur
613 467 669 494 illis
678 467 718 499 ³³;
737 476 745 491 ι
769 481 801 485 -
825 475 834 492 ι
850 466 963 494 lucerna
983 473 1032 500 pe—

241 517 324 544 dibus
348 515 417 542 meis
438 516 483 542 lex
499 519 545 541 tua
556 514 596 546 ";
613 523 621 539 ι
637 517 685 540 et:
705 522 713 538 ι
734 512 786 545 Qui
803 512 951 539 annuntiat
968 520 1032 539 ver-

241 563 306 590 bum
320 569 400 589 suum
409 561 504 593 Jacob,
518 559 639 596 justitias
649 558 786 594 etjudicia
800 566 849 586 sua
862 558 961 586 Israel:
977 565 1032 584 non

241 608 306 636 fecit
318 608 408 635 taliter
423 607 497 634 omni
509 605 613 633 nationi
627 606 658 632 ³⁸.
670 604 684 631 ἳ
696 604 762 632 Inde
777 605 851 632 enim
867 604 917 631 etsi
933 604 1033 631 timore

241 654 310 690 le'gis
321 659 349 681 et
363 662 417 682 non
431 653 606 687 beneplacito
621 651 759 687 justitiam
778 651 917 682 colebant,
930 649 1033 685 pariter

241 700 345 727 auxilio
358 699 451 726 debito
471 699 546 734 juste
561 697 720 725 viventibus
735 696 913 724 fruebantur:
925 701 954 723 et
964 696 1033 723 sim-

240 746 350 781 pliciter
369 745 396 772 in
416 749 489 772 terra
501 743 623 779 quandiu
645 743 747 771 imitari
761 744 847 770 Deum
859 741 1032 776 quaerebant,

240 792 275 819 ab
297 799 341 823 eo,
362 795 476 825 propter
496 791 600 826 justam
616 793 644 817 et
668 789 845 816 innocentem
869 789 963 820 vitam,
983 786 1033 814 ﬁlii

242 839 289 866 lfci
304 837 394 865 vocati
414 841 496 864 sunt:
513 836 561 864 sed
582 836 686 871 pariter
698 836 744 864 isti
760 840 789 862 et
808 843 923 870 peccare
939 842 1033 869 caspe-

1081 234 1134 260 υἱοὶ
1160 233 1228 260 Θεοῦ
1255 233 1334 261 πάλιν
1362 234 1409 260 καὶ
1426 235 1450 261 οἱ
1470 235 1591 262 Ἰουδαῖοι
1606 237 1678 270 κατᾲ
1698 236 1739 268 τὸ,
1761 245 1771 262 ι
1795 237 1879 268 Υἱοὶις

1080 279 1213 314 ἐγέννησα
1242 280 1290 306 καὶ
1311 279 1424 314 ὖψωσα,
1455 281 1534 307 αὐτοὶ
1553 281 1582 308 δέ
1613 290 1648 316 με
1682 282 1823 317 ἠθέτησαν
1839 302 1847 314 ,
1866 293 1875 308 ι

1080 326 1136 351 ἐπὶ.
1153 325 1288 352 οἰκειώσει
1312 326 1380 353 Θεοῦ
1406 327 1453 352 καὶ
1483 327 1559 362 παρᾶ
1581 328 1615 354 τὰ
1628 328 1710 354 λοιπὰ
1726 329 1792 363 ἔθνη
1808 328 1878 361 πρὸς

1081 370 1289 406 ἀναμαρτησῖαν
1307 371 1574 406 παιόαγωγοὺμενοι,
1592 372 1639 398 καὶ
1656 373 1783 399 εὖσεὸεῑν
1802 373 1877 399 διδα-

1082 417 1220 451 σκόμενον
1236 417 1275 449 εἰς
1291 417 1369 444 τοῦτο
1387 417 1442 453 γὰρ
1455 419 1504 445 καὶ
1515 418 1715 453 ἐπιστεύθησαν
1729 419 1763 446 τὰ
1776 419 1875 452 Λόγια.

1085 472 1093 488 ι
1126 462 1157 488 'll
1172 461 1290 497 διαθήκη
1315 462 1371 498 γὰρ
1396 463 1582 498 αὑτοῦ,φησὶ,
1599 463 1646 490 τοῦ
1674 464 1797 498 δηλῶσαι
1827 466 1876 490 ul-

1081 509 1137 540 τοῖς
1151 516 1158 524 ·
1181 518 1189 534 ι
1206 508 1263 540 καὶ,
1281 518 1290 533 ς
1304 508 1407 543 Λύχνος
1425 510 1482 540 τοῖς
1502 510 1566 536 ποσί
1584 518 1634 545 μου
1652 511 1666 537 6
1680 510 1764 544 νόμος
1784 519 1844 536 σαψ
1864 519 1873 536 ι

1082 555 1154 586 καδμ
1168 554 1196 581 Ὀ
1205 554 1396 588 ἀπαγγέλλων,
1404 555 1534 590 φησὶ,τδν
1544 555 1708 590 λόγοναὺτοῦ
1714 557 1753 590 τῷ
1764 556 1877 588 Ἰακὼδ,

1082 600 1254 634 δικαιώματα
1284 600 1331 626 καὶ
1363 601 1486 635 κρίματα
1517 601 1601 628 αὑτοῦ
1619 601 1658 637 τῷ
1678 601 1789 637 Ἰσραήλ
1803 610 1811 616 '
1827 602 1878 628 οὐκ

1083 646 1214 681 ἐποίησεν
1241 646 1326 678 οὓτως
1343 648 1424 673 παντὶ
1437 647 1518 674 ἔθνει.
1537 656 1546 673 ι
1571 648 1709 675 Ἐντεῦθεν
1722 648 1777 683 γὰρ
1790 650 1815 675 εἰ
1830 649 1877 675 καὶ

1083 695 1159 729 φόϐῳ
1173 694 1220 721 τοῦ
1240 693 1323 729 νόμου
1340 695 1386 721 καὶ
1403 695 1434 721 οὐ
1447 696 1608 731 προαιρέσει
1626 695 1869 731 ὲδικαιοπράγουν,

1083 740 1141 774 ᾴλλ¹
1160 740 1235 775 ὅμως
1249 740 1300 774 τῆς
1317 739 1397 774 ἀξίας
1412 741 1575 776 ἐπικουρίας
1587 741 1643 768 τῶν
1657 742 1771 773 δικαίως
1789 741 1865 777 βιούν

1083 795 1137 813 των
1149 786 1290 821 ἀπήλαυον
1305 794 1312 802 ·
1326 786 1374 813 καὶ
1390 787 1484 819 ἁπλῶς
1494 787 1542 814 ἐπὶ
1553 787 1604 822 γῆς
1615 788 1653 819 ὡς
1666 786 1722 814 οἷόν
1733 797 1764 815 τε
1783 790 1878 823 μιμεῖ-

1085 832 1147 860 σθαι
1172 832 1240 859 Θεὸν
1267 832 1474 868 μεθοδευόμενοι
1499 833 1547 860 ὑπ’
1560 833 1644 860 αὐτοῦ
1660 833 1699 868 τῷ
1716 833 1815 867 δικαίῳ
1830 834 1877 860 καὶ

241 887 306 910 runt
320 882 432 913 iterum,
447 881 604 909 versatilem
625 880 717 908 adhuc
733 884 862 907 naturam
876 879 1011 907 habentes
1025 887 1032 906 :

1088 877 1268 912 hupupzﬁnp
1295 877 1344 912 βίῳ
1361 897 1368 908 ,
1403 877 1457 904 υἱοὶ
1497 878 1566 904 Θεοῦ
1605 879 1761 914 ἐκλήθησαν
1778 888 1785 895 ·
1819 880 1876 909 ἀλλ’

241 927 317 962 quod
332 927 415 963 igitur
429 930 457 954 et
474 934 545 961 sarpe
564 926 696 961 operibus
719 926 915 960 probaverunt,
930 932 1029 952 secun-

241 974 308 1000 dum
317 974 390 1007 quod
399 972 504 999 dictqu
512 978 572 1000 est:
587 982 595 998 ι
607 972 660 1007 Ipsi
671 976 763 999 autem
774 979 817 998 me
826 975 1007 1006 spreverunt:
1019 980 1030 996 ι

240 1025 268 1047 et
281 1019 362 1046 morti
375 1018 482 1046 scilicet
493 1022 520 1045 et
531 1018 619 1053 plagis
632 1022 660 1045 et
676 1017 822 1053 suppliciis
838 1017 903 1044 inde
915 1016 1033 1052 subjecti

241 1067 324 1090 sunt:
346 1072 355 1088 ‹
381 1062 515 1090 Stimulus
537 1063 612 1090 enim
630 1063 738 1095 mortis,
755 1067 898 1098 peccatum
915 1066 957 1090 est
966 1063 1005 1090 ’δι
1022 1071 1032 1088 ι

239 1113 291 1136 et:
313 1118 322 1134 ι
346 1108 429 1135 Multa
452 1108 557 1143 ﬂagella
581 1108 738 1143 peccatoris
753 1108 786 1135 ³⁷.
814 1118 823 1134 ι
855 1108 894 1135 ita
921 1107 1034 1143 quidem

242 1154 327 1188 igitur
340 1158 368 1181 et
380 1154 425 1181 isti
437 1163 442 1180 :
454 1153 525 1181 Dicti
537 1161 633 1181 sumus
645 1161 711 1181 vero
725 1153 810 1181 etiam
821 1162 872 1181 nos
883 1153 1034 1181 Christiani

247 1200 298 1226 ﬁlii
311 1199 371 1231 Dei,
393 1207 492 1234 nempe
503 1220 510 1232 ,
533 1208 542 1224 ι
557 1198 659 1227 Omnes
674 1199 747 1226 cnim
768 1199 817 1226 ﬁlii
832 1199 880 1226 Dei
897 1199 974 1231 estis,
986 1207 1036 1234 per

243 1244 325 1272 ﬁdem
340 1244 367 1271 in
381 1244 494 1272 Christo
508 1244 614 1272 Iesu".
626 1254 635 1269 ι
651 1244 706 1272 Nos
717 1244 811 1280 igitur,
826 1244 929 1272 nedum
943 1244 1037 1272 verbis

241 1290 276 1317 ad
296 1290 483 1317 innocentiam
507 1289 669 1322 formentur,
689 1294 717 1317 ct
731 1290 868 1325 justitiam
896 1290 945 1317 Dei
976 1297 1037 1325 quac

241 1340 285 1364 est
297 1344 382 1371 super
392 1336 515 1363 litteram
534 1344 550 1363 a
562 1335 663 1371 spiritu
676 1336 724 1363 Dei
740 1336 894 1364 docemur:
909 1336 937 1363 in
949 1336 1037 1363 liber-

243 1386 328 1409 tatem
343 1386 372 1410 et
388 1382 623 1410 immortalitatem
638 1382 728 1410 vocati
740 1390 836 1410 sumus
849 1387 878 1410 et
895 1382 923 1409 in
936 1382 1037 1409 immu-

243 1427 408 1455 tabilitatem
428 1436 465 1455 ex.
479 1429 686 1456 resurrectione
720 1433 912 1456 mortuorum:
932 1428 1037 1463 suppli-

243 1472 317 1499 cium
327 1473 450 1508 jam'non
462 1472 602 1505 timentes,
615 1481 667 1501 nec
678 1474 859 1502 mutationem
871 1473 1039 1501 transmissae

243 1518 331 1546 beata:
345 1518 418 1550 vitaz,
431 1519 492 1553 qui,
507 1519 653 1547 doloribus
666 1519 760 1551 liberi,
780 1523 808 1547 et
828 1519 1038 1547 dominantibus

242 1564 392 1592 :eternitati
412 1564 589 1592 tenebrarum
606 1573 667 1593 esse
681 1565 825 1597 debemus,
837 1569 866 1592 et
888 1565 916 1592 in
930 1565 1037 1592 omlesti

244 1610 358 1638 civitate
384 1611 496 1644 vivere;
521 1615 550 1638 ut
574 1611 647 1638 enim
671 1619 723 1638 nos
745 1619 871 1639 essemus
895 1611 985 1638 sancti
1011 1615 1040 1638 ct

245 1657 415 1684 immaculati
437 1657 464 1684 in
487 1662 637 1692 conspectu
652 1657 713 1692 ejus
721 1658 754 1690 ³’,
772 1657 800 1684 in
818 1657 953 1684 cbaritate
969 1663 1040 1691 prae-

245 1703 377 1730 destinati
401 1711 497 1730 sumus
516 1703 543 1730 in
565 1703 742 1738 adoptionem
760 1702 879 1730 ﬁliorum
902 1703 951 1730 Dei
962 1702 996 1733 ⁸⁸,
1011 1707 1040 1729 et

246 1752 277 1774 ut
311 1747 524 1774 similitudinem
549 1747 719 1774 haberemus
749 1755 813 1775 cum
838 1747 918 1774 Patre
944 1751 1039 1774 nostro

245 1793 293 1827 qui
319 1793 348 1820 in
363 1793 442 1821 caelis
458 1797 501 1820 est
516 1793 544 1820 in
560 1793 722 1828 acceptione
737 1793 894 1828 adoptionis
919 1792 1039 1819 ﬁliorum

246 1846 328 1873 quam
339 1842 544 1872 exspectamus:
556 1838 638 1865 simul
647 1846 678 1866 ac
688 1839 905 1874 redemptionem
915 1839 1041 1873 corporis

247 1884 345 1916 nostri,
360 1891 475 1919 peccare
488 1884 564 1911 nullo
579 1884 661 1912 modo
677 1884 795 1919 amplius
806 1884 960 1912 habent-'5:
977 1884 1039 1912 ideo

247 1937 304 1957 non
333 1930 403 1956 mori
434 1929 568 1957 debemus
594 1931 622 1958 in
637 1930 773 1963 futurum,
793 1930 841 1958 sed
859 1938 943 1965 super
969 1930 1040 1957 mala

247 1976 349 2010 quibus
363 1983 418 2002 non
431 1975 501 2002 allici
513 1975 594 2002 datur
606 1980 705 2003 natura
717 1976 876 2004 extollimur
887 1985 896 2003 ι
905 1980 1040 2011 quantum

250 2022 335 2056 igitur
357 2021 542 2048 assimilcmur
560 2021 616 2048 Deo
639 2022 791 2049 secundum
818 2022 876 2049 inec
901 2021 984 2050 simul
1009 2029 1042 2048 ac

235 2067 313 2093 'olim
328 2067 412 2094 Israel
425 2066 472 2102 qui
489 2066 562 2094 ﬁlius
572 2072 600 2094 et
615 2067 674 2102 ipse
685 2072 800 2095 vocatus
819 2067 914 2100 fuit“,
924 2067 1041 2095 evidens

249 2116 302 2139 CSI.

284 2202 401 2228 Tantum
420 2207 511 2229 tamen
528 2207 620 2230 nostra
637 2202 749 2236 adoptio
775 2203 894 2230 ﬁliorum
912 2203 1040 2238 adoptio-

249 2258 312 2277 nem
329 2258 424 2276 eorum
443 2255 555 2284 superat
583 2255 612 2277 et
638 2250 665 2276 in
694 2250 788 2282 tantis,
817 2254 846 2277 ut
871 2255 899 2278 et
926 2251 1041 2286 spiritus

250 2297 393 2323 servitutis
404 2296 494 2323 lueccc
507 2296 614 2323 dicatur
624 2297 652 2322 in
668 2297 796 2323 timorem
810 2301 838 2324 et
853 2297 880 2323 in
898 2297 1040 2324 vinculum

248 2343 304 2378 iugi
323 2342 477 2374 servitutis,
491 2342 564 2369 illam
585 2350 650 2370 vero
666 2342 782 2377 spiritus
799 2343 956 2378 adoptionis
971 2343 1041 2370 ﬁlio-

250 2398 311 2416 rum
330 2390 357 2416 in
367 2397 423 2424 quo
434 2389 594 2420 clamamus,
608 2399 617 2414 ‹
629 2389 707 2417 Abba
722 2390 802 2417 Pater
811 2390 852 2417 "z
869 2399 878 2416 ι
895 2391 968 2425 quod
983 2391 1041 2418 hac

250 2435 343 2462 dicere
373 2443 516 2470 nunquam
542 2435 696 2462 sustinuit:
717 2436 819 2463 etenim
846 2436 907 2470 ipsa
938 2436 1041 2464 dicitur

251 2482 361 2516 proprie
386 2482 501 2509 libertas
529 2489 583 2517 qua
607 2481 735 2509 Christus
758 2490 808 2510 nos
832 2482 978 2509 liberavit:
1003 2484 1041 2509 ita

250 2527 363 2562 quidem
381 2527 466 2561 igitur
489 2532 518 2554 et
535 2527 604 2554 ista:
622 2527 742 2555 Vocatus
761 2533 804 2555 est
819 2532 923 2561 autem,
939 2529 1041 2563 inquit,

250 2578 279 2600 et
293 2573 454 2600 Dominicus
468 2572 560 2604 homo,
576 2573 662 2600 Filius
687 2574 751 2601 Dei:
775 2582 885 2609 nempe.
900 2578 928 2602 ct
944 2585 952 2600 ‹
972 2575 1044 2602 ﬁlius

252 2619 360 2647 Excelsi
389 2619 583 2646 vocabitur”:
609 2628 617 2644 ι
646 2620 697 2647 istc
722 2629 799 2652 vero,
828 2627 927 2655 praeter
953 2621 1045 2648 omnia

252 2670 347 2693 nostra
361 2665 492 2700 specialia
516 2665 542 2691 in
559 2664 662 2699 quibus
676 2667 775 2693 similis
792 2667 872 2694 nobis
888 2671 917 2694 et
939 2667 1042 2694 dicitur

251 2720 323 2744 esse,
334 2717 377 2739 est
393 2711 592 2746 primogenitus
608 2713 634 2739 in
647 2713 742 2740 multis
755 2712 887 2741 fratribus
899 2714 921 2729 “
936 2721 951 2740 a
964 2721 1041 2740 com-

290 2781 323 2796 ³¹¹
340 2780 392 2806 lsa.
420 2788 438 2810 ι.
463 2779 489 2806 2.
526 2779 547 2794 ³³
561 2771 634 2805 Ρςῃιί
656 2787 727 2812 xxxv,
743 2781 785 2807 Μ.
826 2782 848 2798 ³⁸
862 2782 932 2809 Ρςιιι.

253 2815 276 2831 ετ
293 2815 365 2842 Psal.
390 2822 461 2845 xw,
491 2814 534 2841 10.
571 2814 594 2829 ³⁸
610 2814 697 2841 Galat.
722 2823 762 2847 ut,
792 2816 836 2842 “26.

255 2849 278 2865 θ’
295 2850 360 2875 Luc.
375 2857 391 2876 ι,
410 2850 453 2875 732.
495 2850 515 2865 ³³
532 2850 609 2876 llum.
628 2858 685 2882 vm,
697 2849 741 2877 ‘29.

1084 923 1159 958 ὅμως
1176 919 1249 950 οὗτοι
1266 922 1314 949 καὶ
1329 923 1359 949 τὸ
1376 923 1510 958 ἁμαρτεῖν
1526 923 1685 959 ὲπεδέχοντο
1703 925 1796 956 πάλιν,
1815 933 1878 960 τρε-

1085 968 1156 1003 πτῆς
1171 968 1211 994 ἔτι
1225 968 1332 1002 φύσεως
1347 968 1530 1004 ὑπάρχοντες·
1543 969 1611 1005 ὅπερ
1623 968 1670 996 οὖν
1684 971 1731 997 καὶ
1746 970 1878 1001 πολλάκις

1084 1014 1175 1049 ἔργοις
1190 1013 1374 1049 ὴλέγχθησαν,
1387 1015 1456 1042 κατὰ
1471 1016 1501 1042 τὸ
1515 1016 1670 1050 εἰρημένονο
1684 1025 1693 1042 ι
1703 1016 1787 1043 Αὐτοὶ
1799 1016 1827 1043 δέ
1844 1026 1879 1052 με

1085 1059 1232 1095 ἠθέτησαν.
1253 1069 1262 1086 ι
1280 1061 1335 1087 Καὶ
1349 1060 1457 1096 θανάτῳ
1475 1061 1502 1087 δὲ
1524 1061 1624 1097 δηλαδὴ
1637 1062 1682 1088 καὶ
1696 1063 1815 1098 πληγαῖς
1833 1064 1880 1089 καὶ

1084 1107 1232 1142 τιμωρίαις
1258 1106 1382 1133 ἐντεῦθεν
1415 1107 1559 1134 ὑπέκειντο
1572 1116 1580 1123 ·
1600 1117 1609 1134 ι
1624 1109 1678 1135 Καὶ
1695 1108 1750 1144 γὰρ
1767 1109 1799 1135 τδ
1816 1109 1879 1135 κέν-

1085 1161 1148 1188 τρον
1159 1152 1207 1179 τοῦ
1224 1151 1350 1185 θανάτου,
1368 1153 1385 1188 ὴ
1407 1152 1529 1188 ἁμαρτία
1541 1160 1548 1168 ·
1567 1162 1577 1179 ι
1612 1153 1678 1185 καὶ.
1709 1163 1718 1178 ι
1737 1154 1880 1188 Μάστιγες

1087 1198 1183 1225 πολλαὶ
1220 1197 1268 1224 τοῦ
1307 1198 1478 1235 ἁμαρτωλοῦ.
1507 1208 1518 1224 ι
1545 1199 1639 1231 Οὕτως
1669 1199 1719 1234 μὲν
1755 1200 1803 1227 οὖν
1833 1201 1881 1227 καὶ

1086 1240 1158 1270 οὗτοι
1174 1251 1181 1258 ·
1197 1243 1366 1280 ἑλέγχθημεν
1392 1243 1421 1270 δὲ
1447 1244 1494 1271 καὶ
1508 1245 1532 1270 οι
1551 1244 1710 1278 Χριστιανοὶ
1728 1245 1783 1272 υἱοὶ
1799 1245 1879 1278 Θεοῦ,

1087 1289 1158 1316 κατὰ
1170 1290 1210 1322 τὸ,
1223 1299 1233 1315 ι
1248 1290 1352 1322 Πάντες
1362 1290 1416 1325 γὰρ
1428 1290 1482 1317 υἱοὶ
1489 1289 1557 1317 Θεοῦ
1566 1291 1638 1322 ἐστε,
1648 1290 1691 1317 διὰ
1699 1291 1749 1324 τῆς
1760 1291 1880 1322 πίστεως

1087 1336 1116 1362 ὲν
1129 1336 1239 1371 Χριστῷ
1261 1335 1360 1371 Ἰησοῦ,
1382 1345 1392 1362 ι
1402 1336 1495 1371 Ἦμείς
1509 1335 1556 1363 οὖν
1572 1336 1641 1372 πρὸς
1654 1337 1694 1372 τῷ
1708 1337 1753 1364 διὰ
1769 1337 1826 1364 τῶν
1841 1338 1880 1364 λό-

1087 1389 1144 1415 γων
1160 1381 1337 1408 παιδεύεσθαι
1354 1381 1384 1408 τὺ
1398 1382 1606 1417 ἀναμάρτητον,
1625 1381 1672 1408 καὶ
1687 1382 1737 1417 τὴν
1755 1382 1827 1418 ὑπὲρ
1847 1382 1877 1408 τὸ

1088 1427 1205 1462 γράμμα
1231 1427 1277 1453 διὰ
1303 1426 1465 1462 Πνεύματος
1493 1427 1668 1462 δικαιοσύνην
1696 1427 1879 1463 διδασκόμεθα

1089 1472 1175 1499 Θεοῦ·
1193 1473 1240 1500 καὶ
1262 1473 1308 1498 ἐπὶ
1323 1472 1466 1507 ἐλευθερίᾳ
1486 1473 1534 1499 καὶ
1552 1473 1687 1508 ἀθανασίᾳ
1708 1473 1878 1509 ὲκλήθημεν,

1090 1518 1137 1545 καὶ
1151 1518 1268 1554 ἀτρεψίᾳ
1282 1518 1311 1550 ἐξ
1326 1518 1500 1549 ἀναστάσεως
1515 1518 1622 1553 νεκρῶν
1633 1526 1639 1532 ·
1659 1519 1797 1554 τιμωρὲαν
1814 1519 1879 1546 οὐκ·

1091 1566 1130 1591 ἐτι
1142 1565 1268 1597 δεδιότες,
1284 1564 1315 1591 οὒ
1330 1563 1484 1600 μεταϐολὴν
1499 1566 1549 1599 τῆς
1571 1564 1769 1601 διαδεξαμένης
1791 1575 1879 1600 μακα-

1092 1612 1151 1646 ρίας
1167 1611 1251 1645 ζωῆς,
1267 1611 1356 1638 πόνων
1373 1611 1521 1646 ἐλεύθεροι.
1539 1611 1586 1637 καὶ
1602 1611 1655 1637 τῶν
1672 1612 1812 1647 ἀρχόντων
1832 1612 1878 1639 τοῦ

1090 1657 1187 1688 αἰῶνος
1199 1656 1247 1683 τοῦ
1269 1656 1383 1688 σκότους
1395 1657 1529 1692 ἐσόμενοι,
1543 1658 1572 1683 ἐν
1595 1657 1713 1692 οὐρανίῳ
1739 1666 1769 1684 τε
1803 1658 1878 1684 πολι-

1089 1705 1150 1740 τείᾳ
1178 1703 1322 1739 βιώσοντες
1335 1712 1341 1719 ·
1357 1704 1398 1735 εἰς
1412 1704 1466 1740 γὰρ
1488 1704 1519 1730 τὸ
1542 1702 1613 1730 εἶναι
1636 1705 1710 1740 ἡμᾶς
1723 1705 1819 1739 ἁγίους
1832 1705 1879 1732 καὶ

1090 1749 1223 1785 ἀμώμους
1241 1749 1410 1776 κατενώπιον
1438 1749 1520 1776 αὑτοῦ
1535 1750 1564 1776 ὲν
1589 1749 1684 1786 ἀγάπῃ
1702 1751 1879 1787 προωρίσθη-

1093 1803 1142 1828 μεν
1156 1794 1196 1825 είς
1212 1793 1350 1820 υἱοθεσίαν
1361 1793 1441 1826 Θεοῦ,
1457 1793 1504 1820 καὶ
1518 1793 1568 1829 τὴν
1586 1794 1716 1829 ὁμοῖωσιν
1741 1795 1815 1830 ἔχειν
1831 1796 1880 1830 τὴν

1092 1841 1160 1875 πρὸς
1193 1839 1240 1866 τὸν
1264 1839 1390 1875 οὐράνιον
1405 1839 1485 1874 ἡμῶν
1500 1840 1621 1876 Πατέρα,
1642 1841 1670 1867 ἐν
1687 1842 1719 1876 τῇ
1746 1842 1879 1876 ἀπολήψει

1090 1886 1140 1919 τῆς
1158 1885 1305 1918 υἱοθεσίας,
1320 1881 1354 1921 ἧς
1370 1885 1576 1921 ᾁπεκδεχόμεθα
1593 1895 1600 1902 ·
1617 1887 1701 1921 ἤγουν
1714 1886 1765 1921 τῆς
1781 1888 1881 1914 ἀπολυ-

1091 1931 1222 1966 τρώσεως
1236 1930 1283 1957 τοῦ
1297 1930 1424 1966 σώματος
1437 1931 1525 1966 ἡμῶν,
1543 1931 1573 1958 τδ
1593 1932 1761 1968 ἁμαρτάνειν
1776 1933 1818 1959 ἑτι
1837 1933 1879 1960 οὑ-

1091 1977 1147 2004 δενὶ
1160 1977 1254 2012 τρόπῳ
1278 1976 1403 2012 ἔχοντες·
1417 1977 1458 2003 διὸ
1487 1976 1548 2003 οὐδὲ
1577 1977 1703 2012 θνήσκειν
1729 1979 1880 2012 πεφυκότες

1091 2022 1194 2054 λοιπὸν,
1226 2022 1284 2048 ἀλλ’
1300 2023 1329 2048 ὲν
1346 2021 1385 2057 τῷ
1413 2022 1480 2057 μηδὲ
1506 2022 1618 2057 δυνάμει
1644 2020 1715 2049 εἷναι
1739 2023 1880 2054 δεκτικοὺς

1091 2068 1146 2095 τῶν
1164 2068 1257 2094 κακῶν
1270 2067 1320 2102 τὴν
1350 2067 1432 2102 φύσιν
1456 2068 1659 2103 ὑπεραρθὲντες
1673 2077 1681 2084 ·
1700 2069 1764 2095 ὅσον
1775 2069 1823 2095 οῦν
1840 2070 1881 2102 ἑξ-

1092 2113 1261 2149 ομοιούμεθα
1276 2112 1336 2148 Θεῷ
1353 2113 1423 2139 κατὰ
1436 2112 1499 2139 τάδε
1520 2113 1596 2148 παρὰ
1611 2114 1656 2140 τόν
1673 2122 1739 2140 ποτε
1765 2114 1879 2149 Ἰσραὴλ,

1091 2159 1149 2186 οἷον
1163 2159 1209 2186 καὶ
1227 2158 1308 2185 αὐτὸν
1324 2158 1468 2193 κληθέντα,
1483 2158 1572 2194 δῆλον.

1128 2204 1262 2231 Τοσοῦτον
1276 2203 1343 2238 γοῦν
1373 2205 1390 2239 ή
1412 2204 1538 2239 ἡμετέρα
1561 2204 1683 2231 υίοθεσία
1698 2206 1749 2240 τῆς
1773 2207 1881 2233 ἐκείνων

1093 2249 1209 2285 προῦχει
1220 2250 1267 2276 καὶ
1274 2251 1302 2276 ἑν
1310 2250 1457 2283 τοσούτοις,
1467 2250 1505 2282 ὡς
1515 2250 1561 2278 καὶ
1569 2250 1677 2286 πνεῦμα
1688 2251 1812 2284 δουλείας
1820 2252 1882 2279 ὲκεί-

1091 2306 1139 2333 νην
1155 2297 1282 2331 λέγεσθαι
1299 2298 1340 2328 εἰς
1355 2297 1438 2332 φόὸον
1467 2297 1514 2324 καὶ
1529 2296 1614 2330 ζυγοῦ
1628 2296 1753 2329 δουλείας
1768 2299 1881 2334 ὲνοχήν·

1089 2343 1192 2378 ταύτην
1201 2342 1229 2369 δὲ
1240 2342 1349 2378 πνεῦμα
1357 2342 1491 2374 υἱοθεσίας
1500 2343 1528 2369 ἐν
1541 2340 1562 2376 ᾧ
1578 2343 1635 2369 ἐστι
1648 2342 1789 2378 κράζειν-ι
1803 2343 1882 2370 ’Λεεὶ

1089 2390 1103 2416 ό
1111 2389 1216 2424 Πατήρ·
1224 2399 1232 2414 ι
1242 2389 1310 2424 ὅπερ
1318 2389 1407 2424 ἐκείνη
1418 2389 1507 2422 λέγειν
1515 2389 1545 2414 οὐ
1554 2389 1704 2424 τετόλμηκε
1714 2389 1834 2416 πώποτε·
1843 2391 1883 2416 καὶ

1091 2435 1146 2470 γὰρ
1170 2434 1239 2470 αὕτη
1254 2434 1362 2468 λέγεται
1390 2434 1464 2466 ἰδίως
1479 2434 1631 2469 ἐλευθερία,
1679 2435 1799 2470 Χριστὸς
1815 2437 1884 2470 ἡμεῖς

1094 2480 1290 2516 ὴλευθέρωςεψ
1299 2479 1385 2511 οὕτως
1399 2480 1449 2514 μὲν
1461 2479 1506 2507 οὖν
1516 2481 1562 2506 καὶ
1570 2480 1627 2513 ἥδε.
1636 2480 1754 2515 Ἐκλήθη
1761 2481 1802 2512 δὲ,
1810 2481 1883 2516 φησὶ,

1095 2527 1172 2553 καὶὸ
1191 2525 1328 2562 Κυριακδς
1356 2525 1509 2560 ἄνθρωπος,
1540 2526 1605 2557 Υἱὸς
1633 2525 1702 2552 Θεοῦ
1719 2535 1726 2541 ·
1749 2527 1820 2554 κατὰ
1844 2528 1882 2557 τὸ,

1099 2582 1108 2598 ι
1127 2573 1182 2598 Καὶ
1195 2572 1258 2603 Υἱὸς
1279 2571 1405 2606 Ὑψίστου
1422 2572 1602 2607 κληθήσεται.
1631 2582 1641 2597 ι
1659 2569 1744 2604 Οὗτος
1763 2573 1793 2599 δὲ
1821 2574 1884 2608 πρὸς

1098 2621 1154 2651 τοῖς
1169 2619 1316 2655 ἡμετέροις
1335 2620 1418 2646 πᾶσιν
1433 2619 1595 2655 ἐξαιρέτοις,
1611 2620 1640 2646 ἐν
1653 2617 1694 2651 οἷς
1711 2621 1804 2655 ὅμοιος
1824 2622 1885 2655 ἡμῖν

1095 2665 1133 2692 ὢν
1148 2665 1195 2692 καὶ
1208 2665 1318 2699 λέγεται
1329 2663 1410 2698 εἶναι,
1422 2666 1437 2692 ὁ
1452 2664 1624 2700 πρωτότοκος
1644 2666 1672 2692 ἐν
1684 2666 1793 2698 πολλοῖς
1813 2667 1885 2692 ἁδελ-

1096 2713 1155 2747 φοῖς
1178 2711 1216 2746 τῷ
1245 2711 1326 2746 κοινῷ
1346 2713 1454 2739 πάντων
1469 2711 1556 2747 Πατρὶ
1573 2710 1633 2746 Θεῷ
1645 2719 1651 2725 ·
1667 2711 1716 2737 καὶ
1728 2712 1814 2747 ἕτερα
1836 2712 1886 2747 ἔχει

915 2782 932 2809 1.
978 2790 1036 2809 cxv:

915 2817 1015 2843 linhes.
1034 2825 1036 2842 ι

1092 2780 1151 2807 103.
1192 2780 1214 2795 ³⁵
1232 2780 1302 2807 Psal.
1333 2788 1432 2809 exuit.
1458 2779 1502 2809 19.
1526 2779 1572 2805 20.
1612 2778 1660 2805 ³⁵1
1680 2778 1746 2805 Cor.
1774 2787 1820 2810 xv,
1846 2779 1881 2806 56-

1093 2836 1098 2842 .
1156 2816 1178 2830 ⁸⁰
1190 2815 1257 2841 ibid.
1273 2815 1299 2842 5.
1357 2816 1376 2831 "
1392 2815 1477 2842 Exod.
1493 2822 1529 2843 ιν.
1541 2814 1585 2840 '22.
1644 2814 1666 2829 “
1680 2813 1760 2840 Rom.
1776 2822 1836 2843 vlli.
1850 2814 1878 2840 l5

877 2818 898 2833 ’9
915 2817 1015 2852 liplies.
1034 2825 1052 2847 ι,
1075 2817 1098 2843 ’t.

1156 2816 1178 2830 ⁸ο
1190 2815 1257 2841 ibid.
1273 2815 1299 2842 5.
1357 2816 1376 2831 "
1392 2815 1477 2842 Exod.
1493 2822 1529 2845 Iv,
1541 2814 1585 2840 '22.
1644 2814 1666 2829 “
1680 2813 1760 2840 Rom.
1776 2822 1836 2847 vni,
1850 2814 1878 2840 l5
