1960 3093
97 139 164 171 1629

564 139 761 168 ADVERSUS
780 139 1053 169 NESTORMNOS.
1066 153 1099 157 —
1115 141 1188 173 LlB.
1210 142 1266 171 III.

98 194 151 220 ἴδια
168 192 337 228 χαρίσματα,
360 193 391 225 ἐξ
406 189 443 220 ὧν
456 193 502 219 καὶ
518 193 672 228 Μονογενὴς
689 192 726 228 τῷ
738 193 825 228 lla-:91
841 193 887 228 ὲῤ-

942 194 1014 220 muni
1034 194 1155 221 omnium
1183 195 1263 222 Patre
1293 195 1364 222 Deo:
1383 200 1411 223 et
1430 196 1482 224 alia
1509 197 1591 224 habet
1615 199 1726 233 propria

94 239 163 274 ρὴθη
177 248 184 254 ·
207 239 265 265 ἔστι
279 239 308 265 δὲ
333 238 433 272 ταῦτα,
448 239 556 274 πρῶτον
584 239 645 274 μὲν,
665 239 706 265 ὅτι
724 240 756 265 ἐκ
777 239 885 265 πάντων

94 285 200 320 ὁρατῶν
219 285 267 311 καὶ
282 285 407 320 ἀοράτων
420 285 577 320 κτισμάτων
593 284 746 320 ἀφώρισται
771 285 817 311 καὶ
841 285 887 316 ἐξ·

93 331 213 357 είλεκται
229 330 340 366 ἅμα.τῷ
355 330 435 363 εἶναι,
452 331 498 357 καὶ
514 331 564 366 τὴν
578 331 624 357 τοῦ
642 330 712 357 εἶναι
727 331 790 362 Υἰδς
805 331 885 363 ἀξίαν

94 377 181 404 λαϐὼν
197 378 290 415 χάριτι
309 386 316 393 ·
332 378 428 414 ὥσπερ
441 377 523 409 εἴτις
540 378 597 409 υἱὸς
610 377 741 412 βασιλέως
755 378 802 404 ἐπὶ
818 386 884 412 πορ-

94 423 168 459 φύρᾳ
192 424 310 459 τεχθεὶς,
325 425 341 459 ἢ
357 424 396 450 ἔτι
420 424 569 459 κυούμενος
586 425 615 450 ὲν
640 424 731 461 μήτρα
749 424 885 458 στεφθεὶς,

93 469 312 505 διαζωννυμὲνης
325 470 371 496 τὸν
383 470 515 504 στέφανον
528 470 579 503 τῆς
600 470 715 505 μητρὸς,
744 471 812 506 ὅπερ
843 471 886 504 γί-

93 523 166 541 νεται
182 515 322 546 πολλάκις.
341 516 397 542 Καὶ
409 516 496 548 οὕτως
509 515 599 551 ήνώθη
615 515 653 550 τῷ
672 515 731 550 Θεῷ
743 516 821 551 Λόγῳ
833 516 887 543 ἀπὸ

93 559 205 596 πρώτης
227 561 311 587 αὑτοῦ
341 562 474 595 κτίσεως,
491 564 539 590 καὶ
554 563 616 594 Υἱὸς
635 563 783 599 ὠνομάσθη
798 565 828 591 οὐ
842 565 886 591 διὰ

92 607 141 642 τὴν
174 607 235 633 καθ’
267 609 341 644 ἡμᾶς
371 609 524 642 υἱοθεσίαν,
552 609 610 637 ἀλλ’
641 610 677 642 ὡς
717 610 889 646 συνημμένος

93 652 131 688 τῷ
147 653 225 689 Λόγῳ
240 655 308 689 πρὸς
330 655 379 689 τὴν
407 656 510 682 ἐκείνου
539 657 709 690 φανέρωσιν·
735 656 783 683 καὶ
807 656 887 682 αὑτοῦ

93 701 123 727 τδ
154 701 299 736 πρόσωπον
321 702 439 737 ἐπέχων,
472 703 555 730 αὑτοῦ
583 704 633 739 τὴν
665 704 771 739 τιμὴν,
804 703 887 730 αὐτοῦ

96 746 146 782 τὴν
184 746 262 779 ἀξίαν
298 748 389 784 φέρων
414 757 421 764 ·
454 749 501 775 καὶ
528 759 538 775 ι
578 750 720 776 Ἐκάθισεν
753 750 781 776 ἐν
815 749 889 784 δεξιᾷ

94 792 139 819 τοῦ
169 792 255 826 Θεοῦ,
282 793 411 829 ὑπεράνω
449 794 540 829 πάσης
569 794 693 826 ἐξουσίας
721 795 768 822 καὶ
794 795 888 830 κυριό-

94 847 176 874 τητος
204 840 252 866 καὶ
278 839 441 875 δυνάμεως,
467 841 552 876 ὖνομα
582 840 671 867 λαϐὼν
700 841 791 876 μεῖζον
819 850 888 868 παν-

93 884 140 915 τὸς
165 884 298 920 ὀνόματος
325 885 539 921 ὀνομαζομένου,
558 887 588 913 οὒ
615 885 694 922 μόνον
708 887 736 913 ἐν
753 886 792 921 τῷ
807 886 886 913 αἰῶνι

93 929 180 965 τούτῳ
199 950 206 962 ,
239 930 307 957 ἀλλὰ
330 931 377 958 καὶ
394 933 423 958 ἐν
448 932 486 967 τῷ
505 932 629 968 μέλλοντι
643 940 650 947 ³
666 943 675 958 ι
696 947 730 952 —
748 943 757 958 ε
777 933 834 959 Ἷνα
858 934 887 960 ἐν

94 976 133 1011 τῷ
157 977 271 1012 ὀνόματι
303 977 392 1013 Ἰησοῦ
420 979 474 1005 πᾶν
500 979 564 1013 γόνυ
595 979 690 1014 κάμψῃ
716 979 887 1015 ἐπουρανίων

95 1024 143 1050 καὶ
179 1024 309 1056 ἐπιγείων
348 1024 396 1050 καὶ
439 1024 643 1060 καταχθονίων·
666 1035 675 1050 ι
708 1025 798 1051 πάντα
832 1025 886 1060 γὰρ

96 1069 190 1100 ἁπλῶς
205 1069 337 1102 ὑπέταξεν
354 1070 407 1096 ὑπὸ
420 1071 483 1102 τοὺς
500 1071 582 1103 πόδας
598 1072 697 1098 αὐτοῦ’
708 1071 756 1098 καὶ
777 1071 823 1098 ἀπ’
836 1072 887 1098 αὺ-

95 1114 142 1141 τοῦ
158 1115 196 1150 τῷ
212 1115 276 1150 θείῳ
288 1116 377 1151 Λόγῳ,
394 1115 424 1142 οὗ
438 1117 468 1143 τὸ
484 1117 630 1151 πρόσωπον
646 1117 738 1151 ἐπέχει
749 1124 757 1132 ·
771 1117 818 1143 καὶ
833 1116 888 1143 ἀπ’

96 1161 212 1193 ἐκείνου,
225 1162 263 1196 τῷ
273 1162 361 1197 Πατρὶ
372 1162 410 1197 τῷ
423 1163 567 1198 ἀχωρίστῳ
580 1163 673 1193 αὑτοῦ,
688 1162 746 1197 ἅμα
754 1162 793 1197 τῷ
804 1162 888 1188 Πνεύ-

97 1217 162 1244 ματι
181 1208 219 1243 τῷ
235 1209 304 1244 ἁγίῳ
318 1217 324 1224 ·
340 1209 386 1236 καὶ
403 1209 474 1236 οὕτω
493 1210 629 1244 μεσιτεύει
645 1209 704 1244 Θεῷ
721 1209 768 1235 καὶ
783 1208 888 1244 ἀνθρώ-

97 1263 159 1285 ποις
175 1262 181 1268 ·
197 1254 300 1281 τούτων
313 1255 340 1281 δὲ
354 1255 430 1282 οὐδὲν
444 1255 525 1282 πλέον
541 1255 616 1290 αὐτῷ
638 1263 704 1281 ποτε
719 1254 884 1289 παρέξουσιν

95 1301 120 1327 οι
137 1300 260 1327 συνθέσει
281 1300 407 1335 λέγοντες
422 1301 470 1328 τοῦ
485 1301 573 1335 Λόγου
592 1301 640 1327 καὶ
663 1301 710 1327 τοῦ
729 1300 886 1336 ἀνθρώπου,

95 1346 142 1372 τὸν
161 1346 278 1381 Χριστὸν
302 1347 451 1381 ὑφεστάναι
468 1355 475 1364 ·
493 1348 518 1374 εἰ
538 1347 567 1374 δὲ
595 1347 698 1374 τούτων
722 1347 889 1382 ἀσύγκριτος

96 1394 150 1418 τῶν
167 1392 308 1419 υίοθεσιῶν
321 1394 338 1428 ή
352 1393 513 1429 παράθεσις,
529 1393 588 1425 πῶς
607 1401 688 1428 φασιν
701 1393 741 1419 ὅτι
757 1392 889 1428 ὁμότιμον

96 1438 163 1471 ἡμῖν
191 1446 281 1472 φαμεν
299 1438 346 1464 τὸν
367 1438 484 1474 Χριστόν
501 1447 508 1471 ;
527 1438 594 1465 διότι
606 1439 636 1475 ου
651 1438 729 1473 φύσει
741 1438 815 1469 Υίδν,
830 1437 889 1464 οὐδὲ

97 1483 179 1510 αὑτὸν
204 1483 368 1516 Θεοῦ,ἁλλὰ
395 1484 486 1519 χάριτι
514 1484 693 1511 υἱοθετεῖσοαι
720 1483 887 1519 δοξάζομεν·

937 240 1018 272 dona,
1030 248 1063 267 ex
1079 241 1181 275 quibus
1195 241 1358 276 Unigenitus
1374 250 1389 269 a
1405 243 1483 269 l'atre
1495 243 1587 270 dictus
1601 249 1654 270 est.
1664 243 1727 272 Ha’e

936 293 1002 312 vero
1018 290 1093 318 sunt,
1119 286 1240 320 primutn
1257 287 1369 321 quidem
1386 295 1419 314 ex
1436 288 1544 315 cunctis
1568 289 1729 317 visibilibus

936 335 964 358 et
978 331 1168 359 invisibilibus
1189 333 1326 360 creaturis
1346 339 1488 368 separatus
1509 338 1537 361 et
1558 334 1663 362 electus
1685 339 1727 362 est

937 378 1020 405 simul
1043 385 1074 404 ac
1098 377 1161 410 fuit,
1174 382 1200 405 et
1217 386 1278 405 esse
1296 379 1383 405 Filius
1399 379 1485 414 gratia
1499 379 1598 415 dignus
1614 380 1727 408 habitus

937 427 998 450 est:
1017 423 1133 458 perinde
1148 432 1180 451 ac
1199 424 1221 451 si
1242 424 1315 451 ﬁlius
1331 425 1403 460 regis
1418 425 1445 451 in
1460 433 1584 460 purpura
1603 427 1725 461 genitus,

938 474 985 497 aut
1000 470 1091 498 adhuc
1113 470 1142 497 in
1162 475 1259 498 ventre
1280 471 1377 498 matris
1394 476 1554 503 coronatus,
1572 473 1727 506 prtecinctae

939 516 1036 544 matris
1049 524 1178 543 coronam
1193 517 1341 551 acciperet,
1355 517 1428 551 quod
1446 516 1476 544 ﬁt
1491 525 1572 551 smpe.
1583 518 1726 546 ltannitus

938 568 981 591 est
995 564 1051 591 Deo
1065 564 1156 592 Verbo
1179 573 1194 591 a
1217 565 1304 599 prima
1319 563 1407 598 ipsius
1432 564 1582 595 creatione,
1598 569 1625 591 ct
1641 566 1727 593 Filius

939 610 1093 645 appellatus
1108 615 1150 637 est
1168 618 1222 637 non
1243 613 1356 645 propter
1373 610 1525 637 secundum
1539 618 1589 637 nos
1605 611 1726 638 ﬁliorum

939 653 1127 688 adoptionem,
1149 653 1197 680 sed
1216 659 1244 680 ut
1262 654 1352 681 Verbo
1370 654 1466 681 unitus
1489 654 1522 681 ad
1540 655 1613 682 illius
1637 657 1725 682 mani--

940 699 1130 726 testationem:
1156 703 1184 727 et
1210 700 1283 727 illius
1312 707 1457 735 personam
1480 701 1612 733 retinens,
1640 701 1726 736 ipsius

940 745 1086 777 honorem,
1102 746 1190 780 ipsius
1202 746 1317 781 gloriam
1332 755 1388 781 pra:
1404 755 1433 774 se
1453 747 1545 774 ferens
1557 756 1563 774 :
1574 749 1605 774 'et
1624 757 1633 772 ε
1654 747 1724 774 Con-

940 791 1030 818 stituit
1043 791 1077 818 ad
1084 791 1226 819 dexteram
1238 792 1298 825 Dei,
1313 792 1341 819 in
1354 793 1515 820 cmlestibus
1527 800 1608 827 supra
1616 800 1726 819 onmem

940 837 1126 873 principatum
1137 842 1164 865 et
1175 838 1391 865 dominationem
1400 843 1428 866 et
1440 843 1614 873 potestatem,
1624 847 1726 867 nomen

939 883 1045 911 habens
1059 885 1147 919 majus
1167 884 1243 911 omni
1270 885 1380 911 nomine
1397 885 1470 919 quod
1485 885 1654 917 nominatur,
1670 893 1726 912 non

939 930 1028 957 solum
1050 930 1078 957 in
1101 930 1154 958 hoc
1174 931 1284 962 saeculo,
1299 931 1347 957 sed
1362 931 1444 957 etiam
1462 931 1489 957 in
1505 931 1597 957 futuro
1607 931 1644 957 "‘:
1664 942 1673 957 ι
1689 931 1726 958 ita

943 988 951 1002 ι
974 980 1004 1003 ut
1027 976 1055 1003 in
1074 977 1186 1003 nomine
1202 976 1265 1003 Jesu
1284 983 1364 1003 omne
1397 984 1469 1011 genu
1492 976 1618 1003 ﬂectatur
1641 980 1728 1003 terre-

939 1022 1050 1054 strium,
1072 1022 1224 1049 cmlestium
1236 1027 1263 1049 et
1275 1022 1447 1050 infernorum
1457 1023 1496 1049 *κε
1515 1032 1523 1048 ι
1549 1023 1639 1049 omnia
1653 1024 1727 1050 enim

939 1068 1103 1103 simpliciter
1127 1068 1246 1103 subjecit
1271 1069 1322 1096 sub
1353 1069 1471 1103 pedibus
1491 1068 1603 1104 ejus":
1629 1074 1657 1095 et
1679 1076 1728 1102 per

940 1113 1031 1148 ipsum
1049 1113 1144 1141 divino
1154 1114 1256 1147 Verbo,
1269 1115 1350 1149 cujus
1361 1121 1507 1149 personam
1523 1115 1625 1152 retinet.
1637 1117 1664 1140 et
1679 1120 1728 1148 per

939 1159 1023 1187 istum
1047 1160 1121 1188 Patri
1149 1161 1184 1188 ab
1211 1161 1271 1195 ipso
1298 1160 1475 1195 inseparabili
1500 1161 1580 1187 simul
1611 1164 1638 1187 et
1665 1168 1728 1186 eum

940 1207 1044 1242 Spiritu
1061 1211 1156 1235 sancto
1169 1207 1329 1242 participat:
1342 1212 1370 1234 et
1385 1207 1421 1234 ita
1438 1207 1575 1243 mediator
1586 1212 1627 1234 est
1640 1207 1687 1233 Dei
1702 1211 1730 1233 et

939 1253 1133 1280 hominum":
1160 1254 1229 1281 nihil
1254 1258 1346 1281 autem
1378 1245 1499 1288 amplius
1525 1253 1577 1288 ipsi
1607 1261 1729 1288 unquam

939 1300 1104 1335 praebebunt
1132 1299 1179 1334 qui
1208 1305 1334 1327 asserunt
1367 1299 1565 1334 compositione
1590 1299 1672 1327 Verbi
1701 1303 1730 1326 ct

941 1344 1065 1373 hominis
1092 1345 1232 1373 Christum
1261 1345 1435 1373 substitisse:
1462 1345 1484 1373 si
1518 1353 1586 1373 vero
1614 1346 1729 1372 istarum

941 1390 1061 1418 ﬁliorum
1081 1391 1261 1426 adoptionutn
1277 1391 1336 1419 ﬁeri
1350 1391 1444 1426 nequit
1467 1392 1647 1427 comparatio,
1662 1399 1731 1427 quo-

940 1436 1025 1463 modo
1041 1436 1138 1464 dicunt
1153 1444 1204 1464 nos
1219 1437 1314 1464 dicere
1341 1437 1401 1471 pari
1427 1437 1533 1464 honore
1555 1445 1587 1464 ac
1605 1445 1654 1464 nos
1670 1445 1731 1465 esse

939 1482 1103 1510 Christum?
1121 1483 1185 1511 Ideo
1218 1491 1272 1510 non
1298 1487 1397 1510 natura
1418 1484 1531 1516 Filium,
1557 1492 1611 1511 non
1640 1484 1730 1518 ipsum

97 1528 160 1555 οὔτε
177 1528 231 1564 γὰρ
241 1528 281 1561 τὺ,
298 1529 372 1561 υἱοὺς
388 1529 527 1562 λέγεσθαι,
540 1529 600 1556 οὐδὲ
626 1529 656 1555 τὸ
678 1531 770 1564 χάριτι
798 1528 888 1556 υἱοθε-

942 1529 1001 1561 Dei,
1015 1529 1061 1557 sed
1074 1530 1160 1564 gratia
1168 1530 1266 1557 Filium
1280 1529 1404 1564 adoptari
1419 1530 1580 1564 opinamur:
1591 1537 1645 1557 non
1657 1530 1730 1556 enim

98 1573 214 1604 τεῐσθαι,
230 1574 296 1606 τούς
320 1582 350 1600 τε
374 1574 535 1610 ἀνθρώπους
561 1574 667 1606 πάντας
680 1575 726 1602 καὶ
747 1575 811 1606 τοὺς
824 1576 889 1602 ’1ου-

97 1619 191 1650 δαίους
215 1619 263 1645 καὶ
283 1619 346 1651 τοὺς
373 1620 566 1655 Χριστιανοὺς,
591 1620 638 1646 καὶ
658 1619 704 1646 τὸν
724 1620 842 1656 Χριστὸν
860 1621 889 1647 ὲν

98 1664 193 1700 ὀλίγῳ,
208 1665 223 1700 ἢ
240 1666 314 1698 παρὰ
327 1666 358 1692 τὸ
377 1666 477 1701 μᾶλλον
491 1667 539 1693 καὶ
551 1664 632 1702 ἦττον
644 1665 701 1701 ἔχει
725 1666 775 1702 τὴν
796 1666 890 1701 διαφο-

102 1711 151 1746 ρᾶν
162 1710 306 1738 δέδεικται.
633 1710 639 1715 ”

137 1757 209 1792 Πρὸς
231 1757 293 1783 τάδε
312 1756 358 1784 οὖν
373 1758 463 1785 πάντα
479 1759 529 1785 σὺν
542 1758 602 1793 Θεῷ
625 1767 726 1794 φαμεν,
749 1759 788 1785 ὅτι
806 1758 890 1791 ὅντως

102 1801 219 1837 διαφορὰ
233 1802 290 1829 ἔστι
303 1803 387 1830 τῶνδε
405 1804 460 1830 τῶν
473 1805 543 1831 κατά
558 1804 638 1840 χάριν
653 1804 781 1830 δοθεισῶν
802 1804 891 1830 υἱοθε-

108 1848 184 1873 σιιῖινδ
200 1847 226 1873 τί
240 1846 285 1874 οὖν
303 1857 388 1882 φατες
406 1849 422 1883 ή
445 1849 505 1876 καθ’
527 1850 601 1884 ἡμᾶς
622 1850 685 1880 τοὺς
709 1849 891 1884 Χριστιανοὺς

101 1892 233 1926 υἱοθεσία,
250 1894 454 1928 πνευματικοὺς
469 1894 522 1920 ἀπὸ
535 1895 671 1929 σαρκικῆς
685 1894 793 1929 φύσεως
809 1902 892 1928 μετα-

101 1938 222 1965 ποιοῦσω
234 1939 262 1965 ἐν
272 1938 311 1974 τῷ
327 1939 459 1973 μέλλοντι,
475 1941 523 1966 καὶ¹
540 1939 693 1971 ἀθανάτους
713 1940 775 1966 ἀντὶ
788 1939 893 1974 θνητῶν

100 1983 239 2015 δεικνῦσα,
253 1984 300 2010 καὶ
315 1984 474 2019 ἐλευθέρους
489 1984 538 2020 τὴν
550 1985 632 2018 φύσιν
647 1985 707 2012 ἀντὶ
721 1984 831 2017 δούλων,
846 1986 893 2012 καὶ

101 2029 221 2063 ἀφόϐους
238 2029 288 2064 τὴν
308 2029 381 2064 ζωὴν
397 2030 487 2057 πᾶσαν
500 2031 564 2062 τοὺς
577 2031 606 2057 ὲν
626 2030 714 2065 θλίψει
730 2031 778 2057 καὶ
795 2031 824 2056 ἐν
837 2030 894 2057 ὀδύ-

102 2084 161 2107 ναις
179 2076 231 2102 ἀεί·
247 2076 294 2102 καὶ
305 2076 334 2102 ἐν
350 2077 486 2112 εὐμαρείᾳ
512 2077 574 2108 τοὺς
590 2078 620 2103 ὲν
633 2077 830 2112 περισπασμῷ,
846 2077 894 2104 καὶ

102 2123 312 2157 ἀναμαρτήτους
338 2123 384 2149 τὸν
404 2123 461 2158 βίον
475 2124 535 2150 ἀντὶ
550 2123 732 2159 ἁμαρτωλῶν,
752 2124 800 2150 καὶ
813 2123 894 2159 ἀτρέ-

102 2176 188 2199 πτους
207 2169 266 2194 ἀντὶ
280 2168 405 2203 τρεπτῶν
419 2169 468 2203 τὴν
491 2170 598 2202 οὐσίαν,
624 2170 662 2201 ὡς
684 2169 752 2205 μηδὲ
781 2170 894 2204 δυνάμει

103 2213 176 2248 ἔχειν
190 2214 283 2241 λοιπὸν
297 2215 327 2241 τὸ
343 2215 476 2250 σφαλερὸν
501 2215 534 2242 δι’
547 2213 577 2242 οὗ
594 2215 625 2242 τὸ
647 2216 795 2251 τιμωρίαις
808 2216 893 2243 ὑπεύ·
911 2209 932 2235 Ῑ)

105 2261 201 2287 ουνον”
223 2259 279 2296 ἆρά
305 2269 336 2294 γε
366 2261 510 2296 διαφόρους
528 2263 602 2288 ποιεῖ
626 2263 686 2288 κατ’
709 2262 803 2289 οὐσίαν
828 2263 892 2294 τοὺς

106 2307 236 2342 μετόχους
261 2309 361 2343 αὐτῆς,
388 2309 464 2344 παρὰ
496 2309 558 2341 τοὺς
590 2310 721 2345 μετόχους
746 2310 796 2344 τῆς
827 2309 893 2336 Ἰου-

103 2352 200 2388 δαϊκῆς
231 2353 388 2386 υἱοθεσίας,
421 2354 482 2389 ἥτις
515 2354 629 2390 θνητοὺς
657 2354 697 2381 ἐτι
734 2355 781 2381 καὶ
813 2364 894 2381 πται-

105 2399 186 2429 οτοῦς
212 2400 259 2425 καὶ
290 2399 401 2431 δούλους
428 2401 475 2427 καὶ
502 2401 650 2435 ὲμφόσους,
681 2401 727 2427 καὶ
757 2409 895 2436 τιμωρου-

107 2445 216 2480 μένους,
241 2445 290 2471 καὶ
315 2446 344 2471 ἐν
375 2444 492 2480 πληγαῖς
517 2446 637 2473 δείκνυσι
668 2447 730 2478 τοὺς
760 2447 820 2473 κατ’
844 2447 894 2473 αὺ-

105 2491 169 2522 τοὺς
183 2490 417 2526 υἱοθετουμένους,
434 2491 450 2526 ἧ
467 2491 545 2526 noxi;
562 2493 585 2518 εὶ
599 2492 628 2519 δὲ
653 2493 762 2524 πάντως
783 2493 814 2519 τὸ
827 2493 895 2520 ἀθά-

105 2545 185 2563 νατον
200 2534 269 2568 ζῶον
284 2537 331 2563 καὶ
348 2536 492 2572 ἄτρεπτον,
508 2538 554 2564 καὶ
569 2538 604 2565 τὰ
628 2538 710 2565 λοιπὰ
725 2538 894 2574 ὲτεροούσιον

105 2583 152 2608 τοῦ
164 2583 263 2618 θνητοῦ
277 2584 324 2610 καὶ
337 2583 455 2619 τρεπτοῦ
473 2584 520 2610 καὶ
530 2585 564 2610 τὰ
578 2585 659 2620 ὅμοια
675 2585 894 2621 ὲπιδεδειγμένου

106 2629 176 2661 ἐπὶ,
195 2629 347 2664 σκοπητέον
367 2628 460 2656 λοιπὸν
478 2630 526 2656 καὶ
541 2631 590 2665 τὴν
613 2631 684 2657 κατὰ
708 2632 824 2667 Χριστὸν
839 2633 895 2658 υἱο-

107 2674 211 2701 θεσίαν·
226 2673 281 2710 ἆρά
289 2683 320 2709 γε
333 2675 383 2702 οὐκ
398 2676 502 2702 εἴποιτε
517 2678 564 2703 καὶ
578 2676 662 2711 αὐτὴν
672 2677 798 2703 τοσοῦτον
813 2677 897 2712 ὑπερ-

107 2719 181 2754 έχειν
195 2719 245 2753 τῆς
262 2719 323 2746 καθ’
339 2721 412 2756 ἡμᾶς
438 2721 500 2752 τοὺς
525 2720 635 2752 λοιποὺς
651 2721 812 2756 ἀνθρώπους
826 2722 897 2756 Χριη

110 2767 232 2798 ςτιανοῦς
251 2766 394 2799 υἱοθεσίας,
410 2767 461 2793 κᾶν
473 2767 534 2794 ὅσον
548 2776 579 2801 γε
595 2768 611 2801 ἡ
624 2768 747 2803 ἡμετέρα
760 2768 810 2801 τῆς
830 2768 894 2794 Ἰου-

134 2844 151 2856 ’““
170 2843 265 2869 ιζ-ἰλίιε.
280 2844 395 2876 12031.
419 2846 440 2862 ἰδ
452 2846 568 2881 Philipp,
592 2857 620 2874 ιι.
639 2847 678 2874 i0.

720 2849 739 2863 "7
754 2847 855 2882 Epltcs.
869 2848 937 2878 I332.

941 1575 1013 1602 inter
1037 1576 1107 1603 ﬁlios
1135 1576 1190 1603 diei
1217 1580 1246 1603 et
1271 1576 1357 1611 gratia
1384 1576 1453 1603 ﬁlios
1481 1576 1608 1610 adoptari
1636 1583 1733 1604 omnes

941 1621 1067 1649 homines
1086 1626 1114 1649 et
1126 1622 1235 1650 Judzeos
1248 1626 1276 1650 et
1288 1622 1465 1649 Christianos
1479 1627 1507 1649 et
1520 1622 1661 1651 Christum
1679 1623 1732 1649 sub

942 1675 1026 1702 parvo
1040 1672 1178 1702 respectu.
1193 1676 1248 1694 non
1260 1667 1370 1695 exsistit
1384 1668 1417 1694 ad
1433 1668 1494 1702 plus
1502 1673 1530 1695 ct
1546 1667 1639 1695 minus
1654 1667 1734 1695 dilTe-

942 1713 1042 1745 rentia,
1061 1718 1091 1740 ut
1108 1718 1294 1740 monstratum
1309 1717 1362 1740 est.

980 1759 1083 1786 Praeter
1094 1758 1152 1786 hate
1164 1759 1248 1794 igitur
1261 1759 1354 1786 omnia
1377 1767 1438 1786 cum
1466 1759 1522 1786 Deo
1538 1759 1656 1786 dicimus
1667 1767 1733 1786 vere

942 1811 1002 1831 csse
1015 1803 1200 1831 diﬁcrentiam
1210 1804 1283 1832 inter
1292 1804 1351 1831 illas
1363 1804 1515 1831 secundum
1527 1805 1642 1839 gratiam
1655 1804 1734 1832 datas

944 1850 1062 1876 ﬁliorum
1077 1849 1258 1884 adoptiones:
1273 1850 1340 1885 quid
1364 1849 1449 1884 igitur
1471 1849 1586 1877 dicitis?
1600 1849 1733 1876 Filiorum

943 1895 1055 1930 adoptio
1071 1895 1143 1930 apud
1159 1904 1210 1923 nos
1225 1896 1409 1928 Christianos,
1428 1895 1585 1931 spirituales
1599 1904 1614 1923 a
1630 1896 1734 1923 carnali

943 1945 1041 1968 natura
1054 1941 1176 1968 eﬁiciens
1192 1941 1220 1968 in
1240 1940 1346 1974 futuro,
1359 1945 1387 1968 et
1408 1941 1578 1968 immortales
1593 1949 1643 1976 pro
1659 1949 1734 1968 mor-

944 1987 1046 2014 talibus
1060 1987 1222 2020 ostendens,
1240 1991 1268 2014 et
1284 1990 1382 2013 natura
1403 1987 1506 2014 liberos
1529 1994 1579 2021 pro
1594 1987 1690 2017 servis,
1707 1991 1735 2014 et

944 2032 1004 2060 sine
1014 2033 1113 2060 timore
1121 2040 1171 2068 per
1181 2037 1264 2060 totam
1273 2035 1358 2060 vitam
1369 2033 1546 2060 tribulatione
1555 2037 1583 2060 et
1591 2033 1735 2060 doloribus

945 2087 1055 2114 semper
1070 2079 1237 2112 laborantes,
1250 2084 1278 2107 et
1296 2080 1323 2106 in
1339 2079 1543 2114 tranquillitate
1557 2079 1603 2114 qui
1617 2084 1694 2106 erant
1707 2080 1734 2107 in

945 2126 1090 2160 angustiis,
1115 2130 1143 2153 et
1168 2126 1330 2153 innocentes
1347 2134 1397 2160 pro
1415 2126 1619 2160 peccatoribus,
1634 2130 1662 2153 ct
1685 2125 1736 2152 im—

946 2171 1093 2198 mutabilcs
1114 2179 1165 2206 pro
1178 2171 1359 2198 mutabilibus
1371 2171 1523 2198 secundum
1539 2171 1734 2203 substantiam,

947 2217 986 2244 ita
1003 2222 1034 2244 ut
1047 2217 1180 2252 deinceps
1193 2225 1248 2244 non
1263 2217 1351 2252 possit
1372 2225 1520 2244 occurrere
1536 2217 1602 2251 quid
1625 2216 1736 2251 pericu-

945 2263 1036 2290 losum
1048 2267 1196 2298 propterea
1207 2263 1280 2297 quod
1290 2262 1434 2297 suppliciis
1445 2262 1512 2289 nihil
1524 2262 1558 2289 sit
1569 2261 1717 2288 obnoxium
1727 2270 1735 2288 :

946 2316 1016 2335 anne
1034 2308 1196 2336 diﬁ‘ercntes
1213 2308 1278 2336 facit
1293 2308 1446 2336 secundum
1463 2307 1647 2335 substantiam
1671 2315 1737 2342 par—

948 2354 1046 2388 ticipes
1071 2352 1161 2389 ipsius
1172 2362 1186 2381 ο
1199 2354 1383 2390 participibus
1399 2353 1519 2382 Iudaicae
1537 2353 1655 2380 ﬁliorum
1671 2353 1737 2380 ado-

947 2399 1061 2433 ptionis,
1078 2407 1138 2434 quae
1151 2400 1281 2427 mortales
1298 2399 1389 2426 adhuc
1404 2403 1432 2426 et
1447 2400 1578 2434 deceptos
1602 2403 1629 2425 et
1642 2406 1737 2425 servos

947 2450 974 2472 et
990 2446 1161 2477 tcrrefaetos,
1175 2449 1204 2472 et
1218 2445 1345 2477 afﬂictos,
1357 2449 1385 2472 et
1397 2446 1423 2472 in
1435 2446 1521 2480 plagis
1530 2444 1652 2471 ostendit
1664 2444 1737 2479 apud

948 2491 1024 2526 ipsos
1047 2491 1074 2518 in
1100 2491 1276 2526 adoptionem
1309 2495 1446 2526 receptos,
1474 2499 1508 2518 an
1537 2490 1737 2518 non?Si\'cro

947 2537 1061 2564 omnino
1074 2537 1229 2565 immortale
1244 2537 1341 2564 vivens
1354 2542 1382 2564 et
1394 2537 1564 2564 immutabile
1576 2540 1603 2564 et
1619 2536 1736 2571 reliqua,

947 2583 1061 2611 alterius
1075 2588 1118 2611 est
1131 2584 1293 2610 substantia:
1303 2591 1335 2610 ac
1346 2583 1419 2618 quod
1434 2583 1551 2610 mortale
1564 2587 1589 2610 et
1607 2583 1692 2609 muta!
1704 2582 1739 2609 ile

947 2632 975 2655 et
990 2629 1102 2661 similia,
1122 2629 1281 2660 exhibetur,
1303 2629 1504 2656 consideranda
1536 2633 1578 2656 est
1608 2629 1739 2662 deinceps

949 2675 1021 2708 apud
1038 2674 1179 2703 Christum
1207 2676 1326 2703 ﬁliormn
1351 2675 1479 2710 adoptio:
1498 2676 1595 2703 Nonne
1609 2673 1739 2701 diceretis

949 2724 978 2748 et
993 2721 1079 2756 ipsam
1097 2725 1202 2748 tantum
1220 2722 1355 2749 excellere
1370 2721 1489 2749 ﬁliorum
1505 2720 1652 2755 adoptione
1665 2719 1739 2754 apud

950 2776 1001 2795 nos
1016 2773 1130 2806 caeteros
1151 2768 1279 2796 homines
1304 2768 1480 2801 christianos,
1496 2772 1629 2803 quantum
1644 2769 1742 2795 nostra

1038 2847 1164 2874 “iTim.
1183 2856 1210 2880 ιι,
1229 2848 1252 2875 ii.

1660 143 1728 175 1630
1756 141 1777 160 ⁹
