1960 3093
242 192 308 211 111110
332 192 339 210 2

241 230 398 258 mistionem
423 229 505 260 facit.
521 233 552 255 ut
570 236 659 262 posca:
679 227 745 254 unio
761 237 766 253 :
783 232 812 254 et
832 228 904 254 sicut
922 227 948 254 in
964 235 1029 255 eon~

240 280 354 303 ventum
374 275 493 310 aliquem
514 274 601 305 unio,
623 277 791 300 conventum
814 273 895 304 facit,
911 277 940 300 ut
953 274 1030 301 chori

241 323 308 349 unio
325 332 330 348 :
350 326 378 349 et
395 322 466 349 sicut
478 321 505 348 in
521 320 747 347 assimilationem
766 319 842 350 unio.
855 319 1032 346 assimilatio-

242 375 304 394 nem
330 368 412 398 facit,
431 371 460 394 ut
481 367 580 393 domus
605 365 672 392 unio
689 374 695 391 :
714 370 741 392 et
765 365 836 392 sicut
856 365 884 392 in
903 370 1031 393 naturam

241 414 362 448 aliquam
379 413 446 440 unio
468 417 594 439 naturam
612 411 697 443 facit,
715 415 746 438 ut
769 412 895 446 corporis
916 412 983 439 unio
997 420 1031 439 ex

243 459 328 485 variis
346 458 511 489 elementis;
538 457 575 484 ita
595 457 662 484 unio
686 457 713 483 in
738 464 885 491 personam
911 457 1032 484 novissi-

244 511 315 530 mam
330 507 376 530 aut
394 502 544 529 novissime
567 501 696 529 ostendet
721 502 840 536 aliquam
861 509 1007 535 personam
1023 510 1030 528 :

244 557 297 575 non
323 552 397 575 certe
422 548 483 574 loco
500 547 540 574 sui
564 546 651 581 ipsius
675 545 820 572 ostendere
846 546 967 580 aliquam
991 546 1032 572 al-

245 599 332 621 teram
345 601 491 629 personam
503 613 509 625 ,
531 596 562 619 ut
578 591 683 623 dicitis,
701 591 767 618 illud
783 594 826 618 est
843 591 910 618 unio
926 591 952 617 in
969 598 1033 625 per-

245 648 350 671 sonam,
365 644 411 666 aut
421 638 608 666 manifestatio
618 637 732 664 alterius
741 644 866 671 persona:
875 636 1031 671 incognite,

244 689 291 716 scd
320 695 338 716 e
363 687 504 715 contrario
528 686 679 714 occultatio
701 692 827 720 personae
855 685 881 711 in
907 684 1033 718 antiper-

245 742 359 766 sonam,
385 734 474 761 solum
499 739 590 760 autem
616 731 737 758 nominis
761 730 938 757 deelaratio:
966 728 1033 756 illud

242 782 325 808 etiam
339 780 398 807 sine
414 787 530 815 persona
546 782 653 813 poterat
669 775 828 805 annuntiari
848 783 864 802 a
883 775 1031 810 propheta:

243 835 297 861 qua
314 826 420 853 ratione
435 823 660 852 connectuntur?
676 823 729 850 Ant
743 829 797 856 qua
816 821 924 848 ratione
944 820 1033 855 parti-

244 872 357 907 cipant?
370 871 423 898 Aut
442 878 495 905 qua
508 870 615 897 ratione
632 868 767 895 uniuntur
788 871 885 894 mutuo
903 870 933 893 ut
953 866 988 893 sit
1001 865 1033 892 de

244 918 305 944 aliis
320 917 402 943 rebus
416 916 427 942 ?
447 916 475 943 Si
490 915 600 950 quidem
616 913 690 941 enim
715 912 916 943 similitudine,
932 911 1034 938 iterum

243 964 316 991 Deus
329 970 409 993 caro,
433 969 498 989 caro
514 961 636 988 Verbum
660 959 714 986 erit
729 967 738 985 ξ
761 957 841 992 quale
856 961 948 983 autem
965 963 1035 990 opus

246 1015 306 1038 erat
328 1009 510 1038 similitudine
528 1016 590 1036 cum
608 1015 664 1034 non
689 1006 718 1033 in
737 1004 852 1032 veritate
875 1002 1035 1038 principalis

244 1064 374 1092 persona,
390 1055 438 1082 scd
462 1054 562 1082 similis
572 1052 796 1080 manifestaretur
812 1049 851 1075 illi
869 1055 930 1082 quae
942 1047 1035 1073 occul-

246 1102 296 1130 tari
314 1102 424 1129 nolebat
438 1100 574 1135 amplius?
591 1099 619 1126 Si
636 1106 702 1125 vero
719 1100 761 1124 est
778 1093 988 1125 dissimilitudo,
1007 1093 1033 1119 in

246 1156 300 1183 quo
319 1150 427 1174 constat
452 1146 518 1173 unio
539 1142 743 1180 personarum?
772 1140 916 1174 Quomodo
943 1143 1034 1167 autem

248 1203 304 1222 non
330 1201 453 1221 errorem
482 1192 570 1219 solum
602 1190 715 1217 inducet
747 1187 924 1222 investigatio
940 1207 947 1218 ,
973 1193 1035 1213 cum

247 1239 352 1274 aliquid
366 1238 441 1266 aliud
459 1237 622 1265 ostendetur
636 1239 667 1262 ut
681 1233 768 1265 aliud,
782 1236 810 1259 et
828 1240 882 1259 non
899 1236 929 1258 ut
945 1231 1035 1266 ipsum

247 1286 307 1313 est?
319 1286 429 1319 Utique,
445 1283 545 1318 inquit,
559 1282 654 1309 divino
668 1279 781 1307 nomine
791 1278 926 1306 uniuntur
936 1277 1034 1304 ambo:

247 1333 359 1367 dignum
372 1331 444 1358 enim
458 1330 582 1357 habitum
596 1333 638 1355 est
651 1327 738 1354 divini
754 1325 878 1354 nominis
893 1323 968 1358 quod
980 1331 1036 1350 non

247 1379 306 1403 erat
322 1380 421 1402 natura
445 1374 580 1400 divinant.
612 1372 708 1399 Nonne
731 1371 816 1406 igitur
838 1369 984 1396 manifeste
1009 1367 1035 1394 in

247 1428 346 1447 vanam
373 1418 625 1446 denominalionetn
641 1416 721 1443 vobis
745 1422 850 1450 magna:
874 1413 976 1441 Christi
992 1412 1036 1439 di-

247 1468 366 1502 gnitates
392 1474 426 1493 ex
452 1465 583 1492 diuturna
617 1462 797 1490 distinctione
831 1459 1037 1487 occurrerunt?

859 127 1015 157 LEONTII
1035 128 1236 159 BYZANTINI

367 184 437 211 sicut
457 183 530 211 enim
552 182 579 209 in
597 182 818 210 eommistioncm
836 183 903 210 unio
917 202 924 213 ,
951 190 1028 210 com-

1092 192 1188 215 .νωσις·
1209 184 1304 219 ὥσπερ
1321 186 1375 221 γὰρ
1399 187 1415 221 ή
1443 187 1481 219 εἷς
1509 187 1609 223 φύρσιν
1633 188 1748 221 ἓνωσις,
1775 191 1882 226 φύρσω

1810 135 1882 168 1636

1083 231 1166 260 ποιεῖ,
1184 228 1239 256 οῖον
1268 231 1284 265 ἡ
1304 231 1350 258 τοῦ
1367 232 1520 267 ὀξυκράτου
1533 242 1539 249 ·
1557 235 1604 260 καὶ
1620 234 1714 271 ὥσπερ
1732 238 1748 271 ἡ
1766 237 1808 268 εἰς
1830 238 1881 264 οὐ·

1084 274 1178 301 στασὶν
1194 283 1255 302 τινα
1280 276 1387 308 ἓνωσις,
1404 277 1534 304 σύστασιν
1555 280 1638 310 ποιεῖ,
1655 277 1711 307 οἷον
1727 281 1744 315 ἠ
1767 281 1817 308 τοῦ
1835 291 1881 316 χο-

1084 319 1141 354 ροῦ·
1159 321 1206 346 καὶ
1225 321 1319 357 ὥσπερ
1337 322 1354 357 ἡ
1368 323 1408 353 εἰς
1424 323 1577 359 παράθεσιν
1591 324 1700 358 ἓνωσις,
1721 327 1880 361 παράθεσιν

1083 366 1164 398 ποιεῖ,
1180 362 1236 392 οἷον
1258 367 1275 401 ἡ
1291 366 1336 393 τοῦ
1356 366 1443 394 οἴκου·
1461 369 1507 396 καὶ
1523 369 1619 405 ὥσπερ
1630 370 1700 405 We
1717 371 1800 405 φύσιν
1814 373 1879 398 τινὰ

1083 409 1190 442 ἓνωσις,
1214 412 1294 446 φύσιν
1316 415 1397 447 ποιεῖ,
1415 411 1473 441 οἷον
1496 415 1512 450 ἡ
1533 415 1580 442 τοῦ
1597 416 1803 451 σώματωπὺ
1822 418 1879 444 τῶν

1084 457 1243 492 στοιχείων*
1259 458 1331 486 οὕτω
1347 460 1394 486 καὶ
1409 461 1425 495 ἡ
1441 461 1480 492 εἰς
1497 461 1644 495 πρόσωπον
1668 462 1766 494 ἓνωσις
1783 463 1879 489 καινό-

1083 503 1162 538 τερόν
1179 503 1236 539 τιῆ
1258 506 1422 541 καινοτέρως
1443 505 1525 538 δείξει
1548 515 1574 532 τι
1590 507 1746 541 πρόσωπον·
1771 508 1804 534 οὐ
1823 509 1879 543 μὴν

1083 549 1149 583 τόγε
1164 549 1225 576 ἀντὶ
1248 549 1345 576 ἑαυτοῦ
1361 551 1497 578 δεικνύναι
1514 552 1575 579 τινὰ
1598 552 1692 588 ἕτερον
1714 553 1878 588 πρόσωπον,

1084 594 1121 626 ὥς
1133 604 1211 628 φατε,
1228 596 1308 623 τοῦτο
1331 597 1347 631 ἡ
1374 597 1471 628 ἓνωσίς
1496 598 1555 623 ἐστι
1582 598 1598 632 ὴ
1618 598 1660 629 εἰς
1682 598 1845 633 πρόσωπον,
1863 599 1878 633 ή

1085 640 1238 675 φανέρωσις
1253 642 1301 668 τοῦ
1325 642 1422 677 ἑτέρου
1437 642 1585 676 προσώπου
1609 642 1657 669 τοῦ
1681 643 1878 678 ἀγνοουμένου,

1084 686 1152 713 ἀλλὰ
1167 688 1322 715 τούναντίον
1334 688 1490 723 ἀπόκρυψις
1509 689 1658 725 προσώπου
1672 690 1713 722 εἰς
1726 690 1879 725 ἀντιπρόσ-

1084 741 1168 764 ωπον,
1182 733 1263 767 μόνον
1277 734 1304 760 δὲ
1318 734 1450 769 ὀνόματος
1465 734 1605 769 ἕκφανσις·
1619 735 1634 762 ὃ
1648 736 1695 762 καὶ
1710 736 1774 763 ἄνευ
1790 744 1879 771 προσ-

1084 777 1160 805 ώπου
1177 778 1287 805 δυνατὸν
1312 777 1347 814 ἦν
1365 779 1549 814 κηρύττεσθαι
1577 780 1611 806 δι’
1629 781 1769 815 ὑποφήτου
1787 789 1795 797 ·
1823 781 1877 808 τινι

1085 825 1139 860 γὰρ
1155 825 1314 859 συνέχεται;
1331 826 1348 861 ἢ
1363 826 1417 852 τίνι
1440 828 1582 859 κοινωνεῖς
1607 827 1622 862 ἢ
1650 827 1703 853 τίνι
1720 827 1826 862 ἥνωται
1842 827 1879 853 τὰ

1085 870 1175 897 τοιάδε
1205 871 1322 898 ἀντάλλα
1349 871 1500 907 πράγματα
1529 872 1671 907 ἀλλήλοιςς
1695 873 1720 899 εἰ
1749 872 1800 907 μὲν
1821 872 1878 907 γὰρ

1084 916 1235 951 ὁμοιότητι,
1250 917 1332 943 πάλιν
1351 917 1418 950 Θεὸς
1435 918 1452 952 ἠ
1476 917 1555 953 σὰρξ,
1571 917 1585 953 ἢ
1605 917 1673 953 σὰρξ
1686 919 1700 945 ὁ
1714 919 1812 952 Λόγος·
1834 918 1878 949 τις

1085 961 1113 988 δὲ
1131 962 1179 988 καὶ
1199 962 1280 998 χρεία
1295 960 1329 997 ἦν
1348 962 1398 997 τῆς
1416 963 1574 998 ὁμοιότητος
1597 963 1690 998 οὖσης,
1711 964 1748 999 μὴ
1763 964 1793 989 ὲν
1808 964 1878 998 ἁλη-

1086 1008 1148 1043 θείᾳ
1167 1008 1197 1034 τὸ
1215 1009 1311 1045 κύριον
1328 1011 1487 1045 πρόσωπον,
1511 1009 1580 1036 ἀλλὰ
1599 1009 1630 1036 τὸ
1648 1010 1741 1044 ὅμοιον
1756 1010 1878 1044 ἐμφανι-

1087 1054 1184 1089 σθῆναι
1200 1054 1239 1089 τῷ
1257 1055 1295 1090 μὴ
1320 1056 1468 1090 σκαιωρεῖν
1495 1054 1652 1089 βουλομένῳ
1669 1054 1790 1090 μᾶλλον;
1810 1054 1834 1080 εἰ
1849 1053 1879 1079 δὲ

1087 1099 1204 1134 ἀνόμοιά
1223 1100 1294 1131 ἐστι,
1311 1101 1339 1126 ἐν
1352 1100 1406 1126 τίνι
1421 1100 1438 1135 ἡ
1452 1099 1549 1133 ἓνωσις
1564 1099 1617 1126 τῶν
1631 1099 1802 1134 προσώπωνς
1819 1098 1878 1129 πῶς

1086 1146 1114 1173 δὲ
1130 1146 1160 1172 οὐ
1181 1146 1314 1180 πλάνησις
1333 1146 1413 1180 μόνον
1434 1146 1606 1180 ἐπιτήδευσις
1624 1145 1712 1177 ἔσται,
1724 1144 1754 1171 τδ
1769 1143 1835 1171 ἄλλο
1852 1152 1878 1170 τι

1086 1192 1172 1226 δεῖξαι
1183 1193 1221 1224 ὡς
1231 1192 1306 1224 ἄλλο,
1323 1192 1370 1219 καὶ
1389 1192 1439 1226 οὐχ
1455 1191 1493 1223 ὡς
1507 1191 1573 1218 αὐτὸ
1595 1191 1609 1218 ὃ
1633 1191 1691 1218 ἐστι
1702 1199 1710 1223 ;
1721 1190 1786 1223 Ναὶ,
1799 1190 1877 1224 φησὶ,

1086 1237 1125 1272 τῷ
1139 1237 1203 1272 θείῳ
1227 1237 1338 1272 ὀνόματι
1357 1237 1460 1272 ἥνωται
1475 1237 1568 1271 ἄμφω·
1587 1235 1690 1271 ἠξιώθη
1711 1236 1767 1270 γὰρ
1784 1235 1831 1262 καὶ
1848 1235 1878 1261 τὸ

1089 1282 1126 1317 μὴ
1144 1281 1223 1315 φύσει
1239 1282 1310 1308 οεῑον
1338 1282 1386 1308 τοῦ
1402 1281 1475 1308 θείου
1495 1281 1638 1315 ὀνόματος,
1655 1278 1691 1307 Ἀ
1699 1289 1732 1315 ρει
1747 1280 1798 1306 οὐκ
1822 1279 1878 1306 ἰδοὺ

1089 1328 1182 1362 σαφῶς
1196 1329 1236 1359 εἰς
1250 1328 1298 1363 ἰὴν
1313 1327 1442 1362 διακενῆς
1462 1327 1611 1361 ὀνομασῑαν
1626 1326 1691 1360 ὑμῖν
1713 1324 1748 1351 τὰ
1771 1325 1878 1360 μεγάλα

1087 1373 1207 1409 Χριστοῦ
1222 1373 1367 1407 ἀξιώματα
1384 1372 1416 1398 ὲκ
1434 1372 1542 1407 μακρᾶς
1566 1370 1727 1406 διαιρέσεως
1740 1371 1878 1406 κατηντή-

1088 1428 1171 1453 κασι;
1187 1419 1302 1454 μηδενὸς
1313 1420 1367 1455 γὰρ
1384 1419 1460 1450 ὄντος
1478 1417 1554 1454 αὐτῷ
1570 1418 1631 1444 καθ’
1645 1417 1660 1444 ὃ
1678 1418 1803 1443 κοινωνεί
1819 1416 1879 1451 Θεῷ

1088 1466 1182 1501 ἑτέρου
1196 1466 1370 1501 πράγματος,
1395 1465 1464 1500 πλὴν
1488 1465 1535 1491 τοῦ
1555 1464 1685 1498 ὀνόματος
1705 1463 1797 1498 μόνον,
1819 1462 1879 1493 πῶς

247 1513 315 1539 Cum
340 1511 412 1538 enim
433 1510 508 1537 nulla
524 1509 560 1536 sit
576 1509 626 1543 ipsi
641 1508 692 1535 alia
715 1515 759 1534 res
780 1505 932 1533 secundum
952 1512 1033 1539 quam

1092 1512 1148 1546 ῖὺχὶ
1163 1511 1234 1538 κατὰ
1247 1510 1295 1546 τὴν
1310 1511 1365 1537 τῶν
1380 1511 1535 1545 ὁμωνύμων
1549 1510 1657 1542 ἕνωσιν,
1670 1509 1720 1544 τὴν
1734 1508 1805 1534 κατὰ
1816 1506 1879 1534 τοῦ·

248 1557 394 1593 partieipet
414 1557 481 1586 Deo,
503 1555 555 1582 nisi
573 1561 672 1581 nomen
690 1553 796 1584 solum,
820 1550 960 1586 quomodo
980 1557 1037 1576 non

249 1602 402 1629 secundum
425 1601 655 1634 hotnonymornm
675 1597 804 1624 unionem
819 1595 933 1622 habebit
952 1594 1037 1621 Chri-

249 1654 308 1676 stus
325 1647 563 1683 partieipationem
580 1653 642 1672 cum
657 1644 714 1671 Deo
728 1651 789 1677 qum
802 1641 831 1668 tit
846 1642 923 1677 juxta
936 1648 1038 1667 nomen

250 1694 355 1725 solum,
370 1701 424 1720 non
439 1697 530 1719 autem
558 1690 711 1718 secundum
735 1696 792 1715 rem
815 1687 920 1714 nomini
945 1686 1039 1721 subja-

250 1740 381 1768 centeni?
397 1739 516 1774 llujusce
540 1745 605 1763 vere
620 1741 647 1763 et
663 1735 753 1770 angeli
768 1734 833 1761 olim
858 1738 886 1760 ct
911 1733 1040 1759 homines

251 1788 312 1822 puri
329 1795 344 1814 a
368 1787 424 1813 Deo
440 1784 514 1819 digni
532 1783 619 1810 habiti
635 1786 710 1813 sunt,
727 1784 790 1807 ante
813 1783 843 1806 ut
858 1778 962 1806 dictum
978 1781 1038 1805 est:

251 1837 279 1859 et
298 1832 436 1859 daemones
449 1834 477 1857 et
497 1829 644 1856 simulacra
660 1831 688 1854 et
707 1824 828 1852 volatilia
841 1828 869 1850 et
888 1824 997 1858 rcptilia
1014 1827 1042 1849 et

252 1878 358 1913 lapides
381 1877 455 1912 digiti
472 1872 565 1902 habiti
579 1878 643 1901 sunt
662 1873 696 1900 ab
719 1870 880 1898 horninibus
899 1869 992 1904 diique
1014 1874 1043 1896 ct

225 1937 227 1939 ι
254 1921 358 1949 domini
376 1925 403 1947 et
420 1920 467 1946 lilii
490 1919 537 1946 Dei
560 1922 588 1946 et
605 1917 720 1944 deorum
733 1915 800 1943 dicti
819 1918 884 1942 sunt
906 1923 913 1940 :
933 1914 960 1941 in
981 1914 1042 1941 istis

255 1968 338 2002 igitur
360 1967 411 1998 sita
435 1969 478 1993 est
501 1963 671 1991 beatificatio
696 1960 798 1989 Christi
822 1967 906 1994 supra
928 1959 1043 1986 omnes?

254 2014 317 2041 llaec
334 2017 376 2041 est
390 2011 562 2039 cxcelsitndo
574 2010 677 2037 donum
693 2008 790 2043 ipsius,
803 2006 870 2033 falsa
888 2006 934 2033 Dei
950 2005 1045 2040 appel-

255 2059 340 2087 latio?
358 2058 429 2085 Proh
444 2057 636 2085 confusionem
650 2053 825 2090 dogmatuml
842 2062 858 2080 ο
877 2053 968 2081 futiles
979 2060 1044 2087 pro-

257 2103 408 2138 positiones
422 2103 428 2128 l

292 2149 392 2176 Dicant
414 2148 498 2184 igitur
523 2147 613 2175 adhuc
630 2148 710 2175 nobis
727 2157 733 2174 :
760 2147 862 2183 quippe
878 2147 1043 2182 homonyma

1090 1567 1159 1593 νομα
1178 1558 1257 1593 μόνον
1274 1557 1350 1584 ἔσται
1363 1557 1432 1592 ἔχων
1449 1556 1498 1591 τὴν
1520 1555 1587 1590 πρδς
1613 1555 1679 1581 Θεὸν
1697 1553 1841 1581 κοινωνίαν
1865 1553 1880 1579 ὁ

1089 1604 1217 1639 Χριστὸς,
1310 1603 1338 1629 δὲ
1355 1602 1425 1629 κατὰ
1445 1602 1476 1629 τὸ
1499 1601 1679 1636 ὑποκείμενον
1701 1600 1740 1635 τῷ
1764 1599 1879 1634 ὀνόματι

1090 1650 1207 1685 πρᾶγμα
1218 1657 1225 1682 ;
1237 1649 1343 1684 Ταύτης
1364 1649 1387 1675 δ’
1407 1648 1454 1675 οὖν
1469 1647 1516 1674 καὶ
1530 1647 1642 1681 ἄγγελοι
1660 1645 1744 1673 πάλαι
1766 1645 1814 1672 καὶ
1832 1645 1879 1671 ἄν·

1091 1694 1195 1729 θρωποι
1215 1694 1282 1720 ὅσιοι
1306 1693 1358 1719 ὑπὸ
1381 1692 1450 1719 Θεοῦ
1465 1691 1604 1727 ἠξίωνται,
1629 1690 1811 1726 προείρηται·
1833 1688 1880 1714 καὶ

1090 1740 1216 1774 δαίμονες
1235 1739 1264 1764 δὲ
1280 1738 1327 1764 καὶ
1345 1737 1426 1770 ξόανα
1441 1737 1489 1763 καὶ
1514 1736 1626 1763 πετεινὰ
1642 1736 1690 1762 καὶ
1714 1733 1818 1769 ἑρπετὰ
1833 1733 1881 1759 καὶ

1091 1784 1161 1811 λίθοι
1176 1783 1332 1819 ἠξιώθησαν
1354 1783 1405 1809 ὑπὸ
1429 1782 1485 1809 τῶν
1511 1781 1675 1816 ἀνθρώπων,
1698 1779 1754 1806 Θεοί
1777 1787 1809 1804 τε
1833 1778 1882 1805 καὶ

1092 1830 1183 1866 κύριοι
1199 1831 1246 1857 καὶ
1257 1830 1311 1857 υἱοὶ
1324 1830 1392 1856 Θεοῦ
1404 1829 1451 1855 καὶ
1465 1828 1534 1855 Θεῶν
1554 1827 1707 1862 λεχθέντες,
1718 1826 1763 1852 Ἐν
1779 1824 1882 1856 τούτοις

1092 1877 1138 1904 οὖν
1151 1877 1165 1904 ὁ
1185 1875 1357 1912 μακαρισμὸς
1371 1874 1489 1910 Χριστοῦ
1504 1873 1580 1908 παρὰ
1591 1872 1713 1904 ﬁnitimae;
1729 1870 1808 1897 τοῦτο
1826 1870 1882 1895 ἐστι

1093 1923 1123 1950 τὸ
1145 1922 1319 1958 ὑπερύψωμα
1332 1921 1417 1956 δῶρον
1435 1919 1530 1949 αὑτοῦ,
1545 1919 1561 1953 ἡ
1578 1917 1756 1953 ψευδώνυμος
1771 1914 1884 1949 θεοκλη-

1095 1967 1155 1999 σια;
1170 1966 1193 1993 ὢ
1216 1967 1266 2002 τῆς
1287 1965 1419 2000 αἰσχύνης
1441 1964 1496 1991 τῶν
1516 1963 1659 1998 δογμάτων
1675 1962 1681 1988 i
1695 1960 1719 1987 ὣ
1737 1960 1785 1987 τοῦ
1800 1959 1882 1994 λήρου

1094 2013 1149 2040 τῶν
1165 2012 1365 2047 προϐλημάτων
1378 2011 1384 2037 ι

1134 2146 1295 2180 Λεγέτωσαν
1322 2144 1368 2171 οὖν
1397 2143 1463 2179 ἡμῖν
1491 2142 1541 2168 ἔτι·
1565 2141 1626 2168 ἐπεὶ
1652 2140 1685 2167 τὰ
1707 2138 1883 2175 ὁμώνυμα,ἦ

258 2199 377 2229 antqua:
402 2198 466 2221 sunt
481 2194 604 2228 ejusdem
626 2194 787 2221 substantiae
811 2201 843 2219 ex
860 2192 972 2227 speciali
996 2199 1039 2218 no-

1097 2191 1227 2227 ὁμοούσιά
1245 2191 1318 2217 ἐστιν
1333 2190 1361 2222 ἐξ
1378 2188 1463 2216 ἱδικοῦ
1479 2188 1609 2222 ὀνόματος
1626 2184 1836 2221 ὀμωνυμοῦντα,
1851 2184 1884 2214 ὡς

259 2241 333 2267 mine
349 2240 421 2266 idem
448 2247 547 2266 nomen
571 2239 683 2270 habent,
701 2243 730 2266 ut
744 2238 830 2265 Judas
852 2237 996 2264 lscarioles
1017 2241 1045 2263 et
1063 2263 1067 2266 ,

259 2286 344 2314 Judas
366 2286 450 2312 frater
473 2285 581 2312 Domini
603 2293 609 2311 :
629 2284 670 2311 vel
691 2287 755 2310 sunt
781 2283 905 2318 quaedam
927 2282 1044 2310 diversa:

261 2333 421 2360 substantim
443 2339 504 2366 quae
517 2339 548 2358 ex
567 2330 707 2357 communi
720 2329 831 2356 nomine
857 2329 928 2356 idem
944 2336 1046 2355 nomen

261 2379 438 2406 habeanhut
460 2378 539 2405 stella
564 2376 648 2405 maris
671 2380 699 2403 et
722 2376 801 2403 stella
818 2375 880 2402 coeli
894 2395 900 2406 ,
916 2374 960 2401 vel
983 2378 1048 2401 sunt

261 2425 386 2460 qi’uedam
407 2423 521 2451 diversa:
534 2423 695 2450 substantim
713 2430 829 2458 quorum
845 2421 962 2448 alterum
984 2420 1047 2455 qui-

262 2471 336 2503 dem,
354 2479 387 2498 ex
411 2470 551 2498 communi
569 2469 699 2502 nomine,
714 2469 870 2496 etalterum
886 2474 918 2494 ex
935 2465 1048 2501 speciali

263 2517 336 2544 idem
359 2525 458 2544 nomen
478 2516 571 2547 habet,
590 2519 620 2542 ut
636 2515 749 2550 angelus
762 2514 809 2549 qui
826 2517 869 2541 est
884 2513 1008 2548 spiritus,
1022 2516 1050 2539 et

263 2563 397 2598 propheta
409 2562 457 2597 qui
469 2562 571 2589 dicitur
585 2560 732 2588 Malachias
743 2564 790 2586 aut
802 2560 921 2586 alterum
936 2558 1048 2593 quidem

264 2609 428 2638 substantia.
438 2608 556 2635 alterum
567 2615 633 2634 vero
642 2606 796 2634 substantia
805 2613 913 2636 carens,
925 2610 956 2631 ut
968 2604 1050 2634 λύκος

264 2653 310 2689 qui
330 2659 372 2680 est:
387 2652 486 2679 animal
510 2657 536 2679 et
561 2651 658 2678 animm
684 2650 818 2678 affectus:
841 2650 918 2685 juxta
942 2648 1050 2683 qualem

266 2701 397 2727 unionem
410 2699 506 2726 harum
519 2705 608 2724 rerum
625 2696 776 2723 secundum
788 2703 888 2722 nomen
901 2695 1051 2725 unitarunl,

266 2747 360 2774 habita
389 2745 454 2772 ttnio
476 2743 577 2771 Christi
597 2742 718 2769 nominis
744 2750 805 2769 cum
819 2741 931 2768 nomine
954 2740 1002 2767 Dci
1026 2745 1054 2766 et

269 2791 351 2819 Verbi
362 2795 389 2818 et
400 2790 461 2817 Filii
471 2789 528 2822 Dei,
543 2789 631 2824 ipsum
647 2787 805 2815 meliorem.
821 2787 1054 2814 autexcelsioretn

271 2837 363 2870 aliquo
381 2836 462 2863 modo
481 2836 564 2863 faciet:
577 2839 623 2861 aut
636 2833 739 2868 aliquid
754 2833 802 2867 ipsi
820 2833 962 2867 proderit?
981 2833 1054 2860 Nihil

1105 2238 1205 2268 Ἰούδας
1223 2238 1237 2263 ὁ
1250 2235 1428 2271 Ἰσκαριώτης
1451 2234 1500 2260 καὶ
1526 2233 1626 2262 Ἰούδας
1641 2232 1655 2258 ὁ
1674 2230 1836 2264 ἁδελφόθεος
1847 2239 1854 2244 ·
1869 2230 1883 2263 ἦ

1100 2282 1257 2319 ἐτεροούσιὰ
1273 2281 1331 2308 ἐστι
1355 2289 1414 2307 τινα
1439 2279 1492 2306 ἀπὸ
1516 2277 1605 2305 κοινοῦ
1626 2277 1759 2312 ὀνόματος
1773 2275 1884 2310 ὠμωνυ-

1102 2328 1213 2364 μοῦντα,
1226 2324 1281 2354 οἷον
1298 2327 1385 2362 ἀστὴρ
1401 2326 1414 2352 ὅ
1435 2334 1464 2351 τε
1482 2324 1625 2354 θαλάττιος
1651 2322 1698 2349 καὶ
1718 2321 1854 2356 οὐράνιος,
1870 2319 1884 2353 ἦ

1101 2373 1259 2410 ὲτεροούσιά
1275 2382 1306 2408 γε
1316 2382 1323 2389 ⁸
1336 2373 1383 2399 καὶ
1402 2371 1505 2398 τούτων
1526 2370 1640 2404 θάτερον
1655 2367 1713 2402 μὲν,
1730 2366 1784 2393 ἀπδ
1799 2364 1885 2392 χοινοῦ

1101 2420 1242 2455 ὀνόματος·
1255 2417 1302 2445 καὶ
1325 2419 1428 2453 ἕτερον,
1450 2417 1480 2449 ἐξ
1498 2414 1581 2443 ἱδικοῦ
1595 2413 1753 2447 ὁμιονυμεῖ,
1770 2409 1825 2437 οἷον
1840 2409 1885 2442 ἆγ-

1103 2467 1180 2501 γελος
1206 2465 1235 2492 τό
1259 2474 1289 2492 τε
1314 2463 1433 2498 πνεῦμα,
1448 2463 1495 2489 καὶ
1519 2463 1533 2488 ὀ
1551 2461 1694 2494 προφήτης
1717 2458 1731 2484 ὁ
1748 2457 1886 2490 λεγόμενος

1103 2511 1256 2546 Μαλαχίας·
1268 2511 1284 2546 ἢ
1299 2510 1411 2545 θάτερον
1427 2508 1476 2544 μὲν
1487 2507 1577 2540 οὐσία,
1592 2507 1706 2539 θάτερον
1719 2503 1746 2530 δὲ
1759 2501 1886 2531 dvo-Somn

1104 2558 1142 2589 ὡς
1157 2556 1238 2587 λύκος
1259 2555 1290 2581 τό
1313 2564 1342 2580 τε
1365 2554 1432 2586 ζῶον
1451 2553 1497 2580 καὶ
1530 2552 1561 2577 τὺ
1588 2550 1692 2581 πάθος·
1718 2548 1790 2574 κατὰ
1816 2546 1887 2573 ποίαν

1104 2603 1188 2629 τῶνδε
1201 2602 1254 2628 τῶν
1270 2601 1339 2628 κατὰ
1357 2600 1476 2635 τοΰνομα
1492 2598 1654 2633 ἡνωμένων,
1668 2596 1685 2630 ἡ
1702 2593 1749 2620 τοῦ
1764 2594 1888 2628 ὀνόματος

1106 2647 1225 2683 Χριστοῦ
1237 2647 1306 2681 πρὸς
1318 2647 1348 2672 τὸ
1362 2646 1447 2680 ὄνομα
1461 2644 1508 2671 τοῦ
1521 2642 1588 2669 Θεοῦ
1608 2641 1655 2667 καὶ
1670 2641 1758 2674 Λᾶγου
1773 2639 1819 2665 καὶ
1830 2636 1888 2664 Υιοῦ

1107 2693 1153 2719 τοῦ
1168 2692 1236 2718 Θεοῦ
1254 2693 1351 2723 ἓνωσις
1364 2690 1440 2721 οὗτοι,
1455 2689 1472 2724 ἦ
1490 2687 1550 2714 κατ’
1564 2685 1658 2713 οὐσίαν
1674 2683 1755 2710 αὐτόν
1766 2692 1793 2709 τι
1807 2690 1890 2717 κρειτ-

1107 2739 1201 2770 τώσει,
1220 2739 1237 2774 ἢ
1254 2737 1428 2773 ὑπερυψώσει
1447 2736 1463 2770 ἣ
1491 2735 1582 2768 ὀνήσει
1607 2740 1654 2763 tt;
1675 2729 1760 2756 Οὐδὲν
1778 2729 1832 2763 γὰρ
1844 2728 1890 2754 τῶν

1109 2785 1262 2827 ὁμωνύμων
1273 2782 1421 2810 ἀπολαύσει
1435 2781 1509 2811 τινος
1518 2779 1571 2806 τῶν
1585 2776 1632 2804 τοῦ
1644 2775 1805 2811 ὁμωνύμου·
1822 2774 1844 2800 εἰ
1860 2772 1892 2808 μὴ

1556 2823 1563 2827 .
1611 2824 1624 2827 _
1658 2821 1664 2827 .
1708 2821 1720 2827 -
1806 2820 1813 2827 .

1111 2831 1164 2866 ἄρα
1191 2818 1256 2856 αὐτὸ
1275 2829 1306 2865 δὴ
1334 2828 1412 2855 τοῦτὸ
1432 2835 1515 2861 φασι,
1541 2823 1570 2850 τὸ
1593 2824 1627 2857 τῇ
1651 2820 1832 2856 ψευδωνυμῐᾳ
1851 2818 1894 2852 τὴν
