1960 3093
112 138 177 172 1637

555 143 752 173 ADVERSUS
773 143 1088 175 NESTORIANOS.—
1106 145 1179 174 LIB.
1201 145 1258 175 Ill.

1667 145 1736 179 1638

107 197 183 223 θείαν
195 196 273 228 δόξαν
287 196 481 233 συναρπάζειν,
494 198 541 224 καὶ
552 199 737 235 ἀποφέρεσθαι
753 200 821 234 πρὸς
834 199 893 230 τοὺς

947 199 1021 226 enim
1042 199 1272 234 homonymorum
1298 199 1408 227 fruetur
1435 199 1529 234 aliquo
1551 207 1584 227 ex
1607 200 1651 227 his
1673 209 1734 236 quae

107 241 270 275 ἀγνοοῦντας
286 242 336 278 τὴν
350 242 396 269 τοῦ
416 243 496 278 φύσει
512 243 580 270 Θεοῦ
597 244 665 279 πρὸς
681 245 744 276 τοὺς
759 245 894 279 ψευδωνύ-

108 296 175 322 μους
191 288 336 323 διάκρισιν·
363 289 386 315 εί
414 289 442 316 δὲ
466 289 534 325 αὕτη
559 290 632 316 ἐστὶν
661 291 677 325 ἡ
709 290 814 325 μεγάλη
831 289 895 322 δόξα

106 334 238 369 Χριστοῦ,
252 334 356 369 ταύτης
373 335 463 370 πολλῷ
481 336 613 371 πρότερον
629 335 749 372 Χριστοῦ
771 335 894 367 διάϐολός

105 388 136 405 τε
161 380 208 406 καὶ
231 379 357 415 δαίμονες
374 380 605 416 ἐπιθυμήσαντες,
621 381 798 417 ἀπήλαυσαν·
826 381 895 408 ἀλλὰ

108 424 152 451 καὶ
168 424 226 456 ζῶα
241 426 288 456 καὶ
303 427 405 460 ἑρπετὰ
419 425 558 461 ἠξίωνται,
572 427 609 459 ὡς
622 426 740 462 εἴρηται,
753 427 833 462 τῆσδε
845 435 851 442 ⁸
861 428 894 454 ἐκ

106 470 214 495 πάντων
225 469 271 495 οὖν
285 470 418 497 δέδεικται
434 471 541 506 τρανῶς
565 471 602 503 ὡς
620 471 636 506 ἢ
656 472 715 498 οὐδὲ
734 472 818 507 τιμῆς
833 472 892 499 οὐδὲ

105 515 183 549 δόξης
203 515 263 542 οὐδὲ
279 515 360 542 ἄλλου
373 517 445 553 τινος
459 517 512 543 τῶν
527 517 636 552 ὑψηλῶν
651 518 698 543 καὶ
715 517 795 544 θείων
807 518 892 552 ὴξίω-

104 569 150 587 ται
165 561 248 592 ὄντως
274 563 321 588 καὶ
336 563 479 597 πράγματι
501 563 633 598 Χριστός·
649 563 665 598 ἢ
689 564 767 599 εἴπερ
782 564 889 597 ἀληθῶς

105 605 133 630 ἐν
157 605 262 640 μεθέξει
279 606 331 632 τῶν
345 607 425 634 θείων
439 608 497 634 ἐστὶ
509 608 708 643 προσηγοριῶν,
723 609 761 644 τῷ
773 609 887 644 πρώτως

104 650 184 677 αὐτὸν
200 651 244 677 τὸν
259 651 367 686 ἀληθῶς
385 653 431 678 καὶ
446 653 526 686 φύσει
544 653 606 680 τάδε
620 654 803 689 οίκειούμενον
821 654 892 690 ἔχειν

105 697 134 722 ὲν
158 697 247 730 ἐαυτῷ
263 697 329 723 Θεοῦ
345 697 440 731 Λόγον·
456 698 501 724 διὰ
519 699 595 725 τοῦδε
614 699 668 734 γὰρ
685 700 731 726 καὶ
751 700 841 727 πάντα
857 701 892 727 τὰ

104 742 171 767 Θεοῦ
196 742 266 768 ἰδικὰ
289 743 368 777 μόνον
395 743 442 770 καὶ
468 744 542 778 αὺτῷ
565 745 736 779 συνεπόμενα
764 746 891 781 ἐξαίρετα

104 788 224 819 πλουτεῖ,
241 789 286 815 καὶ
300 790 328 815 ἐν
339 789 428 824 ἐαυτῷ
443 791 627 818 ἐπιδείκνυται
644 791 750 823 ὁντωςό
762 793 889 827 Χριστός.

943 249 1009 272 sunt
1024 245 1181 280 homonymi
1200 255 1205 272 :
1223 245 1274 273 nisi
1290 250 1365 274 certe
1381 246 1447 273 illud
1466 246 1554 281 ipsum
1567 254 1628 274 esse
1642 247 1735 275 dicant

944 290 1065 317 divinam
1088 291 1202 325 gloriam
1231 291 1298 318 falsa
1321 292 1510 319 nominatione
1532 293 1684 327 corripereI
1706 298 1735 320 et

944 336 1057 370 gloriari
1083 344 1174 363 coram
1210 337 1262 363 illis
1295 338 1340 372 qui
1371 338 1498 372 ignorant
1521 338 1734 365 distinctionem

944 382 1027 416 hujus
1044 382 1117 416 quod
1139 386 1180 409 est
1196 386 1294 409 natura
1310 387 1338 409 et
1360 383 1443 418 hujus
1462 383 1534 418 quod
1558 387 1600 410 est
1623 384 1734 410 nomine

948 425 1045 452 ﬁctitio
1059 426 1140 452 Deus.
1156 425 1184 453 Si
1197 433 1262 453 vero
1276 428 1334 461 ipsa
1348 432 1390 454 est
1405 435 1500 462 magna
1517 428 1602 463 gloria
1618 429 1733 461 Christi.

947 471 1021 499 illam
1045 472 1131 498 multo
1147 476 1210 499 ante
1231 472 1373 500 Christum
1395 474 1522 501 diabolus
1546 478 1573 501 et
1595 475 1734 502 daemones

946 517 1136 544 desiderantes
1167 522 1351 553 perceperunt
1380 528 1385 546 :
1416 519 1464 546 sed
1498 525 1526 546 et
1551 520 1680 547 animalia
1706 524 1734 546 et

944 563 1055 598 reptiiia
1074 564 1147 591 illius
1167 564 1249 599 digna
1274 565 1368 591 habita
1395 569 1478 598 sunt,
1498 569 1528 591 ut
1549 565 1653 592 dictum
1669 569 1732 592 est:

942 617 976 636 ex
990 609 1122 636 matribus
1137 609 1220 644 igitur
1235 614 1420 637 monstratum
1436 615 1478 637 est
1490 610 1564 637 clare
1582 615 1629 637 aut
1645 617 1735 644 neque

945 653 1188 690 honorisfneque
1225 656 1330 690 gloria.
1354 664 1443 691 neque
1473 657 1590 691 alicujus
1619 656 1734 683 alterius

945 701 1045 728 horum
1066 709 1127 736 quae
1149 707 1214 729 sunt
1227 702 1336 729 excelsa
1360 707 1387 729 et
1412 702 1504 729 divina
1521 702 1633 737 dignum
1653 701 1734 728 habi—

945 751 1002 774 tum
1020 747 1106 775 fuisse
1124 755 1187 775 vere
1204 753 1232 775 et
1248 748 1361 775 realiter
1384 748 1526 775 Christum
1542 769 1549 780 ,
1568 752 1616 775 aut
1628 748 1651 775 si
1667 754 1733 774 vero

944 798 986 822 est
999 794 1025 821 in
1044 794 1254 830 participatione
1276 794 1430 821 divinarum
1445 793 1673 828 appellationum,
1698 792 1735 818 il-

101 832 148 861 lud
166 839 291 863 constare
305 844 339 862 ex
358 844 390 864 eo
405 837 477 871 quod
494 838 611 871 primum
626 838 725 865 habeat
754 839 781 865 in
797 840 946 875 semetipso
961 841 1082 868 Verbum
1105 842 1165 873 Dei,
1185 841 1244 868 haec
1276 849 1341 868 vere
1358 847 1455 868 natura
1486 841 1538 868 sibi
1563 841 1708 868 vindicans
1725 848 1733 867 :

102 881 164 908 ideo
178 882 251 909 enim
283 888 311 909 et
345 884 474 911 omnibus
494 884 542 911 Dei
568 885 736 920 specialibus
758 891 865 914 tantum
892 892 919 915 ct
950 888 1001 923 ipsi
1028 888 1236 923 pertinentibus
1262 888 1379 921 (litatur,
1402 894 1430 916 et
1453 889 1512 917 ha‘c
1535 890 1561 916 in
1586 888 1735 922 semetipso

102 928 213 955 exhibet
226 936 291 955 vere
303 928 441 956 Christus.

140 975 200 1001 Ἔτι
217 975 270 1010 μὴν
283 975 406 1007 λέγοντες
421 973 493 1003 οὗτοι
507 977 584 1010 ἀξίας
598 978 679 1005 αὑτὸν
694 979 885 1014 μετειληφέναι

973 980 1081 1007 Rursus
1108 986 1193 1014 porro
1225 979 1349 1006 dicentes
1375 979 1418 1006 isti
1453 979 1612 1014 dignitatem
1644 981 1734 1014 ipsum

64 1039 67 1041 -
103 1019 211 1047 οἱασοῦν
227 1021 369 1056 μεγίστης,
381 1022 622 1057 ἁποκρινέσθωσαν
635 1024 712 1059 ἡμῖν’
726 1025 798 1060 Αὕτη
811 1026 889 1052 ὁποία

103 1068 178 1094 ἐστὶν
189 1069 205 1102 ἡ
223 1067 300 1099 ἀξίας
315 1068 416 1102 φυσική
432 1077 485 1101 τις,
501 1069 544 1095 οἵα
558 1070 574 1104 ὴ
590 1070 637 1096 τοῦ
657 1070 803 1106 ἀνθρώπου
823 1072 890 1107 πρὶς

103 1114 137 1140 τὰ
151 1114 236 1148 κτήνη
245 1113 305 1139 κατ’
318 1114 411 1140 οὐσίαν
419 1114 551 1150 ὑπεροχὴ,
566 1116 632 1142 καθὸ
645 1116 763 1152 εἴρηται,
779 1127 787 1142 ι
798 1118 891 1145 Πάντα

104 1157 242 1190 ὑπέταξας
261 1158 390 1185 ὑποκάτω
409 1158 463 1185 τῶν
484 1160 572 1186 ποδῶν
596 1161 678 1187 αὑτοῦ
702 1162 826 1197 πρόϐατα
843 1163 891 1189 καὶ

106 1202 170 1238 βόας
189 1203 310 1236 ἁπάσας
331 1212 340 1229 ι
360 1204 604 1239 ἢσυμὸεϐηκῶσα,
620 1207 663 1233 οἶα
688 1208 704 1243 ἡ
732 1207 779 1234 τοῦ
804 1208 890 1235 Σαοὺλ

106 1251 173 1286 πρὸς
188 1250 251 1282 τοὺς
265 1251 418 1284 ὁμοφύλους
439 1252 542 1286 ὕψωσις
553 1263 559 1284 ;
572 1254 602 1281 Εἰ
617 1255 665 1289 μὲν
683 1255 736 1290 γὰρ
753 1256 891 1292 συμϐεϐη-

97 1297 193 1329 sui)“,
210 1297 324 1324 αὐτόθεν
341 1299 400 1325 οὐδὲ
420 1298 480 1325 θεία
497 1300 556 1326 οὐδὲ
577 1299 716 1335 ἀξιόλογος
732 1309 739 1317 ·
754 1303 779 1328 εί
791 1302 820 1328 δὲ
840 1311 890 1336 φυ-

106 1343 183 1377 σικὴ,
199 1343 277 1377 δῆλον
294 1343 331 1374 ὡς
347 1344 396 1370 οὑκ
411 1344 468 1370 ἔστι
484 1345 568 1380 αὐτῆς
584 1346 707 1381 μετέχειν
723 1347 831 1382 ἀληθῶς
843 1349 890 1374 καὶ

105 1388 135 1414 οὺ
151 1389 351 1424 ψευδωνύμως,
373 1391 419 1416 τὸν
441 1391 477 1425 μὴ
503 1391 634 1427 πρότερον
660 1393 708 1427 τῆς
731 1394 790 1419 κατ’
807 1393 891 1428 αὑτὴν

105 1433 214 1468 φύσεως
238 1435 353 1469 τυχόντα
375 1444 381 1450 ·
403 1437 481 1471 εἴπερ
500 1434 546 1463 οὖν
576 1437 694 1472 φυσικῆς
721 1438 798 1471 ἀξίας
823 1438 889 1465 Θεοῦ

105 1480 223 1515 Χριστὸς
241 1481 395 1516 μετείληφε,
416 1482 462 1507 καὶ
478 1482 507 1508 τὸ
521 1483 593 1515 Θεες
609 1482 717 1517 φύσεως
739 1484 823 1519 ὖνομα
844 1493 904 1519 κυ-,

108 1526 174 1561 ρίως
189 1527 258 1559 ἐστὶ,
273 1527 351 1562 δῆλον
363 1527 400 1559 ὡς
411 1528 459 1562 τὴν
472 1527 553 1562 φύσιν
569 1528 654 1564 αὐτὴν
670 1529 719 1564 τὴν
735 1529 809 1556 θείαν
824 1539 891 1565 κτη-

108 1575 224 1608 σάμενος
238 1574 345 1609 πρῶτον
356 1594 362 1605 ,
385 1573 418 1610 ἧς
432 1575 483 1601 ἰδία
497 1575 570 1601 ἐστὶν
587 1576 602 1611 ή
620 1575 682 1608 ἀξία
698 1577 745 1602 καὶ
761 1577 776 1610 ἡ
792 1577 891 1610 ὀνομα-

108 1619 163 1650 σία,
179 1619 226 1646 καὶ
240 1619 325 1646 ταῦτα
340 1620 565 1655 συνεκληρώσατο
577 1629 583 1636 ·
601 1621 699 1648 οὐκοῦν
713 1621 799 1656 ὀρθῶς
815 1622 891 1653 δοξὰ-

109 1665 192 1700 ζομεν
209 1665 333 1692 σύνθεσιν
355 1667 403 1700 τῆς
417 1666 492 1698 θείας
506 1667 553 1693 καὶ
573 1667 745 1702 ἀνθρωπίνης
767 1668 890 1701 φύτεως·

107 1711 124 1746 ἢ
142 1712 165 1737 ει
182 1712 217 1746 μὴ
234 1711 294 1737 τόδε
306 1712 392 1741 οὕτως
406 1712 473 1746 ἔχει,
489 1713 569 1744 αὐτὸς
587 1714 703 1747 τραπεὶς
725 1714 765 1744 εἰς
789 1713 892 1739 τοιάνδε

108 1758 184 1784 θείαν
200 1758 279 1792 φύσιν
294 1759 307 1784 ὁ
320 1757 472 1792 ἄνθρωπος,
492 1758 607 1792 ᾕξίωται
622 1759 670 1793 τῆς
687 1759 804 1792 φυτικῆς
818 1759 894 1790 θείας

109 1803 156 1828 καὶ
172 1803 320 1835 ὀνομασίας
335 1811 341 1817 ·
358 1803 404 1827 καὶ
426 1802 502 1828 ἔσται
530 1801 627 1833 οὕτως,
652 1803 712 1829 οὐδὲ
740 1802 894 1836 σωζόμενος

109 1848 190 1879 αὐτὸς
207 1847 247 1874 ἔτι
258 1849 272 1874 ὁ
287 1847 414 1879 ἀξιωθεὶς
433 1847 481 1881 τῆς
499 1847 578 1879 ἀξίας
590 1867 597 1877 .
613 1847 672 1873 οὐδὲ
689 1847 777 1882 μένων
791 1849 804 1873 ὁ
818 1847 895 1879 δεξά-

112 1902 193 1928 μενος
208 1892 256 1927 τὴν
272 1892 363 1927 χάριν,
377 1892 437 1918 οὐδὲ
453 1892 500 1919 δύο
513 1893 609 1927 φύσεις
623 1893 690 1924 ὅλως
704 1893 893 1927 ὑποκείμεναι,

109 1939 169 1965 οὐδὲ
188 1938 340 1974 σωζόμενον
352 1939 442 1969 αὺτοῖς
460 1938 526 1970 ὅλως
541 1939 571 1965 τὸ
597 1938 765 1973 ἀνθρώπινον
784 1940 812 1964 ὲν
827 1940 895 1973 Χρι-

113 1985 177 2020 στῷ,
205 1986 295 2011 καίτοι
311 1985 478 2018 τούναντίον,
499 1985 529 2011 τὸ
546 1985 617 2012 θεῖον
634 1985 682 2011 ἀπ’
693 1985 774 2011 αὑτοῦ
796 1985 896 2020 μᾶλλον

112 2035 247 2071 περιελεῖν
260 2036 437 2070 μαχομένοις.

151 2169 252 2200 Ἡδέως
265 2168 286 2195 δ’
304 2168 336 2195 ἂν
354 2167 442 2194 αὐτῶν
455 2167 495 2193 ἔτι
506 2166 552 2193 καὶ
563 2166 623 2193 τόδε
635 2165 783 2200 πυθοίμην,
803 2166 833 2191 El
850 2165 895 2192 τὸν

112 2215 199 2249 Λόγον
212 2213 330 2249 Χριστὺν
346 2212 509 2247 ὀνομάζουσί
523 2221 580 2244 πως
595 2220 601 2244 ;
615 2211 631 2247 ἢ
648 2212 694 2238 καὶ
710 2212 754 2237 τὸν
768 2211 896 2246 Χριστὸν,

112 2261 136 2287 εἰ
148 2260 216 2295 πρὸς
229 2259 268 2294 τῷ
283 2259 339 2293 Υίῷ
350 2259 397 2284 καὶ
405 2257 473 2292 Θεῷ,
487 2258 554 2291 φασὶ
576 2257 621 2284 καὶ
635 2257 732 2290 Λόγον,
752 2256 768 2292 ἢ
782 2257 856 2290 οὑχί;
873 2256 897 2282 εί
926 2282 929 2284 .

114 2307 163 2341 μὲν
173 2303 219 2332 οῦν
233 2305 293 2340 οὐχὶ
305 2325 312 2336 ,
330 2304 384 2330 ἰδοὺ
398 2303 487 2330 πάντα
501 2303 536 2329 τὰ
552 2303 663 2329 δοθέντα
680 2303 725 2329 ὑπ’
748 2302 838 2328 αὐτῶν
855 2303 894 2333 εἰς
911 2322 932 2349 D

111 2350 196 2385 τιμὴν
210 2349 328 2385 Χριστοῦ
344 2348 508 2384 ἀνέτρεψαν,
521 2349 566 2375 καὶ
579 2348 640 2374 οὐδὲ
652 2347 701 2382 τὴν
713 2348 784 2374 κατὰ
796 2348 826 2373 τὸ
839 2347 896 2373 ὅνο-

115 2404 153 2431 μα
168 2393 250 2428 ψιλὴν
264 2393 408 2420 κοινωνίαν
420 2393 583 2427 παρέχουσιν
599 2393 634 2427 ἢν
661 2391 872 2427 προσποιοῦνται
888 2399 895 2407 ·

113 2441 136 2467 εἰ
152 2440 206 2475 γὰρ
221 2439 257 2475 μὴ
276 2439 365 2473 λόγος,
379 2438 438 2465 οὐδὲ
458 2437 526 2464 Θεοῦ
547 2438 611 2469 Υἱὸς
629 2438 742 2472 φυσικὸς
755 2457 762 2468 ,
779 2437 837 2463 οὐδὲ
860 2436 898 2472 τῷ

114 2486 242 2521 ονόματι·
258 2485 282 2511 εἰ
293 2485 321 2511 δὲ
336 2484 422 2510 ταῦτα
443 2483 652 2518 διαὸλεψάμενοι
669 2483 830 2517 ὀνομάζουσι
852 2484 900 2509 καὶ

115 2531 199 2566 Ᾱόγον
212 2530 257 2557 τδν
269 2529 397 2565 Χριστὸν,
410 2530 457 2556 καὶ
469 2529 514 2556 τὸν
529 2529 614 2563 Λόγον
625 2529 754 2564 Χριστδνξ
765 2530 805 2560 εἰς
814 2537 898 2564 προσ-

115 2579 190 2604 ωπου
214 2575 376 2608 ἁντένδειξιν
390 2575 443 2610 ἄρα
456 2576 502 2602 καὶ
526 2575 742 2610 ἀντωνομασίαν,
760 2575 808 2609 τῆς
836 2575 901 2610 κλή-

117 2631 185 2653 σεως
198 2622 247 2657 τῆς
266 2621 366 2656 σαρκὸς
381 2621 429 2647 καὶ
451 2621 496 2647 τὸν
521 2621 606 2654 Λόγον
629 2621 710 2647 αὐτὸν
738 2620 900 2655 μεταλαϐεῖν

117 2677 199 2703 φασιν
210 2674 217 2682 ·
235 2668 264 2694 ὲν
275 2668 329 2703 ὅσῳ
344 2665 390 2694 οὖν
410 2667 441 2693 τὺ
463 2667 529 2693 αὑτό
545 2667 611 2693 ἴδιον
627 2666 772 2701 πρόςωπον
792 2666 900 2701 ἐπέχειν

116 2721 165 2748 την
183 2714 272 2748 σάρκα
285 2713 410 2748 βούλεται
425 2714 472 2740 καὶ
486 2713 565 2739 τοῦτο
581 2713 744 2747 ἐμφανίσαι,
758 2713 902 2748 εὑρεθήσε-

118 2769 160 2787 ται
177 2761 256 2792 αὐτος
270 2761 300 2787 τὸ
313 2761 421 2796 ἐκείνης
443 2761 568 2796 ἐπέχων·
588 2760 665 2787 τοῦτο
688 2760 715 2786 δὲ
740 2759 901 2787 ἀντικαταλ-

160 2847 182 2862 ⁵¹
197 2846 267 2874 Ρειιι.
282 2855 338 2880 \‘lll,
355 2847 378 2874 8.

940 1032 1021 1059 quam
1038 1025 1182 1051 maximam
1206 1024 1387 1059 participasse
1403 1045 1409 1056 ,
1431 1024 1614 1059 respondeant
1628 1025 1706 1052 nobis
1724 1034 1732 1052 :

939 1071 1034 1104 Qualis
1061 1075 1103 1098 est
1135 1071 1254 1105 dignitas
1290 1070 1360 1098 ista?
1393 1070 1464 1097 Num
1491 1079 1543 1105 qua
1578 1071 1732 1103 naturalis,

940 1117 1029 1152 qualis
1055 1121 1099 1144 est
1131 1117 1252 1144 hominis
1280 1125 1363 1152 super
1393 1117 1520 1144 animalia
1541 1117 1732 1144 substantialis

940 1164 1108 1197 praestantia,
1127 1166 1208 1198 prout
1231 1163 1334 1191 dictum
1349 1168 1391 1190 est
1413 1172 1419 1189 :
1439 1173 1447 1188 ι
1467 1163 1563 1190 Omnia
1589 1162 1730 1197 subjecisti

941 1209 993 1235 sub
1024 1209 1141 1243 pedibus
1157 1209 1233 1243 ejus,
1254 1217 1319 1236 oves
1335 1214 1362 1236 et
1387 1208 1472 1235 boves
1497 1209 1640 1235 universas
1650 1208 1699 1234 5'?
1719 1217 1730 1234 ›

941 1255 981 1282 An
999 1254 1135 1287 accidens,
1153 1254 1242 1289 qualis
1265 1262 1347 1289 supra
1368 1254 1540 1281 contribules
1563 1251 1652 1281 Saulis
1675 1253 1731 1280 cel‘

942 1300 1059 1328 situdo?
1080 1300 1108 1327 Si
1129 1300 1241 1335 quidem
1266 1301 1340 1327 enim
1365 1300 1508 1332 accidens,
1538 1307 1570 1326 eo
1594 1300 1653 1334 ipso
1681 1306 1732 1326 nec

941 1346 1052 1378 divina,
1074 1354 1125 1374 nec
1145 1346 1335 1378 memoranda;
1357 1346 1380 1373 si
1404 1353 1470 1372 vero
1492 1346 1647 1376 naturalis,
1673 1352 1732 1372 rna-

941 1393 1070 1419 nii'estum
1095 1396 1140 1419 est
1167 1400 1221 1419 non
1236 1400 1301 1419 vere
1324 1393 1437 1426 sineque
1463 1391 1572 1419 ﬁctione
1595 1399 1654 1418 eam
1669 1399 1732 1425 par-

943 1438 1070 1471 ticipasse
1105 1438 1181 1464 illum
1214 1438 1259 1472 qui
1293 1437 1368 1472 prior
1397 1441 1494 1464 natura
1527 1444 1561 1463 ex
1589 1436 1635 1463 illa
1663 1443 1731 1463 con-

942 1488 1030 1510 stante
1055 1491 1110 1510 non
1137 1487 1206 1510 erat.
1234 1483 1262 1510 Si
1293 1491 1359 1518 ergo
1384 1483 1537 1509 naturalem
1572 1482 1732 1517 dignitatem

942 1529 990 1556 Dei
1019 1528 1145 1556 Christus
1173 1529 1367 1563 participavit,
1399 1533 1427 1556 et
1456 1535 1555 1555 nomen
1581 1529 1653 1555 Deus
1683 1535 1733 1554 na-

944 1578 1004 1601 tura
1026 1574 1167 1609 proprium
1189 1578 1240 1606 est,
1263 1579 1338 1608 patet
1357 1573 1444 1605 illum,
1463 1574 1521 1608 ipsa
1543 1574 1620 1608 prius
1640 1573 1733 1600 divina

943 1619 1064 1655 positum
1074 1623 1183 1651 natura,
1194 1620 1272 1654 cujus
1284 1618 1393 1654 propria
1405 1617 1574 1653 estdignitas
1586 1622 1613 1644 rt
1622 1625 1733 1649 nomen,

944 1671 973 1693 et
989 1666 1048 1693 haec
1062 1665 1143 1692 simul
1159 1665 1286 1692 sortitum
1309 1672 1378 1691 esse.
1401 1665 1484 1692 Recte
1506 1665 1589 1699 igitur
1603 1663 1736 1698 przedica-

944 1719 1006 1739 mus
1027 1711 1126 1738 divina:
1148 1719 1211 1738 eum
1232 1711 1350 1737 humana
1375 1710 1595 1744 conjunctioncm
1619 1713 1732 1735 naturae.

944 1757 999 1784 Aut
1020 1757 1043 1784 si
1061 1765 1106 1784 res
1127 1757 1163 1783 ita
1183 1764 1213 1783 se
1236 1764 1293 1783 non
1307 1756 1400 1786 habet,
1423 1755 1506 1782 homo
1520 1755 1577 1789 ipse
1595 1754 1621 1780 in
1638 1754 1734 1789 hujus-

945 1801 1020 1828 modi
1037 1801 1158 1828 divinam
1180 1805 1306 1828 naturam
1323 1807 1484 1831 conversus,
1508 1800 1606 1826 divinm
1630 1804 1737 1826 natura:

946 1845 1106 1880 dignitatem
1128 1852 1190 1872 cum
1208 1844 1319 1872 nomine
1335 1843 1465 1871 obtinuit.
1491 1843 1525 1870 Et
1539 1843 1601 1870 inde
1622 1843 1675 1870 erit
1688 1847 1736 1870 aut

945 1898 1036 1925 neque
1051 1894 1176 1918 servetur
1193 1890 1283 1917 adhuc
1299 1890 1358 1924 ipse
1379 1889 1426 1924 qui
1444 1888 1604 1923 dignitatem
1621 1895 1732 1922 prome-

947 1936 1013 1968 ruit,
1032 1943 1084 1963 nec
1102 1939 1262 1971 permaneat
1278 1935 1325 1969 qui
1349 1935 1452 1969 recepit
1473 1935 1599 1969 gratiam,
1616 1942 1666 1961 nec
1679 1934 1735 1961 sint

947 1982 1061 2009 omnino
1080 1981 1141 2008 duas
1165 1984 1271 2007 naturre
1299 1980 1438 2015 subjecta,
1459 1987 1511 2006 nec
1532 1980 1599 2015 ipsis
1622 1988 1737 2014 prorsus

948 2031 1073 2054 servetur
1098 2025 1172 2061 quod
1199 2030 1241 2052 est
1265 2026 1415 2052 humanum
1438 2025 1465 2052 in
1493 2025 1614 2055 Christo.
1633 2025 1697 2052 licet
1720 2033 1735 2052 e

948 2077 1042 2100 contra
1066 2072 1139 2106 quod
1166 2076 1208 2099 est
1233 2071 1358 2098 divinum
1384 2071 1418 2098 ab
1440 2071 1499 2106 ipso
1521 2071 1611 2106 potius
1626 2071 1735 2098 auferre

948 2118 1126 2146 contendant.

981 2162 1112 2189 Libenter
1131 2161 1220 2188 adhuc
1241 2161 1275 2188 al)
1299 2160 1340 2188 eis
1352 2165 1380 2187 et
1396 2161 1448 2188 hoc
1464 2160 1688 2188 sciscitaremur:
1707 2161 1735 2188 Si

947 2207 1068 2234 Verbum
1093 2206 1231 2241 appellant
1258 2205 1417 2238 Christum,
1446 2205 1603 2240 quomodo?
1632 2206 1679 2232 Vel
1709 2209 1738 2233 et

948 2253 1098 2285 Christum,
1122 2257 1221 2286 prmter
1235 2251 1334 2278 Filium
1352 2255 1380 2278 et
1401 2251 1497 2284 Deum,
1515 2251 1610 2278 dicunt
1627 2257 1654 2278 et
1668 2251 1736 2278 Ver-

949 2299 1024 2329 bum.
1043 2298 1086 2324 vel
1113 2305 1177 2324 non.
1207 2297 1362 2331 Siquidem
1389 2304 1462 2329 non;
1487 2304 1552 2324 ecce
1581 2302 1679 2323 cuucla
1703 2296 1738 2323 ab

947 2345 1013 2380 ipsis
1030 2351 1159 2371 concessa
1183 2343 1211 2369 in
1226 2343 1358 2370 honorem
1372 2342 1476 2370 Christi
1499 2347 1670 2374 everterunt,
1686 2349 1738 2369 nec

947 2391 1034 2426 ipsam
1050 2390 1120 2417 hanc
1139 2389 1291 2424 simplicem
1308 2389 1459 2416 secundum
1476 2396 1577 2416 nomen
1594 2388 1739 2423 proferunt

949 2436 1180 2467 communionem,
1198 2443 1279 2470 quam
1295 2435 1410 2470 tingunt.
1438 2434 1497 2461 Nisi
1515 2434 1589 2461 enim
1605 2434 1737 2466 Verbum,

949 2491 1000 2510 nec
1024 2483 1071 2509 Dei
1088 2482 1174 2508 Filius
1187 2481 1330 2513 naturalis,
1357 2488 1409 2507 nec
1431 2480 1587 2507 nominatis.
1616 2480 1644 2506 Si
1661 2487 1737 2510 vero,

951 2529 1012 2556 istis
1031 2528 1205 2563 perspectis,
1229 2527 1366 2562 appellent
1397 2526 1537 2554 Christum
1564 2526 1683 2552 Verbum
1711 2529 1740 2552 et

952 2575 1072 2603 Verbum
1087 2574 1236 2606 Christum,
1256 2577 1322 2600 tunc
1334 2574 1368 2601 ad
1383 2580 1507 2608 personae
1522 2573 1693 2607 negationem
1707 2579 1740 2598 ac

954 2620 1212 2652 contradictionem,
1236 2627 1335 2646 nomen
1351 2619 1442 2647 carnis
1465 2623 1492 2646 et
1514 2620 1603 2654 ipsum
1617 2618 1739 2645 Verbum

953 2668 1091 2702 accepisse
1107 2668 1211 2695 dicunt.
1238 2667 1267 2694 lu
1289 2674 1454 2702 quocunque
1477 2674 1541 2694 sane
1557 2667 1614 2700 ipsa
1629 2663 1741 2700 propria

952 2721 1070 2748 persona
1085 2721 1193 2741 carnem
1206 2721 1344 2741 assumere
1360 2713 1426 2740 velit
1444 2713 1526 2747 idque
1548 2711 1647 2743 videri,
1669 2711 1740 2745 ipse,

954 2759 1028 2794 quod
1042 2763 1084 2786 est
1105 2759 1206 2791 carnis,
1230 2759 1335 2787 habere
1357 2758 1520 2794 reperietur.
1549 2756 1601 2784 Sed
1616 2756 1674 2783 haec
1687 2755 1742 2783 erit
