1960 3093
120 121 174 153 ltili

119 223 306 258 ἀπολογοῦνται
318 223 342 249 οι
365 222 506 257 βέλτιστοι.

393 365 519 394 ΚΕΦΛΛ.
550 368 619 394 ξδ’-1⁷.

152 412 179 441 ει
190 415 253 445 τοὺς
266 415 312 440 δύο
326 415 411 446 υἱοὺς,
423 415 501 449 φησὶ,
517 413 586 439 κατὰ
598 412 678 446 φύσιν
689 411 818 445 ἐλέγομεν
829 407 898 436 εἶναι

121 460 149 487 ix
164 460 209 487 τοῦ
228 460 307 491 Θεοῦ,
326 460 440 495 ἥάμφω
456 459 525 485 κατὰ
545 459 636 493 χάριν,
651 457 735 488 ὅντως
756 455 846 487 καλῶς
867 454 899 481 ἂν

121 506 181 540 ἡμῖν
209 504 254 531 δύο
279 504 368 538 λέγειν
394 505 468 534 υἱοὺς
488 503 556 530 Θεοῦ
574 503 704 538 συνήγετε
720 510 726 517 ·
745 501 817 532 υἱοὺς
847 502 900 535 γὰρ

121 549 162 576 δύο
176 549 192 584 ἢ
206 549 313 581 πλείους
328 548 479 584 τηνικαῦτα
490 548 565 581 λέγει
585 548 601 582 ἡ
618 547 682 581 ἁγία
697 546 802 581 Γραφὴ,
820 547 902 581 ἡνίκα

122 597 150 621 ἐκ
163 594 209 621 τοῦ
225 595 308 621 αὑτοῦ
320 595 414 629 εἴησαν
433 595 533 626 πάντες
547 594 571 620 οἱ
588 592 837 628 συναριθμούμενοι
853 592 901 618 καὶ

123 641 188 668 κατὰ
197 641 242 667 τὸν
252 641 332 667 αὑτὸν
346 641 425 674 λόγον
439 640 486 666 καὶ
502 641 602 674 τρόπον
619 647 626 654 ·
644 639 693 665 εἴτ’
716 637 763 664 οὖν
780 637 860 672 φύσει
885 635 902 672 ἢ

121 687 192 713 θέσει
206 687 287 721 ἄμφω
298 686 476 721 γεγενημένοι
491 685 576 720 αὐτῷ,
603 683 674 710 ὥστε
699 684 746 710 καὶ
773 682 904 716 ἀδελφοὺς

123 733 216 764 αὐτοὺς
235 733 356 765 ἀλλήλων
374 731 505 758 δύνασθαι
529 731 617 764 λέγειν
633 738 639 745 ν
654 729 741 760 οὕτως
766 728 832 763 γοῦν
858 728 905 754 καὶ

124 779 227 813 εἴρηται
245 779 261 813 ἡ
276 779 376 812 Μήτηρ
392 777 447 803 τῶν
456 776 502 802 δύο
519 776 584 802 υίῶν
594 773 737 801 Ζεῦεδιίου
748 782 755 789 ·
772 773 819 800 καὶ
831 773 860 799 ὲν
872 773 904 807 τῇ

125 823 238 848 Γενέσει·
253 821 298 856 Τῷ
311 822 338 848 δὲ
361 822 460 856 Ἰωσὴφ
471 821 595 854 ἐγένοντο
610 820 663 845 υἱοὶ
677 818 733 845 δύο·
751 818 798 844 καὶ
815 827 824 844 ι
838 815 904 843 Eii-.2

129 865 239 902 Ῥουόἱμ
254 853 292 902 τῶ
311 866 393 901 πατρὶ
407 853 509 892 αυτοῦ)
530 865 600 895 Τοὺς
614 862 662 890 δύο
674 862 758 903 -υἱούς
775 870 826 896 μου
841 861 908 888 ἀπό-
924 853 944 880 Β

125 921 237 945 κτεινον,
255 913 302 938 ἐὰν
319 911 356 946 μὴ
371 911 467 945 ἀγάγω
483 910 564 937 αὑτὸν
578 909 647 944 πρὸς
660 909 701 940 σὲ,
718 907 840 934 τουτέστι
861 906 906 932 τὸν

126 956 261 991 Βενιαμίν·
274 965 283 981 ι
299 958 346 982 καὶ
360 955 434 990 παρὰ
441 953 639 989 τῷἋποστόὶλῳ
654 953 734 980 πάλιν
743 951 907 985 γέγραπται,

129 1012 136 1028 ι
149 1003 208 1030 Ὅτι
217 1002 341 1038 Ἀϐραὰμ
349 1001 395 1027 δύο
403 1002 475 1032 υἱοὺς
485 1000 573 1035 ἔσχεν·
587 1009 596 1025 ι
610 998 673 1025 ἔνθα
680 997 726 1025 οὖν
733 998 780 1024 δύο
789 997 806 1032 ἢ
820 996 912 1023 πολλοὶ

125 1050 184 1080 υἱοὶ,
201 1049 248 1075 καὶ
262 1047 370 1081 ἀδελφοὶ
382 1047 514 1082 εἴρηνται,
525 1045 760 1080 καὶπρωτοτόκια,
771 1044 818 1070 καὶ
831 1043 911 1069 ὑστε-

127 1095 234 1130 ροτόκια
251 1094 359 1128 λέγεται
389 1093 426 1124 ὡς
452 1093 480 1119 ὲν
505 1092 590 1118 Ἦσαῦ
608 1092 656 1118 καὶ
677 1090 774 1118 Ἰακώϐ
796 1098 804 1105 ·
825 1090 850 1115 εἰ
865 1088 912 1115 οὖν

126 1140 203 1174 φύσει
219 1139 265 1166 τόν
278 1147 306 1165 τε
316 1138 401 1172 Λόγον
416 1138 463 1164 καὶ
475 1138 520 1164 τὸν
533 1137 649 1172 Χριστὸν
661 1137 765 1171 ἔφημεν
779 1136 811 1162 ὲκ
826 1134 907 1166 Θεοῦ,

125 1184 142 1220 ὴ
157 1184 245 1219 χάριτι
258 1183 341 1218 ἄμςρω
359 1182 449 1213 καλῶς
463 1182 495 1208 ἂν
516 1181 670 1216 έλογίζεσθε
686 1182 773 1216 ἡμᾶς’
785 1180 839 1206 ἔδει
850 1180 905 1213 γὰρ

128 1230 171 1255 καὶ
185 1228 314 1262 ἀδελφοὺς
324 1228 449 1261 λέγεσθαι
463 1227 561 1257 αὐτοὺς
575 1226 621 1253 δύο
633 1226 723 1258 ὄντας,
739 1226 786 1253 καὶ
799 1226 912 1260 Θάτερον

127 1275 297 1311 πρωτότοκον
313 1277 359 1301 καὶ
376 1274 561 1309 πρεσϐύτερον
574 1271 643 1300 εἶναι
656 1294 663 1305 ,
679 1274 758 1306 εἴπερ
780 1273 817 1308 μὴ
841 1272 910 1299 δίδυ-

129 1330 190 1356 μοι’
205 1323 229 1348 εἰ
245 1322 272 1348 δὲ
287 1322 300 1347 6
321 1321 369 1356 μὲν
385 1321 469 1352 θέσει,
489 1321 504 1346 6
519 1320 546 1346 δὲ
564 1319 644 1354 φύσει
661 1320 735 1351 ἐστὶ,
753 1321 799 1346 καὶ
815 1321 909 1355 ἐτέρου

129 1366 176 1401 μὲν
190 1366 374 1400 φύσει,ὲτέρου
390 1365 418 1391 δὲ
435 1365 508 1391 θέσει
524 1366 538 1391 6
554 1365 671 1398 Χριστὸς
685 1365 758 1396 Υἱὸς,
772 1366 851 1400 δῆλον
867 1366 908 1392 ὅτι

126 1411 176 1436 οὐκ
187 1411 241 1445 ἔχει
258 1410 350 1445 χώραν
362 1411 378 1445 ἡ
391 1410 445 1437 τῶν
458 1410 504 1436 δύο
518 1409 584 1437 υἱῶν
609 1410 816 1445 συναρίθμησις.

163 1500 256 1526 Ταῦτα
273 1499 321 1533 μὲν
333 1497 380 1526 οὖν
391 1499 477 1530 οὕτως
493 1499 517 1526 οῑ
531 1499 614 1531 ὅντως
638 1499 797 1534 παραδόξων
813 1500 914 1534 δογμά-

129 1554 182 1572 των
193 1545 310 1571 πλάσται
323 1553 352 1570 τε
367 1545 414 1571 καὶ
425 1544 581 1579 ὲφευρέται,
606 1543 632 1569 οἱ
655 1543 704 1575 τὰς
726 1543 772 1570 δύο
797 1543 892 1578 φύσεις
907 1564 914 1574 ,

129 1591 213 1626 ἡγουν
230 1590 278 1625 τὴν
296 1589 370 1616 θείαν
386 1590 432 1616 καὶ
448 1589 637 1624 ἀνθρωπίνην,
661 1590 701 1619 εἰς
722 1589 771 1615 ἕνα
791 1589 847 1616 υἱὸν
870 1590 917 1616 καί

133 1637 197 1671 μίαν
213 1636 360 1662 ὑπόστασιν
376 1635 528 1661 συντιθέναι
548 1635 586 1667 ὡς
608 1635 738 1662 ἀδύνατον
759 1635 859 1670 τρόπον
880 1635 917 1670 μὴ

130 1682 303 1714 εὐδοκοῦντες
320 1690 327 1698 ι
344 1683 391 1709 καὶ
406 1681 452 1708 δύο
469 1681 614 1717 πρόσωπα,
637 1682 684 1708 καὶ
708 1681 754 1708 δύο
777 1681 853 1712 υἱοὺς
872 1690 918 1707 τε-

131 1730 221 1760 λείους
239 1729 293 1764 ἰδίᾳ
308 1737 337 1754 τε
357 1728 537 1763 κεκριμένους
557 1728 598 1759 εις
618 1728 666 1754 ἕνα
691 1728 748 1754 υἱὸν
770 1728 919 1754 συνάπτειν

132 1774 234 1809 ἀρτίως
248 1773 456 1808 νομοθετοῦντες
473 1780 479 1786 ⁸
502 1773 628 1806 εἷποιμεν
647 1770 694 1797 οὖν
716 1770 896 1806 πρδταὺτούς
911 1779 918 1786 ·

132 1819 178 1854 Μὴ
190 1818 370 1854 περιφέρεσθε
383 1819 439 1849 τοῖς
458 1818 574 1852 νοήμασι
592 1816 819 1852 κραιπαλούντων
830 1816 918 1850 δίκην,

133 1864 157 1893 ῶ
175 1867 305 1901 βέλτιστοι
323 1873 329 1879 ·
347 1865 363 1899 ἢ
380 1865 434 1899 γὰρ
450 1866 464 1890 ὀ
488 1864 616 1898 ἀνόμοιος
637 1864 738 1898 τρόπος
754 1858 808 1896 τῆξ
826 1863 922 1896 γεννή-

136 1912 204 1943 σεώς
224 1912 324 1937 ὲστινό
339 1911 424 1941 αἴτιος
442 1910 489 1936 τοῦ
515 1909 742 1944 συναριθμεῖσθαι
766 1908 816 1943 τὴν
838 1907 921 1935 δυάδα

134 1958 189 1985 τῶν
203 1957 279 1989 υἱῶν,
297 1957 349 1983 κᾶν
364 1957 411 1982 τοῦ
428 1955 511 1982 αὑτοῦ
525 1954 580 1982 εἷεν
594 1956 709 1989 πατρὸς,
733 1954 749 1990 ἢ
769 1954 799 1980 τὸ
818 1955 850 1981 ἐκ
864 1953 922 1980 δια-

135 2001 225 2037 φόρων
240 1998 309 2027 εἶναι
326 2000 426 2034 γονέων
435 1999 564 2034 ἑκάτερον
583 2000 650 2030 υἱὸν,
665 1998 681 2034 ἢ
694 1999 778 2034 ἄμφω
789 1999 841 2025 εἰσὶ
861 2007 924 2025 συν-

135 2047 212 2074 αίτια
237 2048 286 2081 τῆς
310 2047 478 2081 ἀναιρέσεως
504 2047 554 2080 τῆς
580 2046 674 2077 δυάδος
697 2045 815 2072 ἐπὶτῶν
837 2046 903 2072 υἱῶν
917 2065 924 2076 ,

135 2092 219 2128 ἤγουν
238 2092 255 2125 ἡ
281 2091 397 2125 διαφορὰ
413 2091 463 2126 τῆς
491 2091 614 2125 υἱότητος
633 2091 680 2118 καὶ
700 2091 754 2118 τῶν
771 2090 904 2117 τεκόντων
917 2099 923 2104 '

135 2138 162 2164 εί
183 2137 232 2171 μὲν
246 2134 292 2163 οὖν
304 2138 318 2164 6
329 2137 457 2170 διάφορος
469 2136 570 2171 τρόπος
584 2137 634 2171 τῆς
658 2137 814 2171 γεννήσεως
831 2138 906 2163 ἐστιν
917 2156 925 2167 ,

570 116 767 152 ADVERSUS
787 115 1058 150 NESTORIANOS.
1066 135 1074 137 η
1082 127 1105 162 ἢ
1116 116 1151 150 Li
1159 119 1188 152 Β.
1212 120 1268 151 ill.

120 180 184 213 μόνῳ
195 177 350 212 λατρεύσεις
363 185 370 192 ⁸
387 187 396 203 ι
411 177 467 203 ἀλλ’
484 177 582 212 ἴδωμεν
596 176 691 211 ἑξῆςτί
700 177 745 203 καὶ
757 176 823 211 πρὸς
833 176 893 202 τάδε
909 176 915 205 λ

969 175 1106 203 iuratores
1134 181 1161 203 et
1190 178 1288 204 clamet

1665 114 1731 146 Πῖίὲ

1310 185 1316 202 ;
1346 185 1354 200 ι
1371 174 1516 202 Dominum
1545 173 1631 200 Deum
1655 177 1732 205 tuum

949 222 1078 249 adorabis
1100 227 1128 249 et
1156 223 1194 249 illi
1222 223 1271 249 soli
1297 221 1446 248 servies".
1468 230 1476 244 ι
1504 219 1556 246 Sed
1583 226 1615 245 ex
1637 218 1734 245 ordine

950 267 1092 296 videamus
1118 269 1184 303 quid
1209 269 1242 296 ad
1271 269 1328 295 haec
1351 267 1466 302 allegent
1490 265 1534 292 isti
1562 263 1734 291 reverendis-

950 320 1023 339 Slml.

1248 368 1323 395 CAP.
1345 366 1428 394 lX-X.

985 412 1016 440 'Si
1035 413 1104 441 duos
1122 413 1202 446 ﬁlios,
1218 414 1358 448 inquiunt,
1376 413 1541 442 diceremus,
1560 418 1592 437 ex
1609 411 1664 437 Deo
1675 416 1735 437 esse

954 458 1105 485 secundum
1128 464 1254 485 naturam
1276 459 1318 485 vel
1344 458 1424 484 ambo
1441 457 1590 484 secundum
1610 456 1735 491 gratiam.

955 507 1028 529 recte
1043 502 1154 537 quidem
1169 510 1219 530 nos
1236 503 1305 529 duos
1322 503 1412 530 dicere
1431 501 1502 528 ﬁlios
1524 501 1572 527 Dei
1587 499 1736 527 inferretis.

954 547 1029 575 Duos
1053 547 1127 575 enim
1145 548 1186 575 vel
1208 548 1301 583 plures
1324 547 1394 574 ﬁlios
1413 552 1478 574 tunc
1506 546 1573 573 dicit
1596 545 1738 580 Scriptura

956 601 1044 625 sacra,
1071 601 1133 621 cum
1157 602 1191 621 ex
1211 594 1307 621 eodem
1334 599 1399 621 sunt
1417 600 1513 620 omnes
1535 592 1591 623 isti,
1613 599 1667 618 uno
1680 599 1740 618 ser-

956 646 1037 666 mone
1050 638 1201 673 eodcmque
1226 639 1307 666 modo
1330 637 1531 669 connumerati,
1554 638 1610 664 sive
1632 640 1739 665 natura.

957 683 1015 710 sive
1041 682 1188 718 adoptione
1207 683 1261 710 sint
1284 683 1364 710 ambo
1381 683 1471 710 cidem
1493 682 1627 718 generati,
1649 681 1685 707 ita
1711 685 1743 707 ut

958 728 1057 756 fratres
1074 737 1146 756 unus
1159 729 1230 756 alius
1244 728 1296 755 dici
1314 732 1425 763 queant.
1442 728 1480 755 ita
1492 727 1603 762 quidem
1620 725 1741 752 dicitur:

960 773 1046 802 Mater
1074 774 1191 802 duorum
1215 773 1340 802 Zebedad
1365 774 1498 805 ﬁliorum;
1525 778 1553 800 et
1576 773 1601 799 i'n
1619 771 1742 799 Genesi:

959 819 1060 854 Joseph
1083 825 1174 847 autem
1199 826 1278 847 erant
1294 820 1348 846 duo
1365 820 1411 847 lilii
1430 829 1435 846 :
1460 820 1493 847 Et
1509 828 1515 846 :
1535 829 1543 844 ι
1560 818 1633 845 Dixit
1646 817 1745 845 Ruben

960 865 1030 898 patri
1047 872 1116 891 suo:
1134 863 1208 892 Duos
1223 863 1294 891 ﬁlios
1312 873 1388 891 meos
1402 864 1482 891 morti
1502 863 1588 894 trade,
1602 863 1624 889 si
1640 870 1694 888 non
1710 861 1745 888 ad

961 914 987 937 te
1000 909 1129 937 reducam
1146 911 1233 940 illum.
1250 910 1337 941 idest,
1354 909 1494 944 Beniamin
1506 908 1538 936 ".
1558 918 1566 933 ι
1585 908 1747 941 Rursusque

960 957 1032 991 apud
1052 957 1211 991 Apostolum
1238 957 1370 990 scriptum
1393 959 1436 983 est
1455 965 1461 981 ε
1483 965 1491 980 ι
1514 954 1592 987 Quod
1608 952 1745 980 Abraham

961 1002 1030 1030 duos
1044 1003 1113 1030 lilios
1123 1003 1220 1030 habuit
1234 1003 1267 1029 ".
1285 1013 1293 1027 ι
1311 1003 1349 1029 lbi
1367 1010 1433 1037 ergo
1449 1008 1513 1028 sunt
1525 1001 1580 1028 duo
1595 1000 1637 1027 vel
1654 1000 1749 1034 plures

966 1049 1025 1081 ﬁlii,
1052 1048 1206 1083 fratresque
1235 1049 1374 1079 dicuntur.
1405 1053 1433 1074 et
1457 1047 1532 1082 prior
1557 1045 1749 1081 posteriorque

962 1099 1050 1125 ortus,
1067 1099 1096 1121 ut
1112 1094 1137 1120 in
1154 1094 1224 1120 Esau
1239 1098 1266 1120 et
1280 1093 1375 1125 Jacob,
1399 1097 1600 1120 memorantur.
1625 1091 1709 1126 Igitur
1725 1090 1748 1117 si

963 1140 1083 1167 Verbum
1099 1144 1125 1167 et
1136 1139 1275 1167 Christum
1289 1139 1445 1166 diceremus
1458 1146 1490 1165 ex
1508 1138 1563 1165 Deo
1579 1142 1686 1169 natura,
1704 1137 1748 1164 vel

963 1186 1049 1221 gratia
1072 1185 1178 1218 ambos,
1195 1189 1269 1212 recte
1291 1185 1371 1212 nobis
1394 1184 1420 1211 id
1441 1184 1624 1211 causaremini
1643 1191 1649 1209 :
1667 1191 1750 1218 opor-

964 1230 1038 1257 tebat
1050 1230 1123 1257 enim
1137 1230 1208 1262 illos,
1221 1234 1316 1264 utpote
1328 1230 1407 1261 duos,
1423 1229 1522 1256 fratres
1533 1228 1597 1260 dici,
1610 1235 1750 1262 unumque

963 1282 1024 1302 esse
1047 1274 1261 1310 primogenitum
1290 1278 1318 1301 et
1346 1278 1411 1301 natu
1440 1274 1583 1308 majorem,
1611 1272 1747 1307 siquidem

965 1329 1019 1348 non
1035 1321 1147 1356 gemini.
1168 1320 1196 1347 Si
1218 1325 1308 1347 autem
1322 1321 1367 1347 hic
1381 1319 1540 1354 adoptione,
1558 1319 1603 1345 ille
1617 1326 1684 1345 vero
1702 1326 1752 1344 na—

965 1371 1037 1398 tura,
1053 1372 1080 1394 et
1090 1367 1216 1394 Christus
1230 1367 1313 1394 unius
1325 1366 1435 1401 quidem
1447 1371 1555 1396 natura,
1573 1365 1644 1392 alitis
1659 1369 1752 1391 autent

965 1413 1113 1447 adoptione
1130 1413 1166 1440 sit
1182 1413 1275 1444 Filius,
1290 1413 1402 1439 evidens
1417 1416 1459 1439 est
1475 1420 1529 1438 non
1543 1411 1644 1438 habere
1662 1411 1752 1437 locum

966 1459 1083 1485 duorum
1099 1459 1217 1485 ﬁliorum
1233 1458 1516 1485 connumerationem.

1003 1504 1064 1531 Hmc
1081 1504 1190 1539 quidem
1205 1504 1241 1531 ita
1260 1504 1350 1532 ferunt
1365 1504 1408 1530 isti
1426 1503 1606 1530 fabricatores
1622 1502 1749 1528 invento-

967 1556 1065 1583 resque
1072 1548 1281 1583 paradoxorum,
1290 1548 1336 1582 qui
1346 1548 1413 1574 duas
1422 1553 1544 1577 naturas,
1554 1547 1674 1584 divinam
1684 1547 1757 1574 scili-
1772 1557 1774 1559 ·

967 1599 1010 1621 cet
1023 1600 1050 1622 et
1061 1594 1252 1626 humanam,in
1268 1602 1353 1621 unum
1369 1593 1453 1620 ﬁlium
1465 1598 1493 1620 et
1504 1601 1585 1620 uuam
1597 1592 1756 1628 hypostasin

968 1641 1123 1670 convenire.
1136 1639 1214 1675 quasi
1228 1639 1337 1667 modum
1349 1640 1556 1674 impossibilem,
1566 1647 1619 1666 non
1630 1639 1756 1674 probant;

969 1691 996 1714 ct
1012 1687 1080 1714 duas
1094 1694 1224 1721 personas
1235 1691 1263 1714 et
1273 1687 1342 1714 duos
1354 1686 1423 1713 lilios
1432 1686 1566 1720 perfectos
1578 1686 1743 1720 proprietate
1751 1701 1758 1704 -

970 1740 1023 1766 que
1031 1732 1166 1759 discretos
1176 1732 1202 1758 in
1214 1739 1298 1758 unum
1308 1731 1393 1758 ﬁlium
1404 1731 1526 1766 coaptari
1536 1731 1614 1765 plane
1623 1735 1744 1758 statuunt
1751 1751 1757 1757 .

971 1778 1097 1804 Dicamus
1119 1777 1202 1812 igitur
1224 1777 1277 1803 illis
1293 1785 1299 1802 :
1318 1775 1418 1808 Nolite,
1439 1777 1603 1807 charissimi.
1621 1777 1760 1804 ebriorum

973 1824 1076 1855 instar,
1104 1822 1318 1857 cogitationibus
1342 1821 1482 1848 vacillare.
1510 1822 1558 1849 Vel
1577 1821 1650 1849 enim
1668 1822 1761 1849 varius

973 1867 1159 1902 generationis
1176 1867 1272 1894 modus
1283 1871 1379 1894 auctor
1399 1871 1442 1894 est
1461 1867 1532 1894 duos
1548 1868 1575 1894 in
1589 1875 1673 1895 unum
1694 1876 1761 1895 con-

979 1913 1142 1941 numerandi
1162 1913 1243 1944 ﬁlios,
1267 1913 1332 1942 licet
1360 1913 1482 1948 ejusdem
1510 1913 1564 1940 sint
1588 1913 1690 1948 patris,
1719 1916 1761 1940 vel

977 1959 1121 1993 utriusque
1136 1958 1183 1985 ﬁlii
1197 1966 1230 1986 ex
1243 1958 1358 1985 diversis
1368 1959 1529 1993 parentibus
1542 1959 1707 1993 procreatio,
1721 1961 1761 1986 vel

976 2003 1067 2035 ambo,
1084 2003 1191 2030 diversa
1213 2002 1318 2030 scilicet
1343 2002 1436 2030 ﬁliatio
1455 2007 1484 2030 et
1500 2008 1692 2038 generatorum
1707 2005 1762 2031 di.--

977 2049 1075 2080 cretio,
1096 2048 1177 2076 simul
1191 2056 1279 2076 causa:
1301 2052 1366 2076 sunt
1380 2057 1430 2076 cur
1454 2049 1544 2077 dualis
1566 2050 1686 2077 ﬁliorum
1713 2058 1761 2077 nu-

977 2102 1071 2122 merus
1094 2094 1215 2121 tollatur.
1239 2094 1267 2122 Si
1290 2095 1403 2130 quidem
1427 2095 1510 2129 igitur
1534 2095 1661 2123 diversus
1680 2104 1763 2131 genc~

977 2140 1092 2167 rationis
1103 2140 1200 2167 modus
1211 2140 1306 2175 estqui
1319 2145 1368 2175 pro
1379 2140 1486 2167 duobus
1497 2141 1559 2168 ﬁliis
1571 2149 1654 2168 unum
1666 2150 1762 2169 nume-

135 2183 150 2209 6
167 2183 238 2209 κατὰ
252 2183 314 2213 τοὺς
329 2182 376 2209 δύο
390 2182 465 2212 υἱοὺς
482 2183 530 2209 ἕνα
544 2182 628 2208 ποιῶν
641 2182 833 2217 ἀριθμεῖσθαι,
851 2181 912 2217 πρῶ

979 2187 1033 2214 rari
1053 2186 1145 2219 faciat,
1161 2186 1249 2221 primo
1268 2186 1379 2221 quidem
1401 2187 1539 2221 quomodo
1565 2187 1640 2215 hunc
1654 2196 1764 2224 quoque

135 2237 182 2255 τον
201 2229 250 2264 μὲν
266 2228 325 2259 πῶς
342 2230 387 2254 καὶ
401 2228 446 2254 τὸν
460 2228 509 2255 ἕνα
522 2228 585 2254 Υῐδν
596 2228 716 2262 δικάζειν
737 2228 788 2263 τὴν
800 2228 927 2263 διάφορον

135 2274 265 2309 γέννησιν
277 2274 395 2308 ἐλέγετε,
409 2275 438 2300 ἐν
450 2274 488 2309 τῷ
497 2274 682 2301 δυσωπεῖσθαι
694 2274 761 2309 παρ’
774 2273 852 2308 ἡμῶν
861 2273 927 2300 Θεο-

137 2320 217 2348 τόκον
236 2320 327 2354 λέγειν
337 2320 386 2354 τὴν
400 2320 482 2354 ἁγίαν
493 2320 630 2355 Παρθένον
645 2328 653 2353 ;
667 2320 697 2347 Εἰ
721 2319 856 2354 ἐγεννήθη
874 2319 928 2354 γὰρ

137 2366 220 2401 ἑτέρᾳ
242 2366 384 2400 γεννήσει.
410 2366 448 2400 μὴ
473 2367 563 2400 μεῖναι
578 2365 625 2392 τὸν
640 2365 722 2391 αὑτὸν
738 2365 854 2401 ἄχρονον
865 2365 928 2391 Υἰδν

137 2411 208 2439 Θεοῦ
225 2412 310 2445 Λόγον
325 2411 460 2446 ἐφάσκετε
471 2419 478 2427 ·
495 2412 525 2438 τὸ
539 2411 593 2448 γὰρ
609 2412 733 2438 ὁπωσοῦν
745 2411 927 2446 γεννώμενον,

137 2458 234 2492 ἓτερον
248 2455 318 2484 εἶναι
335 2458 409 2492 παρὰ
423 2458 452 2484 τὸ
465 2458 515 2492 ἠδη
531 2458 615 2491 προδν
627 2478 634 2490 ,
657 2457 793 2488 παντοίως
812 2457 930 2491 ἀπεφαί-

138 2504 219 2531 νεσθε
236 2512 243 2519 ⁸
261 2503 348 2535 ἄλλως
364 2503 403 2532 δὲ.
419 2504 443 2530 εἰ
458 2505 472 2530 6
485 2503 613 2539 διάφορος
626 2504 726 2538 τρόπος
744 2503 839 2534 ἁπλῶς
854 2503 930 2530 ἀναι-

139 2549 185 2584 ρεῖ
201 2548 245 2574 τὸν
258 2548 374 2583 ἀριθμὸν
387 2548 442 2574 τῶν
456 2548 533 2580 υἱῶν,
547 2547 637 2574 καίτοι
664 2549 711 2574 καὶ
728 2549 844 2582 υἱότητα
866 2556 929 2574 και-

139 2595 252 2629 νοτέραν
275 2594 432 2628 προστιθεὶς
453 2594 607 2629 Ἰωάννηςό
630 2594 843 2628 εὐαγγελιστὴς,
872 2594 930 2625 υίὸς

138 2639 178 2666 ὢν
193 2640 266 2667 θέσει
286 2640 335 2674 τῆς
355 2640 514 2675 Δεσποίνης,
529 2639 573 2666 διὰ
594 2639 626 2665 τὸ
650 2640 799 2674 εἰρημένον
814 2639 866 2665 ὑπὸ
880 2638 927 2666 τοῦ

139 2686 277 2712 Δεσπὸτου
294 2687 322 2711 έν
336 2685 374 2719 τῷ
385 2685 505 2720 σταυρῷ¹
523 2694 532 2710 ι
544 2684 610 2711 Ἰδοὺ
627 2685 643 2719 ή
660 2684 752 2719 μήτηρ
770 2691 830 2710 σου·
849 2694 858 2710 ι
870 2684 930 2716 καὶ,

143 2742 152 2756 ι
166 2731 233 2757 Ἰδοὺ
247 2733 261 2757 ό
273 2731 329 2762 υἱός
343 2739 402 2758 σου·
418 2741 427 2757 ι
439 2732 453 2757 6
466 2731 492 2757 δὲ
504 2730 606 2765 Κύριος
619 2730 698 2764 φύσει
710 2731 766 2760 υἱὸς
782 2730 869 2765 αὐτῆς
882 2729 930 2762 ὢν,

981 2239 1065 2258 unum
1084 2231 1182 2259 Filium
1207 2231 1344 2266 duplicem
1358 2239 1390 2259 ac
1405 2232 1541 2260 diversam
1559 2234 1764 2269 generationem

982 2277 1084 2305 habere
1105 2277 1250 2310 dicebatis,
1276 2285 1331 2305 non
1354 2279 1522 2306 sustinentes
1547 2286 1651 2306 sacram
1675 2279 1765 2315 Virgi-

983 2330 1046 2349 nem
1062 2330 1076 2349 a
1093 2322 1173 2349 nobis
1190 2322 1334 2357 Deiparam
1349 2323 1459 2349 vocati?
1480 2323 1507 2350 Si
1528 2324 1601 2351 enim
1617 2325 1669 2352 alia
1683 2333 1767 2360 gene-

982 2367 1087 2395 ratione
1110 2373 1256 2402 generatus
1278 2372 1367 2399 esset.
1395 2369 1522 2396 eumdem
1555 2377 1609 2397 non
1632 2372 1776 2401 mansisse,

981 2417 1114 2440 aeternum
1138 2413 1234 2441 Filium
1251 2414 1297 2441 Dei
1312 2415 1430 2442 Verbum
1450 2415 1600 2448 dicebatis;
1621 2423 1682 2443 nam
1697 2404 1776 2452 quo-i

981 2457 1048 2483 libet
1065 2456 1146 2483 modo
1167 2457 1289 2491 genitum
1309 2457 1383 2484 aliud
1406 2465 1466 2485 esse
1490 2465 1522 2485 ac
1539 2458 1595 2493 jam
1608 2463 1667 2486 erat
1685 2449 1778 2493 planes

980 2503 1170 2538 exponebatis.
1193 2503 1310 2531 Aliunde
1332 2511 1408 2541 vero,
1436 2503 1458 2531 si
1481 2504 1596 2539 simplex
1623 2505 1696 2533 modi
1724 2505 1766 2532 di-

982 2549 1097 2576 versitas
1108 2556 1253 2576 numerum
1269 2549 1386 2576 ﬁliorum
1397 2550 1477 2582 tollit,
1490 2555 1565 2578 certe
1579 2555 1606 2578 et
1619 2551 1653 2580 ad
1667 2559 1765 2579 novae;

981 2593 1140 2621 ﬁliationem
1155 2593 1291 2628 ascriptus
1312 2594 1430 2621 Joannes
1446 2596 1628 2630 evangelista,
1646 2595 1768 2622 Domina:

983 2638 1055 2664 ﬁlius
1074 2637 1223 2672 adoptione
1238 2638 1325 2665 factus
1342 2638 1394 2666 hoc
1408 2639 1436 2666 in
1448 2647 1530 2666 cruce
1546 2640 1652 2667 Domini
1668 2640 1742 2667 dicto
1759 2650 1765 2666 :

985 2693 994 2709 ι
1014 2684 1083 2712 Ecce
1101 2688 1188 2711 mater
1205 2688 1269 2716 tua;
1290 2694 1299 2710 ι
1316 2689 1364 2712 et:
1389 2694 1398 2710 ‹
1410 2684 1479 2712 Ecce
1494 2685 1566 2712 ﬁlius
1582 2691 1645 2713 tuus
1656 2685 1689 2722 “_,
1711 2695 1719 2711 ι
1739 2693 1768 2713 et

983 2729 1127 2763 Dominus,
1153 2729 1229 2757 illius
1256 2735 1353 2757 natura
1381 2731 1463 2763 ﬁlius,
1489 2739 1561 2758 unus
1591 2730 1663 2758 ﬁlius
1689 2737 1767 2759 erant

178 2821 201 2836 "
221 2820 300 2848 Deut.
323 2830 359 2852 v1.
380 2821 428 2853 l3;
448 2821 542 2848 Matth.
565 2829 600 2853 tv.
625 2821 665 2848 l0.
703 2822 724 2837 "
744 2821 814 2848 Gen.
847 2829 908 2854 ml,
928 2821 972 2848 37.
1010 2821 1032 2837 ⁸³
1058 2820 1145 2848 Galat.
1170 2828 1206 2852 ιν,
1231 2820 1276 2847 22.
1315 2820 1337 2835 ¹⁶
1355 2819 1499 2853 Joan.xtx,
1514 2819 1558 2851 26,
1576 2819 1621 2846 2'1.

273 2867 406 2897 I'ATBOL.
430 2869 487 2898 Gn.
512 2869 673 2898 LXXXVI.

1567 2867 1606 2896 52
