1960 3093
146 127 212 158 1¹545

617 123 813 153 ADVERSUS
835 122 1107 153 NESTORIANOS.
1125 135 1157 140 --
1174 125 1246 154 LIB.
1267 125 1323 154 lli.

1696 127 1764 158 1646

146 190 209 216 σης·
225 181 272 207 καὶ
286 180 333 207 δύο
346 179 394 215 μὲν
414 179 525 214 Ῥαχὴλ,
544 179 590 205 δύο
606 179 634 206 δὲ
648 180 737 214 ἕτεροι
759 179 808 214 τῆς
824 179 926 209 Βάλλας

980 184 1090 212 rantur;
1109 185 1136 207 et
1155 181 1267 215 quidem
1289 181 1345 208 duo
1369 180 1417 209 ﬁlii
1442 182 1553 214 Rachel,
1575 184 1629 211 duo
1643 193 1707 212 vero
1719 186 1764 213 aii

143 225 213 254 εἶναι
239 226 364 261 λέγονται
385 227 413 252 ὲν
438 228 493 257 τοῖς
521 225 572 259 ιβ’·
595 226 627 251 ὲκ
649 226 786 260 διαφέρων
802 233 831 251 τε
853 225 928 255 ὄντες

143 274 270 309 μητέρων
285 273 339 299 υἱοὶ
354 272 401 299 καὶ
412 272 442 304 ἐξ
453 272 600 307 ἀδιαφόρου
617 271 719 306 πατρός
736 279 744 286 ⁸
760 270 830 297 ὥστε
845 272 891 297 καὶ
903 271 928 297 οἱ

142 319 174 345 ἐκ
193 318 340 353 διαφόρων,
361 318 408 343 καὶ
423 318 448 343 ot
465 317 495 348 ἐξ
507 317 662 351 ἀδιαφόρων
676 315 756 348 ὅλως,
768 317 791 342 ει
807 315 929 346 πλείονές

141 366 195 391 εἱσι
207 365 267 395 ταῖς
292 363 473 390 ὑποστάσεσιν
485 383 492 395 ,
513 362 566 388 υἱοὶ
585 361 777 397 ὰριῡμοῦνται.
794 361 882 388 Μόνον
899 361 927 388 δὲ

141 411 201 436 τότε
216 410 266 436 οὐκ
281 409 460 444 ἀριθμοῦνται
485 409 607 439 πλείονες
630 408 695 438 υἱοὶ,
720 409 764 434 ὅτε
784 408 854 434 κατὰ
873 407 928 434 τῶν

141 456 230 482 αὐτῶν
242 456 427 485 ὑποστάσεων,
449 456 556 486 πλείους
581 454 713 488 υῑοτήτων
735 454 831 488 τρόποι
856 453 925 479 εἰσί·

140 503 180 529 διὸ
196 503 248 529 υἱοὶ
263 502 367 532 Βάλλας
379 502 438 528 ἐπεὶ
450 501 498 527 καὶ
512 500 613 535 ταύτης
630 500 710 535 φύσει
726 500 774 526 καὶ
797 500 847 534 τῆς
867 499 928 525 Ῥα-

141 549 192 585 γὴλ
207 549 281 575 θέσει
296 548 363 574 εἰσὶν
375 547 428 573 υἱοὶ
439 548 463 573 oi
478 548 566 578 αὐτοὶ,
581 547 630 581 οὐχ
657 546 769 576 ἕκαστος
780 545 868 571 αὐτῶν
883 545 928 571 διὰ

141 595 190 626 τὰς
207 595 253 621 δύο
267 595 393 629 υἱότητας
407 614 413 623 .
430 593 477 620 δύο
496 594 549 619 υἱοὶ
572 591 812 626 καταλογίζονται·
838 590 854 626 ἢ
872 591 926 626 γὰρ

141 641 174 668 ἃν
198 639 285 671 οὕτως
303 639 501 673 δεκατέσσαρες
526 636 596 673 ἦσαν
617 638 642 664 οἱ
662 636 830 672 πατριάρχαι
845 643 852 650 '
869 636 925 663 ἀλλ’

141 683 182 716 εἷς
200 686 341 720 ἑκάτερος,
359 684 497 719 διαφόροις
509 684 614 718 υἱότησι
628 683 677 717 τὴν
694 683 820 717 διάφορον
835 683 925 716 σχέσιν

142 731 302 766 ποιούμενος
323 731 392 766 πρὸς
406 731 469 761 τοὺς
484 730 592 762 τοκέας,
606 731 636 755 οὺ
648 729 787 764 διαφόροις
799 728 926 763 ἀριθμοῖς

141 777 189 802 καὶ
206 775 371 802 ὑποστάσεσι
390 774 570 810 μετρούμενοι
583 782 590 789 ’
607 775 675 800 ὅπου
693 782 724 807 γε
740 774 770 799 τὺ
781 773 926 807 λεγόμενον

141 822 187 848 ὑπ’
199 821 298 854 αὐτῶν,
316 822 340 847 εἰ
354 820 397 847 διὰ
417 821 446 847 τὸ
462 820 535 847 esse;
547 819 617 847 εἶναι
641 821 686 846 τὸν
705 819 848 855 ἄνθρωπον
862 819 926 845 Υἱὸν

980 225 1050 252 Baiae
1074 225 1206 254 dicuntur
1228 235 1289 255 esse
1313 228 1385 254 inter
1406 228 1567 261 duodecim,
1592 238 1626 257 ex
1649 230 1766 259 diversis

980 272 1125 305 matribus,
1142 273 1189 300 sed
1203 281 1237 300 ex
1250 277 1326 308 patre
1342 281 1396 300 non
1412 273 1533 306 diverso,
1552 275 1608 302 nati
1623 284 1630 301 :
1644 275 1681 303 ita
1699 281 1766 304 utet

978 325 1012 344 ex
1027 317 1144 345 diversis
1156 318 1223 350 nati,
1239 323 1267 345 et
1282 326 1315 345 ex
1328 326 1383 345 non
1397 318 1514 346 diversis
1535 320 1599 352 orti,
1617 320 1639 347 si
1659 321 1765 350 ratione

979 363 1162 398 hypostaseon
1186 364 1278 398 plures
1299 364 1368 396 sint,
1393 364 1441 399 ﬁlii
1463 371 1657 393 numerantur.
1687 367 1766 393 Tunc.

979 409 1067 435 solum
1084 416 1138 436 non
1152 414 1332 436 numerantur
1345 410 1439 444 plures
1454 410 1501 437 ﬁlii
1515 418 1578 438 cum
1598 411 1650 438 sub
1665 411 1764 439 iisdem

979 454 1181 490 hypostasibns,
1205 455 1297 489 plures
1321 455 1461 482 ﬁliationis
1486 456 1559 483 modi
1591 461 1664 483 sunt.
1697 457 1765 484 Pro—

978 503 1083 533 pterea,
1096 499 1144 526 ﬁlii
1159 499 1240 531 Balae,
1266 508 1328 532 cum
1343 500 1426 527 iidem
1447 501 1502 528 sint
1517 501 1598 536 hujus
1619 506 1717 529 natura
1737 507 1765 530 et

979 545 1080 572 Rachel
1108 545 1256 580 adoptione
1279 545 1345 577 ﬁlii.
1371 553 1425 574 non
1450 546 1624 581 singulatim,
1658 547 1764 574 ratione
1785 563 1790 567 ~

978 590 1095 617 duarum
1112 591 1285 623 ﬁliationum,
1297 592 1353 618 duo
1365 591 1411 619 ﬁlii
1425 597 1624 619 numerantur:
1640 593 1679 619 sic
1690 593 1764 620 enim

979 639 1074 661 essent
1088 635 1295 670 quatuordecim
1312 636 1547 670 patriarchae;sed
1564 637 1763 672 unusquisque.

979 679 1095 708 diversis
1116 681 1296 709 ﬁliationibus
1318 681 1454 709 diversam
1474 682 1580 710 habens
1603 683 1765 710 relationem

979 731 1040 751 cum
1067 725 1256 761 genitoribus.
1287 734 1342 753 non
1374 727 1496 753 numeris
1518 731 1546 754 et
1572 727 1765 762 hypostasibus

978 770 1119 798 delinitur.
1135 772 1186 799 Ubi
1204 777 1278 799 certe
1295 772 1399 800 dictum
1412 777 1454 800 est
1468 773 1503 800 ab
1512 774 1564 806 eis,
1581 773 1665 808 quod,
1681 774 1703 800 si
1718 781 1766 809 per

978 816 1155 852 adoptionem
1174 822 1216 845 est
1230 818 1313 845 homo
1328 818 1401 846 ﬁlius
1419 819 1476 851 Dei,
1493 819 1559 846 illud
1576 827 1631 847 non
1649 821 1721 856 cogit
1738 820 1765 847 in

139 866 218 899 Θεοῦ,
236 867 274 903 μὴ
287 865 509 900 συναριθμεῖσθαι
520 866 558 896 εις
573 865 656 892 δυάδα
671 865 735 891 Υἱδν
750 865 795 891 τὸν
808 864 924 900 Χριστὸν

977 863 1050 891 duali
1064 872 1179 892 numero
1195 864 1282 892 ﬁlium
1296 865 1451 901 computari
1466 865 1606 894 Christum
1620 874 1681 894 cum
1697 867 1765 894 Filio

141 914 213 939 ποιεῖ
225 914 273 939 σὺν
284 911 322 948 τῷ
338 912 419 946 φύσει
438 911 494 946 Υἱῷ
509 912 557 938 τοῦ
583 912 651 938 Θεοῦ
667 912 705 946 τῷ
719 912 810 946 Λόγῳ.
831 911 892 937 ἐπεὶ
912 911 926 937 ὸ

136 957 254 993 ἀριθμὸς
268 958 316 984 ἐπὶ
332 957 386 984 τῶν
399 957 478 992 φύσει
492 957 560 990 ἐστὶ,
583 957 661 984 τοῦτο
676 957 814 983 δείκνυται
827 977 834 988 ,
849 957 889 983 ὅτι
909 956 925 991 ἦ

140 1004 175 1034 ὡς
185 1004 336 1039 ὑπερέχων,
349 1005 365 1039 ἢ
377 1004 414 1036 ὡς
429 1004 504 1031 οὐδὲν
512 1003 551 1030 ὢν
563 1004 641 1036 ὅλως,
659 1004 708 1038 οὐχ
731 1003 791 1038 ἥξει
807 1004 846 1034 εἰς
865 1003 926 1038 ἀρι-

140 1047 207 1082 θμὸν
223 1049 289 1076 υῐῶν
307 1052 321 1075 ὁ
341 1050 413 1076 θέσει
430 1059 438 1065 ·
457 1051 480 1077 εί
499 1051 548 1086 μὲν
560 1047 607 1077 οὖν
622 1050 658 1081 ὡς
672 1050 814 1085 ὑπερέχων
826 1049 926 1084 μείζων

146 1094 270 1129 Ἰωάννης
284 1094 332 1121 τοῦ
354 1095 488 1122 Δεσπότου
507 1096 535 1121 ἐν
548 1097 616 1127 υἱοῖς
633 1096 681 1131 τῆς
694 1094 851 1129 Δεσποίνης,
880 1094 926 1120 καὶ

138 1140 185 1166 τοῦ
202 1141 289 1174 Λόγου
306 1141 397 1172 ἁπλῶς
408 1142 422 1168 ὁ
438 1141 579 1175 ἄνθρωπος
600 1141 675 1177 παρὰ
692 1140 751 1176 Θεῷ
766 1140 804 1176 τῷ
819 1140 904 1176 Harp!
917 1147 924 1154 '

139 1187 163 1212 εί
177 1187 205 1213 δὲ
220 1187 332 1223 χείρων,
354 1187 412 1219 πῶς
437 1184 476 1219 εἷς
492 1187 548 1219 υἱὸς
568 1188 582 1214 ὁ
604 1188 704 1223 χείρων
719 1187 768 1213 συν
783 1187 821 1222 τῷ
837 1187 927 1222 κρείτ-

139 1240 216 1264 τονι;
233 1233 262 1259 οὑ
285 1232 339 1269 γὰρ
363 1233 393 1259 ἓν
413 1233 447 1260 τὰ
465 1234 582 1269 διάφορα
595 1233 715 1268 ἐροῦσιν.

175 1324 205 1349 Εἰ
222 1323 250 1349 δὲ
265 1324 366 1349 εἴποιεν
383 1323 423 1349 ὅτι
437 1323 474 1354 ὼς
497 1323 573 1349 οὐδὲν
589 1323 640 1355 ὧν,
658 1323 820 1358 ἐληλεγκται
835 1322 925 1349 αὐτῶν

139 1372 156 1406 ἡ
169 1371 279 1405 δόκησις
297 1371 344 1405 τῆς
370 1371 434 1406 περὶ
460 1371 578 1407 Χριστοῦ
600 1371 740 1406 υίότητος·
759 1371 801 1398 ἵνα
820 1371 848 1398 δὲ
875 1372 925 1397 κάν

139 1417 225 1452 τούτῳ
244 1417 373 1451 δειχθεῖεν
393 1417 565 1452 ψευδόμενοι,
582 1417 636 1445 ἰδοὺ
655 1419 683 1444 ὲν
705 1419 738 1454 τῇ
767 1418 926 1452 γενεαλογίᾳ

138 1462 186 1488 τοῦ
203 1463 316 1498 Κυρίου,
335 1463 433 1498 Ἰωσὴφ
458 1459 504 1489 rei»
523 1464 665 1499 μνηστῆρα
691 1464 740 1498 τῆς
764 1463 924 1498 Δεσποίνης,

140 1509 197 1534 υἱον
213 1508 288 1542 λέγει
314 1509 361 1535 τοῦ
386 1509 469 1541 Ἠλεὶ,
490 1509 577 1536 καίτοι
597 1509 626 1541 ἐξ
655 1508 752 1536 Ἰακὼϐ
768 1510 847 1543 φύσει
862 1509 926 1536 ὄντα

139 1555 186 1581 τοῦ
210 1554 322 1589 ἀδελφοῦ
346 1555 429 1581 αὐτοῦ
450 1555 631 1589 πρωτότοκον,
648 1555 717 1582 ἀλλὰ
740 1555 811 1582 κατὰ
832 1555 923 1589 νόμον,

140 1601 244 1627 ἐκείνου
262 1601 371 1637 σπέρμα
386 1601 433 1627 τοῦ
448 1602 714 1636 προτελευτῆσαντος
726 1601 839 1632 ἄπαιδος
853 1601 927 1627 ἀδελ-

139 1646 190 1680 φοῦ
209 1646 457 1683 ἀναγορευόμενον·
479 1646 520 1672 ἔτι
541 1646 569 1672 δὲ
595 1646 624 1672 τὸ
648 1646 811 1681 τρανότερον
837 1645 926 1672 αὐτῶν

139 1691 261 1726 γυμνοῦν
281 1692 331 1727 τὴν
355 1691 452 1726 διπλῆν
475 1691 612 1725 ἀσέϐειαν,
627 1691 767 1727 εἴποιμεν·
781 1691 819 1723 ὠς
833 1692 864 1718 Εἰ
879 1691 926 1717 καὶ

141 1738 178 1773 μὴ
195 1738 400 1774 συναριθμεῖται
414 1741 428 1765 ὁ
438 1739 511 1765 θέσει
524 1739 588 1771 Υἱὸς
599 1739 646 1765 τοῦ
655 1739 722 1766 Θεοῦ
736 1739 852 1775 Χριστὸς
865 1737 925 1765 καῧ¹

141 1785 211 1818 ὑμᾶς
231 1784 270 1818 τῷ
288 1784 367 1817 φύσει
383 1785 440 1819 Υἱῷ
461 1785 507 1812 καὶ
528 1785 607 1819 Λόγῳ
621 1785 668 1811 τοῦ
684 1784 761 1816 Θεοῦ,
778 1784 926 1811 κάντεῦθεν

139 1829 185 1855 δύο
206 1830 280 1860 υἱοὺς
302 1829 464 1864 πρεσϐεύειν
488 1830 537 1864 οὐχ
550 1829 693 1856 ἁλίσκεσθε
705 1837 713 1860 ;
727 1829 797 1855 Ἀλλ’
809 1830 870 1855 ὲπεὶ
886 1837 925 1855 τι-

140 1875 184 1904 νός
194 1875 252 1900 ἐστι
262 1875 309 1901 καὶ
321 1876 400 1906 αὐτὸς
414 1875 494 1909 φύσει
506 1875 580 1906 Υἱὸς,
593 1876 700 1906 πάντως
713 1875 760 1900 καὶ
768 1875 827 1901 καθ’
842 1875 924 1910 ὑμᾶς,

140 1920 223 1954 ῆγουν
245 1920 292 1946 τοῦ
318 1921 478 1956 ἀνθρώπου·
497 1922 527 1946 οὺ
552 1921 606 1956 γὰρ
624 1921 677 1948 ἀπὸ
693 1923 865 1956 ταυτομάτου
881 1931 926 1956 γε·

140 1966 262 2001 γένηται,
277 1966 355 2001 δῆλον
370 1968 407 1999 ὡς
422 1968 485 2000 Υἱός
506 1969 592 2001 ἐστιν,
610 1970 633 1995 εἰ
658 1970 704 1996 καὶ
719 1970 756 2005 μὴ
773 1969 851 2001 Θεοῦ,
868 1969 925 1995 ἀλλ’

141 2012 215 2046 ὅμως
228 2012 334 2043 πάντως
351 2013 422 2044 τινος
440 2014 586 2048 προσώπου
607 2014 686 2049 φύσει
702 2016 745 2042 καὶ
761 2014 821 2041 καθ’
836 2015 906 2049 ὑμᾶς
917 2024 924 2030 ο

140 2058 233 2084 τοῦτον
248 2058 294 2085 οὖν
313 2061 358 2085 τὸν
381 2060 411 2085 οὐ
431 2060 507 2091 Θεὸν,
522 2061 582 2087 οὐδὲ
604 2060 671 2087 Θεοῦ
696 2061 776 2095 φύσει
791 2061 864 2092 Υίὺν,
880 2062 925 2087 ἁν-

141 2103 251 2138 Θρώπου
265 2105 293 2132 δὲ
307 2106 387 2140 φύσει
403 2106 467 2132 Υἰδν
483 2107 543 2133 καθ’
557 2108 638 2142 ὑμᾶς.
656 2109 702 2134 καὶ
715 2109 760 2134 τὸν
771 2109 851 2142 φύσει
864 2109 925 2135 Υἱὸν

140 2149 188 2176 τοῦ
211 2150 279 2177 Θεοῦ
304 2152 401 2186 Λόγον,
429 2152 475 2178 δύο
497 2153 571 2184 oio-.3;
594 2161 680 2186 φατε·
697 2154 787 2188 ἢοὺδὲ
801 2154 854 2186 Σὴο
879 2156 925 2181 τὸν

939 1531 960 1560 C

978 911 1038 943 Dei,
1060 918 1109 945 per
1133 915 1259 939 naturam
1285 912 1374 939 Verbo
1397 913 1446 947 (5),
1470 913 1523 940 hoc
1548 913 1764 947 demonstratur,

977 956 1094 989 scilicet,
1113 956 1198 984 ﬁlium
1221 966 1271 992 per
1287 958 1463 992 adoptionem
1489 958 1530 986 vel
1554 959 1618 994 quia
1642 963 1763 994 praestat,

978 1000 1021 1028 vel
1044 1001 1109 1036 quia
1129 1002 1198 1029 nihil
1220 1003 1333 1030 omnino
1355 1008 1407 1036 est,
1431 1004 1458 1030 in
1477 1012 1621 1031 numerum
1647 1004 1764 1032 ﬁliorum

978 1054 1034 1073 non
1049 1054 1110 1074 esse
1130 1051 1297 1075 venturum:
1322 1057 1416 1083 porro,
1433 1051 1454 1076 si
1470 1054 1597 1084 tanquam
1620 1056 1764 1086 praestans,

977 1099 1042 1127 ergo
1057 1092 1185 1126 Joannes,
1197 1094 1224 1121 in
1235 1094 1357 1122 Domina:
1371 1095 1444 1127 liliis,
1464 1095 1562 1123 melior
1582 1101 1622 1123 est
1635 1096 1762 1126 Domino.

977 1144 1006 1167 et
1017 1139 1088 1174 apud
1115 1140 1200 1168 Deum
1222 1141 1329 1168 Patrem
1356 1138 1439 1169 homo
1460 1142 1585 1169 absolute
1607 1141 1704 1169 melior
1723 1146 1764 1169 est

978 1187 1089 1215 Verbo:
1115 1187 1190 1222 quod
1214 1187 1237 1214 si
1265 1193 1393 1222 tanquam
1416 1188 1504 1222 pejor,
1525 1187 1663 1223 quomodo
1688 1188 1765 1223 pejor

978 1241 1050 1261 unus
1067 1233 1140 1261 ﬁlius
1156 1237 1198 1261 est
1210 1241 1272 1260 cum
1286 1232 1424 1261 meliore?
1445 1234 1504 1260 Non
1525 1234 1599 1266 enim
1620 1241 1704 1260 unum
1719 1233 1763 1259 di—

977 1287 1056 1306 versa
1070 1285 1176 1315 rogant.

1014 1323 1066 1352 Sed
1081 1330 1109 1352 et
1128 1325 1150 1351 si
1169 1324 1277 1352 dicant:
1293 1325 1356 1359 quia
1371 1323 1437 1351 nihil
1455 1329 1506 1356 est,
1523 1325 1647 1360 arguitur
1668 1332 1763 1351 eorum
1801 1335 1803 1338 ⁴

978 1370 1072 1405 opinio
1084 1370 1117 1397 de
1131 1370 1230 1397 Christi
1251 1371 1395 1398 ﬁliatione.
1416 1371 1515 1397 Verum
1530 1374 1559 1402 ut
1575 1370 1602 1396 in
1617 1370 1668 1396 hoc
1679 1371 1764 1397 etiam

979 1415 1124 1443 mendaces
1141 1416 1332 1448 ostendantur,
1351 1417 1377 1443 in
1399 1416 1506 1443 Domini
1522 1415 1691 1452 genealogia,
1708 1415 1764 1447 ,Ιο-

978 1461 1056 1496 seph,
1080 1461 1204 1490 Dominae
1224 1469 1351 1497 sponsus,
1378 1462 1480 1489 dicitur
1500 1461 1572 1489 ﬁlius
1593 1461 1661 1493 lleli,
1679 1469 1765 1496 quan-

978 1514 1061 1541 quam
1076 1515 1110 1534 ex
1124 1507 1218 1539 Jacob,
1234 1507 1316 1542 hujus
1332 1507 1428 1539 fratre,
1442 1512 1539 1541 natura
1551 1506 1762 1542 priinogenitus.

977 1553 1025 1580 sed
1038 1554 1115 1588 juvta
1131 1554 1229 1589 legem,
1251 1554 1325 1581 illius
1337 1559 1417 1580 antea
1441 1561 1501 1581 Sine
1523 1554 1618 1580 liberis
1641 1552 1764 1580 defuncti

977 1600 1070 1627 fratris
1083 1608 1177 1627 semen
1196 1600 1359 1628 declaratus.
1376 1600 1415 1627 Ad
1435 1601 1557 1635 apertius
1574 1604 1665 1627 autem
1682 1599 1760 1626 dete-

976 1645 1093 1681 gendum
1118 1654 1215 1673 eorum
1238 1646 1376 1680 duplicem
1395 1639 1573 1680 impietatem,
1598 1646 1722 1672 dicamus
1735 1651 1764 1672 et

977 1691 1049 1719 istud
1061 1700 1066 1718 :
1080 1691 1107 1719 Si
1119 1693 1195 1726 juxta
1212 1699 1259 1719 vos
1272 1692 1358 1719 Filitts
1372 1692 1419 1718 Dei
1437 1699 1485 1725 per
1498 1692 1673 1726 adoptionem
1687 1691 1764 1718 Chri-

977 1743 1036 1765 stus
1046 1746 1101 1765 non
1111 1746 1166 1764 uno
1179 1745 1294 1765 numero
1307 1738 1437 1773 jungatur
1448 1737 1516 1764 Filio
1530 1745 1579 1771 per
1592 1741 1719 1764 naturam
1734 1740 1762 1762 ct

977 1785 1067 1812 Verbo
1087 1784 1144 1815 Dei,
1159 1784 1259 1811 exinde
1276 1783 1346 1810 duos
1364 1783 1435 1812 ﬁlios
1449 1787 1573 1811 astruere
1587 1791 1680 1811 nonne
1694 1791 1762 1810 con-

976 1830 1148 1857 vincemini?
1170 1831 1204 1857 At
1224 1838 1303 1861 vero,
1327 1835 1389 1856 cunt
1407 1834 1434 1856 et
1449 1830 1506 1864 ipse
1524 1829 1603 1863 plane
1620 1829 1762 1864 cujusdam

975 1875 1011 1901 sit
1028 1880 1125 1902 natura
1142 1875 1223 1908 ﬁlius,
1240 1880 1268 1902 et
1286 1877 1363 1910 juxta
1384 1882 1442 1906 vos,
1466 1875 1594 1905 hominis,
1613 1882 1667 1901 non
1688 1875 1763 1902 enim

975 1925 1126 1956 spontanee
1140 1926 1289 1956 generatus
1302 1926 1355 1954 est,
1376 1921 1489 1948 evidens
1512 1926 1555 1948 est
1575 1921 1661 1953 illum,
1679 1921 1761 1948 etiam

973 1967 1050 2002 juxta
1066 1974 1124 1999 vos.
1138 1967 1160 1994 si
1179 1974 1236 1994 non
1252 1968 1310 1999 Dei,
1328 1972 1356 1994 at
1372 1972 1446 1994 certe
1467 1967 1622 1994 necessario
1646 1967 1763 2002 alicuqu

976 2021 1109 2049 personae,
1126 2019 1223 2041 natura
1237 2014 1321 2041 ﬁlium
1334 2022 1405 2041 esse.
1427 2014 1505 2042 Hunc
1517 2014 1600 2049 igitur
1610 2022 1665 2042 non
1677 2014 1762 2041 Deu;n

976 2069 1027 2089 nec
1051 2061 1099 2089 Dei
1122 2061 1276 2089 naturalem
1298 2062 1409 2094 Filium,
1435 2062 1482 2089 sed
1503 2062 1580 2097 juxta
1603 2069 1652 2089 vos
1676 2062 1762 2090 ﬁlium

976 2106 1099 2132 hominis
1118 2106 1282 2139 naturalem,
1299 2112 1326 2133 et
1349 2107 1500 2133 naturalem
1517 2107 1616 2135 Filium
1632 2107 1678 2134 Dei
1694 2108 1763 2135 Ver-

976 2151 1052 2184 bum,
1077 2151 1147 2179 duos
1173 2151 1244 2179 ﬁlios
1268 2152 1372 2184 dicitis,
1395 2153 1437 2179 vel
1461 2160 1550 2187 neque
1573 2153 1652 2184 Seth,
1677 2152 1764 2180 ﬁlium

142 2197 198 2222 υἱὸν
219 2197 312 2232 Ἀδὰμ,
330 2197 376 2224 καὶ
391 2198 436 2225 τὸν
452 2199 536 2231 Λόγον
551 2199 598 2225 τοῦ
612 2199 690 2232 Θεοῦ,
704 2200 751 2226 δύο
769 2201 842 2232 υἱοὺς
855 2202 925 2235 ἐρεῖ-

977 2197 1073 2230 Adam,
1095 2202 1123 2224 et
1146 2198 1265 2224 Verbum
1283 2197 1342 2229 Dei,
1368 2203 1463 2232 utpote
1487 2199 1569 2225 unius
1595 2203 1622 2225 et
1648 2198 1764 2226 alterius

140 2250 181 2273 τε,
198 2242 292 2278 ἑτέρου
312 2244 358 2269 καὶ
380 2244 474 2279 ἐτέρου
496 2245 576 2276 ὄντας
609 2245 694 2278 υἱούς.
723 2246 754 2273 Εἰ
774 2246 803 2273 δὲ
834 2248 923 2280 τοῦτο,

142 2288 250 2319 πάντως
271 2288 349 2323 δῆλον
366 2290 403 2320 ὠς
419 2290 465 2317 δύο
486 2299 535 2325 μεν
558 2291 632 2321 υἱοὺς
653 2292 720 2323 ἴστε,
735 2293 780 2317 τόν
796 2301 825 2318 τε
839 2293 925 2326 Λόγον

141 2332 188 2358 καὶ
198 2333 242 2358 τὸν
256 2334 371 2368 Χριστόν
383 2343 389 2348 ·
401 2333 546 2370 ὢσπεροῦν
560 2335 607 2362 καὶ
614 2335 660 2361 δύο
672 2336 804 2370 πρόσωπα
815 2337 923 2371 λέγετε·

141 2377 198 2404 ἀλλ’
218 2378 278 2405 οὐδὲ
293 2379 369 2410 Θεὸν,
386 2380 444 2405 οὐδὲ
460 2380 527 2406 Θεοῦ
544 2381 607 2407 Υίὺν
625 2381 671 2407 τὸν
695 2382 823 2415 Χριστὶν,
847 2384 926 2418 μόνον

140 2425 167 2450 δὲ
175 2424 252 2458 ψιλὸν
268 2425 324 2451 υίὸν
340 2426 404 2452 ὄντα
418 2426 478 2453 καθ’
488 2427 559 2461 ἡμᾶς
575 2427 638 2458 τοὺς
649 2428 809 2462 ἀνθρώπους
819 2429 867 2455 ἀνθ
873 2429 926 2463 ρώ-

141 2479 193 2497 non
207 2479 212 2486 '
229 2471 313 2497 ταῦτα
328 2472 355 2498 δὲ
371 2471 404 2505 ἦν
423 2472 492 2499 αὐτὰ
508 2473 526 2499 ἆ
544 2473 626 2500 πάλαι
650 2474 844 2509 ἐγκαλούμενοι
860 2477 926 2510 παρ’

140 2517 230 2552 ἡμῶν,
255 2516 337 2552 ἄλλην
353 2518 470 2552 ἀλλαχοῦ
492 2518 684 2551 διεκδύνοντες,
707 2520 799 2546 λαθεῖν
820 2521 925 2556 ἐμηχα-

142 2562 239 2589 νᾶσθε·
257 2564 302 2590 καὶ
321 2563 374 2590 ἰδοὺ
390 2564 492 2599 θατέρᾳ
509 2564 626 2599 θατέραν
641 2565 801 2597 κακοδοξίαν
820 2566 924 2592 ἑαυτῶν

141 2608 312 2644 διηλέγξατε·
331 2609 409 2635 τοῦτο
425 2610 554 2642 πολλάκις
567 2611 617 2637 κάν
632 2611 687 2642 τοῖς
701 2610 861 2645 δαιμονιῶσι
875 2612 924 2646 τῆς

140 2655 216 2687 Θείας
238 2656 379 2691 δυνάμεως
409 2656 569 2691 δεικνύσης,
591 2658 638 2682 καὶ
661 2656 923 2691 καταναγκαζούσης

140 2703 183 2728 διὰ
197 2701 250 2728 τῶν
265 2703 350 2736 ἁγίων
364 2702 455 2736 λέγειν
468 2703 567 2734 αὐτοὺς
586 2703 648 2733 τοὺς
663 2703 793 2737 δαίμονας
807 2702 923 2734 ἄκοντας

139 2748 189 2778 τὰς
204 2748 307 2774 ἑαυτῶν
322 2748 432 2782 ἐφόδους
446 2748 491 2774 καὶ
512 2749 655 2778 ὲπιὸουλὰς
670 2748 717 2774 καὶ
733 2748 864 2783 πονηρίας
877 2748 925 2779 τὰς

977 2244 1059 2276 ﬁlios,
1077 2243 1147 2270 duos
1162 2243 1233 2271 ﬁlios
1250 2243 1405 2278 loquimini.
1422 2244 1475 2271 Sed
1493 2244 1516 2270 si
1533 2244 1568 2271 ita
1582 2248 1633 2275 est,
1651 2251 1764 2278 prorsus

976 2294 1050 2324 patet
1066 2290 1139 2324 quod
1161 2297 1210 2316 vos
1230 2290 1300 2316 duos
1319 2289 1390 2316 ﬁlios
1410 2290 1570 2324 agnoscitis.
1594 2290 1715 2317 Verbum
1735 2295 1764 2316 et

975 2335 1134 2366 Christum.
1160 2334 1393 2369 quemadmodum
1420 2335 1509 2369 reipsa
1535 2335 1605 2362 duas
1631 2342 1764 2369 personas

977 2381 1079 2413 dicitis,
1096 2388 1193 2407 verum
1209 2388 1300 2416 neque
1311 2381 1396 2408 Deum
1412 2388 1502 2415 neque
1517 2381 1671 2408 Filium‘Dei
1684 2380 1764 2408 Chri-

971 2431 1061 2460 stum,
1077 2428 1124 2454 sed
1138 2435 1244 2454 merum
1259 2432 1287 2454 et
1298 2426 1461 2464 simplicem,
1476 2427 1548 2454 sicut
1563 2434 1613 2453 nos
1622 2426 1762 2458 homines.

979 2472 1065 2498 ﬁlium
1085 2471 1217 2499 hominis.
1237 2471 1299 2498 Haec
1321 2476 1414 2498 autem
1440 2477 1520 2499 erant
1537 2472 1595 2506 ipsa
1606 2472 1640 2499 de
1663 2471 1765 2506 quibus

978 2524 992 2543 a
1018 2516 1098 2544 nobis
1126 2517 1276 2549 criminati,
1302 2518 1348 2544 alii
1373 2518 1425 2544 alio
1449 2517 1763 2553 diﬁ‘ugientes,jamjam

953 2571 957 2574 ”
976 2562 1062 2589 latere
1077 2562 1319 2591 maehinabamini.
1335 2564 1368 2590 Et
1379 2571 1442 2591 ecce
1459 2571 1539 2591 unam
1553 2564 1605 2591 alia
1620 2572 1764 2599 perversae

176 2835 215 2870 (5)
231 2834 370 2868 Siquidem
393 2843 527 2862 numerus
545 2834 661 2861 iit-ﬁlios
672 2842 721 2868 per
734 2840 860 2862 naturam
873 2834 956 2861 cadit.

976 2609 1116 2637 doctrinas
1134 2615 1238 2639 vestras
1254 2611 1424 2646 prodidistis.
1442 2611 1497 2638 lloc
1512 2619 1583 2646 saepe
1604 2611 1699 2638 videre
1721 2615 1765 2638 est

977 2656 1004 2683 in
1021 2656 1206 2688 daamoniacis,
1224 2657 1317 2685 divina
1335 2658 1457 2693 polentia
1478 2658 1611 2693 prodente
1635 2661 1764 2692 cogente-

977 2711 1041 2738 que.
1065 2703 1164 2730 mediis
1176 2703 1273 2735 sacris.
1291 2704 1365 2739 ipsos
1387 2704 1525 2730 dmonos
1549 2702 1613 2730 su'os
1633 2701 1717 2729 calles
1735 2707 1764 2729 et

979 2748 1091 2775 consilia
1111 2753 1137 2775 et
1156 2748 1294 2783 nequitias
1309 2756 1373 2783 erga
1389 2756 1598 2784 energumenos,
1616 2748 1701 2775 invite
1719 2747 1764 2775 di-
