1960 3093
141 174 210 209 1649

599 173 796 203 ADVERSUS
815 172 1089 202 NESTORIANOS.
1102 184 1137 189 --
1151 173 1226 203 LIB.
1246 174 1294 204 ιν.

1698 175 1766 207 1650

140 234 200 260 ἔστι
211 232 291 268 φύσει
305 240 310 247 ·
326 231 372 258 καὶ
387 231 401 256 ὸ
420 230 503 264 Λόγος
518 229 545 255 δὲ
559 229 626 260 Θεὸς
638 228 676 256 ὢν
693 228 785 262 φύσει,
802 228 832 255 οὑ
847 228 929 262 φύσει

987 228 1077 263 gignit,
1102 233 1144 256 est
1155 228 1238 256 etiam
1260 230 1426 258 naturaliter
1444 239 1518 259 caro.
1536 231 1589 259 Sed
1605 234 1633 259 et
1645 230 1766 258 Verbum

142 279 206 310 Υἱός
225 279 284 304 ὲστι
304 277 352 303 τοῦ
375 275 493 311 Πατρὸς,
508 274 575 302 ἀλλὰ
599 276 689 310 χάριτι
706 276 753 301 σὺν
774 276 807 310 τῇ
829 275 928 309 σαρκί·

142 326 172 352 οὒ
193 324 258 356 Θεὸς
269 324 323 359 ἄρα
335 324 348 350 ό
365 322 454 357 πατήρ
467 323 552 354 ἐστιν,
568 322 623 348 εἴτε
644 321 691 347 οὖν
707 322 795 356 ὅμοιοι
808 321 863 347 εἴτε
880 321 930 347 ἀν-

142 370 231 405 ὀμοιοί
241 370 310 396 εἰσιν
323 369 348 395 oi
361 368 414 395 υίοὶ
426 368 472 394 καὶ
482 367 578 399 οὕτως,
594 367 673 402 εἴπερ
684 367 711 392 αἱ
724 366 871 403 σφραγῖδες
883 366 931 392 καὶ

143 417 177 442 τὰ
194 415 335 450 ἀρχέτυπα
351 414 382 440 τὸ
404 413 464 440 κατ’
483 413 599 448 ἀριθμὸν
623 413 751 446 διάφορον
774 412 892 447 ἔχουσιν,
905 413 930 439 εί

144 463 190 488 καὶ
213 461 251 496 μὴ
274 460 305 487 τὸ
322 460 393 487 κατὰ.
416 460 446 486 τὺ
466 458 535 491 εἶδος
557 459 732 485 διαλλάσσον·
751 459 799 485 καὶ
820 459 873 485 οἵδε
893 459 931 493 τῷ

144 506 255 542 ἀριθμῷ
266 504 578 540 διαφέροντες,δύναιντο
591 504 624 531 ἂν
639 504 719 536 εἶναι,
734 504 781 530 καὶ
796 505 836 535 εἰς
849 504 932 531 δυάδα

146 551 212 578 υἱῶν
236 551 473 586 συναριθμεῖσθαι,
499 550 594 586 ὥσπερ
615 549 722 581 Παῦλος
742 550 788 576 καὶ
812 549 925 584 Πέτρος

144 595 191 631 ἢτὸ
208 595 349 626 δακτύλιος
371 596 419 622 καὶ
442 596 456 622 ὀ
477 595 574 630 κηρὸς,
597 595 613 630 ἢ
637 594 721 629 πηλὸς
746 595 791 621 καὶ
810 594 932 629 μόλιϐδος

145 642 361 676 ἐντετυπωμένοι
372 650 380 656 ·
400 641 467 668 ἀλλὰ
488 641 570 667 πάλιν
600 641 649 676 τὴν
664 641 791 676 διάφορον
807 640 873 676 ὓλην
886 641 933 667 ἀν-

149 686 219 712 ελεῖν
234 695 299 720 φασι
319 686 366 712 τὸν
379 686 495 721 ἀριθμὸν
505 686 560 712 τῶν
576 686 732 720 σφραγίδων
750 685 871 720 ἠλιθίως,
885 686 933 712 καὶ

147 731 212 766 μίαν
225 733 310 758 ποιεῖν
323 732 372 763 τὰς
384 731 485 763 πολλὰς
495 731 615 758 νοεῖσθαι
626 739 633 747 ·
647 731 744 758 οὐκοῦν
759 731 789 757 τὸ
803 731 933 767 διάφορον

145 778 230 812 αὐτῆς
249 778 372 814 εἴποιμεν
386 778 488 811 εἰσάξει
499 778 579 805 αὐτόν
592 787 598 793 ·
612 779 635 804 ei
647 778 701 813 γὰρ
718 777 757 812 τῷ
773 778 885 812 ἐναντίῳ
903 778 934 804 ’τὸ

145 824 276 855 ἐναντίον,
285 825 313 851 ὲν
324 824 401 859 κηρῷ
414 822 551 858 οὗν-τυχὸν
562 821 743 854 οὗσαιπᾶσαι,
755 823 864 855 πλείους
878 820 933 850 εἷεν

147 869 312 904 σφραγῖδες·
331 870 360 896 ὲν
381 869 521 904 διαφόροις
539 869 567 896 δὲ
583 868 659 900 ὕλαις
679 869 858 900 τυπωθεῖσαι,
884 868 933 904 μία

145 914 199 940 εἰσὶ
214 913 274 940 καθ’
292 915 378 948 ὑμᾶς·
394 914 464 940 ἀλλὰ
485 914 572 940 ταῦτα
594 913 711 949 δάκρυον
726 914 872 948 ὀφείλεται,
886 915 935 942 καὶ

146 959 251 993 γέλωτα
266 959 340 994 ὅμως
354 960 428 994 ἡμᾶς
440 959 573 992 ὲκΰιάζει.

447 1095 571 1122 ΚΕΦΔΛ.
589 1094 635 1122 IA'.

184 1138 219 1164 Τί
231 1136 289 1170 οὖν,
305 1137 371 1173 φησί
383 1147 390 1172 ;
408 1138 454 1164 δύο
467 1139 542 1172 λόγοι
555 1139 633 1171 εἰσὶν,
649 1140 663 1166 ὃ
672 1147 702 1166 τε
718 1140 874 1175 λεγόμενος,
889 1142 935 1168 καὶ

146 1185 161 1209 ό
181 1183 365 1218 ἀκουόμενοςς
387 1183 468 1210 Ἀλλὰ
483 1185 553 1211 κάπὶ
574 1186 687 1218 τούτων,
701 1186 809 1220 πρῶτον
824 1188 873 1222 μὲν
888 1187 936 1214 ἄλ-

146 1228 192 1260 λος
214 1229 228 1255 ὁ
253 1228 415 1261 ἐνδιάθετος,
442 1230 489 1256 καὶ
510 1230 590 1262 ἄλλος
610 1232 625 1257 ὁ
647 1231 718 1257 κατὰ
736 1231 870 1259 διάνοιαν·
888 1234 936 1261 καὶ

146 1274 240 1309 ἕτερος
253 1275 267 1301 ὁ
282 1275 462 1310 προφορικὺς,
479 1275 526 1302 καὶ
541 1277 554 1302 ὀ
570 1276 623 1302 ὑπὸ
644 1277 754 1303 τοῦτον·
769 1279 783 1304 ό
794 1279 934 1313 γραπτος,

147 1320 195 1347 καὶ
208 1320 277 1355 μετὰ
291 1320 401 1352 τούτους
410 1321 423 1347 ὁ
436 1321 599 1354 ἁκουόμενός
608 1322 665 1348 ἐστι
677 1331 683 1337 ·
692 1323 739 1349 καὶ
750 1323 852 1350 τούτων
866 1324 895 1351 δὲ
906 1325 936 1351 τὸ

147 1366 253 1392 κοινόν·
268 1366 368 1400 ὁμοίως
390 1367 449 1398 ταῖς
469 1367 614 1400 σφραγῖσιν
628 1366 656 1392 ἓν
672 1366 698 1393 τί
711 1368 770 1394 ἐστι
783 1367 813 1394 τὸ
821 1368 892 1394 κατὰ
907 1368 937 1395 τὸ

149 1414 349 1448 σημαινόμενον
361 1413 391 1440 τὺ
406 1413 470 1440 αὑτό
482 1421 488 1428 ⁸
503 1413 541 1445 ὡς
552 1414 576 1439 εί
590 1413 643 1440 τῶν
655 1413 820 1448 πολυσήμων
836 1422 878 1445 τις
892 1413 935 1449 εἴη

148 1459 227 1494 λόγος
245 1460 294 1486 εἴτ’
309 1459 355 1486 οὖν
373 1459 543 1494 ὁμωνύμων·
562 1459 614 1486 κᾶν
635 1460 676 1486 ἑνὶ
694 1460 767 1494 μόνῳ
789 1460 901 1495 λέγηται
919 1461 935 1495 ἢ

147 1505 289 1540 ἀκούηται,
308 1506 356 1540 οὐχ
377 1503 417 1537 εἷς
431 1506 510 1539 λόγος
531 1505 571 1532 ἑτι
588 1505 712 1540 λέγεται·
735 1506 786 1532 κᾶν
807 1507 856 1541 μιᾷ
872 1514 937 1541 προ-

148 1551 220 1585 φορᾷ
238 1549 445 1584 ἐξαγγέλληται,
463 1549 532 1576 ἀλλὰ
556 1549 666 1580 πλείους
686 1549 760 1583 λόγοι
775 1547 844 1576 εἷναι
860 1549 936 1585 παρὰ

148 1596 214 1622 πᾶσι
227 1597 282 1626 τοῖς
293 1595 472 1627 διαλεκτικοῖς
486 1595 673 1630 ὡμολόγηνται
681 1603 688 1611 '
700 1595 778 1630 δῆλον
789 1594 834 1621 οὖν
849 1595 887 1626 ὼς
897 1595 935 1630 τῷ

149 1642 340 1677 σημαινομένῳ
363 1642 393 1668 τὸ
413 1642 516 1676 κυρίως
529 1641 558 1668 ἓν
568 1641 616 1668 τοῦ
637 1641 716 1676 λόγου
728 1642 801 1676 ἐστί’
816 1642 840 1668 εί
853 1642 881 1668 δὲ
893 1642 935 1668 ὅτι

148 1687 292 1722 συμϐαίνει
313 1688 358 1714 τὸν
381 1688 462 1714 αὑτὸν
482 1687 529 1714 ἕνα
544 1687 583 1723 τῷ
608 1687 718 1723 ἀριθμῷ
732 1688 821 1722 λόγον,
839 1688 936 1715 λεκτόν

145 1743 175 1760 τε
192 1732 261 1760 εῐναι
284 1734 326 1769 τῷ
347 1734 460 1765 είπόντι,
479 1734 525 1760 καὶ
548 1733 681 1760 ἀκουστὸν
704 1733 743 1768 τῷ
767 1734 935 1768 παρεστῶτι,

151 1780 218 1807 εἴποι
232 1787 276 1810 τις
289 1779 375 1810 οὕτως
391 1779 438 1805 ἕνα
458 1779 538 1805 αὑτὸν
552 1777 632 1811 εἶναι,
650 1779 700 1805 οὐκ
724 1778 780 1813 ἔχοι
796 1779 829 1806 ἂν
843 1779 936 1814 ὁμοιό-

148 1832 217 1858 τητα
234 1824 300 1859 ὑμῖν
315 1823 346 1850 τὸ
359 1824 534 1857 παράδειγμα
543 1832 551 1840 ’
569 1823 629 1850 οὐδὲ
640 1825 694 1858 γὰρ
721 1823 878 1850 ὑπόκεινται
891 1824 938 1850 δύο

147 1871 208 1896 τινὰ
230 1869 340 1904 ἀριθμῷ
366 1869 470 1900 ἐνθάδε,
487 1869 576 1896 εῖτουν
594 1868 641 1895 δύο
664 1869 738 1903 λόγοι
760 1869 801 1895 ἑνὶ
824 1869 938 1904 ὀνόματι

147 1914 348 1949 ὀνομαζόμενα,
371 1914 465 1949 ὥσπερ
489 1914 519 1941 τό
543 1923 571 1941 τε
593 1915 740 1948 πρόσωπον
756 1914 875 1948 Χριστοῦ
890 1915 937 1940 καὶ

148 1961 196 1988 τοῦ
213 1962 299 1995 Λόγου
321 1961 368 1987 δύο
383 1960 465 1991 οὔσας
487 1959 642 1995 ἁριθμητὰς
657 1960 831 1991 ὑποστάσεις.
848 1960 935 1987 ἐδόκει

149 2009 212 2042 ὑμῖν
224 2008 272 2034 ἕνα
288 2007 352 2034 Υἱδν
363 2007 468 2041 λέγειν·
486 2007 554 2033 ἀλλὰ
566 2007 720 2034 τούναντίον
735 2006 862 2042 βούλεσθε
880 2007 950 2034 δεῖ-τ

150 2055 203 2088 ξαι,
224 2054 254 2081 ἓν
270 2054 380 2090 ἀριθμῷ
397 2053 576 2088 ὑποκείμενον
598 2053 725 2085 ἐνταῦθα,
747 2051 795 2080 δύο
806 2053 937 2088 ὀνόμασιν

149 2103 205 2129 ἀπὸ
226 2103 354 2137 διαφόρου
379 2102 498 2137 σχέσεως
522 2102 792 2137 προσαγορευόμενον
816 2103 909 2129 ἐστιν’
922 2103 936 2129 ὁ

149 2148 203 2183 γὰρ
226 2148 306 2180 αὐτὸς
330 2145 369 2179 εἷς
394 2148 504 2183 ἀριθμῷ
527 2148 605 2181 λόγος
629 2148 725 2182 μόνος·
745 2148 800 2174 ἀπὸ
816 2148 935 2183 σχέσεως

151 2194 201 2228 μὲν
214 2194 260 2220 τοῦ
275 2194 406 2226 εἰπόντος.
423 2195 532 2226 λεκτός·
543 2193 596 2220 ἀπὸ
606 2193 634 2220 δὲ
644 2194 762 2228 σχέσεως
773 2193 820 2220 τοῦ
835 2194 937 2227 ἀκροα-

981 274 1055 309 quod
1077 279 1119 302 est
1143 275 1306 302 naturaliter
1328 276 1410 309 Deus,
1436 285 1491 305 non
1513 282 1556 305 est
1573 277 1662 304 Patris
1683 276 1768 304 Filius

982 320 1124 352 naturalis,
1144 320 1194 348 sed
1209 321 1291 348 simul
1306 329 1368 349 cum
1385 330 1466 350 carne
1482 323 1568 350 Filius
1579 330 1629 357 per
1640 323 1767 357 graliam.

981 366 1042 393 Non
1062 367 1135 394 Deus
1154 367 1246 401 itaque
1262 371 1339 402 pater
1359 372 1411 400 cst,
1429 368 1488 396 sive
1509 369 1614 396 similes
1634 368 1694 395 sive
1718 368 1769 394 ab-

983 411 1086 438 similes
1103 412 1158 439 sint
1176 412 1268 439 taliter
1284 412 1343 445 ﬁlii,
1363 412 1498 447 siquidem
1515 413 1604 448 sigilla
1619 418 1648 440 et
1670 412 1769 439 arche-

983 461 1048 492 typa
1073 457 1226 484 secundum
1256 466 1402 485 numerum
1428 458 1617 486 diversitatem
1646 457 1767 488 habent.

982 503 1047 530 licet
1075 504 1225 531 secundum
1257 500 1460 539 speciem'non
1488 505 1636 537 dill'erant;
1665 509 1694 532 et
1712 505 1768 534 isti

982 555 1099 575 numero
1121 548 1282 576 differentes
1303 557 1365 576 esse
1388 555 1501 584 possent
1519 554 1547 577 et
1561 550 1588 577 in
1606 550 1681 578 duali
1699 549 1770 578 ﬁlio-

984 601 1045 621 rum
1065 602 1180 622 numero
1201 596 1367 630 computari,
1388 596 1459 623 sicut
1484 596 1585 624 Paulus
1606 601 1635 624 et
1658 595 1768 628 Petrus.

983 639 1027 666 vel
1046 640 1165 667 annulus
1181 644 1209 667 et
1231 648 1305 672 cera,
1330 645 1379 668 aut
1399 641 1488 668 lutum
1508 645 1536 669 et
1557 642 1700 676 plumbum
1719 642 1771 669 im-

983 686 1126 719 pressione
1154 685 1270 720 signata.
1289 685 1343 713 Sed
1365 694 1474 714 rursum
1495 687 1588 721 inepte
1612 686 1709 714 dicunt
1729 687 1772 714 di-

984 736 1092 757 versam
1107 731 1251 758 materiam
1266 739 1412 759 numerum
1429 732 1582 767 sigillorum
1602 733 1697 760 tollere
1712 732 1771 760 elli-

984 782 1102 810 cereque
1115 780 1144 803 ut
1157 776 1242 804 multa
1258 781 1423 805 censeantur
1444 785 1540 805 unum.
1559 778 1642 813 Ergo,
1665 778 1771 806 dicere—

984 828 1056 853 mus,
1079 821 1153 856 quod
1178 821 1318 849 diversum
1342 824 1526 855 estmatcriaa
1551 823 1663 851 adducit
1684 831 1769 851 eum:

984 865 1052 894 Cum
1063 867 1138 894 enim
1149 868 1286 895 contraria
1300 869 1447 897 contrariis
1460 869 1622 904 probantur,
1636 869 1658 897 si
1672 874 1771 897 cuncta

985 911 1074 948 sigilla
1099 913 1127 940 in
1148 920 1238 940 ceram
1262 913 1438 947 cecidissent,
1457 915 1537 950 plura
1556 919 1648 942 essent
1662 914 1770 950 sigilla:

985 959 1033 987 sed
1048 959 1077 986 in
1090 960 1208 988 diversis
1224 961 1348 988 materiis
1363 961 1506 995 impressa.
1520 962 1596 996 juxta
1610 969 1670 993 vos,
1685 968 1770 988 unum

985 1008 1060 1032 sunt.
1085 1005 1188 1032 Verum
1209 1005 1274 1032 talia
1295 1004 1355 1033 ﬁeri
1379 1005 1481 1033 debent
1496 1009 1523 1033 ct
1538 1009 1630 1033 tamen
1649 1005 1733 1033 risum
1756 1013 1774 1033 α

987 1051 1065 1078 nobis
1081 1050 1207 1079 eliciunt.

1296 1099 1370 1126 CAP.
1390 1099 1460 1126 XIV.

1024 1143 1095 1177 Quid
1111 1144 1203 1180 igitur,
1220 1144 1318 1172 aiunt?
1332 1143 1438 1171 Suntne
1452 1143 1508 1171 duo
1521 1144 1612 1171 Verba
1626 1147 1655 1171 et
1668 1144 1772 1171 dictum

986 1195 1014 1218 et
1028 1190 1178 1217 auditum?
1201 1189 1255 1217 Sed
1276 1193 1376 1224 praeter
1395 1188 1447 1216 ista
1461 1189 1550 1224 primo
1566 1188 1677 1223 quidem
1699 1188 1773 1216 aliud

986 1240 1028 1263 est
1048 1235 1175 1262 intimum
1199 1234 1295 1267 menti,
1311 1238 1339 1261 et
1352 1233 1426 1260 aliud
1446 1233 1474 1260 in
1495 1233 1676 1268 cogitatione;
1700 1232 1773 1259 aliud

987 1281 1061 1316 quod
1086 1288 1133 1308 ore
1149 1278 1290 1315 profertur
1306 1283 1334 1306 et
1348 1278 1423 1305 aliud
1438 1278 1473 1305 ab
1489 1278 1542 1304 isto
1561 1277 1685 1313 pendens
1704 1277 1775 1305 scri-

986 1333 1082 1362 ptum;
1109 1329 1137 1354 et
1163 1329 1226 1360 post
1249 1325 1295 1352 illa
1319 1324 1396 1352 venit
1423 1324 1560 1351 auditum.
1586 1323 1640 1351 Sed
1664 1323 1774 1350 illorum

986 1379 1110 1407 quoque,
1129 1375 1258 1406 tanquam
1276 1370 1305 1397 in
1328 1369 1436 1405 sigillis,
1458 1377 1604 1397 commune
1628 1373 1656 1396 et
1673 1368 1775 1404 aliquid

988 1425 1091 1450 unum,
1117 1417 1146 1445 in
1166 1424 1200 1444 eo
1225 1415 1377 1444 consistens
1400 1415 1473 1450 quod
1500 1415 1572 1442 idem
1596 1414 1774 1450 signiﬁcetur.

987 1465 1069 1492 Velut
1092 1463 1116 1491 si
1139 1463 1251 1498 quidam
1264 1466 1338 1490 esset
1350 1470 1442 1490 sermo
1460 1461 1538 1497 plura
1559 1461 1717 1496 signiﬁcans
1729 1466 1777 1488 aut

988 1508 1127 1543 duplicem
1150 1514 1260 1535 sensum
1277 1506 1381 1539 ferens,
1397 1506 1451 1534 etsi
1472 1506 1520 1533 uni
1542 1510 1649 1532 tantum
1669 1504 1777 1532 dicatur

950 1564 970 1593 ο
988 1553 1030 1580 vel
1052 1553 1194 1584 audiatur,
1213 1560 1268 1579 non
1297 1551 1389 1578 adhuc
1416 1559 1489 1578 unus
1505 1558 1596 1578 sermo
1612 1550 1728 1583 dicitur;
1750 1555 1778 1578 et

988 1597 1056 1626 licet
1081 1605 1135 1626 una
1160 1597 1315 1633 prolatione
1338 1595 1535 1629 annuntietur,
1564 1596 1658 1631 plures
1687 1599 1777 1622 tamen

988 1651 1049 1671 esse
1067 1650 1211 1671 sermones
1224 1650 1239 1670 a
1255 1641 1362 1669 cunctis
1372 1641 1525 1670 dialecticis
1536 1641 1702 1669 admittitur.
1715 1641 1779 1668 Evi-

987 1689 1056 1717 dens
1069 1689 1153 1724 igitur
1169 1693 1211 1715 est
1227 1695 1314 1715 unum
1336 1687 1415 1714 verbi
1434 1687 1580 1722 proprium
1598 1687 1626 1714 in
1642 1687 1779 1722 signiﬁca-

988 1735 1064 1762 tione
1086 1741 1158 1762 esse.
1176 1733 1204 1760 Si
1228 1740 1306 1766 vero,
1325 1740 1387 1759 cum
1405 1732 1507 1760 accidit
1522 1733 1650 1759 eumdem
1672 1740 1780 1760 sermo-

990 1788 1064 1812 nem,
1081 1786 1198 1806 numero
1210 1786 1307 1811 unum,
1322 1785 1384 1805 esse
1398 1777 1502 1806 dictum
1517 1778 1640 1812 loquenti
1657 1782 1684 1805 et
1700 1778 1780 1806 audi-

988 1830 1047 1853 tum
1072 1824 1222 1858 assistenti,
1249 1824 1333 1857 dicat,
1349 1823 1411 1859 quis
1434 1824 1512 1850 illum
1533 1824 1574 1851 sic
1599 1832 1683 1851 unum
1706 1831 1778 1857 esse.

988 1879 1043 1899 non
1061 1870 1176 1898 haberet
1199 1869 1410 1897 similitudinem
1434 1870 1514 1898 vobis
1539 1870 1593 1897 hoc
1611 1870 1778 1905 exemplum.

987 1917 1048 1945 Non
1062 1917 1135 1944 enim
1148 1916 1195 1944 hic
1208 1916 1357 1951 subiacent
1373 1916 1428 1943 duo
1445 1916 1569 1950 quaedam
1581 1923 1706 1949 numero,
1718 1924 1780 1952 quae

988 1964 1044 1992 duo
1060 1964 1144 1992 verba
1166 1972 1222 1992 uno
1247 1964 1360 1991 nomine
1387 1963 1527 1997 dicantur,
1545 1964 1780 1999 quemadmodum

988 2019 1134 2047 personam
1144 2010 1246 2039 Christi
1258 2014 1287 2038 ct
1297 2010 1379 2038 Verbi
1391 2010 1459 2037 duas
1472 2017 1593 2038 numero
1609 2010 1779 2046 hypostases,

989 2065 1074 2084 unum
1089 2057 1189 2084 Filium
1203 2056 1295 2084 dicere
1309 2055 1389 2084 vobis
1410 2056 1510 2091 placet.
1536 2055 1590 2084 Sed
1610 2056 1780 2084 contrarium

989 2101 1072 2128 vultis
1093 2101 1256 2133 ostendere;
1286 2109 1371 2128 unum
1397 2100 1443 2128 hic
1468 2108 1586 2128 numero
1612 2101 1780 2136 subjectum,

989 2147 1100 2174 duobus
1121 2147 1281 2174 nominibus
1302 2154 1317 2174 a
1340 2146 1452 2174 diversa
1483 2146 1617 2173 relatione
1641 2150 1780 2174 vocatum.

990 2193 1064 2220 Idem
1075 2193 1150 2220 enim
1169 2200 1287 2220 numero
1313 2193 1429 2220 verbum
1444 2200 1531 2220 unum
1557 2197 1600 2220 est
1621 2196 1744 2219 tantum:
1766 2202 1781 2220 ει

150 2239 207 2271 τοῦ,
223 2240 354 2271 ἀκουστδς
371 2239 517 2275 ὠνομάσθη
529 2247 536 2256 ·
553 2239 633 2266 πάλιν
657 2239 703 2267 οὖν
726 2240 773 2266 καὶ
790 2239 876 2270 οὕτως
894 2240 934 2270 εἰς

987 2237 1152 2273 proferentis
1168 2238 1313 2270 relatione,
1336 2237 1459 2269 dictum;
1477 2237 1512 2265 ab
1530 2237 1671 2265 audientis
1687 2241 1781 2265 autem

150 2285 295 2320 πρόπωπον
311 2286 387 2321 ὑμῶν
406 2287 601 2323 ἀπικαταρρεῖ
619 2286 652 2312 τὰ
675 2286 794 2321 ὑμέτερα
813 2285 935 2313 ἀναπτύ-

152 2338 252 2364 σματα.

153 2421 196 2433 ρ·-

990 2283 1136 2316 relatione,
1157 2283 1281 2311 auditum
1302 2283 1471 2311 nominatur.
1491 2284 1599 2312 Rursus
1614 2283 1698 2320 igitur
1711 2283 1737 2311 in
1751 2291 1783 2311 os

990 2334 1112 2358 vestrum
1125 2330 1287 2358 relabuntur
1299 2335 1379 2366 sputa
1391 2334 1494 2358 vestra.

830 2479 1014 2523 ΛΟΓΟΣ
1052 2474 1108 2523 Δ.

252 2548 394 2583 Τετάρτης
406 2547 505 2575 αὐτῶν
517 2548 656 2582 ἀσεϐείας
668 2548 790 2584 ἔλεγχος
807 2550 1052 2585 παραιτουμένων
1062 2549 1163 2584 λέγειν
1178 2548 1325 2576 Θεοτόκον
1339 2547 1396 2582 τὴν
1409 2547 1498 2583 ἁγίαν
1515 2545 1677 2580 Παρθένον.

814 2666 993 2709 LIBER
1043 2665 1128 2710 IV.

308 2741 430 2773 Ipsorum
451 2747 558 2766 sacram
575 2739 705 2775 Virginem
722 2739 867 2776 Deiparam
886 2741 970 2767 dicere
986 2741 1163 2768 rectuantium
1179 2742 1283 2774 quarta:
1299 2738 1442 2772 impietatis
1457 2738 1615 2773 confutatio.

380 2849 578 2877 ΚΕΦΑΛΑΙΟΝ
600 2848 747 2879 ΠΡΩΤΟΝ.

189 2893 242 2922 Θέα
262 2895 326 2931 γοῦν
343 2896 425 2928 αὐτὸς
440 2896 487 2923 καὶ
499 2897 530 2923 ὲν
542 2896 597 2927 τοῖς
614 2895 676 2931 ἑξῆς
695 2895 726 2923 τὸ
740 2895 805 2922 αὐτὸ
819 2894 938 2931 ἐνθύμη-

1256 2844 1368 2873 CAPUT
1385 2843 1529 2873 PRIMUM.

1031 2892 1098 2921 Vide
1114 2892 1199 2928 igitur
1213 2893 1269 2926 ipsa
1291 2892 1318 2919 in
1333 2893 1373 2920 cis
1391 2899 1452 2927 qum
1467 2891 1522 2920 sibi
1538 2890 1691 2919 succedunt
1709 2891 1783 2919 idem
