1960 3093
125 152 194 189 i653

600 156 798 186 ADVERSUS
817 155 1128 186 NESTOR‘MNOS.—
1144 155 1217 184 LIB.
1242 155 1291 185 IV.

1683 153 1752 187 1654

123 213 224 248 χωρίον
246 211 390 246 διαγράψει
415 197 456 241 τις
479 209 575 242 οὕτως,
600 210 661 236 οὐδὲ
690 211 875 246 καρποφόρον,
895 210 912 246 ἢ

974 208 1114 237 'ecundam
1132 216 1240 244 aquam.
1257 208 1311 236 Sed
1323 208 1382 236 haec
1401 213 1466 236 sunt
1489 209 1587 245 primae
1600 213 1698 237 vestra:
1723 210 1751 238 in

122 258 281 292 ιχθυσγόνον
297 257 326 283 τὸ
348 257 429 291 ὕδωρ.
455 256 534 282 ’Δὶ-λὰ
548 257 634 282 ταῦτα
649 256 698 290 μὲν
721 257 754 282 τὰ
776 257 825 291 τῆς
841 255 912 291 πρώ-

124 304 173 338 τῆς
188 303 265 337 ὑμῶν
289 301 349 328 καθ’
368 301 446 337 ἡμῶν
465 301 611 336 μέμψεως·
628 301 801 334 ἐξεταζέσθω
816 302 843 329 δὲ
866 303 913 328 καὶ

125 349 159 375 τὰ
173 348 235 384 ἑξῆς
249 349 315 384 ὑμῖν
331 347 464 383 εἰρημένα
476 347 640 382 -βλάσφημα,
660 347 706 374 καὶ
728 348 765 383 μὴ
784 347 914 379 λανθανέ-

126 402 164 420 τω
180 393 255 424 τινὰς
270 392 306 428 μὴ
321 391 547 428 στηλιτευὸμενα.

429 449 553 475 ΚΕΦΛΛ.
573 448 612 476 B’.

164 495 217 522 Τοῦ
247 495 324 528 ΘεῙς
349 495 493 530 ὀνόματος,
512 495 588 528 φασὶ,
600 495 741 530 πολλαχῶς
767 495 916 529 λεγομένου

132 542 205 576 ποιρᾶ
227 542 260 577 τῇ
284 540 341 576 Θείᾳ
360 541 466 576 Γραφῇ,
489 537 545 567 οἷον
568 541 696 576 ἐπείπερ,
709 550 718 566 ι
737 538 784 572 Εἷς
803 541 868 571 Θεὸς
888 541 917 572 ὃς

132 587 271 613 δικαιώσει
297 586 447 622 περιτομὴν
472 588 505 613 ὲκ
528 586 646 618 πίστεως
664 586 711 613 καὶ
734 585 918 622 ἀκροϐυστίαν

133 634 177 659 διὰ
190 634 237 666 τῆς
251 633 379 663 πίστεως·
393 642 402 658 ι
419 633 464 659 καὶ
480 633 571 665 πάλιν,
584 641 594 657 t
606 633 634 658 ’0
648 632 714 663 Θεὸς
728 632 793 666 ἔστη
809 633 838 658 ὲν
855 641 918 658 συν-

132 679 226 713 αγωγῇ
242 678 321 710 θεῶν,
339 678 368 703 ἑν
388 678 463 713 μέσῳ
484 678 512 704 δὲ
531 677 609 709 Θεοὺς
623 678 765 712 διακρινεί⁸
784 687 793 704 ι
809 678 856 704 καὶ
870 678 917 705 αὗ-

130 724 171 755 οις
200 733 209 748 ι
230 724 334 758 Ὥσπερ
353 723 407 750 εἶσὶ
433 723 488 750 θεοὶ
503 723 595 749 πολλοὶ
616 725 662 749 καὶ
680 723 770 758 κύριοι
782 723 884 754 πολλοὶ,
906 734 915 749 ›

129 771 200 795 κατὰ
221 770 297 795 ποῖον
311 769 469 803 ὲξείληπται
483 769 684 804 σημαινόμενον
696 770 788 800 αὐτοῖς
802 769 919 796 ἐνταῦθα

129 815 159 839 τὸ
173 814 245 847 Θεές
261 815 346 848 ὄνομα
360 815 407 840 ἐπὶ
429 814 479 849 τῆς
503 814 651 848 Θεοτόκου;
671 815 749 841 Κατὰ
767 815 797 840 τὸ
812 815 919 850 πρῶτον

129 860 197 895 ὅπερ
213 860 272 886 ἐστὶ
293 861 373 894 φύσει
396 860 485 893 λέγειν
508 860 590 891 Θεὸν,
609 861 624 896 ἦ
652 861 723 887 κατὰ
746 861 777 886 τὸ
793 861 918 895 δεύτερον

130 906 253 932 τουτέστι
270 906 353 937 θέσει,
373 906 388 941 ἢ
406 906 475 932 κατὰ
496 906 525 932 τὸ
541 906 632 941 τρίτον
646 906 714 941 ὅπερ
730 907 789 932 ἐστὶ
809 907 838 932 τὸ
852 906 919 941 ψευ-

131 952 189 984 δές;
208 951 275 978 ἀλλὰ
292 952 361 978 κατὰ
375 953 405 978 τὸ
419 952 544 987 ὓστερον,
561 953 611 978 οὐκ
637 952 670 979 ἂν
693 953 807 984 εἴποιεν,
823 953 882 979 οὐδὲ
895 953 919 978 εί

131 997 257 1031 δαίμονες
285 997 417 1032 γένοιντο.
443 998 512 1024 Ἀλλ’
543 998 567 1024 εἰ
586 998 657 1024 κατὰ
683 998 713 1024 τὸ
735 998 858 1033 δεύτερον
875 999 919 1025 λέ-

131 1051 216 1076 γοιεν,
231 1043 348 1069 ἴστωσαν
364 1044 404 1070 ὅτι
420 1043 486 1075 Θεὸς
504 1043 577 1069 οέσει
594 1044 642 1070 οὐκ
656 1043 781 1077 ἄγγελος,
793 1045 843 1070 οὐκ
859 1044 919 1071 ἅλο-

132 1096 179 1122 γον
200 1088 279 1119 ζῶον,
296 1088 326 1114 οὓ
349 1097 374 1114 τι
399 1089 453 1114 τῶν
481 1089 638 1123 κτισμάτων
663 1089 761 1124 ἐλέχθη
790 1089 865 1124 παρὰ
885 1091 918 1125 τῇ

133 1133 193 1169 θείᾳ
213 1135 307 1169 Γραφῇ
333 1143 407 1161 ποτε.
428 1135 464 1160 ἺῘ
486 1135 693 1169 ἀνθρωποτόκον
716 1135 761 1162 οὖν
782 1144 847 1170 φασι
870 1136 919 1171 τὴν

134 1179 266 1214 παρθένον
280 1180 372 1213 φύσεις
387 1180 444 1205 ἀλλ’
455 1179 634 1214 ἐπιλέλησμαι
643 1180 692 1214 τῆς
703 1181 859 1216 προσοήκης
872 1180 918 1207 τοῦ

133 1225 241 1258 κυρίως
254 1226 301 1252 καὶ
318 1225 391 1252 κατὰ
406 1225 559 1257 ἀλήθειαν·
578 1226 608 1251 τὸ
625 1225 678 1260 γὰρ
697 1226 804 1259 κιψίως
823 1226 920 1261 παρεί-

133 1270 166 1305 λη
173 1279 237 1296 πται
250 1271 342 1302 αὐτοῖς
359 1271 404 1296 ἐπὶ
420 1270 535 1304 δηλώσει
550 1270 597 1296 τοῦ
615 1271 695 1304 φύσει
708 1270 775 1297 Θεὸν
791 1279 920 1306 γεγεννη-

135 1315 211 1341 κέναι
224 1315 272 1350 τὴν
289 1316 436 1351 Παροένον·
453 1315 510 1342 ἀλλ’
528 1317 551 1342 εἰ
566 1316 701 1351 ἐνδέχεται
715 1315 803 1348 τοῦτο,
820 1317 866 1342 καὶ
883 1315 919 1352 μή

135 1363 283 1389 ἀντίκειται
296 1364 350 1394 τοῖς
366 1364 465 1394 κοινοῖς
480 1363 696 1398 ὁμολογήμασιν,
714 1362 822 1398 ῐδωμεν.
840 1362 921 1397 Ὀμο-

135 1408 243 1441 λογοῦσι
255 1409 308 1444 γὰρ
321 1409 455 1444 ἄτρεπτον
468 1407 536 1435 εἶναι
549 1409 594 1435 τὸν
606 1409 673 1435 Θεὸν
681 1408 767 1442 Λόγον
781 1409 825 1434 καὶ
840 1407 920 1435 ἀναλ-

134 1454 244 1480 λοίωτον
260 1454 330 1480 κατὰ
345 1455 392 1490 τὴν
408 1455 514 1481 ἔκθεσιν
535 1455 588 1480 τῶν
603 1454 700 1481 κοινῶν
721 1455 849 1489 Πατέρων
870 1455 920 1489 τῆς

136 1499 165 1524 ὲν
183 1498 284 1534 Νικαίᾳ
309 1498 380 1532 λέγω
409 1499 527 1525 συνόδου·
546 1499 560 1524 ὁ
577 1499 606 1525 δὲ
621 1499 756 1533 ἄτρεπτος
775 1499 823 1525 καὶ
840 1499 920 1525 ἀναλ-

135 1543 332 1575 λοίωτοςνοΰτε
349 1544 447 1579 χείρων
461 1544 558 1570 ἑαυτοῦ
573 1545 729 1579 γενήσεται,
749 1544 811 1570 οὔτε
825 1544 918 1579 κρείτ-

134 1598 199 1620 των,
211 1589 268 1616 ἀλλ’
281 1591 324 1616 ἀεὶ
340 1589 410 1616 κατὰ
425 1590 455 1616 τὸ
470 1582 534 1617 άσὲὂ
552 1590 637 1625 μένει,
657 1590 693 1625 μὴ
718 1590 918 1625 ἀλλοιούμενος,

135 1635 219 1665 ἀτδος
232 1635 279 1661 ὤν’
293 1636 337 1662 καὶ
352 1636 479 1663 οὐδέποτε
491 1637 540 1662 οὐκ
560 1637 608 1668 ὣν,
628 1636 717 1671 ἀρχὴν
732 1636 780 1662 τοῦ
801 1634 869 1663 εἶναι
885 1636 922 1672 μὴ

135 1680 291 1715 δεξάμενος·
311 1681 472 1715 θεασώμεθα
487 1682 552 1716 γοῦν
569 1682 593 1708 εί
609 1682 645 1717 μὴ
662 1682 739 1708 λύσει
751 1682 876 1717 γέννησις
891 1684 932 1709 ὲκι

136 1726 264 1760 γυναικὸς
281 1728 505 1764 κατηγορουμὲνη
524 1728 571 1754 τοῦ
586 1728 653 1755 Θεοῦ
665 1728 753 1761 Λόγου
768 1727 825 1763 ἢτὸ
840 1728 923 1754 ἀΐδιον

137 1771 230 1803 αὑτοῦ,
250 1772 265 1806 ἢ
280 1772 310 1798 τὸ
335 1773 525 1805 ἀναλλοίωτον,
543 1774 590 1800 καὶ
607 1774 722 1800 καθόλου
739 1773 774 1799 τὰ
790 1774 925 1808 προσόντα

138 1817 212 1852 αύτῷ
235 1818 282 1843 καὶ
303 1817 507 1852 ὁμολογούμενα
525 1819 587 1853 παρ’
602 1818 681 1853 ἡμῶν
695 1818 794 1850 κοινῶς
809 1818 846 1850 ὡς
863 1818 924 1854 Θεῷ

139 1864 185 1890 καὶ
198 1863 252 1889 τῶν
272 1863 408 1890 ἁπάντων.
840 1854 844 1857 ⁴

172 1949 230 1976 Νῦν
252 1949 302 1976 οὒκ
326 1950 358 1975 ὲκ
381 1949 428 1976 τοῦ
448 1950 485 1985 μὴ
503 1950 626 1982 πολλοὺς,
652 1951 710 1977 ἀλλ’
730 1951 763 1977 ἐκ
780 1951 828 1977 τοῦ
859 1952 925 1986 μηδὲ

138 1995 185 2021 τὸν
200 1995 246 2020 ἕνα
259 1994 338 2020 αὑτὸν
353 1995 398 2020 τὸν
417 1995 545 2029 τεχθέντα
569 1997 671 2030 κυρίως
687 1994 757 2022 εἶναι
768 1996 845 2030 Θεὸν,
860 1998 926 2024 ἀνα-

139 2040 251 2074 τρέπειν
265 2040 314 2075 τὴν
334 2040 379 2066 ἐπὶ
396 2041 444 2075 τῆς
466 2041 545 2074 ἁγίας
569 2041 708 2076 Παρθένου
729 2041 777 2077 τὴν
791 2043 841 2076 τῆς
861 2043 927 2069 Θεο-

139 2087 218 2112 τίκου
234 2086 324 2120 φωνῆς
338 2086 441 2112 ἔννοιαν
461 2087 562 2121 κυρίως
577 2085 659 2113 οὖσαν
673 2088 720 2113 καὶ
732 2087 839 2122 ἀληθῶς
851 2088 928 2122 λεγο-

142 2131 235 2166 μένην,
258 2131 435 2165 ἐτολμήσατε.
456 2132 492 2157 Τὸ
507 2133 560 2166 γὰρ
577 2132 650 2165 Θεὸς
664 2132 761 2167 δνομα,
777 2133 928 2168 ὁμωνύμως

140 2176 286 2211 λεγόμενον
302 2177 348 2202 ἐπὶ
364 2177 498 2211 διαφόρων
513 2177 590 2203 τινῶν
607 2179 639 2212 τῇ
655 2177 736 2213 οὖσίᾳ
754 2179 927 2213 παραγαγόν-

964 262 1015 281 nos
1032 254 1253 289 reprehensionis
1268 259 1378 290 puncta.
1393 254 1472 282 Nunc
1486 260 1577 283 autem
1592 263 1754 284 recensean-

965 305 1010 328 tur
1023 306 1052 329 et
1077 306 1224 336 sequentes
1252 305 1351 329 vestrae
1364 301 1551 337 blasphemiae,
1567 307 1595 332 et
1613 303 1751 332 neminem

967 346 1051 373 lateat
1067 353 1112 374 eas
1128 354 1188 374 esse
1203 346 1356 375 damnatas.

1282 448 1357 476 CAP.
1374 449 1407 476 ll.

1003 494 1110 522 Nomen
1126 494 1209 526 Deus,
1224 494 1313 526 aiunt,
1339 494 1414 522 vario
1442 495 1523 522 modo
1542 495 1615 530 apud
1631 495 1754 523 divinam

970 540 1140 575 Scripturam
1160 544 1310 576 usurpatur
1326 548 1332 566 :
1350 540 1425 567 verbi
1457 541 1553 576 gratia,
1572 541 1663 568 «Unus
1682 542 1754 570 Deus

968 588 1015 623 qui
1029 587 1191 623 justiﬁeabit
1213 587 1453 614 circumeisionem
1470 595 1503 614 ex
1519 588 1571 615 ﬁde
1595 593 1623 615 et
1645 596 1754 624 praepu—

969 633 1037 660 tium
1055 641 1104 668 per
1122 633 1203 661 ﬁdem
1212 637 1252 660 τι.»
1265 633 1296 661 Ει
1316 641 1427 660 rursum
1446 643 1452 660 τ
1469 634 1556 661 «Deus
1569 634 1645 661 stetit
1660 634 1687 660 in
1715 642 1755 668 sy-

968 687 1073 715 nagoga
1085 680 1211 712 deorum,
1221 680 1248 707 in
1259 680 1350 707 medio
1365 684 1456 707 autem
1467 680 1533 707 deos
1546 679 1709 715 dijudicat°.
1720 681 1755 708 Et

969 722 1062 756 adhuc
1078 737 1084 754 :
1105 737 1113 753 ι
1132 728 1209 755 Sicut
1220 732 1285 755 sunt
1301 727 1338 754 dii
1355 727 1433 754 multi
1450 733 1479 755 et
1491 727 1595 755 domini
1611 727 1690 754 multi
1703 731 1727 754 Ρ.
1744 738 1752 754 ι

969 774 1091 808 Quonam
1104 782 1188 809 porro
1200 781 1282 801 sensu
1295 774 1341 800 hic
1357 773 1479 801 indicato
1494 781 1595 801 nomen
1606 774 1678 801 Deus
1694 781 1756 801 cum

969 821 1059 856 agitur
1069 821 1102 847 de
1116 820 1252 854 Deipara?
1266 820 1335 847 Num
1352 820 1379 846 in
1395 821 1494 855 primo,
1507 820 1533 847 id
1551 825 1602 853 est,
1619 821 1690 848 Deus
1709 829 1758 848 na-

970 871 1051 898 tura;
1068 870 1116 893 aut
1132 865 1157 892 in
1170 865 1301 898 secundo,
1320 865 1346 892 id
1376 871 1417 893 est
1436 867 1507 894 Deus
1527 866 1690 901 adoptione;
1711 872 1758 895 aut

970 913 999 940 in
1012 913 1094 940 tertio
1112 913 1160 948 qui
1176 913 1310 940 estialsus
1323 913 1334 939 '!
1347 912 1400 940 Sed
1411 913 1440 940 in
1455 917 1596 948 postremo
1615 921 1756 948 nunquam

970 958 1107 989 dicerent,
1126 965 1160 984 ne
1175 957 1197 984 si
1222 957 1360 984 dtemones
1378 957 1489 992 quidem
1512 962 1616 985 essent.
1632 957 1709 990 Quod
1734 958 1757 985 si

970 1003 999 1030 in
1017 1001 1138 1029 secundo
1154 1001 1288 1033 dicerent,
1304 1001 1392 1028 sciant
1406 1002 1491 1029 Deum
1514 1002 1663 1037 adoptione
1685 1011 1757 1030 nun-

970 1053 1051 1081 quam
1062 1052 1151 1080 neque
1162 1045 1299 1080 angelum,
1314 1052 1403 1080 neque
1419 1045 1578 1073 irrationale
1590 1046 1700 1079 animal,
1711 1054 1758 1074 ne-

970 1099 1023 1126 que
1035 1091 1118 1118 ullam
1149 1098 1183 1117 ex
1200 1090 1335 1117 creaturis
1347 1090 1509 1118 allirmatum
1526 1091 1611 1118 fuisse
1626 1091 1655 1118 in
1665 1091 1758 1121 divina

969 1137 1123 1172 Scriptura.
1134 1137 1206 1164 Num
1219 1135 1303 1171 igitur
1315 1136 1469 1163 inhominis
1484 1137 1647 1171 genitricem
1661 1137 1759 1165 dicunt

970 1181 1131 1217 Virginem?
1150 1181 1204 1208 Sed
1221 1180 1369 1207 obliviscor
1377 1180 1453 1207 verbi
1467 1182 1572 1215 proprie
1579 1185 1607 1208 et
1619 1182 1757 1209 veraciter.

969 1228 1036 1255 Nam
1057 1227 1172 1254 verbum
1185 1227 1290 1261 proprie
1301 1226 1335 1253 ab
1346 1226 1414 1260 ipsis
1427 1231 1576 1260 usurpatur
1594 1226 1627 1253 ad
1642 1226 1758 1254 demon-

969 1272 1113 1300 strandum
1132 1272 1265 1306 virginem
1276 1271 1404 1306 genuisse
1420 1272 1504 1299 Deum
1519 1276 1627 1299 natura.
1649 1271 1703 1299 Sed
1718 1272 1758 1300 vi-

970 1317 1085 1345 deamus
1102 1322 1194 1344 utrum
1211 1316 1374 1343 admittatur
1387 1317 1454 1344 illud
1468 1322 1495 1344 et
1518 1325 1573 1345 non
1597 1318 1760 1346 adversetur

970 1362 1164 1389 communibus
1178 1361 1321 1388 confessis.
1344 1361 1477 1389 Fatentur
1501 1362 1574 1390 enim
1589 1362 1675 1390 Deum
1690 1363 1760 1391 Ver-

971 1409 1036 1436 bum
1056 1408 1253 1435 immutabilem
1274 1415 1334 1435 esse
1354 1412 1382 1434 et
1398 1408 1487 1436 omnis
1501 1409 1689 1436 conversionis
1710 1417 1761 1437 εἰς

969 1458 1075 1489 partem
1081 1454 1243 1486 ,secundum
1252 1454 1448 1487 expositionem
1456 1455 1642 1482 communium
1649 1455 1760 1484 Patrum

970 1498 1080 1525 Nicenae
1090 1496 1196 1532 synodi.
1216 1496 1294 1529 Quod
1309 1496 1392 1532 igitur
1404 1501 1446 1524 est
1472 1497 1642 1526 immutabile
1656 1503 1682 1526 et
1695 1506 1761 1526 con-

973 1543 1110 1571 versionis
1121 1549 1228 1576 expers,
1244 1550 1335 1576 neque
1351 1542 1442 1576 seipso
1461 1543 1551 1570 minor
1564 1551 1653 1579 neque
1676 1545 1762 1579 major

973 1589 1031 1621 lict,
1048 1588 1096 1616 sed
1112 1596 1220 1623 semper
1235 1587 1306 1614 idem
1322 1592 1424 1620 manet,
1440 1595 1495 1615 non
1509 1592 1642 1621 mutatus,
1657 1597 1719 1616 cum
1728 1590 1764 1617 sit

972 1639 1101 1666 aeternus,
1116 1638 1144 1660 et
1158 1640 1296 1667 nunquam
1308 1640 1363 1660 non
1376 1633 1520 1664 exsistens,
1533 1640 1594 1660 cum
1615 1633 1763 1661 exsistendi

973 1680 1082 1707 initium
1096 1686 1151 1706 non
1179 1678 1327 1713 acceperit.
1357 1678 1571 1705 Consideremus
1595 1678 1678 1714 igitur
1698 1686 1765 1709 num

974 1726 1099 1761 objectus
1116 1724 1199 1751 Verbi
1217 1724 1265 1750 Dei
1282 1727 1378 1758 partus
1399 1731 1433 1750 ex
1461 1724 1575 1751 muliere
1595 1724 1683 1751 solvet
1707 1724 1765 1751 sive

974 1772 1035 1807 ejus
1061 1769 1252 1801 aeternitatem,
1285 1769 1342 1796 sive
1365 1769 1624 1803 immutabilitatcm,
1655 1774 1683 1797 et
1711 1778 1766 1798 uno

975 1817 1070 1849 verbo,
1088 1815 1162 1850 quod
1186 1815 1237 1850 ipsi
1263 1814 1409 1842 essentiale
1434 1819 1486 1847 est,
1507 1815 1635 1850 quodque
1658 1816 1709 1851 ipsi
1736 1821 1766 1844 ut

975 1864 1032 1891 Deo
1046 1862 1206 1890 attribuitur
1223 1865 1281 1888 tum
1293 1869 1308 1889 a
1323 1861 1414 1894 nobis,
1428 1865 1484 1888 tum
1497 1862 1578 1889 simul
1601 1867 1629 1890 et
1655 1863 1689 1891 ab
1701 1863 1766 1891 'om-

976 1910 1066 1937 nibus.

1011 1955 1090 1982 Nunc
1103 1961 1157 1981 non
1173 1960 1207 1980 ex
1222 1960 1255 1979 eo
1270 1952 1343 1987 quod
1360 1960 1414 1979 non
1429 1952 1509 1980 multi
1522 1953 1578 1980 sint
1604 1954 1653 1987 dii,
1669 1954 1717 1982 sed
1733 1963 1766 1983 co

977 2000 1050 2036 quod
1065 2008 1116 2027 nec
1137 2007 1208 2026 unus
1229 1998 1287 2033 ipse
1307 1999 1418 2034 genitus
1442 2003 1471 2026 et
1484 2000 1595 2034 proprie
1619 2000 1692 2028 Deus
1718 2001 1765 2034 sit,

978 2050 1140 2074 convertere
1152 2051 1212 2072 eam
1227 2051 1288 2079 quae
1308 2044 1343 2072 de
1369 2048 1463 2072 sancta
1488 2044 1600 2080 Virgine
1624 2046 1696 2073 dicta
1725 2051 1768 2074 est

978 2090 1270 2128 proprieetveraeiter
1297 2089 1374 2117 vocis
1402 2090 1526 2124 Deiparae
1545 2091 1684 2118 notionem
1707 2092 1767 2119 ausi

978 2139 1056 2166 estis.
1072 2137 1178 2165 Nomen
1188 2137 1262 2164 enim
1277 2136 1349 2163 Deus
1362 2136 1465 2171 pariter
1477 2144 1530 2164 una
1542 2137 1645 2164 dictum
1660 2137 1694 2165 de
1705 2138 1768 2173 qui-

979 2181 1095 2209 busdam
1108 2185 1206 2207 natura
1233 2179 1427 2207 differentibus
1451 2180 1669 2213 introducentes.
1684 2181 1768 2208 vultis

140 2230 196 2253 τες,
216 2221 342 2256 βούλεσθε
362 2223 390 2248 ὲν
404 2222 490 2257 τούτῳ
499 2231 528 2248 τε
539 2223 586 2249 καὶ
600 2223 639 2258 τῷ
653 2223 779 2259 ἑπομένῳ
793 2225 856 2259 ἑξῆς
866 2225 921 2251 ὲπι-

978 2228 1007 2254 in
1024 2226 1076 2253 hoc
1087 2227 1153 2253 etin
1165 2225 1291 2260 sequenti
1314 2229 1406 2252 vestro
1435 2225 1585 2252 tentamine
1611 2225 1767 2259 ostendere,

141 2267 287 2301 χειρήματι
311 2267 387 2301 ὑμῶν
407 2267 553 2299 δεικνύναι,
572 2267 666 2303 ὥσπερ
687 2268 734 2295 οὖν
757 2269 805 2295 καὶ
821 2270 854 2295 δι’
865 2270 929 2305 ὅλης

141 2312 218 2346 ὑμῶν
239 2312 319 2346 τῆσδε
346 2313 394 2348 τῆς
416 2313 578 2347 ὑποθέσεως,
595 2315 625 2340 οὐ
644 2315 689 2341 τὸν
707 2314 786 2349 φύσει
800 2314 866 2342 Θεὸν
883 2316 929 2342 ἐπὶ

141 2357 260 2392 Χριστοῦ
283 2358 426 2392 λεγόμενον
451 2359 603 2393 σημαίνειν,
626 2359 683 2386 ἀλλ’
702 2359 766 2386 οὐδέ
778 2368 838 2387 τινα
855 2361 929 2395 ὅμως

141 2403 196 2430 τῶν
206 2403 388 2439 ψευδωνύμως
404 2404 557 2439 λεγομένων
568 2404 636 2432 Θεῶν
653 2405 763 2442 δηλαδή·
779 2406 860 2433 τοῦτο
874 2407 929 2441 γὰρ

141 2448 189 2476 καὶ
213 2449 322 2484 δαίμοσι
347 2451 528 2485 παραιτητέον
554 2451 766 2487 ὡμολογήσατε·
792 2452 861 2479 ἀλλὰ
883 2452 929 2479 τὸν

143 2497 216 2524 θέσει
231 2498 308 2530 Θεὸν,
326 2497 371 2524 διὰ
391 2498 438 2524 τοῦ
458 2499 559 2525 τοιοῦδε
580 2499 710 2534 ὀνόματος
732 2500 780 2526 ἐπὶ
806 2499 927 2534 Χριστοῦ

144 2542 333 2577 σημαίνεσθαι..
351 2543 429 2569 Θέσει
446 2543 474 2569 δὲ
493 2544 576 2576 Θεὸς,
595 2543 633 2575 ὥς
659 2553 738 2577 φατε,
763 2544 824 2571 οὔτε
841 2546 927 2579 ἅγγε-

141 2588 196 2620 λος,
210 2587 271 2614 οὔτε
295 2587 358 2615 ἄλλο
379 2596 405 2614 τι
423 2588 501 2621 ζῶον,
519 2589 589 2624 πλὴν
611 2589 754 2624 ἀνθρώπου
767 2609 775 2621 ,
800 2592 832 2625 τῇ
860 2590 926 2626 ἁγίᾳ

142 2632 238 2668 Γραφῇ
263 2633 380 2668 εἴρηται·
398 2633 495 2660 οὐκοῦν
517 2633 546 2666 ἐξ
561 2634 684 2669 ἀνάγκης
705 2635 766 2661 καθ’
782 2635 864 2670 ὑμᾶς,
878 2635 926 2662 ἂν·

143 2677 250 2712 θρωπός
265 2687 293 2704 τε
307 2678 321 2704 ὁ
334 2678 451 2713 τεχθεὶς,
476 2679 523 2705 καὶ
549 2679 754 2715 ἀνθρωποτόκος
776 2681 792 2715 ή
809 2681 926 2707 τεκοῦσα

143 2723 313 2759 λεχθήσεται.
334 2725 365 2751 Εἰ
391 2725 419 2751 δὲ
445 2724 586 2760 ἄνθρωπος
605 2727 619 2752 ὁ
639 2726 754 2761 τεχθεὶς,
783 2726 829 2752 καὶ
853 2726 926 2752 θέσει

143 2768 208 2801 0:6;
223 2778 228 2784 '
246 2771 259 2796 ὀ
275 2770 302 2796 δὲ
319 2771 397 2804 φύσει
415 2771 480 2802 Θεὸς
496 2772 657 2807 προστάττει
671 2773 752 2798 πᾶσιν
773 2771 927 2805 ἀνθρώποις

143 2868 145 2877 .
179 2847 287 2875 “ibin.
302 2857 338 2878 ιιι.
355 2849 397 2875 50.
440 2853 452 2867 ο
471 2849 541 2876 Psal.
571 2858 659 2880 um,
679 2849 701 2876 i.

981 2273 1052 2301 sicut
1075 2276 1103 2300 et
1118 2279 1169 2306 per
1193 2275 1278 2298 totam
1305 2271 1376 2298 hanc
1394 2275 1513 2298 vestram
1541 2272 1767 2306 propositionem,

980 2324 1035 2344 non
1044 2320 1141 2343 natura
1156 2315 1241 2342 Deum
1257 2314 1290 2342 de
1310 2314 1421 2342 Christo
1433 2314 1539 2342 dictum
1559 2315 1691 2347 indicare,
1720 2315 1769 2343 sed

979 2370 1032 2390 nec
1045 2361 1193 2397 quemdam
1221 2360 1350 2388 videlicet
1373 2368 1407 2387 ex
1423 2359 1493 2387 falso
1513 2360 1595 2388 dictis
1614 2360 1688 2393 diis;
1706 2368 1768 2387 nam

980 2409 1014 2436 ab
1028 2409 1080 2435 hoc
1088 2407 1238 2434 abhorrere
1253 2406 1337 2433 etiam
1350 2406 1467 2433 daemoni
1485 2405 1603 2433 confessi
1614 2406 1701 2438 estis;
1722 2405 1769 2433 sed

980 2455 1066 2482 Deum
1083 2453 1230 2488 adoptione
1243 2460 1293 2487 per
1317 2451 1474 2487 huiusmodi
1492 2459 1591 2479 nomen
1606 2451 1640 2479 de
1661 2451 1770 2480 Christo

981 2498 1106 2526 indicari.
1133 2498 1206 2525 Deus
1232 2501 1324 2524 autem
1352 2497 1509 2531 adoptione,
1527 2501 1557 2524 ut
1589 2497 1681 2524 dicitis
1707 2497 1769 2532 ipsi.

981 2551 1071 2579 neque
1091 2544 1214 2579 angelus,
1233 2550 1324 2577 neque
1350 2542 1436 2570 ullum
1456 2542 1556 2570 animal
1570 2547 1668 2578 praeter
1683 2542 1771 2570 homi-

979 2598 1043 2618 nem
1055 2597 1131 2617 sacra
1147 2589 1288 2624 Scriptura
1309 2588 1400 2616 dictus
1428 2593 1480 2615 est.
1507 2589 1592 2624 Igitur
1614 2587 1770 2616 necessario

978 2636 1133 2665 secundum
1147 2640 1267 2663 vestram
1284 2639 1413 2668 mentem,
1424 2638 1452 2662 et
1467 2635 1575 2670 genitus
1593 2634 1701 2661 dicetur
1717 2634 1769 2661 ho-

979 2691 1026 2710 mo
1049 2686 1078 2709 et
1091 2682 1201 2717 pariens
1218 2681 1328 2709 dicetur
1342 2680 1464 2708 hominis
1477 2680 1599 2716 genitrix
1614 2688 1621 2706 ε
1636 2679 1658 2707 si
1677 2682 1769 2706 autem

977 2728 1089 2764 genitus
1103 2731 1146 2754 est
1156 2727 1247 2758 homo,
1264 2731 1305 2754 est
1317 2727 1389 2754 Deus
1398 2726 1555 2761 adoptione.
1568 2725 1653 2752 Porro
1663 2725 1708 2752 ille
1722 2724 1770 2759 qui

979 2775 1021 2799 est
1031 2775 1130 2798 natura
1152 2771 1312 2807 Deusjubet
1327 2771 1457 2798 omnilms
1477 2769 1636 2797 hominibus
1660 2777 1693 2797 ne
1710 2777 1769 2799 scr-

739 2855 752 2874 P
768 2849 777 2876 l
798 2850 859 2876 Cor.
880 2857 936 2879 vin,
954 2849 980 2876 5.
