1960 3093
76 165 139 197 ιδετ

550 163 755 194 ADVERSUS
775 163 1087 194 NESTOBIANOS.-—
1102 165 1175 195 LIB.
1196 166 1251 197 IV.

1646 166 1716 198 1653

72 208 207 240 ἀπόδειξιν
219 208 283 243 παρ’
297 207 373 242 ὑμῶν
389 208 457 239 ἐστι,
475 207 499 234 εἰ
512 207 620 242 ἀληθῶς
637 207 670 233 οὐ
687 207 800 234 δυνατὸν
813 206 861 233 ἕνα
875 230 879 235 ,

933 208 1000 234 imus
1015 207 1040 233 in
1057 208 1334 241 demonstrationem,
1347 209 1413 237 illud
1426 215 1468 238 est
1487 211 1607 246 :Nempe
1624 216 1715 239 utrum

73 254 131 282 τινὰ
142 254 244 281 καὶτὸν
253 254 334 280 αὑτὸν
349 253 439 284 καθὼς
452 254 532 288 ἡμεῖς
548 253 638 287 φαμὲν
655 252 702 279 δύο
717 252 794 283 τινὰς
805 260 865 285 γεν-

72 301 163 335 νήσεις
178 299 282 326 τούτων
300 299 390 325 αὐτῶν
405 298 458 325 τῶν
477 298 613 333 διαφόρων
633 298 789 332 γεννήσεων
816 297 867 331 ὐφ-

78 345 213 375 ίστασθαι.
229 345 271 371 ἵνα
284 345 333 370 καὶ
350 345 406 375 τοῖς
421 343 565 378 ἑπομένοις
591 343 713 378 ἑκατέρα
726 343 781 369 τῶν
804 352 867 377 γεν-

74 392 176 426 νήσεων
187 389 505 425 γνωρὶζηται.Σκεπτέον
514 390 568 423 γὰρ
579 389 620 416 ὅτι
631 389 735 416 ἐθνικοὶ
747 390 867 415 πλεῖστοι

73 437 125 463 τῶν
142 437 171 462 ὲν
185 435 295 471 Χριστῷ
314 435 403 470 Ἰησοῦ
419 435 463 461 διὰ
487 434 657 468 Εὐαγγελίου
687 434 739 460 ὑπὸ
759 433 866 460 Παύλου

74 481 267 517 γεννηθέντων,
295 480 491 516 προγεγονότες
512 478 583 516 ἦσαν
608 481 696 508 αὐτοῦ
721 483 792 508 κατὰ.
818 481 867 515 τὴν

77 527 210 563 σαρκικὴν
227 527 354 561 γέννησιν
375 527 604 562 ὡμολογημέναις·
636 525 692 563 ἆρα
716 525 762 554 οῦν
790 528 839 562 οὐχ
853 528 867 553 ὁ

76 574 157 605 αὐτὸς
177 571 246 599 εἶναι
259 573 368 606 λέγοιτό
383 581 426 604 τις
440 572 494 599 τῶν
515 573 624 600 ἐκείνου
642 573 783 609 μαθητῶν,
799 582 867 609 προ-

76 620 144 647 εῖναί
173 628 202 646 τε
220 619 266 645 τοῦ
285 618 350 645 ιδίου
371 618 473 654 πατρὸς
496 619 543 645 καὶ
563 619 728 645 διδασκάλου
747 619 865 650 Παύλου,

76 666 122 692 καὶ
141 667 259 700 μετεῖναι
275 664 497 700 μαρτυρούμενος
514 664 609 698 τοῦδε;
627 665 680 696 πᾶς
698 665 747 700 μὲν
764 665 811 691 οὖν
823 673 866 695 τις

76 712 239 746 όμολογήσοι
252 730 259 742 ,
274 711 312 742 ὡς
330 707 418 745 οἷμαι¹
437 710 505 736 ἀλλὰ
531 711 592 737 κατ’
607 710 670 737 ἄλλο
686 711 733 737 καὶ
747 711 810 737 ἄλλο
822 710 868 736 τὸν

76 758 158 785 αὐτὸν
180 757 226 783 τοῦ
241 756 324 783 αὑτοῦ
341 756 529 792 προϋπάρχειν
556 765 586 782 τε
616 757 662 783 καὶ
682 756 868 791 μεθυπάρχειν

77 805 145 839 ἐρεῖ·
161 804 209 830 καὶ
233 803 287 838 γὰρ
303 802 399 835 ὅντως,
423 802 460 833 ὡς
477 802 571 837 ἕφητε,
597 802 669 828 κατὰ
682 803 730 837 τὴν
738 802 785 828 τοῦ
798 801 867 828 εἶναι

78 850 213 884 γέννησιν,
225 849 425 884 προϋπάρχειν·
446 848 517 875 κατὰ
534 848 563 874 δὲ
578 849 628 883 τὴν
643 850 682 880 εις
693 848 724 875 τὸ
743 848 868 882 Εὐαγγέ-

77 883 134 922 λιον
149 883 285 930 γέννησιν,
304 894 498 929 μεθυπάρχειν·
515 895 616 927 ὁμοίως
630 894 658 921 δὲ
683 895 730 921 καὶ
755 895 789 921 τὰ
811 902 872 928 γεν-
884 883 908 912 Β

79 942 189 976 νήματα
200 940 254 966 τῶν
269 939 390 974 ἐχιδνῶν,
403 940 428 965 οἱ
441 940 494 965 ἀπὸ
510 940 559 974 μὲν
569 940 616 966 τοῦ
639 939 764 974 Ἀϐραὰμ
779 939 872 971 ἔθνους

80 985 151 1012 κατὰ
167 985 268 1020 σάρκα,
284 985 339 1016 τοῖς
357 984 431 1015 ἰδίοις
457 984 564 1016 τέκνοις
586 984 670 1020 ἤγουν
689 986 743 1015 τοῖς
755 984 871 1010 ἀποστό-

43 1059 49 1069 Ι
81 1032 138 1063 λοις
156 1030 380 1067 μαθητευόμενοι,
395 1031 606 1066 ἐπιστρέφοντος
624 1030 672 1056 τοῦ
687 1029 790 1064 Κυρίου
806 1038 873 1065 κιρ-

30 1082 35 1088 ‘
81 1075 141 1106 δίας
152 1073 278 1109 πατέρων
295 1074 342 1100 ἐπὶ
357 1075 450 1106 τέκνα,
468 1074 525 1106 πῶς
540 1075 589 1109 οὐχ
608 1076 633 1100 οἱ
660 1074 738 1100 αὐτοὶ
754 1075 874 1108 λέγοιντο

81 1120 206 1154 προεῖναι
221 1119 270 1153 μὲν
285 1118 356 1144 κατὰ
364 1118 413 1152 τὴν
427 1119 561 1153 σαρκικὴν
578 1119 715 1153 γέννησιν,
735 1118 875 1153 μεθυπάρ-

81 1174 141 1200 χειν
170 1165 198 1191 δὲ
231 1165 304 1191 κατὰ
328 1165 378 1200 τὴν
405 1165 594 1199 πνευματικὴν
617 1165 797 1199 ἀναγὲννησιν
823 1165 876 1191 τῶν

85 1209 159 1236 ἰδίων
179 1209 263 1242 uiti»);
278 1210 309 1235 Et
323 1209 450 1236 δὲταῦτα
466 1209 551 1240 οὕτως
563 1209 630 1244 ἔχει,
646 1209 672 1235 τί
686 1209 801 1236 ἄπιστον
813 1209 877 1244 ὑμῖν

83 1257 158 1282 δοκεῖ
173 1256 220 1283 xal.
233 1256 278 1282 ἐπὶ
295 1255 342 1281 τοῦ
354 1255 452 1289 Λόγου,
465 1255 525 1281 καθ’
540 1255 638 1291 ἑτέραν
655 1255 705 1290 μὲν
716 1256 799 1282 αὐτοῦ
817 1255 876 1289 γέν-

84 1311 179 1337 νησιν,·
191 1303 275 1329 ἀΐδιόν
291 1310 321 1328 τε
343 1301 478 1337 ὑπάρχειν
501 1302 583 1329 αὑτὸν
606 1303 654 1329 καὶ
685 1302 787 1329 ἁπλοῦν
812 1303 878 1338 ἀλη-

86 1349 151 1381 θῶς,
168 1348 229 1375 καθ’
247 1349 343 1384 ἑτέραν
360 1348 389 1374 δὲ
407 1349 559 1383 ἀρχόμενον
573 1347 620 1374 τοῦ
638 1348 775 1380 συνθέτως
791 1345 877 1381 εἷναι;

87 1394 157 1430 μετὰ
172 1394 386 1430 προσλήμματος
412 1394 467 1429 γάρ
483 1403 558 1426 τινος
574 1394 730 1429 πρόσφατος
745 1394 879 1428 γινώσκε-

86 1449 144 1474 ται,
172 1440 219 1466 atati.
242 1439 291 1474 οὐχ
304 1439 406 1471 ἁπλοῦς
431 1440 518 1474 Λόγος
542 1440 646 1473 λοιπὸν,
659 1440 727 1466 ἀλλὰ
754 1440 880 1473 σύνθετος

87 1485 206 1522 Χριστὸς
227 1485 402 1520 ὀνομάζεται.
418 1484 512 1516 Οὕτως
530 1484 559 1511 δὲ
581 1484 654 1519 ἔχειν
670 1485 773 1511 τούτων
789 1485 880 1512 δοθέν-

87 1539 153 1563 των,
185 1532 201 1565 ἡ
228 1531 278 1565 μὲν
302 1530 418 1558 τεκοῦσα
437 1529 468 1556 τὸ
498 1529 636 1560 σύνθετον,
652 1531 761 1561 πάντως
783 1530 830 1557 καὶ
850 1531 881 1556 τὸ

92 1577 197 1604 ἁπλοῦν
211 1577 330 1603 τέτοκεν·
345 1577 374 1603 ὲν
392 1576 446 1611 γὰρ
462 1575 501 1610 τῷ
516 1576 636 1611 συνϐέτῳ
649 1577 708 1602 ἐστὶ
723 1576 811 1602 τοῦτο’
829 1578 842 1603 ὁ
855 1577 883 1602 δὲ

89 1623 121 1650 τδ
139 1622 242 1649 ἁπλοῦν
256 1622 355 1654 τεκὼν,
369 1622 400 1648 οὺ
415 1622 507 1648 τέτοκε
521 1622 569 1648 καὶ
586 1622 616 1648 τὸ
633 1621 769 1648 σύνθετον·
786 1622 815 1649 οὑ
828 1622 883 1658 γὰρ

90 1670 121 1695 ὲν
142 1668 181 1703 τῷ
204 1668 283 1703 ἁπλῷ
307 1668 337 1694 τὸ
354 1667 491 1694 σύνθετον
509 1666 607 1693 οὐκοῦν
635 1668 705 1694 κατὰ
724 1668 772 1702 μὲν
787 1668 836 1702 τὴν
854 1668 884 1695 τὸ

92 1713 164 1741 εἶναι
178 1714 222 1741 καὶ
238 1713 331 1745 ἁῖδίως
345 1711 416 1740 εἶναι
440 1713 566 1739 διδοῦσαν
582 1713 708 1748 γέννησιν
724 1713 764 1747 τῷ
783 1722 884 1747 γεννω-

95 1762 169 1796 μένῳ
184 1761 262 1795 Λόγῳ
276 1760 381 1792 ἁπλῶς,
402 1760 432 1786 οὐ
451 1759 557 1794 μητέρα
569 1760 658 1794 φαμὲν
671 1760 720 1793 τὴν
735 1759 884 1795 Παρθένον·

91 1807 165 1833 κατὰ
181 1806 269 1840 δὲτὴν
284 1805 395 1831 τοιῶσδε
411 1803 480 1831 εἶναι
494 1806 578 1840 ἤγουν
595 1806 822 1841 σεσαρκωμένην,
839 1807 886 1833 καὶ

92 1853 123 1878 ὲν
136 1852 217 1886 σαρκὶ
240 1852 272 1886 τῇ
289 1850 342 1877 ὑπὸ
362 1850 458 1886 χρόνον
473 1849 542 1877 εἶναι
556 1850 681 1877 διδοῦσαν
698 1851 772 1886 αὐτῷ
788 1852 885 1887 γέννη-

94 1906 148 1930 σιν,
174 1897 212 1929 ὠς
238 1896 392 1932 συγχρόνως
414 1896 484 1931 αὐτῇ
500 1897 533 1931 τῇ
550 1897 632 1931 σαρκὶ
655 1896 743 1931 ἔχοντι
759 1896 807 1931 τὴν
825 1897 887 1923 σύν-

94 1945 169 1972 οεσιν
182 1942 280 1970 ἑαυτοῦ
295 1941 537 1976 συγγεγεννημένῳ
553 1941 639 1978 ταύτῃ
655 1941 685 1974 ἐξ
701 1942 786 1978 αὐτῆς
805 1942 887 1978 οὔσης

95 1991 167 2018 κατὰ
181 1991 211 2016 τὸ
227 1988 298 2016 εἶναι
324 1989 481 2024 ὑποχρόνως
493 2010 500 2020 ,
516 1988 632 2024 Μητέρα
648 1988 757 2023 ἀληθῶς
775 1989 821 2015 καὶ
841 1990 887 2016 τοῦ

98 2036 195 2064 ἁπλοῦ·
212 2036 256 2062 διὰ
281 2036 372 2070 μέντοι
402 2034 555 2064 συνθέσεως
580 2033 730 2069 γενομένην
748 2033 826 2068 ἴσμεν
840 2034 888 2068 τὴν

96 2083 228 2118 ἀμίαντον
240 2089 247 2096 °
264 2082 296 2107 ἐκ
312 2081 399 2114 Λόγου
414 2080 469 2114 γὰρ
485 2079 569 2106 ἀϊδίου
595 2080 642 2106 καὶ
656 2079 757 2115 σαρκὸς
770 2079 889 2114 ὑποχρό-

97 2138 154 2159 νου,
168 2129 182 2155 ὁ
194 2128 332 2162 Δεσπότης
348 2126 426 2161 ἡμῶν
438 2125 555 2160 Χριστὸς
575 2126 634 2157 ὅλος
651 2127 812 2161 συνέστηκε²
829 2134 890 2159 γεν-

96 2174 225 2210 νηθέντος
247 2173 295 2208 μὲν
312 2171 359 2198 τοῦ
375 2171 461 2204 Λόγου
488 2171 538 2202 δὶς,
557 2171 686 2204 ἀσάρκως
716 2170 765 2204 μὲν
787 2171 819 2196 ὲκ
842 2168 889 2196 τοῦ

97 2219 216 2255 Ιῐατρδς,
229 2218 443 2253 σεσαρκωμένως
456 2217 484 2243 δὲ
501 2217 532 2242 ἐκ
543 2216 665 2251 Μητρὸς,
683 2216 732 2251 τῆς
743 2216 771 2242 δὲ
789 2216 888 2250 σαρκὸς

98 2266 174 2299 ἅπαξ
202 2265 249 2292 καὶ
277 2264 357 2300 μόνον
378 2262 554 2297 γεννηθείσης
573 2263 605 2288 ὲκ
623 2262 734 2298 Μητρὸς
747 2262 886 2297 ὰσπόρως.

105 2311 183 2339 Ἐπεὶ
212 2308 258 2338 οὖν
284 2309 350 2341 Θεδς
367 2309 470 2344 ἀληθὴς
492 2307 611 2342 ἄσαρκός
632 2316 662 2334 τε
680 2308 728 2341 ὢν,
747 2308 794 2334 καὶ
822 2307 890 2342 μετὰ

100 2357 203 2393 σαρκὸς
219 2357 233 2384 ὁ
250 2357 346 2390 Λόγος,
365 2354 487 2382 θεοτόκοι
500 2354 561 2380 καθ’
575 2353 711 2389 ἑκατέραν
723 2353 849 2388 γέννησιν
864 2353 888 2379 oi

98 2403 194 2430 τούτου
209 2402 370 2437 γεννήτορες
382 2400 502 2435 ἀληθῶς.
516 2399 609 2426 Ταῦτα
637 2400 686 2434 μὲν
709 2399 755 2426 οὖν
769 2399 804 2425 τὰ
825 2399 889 2433 περὶ

99 2449 151 2484 τῆς
171 2448 242 2475 κατὰ.
257 2447 306 2478 τὰς
325 2446 466 2480 γεννήσεις
490 2445 619 2480 διαφόρου
640 2444 827 2479 προελεύσεως
840 2444 888 2470 τοῦ

99 2495 200 2528 Λόγου·
218 2493 248 2520 αι
260 2493 289 2519 δὲ
311 2491 383 2519 κατὰ
395 2491 538 2527 προκοπὴν
555 2490 649 2522 ἁπλῶς
662 2490 710 2517 καὶ
729 2490 763 2516 τὰ
778 2490 892 2517 τοιαῦτα

101 2539 271 2576 παραγωγαὶ
287 2539 341 2566 τῶν
353 2539 518 2573 γεννήσεων,
533 2536 668 2571 περιττῶς
684 2536 748 2571 ὑμῖν
761 2536 807 2561 ἐπὶ
822 2536 892 2570 Χρι-

103 2587 167 2613 στοῦ
186 2585 403 2620 παραφέρονται·
422 2584 453 2610 οὑ
476 2583 530 2618 γὰρ
557 2583 590 2608 ἐκ
610 2581 712 2609 τοιοῦδε
733 2581 835 2617 τρόπου
851 2581 893 2613 τις

103 2633 182 2666 λόγος
204 2632 334 2658 Θεοτὸκον
357 2630 409 2665 ἔφη
438 2629 503 2656 ποτὲ
526 2629 576 2662 τὴν
598 2628 742 2663 ἄχραντον·
763 2627 823 2653 οὐδὲ
840 2627 893 2653 τῶν

103 2680 165 2706 λίαν
176 2678 326 2712 ἀλογίστων
340 2678 394 2703 τινὶ
405 2676 467 2703 τάδε
484 2675 524 2706 εἰς
537 2674 686 2708 φαντασίαν
700 2673 856 2707 γεγένηται.

923 260 988 280 vere
1004 260 1059 280 non
1074 253 1132 280 fieri
1149 255 1235 288 possit
1253 263 1338 283 unum
1363 256 1510 290 quemdam
1530 260 1558 283 et
1577 256 1715 287 eumdem.

922 301 953 324 ut
970 305 1019 324 nos
1033 299 1162 331 dicimus,
1177 299 1246 326 duas
1265 300 1371 335 aliquas
1396 302 1600 336 generationes,
1615 309 1650 328 ex
1676 302 1719 329 his

922 343 1008 370 variis
1020 345 1258 378 generationibus,
1282 347 1387 378 sortiri,
1410 352 1440 374 ut
1454 352 1482 374 et
1512 349 1719 383 consequenliis

921 393 1039 424 utraque
1066 391 1208 426 generatio
1233 392 1428 427 dignoscatnr.
1448 393 1602 420 Notandum
1644 394 1717 421 enim

920 439 963 461 est
994 435 1121 463 ethnicos
1147 436 1295 471 plerosque
1324 445 1358 464 ex
1399 438 1442 465 his
1482 439 1572 473 quiin
1608 439 1718 466 Christo

920 480 985 508 Jesu
999 489 1049 516 per
1062 481 1241 517 Evangelium
1257 490 1271 509 a
1287 483 1372 510 Paulo
1384 483 1468 518 geniti
1488 489 1569 516 sunt,
1587 484 1637 519 ipsi
1648 493 1716 519 pne

921 526 1070 559 exstitisse,
1096 528 1250 555 secundum
1277 530 1415 556 carnalem
1445 531 1661 564 generationem,
1683 536 1710 558 ut

921 573 948 600 in
956 574 1082 601 confesso
1090 574 1190 602 est.An
1203 575 1288 610 igitur
1305 583 1359 602 non
1382 575 1453 602 idem
1466 576 1607 603 diceretur
1622 576 1720 610 quisvx

921 620 981 654 ejus
989 618 1134 653 discipulis
1142 624 1169 647 ct
1181 620 1372 654 praeexsislere
1384 628 1435 647 suo
1451 621 1520 654 patri
1544 624 1572 647 et
1586 621 1715 655 magistro

921 669 1006 696 Paulo
1022 666 1102 694 simul
1112 670 1140 693 et
1153 665 1213 700 ipso
1222 666 1359 699 posterior
1367 665 1462 698 fuisse,
1473 674 1506 693 ex
1523 667 1583 701 ejus
1595 666 1719 693 testimo-

921 714 987 741 nio?
1002 713 1062 740 Non
1078 716 1119 739 est
1130 714 1216 742 certe,
1233 719 1306 743 reor,
1321 711 1367 746 qni
1381 718 1435 738 non
1448 711 1649 744 fateretur;scd
1658 711 1708 738 sub

928 760 1039 786 diverso
1052 762 1178 792 respectu
1195 756 1270 784 dicet
1284 757 1410 784 eumdem
1424 756 1515 784 cidem
1527 757 1720 791 prmexsistere

922 805 1003 833 simul
1027 808 1055 831 et
1076 802 1255 838 posteriorem
1290 810 1351 830 esse
1373 803 1476 831 scilicet
1495 803 1657 835 secundum,
1693 807 1722 829 nt

922 849 1021 881 dicitis,
1031 847 1232 883 generationem
1242 847 1598 882 axsistenliteprmexsislere
1609 854 1616 879 ;
1626 853 1722 874 secun-

923 898 986 924 dum
1003 902 1067 921 vero
1080 894 1285 929 generationem
1301 893 1328 919 in
1342 893 1516 927 Evangelium
1539 892 1720 926 posteriorem

924 951 993 971 esse.
1003 943 1135 970 Similiter
1147 945 1238 968 autem
1258 944 1285 966 et
1300 939 1437 974 genimina
1453 939 1620 973 viperarum,
1635 937 1663 964 bi
1674 938 1721 971 qui

924 990 958 1017 de
967 997 1067 1025 genere
1078 991 1141 1015 sunt
1151 986 1268 1014 Abrabm
1278 984 1429 1012 secundum
1437 991 1547 1010 carnem
1558 991 1571 1010 a
1582 983 1638 1010 suis
1646 982 1720 1015 ﬁliis,

925 1036 1058 1072 apostolis
1070 1034 1185 1065 scilicet.
1197 1032 1299 1064 cdocti,
1316 1035 1494 1058 convertente
1509 1029 1624 1056 Domino
1638 1029 1721 1056 corda

927 1087 1036 1118 patrum
1071 1081 1097 1107 in
1119 1079 1199 1108 filios.
1216 1076 1354 1112 quomodo
1371 1084 1425 1103 non
1454 1075 1534 1102 iidcm
1562 1075 1722 1102 dicerentur

926 1127 1117 1162 praeexsistere
1131 1124 1243 1159 quidem
1256 1121 1409 1150 secundum
1429 1120 1635 1155 generationem
1658 1127 1719 1146 car-

926 1174 1014 1201 nalem
1025 1172 1082 1199 suis
1099 1171 1170 1199 ﬁliis.
1184 1169 1353 1204 posteriores
1366 1171 1455 1194 tamen
1481 1174 1542 1193 esse
1570 1166 1722 1193 secundum

928 1218 1080 1253 spiritalem
1103 1213 1369 1250 regenerationem?
1391 1212 1418 1239 Si
1439 1217 1529 1238 anlcm
1552 1211 1610 1238 hzec
1632 1211 1668 1237 ita
1695 1219 1724 1237 se

929 1265 1060 1295 habeant,
1078 1260 1316 1297 quidincredibile
1339 1259 1417 1286 vobis
1434 1258 1544 1285 videtur
1566 1257 1600 1284 de
1623 1256 1723 1285 Verbo,

932 1309 1087 1338 secundum
1109 1307 1227 1334 alteram
1254 1313 1331 1333 suam
1351 1305 1572 1339 generationem,
1590 1306 1724 1329 :rternnm

930 1357 1041 1392 quidem
1051 1356 1141 1390 ipsum
1157 1353 1289 1381 exsistere
1301 1355 1329 1378 et
1343 1351 1459 1385 simplex
1469 1357 1551 1382 vere;
1569 1348 1720 1376 secundum

931 1403 1045 1430 alteram
1060 1407 1126 1427 vero
1141 1398 1251 1425 initium
1273 1397 1378 1424 habere
1396 1400 1424 1423 et
1437 1403 1498 1422 esse
1517 1393 1701 1429 compositum
1716 1394 1727 1419 2’

931 1448 998 1475 Cum
1023 1444 1200 1481 adiunctione
1215 1443 1288 1470 enim
1314 1442 1431 1476 quadam
1457 1448 1528 1468 novo
1548 1439 1659 1466 nomine
1681 1446 1728 1465 co-

932 1491 1087 1527 gnoscitur,
1105 1493 1197 1516 etnon
1232 1488 1349 1522 simplex
1375 1486 1497 1514 Verbum
1524 1485 1645 1516 tandem,
1680 1483 1727 1510 sed

896 1555 918 1583 ρ
934 1537 1102 1572 compositus
1120 1535 1247 1563 Christus
1262 1538 1386 1560 vocatur.
1402 1532 1449 1559 llis
1462 1535 1552 1558 autem
1569 1531 1608 1558 sic
1635 1538 1663 1557 se
1678 1530 1728 1556 ba-

933 1585 1000 1612 bere
1019 1581 1170 1613 concessis,
1194 1588 1255 1615 qum
1279 1578 1391 1613 quidem
1414 1577 1510 1612 genuit
1533 1575 1727 1610 compositum,

935 1630 1049 1658 omnino
1075 1627 1171 1663 genuit
1194 1630 1223 1653 et
1255 1625 1391 1659 simplex;
1419 1624 1446 1650 in
1479 1622 1631 1656 composito
1656 1620 1728 1647 enim

934 1676 1001 1703 illud
1012 1678 1064 1702 est.
1085 1673 1137 1706 Qui
1167 1675 1258 1698 autem
1272 1669 1366 1705 genuit
1380 1669 1506 1703 simplex,
1521 1675 1576 1694 non
1606 1666 1669 1693 ideo
1682 1673 1729 1700 ge-

934 1721 995 1748 nuit
1022 1724 1049 1747 ct
1061 1718 1243 1752 compositum
1258 1726 1265 1749 ;
1279 1723 1334 1742 non
1349 1715 1422 1742 enim
1440 1714 1467 1740 in
1483 1713 1601 1747 simplici
1618 1719 1730 1746 compo-

936 1768 1031 1795 situm.
1048 1765 1134 1800 Igitur
1150 1763 1301 1790 secundum
1317 1769 1376 1788 eam
1391 1760 1595 1794 generationem
1610 1765 1672 1792 qna":
1685 1757 1732 1784 dat

936 1811 1099 1846 simpliciter
1123 1809 1216 1844 genito
1234 1807 1324 1835 Verbo
1344 1805 1542 1836 exsistentiam,
1572 1807 1600 1830 et
1619 1802 1730 1838 quidem

937 1857 1124 1887 exsistentiam
1138 1860 1280 1886 aeternam,
1305 1860 1360 1880 non
1384 1855 1499 1878 matrem
1511 1850 1628 1878 dicimus
1644 1848 1732 1883 Virgi-

937 1911 1010 1932 nem.
1031 1901 1189 1930 Secundum
1203 1906 1270 1926 vero
1291 1905 1350 1925 eam
1373 1896 1577 1932 generationem
1604 1901 1664 1929 quae
1685 1893 1732 1920 dat

937 1947 963 1975 ei
983 1946 1171 1974 exsistentiam
1202 1944 1293 1973 talem,
1319 1942 1426 1969 scilicet
1454 1941 1634 1970 incarnatam,
1660 1942 1689 1964 ut
1705 1938 1731 1964 in

938 1989 1137 2020 carneﬂiabeat
1152 1987 1341 2016 exsistentiam
1358 1984 1547 2019 temporalem,
1569 1983 1607 2010 ita
1623 1987 1654 2009 nt
1668 1988 1734 2009 con-

939 2035 1128 2070 temporaliter
1140 2033 1192 2068 ipsi
1205 2031 1279 2059 carni
1295 2031 1394 2057 habeat
1415 2028 1642 2063 compositionem
1656 2034 1732 2053 suam

938 2069 1019 2108 simul
1037 2085 1099 2106 cum
1123 2077 1181 2112 ipsa
1198 2076 1307 2111 genitus
1324 2082 1357 2101 ex
1385 2073 1470 2100 Matre
1491 2070 1642 2099 secundum
1659 2069 1734 2099 etsi-

940 2125 1068 2153 stentiam
1080 2121 1268 2156 temporalem,
1287 2119 1401 2146 Matrem
1426 2125 1491 2144 vere
1512 2116 1628 2143 dicimus
1650 2114 1733 2141 etiam

941 2169 1083 2205 simplicis.
1116 2168 1151 2195 Et
1171 2165 1282 2201 quidem
1309 2172 1359 2199 per
1375 2161 1603 2196 compositionem
1634 2159 1736 2187 scimus

905 2228 927 2256 Ι)
942 2225 1001 2244 eam
1010 2216 1108 2243 factam
1121 2213 1263 2240 illibatam.
1272 2211 1312 2238 Ex
1323 2209 1413 2237 Verbo
1427 2208 1501 2235 enim
1518 2212 1622 2234 aeterno
1635 2210 1663 2232 et
1674 2213 1736 2232 car-

942 2269 977 2289 ne
991 2257 1134 2294 temporali
1150 2256 1281 2284 Dominus
1301 2258 1395 2281 nostcr
1411 2252 1490 2280 Jesus
1514 2251 1643 2280 Christus
1664 2254 1738 2276 lotus

943 2309 1075 2337 constat;
1101 2303 1193 2331 Verbo
1215 2300 1327 2336 quidem
1347 2299 1391 2326 bis
1415 2297 1518 2333 genito,
1550 2295 1655 2323 scilicet
1680 2294 1738 2322 sine

943 2359 1025 2380 carne
1039 2359 1073 2378 ex
1092 2350 1170 2377 Patre
1182 2352 1210 2374 et
1225 2353 1288 2374 cum
1302 2351 1384 2373 carne
1400 2351 1433 2371 ex
1447 2343 1532 2370 Matre
1546 2350 1554 2375 ;
1587 2348 1671 2369 carne
1689 2347 1739 2367 au-

945 2403 999 2426 tem
1009 2397 1093 2426 semel
1105 2400 1210 2423 tantum
1222 2393 1313 2429 genita
1328 2400 1361 2419 ex
1378 2391 1464 2418 Matre
1475 2390 1535 2416 sine
1547 2389 1662 2416 semine.
1671 2386 1739 2414 Cum

945 2445 1029 2481 igitur
1045 2444 1115 2471 Deus
1126 2449 1207 2469 verus
1222 2440 1281 2467 sine
1294 2446 1376 2466 carne
1390 2442 1418 2465 et
1431 2444 1493 2464 cnm
1508 2443 1591 2463 carne
1608 2433 1740 2465 Verbum,

946 2492 994 2519 Dei
1016 2498 1081 2518 vere
1097 2493 1161 2517 sunt
1178 2487 1317 2523 genitores
1329 2484 1482 2512 secundum
1501 2487 1646 2516 utramque
1659 2487 1742 2516 gene-

948 2537 1083 2565 rationem
1109 2535 1155 2570 qui
1181 2524 1248 2561 illud
1279 2533 1444 2567 genuerunt.
1461 2528 1525 2556 Haec
1540 2527 1623 2562 igitur
1639 2526 1673 2553 de
1698 2524 1741 2552 di-

947 2590 1028 2610 verso
1046 2569 1134 2616 quoad
1151 2577 1344 2615 generationes
1366 2575 1487 2602 adventu
1514 2572 1608 2600 Verbi.
1637 2569 1742 2598 Produ-

949 2629 1054 2656 ctiones
1067 2631 1158 2654 antem
1186 2623 1393 2661 generationum
1409 2619 1560 2648 secundum
1570 2623 1743 2653 progressum

950 2673 1121 2708 simpliciter,
1133 2675 1162 2698 et
1177 2660 1229 2698 alia
1253 2667 1364 2699 similia,
1380 2667 1482 2693 frustra
1497 2673 1511 2692 a
1527 2663 1607 2691 vobis
1620 2662 1654 2689 de
1665 2660 1745 2689 Chri-

104 2734 150 2756 sto
165 2726 352 2761 proferuntur.
368 2725 408 2752 Ex
419 2724 470 2751 hnc
481 2723 553 2750 enim
566 2721 646 2749 modo
660 2721 752 2748 nullus
768 2727 887 2754 unquam
899 2727 990 2748 sermo
1005 2707 1147 2754 beiparam
1159 2717 1228 2745 dixit
1242 2716 1377 2751 virginem
1390 2713 1522 2741 illibatam
1536 2719 1543 2744 ;
1563 2717 1614 2737 nec
1632 2707 1743 2735 irratio-

107 2776 213 2804 nalium
239 2774 386 2802 admodum
400 2773 528 2808 cuiquam
547 2771 604 2798 haec
620 2771 648 2797 in
669 2775 787 2797 mentem
803 2773 948 2796 venerunt.

402 2820 529 2846 ΚΕΦᾹΛ.
554 2820 589 2844 Δ’.

147 2869 177 2899 Et
207 2867 305 2902 κυρίως
330 2867 376 2894 καὶ
400 2867 458 2893 κατ’
474 2865 601 2901 ἀλήθειαν
631 2865 649 2898 ἡ
668 2865 698 2890 ἐκ
728 2861 831 2898 [la-.95;
852 2862 899 2888 τοῦ

1276 2810 1328 2837 ΑΡ.
1349 2809 1393 2836 ιγ.

1276 2810 1328 2837 ΑΡ.
1349 2810 1393 2836 lV.

991 2859 1018 2889 Si
1037 2859 1146 2894 proprie
1160 2858 1232 2885 dicta
1246 2810 1276 2884 ect-
1289 2864 1351 2883 \era
1367 2859 1412 2882 est
1423 2850 1563 2888 generatio
1581 2848 1629 2876 Dei
1658 2847 1742 2877 Verbi
