1960 3093
242 154 310 188 E63

875 149 1030 180 LEONTII
1052 148 1254 180 ΒΥΖΑΝΤΙΝΙ

1816 146 1891 178 ιθοι

240 223 273 241 ex
284 221 319 241 eo
332 211 404 247 quod
418 219 526 246 semper
543 210 667 241 exsistat',
680 208 792 234 omnino
810 205 979 240 impossibile
992 210 1036 233 est

1090 205 1126 240 μὴ
1149 204 1194 232 διὰ
1216 205 1247 231 τὸ
1269 201 1338 230 εἶναι
1353 204 1406 234 ἀεὶ.
1426 203 1496 230 ἀλλὰ
1509 203 1552 230 διὰ
1566 204 1596 231 τὺ
1609 204 1701 236 ἁπλῶς
1716 204 1767 239 ἤδη
1783 206 1892 239 προεῖ-

241 258 491 292 quomodocunque
514 263 580 296 vere
611 253 696 282 nasci.
722 253 750 279 Si
771 259 863 279 autem
880 259 934 278 non
949 258 982 277 ex
999 258 1033 278 eo

241 304 315 340 quod
329 311 437 337 semper
451 302 576 332 exsistat,
598 300 645 327 sed
668 307 701 326 cx
723 305 756 325 eo
772 297 846 332 quod
871 297 1033 331 simpliciter

240 351 295 385 jam
308 349 484 384 pmexsistat
493 353 522 374 et
541 350 605 372 ante
622 345 731 380 genitus
744 343 836 375 fuerit,
852 350 972 377 quorsus
992 349 1035 369 se-

244 396 297 423 mel
311 395 425 422 omnino
444 391 695 428 quomodocuuque
705 389 799 416 adhuc
808 389 849 415 vel
863 395 1029 422 quocunque

243 443 297 469 alio
316 441 396 468 modo
409 439 482 475 gigni
501 437 670 473 impossibile
686 435 800 463 dicitis?
816 434 885 461 illud
905 434 978 461 enim
992 433 1035 460 in-

243 488 355 515 dicabat
373 490 496 513 vestrum
516 485 623 511 iterum.
642 483 676 508 Et
699 481 752 508 hoc
766 488 815 515 per
832 479 937 514 singula
954 485 1037 513 expe-

245 535 360 562 riamur.
381 533 451 560 Num
476 531 559 566 igitur
573 529 736 556 Timotheus
757 526 880 553 nondum
897 524 953 551 ulla
977 528 1037 550 erat

244 579 421 615 generatione
434 577 553 612 genitus,
572 582 623 602 nec
639 574 673 600 ab
686 573 747 599 aliis
763 570 925 606 parentibus
947 574 1040 601 ortus,

245 624 356 659 quando
376 623 476 650 Paulus
487 626 564 656 pater
577 619 667 646 dictus
683 618 759 645 illum
776 623 937 651 germanum
950 614 1037 641 lilium

246 670 273 696 in
300 669 352 696 ﬁde
376 669 403 695 in
419 667 530 695 Christo
552 666 616 693 Iesu
647 672 696 698 per
718 661 897 696 Evangelium
923 660 1038 695 genuit?

245 714 313 747 Quis
327 722 360 741 ex
379 713 457 740 vobis
475 711 646 738 manifestam
661 709 733 735 hanc
748 707 894 733 falsitatem
908 713 961 732 non
973 705 1038 731 hor.-

248 758 308 785 ret?
323 757 362 784 lla
381 757 474 792 igitur‘
492 763 508 782 ο
525 762 584 785 νος,
601 758 629 780 et
648 753 700 779 hoc
715 750 859 785 intelligite
877 758 883 776 :
902 757 935 777 ex
951 749 1037 784 parti-

247 803 299 831 bus
311 803 417 829 scilicet
439 799 552 832 Christi,
571 799 686 826 alteram
708 796 820 831 quidem
841 801 869 823 et
884 795 1039 822 secundum

248 849 363 884 primam
385 848 445 882 ejus
468 846 675 882 generationem
701 842 820 878 genitam
844 842 930 869 fuisse
949 846 977 868 et
993 849 1038 868 se-

1084 250 1128 276 ναί
1142 259 1168 277 τι
1182 250 1230 276 καὶ
1243 249 1460 285 προγεννηθῆναί
1477 257 1552 279 ποτε.
1570 249 1629 280 πῶς
1645 249 1718 281 ἆπαξ
1733 250 1796 277 οὐδὲ
1813 250 1891 282 ὅλως

1084 295 1208 322 ὁπωσοῦν
1224 295 1265 322 ἔτι
1284 295 1344 322 οὐδὲ
1363 295 1423 322 καθ’
1436 295 1578 321 ὁντιναοῦν
1593 295 1687 329 ἕτερον
1701 296 1803 330 τρόπον
1821 305 1891 329 γεν-

1084 341 1200 375 νηθῆναί
1215 349 1242 367 τι
1255 341 1366 368 δυνατὸν
1380 341 1474 374 λέγετε
1488 349 1496 374 ;
1514 340 1594 367 τοῦτο
1605 341 1660 376 γὰρ
1673 341 1784 376 ᾐνίξατο
1802 342 1889 376 ὑμῶν

1083 388 1115 413 τὸ
1130 387 1234 418 πάλιν,
1250 387 1298 414 καὶ
1306 387 1371 414 ’τόδε
1388 387 1417 413 ὲν
1431 388 1487 419 τοῖς
1500 386 1658 414 καθέκαστα
1674 387 1887 422 βασανίσωμεν.

1084 431 1158 469 ’Δρα
1171 431 1217 460 οὖν
1233 433 1364 468 Τιμόθεος
1380 433 1456 460 οὔπω
1469 431 1503 468 ἦν
1517 433 1629 468 οὐδεμιᾷ
1643 434 1769 468 γεννήσει
1782 442 1888 467 γεγεν-

1085 480 1271 515 νημένος,καὶ
1287 480 1332 514 ὑφ’
1348 480 1452 514 ἑτέρων
1466 479 1605 514 προελθὼν
1619 479 1730 513 γονέων,
1746 480 1791 506 ὅτε
1807 481 1889 506 Παῦ-

1086 526 1130 557 λος
1145 526 1159 552 6
1174 524 1393 560 ἐπιγραφόμενος
1408 524 1489 551 αὑτὸν
1500 525 1613 559 γνήσιον
1627 524 1720 551 τέκνον
1733 526 1762 551 ὲν
1776 525 1889 555 πίστει,

1087 573 1116 598 ὲν
1126 571 1238 606 Χριστῷ
1253 571 1340 605 Ἰησοῦ
1355 571 1399 597 διὰ
1414 570 1460 597 τοῦ
1476 570 1644 604 Εὐαγγελῐου
1660 571 1811 605 ὲγέννησες
1834 572 1886 598 καὶ

1086 619 1128 649 τίς
1141 617 1218 653 ὑμῶν
1229 617 1279 653 τὴν
1292 617 1419 653 προφανῆ
1429 617 1532 652 ταύτην
1543 617 1721 652 ψευδολογίαν
1730 617 1760 644 οὐ
1770 617 1885 650 βδελύτ-

1087 671 1176 693 τεται;
1195 662 1290 694 Οὕτως
1303 661 1360 695 οὖν,
1377 659 1400 689 ὦ
1413 659 1496 694 οὗτοι,
1512 662 1560 688 καὶ
1573 662 1633 689 τόδε
1645 662 1808 688 νοεῖτε-τῶν
1825 661 1883 696 γὰρ

1087 709 1207 744 Χριστοῦ
1223 709 1314 744 μερῶν
1330 708 1362 734 τὸ
1379 708 1430 742 μὲν
1445 709 1491 734 καὶ
1504 708 1574 735 κατὰ
1587 708 1638 741 τὴν
1652 708 1764 744 πρώτην
1778 707 1882 734 ἑαυτοῦ

1088 754 1215 789 γέννησιν
1231 753 1394 788 γεννηθῆναι
1413 754 1460 780 καὶ
1481 753 1553 780 κατά
1567 753 1618 788 τὴν
1631 754 1762 788 δευτέραν
1775 753 1882 788 φαμὶν,

1088 799 1119 825 τὸ
1134 799 1162 825 δὲ
1175 799 1269 834 ἕτερον
1283 798 1373 833 δῆλον,
1389 798 1426 830 ὡς
1440 798 1499 825 οὐδὲ
1514 799 1609 833 προον,
1624 798 1640 833 ἦ
1657 798 1735 833 ἑτέρᾳ
1749 798 1885 832 γεννήσει

1090 845 1344 878 προγεγεννημένον
1356 864 1364 876 ,
1386 845 1435 880 μιᾷ
1449 844 1575 878 γεννήσει
1591 845 1624 878 τῇ
1640 844 1739 878 ἀμφοῖν
1754 851 1887 878 συμπροο

248 875 260 884 τ
284 875 288 876 ν
400 875 409 882 .
468 875 483 882 ν
703 875 714 878 -

247 894 370 922 cundum
387 892 537 920 secundam
564 890 702 921 dicimus;
727 889 843 916 alteram
872 895 939 914 vero
961 891 1038 922 patet

1090 889 1177 916 ελθεῖν
1203 889 1242 924 τῷ
1267 889 1352 924 ἑτέρῳ
1373 890 1402 916 ὲν
1424 889 1464 916 ἑνὶ
1487 889 1536 924 τῆς
1556 889 1731 920 ὑπιστὰσεως
1754 889 1808 924 ὅλῳ
1831 888 1885 922 τῆς

247 950 303 969 non
328 949 388 969 esse
413 939 657 975 pratetsislcutem,
683 944 735 964 nec
753 936 843 963 altera:
859 934 1037 970 generatione

247 991 311 1014 ante
334 986 463 1020 genitam.
492 985 550 1012 Una
571 982 750 1018 generatione
776 980 931 1011 ambarum,
957 979 1040 1006 simul

249 1039 311 1059 cum
326 1032 411 1058 altera
423 1030 551 1064 progredi
564 1029 591 1055 in
608 1036 662 1055 uno
680 1027 836 1062 hypostasis
851 1030 909 1054 toto
921 1025 1038 1052 conﬁte-

1090 935 1176 969 αὐτῆς
1202 935 1403 970 ὁμολογοῦμεν·
1431 936 1460 961 ὲν
1482 935 1537 970 γὰρ
1563 936 1613 970 μιᾷ
1632 936 1665 970 τῇ
1686 935 1718 961 ἐκ
1739 934 1885 970 Παρθένου

1090 981 1228 1016 γεννήσει,
1248 981 1295 1007 τοῦ
1312 982 1361 1016 μὲν
1375 981 1428 1007 τῶν
1446 981 1538 1016 μερῶν
1551 980 1668 1015 Χριστοῦ
1684 980 1816 1015 δευτέρα,
1835 979 1884 1006 τοῦ

1091 1025 1119 1051 δὲ
1137 1025 1231 1061 πρώτη
1247 1026 1295 1052 καὶ
1310 1026 1379 1060 μόνη
1393 1027 1494 1052 νοεῖται
1509 1024 1577 1052 οὖσα
1590 1025 1725 1060 γέννησις.

249 1087 321 1106 mur.
335 1077 366 1105 In
380 1086 432 1104 una
449 1077 534 1107 enim,
562 1076 668 1103 scilicet
698 1083 731 1102 ex
763 1073 888 1108 Virgine,
909 1072 1107 1108 generatione,
1139 1073 1256 1102 alterius
1273 1073 1386 1110 quidem
1414 1074 1534 1110 partium
1550 1073 1653 1102 Christi
1675 1078 1807 1102 censetur
1821 1080 1887 1102 esse

249 1124 398 1154 secundam
419 1123 625 1158 generationem
639 1120 755 1148 alterius
770 1120 887 1156 primam
900 1124 928 1147 et
938 1119 1049 1147 solam..

564 1180 640 1208 CAP.
661 1179 717 1206 VH.

285 1229 313 1256 Si
330 1228 482 1255 substantia
495 1227 543 1254 Dei
559 1225 640 1252 Verbi
662 1230 724 1252 nata
742 1227 785 1252 est
799 1223 950 1251 secundum
965 1223 1037 1251 veri-

251 1278 335 1302 tatem
360 1281 394 1301 ex
417 1272 571 1301 substantia
592 1270 724 1305 Virginis,
751 1277 863 1297 necesse
887 1273 978 1296 autem
995 1274 1038 1296 est

249 1320 341 1356 genita
363 1320 400 1347 ita
417 1327 479 1347 esse
495 1317 595 1346 similia
619 1316 771 1344 secundum
788 1315 972 1343 substantiam
996 1315 1038 1349 gi-

250 1353 408 1400 gnentibus,
430 1364 473 1390 vel
497 1363 570 1390 Deus
585 1361 704 1389 Verbum
719 1365 762 1388 est
784 1360 867 1387 homo
885 1360 1038 1387 secundum

251 1410 451 1442 substantiam;
478 1408 521 1436 vel
544 1407 627 1442 Virgo
649 1411 698 1434 est
708 1406 789 1433 Deus?
799 1405 959 1432 secundum
975 1405 1041 1432 sub-

251 1455 398 1486 stantiam;
416 1461 500 1489 porro
525 1458 674 1487 utrumque
696 1451 800 1486 pariter
821 1455 863 1478 est
879 1451 993 1486 impium
1014 1457 1042 1478 et

253 1500 432 1535 impossibile.
445 1500 531 1534 Igitur
543 1499 697 1526 substantia
711 1498 759 1525 Dei
771 1498 853 1525 Verbi
867 1497 1041 1524 non,veraci-

253 1552 295 1574 ter
305 1551 348 1573 est
363 1551 425 1574 nata
442 1554 475 1572 ex
486 1545 639 1572 substantia
653 1543 783 1579 Virginis.
802 1558 838 1563 ——-
848 1543 901 1570 Sed
919 1543 1038 1578 primum

252 1592 376 1626 quidem,
386 1592 460 1618 aliud
474 1595 516 1618 est
530 1591 558 1617 in
572 1590 752 1617 substantiam
761 1590 844 1624 gigni,
855 1589 927 1616 aliud
941 1596 1041 1616 secun—

253 1637 318 1665 dum
337 1637 516 1664 substantiam
534 1636 618 1671 gigni.
644 1635 759 1670 insuper
785 1636 859 1662 inter
882 1635 990 1669 genitos
1006 1642 1040 1661 ex

254 1682 408 1710 substantia
424 1681 515 1708 multa:
529 1684 593 1708 sunt
603 1680 766 1707 diii'crentia:
781 1678 998 1706 similitudinum
1013 1682 1049 1705 ct-

253 1726 510 1754 dissimilitudinum
532 1724 699 1752 adamussim
722 1722 875 1758 indaganti,
899 1727 929 1750 ut
949 1727 977 1749 et
991 1730 1042 1749 vos

253 1771 304 1806 ipsi
320 1777 410 1805 nuper
425 1769 569 1797 dicebatis.
588 1769 710 1802 Namque
733 1772 790 1794 tum
803 1767 902 1794 similia
918 1772 974 1794 tum
986 1767 1042 1794 dis-

253 1817 354 1845 similia
367 1817 482 1852 gignunt
502 1823 552 1850 pro
567 1814 723 1841 diﬂ'ereutia
741 1813 848 1840 scilicet
868 1813 1040 1840 diversnum

253 1863 473 1898 generationum.
498 1860 527 1888 Si
549 1860 623 1887 enim
637 1864 666 1886 et
681 1858 836 1886 substantia
857 1862 918 1884 erat
939 1857 1042 1884 Paulus

253 1907 301 1943 qui
326 1900 493 1943 operabatur
508 1905 711 1941 generationem
729 1904 877 1936 Timothei,
900 1911 962 1930 cum
983 1904 1042 1937 ipse

253 1957 326 1981 esset
341 1960 451 1988 quoque
466 1951 630 1982 substantia,
645 1954 674 1977 et
692 1950 843 1978 secundum
859 1950 1053 1978 substantiam-

253 2000 350 2026 melior
366 1999 443 2025 ﬁeret
463 2002 490 2024 et
512 1998 670 2032 gigneretur
686 1996 720 2023 ad
734 1996 969 2031 incorruptionem
994 2004 1042 2030 per

254 2044 335 2071 ﬁdem
350 2044 416 2078 (non
433 2043 506 2070 enim
531 2042 682 2069 secundum
698 2042 826 2069 accidens
844 2042 954 2077 aliquod
972 2041 1052 2069 facta.

254 2094 297 2116 est
311 2089 445 2123 spiritalis
459 2093 563 2115 naturae
571 2093 672 2114 nostra:
686 2087 879 2122 regeneratio),
895 2088 960 2114 item
973 2094 1042 2121 quo-

253 2143 306 2170 que
317 2135 376 2170 ejus
390 2134 542 2162 secundum
560 2141 672 2161 carnem
692 2138 770 2167 pater
791 2137 853 2162 erat
873 2133 1050 2166 substantia,.

253 2186 281 2209 et
292 2181 444 2209 secundum
469 2180 651 2208 substantiam
669 2180 764 2213 utique
788 2179 905 2214 genuit:
923 2183 952 2205 et
966 2179 1040 2205 insu-
1056 2194 1077 2221 ο

254 2235 302 2262 per
321 2227 444 2253 omnium
465 2227 681 2253 substantiarum
698 2233 790 2256 causa,
809 2225 867 2258 ipse
882 2224 941 2251 sine
955 2231 1038 2250 causa

255 2274 333 2305 pater
346 2270 479 2296 omnium.
503 2269 556 2296 Sed
574 2277 647 2296 unus
669 2268 779 2303 quidem
799 2268 862 2295 ﬁdei
884 2276 950 2300 suae,
975 2268 1044 2295 alter

255 2324 320 2343 vero
330 2315 439 2350 corpori
453 2323 504 2343 suo
519 2316 614 2351 genuit
628 2323 690 2342 eum
707 2315 838 2345 similem,
862 2314 932 2340 alius
950 2317 1043 2340 autem

257 2362 368 2397 imagini
383 2369 448 2389 suae.
466 2361 550 2396 Igitur
566 2366 594 2388 ct
610 2361 632 2388 si
656 2361 736 2387 Pater
750 2359 784 2386 ab
806 2363 908 2385 mterno
925 2365 959 2384 cx
979 2357 1043 2384 sub-

256 2408 355 2434 stantia
370 2415 418 2434 sua
432 2406 519 2442 gignit
535 2407 666 2440 Verbum,
682 2409 710 2433 et
728 2405 856 2432 Salomon
872 2411 906 2431 ex
918 2404 1044 2432 substan-

258 2455 294 2481 tia
306 2453 408 2481 dicitur
418 2454 546 2489 genuisse
556 2452 713 2484 .leroboam,
724 2459 779 2478 non
790 2451 845 2485 jam
858 2450 895 2477 ita
909 2458 938 2477 se
960 2451 1044 2478 habet

256 2503 373 2532 uterque
388 2498 460 2525 {ilius
470 2500 504 2525 ad
518 2502 666 2532 utrumque
682 2500 788 2531 patrem
805 2495 895 2530 quoad
913 2495 1042 2522 similitu-

255 2544 359 2571 dinem.
380 2543 448 2571 Cum
473 2544 547 2570 enim
572 2543 682 2570 differat
709 2542 808 2570 modus
831 2542 1040 2577 generationum

254 2589 406 2617 secundum
422 2589 615 2619 substantiam.
629 2593 657 2615 et
672 2588 699 2614 in
716 2587 945 2615 diversaanaturm
960 2588 1043 2615 rebus

255 2635 433 2670 intelligatur,
449 2635 500 2662 etsi
518 2634 616 2662 similis
640 2638 715 2662 esset
738 2634 889 2661 secundum
922 2634 976 2661 hoc
1000 2634 1041 2668 ip-

255 2689 316 2708 sum
333 2680 483 2715 generatio,
499 2684 619 2707 attamen
638 2680 793 2706 diil‘crcntia
807 2679 994 2714 generationis
1010 2687 1042 2706 cx

256 2726 410 2754 substantia
436 2726 605 2753 demonstrat
629 2726 742 2752 dill‘crrc
766 2729 794 2751 et
821 2724 1041 2752 similitudinem.

257 2773 324 2800 Nam
342 2772 376 2800 dc
402 2780 457 2800 uno
479 2772 632 2806 eodemque
661 2771 774 2798 homine
804 2770 908 2797 dicitur
926 2778 960 2797 ex
983 2771 1042 2805 ejus

256 2818 410 2844 substantia
424 2818 496 2853 gigni
513 2823 541 2845 et
565 2817 661 2846 ﬁlium.
676 2822 705 2844 et
729 2816 935 2852 cogitationem,
957 2821 985 2843 et
998 2816 1042 2843 di-

257 2863 386 2895 ctionem,
403 2868 429 2889 et
446 2863 524 2898 pilos,
539 2868 563 2890 cl
580 2863 746 2894 cicatricem,
767 2866 793 2889 et
810 2862 999 2897 operationem
1015 2866 1042 2888 et

1398 1176 1524 1202 ΚΕΦΑᾹ.
1543 1176 1580 1202 Ζ¹.

1084 1207 1087 1209 Ι
1126 1222 1158 1249 Et
1175 1222 1190 1256 ἡ
1205 1221 1283 1248 οὐσία
1299 1219 1347 1247 τοῦ
1363 1219 1430 1246 Θεοῦ
1445 1220 1534 1253 Λόγου
1551 1219 1648 1254 ἐτέχθη
1664 1217 1735 1245 κατὰ
1750 1217 1884 1252 ἀλήθειαν

1090 1269 1122 1294 ὲκ
1147 1268 1195 1303 τῆς
1221 1266 1316 1298 οὐσίας
1338 1263 1497 1301 Παρθένου,
1519 1265 1627 1299 ἀνάγκη
1642 1265 1670 1290 δὲ
1683 1263 1719 1290 τὰ
1730 1264 1884 1298 τικτόμενα

1091 1314 1177 1345 οὓτως
1202 1313 1282 1348 ὅμοια
1304 1309 1376 1339 εἶναι
1401 1312 1460 1338 κατ’
1480 1311 1575 1337 οὐσίαν
1599 1312 1656 1342 τοῖς
1677 1310 1840 1341 τίκτουσιν,
1866 1309 1883 1342 ἢ

1092 1362 1106 1387 6
1121 1360 1187 1391 Θεδς
1203 1360 1300 1394 Λόγος,
1318 1359 1462 1393 ἄνθρωπος
1476 1358 1526 1393 τὴν
1540 1357 1647 1389 οὐσίαν,
1665 1357 1681 1392 ἦ
1695 1358 1712 1392 ἠ
1727 1356 1895 1390 Παρθένοςν

1092 1407 1160 1437 Θεδς
1176 1405 1225 1441 τὴν
1241 1405 1352 1431 οὐσίαν·
1379 1405 1438 1431 ἀλλ’
1457 1404 1587 1438 ἑκάτερον
1605 1403 1702 1437 ἐπίσης
1718 1401 1818 1433 ἀσεϐὲς
1836 1404 1883 1428 καὶ

1093 1452 1223 1478 ἀδύνατον
1236 1459 1244 1466 ⁵
1273 1451 1322 1478 οὐκ
1338 1451 1393 1486 ἄρα
1409 1451 1427 1485 ἡ
1441 1451 1524 1476 οὐσία·
1531 1449 1583 1475 -τοῦ
1598 1448 1664 1475 Θεοῦ
1678 1448 1765 1481 Λόγου
1783 1447 1881 1482 ὲτέχθη

1094 1498 1166 1524 κατὰ
1182 1497 1311 1532 ἀλήθειαν
1335 1498 1367 1523 ὲκ
1383 1497 1432 1531 τῆς
1449 1495 1543 1526 οὐσίας
1559 1495 1610 1528 τῆς
1627 1493 1777 1529 Παρθένου.
1801 1493 1883 1520 Ἀλλά

1092 1543 1200 1577 πρῶτον
1220 1543 1284 1578 μὲν,
1302 1542 1396 1577 ἕτερον
1419 1541 1450 1567 τδ
1476 1542 1517 1572 εις
1539 1541 1632 1567 οὐσίαν
1655 1540 1808 1574 τεχθῆναι,
1836 1541 1882 1566 καὶ

1090 1589 1154 1616 ἀλλο
1178 1589 1208 1615 τδ
1234 1588 1294 1615 κατ’
1317 1588 1410 1614 οὐσίαν
1432 1587 1572 1621 τεχθῆναι.
1590 1587 1649 1613 Ἔτι
1664 1586 1692 1612 δὲ
1714 1586 1768 1612 τῶν
1784 1587 1817 1612 ὲκ
1832 1585 1881 1620 τῆς

1089 1635 1183 1666 οὐσίας
1226 1633 1414 1668 τικτομένων,
1452 1633 1548 1659 πολλαί
1583 1633 1650 1659 εἰσιν
1694 1633 1722 1658 αἱ
1755 1632 1881 1666 διαφοραὶ

1090 1680 1144 1706 τῶν
1166 1679 1321 1714 ὁμοιώσεων
1350 1679 1398 1706 καὶ
1425 1679 1625 1714 ἀνομοιοτήτων
1650 1677 1689 1712 τῷ
1705 1685 1737 1711 γε
1760 1677 1882 1712 ἀκριὸὦς

1091 1724 1244 1756 ἑξετάζοντι
1258 1745 1265 1755 ,
1291 1724 1328 1755 ὡς
1346 1723 1394 1750 καὶ
1415 1723 1493 1758 ὑμεῖς
1515 1724 1545 1749 ὲν
1567 1723 1622 1753 τοῖς
1646 1723 1741 1757 πρώην
1758 1721 1879 1756 ἐλέγετε·

1090 1769 1126 1796 τὰ
1153 1770 1203 1804 μὲν
1229 1769 1284 1804 γὰρ
1310 1769 1391 1804 ὅμοιοι
1407 1790 1413 1800 .
1443 1768 1477 1795 τὰ
1499 1768 1527 1794 δὲ
1554 1768 1667 1802 ἀνόμοια
1686 1767 1791 1800 τίκτει,
1815 1768 1882 1802 πρὸς

1092 1815 1142 1850 τὴν
1166 1815 1299 1850 διαφορὰν
1325 1815 1446 1850 δηλονότι
1471 1815 1527 1841 τῶν
1549 1815 1702 1849 ἑτεροφυόΝ
1715 1815 1881 1849 γεννήσεων.

1092 1861 1124 1887 El
1147 1861 1202 1895 γὰρ
1227 1861 1275 1887 καὶ
1299 1860 1379 1888 οὐσία
1392 1858 1427 1896 ἦν
1448 1862 1462 1887 6
1476 1861 1584 1892 Παῦλος
1597 1861 1612 1886 6
1624 1860 1742 1895 ἐνεργῶν
1757 1860 1808 1895 τὴν
1820 1861 1882 1893 γέν-

1092 1913 1169 1940 νησιν
1193 1905 1326 1940 Τιμοθέου
1341 1924 1349 1937 ,
1378 1905 1474 1937 οὐσίας
1498 1906 1558 1931 καὶ·
1571 1904 1653 1931 αὐτοῦ
1668 1905 1744 1934 liv-:0;
1760 1904 1809 1930 καὶ
1822 1905 1881 1930 κατ’

1091 1952 1186 1978 οὐσίαν
1200 1952 1239 1982 είς
1254 1951 1408 1986 ἀφθαρσίαν
1421 1951 1466 1978 διὰ
1477 1952 1527 1986 τῆς
1540 1950 1656 1982 πίστεως
1670 1950 1881 1985 κρειττουμένου

1093 1998 1139 2024 καὶ
1163 1997 1334 2032 γεννωμένου
1361 1997 1411 2032 (οὺ
1435 1997 1489 2032 γὰρ
1509 1997 1541 2032 δὴ
1565 1997 1635 2023 κατὰ
1659 1995 1836 2030 συμϐεϐηκός
1856 2004 1881 2022 τι

1091 2042 1296 2077 ὴπνευματικὴ
1324 2042 1372 2076 τῆς
1395 2041 1503 2076 φύσεως
1527 2041 1605 2076 ἡμῶν
1630 2041 1741 2075 γέγονεν
1764 2041 1882 2074 ἀναγέν-

1092 2088 1191 2122 νησις).
1213 2088 1259 2114 καὶ
1275 2089 1289 2114 ὁ
1303 2088 1374 2114 κατὰ
1388 2087 1478 2122 σάρκα
1491 2087 1517 2113 δὲ
1532 2087 1614 2113 αὑτοῦ
1629 2086 1732 2121 πατὴρ,
1744 2087 1826 2112 οὐσία
1839 2084 1880 2121 ἤν,

1092 2133 1139 2159 καῖ⁸
1163 2132 1222 2159 κατ’
1237 2133 1331 2160 οὐσίαν
1354 2142 1414 2165 πως
1438 2132 1546 2159 ἔτικτε’
1572 2133 1619 2158 καὶ
1639 2132 1730 2166 πάσης
1744 2132 1774 2158 δὲ
1788 2132 1880 2163 οὐσίας

1092 2179 1195 2210 αἴτιος.
1221 2179 1342 2210 ἀναίτιος
1366 2178 1475 2205 πάντων
1500 2177 1548 2204 καὶ
1571 2177 1677 2212 Πατήρ.
1699 2176 1770 2203 Ἀλλ’
1795 2177 1810 2203 6
1835 2176 1880 2210 ph

1091 2225 1124 2259 τῇ
1148 2224 1239 2250 πίστει
1254 2244 1262 2255 ,
1288 2225 1301 2250 6
1315 2224 1343 2250 δὲ
1366 2223 1405 2259 τῷ
1421 2223 1528 2258 σώματι
1542 2222 1625 2249 αὑτοῦ
1643 2222 1789 2256 ἐγέννησεν
1803 2222 1880 2248 αὐτὸν

1094 2271 1186 2304 ὅμοιον
1199 2291 1206 2301 ,
1232 2271 1246 2296 6
1262 2270 1289 2296 δὲ
1305 2272 1336 2305 τῇ
1353 2270 1436 2296 εἰκόνι
1452 2269 1559 2296 ἑαυτοῦ.
1588 2269 1620 2295 Εἰ
1634 2269 1681 2294 καὶ
1694 2269 1708 2295 6
1723 2268 1821 2302 Πατὴρ
1834 2266 1877 2294 οῦν

1094 2316 1187 2346 statu;
1213 2316 1245 2341 ὲκ
1270 2315 1321 2349 τῆς
1338 2315 1430 2346 οὐσίας
1444 2314 1542 2341 ἑαυτοῦ
1559 2314 1646 2340 τίκτει
1661 2313 1706 2340 τὸν
1721 2314 1818 2347 Λῦγον,
1836 2315 1879 2340 καὶ

1094 2361 1219 2394 Σολομῶν
1245 2361 1277 2387 ὲκ
1300 2361 1349 2395 τῆς
1372 2360 1466 2391 οὐσίας
1486 2360 1570 2387 αὑτοῦ
1594 2359 1704 2394 λέγεται
1719 2359 1823 2385 τίκτειν
1837 2360 1878 2386 τὸν

1100 2406 1254 2442 Ἰεροὸοὰμ,
1273 2407 1324 2433 οὐκ
1347 2406 1398 2442 ἤδη
1422 2406 1508 2438 οὕτως
1523 2406 1580 2441 ἔχει
1595 2405 1724 2440 ἑκάτερος
1740 2404 1799 2436 υἱὸς
1815 2405 1878 2440 πρὸς

1094 2453 1223 2488 ἑκάτερον
1249 2454 1354 2488 πατέρι
1381 2453 1412 2479 τὸ
1433 2452 1642 2487 ἀπαράλλακτον
1655 2460 1662 2466 ·
1680 2451 1812 2486 διαφόρου
1829 2451 1878 2486 γὰρ

1093 2498 1194 2533 τρόπου
1212 2498 1266 2524 τῶν
1282 2499 1341 2524 κατ’
1356 2497 1450 2524 οὐσίαν
1466 2498 1620 2531 γεννήσεων
1636 2497 1664 2522 ἐν
1680 2497 1839 2532 ἐτεροφυέσι
1851 2503 1878 2522 τι

1094 2544 1240 2578 πράγμασι
1262 2543 1408 2579 νοουμένου
1422 2563 1429 2576 ,
1458 2543 1482 2570 εί
1500 2543 1547 2569 καὶ
1563 2543 1646 2577 ὁμοία.
1660 2543 1702 2577 ετη
1719 2542 1792 2568 κατὰ
1807 2542 1878 2569 τοῦτο

1094 2590 1159 2617 αὐτὸ
1176 2590 1192 2625 ή
1207 2589 1334 2624 γέννησις
1346 2610 1354 2622 ,
1381 2589 1411 2616 τὸ
1435 2590 1466 2615 ὲκ
1489 2589 1540 2622 τῆς
1560 2588 1654 2620 οὐσίας
1671 2585 1742 2614 εἶναι
1755 2588 1877 2622 διάφορον

1093 2635 1167 2670 ὅμως
1180 2635 1314 2661 δείκνυσιν
1328 2635 1442 2667 εἰκότως
1456 2635 1504 2661 καὶ
1517 2634 1566 2670 τὴν
1579 2635 1737 2670 ὁμοιότητα.
1751 2634 1817 2660 Ἰδοὺ
1830 2634 1878 2667 γὰρ

1094 2682 1140 2708 ἐπὶ
1153 2681 1212 2713 ἐνὸς
1226 2681 1272 2707 καὶ
1285 2680 1332 2707 τοῦ
1345 2680 1425 2707 αὐτοῦ
1439 2680 1584 2715 ἀνθρώπου
1597 2681 1629 2707 ὲκ
1640 2681 1690 2715 τῆς
1700 2680 1796 2711 οὐσίας
1807 2679 1876 2706 τοίδε

1093 2727 1202 2761 λέγεται
1221 2727 1370 2762 γεννᾶσθαι
1388 2727 1451 2758 Υἱὸς
1467 2735 1496 2753 τε
1520 2727 1566 2753 καὶ
1589 2725 1722 2761 θεώρημα
1746 2726 1796 2752 καὶ
1814 2726 1877 2758 λέξις

1093 2773 1141 2798 καὶ
1153 2771 1244 2806 τρίχες
1258 2772 1305 2797 καὶ
1318 2771 1395 2798 οὐλαὶ
1410 2771 1456 2797 καὶ
1469 2771 1595 2806 ἐνέργεια
1609 2771 1655 2797 καὶ
1666 2770 1749 2805 ἔτερα
1759 2771 1876 2796 πλεῖστα·

1094 2814 1148 2851 ἆρα
1164 2815 1210 2842 οὖν
1236 2817 1323 2843 πάντα
1345 2816 1478 2851 ἀνθρώπῳ
1494 2814 1566 2843 εἶναι
1580 2817 1660 2851 ὅμοια
1685 2817 1726 2851 τῇ·
1742 2816 1822 2851 οἱσέᾳ
1840 2825 1878 2841 νο-

1096 2862 1220 2897 μιστέον,
1239 2862 1298 2888 ἐπεὶ
1315 2863 1352 2893 είς
1368 2862 1460 2888 οὐσίαν
1477 2863 1523 2889 καὶ
1541 2863 1599 2889 κατ’
1617 2862 1712 2890 clatra
1728 2861 1791 2889 τινὰ
1806 2861 1878 2889 τῶνδε
