1960 3093
98 119 166 151 itif-5

568 117 768 149 ADVERSUS
787 118 1064 151 NESTORIANOS.
1082 134 1115 141 --
1129 121 1203 152 LIB.
1225 122 1276 153 IV.

1665 126 1736 159 1666

96 178 266 214 γεγέννηται,
279 177 325 204 καὶ
340 178 371 204 ὲκ
384 177 434 212 τῆς
446 175 549 207 οὐσίας,
565 176 581 212 ἢ
597 177 630 211 τῇ
642 176 757 211 διαφορᾷ
769 176 822 203 τῶν
835 177 889 212 τρό-

946 177 999 204 alia
1022 178 1116 206 multa.
1135 179 1206 206 Num
1220 180 1304 215 igitur
1318 180 1377 209 haec
1389 182 1481 210 omnia
1505 184 1608 211 homini
1624 193 1684 213 esse
1700 189 1737 214 si-

96 234 154 252 πων
179 225 226 252 καὶ
243 224 347 259 λόγων,
377 223 424 250 καὶ
438 222 526 254 ὑλῶν,
547 222 686 257 διαφέρειν
703 223 808 257 ἀνάγκη
823 224 892 258 πρδς

95 270 140 297 τὸν
152 268 282 302 τεκόντας
294 269 342 295 καὶ
356 269 418 296 τάδε
434 269 483 295 οὑκ
497 268 530 294 ὲκ
539 269 589 303 τῆς
601 267 694 297 οὐσίας
705 268 787 294 αὑτοῦ
801 269 891 303 πάσης

96 317 112 352 ἢ
129 317 224 351 μόνης,
240 316 256 352 ἢ
278 316 345 351 μόνα
356 317 516 351 τικτόμενα,

946 225 1021 252 milia
1038 225 1129 260 quoad
1146 226 1328 255 substantiam
1342 229 1511 256 censendum
1528 231 1591 258 est?
1602 231 1736 265 Quoniam

946 270 974 297 in
1004 271 1188 299 substantiam
1205 277 1233 300 et
1264 274 1416 302 secundum
1442 276 1636 310 substantiam,
1651 283 1682 305 et
1703 287 1738 306 ex

945 317 1100 345 substantia
1126 319 1252 353 quaedam
1277 320 1376 348 horum
1394 322 1556 357 gignuntur,
1575 331 1668 351 nonne
1684 325 1737 352 dil-

96 365 212 392 l'erentia
239 364 384 392 modorum
410 369 438 391 et
462 364 608 391 verborum
633 369 661 391 et
678 363 820 395 materia,
850 371 883 391 ea
907 363 1019 392 diiierre
1037 373 1151 394 necesse
1171 371 1213 394 est
1242 368 1357 396 relative
1381 370 1415 396 ad
1430 370 1598 405 gignentem.
1619 371 1654 398 Et
1679 372 1737 399 haec

97 420 152 440 non
166 417 277 439 suntex
292 412 352 447 ejus
367 411 521 439 substantia
547 416 603 439 tota
613 411 657 438 vel
675 411 804 443 sola,nee
820 416 884 439 sunt
902 412 982 440 unica
999 413 1101 448 genita.

132 458 236 485 Οὐκοῦν
261 459 285 485 εἱ
300 459 347 485 καὶ
362 458 375 484 6
390 457 457 489 Θεδς
470 458 555 492 Λόγος
572 459 604 484 ὲκ
617 458 668 492 τῆς
681 458 762 491 ἁγεας
778 457 886 493 Παρθε-

96 515 142 533 νου
158 506 319 540 γεγέννηται
337 505 385 532 σὺν
399 506 432 541 τῇ
447 505 539 540 σαρκὶ,
550 505 583 531 οὐ
601 504 680 539 μόνος
692 503 770 538 ψιλὸς
779 503 828 539 τὴν
840 503 890 539 φύ-

97 560 139 578 σιν
163 551 223 577 οὐδὲ
242 552 274 577 ὲκ
287 551 368 586 τῆσίε
382 551 451 585 ἒχων
468 551 498 576 τὺ
510 550 603 581 ἁπλῶς
617 548 688 576 εἶναι
699 569 707 581 ,
724 549 766 581 τίς
781 550 888 583 ἀνάγκη

98 597 187 632 πάσης
202 597 252 632 τῆς
264 597 358 628 οὐσίας
372 597 500 623 ἀπαιτεῖν
510 596 641 631 ὁμοίωσιν
653 595 700 622 τοῦ
713 595 889 630 γεννηθέντος

97 643 165 678 προς
188 642 219 669 τὸ
242 642 367 669 ὁπωσοῦν
383 642 540 676 γεννῆσαν;
558 642 608 676 τῆς
621 643 776 676 γεννήσεως
792 641 888 676 ὁμολο-

97 688 233 723 γουμένης
249 689 286 723 μὴ
301 686 371 714 εἶναι
387 687 469 722 τῆσδε
484 687 632 722 πατρικῆς,
645 688 662 722 ἢ
677 687 744 722 μόνη
756 687 786 713 τὸ
798 688 890 722 ἀπαρ-

98 734 230 761 άλλακτον
249 734 300 768 τῆς
316 733 471 768 ὁμοιώσεως
488 734 537 768 τῆς
547 733 640 764 οὐσίας
656 732 703 759 τοῦ
721 733 890 767 γεννήματος

97 779 217 806 δείκνυσι
243 779 311 814 πρὸς
333 779 378 806 τὸν
399 780 590 814 γεννήσαντα,
615 779 701 815 ἦγουν
717 779 765 805 τοῦ
781 778 889 814 Πατρδς

97 827 167 862 πρὸς
191 826 237 853 τὸν
260 826 358 853 ἑαυτοῦ
383 826 447 853 ἄνευ
466 826 568 860 σαρκὸς
581 825 677 859 Λόγον.
702 826 735 851 Ἡ
752 825 806 859 γάρ
821 825 889 860 σὰρξ

97 873 145 899 καὶ
169 872 184 898 6
203 871 290 905 Λόγος
316 872 330 897 6
352 870 444 906 προὼν
461 870 623 905 γεγέννηται
641 870 673 896 ὲκ
685 869 735 904 τῆς
747 868 827 902 ἁγίας
840 869 890 894 Δε-

98 918 212 952 σποίνης
224 926 231 933 ι
250 918 298 944 καὶ
314 916 376 943 οὔτε
393 917 488 952 μόνος,
506 915 567 942 οὒτε
586 916 618 942 ὲκ
634 915 719 950 μόνης
732 916 782 950 τῆς
796 914 891 945 οὐσίας

97 965 147 999 τῆς
160 964 239 999 ἁγίας
256 963 408 998 Παρθένου,
424 963 462 993 ὡς
476 964 508 989 ἐκ
520 962 627 996 Πατρός
639 970 646 977 ·
665 962 745 988 τοῦτο
756 961 810 996 γὰρ
827 961 890 996 ὑμῖν

97 1011 148 1038 οὒκ
163 1010 271 1044 ἐλέγετο
288 1010 352 1044 παρ’
366 1008 462 1044 ἡμῶν,
481 1008 519 1040 ὡς
538 1008 624 1042 Λόγον
641 1007 722 1042 μόνον
745 1007 890 1041 ἐγέννησεν

97 1059 115 1094 ἡ
129 1058 212 1093 μόνηι
229 1057 245 1092 ἢ
262 1056 300 1092 μὴ
314 1057 456 1092 προόντος,
471 1055 540 1082 ἀλλὰ
553 1055 626 1082 κατὰ
637 1054 687 1089 τὴν
699 1054 793 1081 οὐσίαν
805 1054 890 1088 αὐτῆς

98 1103 312 1139 σεσαρκωμένου
325 1111 332 1118 ·
362 1102 423 1129 ὅθεν
440 1102 558 1137 Χριστὸς
580 1101 640 1127 κατ’
654 1100 737 1135 ἄμφω
752 1099 835 1126 αὑτοῦ
856 1099 890 1126 τὰ

94 1150 199 1186 λμέρηιό
210 1148 363 1183 γεννηθεὶς,
377 1148 424 1174 ἆτε
440 1149 544 1182 χρῖσμα
558 1147 605 1173 καὶ
617 1147 761 1181 χριόμενος
772 1146 888 1181 εἴρηται·

98 1197 123 1222 εἰ
140 1196 166 1222 δὲ
181 1195 276 1222 τοῦτον
297 1195 338 1221 ἑνὶ
352 1195 461 1225 πάντως
487 1194 534 1220 καὶ
548 1193 578 1219 οὺ
592 1192 638 1219 δύο
654 1193 833 1228 ἐτεροουσίοις
846 1191 890 1217 λέ-

98 1250 157 1276 γειν
173 1241 316 1274 ὀμοοῦπιον
331 1241 405 1275 ἡμᾶς
421 1240 601 1275 εἰσ-πράττετε
613 1259 621 1270 ,
644 1238 703 1274 ὥρα
732 1238 804 1272 ὑμᾶς
821 1237 890 1273 μηδὲ

98 1287 143 1314 τὸν
163 1287 250 1322 ’Λδὰμ
269 1287 323 1313 ἀπὸ
338 1286 390 1321 γῆς
403 1294 433 1312 τε
450 1286 497 1312 καὶ
512 1285 586 1312 θείου
600 1285 801 1320 ἐμφυσήματος
814 1284 891 1317 γενύ-

101 1342 198 1369 μενον,
222 1333 293 1360 κατὰ
309 1332 423 1366 θάτερον
440 1333 468 1358 ὲν
483 1332 558 1366 αὐτῷ
576 1331 666 1367 μερῶν
678 1331 768 1364 λόγον,
787 1330 890 1365 θατέρᾳ

96 1380 187 1414 λέγειν
205 1379 356 1414 συστατικῇ
374 1378 456 1404 αὑτοῦ
471 1378 550 1413 οὐσίᾳ
566 1376 709 1412 ὀμοούσιον
726 1374 814 1402 εἶναι·
832 1375 889 1402 ἀλλ’

98 1428 115 1458 ἦ
133 1427 203 1453 θεῖον
220 1426 302 1452 αὑτοῦ
318 1425 430 1458 δοξάσαι
454 1426 501 1452 καὶ
523 1424 554 1451 τὸ
575 1426 680 1459 γήϊνον,
697 1423 713 1459 ἢ
731 1424 827 1460 γήῖνον
843 1424 890 1450 καὶ

99 1473 172 1500 θεῖον
195 1472 416 1508 ὑπολαμϐάνειν·
445 1473 469 1498 ει
492 1471 520 1498 δὲ
541 1472 629 1498 ταῦτα
650 1471 697 1497 ἐπὶ
712 1471 808 1497 τούτου
823 1471 891 1505 πρό-

975 460 1062 494 lgitut:
1077 461 1127 488 etsi
1143 461 1217 488 Deus
1237 461 1358 489 Verbum
1370 470 1404 489 ex
1419 467 1514 490 sancta
1530 464 1643 500 Virgine
1659 465 1737 500 geni'

939 509 983 532 tus
1000 511 1043 533 est
1054 515 1117 534 cum
1134 515 1226 539 carne,
1240 515 1294 534 non
1309 508 1385 535 solus
1398 513 1494 535 natura
1505 509 1631 544 simplex.
1645 519 1734 545 neque

938 551 1044 578 habens
1069 560 1102 579 ex
1118 553 1178 586 ipsa
1196 553 1348 588 simplicem
1371 554 1570 583 exsistentiam.
1598 555 1665 589 quid
1688 564 1736 584 ne—

938 603 1014 623 cesse
1028 602 1071 624 est
1088 598 1174 625 totius
1192 599 1355 626 substantiae
1372 600 1513 633 postulare
1526 599 1735 628 similitudinem

944 641 1032 676 geniti
1060 642 1174 669 relative
1199 643 1233 670 ad
1251 651 1313 670 eum
1338 643 1385 678 qui
1401 651 1514 678 quoquo
1537 644 1618 671 modo
1630 646 1734 679 genuit.

944 694 1008 714 cum
1038 687 1065 714 in
1082 687 1208 715 confesso
1221 689 1256 714 sit
1273 688 1343 715 hanc
1366 689 1571 723 generationem
1595 693 1738 723 paternam

942 740 997 759 non
1012 739 1073 759 esse.
1090 740 1149 760 eam
1166 741 1228 767 quae
1241 734 1299 760 sola
1327 734 1499 761 demonstrat
1527 734 1738 762 similitudinem

943 777 1106 805 substantiae
1121 778 1206 813 geniti
1221 778 1335 806 relative
1353 779 1387 805 ad
1401 779 1570 814 gignentem,
1586 780 1674 807 Patris
1685 781 1738 807 sci-

943 823 1009 851 licet
1035 824 1151 851 relative
1174 824 1208 851 ad
1228 832 1309 851 suum
1333 825 1394 852 sine
1411 832 1493 852 carne
1515 825 1737 854 Verbum?Caro

941 869 1015 896 enim
1031 874 1059 897 ct
1069 870 1191 897 Verbum
1207 871 1403 904 prieexsistens
1419 871 1509 906 genita
1522 875 1586 898 sunt
1599 880 1631 898 ex
1643 877 1736 899 sancta

941 916 1071 947 Domina,
1091 917 1139 943 sed
1156 924 1247 951 neque
1270 916 1359 943 solum
1379 917 1513 948 Verbum,
1529 925 1620 951 neque
1633 925 1666 944 ex
1679 917 1737 945 sola

941 961 1094 988 substantia
1116 967 1219 989 sanctae
1245 961 1378 996 Virginis,
1406 962 1479 989 sicut
1505 970 1538 989 ex
1563 963 1654 990 Patre.
1680 962 1738 989 Hoc

941 1007 1015 1034 enim
1029 1015 1170 1042 nunquam
1186 1007 1266 1035 vobis
1280 1007 1385 1034 dictum
1399 1007 1450 1034 fuit
1478 1014 1493 1034 a
1512 1007 1603 1039 nobis,
1630 1007 1738 1035 scilicet

941 1052 1063 1080 Verbum
1083 1053 1173 1079 solum
1200 1053 1324 1087 genitum
1353 1052 1438 1078 fuisse
1463 1059 1495 1079 ex
1520 1052 1566 1079 illa
1593 1052 1660 1084 sola,
1689 1057 1738 1080 aut

940 1098 1033 1126 Verbo
1045 1106 1100 1126 non
1124 1098 1350 1133 praeexsisteute;
1369 1098 1417 1125 sed
1432 1097 1550 1125 dicimus
1563 1099 1737 1126 incarnatum

941 1152 974 1171 ex
992 1145 1051 1180 ejus
1067 1145 1234 1172 substantia.
1249 1144 1327 1172 Unde
1351 1144 1470 1171 Verbum
1486 1144 1621 1179 genitum,
1635 1152 1736 1172 secun-

941 1190 1008 1217 dum
1023 1196 1169 1226 utramque
1188 1199 1264 1218 suam
1281 1195 1398 1225 partem,
1420 1190 1525 1217 dictum
1543 1195 1585 1218 est
1598 1190 1736 1223 Christus,

942 1239 1038 1270 utpote
1056 1236 1151 1262 unctio
1182 1235 1263 1262 simul
1279 1239 1308 1262 et
1321 1239 1431 1262 unctus.
1451 1235 1478 1262 Si
1497 1239 1587 1262 autem
1603 1235 1677 1262 hunc
1689 1236 1737 1262 uni

940 1281 1054 1307 omnino
1068 1284 1096 1307 et
1114 1287 1169 1307 non
1181 1280 1290 1307 duobus
1304 1280 1422 1307 diversa:
1437 1280 1600 1307 substantiae
1615 1282 1736 1308 consub-

941 1326 1097 1353 stantialem
1112 1326 1205 1353 dicere
1222 1333 1273 1353 nos
1287 1326 1401 1361 cogitis,
1415 1327 1470 1362 jam
1488 1327 1568 1354 decet
1584 1335 1634 1354 vos
1647 1335 1736 1362 neque

941 1372 1076 1399 Adamum
1092 1378 1192 1399 eterra
1207 1376 1235 1399 et
1248 1372 1343 1399 divino
1358 1372 1422 1400 ilatu
1436 1373 1569 1408 genitum.
1583 1374 1734 1401 secundum

941 1418 1101 1445 alterutram
1107 1418 1241 1446 rationem
1249 1419 1367 1453 partium
1375 1418 1476 1453 quibus
1483 1424 1601 1450 constat,
1610 1419 1735 1447 alterutri

941 1458 1123 1492 constituenti
1153 1464 1315 1491 substantia;
1340 1463 1431 1491 dicere
1460 1472 1520 1492 esse
1552 1465 1737 1492 consubstan-

98 1520 178 1554 δηλον
201 1519 256 1554 ἔχει
284 1520 333 1554 τὴν
354 1518 478 1554 πλάνην,
510 1518 617 1554 ἀληθῶς
645 1518 692 1544 καὶ
716 1518 730 1544 6
751 1516 792 1549 εἷς
812 1517 889 1552 ἡμῶν

945 1510 1048 1542 tialem,
1063 1509 1111 1537 sed
1127 1514 1175 1537 aut
1196 1510 1321 1538 divinum
1334 1509 1471 1537 aestimare
1485 1510 1568 1537 etiam
1585 1515 1736 1544 terrenum,

99 1567 217 1601 Χριστος
244 1564 412 1600 ἀμφοτέροις
440 1564 495 1591 τῶν
517 1563 689 1599 γεννητόρων
717 1564 748 1590 ὲκ
773 1563 889 1598 θατέρου

98 1612 153 1639 τῶν
167 1613 197 1639 ὲν
210 1611 283 1647 αὐτῷ
297 1611 388 1646 ὅμοιος
403 1608 473 1637 εἶναι
486 1609 598 1636 δύναταί
610 1618 639 1636 τε
656 1609 703 1636 καὶ
715 1609 836 1645 λέγεται.

398 1743 524 1770 ΚΕΦΑΛ.
544 1743 586 1769 Η¹.

137 1792 169 1818 Et
195 1792 294 1827 Μήτηρ
319 1791 373 1817 τοῦ
388 1791 456 1817 Θεοῦ
484 1790 544 1816 κατ’
559 1788 690 1823 ἀλήθειαν
706 1789 723 1823 ὴ
739 1786 888 1822 Παρθένος,

102 1839 166 1870 Υἰδς
190 1838 250 1865 κατ’
268 1837 400 1872 ἀλήθειαν
423 1838 473 1871 τῆς
496 1835 634 1870 Παρθένου
654 1835 669 1860 6
685 1834 766 1865 Θεὸς·
786 1834 810 1859 εἰ
827 1833 891 1863 Υἱὸς

103 1885 155 1918 τῆς
178 1884 316 1918 Παρθένου
340 1882 402 1909 κατ’
419 1882 550 1917 ἀλήθειαν
574 1881 588 1907 6
609 1880 694 1913 Θεὸς,
714 1880 731 1915 ἢ
749 1880 840 1914 ὅμοιος
857 1880 889 1914 τῇ

101 1931 206 1966 Μητρὶ,
226 1930 242 1964 ἢ
258 1930 307 1964 οὐχ
319 1929 412 1964 ὅμοιος
423 1936 430 1943 ’
458 1928 505 1954 καὶ
528 1928 552 1954 εἰ
571 1927 619 1962 μὲν
639 1928 744 1961 ὅμοιος,
760 1926 790 1952 οὺ
805 1925 888 1957 Θεός·

102 1979 126 2003 εἰ
148 1977 176 2003 δὲ
201 1977 250 2010 οὐχ
272 1976 375 2010 ὅμοιος,
396 1975 446 2009 οὐχ
463 1974 533 2003 Υἱός.
557 1973 626 2000 Ἀλλ’
641 1973 690 2008 ήδη
704 1973 770 2007 ἡμῖν
785 1971 891 2006 εἴρηται

102 2023 151 2050 καὶ
174 2023 220 2048 τὶν
244 2021 305 2048 κατ’
324 2020 455 2055 ἀλήθειαν
477 2021 534 2046 utin,
562 2020 599 2054 μὴ
621 2019 692 2046 κατὰ
712 2018 801 2044 πάντα
820 2015 890 2043 εἶναι

101 2069 140 2104 τῷ
155 2068 262 2095 τεκόντι
276 2069 368 2102 ὅμοιον
380 2075 387 2081 ·
409 2067 456 2093 καὶ
471 2065 525 2101 γὰρ
542 2066 588 2092 καὶ
604 2067 635 2091 ἐκ
651 2064 735 2098 πυρος
751 2063 824 2098 φῶς,
844 2063 891 2089 καὶ

101 2117 150 2150 οὐχ
165 2115 258 2149 ὅμοιον
276 2114 364 2148 πάντη
386 2113 469 2147 πυρί·
498 2112 546 2138 καὶ
568 2111 657 2145 νόημα
677 2111 709 2136 ἐκ
725 2109 823 2145 ψυχῆς,
844 2109 891 2135 καὶ

101 2162 132 2189 οὐ
147 2161 220 2196 ψυχή
236 2170 241 2176 ·
259 2161 307 2187 καὶ
325 2159 414 2194 ἰχθύες
429 2159 458 2191 ἐξ
473 2157 586 2190 ὓδατος,
611 2158 658 2183 καὶ
675 2157 724 2192 οὐχ
739 2156 821 2192 ὕδωρ.
846 2155 890 2181 Ἐν

102 2207 208 2239 τούτοις
224 2207 274 2242 μὲν
287 2205 332 2233 οὖν
355 2206 402 2232 καὶ
422 2205 453 2231 τὸ
468 2206 556 2239 πάντη
572 2203 698 2238 ἀνόμοιον
715 2202 784 2237 πρὸς
799 2202 834 2228 τὰ
845 2201 890 2227 τέ-

103 2261 186 2281 κοντα
211 2252 267 2278 τΞιν
288 2251 440 2286 τεχθέντων
463 2249 537 2276 ἔστιν
559 2249 631 2276 ἰδεῖν.
653 2249 684 2274 Et
700 2247 727 2274 δὲ
744 2249 776 2273 ὲκ
792 2247 891 2282 μέρους

102 2300 230 2334 ἀνόμοιος
246 2299 280 2334 τῇ
293 2298 388 2333 Μητρὶ
402 2297 450 2324 καὶ
463 2296 555 2330 ὅμοιος
571 2297 584 2321 6
597 2294 723 2329 Χριστὸς,
735 2293 761 2319 τί
774 2293 890 2324 άτοπονς

102 2345 176 2381 Ἀρα
190 2345 236 2372 οὖν
259 2345 320 2371 ἐπεὶ
338 2344 375 2379 μὴ
391 2342 462 2369 κατὰ
479 2342 508 2368 τὸ
524 2342 585 2368 ὅλον
602 2340 710 2375 πέρδικι
723 2341 817 2375 ὅμοιος
833 2340 847 2366 ὀ
861 2340 892 2366 ἐκ

100 2391 242 2426 πέρδικος,
255 2390 301 2416 καὶ
320 2389 459 2424 φασιανῶν
475 2386 729 2423 περδικοφασιανδς,
746 2386 795 2412 οὐκ
808 2385 892 2416 ὅντως

103 2438 181 2464 ισται
199 2437 259 2463 οὐδὲ
275 2436 331 2467 υἱὸς
344 2434 434 2467 τοῦδε,
454 2431 477 2460 ὣ
491 2433 665 2468 φυσιολόγοις

406 2503 531 2530 ΚΕΦΛΛ.
552 2502 590 2530 Θ’.

147 2562 179 2589 Ἦ
200 2561 246 2588 τοῦ
265 2560 333 2587 Θεοῦ
352 2560 439 2594 Λόγου
463 2561 495 2586 ἐκ
516 2559 654 2594 Παρθένου
679 2559 745 2585 κατ’
763 2557 893 2593 ἀλήθειαν

105 2609 243 2643 γέννησις,
257 2607 274 2642 ἢ
289 2607 374 2638 πάθος
387 2605 470 2633 αὑτοῦ
486 2607 571 2636 ἐστιν,
584 2606 600 2639 ἢ
615 2605 751 2639 ἐνέργεια¹
766 2603 782 2638 ἢ
797 2604 893 2634 πάθος.

105 2655 154 2682 καὶ
177 2653 321 2689 ἐνέργεια·
350 2653 366 2688 ἢ
393 2652 456 2680 οὔτε
471 2652 573 2685 πάθος,
591 2652 652 2678 οὒτε
666 2651 802 2686 ἐνέργεια.
823 2650 892 2677 Ἀλλ’

106 2702 132 2728 si
147 2700 197 2735 μὲν
212 2700 298 2731 πάθος
312 2699 449 2735 φαίνεται,
464 2697 597 2734 πρόδηλος
612 2698 629 2733 ὴ
643 2697 765 2724 ἀσέϐειαο
781 2696 828 2723 τοῦ
840 2697 894 2730 γὰρ

105 2746 304 2782 γεγεννημένου
314 2746 345 2772 τὸ
365 2745 466 2777 πάθος.
491 2745 653 2779 γεγέννηται
669 2743 697 2770 δὲ
722 2744 737 2778 ὴ
755 2743 833 2769 οὐσία
847 2741 894 2769 τοῦ

104 2792 173 2820 Θεοῦ
188 2792 249 2819 καθ’
266 2793 353 2828 ὑμᾶς,
370 2793 418 2826 τῆς
434 2791 528 2822 οὐσίας
542 2791 596 2827 ἄρα
613 2790 657 2817 τοῦ
670 2789 738 2816 Θεοῦ
755 2789 784 2816 τὸ
797 2790 891 2819 πάθος.

106 2839 137 2865 Ei
152 2838 180 2865 δὲ
197 2838 328 2874 ἐνέργεια,
350 2839 456 2872 ἐνεργεῖ
472 2837 499 2863 δὲ
518 2837 531 2862 6
547 2835 611 2867 Θεὸς
629 2835 658 2862 οὺ
675 2835 712 2870 τῷ
726 2832 794 2863 εἶναι
808 2835 893 2870 αὐτῷ,

941 1559 990 1583 aut
1007 1559 1148 1583 terrenum
1162 1562 1319 1590 supponere
1336 1560 1364 1582 et
1379 1555 1514 1582 divinum.
1525 1555 1552 1583 Si
1566 1555 1661 1583 autem
1679 1557 1737 1585 haec

942 1601 1087 1628 manifeste
1098 1602 1242 1629 continent
1255 1609 1390 1633 errorem,
1404 1609 1468 1629 vere
1476 1602 1559 1629 etiam
1573 1610 1644 1630 unus
1657 1603 1738 1630 Chri-

942 1653 1001 1675 stus
1011 1653 1107 1676 nostcr
1120 1649 1257 1675 ambobus
1272 1649 1448 1683 gignentibus
1462 1669 1469 1681 ,
1488 1656 1522 1676 ex
1546 1649 1679 1677 alterutra
1693 1650 1737 1678 sui

941 1699 1029 1728 parte,
1042 1698 1132 1729 potest
1144 1702 1205 1722 esse
1216 1698 1244 1721 et
1258 1694 1361 1721 dicitur
1374 1694 1481 1722 similis.
1681 1690 1683 1692 ’

1251 1749 1327 1777 CAP.
1353 1751 1421 1778 Vill.

979 1795 1007 1822 Si
1026 1795 1113 1823 Mater
1125 1796 1173 1823 Dei
1187 1803 1253 1823 vere
1266 1801 1308 1823 est
1323 1796 1416 1831 Virgo,
1434 1797 1521 1824 Filius
1537 1798 1657 1833 Virginis
1672 1807 1736 1827 vere

941 1846 984 1868 est
998 1841 1081 1868 Deus.
1105 1842 1132 1869 Si
1158 1842 1243 1869 Filius
1263 1842 1382 1878 Virginis
1402 1851 1465 1869 vere
1481 1847 1523 1870 est
1537 1843 1619 1876 Deus,
1637 1845 1678 1872 vel
1694 1851 1737 1873 est

941 1886 1020 1913 Matri
1039 1887 1149 1919 similis,
1170 1889 1213 1915 vel
1235 1896 1290 1914 non
1312 1888 1427 1921 similis;
1451 1889 1472 1915 si
1490 1890 1589 1917 similis
1611 1891 1735 1926 quidem,

942 1940 1007 1967 ergo
1030 1940 1083 1959 non
1100 1937 1143 1960 est
1163 1932 1250 1965 Deus;
1267 1933 1289 1960 si
1312 1941 1367 1959 non
1385 1934 1482 1960 similis
1499 1942 1574 1966 vero,
1597 1944 1663 1970 ergo
1680 1945 1736 1964 non

944 1977 1130 2005 Filius—Sed
1140 1979 1195 2013 jam
1207 1986 1221 2004 a
1234 1979 1314 2005 nobis
1324 1978 1428 2005 dictum
1442 1980 1492 2006 fuit
1504 1985 1531 2007 et
1542 1988 1638 2007 verum
1649 1981 1735 2009 tilium

942 2030 997 2049 non
1020 2023 1174 2051 secundum
1192 2024 1283 2051 omnia
1300 2032 1360 2052 esse
1376 2025 1497 2060 gignenti
1522 2026 1651 2054 similem.
1668 2027 1735 2054 Nam

942 2076 974 2094 ex
991 2069 1052 2103 igne
1067 2069 1160 2096 lumen
1177 2073 1236 2100 est;
1262 2074 1289 2096 et
1308 2074 1399 2097 tamen
1418 2079 1471 2097 non
1498 2071 1524 2097 in
1550 2072 1678 2099 omnibus
1694 2079 1737 2102 est

943 2112 997 2148 igni
1012 2114 1120 2140 similis.
1133 2114 1270 2150 Cogitatio
1285 2123 1397 2150 quoque
1411 2124 1443 2143 ex
1460 2117 1561 2149 anima,
1577 2126 1627 2145 nec
1643 2122 1734 2146 tamen

942 2165 982 2186 est
999 2160 1106 2193 anima;
1121 2165 1148 2187 et
1163 2162 1252 2195 pisces
1268 2169 1300 2188 ex
1314 2169 1396 2196 aqua,
1414 2169 1465 2189 nec
1482 2162 1543 2189 ideo
1566 2168 1631 2190 sunt
1651 2172 1734 2198 aqua.

945 2205 973 2232 In
987 2206 1029 2232 his
1043 2206 1125 2240 igitur
1136 2207 1410 2234 animadvertendum
1424 2214 1466 2235 est
1479 2209 1591 2236 omnino
1607 2209 1736 2238 diii'eren-

946 2251 1010 2278 tiam
1024 2252 1180 2287 genitorum
1197 2252 1311 2279 relative
1326 2253 1359 2279 ad
1375 2253 1524 2287 gignentia.
1540 2253 1567 2281 Si
1590 2259 1681 2281 autem
1703 2263 1736 2283 ex

945 2303 1023 2332 parte
1047 2297 1190 2325 dissimilis
1214 2298 1296 2325 matri
1315 2298 1442 2326 Christus
1466 2300 1548 2326 simul
1574 2305 1602 2327 et
1627 2301 1736 2333 similis,

945 2343 1011 2377 quid
1028 2343 1162 2370 absurdi?
1175 2343 1246 2370 Num
1262 2343 1346 2378 igitur
1365 2351 1397 2370 ex
1416 2351 1449 2370 eo
1463 2344 1536 2379 quod
1552 2353 1606 2371 non
1623 2345 1658 2372 sit
1674 2353 1736 2380 per-

945 2389 999 2415 dici
1015 2396 1065 2423 per
1078 2389 1168 2415 omnia
1184 2389 1281 2416 similis
1297 2390 1389 2424 pullus
1405 2389 1527 2425 perdicis
1545 2394 1574 2417 et
1589 2391 1736 2425 phasiana,

946 2441 1000 2461 non
1018 2434 1080 2461 ideo
1095 2435 1150 2461 erit
1166 2435 1286 2469 perdicis
1300 2435 1407 2469 pullus,
1424 2443 1440 2461 ο
1462 2435 1634 2470 pbysiologi?

1271 2500 1345 2528 CAP.
1369 2501 1413 2528 IX.

983 2558 1030 2585 Dei
1043 2559 1124 2586 Verbi
1139 2559 1281 2594 generatio
1297 2566 1330 2585 ex
1348 2557 1456 2592 Virgine
1470 2558 1621 2585 secundum
1637 2559 1739 2586 verita-

946 2608 1013 2635 tem,
1029 2605 1071 2632 vcl
1088 2610 1130 2632 est
1151 2605 1211 2640 ejus
1229 2604 1336 2640 passio,
1356 2608 1402 2631 aut
1425 2604 1515 2636 actio,
1538 2604 1580 2630 vel
1604 2603 1696 2638 passio
1711 2608 1739 2630 et

948 2651 1031 2681 actio.
1045 2651 1088 2678 vel
1109 2658 1199 2686 neque
1223 2650 1314 2686 passio
1330 2658 1420 2685 neque
1435 2650 1518 2677 actio.
1543 2649 1596 2677 Sed
1610 2650 1633 2677 si
1649 2650 1740 2684 passio

947 2696 1075 2729 videtur,
1093 2701 1169 2731 patet
1192 2697 1318 2732 impietas
1334 2706 1340 2723 ε
1354 2697 1445 2732 passio
1468 2697 1548 2724 enim
1563 2696 1685 2731 pertinet
1706 2695 1739 2722 ad

947 2742 1089 2777 genitum;
1106 2741 1194 2776 atqui,
1209 2742 1360 2769 secundum
1377 2749 1436 2773 vos.
1452 2741 1542 2776 genita
1555 2745 1596 2768 est
1611 2739 1740 2767 substan-

949 2789 985 2816 tia
1002 2789 1066 2822 Dei;
1086 2797 1151 2825 ergo
1169 2789 1329 2816 substantia:
1346 2788 1393 2815 Dei
1414 2787 1575 2814 attribuitur
1593 2787 1693 2822 passio.
1712 2787 1741 2814 Si

948 2839 1040 2862 autem
1062 2837 1144 2868 actio,
1164 2835 1218 2869 agit
1233 2839 1325 2862 autem
1343 2835 1417 2862 Deus
1434 2841 1488 2860 non
1504 2840 1553 2860 sua
1570 2833 1741 2871 exsistentia,
