1960 3093
222 135 225 137 .
244 107 310 139 1Γ67

872 103 1028 134 LEON’I‘lI
1049 101 1251 135 ΒΥΖΛΝΤΙΝῙ

1820 100 1897 131 1668

241 159 268 185 iil
282 162 323 185 est
338 164 392 183 non
405 163 455 183 sua
470 155 635 192 substauia,
648 155 698 184 sed
714 164 762 184 sua
777 157 936 187 voluntate;
953 157 1037 191 igitur

1104 155 1225 181 ουτέστιν
1237 154 1267 180 οὐ
1282 154 1315 188 τῇ
1330 153 1419 189 οὐσίᾳ,
1438 153 1506 180 ἀλλὰ
1522 154 1595 189 μόνῳ
1611 153 1650 188 τῷ
1667 153 1767 180 θέλειν·
1783 154 1838 180 τοῦ
1854 155 1902 180 θέ-

242 202 402 235 voluntatis,
418 210 473 229 non
492 202 652 230 substantiae
668 202 726 235 Dei,
743 202 813 230 facta
828 207 871 230 est
883 203 1036 238 generatio.

241 249 269 276 Si
288 254 380 276 autem
395 249 486 284 passio
502 248 583 275 simul
601 248 726 280 et‘actio,
742 249 779 276 ita
796 248 902 276 scilicet
918 253 947 276 ut
960 249 1038 283 geni-

242 301 286 323 tus
303 295 340 322 sit
352 294 461 329 patiens
477 294 588 329 quidem
602 294 766 326 substantia,
781 302 865 330 agens
881 299 974 322 autem
991 301 1039 320 vo-

242 342 360 373 luntate,
376 341 477 376 genitae
491 344 557 367 sunt
571 348 636 376 ergo
655 345 684 367 et
698 340 850 368 substantia
860 346 894 367 Aet
912 341 1040 368 voluntas

244 387 302 419 Dei,
322 387 367 414 illa
383 387 494 422 quidem
512 386 630 421 patiens,
645 386 704 413 haec
717 393 782 413 vero
795 394 888 421 agens.
905 386 932 413 Si
946 389 1039 413 autem

243 440 334 467 neque
347 432 439 467 passio
452 440 543 466 neque
556 433 640 463 actio,
652 439 744 467 neque
758 432 911 459 substantia
929 432 976 458 Ι)ρί
993 439 1041 458 ne-

243 486 297 513 que
312 479 448 510 voluntas,
470 478 561 513 genita
576 483 618 505 est
632 487 640 504 :
655 478 700 505 dic
722 485 789 513 ergo
810 478 875 513 quid
891 478 940 505 Dei
963 477 1041 512 geni-

245 530 303 552 tum
326 524 372 557 sit,
392 531 447 559 quo
464 523 571 551 scilicet
587 523 690 558 genito,
707 523 822 559 proprie
845 528 874 551 et
899 531 961 551 vero
986 523 1041 550 dici

245 569 332 605 possit
346 578 353 596 :
368 569 478 604 genitus
502 573 544 596 est
562 569 644 596 Deus.
656 583 691 588 —
703 569 775 596 Proh
801 568 935 604 insipiens
950 573 1041 596 vestra

245 615 395 650 sapientiai
411 615 496 642 Istius
511 614 585 642 modi
599 614 764 649 eloquentiae
785 622 819 641 ne
841 614 966 641 umbram
980 614 1042 649 qui-

245 661 307 688 dem
323 661 394 688 Deus
409 661 436 687 in
454 661 559 687 mundo
574 661 728 696 relinquat!
748 660 820 694 Quid
837 661 911 688 enim
927 661 1042 688 misera—

246 706 331 734 bilius
349 706 401 734 boc
414 706 516 738 studio,
531 707 605 742 quod
623 715 733 734 onmem
751 707 823 734 hanc
840 711 983 735 mutuatur
997 707 1041 736 in-

246 753 418 780 commodam
432 753 609 788 aztiologiam.
626 758 657 780 ut
675 753 749 780 inani
770 753 915 781 mendacio
931 753 1041 789 opinio-

246 805 310 826 nem
324 797 486 825 subslantiae
499 797 557 824 veri
574 797 720 825 conciliet?
731 797 765 824 Et
787 796 842 824 hoc
858 804 913 824 non
928 801 1043 832 propter

247 843 322 870 aliud
336 843 455 875 lucrum,
469 843 521 871 nisi
533 847 563 870 ut
576 843 785 871 fundamentum
801 843 979 878 blasphemiae
991 843 1041 870 sibi

247 892 364 916 astruat.
389 889 474 923 Igitur
495 889 615 923 primum
637 896 671 916 ex
707 889 785 916 vobis
806 888 976 916 audiendum
1001 892 1043 916 est

248 934 312 969 quis
330 934 441 961 intersit
456 941 608 962 consensus
624 934 696 962 inter
713 942 745 962 ea
761 943 822 969 qua:
836 935 891 962 huc
907 943 994 970 usque
1009 934 1043 962 de

249 980 426 1015 generatione
439 984 466 1006 et
478 980 617 1015 generatis
631 980 791 1013 senseratis,
804 985 831 1007 et
844 988 876 1007 ea
887 987 947 1015 quae
960 979 1043 1006 modo

249 1026 368 1053 dixistis.
383 1025 596 1053 Generationem
614 1026 687 1053 enim
698 1026 810 1061 proprie
822 1026 934 1059 dictam,
950 1026 978 1053 id
991 1029 1042 1058 est.

249 1079 310 1098 eam
320 1078 380 1105 quae
397 1074 440 1097 est
454 1070 488 1097 de
498 1078 552 1098 non
566 1071 773 1103 exsistentibus,
790 1071 848 1098 sive
862 1079 923 1106 qua:
936 1070 1044 1106 simpli-

250 1117 320 1144 citer
334 1117 381 1143 dat
404 1117 594 1144 exsistentiam
611 1117 713 1152 genito,
735 1117 936 1145 discernebatis
952 1121 1043 1145 antea.

251 1163 309 1190 Hoc
327 1163 399 1190 enim
421 1163 481 1190 sine
499 1163 714 1196 intermissione,
729 1164 852 1198 qualibet
876 1164 939 1191 data
963 1170 1045 1190 occa-

250 1210 328 1237 sione
343 1209 543 1245 subjiciebatis.
558 1210 636 1237 Nunc
651 1214 743 1237 autem
758 1209 896 1244 quomodo
909 1210 967 1237 sive
983 1217 1046 1244 pas-

251 1255 369 1288 sionem,
393 1256 452 1283 sine
474 1256 622 1288 actionem,
647 1257 704 1283 sive
728 1261 875 1291 utrumque
896 1256 988 1288 simul,
1012 1256 1046 1283 de

251 1307 382 1336 generato
397 1301 616 1334 entisiderautes,
636 1310 696 1329 esse
710 1303 917 1338 generationem
935 1302 1045 1329 dicitis?

253 1348 280 1375 Si
295 1349 368 1375 enim
384 1349 526 1384 generatio
537 1349 612 1384 juxta
627 1356 675 1376 vos
687 1354 728 1376 est
742 1348 813 1376 actio
826 1348 886 1383 ejus
901 1348 947 1383 qui
964 1348 1048 1375 debet

253 1393 324 1426 ﬁeri,
341 1394 399 1421 sive
422 1393 479 1420 itzec
502 1394 643 1429 generatio
668 1394 713 1421 liat
738 1402 787 1429 per
804 1394 973 1421 voluntatem
989 1393 1047 1420 sive

252 1446 417 1474 quocunque
433 1438 524 1469 modo,
542 1438 625 1465 habet
642 1443 733 1466 autem
753 1439 862 1474 genitus
884 1447 964 1466 suum
986 1446 1047 1466 esse

253 1484 287 1511 ab
309 1492 342 1510 co
360 1485 438 1519 cujus
461 1489 502 1511 est
528 1485 654 1511 voluntas
678 1485 876 1520 generationis,
899 1485 993 1520 igitur,
1019 1490 1047 1512 et

253 1530 313 1556 vult
326 1533 353 1557 et
367 1534 428 1565 aget
442 1538 521 1556 suum
537 1538 597 1557 esse
611 1530 772 1565 priusquam
786 1531 900 1558 exsistat
915 1539 922 1557 :
939 1535 967 1558 et
980 1530 1045 1558 dum

253 1575 374 1603 nondum
393 1576 510 1608 exsistit,
528 1577 680 1611 possidebit
696 1585 776 1603 suum
797 1585 858 1604 esse
874 1581 902 1604 et
920 1576 999 1604 velle.
1019 1577 1045 1604 Si

254 1626 346 1649 autem
365 1627 392 1650 et
414 1622 497 1657 hujus
511 1623 718 1658 generationem
733 1623 888 1658 passionem
901 1630 961 1651 esse
978 1623 1048 1650 dici-

256 1667 301 1698 tis,
316 1668 416 1694 iterum
441 1668 544 1702 pariter
566 1668 725 1703 priusquam
746 1669 861 1696 exsistat
875 1669 982 1704 patiens
997 1669 1048 1696 de-

256 1713 451 1748 prehendetur.
475 1715 573 1742 Nescio
591 1721 683 1742 autem
707 1716 734 1742 in
756 1723 812 1750 quo
834 1716 951 1750 patiens,
977 1716 1048 1742 sicut

256 1767 307 1786 nec
330 1759 356 1786 in
375 1767 429 1794 quo
454 1768 546 1795 agens,
571 1768 650 1787 suum
670 1768 731 1788 esse
750 1761 901 1795 pnetendat
923 1761 970 1795 qui
992 1769 1047 1787 non

255 1809 307 1837 est,
325 1805 524 1840 qualiscunque
545 1806 589 1834 sit.
609 1806 636 1833 Si
660 1811 751 1834 autem
779 1807 871 1834 dicitis
895 1807 1047 1834 secundum

256 1851 338 1878 hasce
355 1851 422 1878 duas
439 1851 519 1878 simul
535 1852 730 1887 dispositiones
745 1853 950 1888 generationem
963 1853 1047 1888 geniti

1091 202 1149 228 λειν
1161 201 1216 236 ἄρα
1230 201 1281 236 τῆς
1292 200 1386 232 οὐσίας
1399 199 1446 226 τοῦ
1457 200 1525 227 Θεοῦ
1537 201 1554 236 ή
1565 200 1702 236 γέννησις.
1717 201 1748 226 El
1758 201 1787 227 δὲ
1801 201 1902 231 πάθος

1091 247 1140 274 καὶ
1154 247 1292 283 ἐνέργεια,
1309 246 1452 278 πεπονθὼς
1471 247 1520 282 μὲν
1535 249 1568 282 τῇ
1585 247 1676 282 οὐσίᾳ,
1693 247 1856 285 ἐνεργήσας
1873 247 1902 272 ει

1091 293 1130 328 τῷ
1149 293 1236 319 θέλειν
1252 292 1436 327 γεγέννηται,
1463 293 1627 328 γεγέννηται
1641 293 1695 328 ἄρα
1712 293 1760 321 καὶ
1776 294 1793 327 ἡ
1813 293 1902 319 οὐσία

1092 338 1139 365 καὶ
1153 338 1184 364 τὺ
1197 338 1287 365 θέλειν
1302 337 1350 365 τοῦ
1361 338 1441 370 Θεοῦ,
1454 339 1470 373 ἡ
1484 337 1534 373 μὲν
1545 337 1681 370 παθοῦσα,
1694 338 1724 365 τὸ
1733 338 1763 365 δὲ
1772 339 1898 373 δράσαν.

1093 384 1124 410 Ei
1148 384 1177 410 δὲ
1201 383 1264 410 οὔτε
1282 384 1369 415 πάθος
1391 383 1453 410 οὔτε
1470 384 1605 419 ἐνέργεια,
1623 383 1684 410 οὔτε
1700 384 1717 418 ἡ
1731 384 1815 411 οὐσία
1832 383 1900 410 οὔτε

1091 429 1123 455 τὸ
1139 428 1228 456 θέλειν
1241 428 1288 456 τοῦ
1302 429 1371 456 Θεοῦ
1388 429 1533 464 ἐγεννήθη.
1551 429 1612 456 εἰπὲ
1627 430 1654 456 τί
1669 429 1716 456 τοῦ
1729 429 1801 456 Θεοῦ
1819 431 1902 463 εγεν-

1092 475 1177 511 νήθη,
1195 473 1225 503 οὗ
1240 476 1427 511 γεννηθέντος,
1445 476 1548 512 κυρίως
1569 477 1638 503 κατὰ
1654 475 1784 511 ἀλήθειαν
1799 477 1816 502 ὁ
1830 475 1901 505 Bai»;

1094 521 1238 557 ἐγεννήθη.
1264 521 1319 548 Φεῡ
1337 522 1389 557 τῆς
1407 522 1510 558 ἀσόφου
1527 522 1604 558 ὑμῶν
1621 522 1736 557 σοφίαςί
1761 522 1900 557 τοιαύτης

1094 568 1252 603 λογιότητος
1284 568 1353 603 μηδὲ
1370 568 1481 595 εἴδωλον
1496 568 1562 600 Θεὸς
1577 570 1606 596 ὲν
1621 569 1716 604 κόσμῳ
1731 569 1898 596 καταλίποι.

1094 614 1127 641 Τί
1137 614 1193 650 γὰρ
1204 614 1368 651 ἀθλιώτερον
1378 614 1483 641 τοιᾶσδε
1492 615 1621 650 σπουδῆς,
1634 616 1723 642 πᾶσαν
1732 615 1901 650 ὲρανιζομέ-

1095 670 1144 696 νης
1167 661 1343 696 ἀπρόσφορον
1367 661 1554 695 αἰτιολογίαν,
1583 662 1626 688 ἵνα
1650 661 1689 696 τῷ
1711 662 1901 695 ἁνυποστάτῳ

1093 707 1207 742 ψεύδει,
1239 707 1352 742 δόκησιν
1379 708 1557 740 ὑποστάσεως
1585 708 1718 743 ἀληθείας
1742 708 1900 743 περιποιή-

1097 762 1177 789 σηται
1191 762 1198 786 ;
1224 753 1272 780 κα)⁵
1295 753 1374 780 τοῦτο
1390 754 1421 780 οὐ
1437 753 1482 780 διὰ
1496 754 1592 790 κέρδος
1608 754 1704 789 ἕτερον
1715 774 1722 786 ,
1740 753 1802 781 ἀλλ’
1820 754 1839 789 ἢ
1857 754 1901 779 ῖνα

1096 800 1217 836 κρηπῖδα
1233 799 1411 835 βλασφημίας
1428 800 1512 835 ἑαυτῇ
1528 800 1706 836 οἰκοδομήσῃ.
1721 800 1842 835 Πρῶτον
1854 800 1900 826 οὖν

1096 845 1174 880 ὑμῶν
1189 845 1351 878 ἀκουστέον,
1365 845 1410 877 τίς
1424 846 1554 872 κοινωνία
1567 846 1687 877 διανοίας
1699 845 1755 873 τῶν
1766 854 1798 872 τι
1815 845 1901 881 μέχρι

1094 889 1142 917 τοῦ
1157 889 1203 917 νῦν
1218 891 1282 925 ὑμῖν
1296 890 1361 926 περὶ
1371 892 1526 925 γεννήσεως
1550 890 1596 917 καὶ
1609 890 1791 925 γεννωμένων
1803 889 1901 922 δοξάν-

1095 945 1163 968 των,
1191 936 1238 963 καὶ
1263 936 1318 963 τῶν
1339 936 1442 972 ἀρτίως
1461 937 1617 972 εἰρημένων
1629 944 1635 951 ·
1655 936 1705 971 τὴν
1718 936 1774 972 γὰρ
1792 936 1901 972 κυρίως

1095 982 1224 1018 γέννησιν
1241 982 1290 1018 τὴν
1305 983 1336 1015 ἐξ
1349 983 1400 1009 οὐκ
1413 982 1515 1014 ὅντων,
1534 983 1551 1018 ἦ
1568 982 1660 1014 ἁπλῶς
1677 982 1707 1008 τὸ
1721 980 1794 1009 εἶναι
1809 982 1900 1008 διδοῦ-

1097 1035 1147 1054 σαν
1162 1027 1202 1062 τῷ
1213 1028 1377 1063 γεννωμένῳ
1387 1027 1554 1062 διεγνιιὶκατε
1567 1028 1620 1064 πρὸ
1631 1027 1736 1054 τούτου·
1749 1027 1836 1056 τοῦτο
1847 1028 1900 1062 γάρ

1097 1073 1144 1099 καὶ
1171 1074 1200 1100 ὲν
1216 1074 1272 1105 τοῖς
1287 1073 1352 1108 ἑξῆς
1369 1073 1426 1100 ἄνω
1440 1082 1470 1100 τε
1488 1073 1534 1100 καὶ
1549 1074 1624 1101 κάτω
1639 1073 1826 1100 ὑπεϐάλλετε·
1854 1074 1900 1099 νῦν

1096 1118 1125 1144 δὲ
1149 1118 1208 1150 πῶς
1231 1118 1249 1154 ἢ
1272 1118 1359 1150 πάθος
1376 1118 1393 1154 ἦ
1409 1119 1564 1155 ἐνέργειαν,
1583 1119 1599 1154 ἢ
1617 1118 1702 1153 ἄμφω
1719 1119 1755 1145 τὰ
1769 1119 1831 1151 δύο,
1854 1119 1899 1145 ἐπὶ

1097 1163 1144 1190 τοῦ
1159 1163 1331 1199 γεννωμένου
1343 1164 1482 1200 ὁρώμενα,
1494 1165 1590 1199 λέγετε
1604 1162 1676 1191 εἶναι
1689 1165 1739 1199 τὴν
1751 1165 1898 1199 γέννησιν;

1098 1209 1128 1236 Εἰ
1156 1209 1207 1244 μὲν
1222 1210 1277 1245 γὰρ
1294 1210 1423 1246 ἐνέργειά
1437 1210 1497 1236 ἐστι
1514 1210 1580 1236 καθ’
1597 1210 1670 1244 ὑμᾶς
1685 1210 1733 1236 τοῦ
1750 1210 1899 1244 μέλλοντος

1097 1255 1224 1290 γενέσθαι
1236 1275 1244 1288 ,
1272 1256 1328 1282 εῐτε
1343 1256 1387 1282 διὰ
1401 1256 1448 1282 τοῦ
1464 1255 1552 1283 θέλειν
1562 1275 1570 1288 ,
1592 1257 1647 1283 εἴτε
1661 1255 1789 1283 ὁπωσοῦν
1805 1257 1824 1291 ἡ
1839 1256 1900 1290 γέν-

1098 1310 1175 1337 νησις
1189 1301 1272 1328 αὐτοῦ
1283 1323 1290 1335 ,
1308 1301 1364 1337 ἔχει
1381 1302 1409 1329 δὲ
1424 1302 1454 1329 ea
1467 1302 1537 1329 εἶναι
1553 1303 1567 1329 ὁ
1582 1303 1753 1338 γεννώμενος
1777 1300 1810 1330 οὗ
1826 1303 1899 1328 ist-.1

1099 1349 1115 1384 ή
1130 1348 1237 1384 θέλησις
1253 1349 1284 1375 ὲκ
1298 1349 1348 1382 τῆς
1360 1349 1514 1384 γεννήσεως
1525 1370 1531 1381 ,
1552 1350 1606 1384 ἄρα
1623 1349 1676 1384 πρὸ
1690 1349 1737 1375 τοῦ
1751 1347 1837 1380 εἶναι,
1856 1347 1900 1376 ut

1100 1395 1172 1422 θέλει
1189 1396 1238 1422 καὶ
1253 1395 1398 1431 ἐνεργήσει
1413 1396 1443 1422 τὸ
1456 1394 1526 1422 εἶναι
1541 1395 1650 1422 ἑαυτοῦ·
1667 1395 1714 1421 καὶ
1725 1394 1806 1421 ἔσται
1823 1396 1852 1421 ὲν
1864 1395 1899 1428 τῷ

1102 1442 1139 1478 μὴ
1152 1441 1222 1469 εἶναι
1239 1443 1335 1469 ἑαυτὸν
1351 1442 1521 1476 κεκτημένος
1537 1443 1567 1468 τό
1579 1450 1609 1468 τε
1623 1440 1693 1468 εἶναι
1709 1442 1757 1467 καὶ
1769 1441 1799 1466 τὸ
1811 1440 1900 1466 θέλειν

1102 1488 1211 1516 ἑαυτοῦ.
1229 1488 1261 1514 Et
1273 1488 1301 1514 δὲ
1317 1489 1364 1514 καὶ
1379 1488 1464 1518 πάθος
1479 1488 1573 1522 λέγετε
1586 1487 1683 1514 τούτου
1698 1486 1769 1514 εἶναι
1781 1488 1833 1521 τὴν
1845 1488 1900 1521 γὲν-

1102 1542 1191 1570 νησιν,
1212 1533 1294 1561 πάλιν
1312 1533 1444 1565 ὡσαύτως
1471 1534 1524 1569 προ
1544 1533 1591 1560 τοῦ
1609 1531 1679 1560 εἶναι
1697 1532 1841 1563 πεπονθὼς
1854 1534 1898 1559 εὐ-

1104 1580 1250 1616 ρεθήσεται
1264 1589 1270 1595 ·
1292 1581 1341 1607 οὐκ
1362 1579 1420 1606 οἶδα
1436 1581 1464 1607 δὲ
1525 1580 1578 1606 τίνι
1595 1579 1707 1612 παθὼν,
1728 1579 1826 1614 ὥσπερ
1842 1580 1899 1606 οὑξὲ

1103 1628 1131 1652 ὲν
1155 1627 1208 1653 τίνι
1233 1627 1406 1662 ἐνεργήσας,
1436 1628 1466 1652 τδ
1491 1624 1561 1652 εἶναι
1588 1626 1686 1652 ἑαυτοῦ
1715 1625 1898 1660 προόλλλεται

1103 1673 1116 1699 ὁ
1135 1673 1172 1708 μὴ
1187 1673 1225 1699 ὢν
1241 1673 1314 1703 ὅστις
1329 1672 1361 1699 ἂν
1448 1673 1479 1698 Εἰ
1496 1673 1524 1698 δὲ
1540 1673 1598 1699 κατ’
1612 1671 1696 1707 ἄμφω
1709 1672 1804 1704 λέγετε
1821 1671 1897 1698 τάσδε

1102 1720 1152 1750 τὰς
1164 1719 1301 1751 διαθέσεις
1317 1718 1362 1745 τοῦ
1378 1719 1553 1753 γεννωμένου
1566 1719 1614 1753 τὴν
1625 1719 1752 1752 γέννησιν
1763 1718 1896 1753 προϊέναι,

1102 1764 1186 1791 διπλᾶ
1204 1765 1269 1800 ὑμῖν
1285 1764 1380 1799 ἕψεται
1408 1765 1497 1791 πάντα
1519 1765 1554 1791 τὰ
1571 1764 1659 1790 ἄτοπα
1678 1764 1728 1798 τῆς
1743 1763 1897 1794 ὑποθέσεως,

1103 1809 1171 1845 πρὸς
1199 1809 1238 1844 τῷ
1261 1810 1308 1836 καὶ
1332 1809 1515 1844 συνυπάρχειν
1532 1809 1590 1844 ἅμα
1606 1818 1636 1835 τε
1659 1809 1706 1835 καὶ
1728 1810 1756 1834 ἐν
1772 1808 1812 1843 τῷ
1828 1810 1899 1842 ain}

1103 1854 1137 1880 τὰ
1151 1855 1261 1880 ἐναντία
1278 1854 1392 1880 διδόναι.

256 1897 381 1933 prodire,
399 1898 441 1925 bis
454 1906 503 1925 vos
519 1903 672 1933 sequentur
702 1899 794 1927 omnia
828 1899 948 1927 absurda
981 1900 1196 1935 suppositionis;
1220 1906 1402 1936 prmterquam
1426 1900 1499 1935 quod
1525 1901 1606 1928 simul
1631 1900 1802 1928 coexsistent
1823 1905 1852 1926 et
1874 1901 1897 1926 ia

257 1943 354 1971 eodem
371 1945 496 1979 opposita
513 1944 628 1971 dabunt.

293 2004 327 2031 At
336 2004 500 2031 fallorznam
510 2005 538 2031 in
553 2013 606 2032 non
616 2005 766 2034 cxsistente
780 2006 838 2034 hmc
847 2007 1014 2042 supponitis,
1025 2011 1053 2034 et

258 2057 313 2076 non
330 2050 575 2078 coexsistuntﬁon
591 2052 664 2078 enini
680 2053 818 2079 exsistunt
831 2061 864 2080 ea
877 2060 939 2088 qua:
950 2061 1053 2088 suppo—

258 2099 362 2122 nuntur
370 2096 458 2123 innon
466 2096 625 2124 exsistcnte.
634 2097 693 2124 Non
701 2099 760 2125 scio
770 2099 853 2134 igitur
860 2099 999 2134 quomodo
1005 2107 1054 2127 ex-

258 2141 383 2169 sistentia
394 2147 486 2168 essent
498 2143 524 2168 in
534 2151 588 2170 non
601 2143 750 2171 exsistente
761 2152 793 2172 ea
804 2152 865 2180 quae
873 2145 956 2172 etiam
967 2145 995 2172 in
1005 2153 1053 2172 ex-

259 2186 420 2214 sistentibus
431 2195 493 2214 cum
511 2193 585 2220 sunt,
601 2197 657 2216 non
675 2191 784 2225 proprie
798 2191 960 2218 exsistentia
975 2196 1049 2218 sunt.

259 2233 318 2260 Non
333 2237 375 2260 est
386 2241 495 2268 quoque
507 2234 540 2261 ad
556 2235 582 2262 id
599 2236 807 2268 attendendum,
818 2238 1017 2273 seilicetquod,
1030 2239 1053 2267 si

259 2280 331 2306 actio
347 2284 395 2306 aut
412 2280 503 2315 passio
516 2281 600 2315 geniti
616 2287 657 2308 est
669 2284 821 2316 generatio.
836 2284 988 2311 secundum
1003 2285 1054 2312 hos

259 2332 329 2360 quos
344 2324 530 2360 descripsistis
542 2327 652 2354 insanos
663 2328 759 2356 modos
772 2334 802 2356 ut
817 2331 998 2362 necessarios,
1011 2331 1054 2358 vel

260 2372 369 2406 genitus
381 2371 483 2406 aliquid
496 2372 615 2406 patietur
627 2373 653 2400 in
665 2373 787 2408 seipsum
796 2375 972 2410 aseipso,vel
982 2384 998 2402 a
1012 2376 1053 2411 gi-

259 2422 371 2451 gnente,
381 2418 422 2444 vel
433 2417 467 2445 ab
480 2418 534 2444 alio
548 2419 693 2454 quopiam;
707 2425 735 2447 et
747 2420 907 2453 iterum,vel
923 2427 985 2457 aget
997 2423 1055 2457 ipse

260 2463 427 2498 inseipsum,
437 2465 479 2491 vel
491 2464 516 2491 in
524 2465 691 2500 gignentem,
701 2467 743 2493 vel
751 2467 868 2494 inalium
878 2469 1052 2503 quempiam;

259 2510 361 2537 ctillud
372 2511 418 2538 tiet
427 2511 479 2538 hoc
488 2511 569 2540 modo
577 2522 582 2539 :
591 2513 633 2540 vel
643 2513 700 2548 ipse
710 2514 830 2548 seipsum
840 2514 867 2541 in
877 2515 1055 2549 seipsum,vel

260 2556 287 2583 in
299 2556 467 2591 gignentem,
483 2557 525 2584 vel
543 2557 570 2584 in
586 2558 680 2591 alium,
697 2559 821 2594 gignens;
835 2560 877 2587 vel
893 2568 908 2586 a
924 2561 1016 2595 seipso
1027 2561 1054 2587 in

259 2603 393 2638 seipsum,
408 2603 478 2630 vela
495 2609 583 2638 patre,
601 2605 644 2632 vel
661 2605 695 2631 ab
710 2605 765 2632 alio
777 2606 896 2640 genitus.
914 2606 991 2634 Talia
1009 2614 1058 2633 au-

258 2654 316 2677 tem
338 2649 447 2682 audire,
462 2653 490 2676 et
506 2650 607 2678 talibus
623 2651 791 2686 respondere
806 2652 912 2687 parcite
933 2652 1024 2684 nobis,
1041 2660 1057 2679 ο

261 2697 384 2725 infandi!
412 2697 530 2725 fatentur
547 2706 601 2725 non
626 2699 698 2726 ferre
715 2699 775 2726 sine
798 2699 849 2726 ira.
870 2698 1058 2726 Obmutescite

260 2743 346 2779 igitur
363 2748 393 2771 ut
414 2752 465 2771 nos
479 2744 634 2779 loquamur.
649 2745 756 2772 Dicitur
776 2745 849 2772 enim
865 2745 980 2773 alterius
994 2746 1051 2772 exi-

261 2790 300 2816 tio
311 2789 410 2817 conﬁci
426 2790 541 2818 alterius
558 2791 764 2826 generationem
779 2799 786 2817 :
799 2796 826 2818 et
842 2792 928 2819 altero
944 2795 1053 2826 agente,

261 2839 291 2869 et
303 2835 390 2862 altero
408 2837 538 2872 patiente,
559 2837 674 2864 alterum
696 2838 808 2872 prodire
824 2839 957 2873 genitum,
983 2839 1055 2865 sicut

1143 2004 1216 2038 Πλὴν
1245 2004 1445 2040 ἐπιλέλησμαι·
1479 2005 1508 2030 ἐν
1530 2004 1568 2039 τῴ
1584 2005 1638 2039 γὰρ
1664 2004 1700 2039 μὴ
1727 2004 1786 2030 δντι
1818 2005 1899 2031 ταῦτα.

1105 2050 1194 2076 οίεσθε
1207 2058 1213 2064 ·
1229 2050 1275 2077 καὶ
1291 2051 1322 2076 οὐ
1341 2050 1522 2085 συνυπάρχει·
1538 2050 1598 2076 οὐδὲ
1612 2050 1668 2084 γὰρ
1680 2050 1802 2085 ὑπάρχει
1815 2051 1850 2077 τὰ
1872 2053 1898 2077 ἐν

1106 2097 1145 2132 τῷ
1163 2097 1200 2132 μὴ
1219 2097 1370 2132 ὑπάρχοντι
1385 2105 1392 2112 ο
1409 2097 1458 2122 οὑκ
1471 2093 1530 2123 οἶδα
1548 2095 1595 2122 οὖν
1612 2096 1670 2127 πῶς
1682 2096 1748 2122 ὄντα
1760 2096 1807 2132 εἴη
1822 2097 1851 2123 ὲν
1865 2098 1898 2132 τῷ

1066 2157 1093 2187 D
1108 2143 1144 2178 μὴ
1160 2142 1228 2174 ὁντι,
1244 2143 1261 2170 ἃ
1274 2143 1321 2170 καὶ
1331 2144 1359 2169 ὲν
1370 2144 1426 2174 τοῖς
1441 2141 1500 2169 οὖσι
1512 2143 1654 2178 γινόμενα,
1669 2143 1699 2169 οὐ
1718 2143 1824 2177 κυρίως
1840 2143 1898 2170 ὄντα

1106 2190 1176 2216 είσίν
1187 2198 1194 2204 ·
1213 2189 1254 2216 ἔτι
1269 2191 1307 2224 μὴ
1319 2190 1367 2216 καὶ
1383 2189 1452 2223 τῷδε
1474 2189 1650 2224 προσεκτέον,
1666 2189 1703 2220 ὼς
1717 2190 1741 2216 εὶ
1763 2190 1897 2225 ἐνέργεια,

1104 2236 1121 2271 ἢ
1138 2236 1223 2267 πάθος
1235 2236 1282 2262 τοῦ
1294 2236 1465 2270 γεννωμένου
1495 2237 1511 2271 ἡ
1534 2235 1662 2270 γέννησίς
1686 2236 1755 2267 ὲστι,
1775 2235 1840 2262 καθ’
1855 2236 1896 2266 οὓς

1105 2282 1270 2317 διεγράψατε
1296 2282 1457 2316 ἀλογίστους
1481 2282 1599 2316 τρόπους
1623 2281 1662 2313 ὡς
1684 2282 1894 2315 ἀναγκαίους.ῆ

1106 2329 1146 2360 εἰς
1169 2328 1264 2354 ἑαυτόν
1277 2336 1303 2354 τι
1321 2328 1402 2354 πάθοι
1425 2327 1470 2361 ὑφ’
1491 2328 1587 2354 ἑαυτοῦ
1613 2328 1826 2364 γεννώμενος,ῆ
1849 2329 1896 2354 om

1106 2373 1154 2400 τοῦ
1166 2373 1302 2405 τεκόντος.
1327 2373 1344 2408 ἦ
1369 2373 1424 2400 ὑπό
1449 2382 1521 2405 τινος
1551 2375 1645 2408 ἐτέρου
1660 2382 1666 2388 ·
1698 2374 1747 2400 καὶ
1769 2375 1894 2408 «ﬂuuii,

1107 2420 1189 2450 αὐτὸς
1214 2421 1357 2456 ἐνεργήσει
1378 2421 1418 2451 εἰς
1439 2420 1545 2452 ἑαυτὸν,
1572 2421 1588 2455 ἢ
1618 2421 1657 2452 είς
1674 2421 1721 2447 τὸν
1738 2423 1862 2453 τεκόντα,
1881 2422 1894 2455 ἧ

1107 2466 1149 2492 εἵς
1163 2474 1225 2492 τινα
1236 2466 1330 2501 ἕτερον
1342 2475 1349 2481 ·
1364 2466 1442 2493 ἔσται
1463 2467 1490 2493 δὲ
1510 2466 1607 2499 οὕτως,
1624 2467 1640 2502 ἦ
1658 2467 1740 2498 αὐτὸς
1753 2468 1849 2494 ἑαυτὸν
1862 2470 1896 2498 εἰς

1108 2511 1232 2546 ὲαυτδνῆ
1255 2512 1295 2542 είς
1314 2511 1359 2537 τὸν
1370 2512 1496 2544 τεκόντα,
1515 2512 1532 2547 ἢ
1547 2514 1587 2542 είς
1606 2512 1698 2547 ἕτερον
1714 2514 1859 2549 γεννήσας,
1881 2515 1895 2548 ἢ

1108 2558 1153 2591 ὑφ’
1171 2557 1269 2584 ἑαυτοῦ
1285 2559 1324 2590 είς
1343 2559 1451 2590 ἑαυτὴν,
1470 2559 1486 2594 ἧ
1513 2559 1558 2593 ὑφ’
1575 2559 1674 2586 ἑαυτοῦ
1699 2561 1740 2592 εἰς
1762 2561 1865 2593 ἑαυτὸν,
1881 2562 1895 2594 ἦ

1108 2603 1161 2629 ὑπὸ
1175 2603 1223 2629 τοῦ
1248 2604 1365 2638 Πατρὶς.
1388 2605 1404 2638 ἢ
1420 2605 1465 2638 ὑφ’
1480 2605 1575 2640 ἑτέρου
1593 2606 1748 2640 γεννηθείς.
1766 2607 1858 2633 Ταῦτα
1873 2607 1895 2632 ἐξ

1109 2649 1219 2675 ἀκούειν
1243 2649 1259 2684 ἢ
1288 2650 1420 2681 τοιούτοις
1442 2650 1641 2685 ἀποκρίνεσθαι
1660 2651 1794 2685 φείσασθε
1816 2653 1895 2688 ἡμῶν,

1109 2692 1132 2720 ὦ
1145 2695 1292 2721 δεινότατοι
1309 2696 1314 2721 ἔ
1340 2695 1526 2730 ὁμολογοῦμεν
1538 2697 1568 2722 οὐ
1586 2697 1680 2731 φέρειν
1701 2698 1818 2733 ἁνεμεσί
1830 2706 1836 2713 ·
1850 2707 1895 2724 κω-

1111 2741 1229 2775 φεύσατε
1245 2741 1277 2775 δή
1294 2740 1339 2768 οὖν
1358 2743 1402 2768 ἶνα
1419 2742 1499 2776 ἡμεῖς
1525 2742 1700 2777 λαλήσωμεν.
1724 2745 1841 2778 Λέγεται
1854 2745 1895 2778 μὲν

1111 2791 1166 2826 γὰρ
1185 2790 1201 2826 ἦ
1220 2790 1300 2817 ἄλλον
1315 2791 1401 2826 ψθορᾷ
1414 2791 1591 2826 συναίρεσθαι
1609 2792 1648 2823 εἰς
1667 2791 1750 2818 ἄλλου
1766 2793 1893 2826 γέννησιν,

1111 2839 1156 2864 καὶ
1188 2838 1284 2872 ἑτέρου
1313 2837 1509 2873 ἐνεργοῦντος·
1535 2838 1581 2865 καὶ
1614 2839 1710 2873 ἑτέρου
1743 2840 1892 2875 πάσχοντος,
