1960 3093
110 114 176 145 lf-G'J

585 108 784 139 ADVERSUS
804 106 1118 137 NESTOIH:\‘;\'OS.—-
1130 108 1202 137 LIB.
1227 109 1272 138 ιν.

1671 110 1740 142 1670

107 172 199 206 ἕτερον
215 168 339 204 προϊέναι
360 166 537 202 γεννώμενον,
555 166 593 197 ὡς
610 165 656 192 ἐπὶ
674 165 808 200 σωμάτων
824 163 895 198 ἐιρῶ-

951 163 1072 190 t'idemus
1082 164 1115 190 de
1124 165 1300 198 corporibus,
1312 164 1437 192 videmus
1451 165 1602 193 secundum
1616 166 1739 194 diversos

109 227 159 252 μεν
173 215 244 242 κατὰ
264 214 327 245 τοὺς
343 214 489 248 διαφόρους
502 212 621 247 τρόπους
631 211 685 237 τῶν
696 210 876 245 γεννωμένων
889 217 894 223 ·

106 263 232 292 τέκτονος
253 259 304 294 μὲν
318 258 372 294 γὰρ
387 259 419 293 τῇ
449 266 479 284 τε
505 258 607 292 φυσικῇ
636 257 683 283 καὶ
698 256 897 290 ἐπιστημονικῇ

107 306 244 341 ινεργειᾳ,
261 304 343 331 πάθει
356 304 384 331 δὲ
397 303 444 330 τοῦ
461 303 550 335 ξύλου,
572 303 622 338 τῆς
648 302 741 336 κλίνης
765 301 898 336 προέρχε-

107 361 152 379 ται
162 352 192 377 τὸ
207 349 276 382 εἶδος
289 359 297 365 ·
317 351 363 377 καὶ
382 350 463 376 πάλιν
478 349 563 384 πυρὸς
580 350 612 384 τῇ
629 349 710 383 φύσει
723 347 898 383 ἐνεργοῦντος

108 398 155 423 καὶ
183 396 352 430 φθείροντος,
377 395 529 430 πάσχοντος
541 394 569 420 δὲ
585 394 631 420 καὶ
654 393 833 428 φθειρομένου
849 391 897 419 τοῦ

111 443 233 473 στέατος,
249 441 358 475 λιγνύος
373 439 444 472 εἶδος
460 441 488 466 ἐν
499 440 559 474 ἀέρι
575 440 722 474 γεννᾶται·
741 439 768 465 οἴ
789 447 818 465 τε
844 440 899 474 γὰρ

110 488 190 521 φύσιν
203 487 250 513 καὶ
266 487 333 521 ὕλην
347 487 360 513 ὃ
373 486 397 512 τί
412 485 477 512 ποτέ
491 486 543 512 εἰσι
562 486 698 521 διαφόρως
715 485 838 515 νοοῦντες
852 486 899 511 καὶ

102 533 308 568 ὑποτιθέμενοι,
318 533 392 568 ὅμως
405 533 454 566 τῆς
466 530 717 568 ίμὲνμνεργούσης,
728 532 778 565 τῆς
786 531 814 557 δὲ
828 539 899 557 πασ-

108 579 209 614 χούσης
217 578 363 613 γεννᾶσθαι
373 578 405 604 τὰ
414 579 444 604 ὲκ
452 578 555 604 τούτων
564 577 620 612 εἴδη
636 576 797 612 ὁμολογοῦσι
809 585 815 591 ·
830 577 900 602 κατὰ

112 626 206 661 μέντοι
233 626 266 652 τὰ
283 626 403 661 ὑμέτερα
414 625 598 660 θεσπίσματα,
610 624 639 651 τὺ
659 623 695 660 μὴ
710 623 740 651 ὃν
754 624 838 658 γεννᾷ
853 631 876 649 τι
890 632 897 640 ι

110 672 158 698 καὶ
175 671 294 707 μάλιστα
304 671 334 697 τὸ
344 671 440 697 ἑαυτοῦ
455 669 525 697 εἶναι
541 669 621 696 πάθει
637 670 653 705 ἢ
673 669 798 704 ἐνεργεέᾳ
813 668 899 699 οὐδεὶς

110 718 195 751 ἔφησε
207 717 316 743 πώποτε
331 724 337 730 ·
363 716 425 742 ἀλλ’
444 715 503 742 οὐδὲ
516 715 583 746 ὅλως
608 715 695 746 πάθος
718 714 734 750 ἢ
758 715 899 749 ἐνέργειαν

113 763 159 789 ἐπὶ
179 762 226 789 τοῦ
244 763 358 797 μηδέπω
371 762 446 792 ὄντος
463 762 594 797 ἐγνώρισε
606 770 612 776 -
631 761 689 793 πῶς
701 760 747 789 οὖν
761 760 901 792 τοιαύταις

110 810 184 844 ἡμᾶς
196 809 232 841 ὼς
242 810 369 843 φυσικαῖς
385 809 533 842 διαιρέσεσι
547 807 753 842 συλλογίζεσθε;

154 855 234 881 Ἀλλὰ
258 854 370 881 τοιαῦτα
393 856 473 889 ἡμεῖς
493 855 572 889 μέχρι
593 854 638 880 τοῦ
655 853 702 880 νῦν
725 852 792 879 Θεοῦ
808 853 900 888 χάριτι

114 900 151 935 μὴ
179 900 278 926 εἰδέναι
311 901 378 934 μήτε
406 899 564 934 διδαχθῆναι
584 898 789 934 ὁμολογοῦντες,
822 897 898 933 ὀρθο-

111 946 196 977 δὸξως
224 946 395 980 κηρύττομεν
422 945 471 979 τὴν
498 944 639 970 εὐσέϐειαν
673 943 724 970 ὑπὸ
745 944 798 970 τῶν
815 944 900 978 ἁγίων

112 991 282 1026 διδαχθέντες
303 991 442 1025 Πατέρων,
467 991 512 1016 τὸν
533 991 564 1017 ὲκ
590 991 670 1025 μόνου
700 989 806 1024 Πατρδς
822 989 900 1024 μόνον

113 1037 189 1070 Υἰὸν,
207 1038 239 1073 τῇ
261 1038 309 1072 μὲν
326 1038 375 1072 μιᾷ
398 1036 577 1072 μεμονωμένῃ
596 1035 678 1063 αὑτοῦ
701 1036 754 1071 ἰδία
773 1036 900 1070 γεννήσει

114 1083 231 1118 προόντα
247 1083 300 1108 τῶν
315 1082 419 1108 αἰώνων
435 1082 500 1108 Θεὸν
512 1082 607 1116 Λόγον-
618 1083 646 1107 ἐν
664 1082 787 1117 ὑστέροις
796 1081 824 1107 δὲ
837 1089 898 1107 και-

115 1130 171 1164 ροῖς
189 1128 242 1164 ἰδίᾳ
256 1128 363 1162 εὐδοκία
379 1127 561 1163 φιλανθρώπῳ
577 1127 625 1162 τὴν
642 1127 773 1163 δευτέραν
800 1122 899 1154 ἑαυτοῦ

116 1175 197 1201 πάλιν
206 1175 366 1209 ἰδικωτάτην
376 1173 522 1208 ἐνεργῆσαι
534 1173 660 1208 γέννησιν
674 1174 702 1199 ὲν
715 1174 748 1208 τῇ
758 1172 901 1208 συμπλοκῇ

111 1221 159 1248 τοῦ
176 1221 236 1248 καθ’
264 1222 337 1255 ἡμᾶς
363 1220 507 1255 ἀνθρώπων
529 1219 726 1255 ὁμολογοῦμεν,
751 1220 798 1246 καὶ
829 1228 898 1255 προ-

113 1268 220 1294 ελεύσει
249 1268 365 1302 σαρκικῇ
389 1267 421 1293 ἐκ
434 1267 483 1301 τῆς
505 1266 586 1300 ἁγίας
605 1266 742 1300 Παρθένου
761 1265 900 1300 τεχθῆναι,

102 1313 250 1348 ὁμοιότητι
264 1313 433 1347 γεννήσεως·
450 1313 516 1347 μηδὲ
540 1311 612 1338 κατὰ
640 1311 689 1346 τὴν
718 1310 830 1346 πρώτην
852 1311 900 1337 αὑ-

111 1359 169 1391 τοῦ,
188 1359 255 1394 μηδὲ
282 1358 351 1385 κατὰ
371 1358 500 1393 δευτέραν
515 1349 710 1392 γέννησίνῖτινι
726 1357 781 1383 τῶν
795 1358 902 1383 πάντων

113 1405 294 1431 κοινωνοῦντα
309 1413 314 1419 ·
333 1404 394 1430 οὔτε
413 1405 466 1439 γάρ
478 1413 503 1430 τι
518 1404 611 1438 ἕτερον
624 1404 694 1430 κατὰ
715 1403 745 1429 τὺ
758 1403 840 1429 ἀΐδιον
857 1403 904 1429 καὶ

114 1451 326 1486 ἀπαράλλακτον
339 1451 386 1476 καὶ
403 1450 550 1485 εὐάρεστον
563 1451 609 1476 καὶ
623 1449 757 1484 ἄτρεπτον
775 1449 822 1476 καὶ
834 1450 903 1484 ιὶιμέ⁴

949 209 1045 236 modos
1063 209 1210 244 generatis.
1227 210 1294 237 Nam
1313 210 1420 245 opiﬁcis
1440 211 1551 245 quidem
1575 212 1687 247 physica
1712 217 1740 239 ct

949 253 1038 287 perita
1060 254 1186 286 actione,
1212 255 1339 289 passione
1361 263 1427 282 vero
1450 255 1533 290 ligni,
1561 256 1623 283 lecti
1649 257 1740 290 prodit

949 299 1047 326 forma.
1070 300 1230 334 Pariterque
1250 301 1313 335 igne
1337 308 1385 328 sua
1409 306 1505 328 natura
1529 306 1626 336 agente
1642 307 1669 329 et
1690 303 1739 329 de-

950 349 1091 375 struente.
1118 345 1238 379 patiente
1265 353 1329 372 vero
1351 351 1379 372 et
1406 351 1537 380 pereunte
1561 347 1644 377 sebo,
1672 346 1740 372 fumi

936 391 1036 418 “forma
1052 391 1079 418 in
1097 399 1160 419 aere
1175 391 1304 426 gignitur.
1320 391 1370 425 Qui
1387 392 1460 418 enim
1478 392 1511 418 de
1529 397 1626 419 natura
1640 397 1667 420 et
1684 401 1743 419 ma-

949 439 1030 469 teria,
1045 438 1230 479 quodcunque
1248 439 1318 470 sint,
1343 438 1453 465 diverso
1476 439 1558 465 modo
1579 443 1696 467 tractant
1713 444 1741 466 ct

950 484 1100 516 disserunt,
1125 485 1211 511 altera
1229 484 1341 518 quidem
1364 488 1471 518 agente,
1496 485 1581 510 altera
1607 493 1672 512 vero
1692 493 1741 520 pa-

950 531 1047 562 tiente,
1063 530 1187 566 generari
1205 538 1355 565 omnesque
1370 531 1403 557 de
1430 530 1470 556 his
1485 536 1550 557 sunt
1564 531 1664 558 formas
1677 539 1742 558 con-

950 576 1084 604 sentiunt.
1105 576 1170 608 Sed,
1185 576 1338 603 secundum
1359 580 1449 602 vestra
1465 575 1585 608 oracula,
1599 576 1672 610 quod
1687 584 1741 603 non
1782 600 1787 603 γ

950 622 1067 654 exsistit,
1076 622 1160 658 gignit
1170 623 1284 657 aliquid,
1297 623 1501 657 prxsertimque
1510 630 1589 649 suum
1601 630 1671 654 esse,
1681 631 1743 657 pas-

951 669 1028 697 sione
1050 675 1098 697 aut
1117 670 1225 697 actione
1240 679 1246 697 :
1261 670 1333 705 quod
1355 677 1436 696 nemo
1451 677 1572 704 unquam
1592 670 1675 702 dixit;
1694 670 1742 696 sed

950 721 1001 741 nec
1018 715 1130 742 omnino
1154 715 1290 742 actionem
1314 715 1372 742 sive
1398 715 1552 750 passionem
1570 715 1597 742 in
1619 715 1741 742 nondqu

950 760 1100 788 exsistente
1116 761 1235 796 agnovit.
1250 761 1393 795 Quomodo
1401 769 1467 796 ergo
1480 761 1590 792 talibus,
1605 767 1635 788 ut
1649 761 1726 797 physi
1736 776 1742 782 -

951 806 1002 838 cis,
1019 806 1244 834 distinctionibus
1260 807 1286 833 in
1301 814 1351 834 nos
1363 806 1612 842 argutnenlamini?

915 833 938 863 Β
988 852 1040 880 Sed
1058 853 1122 880 talia
1137 861 1187 880 nos
1204 861 1290 888 usque
1306 833 1455 880 adhucuDei
1470 852 1557 887 gratia
1570 860 1660 886 neque
1672 851 1742 879 scire

951 907 1041 934 neque
1064 899 1193 926 didicisse
1210 899 1383 931 confitentes,
1404 898 1556 925 orthodoxe
1570 898 1741 932 profitemur,

952 946 1082 980 pietatem
1108 946 1198 973 cdocti
1219 954 1233 972 a
1260 946 1362 972 sanctis
1386 945 1523 975 Patribus.
1550 945 1631 971 unius
1655 943 1744 971 Patris

952 992 1064 1019 unicum
1082 992 1180 1018 Filium
1198 1000 1251 1018 una
1273 992 1383 1026 quidem
1404 991 1483 1018 unica
1500 999 1548 1018 sua
1569 990 1681 1025 propria
1695 997 1744 1025 ge-

952 1037 1094 1064 neratione
1116 1038 1316 1072 praecedentem
1337 1037 1445 1071 sawula,
1462 1037 1547 1064 Deum
1563 1037 1699 1070 Verbum;
1715 1036 1742 1063 in

953 1084 1151 1118 posterioribus
1164 1092 1228 1111 vero
1245 1084 1425 1118 temporibus,
1442 1091 1490 1110 sua
1506 1083 1533 1110 iu
1551 1083 1677 1109 homines
1693 1082 1743 1109 bc-

952 1129 1096 1164 ni-gnitate,
1112 1130 1263 1157 secundum
1281 1138 1358 1157 suam
1377 1130 1475 1156 iterum
1491 1129 1629 1164 propriam
1645 1136 1743 1163 opera-

953 1178 1009 1200 tum
1024 1182 1083 1202 esse
1096 1175 1313 1210 generationem,
1328 1175 1353 1201 in
1370 1175 1514 1209 complexu
1533 1178 1632 1201 nostra:
1648 1174 1746 1200 huma-

953 1220 1048 1247 nitatis
1074 1221 1248 1253 confitemur,
1273 1226 1301 1248 et
1325 1229 1435 1255 egressu
1464 1220 1566 1248 carnali
1594 1228 1626 1246 cx
1651 1224 1744 1246 sancta

953 1266 1063 1302 Virgine
1089 1267 1211 1302 genitum
1240 1275 1310 1298 esse,
1340 1266 1521 1294 similitudine
1549 1266 1743 1301 generationis,

953 1313 1012 1344 sed,
1026 1321 1116 1348 neque
1131 1314 1281 1341 secundum
1298 1313 1413 1348 primani
1429 1321 1517 1348 neque
1531 1313 1681 1340 secundum
1701 1319 1747 1338 se»

954 1359 1070 1386 cundatu
1101 1367 1178 1386 suam
1210 1360 1433 1395 generationem,
1464 1360 1610 1386 habentem
1641 1358 1745 1393 aliquid

954 1414 1099 1434 commune
1115 1415 1177 1434 cum
1192 1407 1299 1434 czeteris
1316 1407 1455 1435 omnibus.
1477 1407 1551 1434 Nihil
1572 1407 1644 1435 enim
1670 1407 1744 1434 aliud

955 1452 1021 1486 quid
1039 1453 1190 1480 secundum
1205 1458 1349 1486 aeternum,
1363 1458 1390 1481 et
1409 1454 1591 1487 immutabile,
1606 1460 1635 1481 et
1654 1453 1744 1488 perfe-

117 1504 205 1530 ptsrov
221 1496 268 1522 καὶ
283 1494 425 1526 ἀνελλιπὲς
444 1495 490 1521 καὶ
507 1494 701 1529 ἀκιεκψοίτητον
726 1494 775 1529 τῆς
792 1492 899 1528 πρώτης

955 1503 1040 1530 ctum,
1051 1503 1078 1526 et
1091 1499 1303 1528 inconversibile
1312 1508 1319 1532 ;
1329 1505 1355 1527 et
1364 1500 1523 1531 indivisum,
1532 1501 1744 1535 etcomplcturn,

114 1540 196 1567 αὑτοῦ
213 1541 297 1575 ἤγουν
322 1540 474 1575 γεννήσεως
498 1541 670 1575 γεγέννηται,
685 1539 746 1566 οὔτε
772 1540 841 1566 κατὰ
854 1539 903 1574 τὴν

113 1587 243 1621 δευτέραν
258 1586 351 1621 ἕτερον
365 1594 391 1612 τι
404 1585 490 1616 οὕτως
503 1586 630 1620 ἀσπόρως
648 1585 695 1612 καὶ
711 1585 838 1620 ἀφθόρως
855 1585 903 1612 καὶ

114 1633 260 1668 ὑπερφυῶς
275 1633 445 1667 γεγέννηται,
456 1632 502 1658 καὶ
516 1631 674 1665 Πνεύματος
694 1631 773 1666 ἁγίου
808 1631 904 1666 συλλη-

114 1678 189 1711 φ’ὶὲν.
203 1678 250 1703 καὶ
260 1677 380 1711 ἀχρόνως
392 1675 544 1708 τελειωοὲν,
555 1676 601 1702 καὶ
618 1676 771 1712 μορφωθὲν,
802 1677 848 1703 καὶ
863 1677 904 1702 δι-

114 1721 279 1756 οργαιιωθὲν,
293 1722 339 1747 καὶ
354 1722 394 1753 εἰς
412 1721 504 1748 πάντα
520 1722 565 1748 τὸν
577 1722 671 1748 ἑαυτοῦ
685 1721 800 1757 οὺσιώδη
817 1722 903 1756 Λόγον

115 1767 282 1801 ἀπαρτισθὲν
309 1768 337 1793 ἐν
363 1769 396 1801 τῇ
413 1768 483 1802 ἁγνῇ
500 1769 591 1802 μήτρᾳ
617 1768 666 1802 τῆς
689 1768 833 1802 ἀμιάντου,
863 1770 903 1800 εὶς

114 1810 177 1837 ναὸν
192 1811 238 1837 καὶ
255 1811 294 1839 εὶς
317 1812 449 1846 σκήνωμα
474 1811 520 1837 τοῦ
548 1812 636 1845 Λόγου
653 1812 702 1846 τῆς
729 1812 902 1847 ἀνθρωπίνης

116 1856 216 1891 σαρκὸς
231 1856 260 1888 ἐξ
271 1857 354 1891 αὐτῆς
369 1858 453 1891 μόνης
472 1857 664 1892 τελειωθείσης
686 1858 732 1884 καὶ
759 1858 903 1893 συναφθεί-

115 1910 165 1937 σης
183 1902 257 1937 αὐτῷ
273 1903 302 1928 ἐν
315 1903 429 1936 ἀκαρεῖ-
446 1903 486 1928 ἐτι
501 1903 554 1937 μὴν
565 1904 611 1929 καὶ
624 1903 732 1938 ἀληθῶς
743 1904 903 1938 κεκλεισμέ-

115 1955 162 1983 νης
178 1947 228 1981 τῆς
256 1947 423 1983 παρθενικῆς
456 1949 554 1984 πύλης,
580 1949 650 1976 κατὰ
685 1950 765 1983 φύσιν
795 1950 902 1985 ἀληθῶς

115 1993 195 2027 σῶμα
222 1992 306 2028 οὔσης
323 1994 372 2028 τῆς
389 1995 520 2029 Θεοδόχου
549 1995 650 2030 σαρκὸς
673 1996 756 2023 αὐτοῦ
781 1997 825 2023 διὰ
846 1997 901 2023 τῶν

113 2039 244 2074 apert-{ev
259 2039 393 2074 σωμάτων
408 2041 532 2075 χωρῆσαι
547 2042 596 2076 τῆς
612 2043 719 2076 μήτρας
734 2043 781 2077 τῆς
796 2043 901 2078 Παρθέ-

112 2092 157 2110 νου
172 2086 204 2119 τῇ
219 2085 287 2119 ὑπὲρ
311 2085 391 2118 φύσιν
406 2086 519 2120 δυνάμει
536 2086 583 2112 τοῦ
609 2087 714 2119 ἐνόντος
730 2088 797 2123 αὐτῇ
815 2088 900 2114 Πνεύ-

113 2139 197 2166 ματος
212 2132 258 2157 τοῦ
284 2131 372 2165 Λόγου
396 2133 569 2167 πιστεύομεν.
593 2133 654 2165 Πῶς
672 2133 719 2160 οὖν
745 2136 775 2161 οὑ
800 2137 900 2167 παντὸς

956 1549 981 1572 et
996 1545 1138 1572 immotum
1154 1546 1250 1580 prima:
1265 1546 1369 1574 scilicet
1389 1547 1448 1581 ejus
1470 1547 1655 1582 generationis
1669 1547 1747 1581 geni.

955 1594 1013 1616 tum
1034 1595 1092 1624 est;
1117 1599 1167 1619 nec
1189 1592 1340 1619 secundum
1362 1592 1511 1619 secundum
1533 1593 1606 1620 aliud
1620 1594 1685 1628 quid
1707 1594 1747 1621 sic

955 1636 1014 1662 sine
1037 1637 1154 1669 semine,
1168 1642 1196 1664 et
1213 1638 1272 1665 sine
1296 1638 1483 1673 corruptione,
1507 1643 1535 1665 et
1549 1643 1747 1673 supernatura-

951 1681 1018 1718 liter
1029 1681 1153 1715 genitum
1177 1685 1229 1710 est.
1247 1687 1275 1708 et
1292 1681 1396 1716 Spiritu
1412 1687 1507 1709 sancto
1530 1686 1704 1716 conceptum,
1720 1687 1747 1709 ct

955 1727 1014 1754 sine
1029 1733 1151 1762 tempore
1167 1728 1330 1762 perfectum,
1352 1735 1379 1755 et
1402 1728 1558 1759 formatum,
1573 1733 1599 1755 et
1616 1729 1748 1756 membris

955 1773 1131 1803 instructum.
1145 1778 1172 1800 et
1189 1774 1215 1800 in
1238 1781 1346 1800 onmem
1363 1782 1440 1801 suam
1465 1775 1674 1801 subslantialem
1701 1783 1748 1802 ra-

954 1819 1056 1845 tionem
1069 1823 1201 1852 aptatum.
1217 1819 1243 1845 in
1255 1825 1331 1846 casto
1345 1824 1423 1846 utero
1436 1820 1627 1851 immaculata,
1641 1821 1667 1847 in
1680 1826 1748 1848 ten.-

954 1864 1030 1898 plum
1051 1869 1079 1891 et
1096 1865 1122 1891 in
1146 1865 1355 1892 tabernaculum
1377 1866 1474 1898 Verbi,
1498 1867 1620 1901 perfecta
1644 1872 1672 1894 et
1695 1867 1745 1901 ipsi

954 1914 1080 1944 coaptata
1094 1912 1212 1938 humana
1227 1919 1308 1938 carne
1322 1920 1354 1939 ex
1367 1912 1477 1947 Virgine
1491 1913 1548 1939 sola
1564 1913 1590 1940 in
1606 1921 1660 1940 uno
1676 1918 1746 1940 tem-

953 1956 1029 1990 poris
1055 1957 1185 1993 articulo,
1213 1958 1327 1993 Insuper
1353 1963 1381 1985 et
1407 1966 1471 1985 vere
1500 1959 1593 1986 clausa
1619 1959 1745 1994 virginali

954 2006 1043 2036 porta,
1063 2003 1214 2030 scentulum
1231 2009 1355 2030 naturam
1372 2011 1436 2031 vere
1453 2012 1553 2039 corpus
1570 2005 1668 2031 divium
1687 2013 1746 2031 carr-

954 2048 997 2075 nis
1010 2049 1071 2083 ejus
1086 2057 1135 2083 per
1152 2049 1294 2076 infractam
1312 2050 1417 2077 vulvam
1434 2051 1553 2083 venisse,
1570 2051 1640 2078 uteri
1657 2051 1747 2085 Virgi—

953 2093 996 2120 nis
1011 2095 1213 2128 snpernaturali
1231 2096 1333 2122 virtute
1356 2096 1536 2123 inhabitantis
1559 2097 1585 2123 in
1607 2105 1638 2124 ea
1655 2097 1744 2132 Spiri-

955 2144 998 2166 tus
1016 2140 1096 2167 Verbi
1122 2141 1270 2169 credimus.
1297 2141 1440 2174 Quomodo
1463 2151 1529 2177 ergo
1552 2151 1606 2170 non
1631 2144 1744 2171 omnino

113 2175 213 2211 μᾶλλον
228 2175 266 2201 ἔτι
278 2176 325 2202 καὶ
338 2178 376 2202 ἔτι
388 2177 431 2203 διὰ
452 2178 537 2203 ταῦτα
555 2178 686 2205 Θεοτὸκον
702 2179 810 2215 ἀληθῶς
826 2189 898 2215 γνω-

954 2185 1041 2220 magis
1052 2185 1193 2221 magisque
1205 2191 1350 2222 propterea
1362 2187 1506 2222 Dciparam
1519 2195 1582 2214 vere
1595 2195 1743 2222 agnoscen‘

111 2221 236 2256 ρισαντες
264 2222 461 2257 εὐφημήσομεν
487 2224 535 2259 τὴν
552 2225 690 2260 Παρθένον
712 2226 824 2262 ταύτην,
841 2225 900 2264 ἐ.νῇ

111 2267 158 2294 καὶ
171 2267 199 2299 ἐξ
216 2265 249 2303 ἦς
264 2268 278 2294 ὁ
298 2269 383 2302 Λόγος
396 2269 444 2304 τὴν
471 2271 561 2305 σάρκα
578 2273 817 2308 μνηστευσάμενος
832 2283 901 2309 προ-

109 2313 190 2348 ῆλθεν
206 2314 243 2344 ὡς
255 2314 369 2348 νυμφίος
384 2315 416 2341 ἐκ
429 2316 532 2342 παστοῦ
546 2317 624 2350 ἁγίου
640 2317 723 2344 αὑτοῦ
737 2327 744 2351 ;
757 2319 802 2353 ἀφ’
816 2318 850 2355 ἦς
870 2329 900 2347 τε

109 2359 126 2392 ή
144 2359 223 2392 costa.
245 2360 290 2386 τδν
308 2360 407 2395 ἑαυτῆς
424 2362 604 2398 λατομήσασα
634 2362 707 2391 οἷκον
721 2366 804 2400 ἑαυτῇ
823 2374 901 2401 περι-

109 2403 268 2438 ῳκοδόμησε
281 2412 289 2437 ;
311 2405 357 2431 καὶ
372 2406 402 2432 τὺ
423 2406 590 2442 θαυμαστὸν.
605 2409 646 2435 ὅτι
664 2409 724 2436 οὐδὲ
737 2410 776 2445 τῷ
784 2411 831 2445 τῆς
849 2411 899 2446 φύ-

110 2455 178 2478 σεως
199 2447 325 2482 ἰδιώματι
344 2449 391 2476 τοῦ
418 2451 568 2486 οῑκήματος
592 2454 692 2489 ἑαυτὴν
715 2455 899 2490 συνεξήγαγεν

108 2495 140 2520 ὲκ
153 2494 203 2530 τῆς
220 2496 325 2530 μήτρας
346 2496 394 2530 τῆς
424 2497 563 2532 Παρθένου
578 2507 585 2513 ·
598 2499 666 2527 ἀλλὰ
688 2501 842 2528 τούναντίον
860 2499 898 2535 τῷ

89 2561 92 2582 1
107 2539 158 2574 τῆς
173 2540 279 2574 φύσεως
292 2541 416 2577 ἰδιώματι
430 2543 541 2579 ἑαυτῆς,
552 2545 636 2580 ἠγουν
648 2545 694 2572 τοῦ
709 2547 899 2582 ὲνοικήσαντος

108 2586 178 2621 αὐτῇ
195 2587 294 2620 Λόγου,
308 2588 339 2614 τὸ
351 2589 457 2624 οῑκημα
477 2592 672 2626 πνευματικῶς
690 2593 897 2626 συνεξείλκυσεν

108 2632 208 2667 ἑαυτῆς
222 2634 253 2659 ἐκ
262 2633 312 2668 τῆς
326 2635 461 2671 τεκούσης
484 2637 549 2663 αὐτό
562 2647 569 2654 θ
588 2639 636 2665 σὺν
655 2639 730 2674 αὐτῷ
744 2640 798 2675 γὰρ
817 2650 897 2667 πλευ-

110 2678 231 2712 ματικῶς
265 2679 366 2712 ἐξιέναι
389 2683 437 2708 καὶ
465 2684 589 2718 χωρῆσαι
607 2684 652 2712 διὰ
676 2685 731 2711 τῶν
767 2687 897 2722 ἀρραγῶν

108 2724 241 2757 σωμάτων
252 2725 301 2759 τῆς
321 2726 472 2762 Παρθένου,
493 2728 542 2764 τὴν
558 2729 646 2764 σάρκα
670 2731 768 2758 ἑαυτοῦ
781 2733 796 2758 ὁ
811 2732 897 2766 Λόγος

107 2769 299 2804 ἑδυνάμωσεν·
331 2771 425 2807 ὥσπερ
455 2774 468 2799 ὀ
498 2775 618 2809 ἄσαρκος
651 2775 732 2807 αὐτὸς
750 2777 843 2804 εἰσιὼν
862 2778 896 2806 δι’

106 2814 195 2842 αὐτῶν
223 2815 272 2842 οὐκ
297 2817 525 2855 ὲστενοχωρείτο·
545 2821 604 2847 ἐπεὶ
630 2821 684 2857 γὰρ
706 2823 759 2858 ἰδίᾳ
788 2825 895 2862 εὐδοκία

955 2235 1006 2262 tes,
1024 2231 1198 2260 laudabimus
1212 2233 1350 2267 Virginem
1372 2233 1461 2264 istam,
1481 2233 1507 2260 in
1526 2241 1578 2268 qua
1600 2239 1627 2261 et
1642 2243 1674 2261 ex
1691 2243 1744 2270 qua

954 2286 1016 2305 cum
1034 2278 1154 2306 Verbum
1176 2287 1287 2306 carnem
1312 2279 1364 2306 sibi
1389 2279 1592 2313 despondisset,
1611 2283 1744 2316 procctsil

954 2329 1084 2360 tanquam
1102 2333 1219 2360 sponsus
1241 2326 1274 2353 de
1288 2326 1408 2353 thalamo
1430 2327 1500 2353 suo?
1525 2327 1578 2354 Per
1591 2336 1672 2362 quam
1698 2337 1742 2356 sa-

954 2370 1056 2404 pientia
1072 2370 1218 2398 aedificavit
1230 2371 1282 2398 sibi
1298 2372 1430 2399 domum?
1445 2373 1477 2399 Et
1493 2373 1559 2400 illud
1576 2373 1742 2408 mirandum,

953 2416 1026 2450 quod
1048 2424 1103 2443 non
1126 2417 1277 2443 secundant
1296 2410 1450 2444 naturalém
1475 2419 1668 2453 proprietatem
1691 2419 1741 2446 (1οη

953 2469 1014 2489 mus
1029 2462 1100 2490 hanc
1120 2463 1216 2490 eduxit
1237 2471 1270 2491 ex
1292 2464 1372 2491 vulva
1388 2464 1522 2498 Virginis;
1537 2464 1583 2490 sed
1604 2472 1619 2490 ο
1634 2469 1741 2495 contra,

952 2509 1070 2536 naturali
1086 2517 1135 2536 sua
1157 2510 1336 2545 proprietate,
1352 2510 1530 2537 inhabitantis
1546 2511 1650 2537 scilicet
1667 2511 1692 2537 in
1710 2518 1741 2538 ea

951 2554 1044 2587 Verbi,
1061 2555 1172 2582 domum
1189 2556 1350 2590 spiritaliter
1364 2556 1458 2583 elicuit
1471 2556 1505 2583 de
1520 2556 1564 2583 illa
1579 2564 1639 2591 qure
1655 2557 1740 2590 ipsam

951 2605 1094 2634 genuerat.
1119 2601 1187 2629 Cum
1211 2602 1269 2637 ipsa
1293 2602 1365 2629 enim
1390 2602 1552 2636 spiritaliter
1572 2601 1690 2629 exeundi
1713 2607 1741 2628 et

951 2645 1103 2679 prodeundi
1119 2654 1168 2681 per
1179 2646 1323 2674 infractam
1340 2646 1459 2682 Virginis
1473 2648 1582 2673 vulvam
1596 2646 1670 2673 carni
1686 2654 1741 2673 sua:

950 2691 1070 2719 Verbum
1089 2692 1219 2720 virtutem
1243 2693 1373 2725 contulit;
1399 2693 1470 2720 sicut
1494 2692 1551 2727 ipse
1577 2692 1635 2718 sine
1659 2699 1741 2719 carne

949 2744 999 2770 per
1012 2744 1073 2764 eam
1086 2736 1245 2772 ingrediens
1256 2745 1312 2764 non
1328 2737 1569 2772 comprirnebatur,
1585 2737 1652 2763 Cum
1666 2737 1740 2764 enim

949 2788 998 2809 sua
1013 2782 1182 2817 benignitate
1198 2791 1227 2810 se
1246 2783 1273 2810 in
1290 2783 1428 2818 Virginem
1443 2783 1553 2815 infudit,
1570 2790 1602 2810 ex
1622 2783 1678 2817 ipsa
1695 2783 1740 2818 qui

949 2829 1009 2856 sine
1026 2836 1108 2856 carne
1123 2835 1182 2856 erat
1195 2837 1224 2856 se
1238 2829 1384 2856 carnaliter
1400 2829 1528 2856 formavit
1544 2829 1638 2856 divino
1653 2829 1744 2861 modo,
