1960 3093
244 114 311 146 1671

242 176 271 198 et
287 170 322 198 ab
338 170 396 204 ipsa
417 177 528 197 carnem
547 169 600 197 sibi
618 169 766 204 copulavit.
786 167 871 195 Silcat
892 174 959 202 ergo
973 173 1038 201 pro—
1051 168 1077 198 Α

244 217 338 244 fanum
363 223 394 243 os
414 222 537 243 vestrum
555 216 644 243 donec
667 215 826 250 aperiantur
844 213 917 241 oculi
939 212 1035 244 vestri.

243 267 283 295 ut,
299 271 360 290 cum
384 262 510 290 videritis
527 262 620 289 lumen
641 261 775 297 mysterii,
797 265 861 287 tunc
884 259 960 294 loqui
982 266 1037 285 non

242 309 338 336 inanes
359 308 518 344 pbantasias
545 307 721 335 tenebrarum
745 312 862 333 terrena:
886 304 1035 339 sapientiae,

243 355 290 382 sed
310 354 444 389 magnalia
455 354 514 385 Dei,
529 352 649 388 possitis.

873 113 1029 144 LEONTII
1049 113 1253 143 BYZANTINI

1815 113 1894 145 1672

1092 166 1189 192 ἑαυτὸν
1205 167 1244 197 εις
1272 166 1321 201 τὴν
1343 166 1482 201 Παρθένον
1508 167 1639 193 hosﬁum:
1652 175 1659 182 θ
1678 168 1724 194 καὶ
1749 168 1781 200 ὲξ
1795 169 1895 203 ,αὐτῆς

1090 212 1186 238 ἑαυτὸν
1201 212 1214 237 ὁ
1237 212 1358 247 ἄσαρκος
1379 212 1519 247 σαρκικῶς
1536 213 1693 248 ἐμόρφωσε,
1720 213 1825 246 θεῖκῶς
1846 215 1895 240 καὶ

1090 259 1141 292 τὴν
1155 259 1203 284 tim‘
1224 258 1311 292 αὐτῆς
1332 257 1423 292 σάρκα
1449 257 1532 284 αὑτοῦ
1556 257 1645 293 ὲιυτῷ
1667 260 1893 293 συμπροήγαγε’

1092 303 1243 338 φιμωθήτω
1267 301 1314 330 οὗν
1339 303 1417 338 ὑμῶν
1440 303 1470 329 τὸ
1501 303 1614 338 βέὅηλυν
1639 304 1718 340 ἄχρις
1741 304 1895 337 ἀνοιγῶσιν

1093 349 1169 384 ὑμῶν
1186 350 1210 375 οι
1237 348 1384 383 ὀφθαλμοὶ,
1406 349 1449 375 ἵνα
1473 349 1573 380 ἰδόντες
1590 350 1621 375 τὺ
1637 350 1693 384 φῶς
1716 350 1765 376 τοῦ
1783 359 1894 385 μυστη-

243 402 315 437 ρίου,
334 401 395 434 τότε
410 400 502 427 λαλεῖν
515 401 546 426 οὐ
560 401 608 432 τὰς
624 400 774 434 φαντασίας
790 399 844 426 τῶν
858 399 977 426 εἰδώλων
991 397 1038 425 τοῦ
1058 398 1171 429 σκότους
1200 397 1250 431 τῆς
1267 396 1390 429 ἐπιγείου
1412 397 1519 431 σοῳίας,
1537 397 1605 422 ἀλλά
1638 396 1672 422 τὰ
1691 397 1832 431 μεγαλεῖα
1845 396 1893 423 rm}

243 449 311 476 Θεοῦ
324 448 501 483 ἐξισχύσητε.
720 480 722 482 τ

571 504 647 532 CAP.
669 504 704 532 Χ.

278 563 308 591 Si
331 562 442 598 proprie
470 566 498 589 et
521 562 674 589 secundum
696 562 841 590 veritatem
863 561 973 597 genitus
998 564 1043 587 est

245 610 318 637 Deus
335 608 456 636 Verbum
473 616 506 635 ex
520 608 644 643 Virgine,
662 613 691 636 et
712 608 823 643 proprie
844 612 873 635 et
888 607 1041 635 secundum

244 655 388 682 veritatem
406 654 497 689 genita
523 659 566 681 est
589 661 622 681 ex
639 654 698 689 ipsa
715 662 779 681 caro
797 653 922 680 mortalis
936 657 964 681 et
980 661 1042 680 cor-

246 701 385 737 ruptibilis
408 705 435 728 et
457 701 576 728 animata
605 701 696 727 anima
722 700 850 727 rationali
877 705 905 727 et
932 699 1041 726 intelle-

245 747 341 780 ctuali,
363 746 406 773 vel
422 754 485 773 caro
503 746 668 780 prmexsistit
690 745 807 780 Virgini,
823 745 866 772 vel
883 744 955 771 Deus
971 744 1041 771 Ver-

246 792 311 820 bum
327 792 463 827 posterior
475 796 517 818 est
531 791 642 826 Virgine
658 800 665 818 :
684 791 757 826 quod
774 795 923 825 utrumque
944 790 1042 817 absur-

247 838 312 866 dum
327 842 379 865 est.
392 847 427 858 -ι-
438 837 491 865 Sed
515 845 570 864 non
587 837 739 864 secundum
761 845 844 864 unam
860 836 1041 871 eamdemque
1056 839 1080 869 Β

247 883 434 920 generationis
447 883 584 910 rationem
602 883 744 910 ambarum
762 883 844 910 unius
861 883 910 910 ﬁlii
924 883 1044 916 partium

247 929 453 964 generationem
469 937 503 956 ex
519 929 630 964 Virgine
653 937 725 960 esse.
742 936 814 963 saepe
830 936 946 955 numero
961 936 977 955 a
995 935 1046 955 no-

248 975 292 1002 bis
308 975 412 1002 dictum
435 978 487 1008 est,
507 982 523 1001 ο
548 975 665 1010 physici.
681 974 753 1002 Vere
777 978 867 1002 tamen
891 978 933 1001 est
958 977 1046 1000 mater

231 1014 401 1049 ‘secundum
429 1025 576 1055 utramque
609 1021 762 1058 rationem,
791 1025 849 1047 tum
877 1020 990 1054 quidem
1015 1019 1044 1046 in

248 1072 382 1102 (plantam
408 1067 453 1095 ille
478 1067 578 1094 habeat
601 1074 635 1094 ex
660 1074 693 1094 ea
719 1074 779 1094 esse
802 1067 962 1097 carnaliter,
985 1071 1044 1092 tum

250 1121 314 1140 vero
334 1113 361 1140 in
378 1118 512 1148 quantum
535 1113 636 1140 habeat
655 1120 717 1140 esse
739 1112 902 1147 simpliciter
920 1119 1042 1139 carnem.

251 1159 288 1186 Ita
306 1159 379 1186 enim
397 1167 452 1186 una
470 1164 557 1186 mater
578 1167 640 1187 esse
659 1159 741 1186 unius
759 1158 903 1193 utriusque
917 1158 972 1193 jam
995 1158 1045 1185 de-

250 1209 400 1232 monstrata
415 1209 466 1232 est.
483 1205 568 1240 Igitur
591 1212 656 1232 sane
679 1205 702 1232 si
718 1205 828 1239 proprie
843 1208 870 1231 et
890 1204 1043 1231 secundum

250 1251 392 1278 veritatem
417 1259 500 1278 carne
525 1251 610 1286 geniti
627 1256 691 1278 sunt
712 1250 845 1277 Zebedteo
868 1249 916 1276 filii
940 1250 1001 1284 ejus
1015 1251 1043 1275 et

252 1296 361 1331 proprie
385 1300 413 1323 et
445 1296 598 1324 secundum
624 1296 768 1324 veritatem
797 1295 951 1331 regenerati
978 1298 1043 1322 sunt

252 1342 331 1377 primi
348 1350 397 1377 per
413 1342 604 1377 Evangelium,
626 1342 678 1377 ipsi
700 1342 894 1377 prmexsistunt
911 1341 1043 1376 simplici-

252 1391 310 1418 ter;
338 1387 380 1414 vel
405 1387 463 1422 ipse
486 1388 623 1421 posterior
639 1392 680 1415 cst
704 1387 758 1415 illis
773 1396 780 1414 :
796 1395 860 1414 nam
878 1387 900 1414 si
925 1386 1042 1414 alterum

251 1432 388 1468 quoddam
402 1433 575 1466 przeexsistit.
589 1433 706 1460 alterum
725 1433 863 1467 posterius
877 1437 929 1463 est,
942 1440 958 1460 o
973 1432 1042 1459 falso

252 1478 338 1505 habiti
349 1478 500 1512 sapientesl
510 1484 538 1505 et
553 1478 654 1512 non,ita
670 1483 711 1506 est
725 1483 754 1505 ut
764 1478 867 1510 dicitis,
881 1478 925 1505 vel
934 1478 986 1505 hoc
997 1477 1040 1505 vel

252 1524 342 1551 illud:
360 1524 473 1551 omnino
506 1525 580 1551 enim
608 1525 728 1552 naturali
760 1524 941 1560 dispositione
963 1523 1046 1551 simul
1060 1516 1081 1544 (ἶ

252 1577 361 1603 unaque
377 1573 441 1595 sunt
462 1568 520 1596 haec
540 1573 568 1596 et
584 1575 747 1604 sequuntur.
763 1569 840 1602 Quod
855 1569 929 1597 enim
946 1576 1051 1604 ιιι-ωει-

252 1614 334 1646 sistit,
354 1613 514 1648 posteriori.
540 1613 594 1640 Sed
615 1619 690 1648 patet
712 1615 840 1642 eumdem
862 1614 914 1642 sub
940 1614 1050 1641 diverso

253 1664 391 1695 respectu,
411 1659 526 1687 relative
541 1660 575 1687 ad
594 1659 665 1688 ﬁlios
686 1668 752 1688 suos
767 1665 796 1688 et
817 1659 851 1687 ad
875 1664 968 1695 patres
984 1666 1050 1687 suos

254 1706 356 1733 habere
367 1706 486 1740 priorem
500 1705 579 1733 simul
592 1711 619 1733 et
633 1707 816 1741 posteriorem
829 1706 1047 1742 generationem.

580 1763 655 1793 CAP.
676 1762 722 1790 XI.

290 1821 317 1847 Si
336 1821 481 1856 progenies
494 1821 597 1853 carnis,
613 1820 757 1855 progenies
773 1824 815 1847 est
831 1820 880 1847 Dei
897 1819 1048 1848 secundum

255 1866 411 1898 veritatem,
428 1870 457 1892 et
478 1873 538 1893 esse
553 1869 596 1892 est
618 1865 699 1892 etiam
716 1865 764 1892 Dei
780 1865 931 1893 secundum
947 1865 1050 1893 verita-

256 1916 329 1945 tem;
347 1912 369 1939 si
385 1915 477 1939 autem
493 1919 554 1939 esse
575 1917 603 1939 et
620 1912 674 1939 tale
695 1919 755 1939 esse
773 1915 816 1938 est
836 1911 951 1946 impium
967 1911 1048 1938 simul

255 1963 284 1986 et
301 1957 490 1992 impossibile;
512 1965 566 1984 non
585 1965 650 1993 ergo
675 1957 820 1992 progenies
842 1957 935 1984 carnis
953 1964 1050 1992 proge-

257 2004 317 2032 nies
340 2008 382 2032 est
405 2011 515 2039 quoque
537 2004 586 2031 Dei
613 2004 765 2031 secundum
787 2003 1049 2031 vernalem—Sed

258 2052 336 2079 deest
355 2053 449 2086 primm
468 2056 566 2079 vestrae
588 2052 769 2087 propositioni
791 2052 911 2080 Verbum
927 2053 1048 2086 pariter:

258 2099 364 2133 hocque
381 2099 422 2126 vel
441 2099 475 2126 de
496 2098 631 2126 industria
647 2099 689 2125 vel
706 2097 896 2133 imprudenter
910 2097 988 2125 vobis
1006 2105 1049 2124 ra-

258 2145 454 2173 tiocinantibus
471 2145 686 2180 prmtermissum
704 2149 756 2172 est.
773 2143 801 2171 Si
815 2144 888 2171 enim
903 2145 1049 2179 progenies

257 2191 359 2224 carnis,
376 2191 523 2226 progenies
533 2192 634 2225 pariter
645 2191 693 2218 Dei
706 2195 759 2222 est,
772 2190 879 2218 scilicet
894 2191 1047 2218 secundum
1064 2197 1085 2224 ο

257 2237 381 2265 eamdem
404 2237 545 2272 progeniei
561 2237 697 2264 rationem
714 2244 768 2271 qua
782 2241 825 2264 est
846 2244 881 2263 ex
897 2236 988 2269 Patre,
1002 2244 1049 2264 ea-

259 2283 320 2311 dem
334 2283 423 2318 reipsa
436 2283 546 2317 utrique
558 2282 727 2310 concedetis.
740 2282 768 2309 Si
781 2287 872 2309 autem
888 2282 1012 2317 plurimae
1022 2286 1050 2309 et

259 2328 410 2355 secundum
428 2327 571 2355 veritatem
587 2327 667 2355 dictae
683 2328 803 2356 rationes
819 2327 959 2363 progeniei
974 2332 1048 2360 sunt,

259 2381 313 2400 non
324 2380 357 2400 ex
366 2373 442 2400 omni
455 2372 561 2400 ratione
576 2373 716 2407 progeniei
730 2377 861 2407 sequetur
870 2372 966 2400 eadem
977 2379 1050 2407 quae-

259 2419 322 2446 dam
338 2419 441 2447 sentire
457 2418 492 2446 dc
513 2419 548 2447 iis
570 2426 631 2454 quae
660 2419 907 2453 quomodocunque
923 2417 997 2453 gigni
1010 2418 1051 2445 di-

260 2469 372 2498 cuntur,
384 2473 436 2493 nec
449 2465 516 2502 illud
531 2465 610 2493 vobis
621 2465 766 2500 quisquam
779 2464 926 2496 concessit,
945 2464 1050 2492 scilicet

261 2511 422 2546 simpliciter
439 2515 467 2538 et
483 2511 564 2539 nudat
580 2511 672 2539 carnis
686 2517 795 2546 partum
815 2519 877 2538 esse
897 2515 925 2539 et
941 2515 1051 2546 partum

247 2557 328 2590 ‘Dei;
345 2557 392 2584 sed
404 2565 505 2592 neque,
519 2558 668 2592 coniuncto
681 2565 743 2585 cum
758 2564 841 2585 carne
858 2557 924 2590 Deo,
942 2562 1049 2592 partum

261 2602 310 2630 Dei
327 2610 361 2630 ex
381 2602 494 2638 Virgine
509 2603 636 2640 eumdem
657 2610 717 2630 esse
741 2603 894 2631 secundum
916 2603 1050 2631 rationem

261 2656 295 2677 ac
314 2652 424 2684 partum
445 2648 553 2681 carnis;
571 2649 617 2676 sed
635 2649 706 2676 idem
722 2649 874 2677 secundum
891 2656 1049 2682 numerum,

262 2694 380 2723 diversis
399 2698 492 2722 autem
516 2695 704 2730 generationis
725 2695 882 2723 rationibus
903 2703 968 2723 vere
986 2703 1052 2722 con-

262 2745 316 2770 stat
327 2741 479 2769 secundum
493 2741 588 2768 ambas
601 2746 714 2769 naturas
727 2742 843 2777 genitas.
859 2741 964 2769 Nomen
977 2741 1052 2769 enim

261 2787 459 2822 generationis,
471 2791 502 2814 ut
513 2792 542 2814 et
555 2795 604 2814 vos
617 2787 669 2823 ipsi
682 2787 840 2820 induxistis,
857 2787 1052 2823 homonymum

263 2835 324 2859 est:
340 2831 367 2859 in
384 2832 556 2869 homonymis
576 2838 666 2861 autem
685 2840 742 2861 non'
756 2839 799 2861 est
817 2834 880 2869 plus
893 2834 934 2862 vel
950 2834 1052 2867 minus,

1394 499 1520 526 KE'l-AA.
1561 498 1588 526 ι’.

1128 556 1160 583 Εἰ
1175 555 1279 591 κυρίως
1297 555 1343 581 καὶ
1357 554 1429 581 κατὰ
1454 554 1585 590 ἀλήθειαν
1607 555 1703 590 ὲτὲχοη
1718 556 1732 581 ὁ
1747 555 1817 587 Θεὸς
1840 556 1892 582 Λό-

1092 610 1140 636 γος
1156 603 1189 627 ὲκ
1203 602 1251 636 τῆς
1265 601 1415 636 Παρθένου,
1434 601 1481 627 καὶ
1496 601 1599 635 κυρίως
1615 601 1661 627 καὶ
1675 602 1744 627 κατὰ
1758 602 1893 637 ἀλήθειαν

1093 647 1191 683 ἐτέχθη
1207 647 1236 681 ἐξ
1267 647 1351 682 αὐτῆς
1374 648 1390 682 ὴ
1414 646 1482 682 σὰρξ
1508 647 1624 682 ἡθνητὴ
1637 647 1682 673 καὶ
1712 647 1823 683 φθαρτή
1844 650 1892 675 καὶ

1094 693 1259 729 ὲψυχωμένη
1287 694 1358 729 ψυχῇ
1388 694 1435 720 καὶ
1466 693 1561 728 λογικῇ
1590 695 1638 720 καὶ
1665 695 1757 730 νοερᾷ,
1783 694 1891 730 ἣσὰρξ

1093 739 1266 774 προῦπάρχει
1278 738 1328 773 τῆς
1343 738 1494 774 Παρθένου,
1507 738 1523 773 ἦ
1537 739 1550 765 ὁ
1562 738 1628 769 Θεὸς
1646 739 1732 773 Λόγος
1746 739 1894 775 μεθυπάρ-

1093 794 1136 820 χει
1160 785 1210 820 τῆς
1236 785 1392 819 Παρθένου·
1408 785 1477 820 ὅπερ
1493 784 1594 811 ἄτοπον
1607 785 1745 819 ἑκάτερον.
1771 785 1845 812 Ἀλλ’
1860 786 1890 812 οὐ

1094 830 1155 857 καθ’
1177 831 1225 857 ἕνα
1243 831 1346 857 καὶτὸν
1359 830 1440 856 αὐτὶν
1461 831 1509 865 τῆς
1521 832 1674 866 γεννήσεως
1689 831 1780 865 λόγον,
1800 833 1892 866 ἀμφο-

1094 876 1182 911 τέρων
1199 875 1253 902 τῶν
1267 877 1314 902 τοῦ
1326 875 1385 907 ἑνὸς
1399 875 1466 902 Υἱοῦ
1481 876 1574 911 μερῶν
1584 876 1634 911 τὴν
1647 875 1775 910 γέννησιν
1789 877 1843 911 τὴν
1859 878 1892 903 ὲκ

1095 922 1236 957 Παρθένου
1252 919 1334 954 εἶναι,
1353 921 1485 953 πολλάκις
1501 923 1567 956 ἡμῖν
1583 922 1702 957 εἴρηται,
1721 916 1744 948 ὧ
1758 922 1889 956 φυσικοί·

1097 967 1206 1002 ἀληθῶς
1235 968 1327 1002 μέντοι
1356 968 1450 1003 μήτηρ
1472 968 1532 994 ἐστὶ
1565 969 1626 994 καθ’
1644 969 1775 1003 ἑκάτερον
1793 968 1889 1002 λόγον·

1094 1014 1141 1041 τοῦ
1162 1014 1211 1049 μὲν
1230 1014 1267 1046 ὡς
1282 1014 1311 1047 ἐξ
1326 1015 1412 1049 αὐτῆς
1440 1014 1581 1050 σαρκικῶς
1603 1013 1673 1041 εἶναι
1692 1015 1869 1050 ὑπάρξαντος
1883 1024 1890 1031 ·

1094 1060 1140 1087 τοῦ
1160 1060 1189 1086 δὲ
1216 1060 1264 1087 καὶ
1291 1060 1328 1091 ὡς
1358 1060 1452 1092 ἁπλῶς
1478 1061 1580 1096 σαρκὸς
1601 1058 1672 1087 εἶναι
1696 1061 1889 1096 ὑπάρξαντος·

1094 1106 1182 1138 οὕτως
1196 1106 1250 1142 γὰρ
1279 1106 1327 1141 μία
1342 1107 1434 1142 μήτηρ
1454 1106 1513 1138 ἐνὸς
1532 1109 1579 1133 τοῦ
1596 1108 1805 1142 συναμφοτέρου
1820 1109 1888 1134 ἀνω

1094 1152 1247 1178 δέδεικται·
1263 1152 1318 1187 ἄρα.
1332 1152 1363 1188 δὴ
1378 1151 1424 1179 οὖν
1439 1153 1463 1178 εξ
1482 1152 1586 1188 κυρίως
1600 1153 1648 1180 καὶ
1662 1154 1734 1180 κατὰ
1756 1154 1891 1189 ἀλήθειαν

1094 1197 1244 1232 ἐτέχθησαν
1259 1199 1341 1233 σαρκὶ
1355 1198 1494 1233 Ζεϐεδαίῳ
1506 1199 1530 1225 οἱ
1546 1199 1599 1225 υἱοὶ
1614 1199 1708 1230 αὑτοῦ,
1723 1199 1770 1225 καὶ
1787 1199 1892 1235 κυρίως

1094 1245 1141 1270 καὶ
1153 1243 1224 1270 κατὰ
1250 1244 1379 1279 ἀλήθειαν
1407 1245 1626 1280 ἀνεγεννήοησαν
1644 1245 1750 1280 πρῶτοι
1775 1246 1822 1272 διὰ
1846 1246 1891 1272 τοῦ

1094 1289 1263 1324 Εὐαγγελιου
1286 1290 1511 1325 προῦπάρχουσιν
1535 1290 1617 1318 αὑτοῦ
1633 1290 1727 1322 ἁπλῶς
1743 1299 1750 1305 ·
1767 1291 1784 1326 ἢ
1807 1291 1890 1322 artato;

1095 1335 1268 1371 μεθυπάρχει
1282 1336 1383 1367 αὐτῶν,
1398 1336 1490 1362 καίτοι
1520 1338 1545 1363 εἰ
1564 1337 1678 1372 θάτερον
1702 1338 1891 1373 προῦπάρχει,

1094 1382 1204 1408 πάντων
1233 1381 1263 1407 τὸ
1294 1381 1389 1417 ἕτερον
1417 1381 1604 1418 μεθυπὰρχει,
1632 1382 1828 1418 δοκησίσοῳοι·
1848 1384 1893 1409 καὶ

1093 1427 1142 1462 οὐχ
1157 1426 1194 1458 ὥς
1211 1436 1279 1461 φατε
1295 1427 1311 1462 ἢ
1329 1427 1390 1454 τόδε
1412 1428 1428 1462 ἢ
1452 1427 1528 1454 τόδε·
1549 1428 1658 1460 πάντως
1672 1429 1728 1464 γὰρ
1749 1430 1783 1464 τῇ
1801 1430 1894 1464 σχέσει

1092 1472 1152 1507 ἅμα
1166 1473 1225 1499 ἐστὶ
1241 1473 1304 1500 τάδε
1320 1473 1368 1499 καὶ
1381 1473 1536 1508 παρέπεται
1548 1482 1555 1489 ·
1577 1474 1608 1500 τὸ
1621 1474 1676 1508 γὰρ
1695 1475 1890 1510 προϋπάρχον,

1100 1519 1323 1555 μεθυπάρχοντος
1353 1520 1546 1556 προῦπάρχει·
1572 1520 1641 1547 ἀλλὰ
1661 1520 1752 1554 δῆλον,
1776 1522 1814 1553 ὡς
1832 1524 1892 1549 κατ’

1101 1565 1165 1593 ἄλλο
1179 1567 1227 1592 καὶ
1256 1566 1320 1593 ἄλλο
1341 1566 1356 1592 ὁ
1377 1567 1457 1598 αὐτὸς
1484 1568 1552 1602 πρὸς
1566 1567 1630 1598 τοὺς
1652 1568 1751 1600 αὐτοὺς
1773 1569 1850 1600 υἱούς
1864 1577 1892 1594 τι

1102 1612 1183 1644 όντας
1202 1613 1285 1639 αὐτοῦ
1301 1613 1348 1640 καὶ
1364 1614 1499 1648 πατέρας,
1518 1615 1567 1648 τήν
1583 1622 1612 1640 τε
1633 1616 1816 1649 προγενεσέαν
1837 1616 1892 1650 ἔχει

1101 1658 1149 1685 καὶ
1163 1658 1399 1693 ὑστερογενεσίαν.

1397 1762 1524 1790 ΚΕΦΛΛ.
1549 1762 1594 1790 κ’.

1136 1817 1168 1844 Εἰ
1182 1817 1261 1849 τόκος
1276 1818 1290 1844 ό
1304 1817 1355 1852 τῆς
1369 1818 1480 1853 σαρκὸς,
1496 1818 1574 1849 τόκος
1589 1817 1637 1844 τοῦ
1650 1817 1719 1845 Θεοῦ
1735 1819 1808 1845 κατὰ
1829 1820 1895 1853 ἁλή-

1100 1862 1187 1895 θειαν,
1207 1863 1255 1889 καὶ
1267 1862 1297 1889 τὸ
1309 1860 1380 1889 εἶναι
1394 1865 1453 1889 ἐστι
1469 1863 1542 1889 κατὰ
1556 1863 1686 1898 ἀλήθειαν
1700 1863 1747 1890 τοῦ
1766 1864 1836 1890 Θεοῦ
1852 1874 1859 1880 ·
1871 1866 1894 1891 ει

1099 1909 1169 1935 δὲτὸ
1188 1907 1320 1935 εἶναικαὶ
1339 1909 1369 1935 τὸ
1384 1908 1483 1935 τοιόνδε
1511 1906 1582 1935 εἶναι
1605 1909 1685 1936 τοῦτο
1709 1910 1808 1942 ἀσεϐὲς
1826 1910 1892 1945 ὁμοῦ

1100 1956 1148 1981 καὶ
1166 1956 1318 1991 ἀμήχανον,
1335 1955 1384 1981 οὐκ
1399 1955 1453 1990 ἄρα.
1476 1956 1490 1981 ό
1515 1955 1595 1986 τόκος
1609 1955 1659 1989 τῆς
1685 1956 1799 1991 σαρκὸς,
1816 1957 1894 1987 τόκος

1099 2001 1158 2027 ἐστὶ
1179 2002 1250 2028 κατὰ
1276 2001 1405 2036 ἀλήθειαν
1439 2000 1487 2028 τοῦ
1512 2001 1592 2027 Θεοῦ.
1626 2001 1707 2028 Ἀλλὰ
1739 2002 1831 2029 λείπει
1861 2004 1892 2038 τῇ

1100 2047 1196 2083 πρώτῃ
1214 2046 1290 2082 ὑμῶν
1309 2047 1441 2082 προτάσει
1453 2047 1484 2072 τὸ
1498 2047 1641 2080 ὡσαύτως
1652 2047 1720 2074 ἐστί
1733 2056 1740 2063 ·
1757 2048 1893 2075 καὶτοῦτο

1099 2093 1115 2128 ἢ
1128 2092 1223 2124 δεινῶς
1238 2092 1254 2127 ἢ
1269 2092 1383 2127 ἀμαθῶς
1400 2092 1476 2126 ὑμῶν
1486 2092 1686 2126 διαλεγομένων
1701 2093 1892 2128 παρεώραται.

1100 2139 1132 2164 Et
1150 2138 1204 2174 γὰρ
1217 2139 1231 2164 ό
1247 2138 1325 2170 τόκος
1337 2140 1386 2173 τῆς
1398 2138 1510 2173 σαρκὸς,
1532 2139 1613 2170 τόκος
1637 2138 1684 2165 τοῦ
1709 2139 1779 2166 Θεοῦ
1794 2141 1892 2167 dio-uti.

1101 2192 1158 2216 τως
1169 2185 1254 2216 ἐστὶν,
1269 2185 1353 2220 ἤγουν
1369 2185 1439 2212 κατὰ
1463 2184 1509 2210 τὸν
1535 2185 1617 2212 αὐτὸν
1641 2185 1689 2211 τοῦ
1707 2186 1791 2212 τόκου
1806 2187 1891 2219 Λόγον

1100 2232 1146 2257 τὸν
1157 2232 1188 2257 ὲκ
1198 2231 1315 2266 Πατρὺς,
1329 2232 1363 2258 τὰ
1377 2231 1446 2259 αὐτὰ
1457 2231 1541 2263 ὄντως
1555 2232 1721 2267 ἀμφοτέροις
1733 2241 1767 2267 χα
1773 2232 1888 2268 ρίσεσθε.

1100 2278 1131 2304 Et
1145 2277 1173 2304 δὲ
1190 2277 1283 2304 πολλοι
1299 2286 1330 2304 τε
1357 2279 1404 2304 καὶ
1421 2278 1482 2305 κατ’
1505 2278 1636 2314 ἀλήθειαν
1658 2278 1802 2313 λεγόμενοι
1820 2279 1890 2312 λόγοι

1100 2324 1180 2350 τόκου
1194 2325 1272 2354 εἰσὶν,
1291 2325 1321 2351 οὺ
1333 2325 1367 2350 τὰ
1382 2325 1450 2351 αὐτὰ
1462 2327 1494 2351 ὲκ
1509 2325 1608 2356 παντὸς
1623 2325 1710 2359 Λόγου
1729 2325 1811 2353 τόκου
1831 2325 1890 2360 ἐψε-

1100 2379 1145 2397 ται
1162 2372 1232 2397 νοεῖν
1247 2379 1319 2403 τινα,
1336 2371 1382 2397 ἐπὶ
1408 2372 1466 2403 τοῖς
1481 2372 1606 2398 ὁπωσοῦν
1632 2371 1763 2407 τεχθῆναι
1775 2372 1889 2407 λεγομέ-

1100 2424 1156 2446 νοις
1171 2423 1177 2429 ·
1195 2414 1257 2442 οὗτε
1269 2416 1297 2442 δὲ
1312 2415 1392 2442 τοῦτο
1407 2416 1472 2451 ὑμῖν
1487 2425 1528 2448 τις
1542 2417 1659 2443 δέδωκεν
1676 2417 1716 2444 ὃτι
1737 2418 1832 2450 ἁπλῶς
1846 2418 1889 2444 καὶ

1100 2462 1208 2496 γυμνῆς
1232 2461 1333 2497 σαρκὸς
1354 2463 1444 2494 τόκος,
1470 2459 1548 2493 οὗτος
1573 2463 1621 2490 καὶ
1636 2463 1714 2495 τόκος
1731 2464 1800 2490 Θεοῦ
1822 2465 1887 2496 ἐστι,

1101 2508 1159 2534 ἀλλ’
1174 2508 1236 2535 οὔτε
1250 2509 1290 2536 ὃτι
1306 2509 1481 2544 συνημμένου
1502 2510 1534 2545 τῇ
1559 2510 1642 2544 σαρκὶ
1659 2509 1707 2536 τοῦ
1721 2509 1803 2541 Θεοῦ,
1818 2511 1887 2544 ὅμως

1101 2558 1115 2582 ό
1129 2549 1213 2587 αὐτός’
1226 2557 1282 2582 ἐστι
1301 2555 1372 2582 κατὰ
1399 2555 1445 2581 τὸν
1460 2555 1539 2589 λόγον
1559 2557 1574 2582 ό
1589 2555 1668 2588 τόκος
1679 2555 1728 2582 τοῦ
1741 2555 1811 2582 Θεοῦ
1828 2557 1842 2583 ό
1859 2557 1888 2582 ὲκ

1102 2601 1240 2637 Παρθένου
1256 2601 1295 2637 τῷ
1308 2602 1381 2637 τόκῳ
1393 2603 1442 2637 τῆς
1457 2601 1558 2636 σαρκός
1587 2611 1594 2617 ·
1604 2602 1662 2628 ἀλλ’
1674 2602 1688 2628 ό
1714 2602 1797 2634 αὐτὸς
1822 2603 1889 2629 κατὰ

1102 2648 1227 2684 ἀριθμὸν,
1255 2649 1284 2675 ὲν
1312 2648 1449 2683 διαφόροις
1471 2647 1500 2674 δὲ
1523 2648 1613 2683 λόγοις
1647 2649 1802 2684 γεννήσεως
1828 2649 1889 2684 ἁλη-

1103 2693 1156 2725 θῶς
1175 2694 1235 2720 κατ’
1259 2694 1342 2728 ἄμφω
1373 2693 1509 2726 συνεστὼς
1534 2694 1583 2725 τὰς
1613 2694 1757 2729 τεχθείσας
1786 2695 1887 2729 φύσεις.

1103 2740 1139 2767 Τὸ
1156 2740 1210 2776 γὰρ
1230 2741 1280 2776 τῆς
1303 2741 1459 2777 γεννήσεως
1476 2741 1573 2777 ὄνομα,
1589 2741 1627 2773 ὡς
1660 2741 1709 2768 καὶ
1731 2742 1813 2777 ὑμεῖς
1826 2751 1890 2777 παρ-

1103 2787 1233 2822 ηγάγετε,
1249 2787 1408 2823 ὁμώνυμον
1425 2789 1455 2815 ὲν
1481 2787 1510 2814 δὲ
1534 2789 1591 2819 τοῖς
1617 2788 1777 2824 ὁμωνύμως
1801 2789 1832 2816 τὸ
1845 2789 1890 2824 μὲν

1106 2833 1206 2868 μᾶλλον
1222 2832 1301 2868 εἶναι,
1314 2835 1344 2861 τδ
1359 2835 1386 2861 δέ
1408 2843 1434 2861 τι
1459 2835 1506 2861 καὶ
1522 2831 1614 2870 ἧττον,
1646 2835 1698 2862 οὐκ
1724 2835 1800 2862 ἔστιν
1813 2844 1820 2852 ι
1837 2835 1891 2862 om
