1960 3093
119 157 184 190 169!

595 167 794 198 ADV’ERSUS
813 168 1086 202 NESTORIANOS.
1103 173 1220 204 ~LIB.
1242 174 1290 206 IV.

1676 180 1754 213 1082"

114 220 222 252 λέγεται
239 222 317 256 ἴσμεν
330 231 336 254 ;
347 223 379 250 Εἰ
395 224 449 260 γὰρ
465 226 544 260 μόνον
559 227 590 253 ἑκ
606 227 654 261 τῆς
667 227 714 255 τοῦ
727 226 798 256 εῖναι
817 230 885 256 αἰτία

938 230 1077 259 ιουηάιιῐη
1093 232 1168 267 quod
1200 233 1313 266 dicitur,
1327 234 1450 262 scimus?
1469 235 1496 263 Si
1521 237 1596 264 enim
1625 243 1742 266 tantum-

70 292 73 294 _
117 266 162 299 τὴν
179 267 289 302 υῐότητα
304 269 405 296 τούτων
421 272 567 306 γνωρίζετε
587 272 668 305 εἶναι,
686 274 761 301 Errat
780 275 851 310 ὑμᾶς
876 277 906 308 ἐξ

114 312 237 347 ὲνάγκης
252 314 384 348 δοξάζειν,
405 317 442 348 ὡς
461 318 561 350 Ἰοὺδας
576 328 604 346 τε
619 320 664 346 καὶ
679 322 692 347 ὁ
708 321 831 354 διάϐολος
845 324 905 349 ἐπεὶ

115 357 165 382 uid:
189 357 314 391 λέγονται
343 361 489 394 ἀπωλεέας,
507 364 572 398 παρ’
588 365 673 399 αὐτῆς
707 367 753 392 καὶ
777 368 807 393 τὸ
834 365 903 394 εἶναι

114 402 219 430 ἔλαϐον·
229 406 253 431 εἰ
264 405 291 431 δὲ
302 407 346 432 καὶ
360 407 438 441 ὑμεῖς
453 418 530 442 φατε,
540 410 580 436 ὃτι
592 410 621 436 τὸ
637 411 687 444 μὲν
698 409 768 438 εἶναι
781 413 903 445 ὁῚούδας

117 449 166 475 καὶ
200 451 224 476 οἱ
251 451 339 478 λοιποὶ
355 454 380 480 0!
401 454 461 480 κατ’
475 455 556 481 αὐτὸν
580 456 612 482 ἐκ
625 456 691 483 θεοῦ
707 457 785 492 ἔσχον
805 466 811 472 ·
829 460 858 485 τὸ
876 459 903 486 δὲ

114 494 224 521 τοιῶεδε
240 494 322 529 εἶναι,
334 497 383 524 οὐκ
397 498 476 534 ἔσχον
489 500 520 526 ἐκ
533 500 601 526 Θεοῦ
616 510 621 515 ·
641 502 707 527 mat
724 503 850 536 λέγονταί
862 512 902 530 τι-

114 547 159 572 νες
171 541 225 567 υἱοὶ
241 543 354 574 σκότους
370 545 415 570 καὶ
433 546 556 580 κατάρας
571 547 603 581 τῇ
622 547 761 583 ὁμωνύμῳ
777 548 880 583 υἱὸτητι
894 569 900 580 ,

111 586 174 611 καθ’
191 587 311 622 ἑκάτεροι
334 588 498 622 διεγνώκατε
529 590 692 626 λεγομένους
719 593 793 624 υἱούς
806 601 812 607 ⁸
830 594 858 619 ἐν
873 594 901 620 δὲ

109 632 166 662 τοῖς
189 633 356 667 ὀμωνύμοις,
371 634 447 660 οὐδὲν
474 635 575 669 μᾶλλον
600 637 647 663 τοῦ
678 638 772 673 ἐτέρου
797 640 901 674 κυρὲιυς

109 676 266 710 ὡνόμαστλι
280 686 286 692 ·
299 678 365 704 οἵτε
380 679 434 714 γὰρ
446 680 526 706 πάλιν
539 681 570 707 ἐκ
590 683 736 716 μετινοὶας
751 684 819 719 πρὸς
830 686 896 720 ἀρέ-

112 721 161 755 τὴν
176 722 222 748 mi.
237 723 281 750 διὰ
298 724 415 756 πίστεως
435 725 473 760 τῷ
489 726 628 761 Πνεύματι
648 729 894 764 ἁναγεννηῢέντες,

109 767 161 792 υἱοὶ
179 768 333 802 Νυμφῶνος
349 772 395 797 καὶ
409 771 491 798 τέκνα
505 772 644 806 βασιλείας
666 775 711 800 καὶ
731 775 764 802 τὰ
785 777 897 804 τοιαῦτα

107 815 154 841 καὶ
173 815 237 850 ὑμῖν
253 816 452 852 ὡμολόγηνται.

140 907 196 934 Καὶ
220 908 279 939 πῶς
299 909 329 935 οὐ
350 910 484 938 δεδώκατε
503 913 533 939 τὸ
549 913 716 950 ζητούμενον
737 917 819 952 ήμίν;
839 917 894 944 ἰδοὺ

104 953 158 987 γὰρ
172 953 202 979 τὸ
220 955 330 981 τοιῶσδε
343 953 424 988 εἶναι,
439 959 484 984 καὶ
497 960 601 986 cumbas
612 970 684 993 τινος
700 963 892 998 μετειληφέναι

103 999 174 1030 τινὰ,
195 999 324 1032 πολλάκις
346 1002 394 1036 μὲν
412 1005 542 1037 ἑνουςίου,
560 1006 690 1039 πελλάκις
716 1009 743 1036 δὲ
775 1011 821 1036 καὶ
844 1011 891 1037 ἅν-

102 1047 254 1072 υποστάτου
269 1048 351 1080 τινος,
372 1049 430 1076 υἱὸν
444 1051 521 1077 τοῦδε
537 1052 645 1088 ἀληθῶς
669 1051 738 1080 εἶναι
752 1056 798 1082 καὶ
813 1056 892 1090 λέγε-

103 1091 165 1117 σῦῡι
181 1092 262 1118 ait?»
279 1095 369 1120 ποιεῖ·
386 1096 414 1121 ἐν
431 1097 483 1130 γὶιρ
498 1098 554 1128 τοῖς
577 1098 745 1133 ὁμωνύμως,
760 1100 797 1132 ὡς
815 1101 893 1136 εἴρη-

101 1144 155 1162 ua.
174 1137 224 1162 οὐκ
249 1137 320 1164 ἔστιν
337 1138 430 1174 ἕτερον
455 1140 548 1176 ἐτέρου
576 1142 675 1176 μᾶλλον
691 1143 707 1178 ἢ
724 1144 892 1181 κυριώτερον

101 1179 264 1216 λεξάμενον·
282 1184 306 1209 εὶ
330 1184 385 1219 γὰρ
409 1185 456 1211 καὶ
475 1187 505 1212 τὸ
531 1187 601 1219 ζῶον
623 1188 670 1215 τοῦ
695 1179 890 1225 γεγραμμένου

103 1227 202 1260 istm
228 1228 311 1260 δοκεῖ,
342 1231 387 1256 καὶ
411 1233 586 1267 κυριωτέρως
613 1234 673 1260 τόδε
697 1244 723 1261 τι
751 1236 889 1270 λέγεσθαι,

101 1273 219 1309 ἀλλὀὐχ
242 1275 279 1306 ὡς
309 1277 454 1313 ὁμώνυμον
479 1278 563 1310 τότε,
592 1280 702 1313 ἀλλ’ὡς
730 1282 760 1308 οὐ
787 1284 890 1319 κυρίως

100 1317 294 1354 ὠνομασμένον
305 1321 335 1347 τὸ
346 1322 448 1357 κυρίως
461 1323 612 1358 ὀνομασθέν
626 1333 632 1339 ·
651 1325 697 1352 δύο
709 1327 775 1360 γοῦν
786 1317 889 1362 κυρίως

99 1363 303 1400 ὠνομασμένων
317 1368 332 1402 ἡ
352 1369 497 1403 ὁμωνυμία
522 1371 572 1406 οὐχ
597 1371 652 1404 ἕξει
665 1373 731 1399 ποτὲ
744 1373 774 1399 τὸ
789 1374 888 1408 μᾶλλον

99 1411 146 1437 καὶ
158 1409 255 1447 ἦττον·
271 1413 301 1439 οὗ
317 1414 371 1449 γὰρ
388 1415 487 1448 μᾶλλον
504 1416 577 1442 κύων
590 1419 603 1443 ὸ
618 1420 746 1454 χερσαῖος
772 1419 788 1455 ἢ
807 1421 821 1446 ὁ
839 1421 887 1448 0a-

98 1457 214 1490 ὶάττιος,
229 1455 310 1494 ἦττον
325 1458 392 1490 ζῶον
403 1460 418 1495 ἧ
430 1460 512 1489 κύων.
525 1462 561 1489 Τὸ
575 1466 768 1499 γεγραμμένον
779 1465 835 1498 οὖν,
849 1466 888 1499 ὡς

99 1503 185 1530 αἴτιον
202 1504 217 1540 ἢ
235 1505 410 1540 παράδειγμα.
428 1507 444 1542 ἦ
460 1515 488 1533 τι
507 1508 628 1535 τοιοῦτον
644 1510 676 1536 τὸ
692 1511 792 1545 μᾶλλον
807 1512 864 1546 ἔχει
879 1521 885 1528 ·

98 1550 185 1582 ἄλλως
197 1559 225 1577 τε
237 1552 261 1578 εἰ
274 1552 322 1578 τοῦ
336 1550 406 1579 εἶναι
422 1553 504 1580 αὑτοῦ
520 1554 608 1581 αἴτιον
624 1555 693 1583 εἶναι
705 1557 746 1583 δεῖ
758 1558 804 1584 τὸν
818 1559 886 1594 ἀλη-

97 1596 150 1627 θῶς
171 1596 316 1632 λεγόμενον
339 1600 428 1624 τεκεῖν
453 1599 551 1632 πάντα,
566 1600 652 1633 οὐδεὶς
667 1601 810 1638 ἄνθρωπος
836 1589 886 1631 ἀνι
900 1589 920 1615 C

96 1642 207 1676 θρώπου
219 1645 328 1678 πατήρ·
345 1645 405 1671 οὐδὲ
418 1645 513 1679 ἕτερον
530 1646 598 1676 ζῶον
617 1647 685 1679 ζῶον
703 1648 795 1684 ἕτερον
810 1650 886 1676 τέτο-

95 1695 126 1712 κε
138 1694 145 1700 ·
159 1687 248 1722 ψυχὴν
265 1688 318 1722 γὰρ
333 1690 461 1725 νοητικὴν
476 1690 492 1724 ἢ
510 1691 682 1727 αἰσθητικὴν,
694 1694 744 1720 οὐκ
766 1694 823 1729 ἔχει
851 1695 886 1722 τὰ

96 1732 262 1767 σπέρματα·
280 1734 346 1761 ἀλλὰ
376 1736 446 1770 μετὰ
473 1736 523 1772 τὴν
547 1738 688 1772 μόρφωσιν
708 1740 755 1766 καὶ
779 1740 885 1768 τελείαν

94 1777 272 1810 διορτάνωσιν
304 1779 351 1806 τοῦ
384 1780 489 1816 ἀψύχου
517 1782 660 1816 ὲμϐρύου,
684 1784 817 1820 ψυχοῦται
853 1787 884 1813 τὸ

94 1822 164 1852 ζῶον
179 1823 216 1857 (6)
230 1823 276 1850 καὶ
291 1824 408 1858 μάλιστα
419 1825 562 1860 ἄνθρωπος
579 1828 631 1854 ὑπὸ
644 1829 692 1856 τοῦ
720 1830 884 1863 πλάττοντος

93 1868 204 1902 πνεῦμα
235 1869 382 1904 ἀνθρώπου
408 1871 438 1897 ἐν
464 1871 540 1907 αὐτῷ
569 1873 637 1900 Θεοῦ
655 1881 662 1888 ”
677 1874 716 1901 διὸ
741 1876 787 1902 καὶ
799 1876 882 1910 φονέα

93 1911 175 1944 ζώου,
195 1913 244 1948 τὴν
268 1914 338 1948 μετὰ
359 1915 408 1950 τὴν
423 1915 610 1951 διαμόρφωσιν
630 1918 716 1945 αἴτιον
730 1921 779 1954 τῆς
795 1920 883 1955 ἐξαμ-

92 1957 228 1990 ὁλώσεως,
243 1960 329 1994 κρίνει
343 1961 356 1986 ό
373 1960 445 1993 θεῖος
463 1962 544 1997 νόμος
556 1971 563 1980 ·
584 1963 637 1999 ἄρα
651 1962 698 1991 οὖν
718 1966 880 2001 σαρκοτόκοι

93 2002 172 2037 μόνον
188 2004 235 2030 καὶ
252 2004 370 2039 μάλιστα
385 2007 410 2033 οἱ
429 2008 546 2040 πατέρες
561 2016 568 2023 ·
586 2010 674 2042 οὐδεὶς
694 2011 722 2037 δὲ
738 2012 881 2047 ἀνθρωπο-

91 2048 168 2080 τόκος
185 2049 246 2076 καθ’
262 2051 334 2085 ὑμᾶς
347 2052 420 2079 ἐστιν
432 2061 439 2068 ·
457 2053 528 2081 οὕτω
540 2055 568 2082 δὲ
585 2056 645 2082 ἐπεὶ
662 2057 706 2092 ῥεῖ
718 2057 880 2094 καθημέραν

91 2095 137 2120 καὶ
152 2095 295 2129 ἀμείϐεται
310 2097 339 2123 τὸ
352 2098 442 2134 σῶμα,
456 2100 504 2126 καὶ
520 2100 578 2127 οὐδὲ
590 2103 618 2128 ἐν
628 2103 667 2138 τῷ
684 2102 790 2138 σώματι
804 2105 880 2133 ἔσται

89 2146 130 2169 τις
161 2141 243 2174 μοῖρα
265 2141 303 2176 τῷ
330 2142 418 2178 χρόνῳ
433 2144 487 2170 τῶν
507 2145 619 2178 γονέων,
637 2147 698 2173 οὐδὲ
711 2149 762 2183 τῆς
777 2151 879 2185 σαρκὸς

89 2183 144 2211 εἷεν
174 2187 314 2222 πατέρες·
344 2190 412 2217 ἀλλὰ
441 2192 488 2218 καὶ
518 2193 608 2228 γέρων
633 2195 647 2221 ὁ
669 2195 763 2223 Ἰσαὰκ
787 2183 876 2234 πάντη

87 2231 183 2267 ἐξέστη
213 2233 260 2260 τοῦ
288 2233 357 2261 εἶναι
377 2236 434 2269 υἱὸς
460 2237 586 2274 ’Λῦραὰμ
602 2241 650 2267 καὶ
664 2241 688 2267 οἱ
701 2242 789 2269 λοιποί
802 2251 808 2258 ·
829 2231 876 2270 καί

86 2278 146 2310 ne);
161 2279 268 2314 εἴρηται
292 2280 345 2307 ὑπὸ
366 2282 414 2309 τοῦ
430 2283 509 2310 Θεοῦ’
529 2294 538 2311 ι
560 2286 595 2313 Σὺ
608 2286 636 2313 δὲ
657 2288 794 2325 ἀπελεύσῃ
810 2291 878 2326 πρὸς

85 2326 150 2357 τοὺς
167 2327 290 2362 πατέρας
307 2337 365 2362 σου,
386 2332 500 2365 τραφεὶς
513 2333 542 2358 ἐν
553 2334 632 2369 γήρει
649 2336 738 2371 καλῷ;
760 2347 770 2364 ι
793 2339 875 2366 Ἀλλὰ

86 2372 172 2398 ταῦτα
186 2373 308 2409 πρόδηλοι
323 2376 410 2408 ἄτοπα
421 2385 428 2393 δ
443 2378 489 2404 καὶ
507 2378 561 2412 γὰρ
581 2380 662 2412 αὐτὸς
679 2383 693 2408 6
714 2383 876 2417 ’Λπόστολος

85 2417 171 2451 λέγων
188 2420 251 2451 τοὺς
275 2421 324 2455 μὲν
342 2420 412 2450 εἶναι
428 2424 478 2458 τῆς
499 2425 601 2460 σαρκὸς
613 2428 744 2463 πατέρας,
762 2430 808 2462 οὓς
827 2431 874 2458 καὶ

82 2464 200 2499 ἔσχομεν
214 2467 358 2499 παιδευτάς
371 2477 378 2485 ·
394 2470 440 2496 καὶ
454 2470 500 2497 τὸν
513 2471 580 2498 Θεὸν
593 2472 679 2507 λέγων
693 2475 803 2512 Πατέρα
818 2477 872 2505 τῶν

82 2510 246 2543 πνευμάτων
260 2510 328 2539 εἶναι
341 2514 431 2548 μόνον,
443 2516 524 2548 αὑτός
537 2526 603 2552 φησι
620 2520 726 2557 μητέρα
739 2510 871 2556 Τιμοθέου

83 2555 213 2590 Εὑνίκην,
227 2557 274 2583 καὶ
287 2559 316 2585 οὐ
335 2560 384 2594 τῆς
400 2562 501 2597 σαρκὸς
517 2555 662 2598 Τιμοθέου.
672 2567 752 2601 μόνον
764 2555 869 2603 (δῆλον

80 2598 127 2626 οὖν
139 2600 176 2632 ὡς
187 2602 305 2636 ἀληθῶς,
319 2605 343 2631 εὶ
360 2607 406 2632 καὶ
423 2607 459 2642 μὴ
471 2608 500 2634 τὸ
515 2606 585 2636 εἶναι
601 2598 784 2647 αὐτὸ-ἁπλῶς,
802 2598 870 2642 diu

80 2645 110 2671 τὸ
130 2647 304 2682 σαρκωθῆναι
334 2651 381 2676 καὶ
414 2655 626 2688 βεσορκωμένος
650 2655 721 2684 εἶναι
739 2660 752 2685 ὁ
781 2660 868 2694 Λόγος

80 2691 160 2725 ἔσχεν
176 2693 207 2720 ὲκ
219 2695 268 2729 τῆς
280 2696 361 2729 ἁγίας
378 2698 527 2733 Παρθένου,
542 2701 606 2733 Υἱός
620 2711 649 2729 τε
664 2703 772 2738 ἀλῃθῶς
783 2691 868 2742 ato-Ir);

79 2738 159 2763 ἐστι*
176 2739 223 2765 καὶ
256 2741 388 2776 νεώτερος
413 2744 516 2780 ταύτης
543 2747 572 2773 ἐν
598 2748 637 2784 τῷ
659 2751 772 2777 τοιῶσδε
784 2749 865 2785 εἶναι,

79 2781 164 2815 ἤγουν
186 2783 312 2817 σύνθετος
331 2788 360 2820 ἐξ
384 2789 481 2824 ἁπλοῦ,
506 2793 554 2818 καὶ
577 2797 812 2830 σεσωμκωμένος
839 2799 868 2832 ἐξ

79 2827 226 2861 ἀσωμάτου)
238 2825 308 2864 pavr,
315 2840 398 2861 πται.

115 2879 129 2894 ι
144 2873 209 2902 Gen.
231 2884 274 2910 .w,
294 2877 335 2906 15.

955 276 1036 303 modo
1051 285 1085 304 ex
1097 285 1242 306 causasua:
1250 280 1416 308 exsistcntia
1427 281 1528 309 habere
1538 282 1604 310 istos
1616 291 1693 311 suam
1711 285 1744 311 li-

953 322 1095 350 liationem
1112 323 1223 356 ducitis,
1241 327 1395 354 necessario
1411 327 1488 354 vobis
1500 329 1676 357 sentiendum
1690 331 1745 358 erit

953 372 981 395 et
996 369 1094 396 Judam
1110 374 1137 397 et
1150 370 1302 403 diabolum,
1321 373 1385 406 quia
1401 373 1532 401 dicuntur
1547 375 1594 402 lilii
1612 377 1750 411 perditio-

953 414 1006 446 nis,
1024 415 1058 442 ab
1072 415 1130 450 ipsa
1148 423 1259 451 quoque
1277 417 1464 446 exsistentiam
1480 422 1635 456 acevpisse;
1649 423 1714 454 dum
1727 431 1743 450 e

953 465 1049 487 contra
1072 465 1100 487 et
1116 469 1165 489 vos
1179 462 1272 490 dicitis
1288 471 1348 491 esse
1370 465 1482 499 quidem
1502 474 1582 494 suum
1602 467 1699 496 Judam
1715 474 1743 497 et

953 506 1022 533 alios
1045 507 1197 535 secundum
1217 516 1294 541 eum,
1318 517 1333 536 a
1356 510 1412 538 Deo
1437 511 1556 546 habere;
1573 522 1634 542 esse
1649 521 1741 544 autem

954 551 1022 579 tales
1039 552 1092 580 hoc
1103 561 1136 580 ex
1149 553 1205 581 Deo
1221 561 1276 581 non
1289 555 1402 584 habere.
1419 557 1448 584 ln
1461 562 1595 592 quantum
1610 560 1742 594 dicuntur

952 597 1064 632 quidam
1090 599 1137 626 filii
1161 601 1338 628 tenebrarum
1365 607 1394 630 et
1418 603 1620 633 maledictionis
1645 606 1741 634 homo-

952 651 1033 678 nyma
1048 644 1189 675 ﬁliatione.
1205 645 1256 674 bos
1273 647 1424 675 secundum
1440 653 1588 684 utrumque
1601 651 1654 678 dici
1670 651 1742 682 filios

952 690 1112 724 agnovistis.
1139 692 1169 719 In
1193 693 1368 730 homonymis
1390 701 1481 724 autem
1502 702 1630 726 neutrum
1653 700 1740 728 altero

952 736 1099 770 specialius
1120 738 1324 768 denominatur.
1344 741 1395 774 Qui
1415 743 1488 770 enim
1503 744 1602 772 iterum
1618 753 1668 780 per
1684 755 1740 781 pta-

951 781 1094 809 nitentiam
1107 784 1140 810 ad
1150 784 1293 819 virtutem,
1302 791 1330 814 et
1341 795 1389 822 per
1398 787 1478 816 ﬁdem
1489 790 1518 817 in
1534 790 1666 826 Spit-itum
1678 800 1740 820 san-

956 832 1030 854 ctum
1058 831 1210 863 regenerati
1240 837 1303 860 sunt
1318 853 1326 867 ,
1341 833 1390 862 ﬁlii
1421 835 1529 870 Sponsi,
1544 842 1572 865 et
1587 837 1633 865 lilii
1651 839 1737 874 regni,

952 877 980 898 et
991 873 1042 901 alia
1055 875 1165 908 similia,
1184 882 1211 903 et
1230 885 1245 905 a
1262 879 1341 908 vobis
1360 880 1426 915 ipsis
1439 882 1523 917 agniti
1537 888 1611 911 sunt.

914 921 934 949 Β
986 920 1017 948 Et
1040 924 1179 958 quomodo
1202 933 1258 953 non
1277 929 1452 957 concessistis
1465 931 1538 965 quod
1552 940 1602 960 nos
1617 935 1738 968 postula-

944 968 1027 995 mus?
1043 969 1113 997 Ecce
1128 971 1201 998 enim
1217 974 1364 1007 quemdam
1378 983 1438 1003 esse
1459 977 1505 1004 tali
1524 979 1616 1011 modo,
1632 985 1659 1007 et
1675 989 1741 1015 par-7

946 1014 1059 1049 ticipare
1083 1024 1116 1043 ex
1136 1017 1228 1052 aliquo
1249 1020 1295 1047 tali
1318 1028 1389 1056 saepe
1412 1023 1524 1057 quidem
1547 1014 1734 1060 substantiali,

944 1068 1016 1096 saepe
1033 1069 1099 1089 vero
1114 1071 1169 1091 non
1186 1065 1373 1101 substantiali,
1390 1068 1456 1097 facit
1471 1074 1501 1097 ut
1515 1079 1580 1099 vere
1595 1072 1668 1100 filius
1683 1074 1735 1102 hu—

940 1107 986 1141 jus
1002 1107 1038 1134 sit
1051 1112 1078 1135 et
1092 1109 1211 1139 dicatur.
1224 1112 1292 1139 Nam
1306 1113 1334 1140 in
1354 1113 1538 1151 homonymis,
1562 1123 1592 1146 ut
1615 1120 1670 1154 jam
1693 1121 1736 1148 di-

942 1156 1017 1180 ctum
1037 1159 1089 1187 est,
1103 1161 1234 1184 neutrum
1250 1163 1292 1186 est
1315 1159 1401 1187 altero
1416 1162 1503 1196 magis
1523 1164 1564 1190 vel
1586 1166 1734 1199 specialius

942 1198 1160 1228 denominalum.
1175 1202 1203 1230 Si
1219 1203 1292 1231 enim
1311 1206 1411 1233 animal
1429 1207 1538 1235 videtur
1555 1210 1659 1244 aliquid
1677 1212 1733 1240 diei

941 1245 1027 1280 magis
1040 1250 1087 1274 aut
1100 1248 1246 1282 specialius
1260 1259 1341 1285 quam
1356 1257 1398 1279 est
1413 1253 1586 1289 inscriptum,
1602 1258 1658 1292 jam
1676 1267 1731 1286 non

941 1294 982 1317 est
992 1295 1120 1326 tanquam
1130 1293 1338 1331 homonymum,
1349 1298 1396 1324 sed
1411 1303 1539 1333 tanquam
1556 1303 1668 1336 proprie
1682 1303 1732 1331 de-

940 1337 1122 1370 nominatutn,
1131 1340 1217 1368 altero
1226 1349 1280 1368 non
1288 1344 1402 1378 proprie
1413 1344 1599 1374 denominato.
1611 1349 1731 1377 Duorum

941 1380 1026 1416 igitur
1044 1385 1154 1418 proprie
1178 1387 1384 1416 nominatorum
1399 1389 1575 1427 homonymia
1589 1402 1731 1430 nunquam

940 1425 1054 1454 habebit
1061 1428 1121 1463 plus
1127 1433 1174 1457 aut
1181 1431 1280 1459 minus.
1292 1433 1352 1461 Non
1362 1435 1435 1462 enim
1445 1438 1520 1464 canis
1530 1441 1731 1468 terrestrisma-

939 1473 982 1508 gis
998 1478 1040 1501 est
1054 1475 1130 1502 canis
1144 1484 1225 1510 quam
1235 1479 1312 1506 canis
1324 1481 1457 1514 marinus,
1469 1490 1558 1517 neque
1570 1486 1661 1513 minus
1672 1488 1732 1515 ani-

939 1519 993 1545 mal
1003 1528 1084 1554 quam
1093 1522 1180 1549 canis.
1191 1523 1275 1558 Igitur
1285 1525 1492 1555 denominatum
1506 1534 1633 1565 tanquam
1647 1541 1730 1562 causa

939 1569 986 1591 aut
1000 1567 1139 1601 exemplar
1155 1573 1203 1595 aut
1224 1570 1327 1604 aliquid
1339 1571 1441 1606 simile.
1462 1575 1619 1604 Praesertim
1633 1578 1655 1604 si
1669 1579 1730 1613 ejus

938 1617 1049 1638 causam
1075 1613 1241 1644 exsistentiec
1264 1622 1373 1650 oportet
1390 1627 1451 1647 esse
1476 1628 1539 1648 eum
1558 1623 1606 1656 qui
1626 1623 1729 1651 dicitur

935 1656 1062 1691 genuisse
1085 1659 1187 1692 omnia,
1214 1661 1306 1689 nullus
1328 1663 1411 1691 homo
1433 1670 1476 1692 cst
1498 1666 1618 1695 hominis
1638 1675 1727 1703 pater,

934 1709 1024 1737 neque
1042 1704 1127 1731 ullum
1150 1706 1252 1734 animal
1275 1709 1394 1736 alterum
1418 1712 1518 1740 animal
1537 1715 1652 1748 genuit:
1668 1717 1728 1742 ani-

935 1754 1007 1774 mam
1027 1749 1100 1775 enim
1116 1750 1173 1777 sive
1188 1751 1403 1781 intellectualem
1420 1756 1478 1783 sive
1497 1758 1662 1786 sensilivam
1681 1768 1725 1787 se-

933 1790 1008 1818 mina
1028 1799 1083 1819 non
1101 1793 1214 1821 habent.
1232 1795 1286 1823 Sed
1301 1802 1363 1831 post
1391 1799 1584 1828 formationem
1598 1808 1625 1830 et
1640 1805 1727 1838 perfe-

934 1840 1005 1863 ctam
1016 1838 1202 1866 membrorum
1229 1841 1439 1876 dispositionem
1466 1846 1608 1875 inanimati
1635 1850 1723 1883 fetus,

933 1881 1073 1910 animatur
1084 1884 1185 1912 animal
1197 1891 1224 1913 et
1241 1889 1395 1922 praesertim
1412 1891 1494 1918 homo
1507 1900 1521 1918 a
1537 1893 1640 1921 faetore
1661 1903 1723 1928 suo,

932 1926 989 1954 Deo
1012 1927 1164 1963 inspirante
1187 1931 1215 1958 in
1242 1940 1276 1959 eo
1299 1934 1426 1968 spiritum
1452 1936 1583 1966 hominis.
1612 1940 1674 1967 ldeo
1697 1946 1725 1968 et

933 1977 1063 2008 tanquam
1077 1976 1205 2005 animalis
1219 1978 1422 2008 interfectorem
1439 1984 1606 2012 condemnat
1621 1986 1664 2013 lex
1680 1986 1723 2014 di-

931 2019 995 2046 vina
1008 2028 1072 2048 eum
1087 2023 1134 2056 qui
1151 2028 1213 2058 post
1227 2024 1421 2055 formationem
1436 2035 1567 2063 procurat
1583 2032 1721 2061 abortum.

931 2065 1018 2100 igitur
1031 2068 1123 2095 carnis
1137 2070 1275 2103 genitorcs
1300 2076 1326 2099 et
1346 2076 1498 2107 praesertim
1520 2081 1585 2104 sunt
1607 2083 1720 2113 patres:

930 2111 1024 2139 nullus
1038 2117 1141 2147 autem,
1164 2115 1242 2150 juxta
1257 2125 1317 2150 vos,
1335 2119 1456 2148 hominis
1476 2123 1582 2157 genitor
1605 2130 1656 2152 est.
1682 2126 1721 2154 ita

930 2165 998 2185 vero
1021 2160 1086 2193 quia
1105 2159 1165 2188 ﬂuit
1178 2161 1207 2189 in
1221 2162 1280 2190 dies
1294 2169 1322 2191 et
1337 2170 1460 2194 mutatur
1473 2175 1583 2204 corpus,
1603 2176 1631 2198 et
1646 2173 1721 2200 nulla

930 2203 1022 2238 aliqua
1035 2212 1095 2232 sors
1108 2211 1254 2247 parentum
1269 2208 1297 2235 in
1313 2213 1444 2245 tempore,
1460 2220 1514 2240 non
1530 2219 1621 2242 es‘sent
1635 2217 1720 2244 etiam

894 2262 918 2290 Β
931 2251 1022 2277 carnis
1035 2257 1180 2286 parentes:
1195 2254 1242 2281 sed
1254 2259 1280 2282 et
1291 2263 1374 2283 senex
1385 2258 1457 2285 Isaac
1468 2259 1557 2288 factus
1571 2267 1612 2290 est
1624 2270 1720 2291 exsors

931 2295 1076 2323 filiationis
1088 2298 1222 2327 Abrahae:
1242 2305 1269 2328 et
1286 2302 1324 2329 ita
1341 2303 1398 2330 alii.
1418 2304 1560 2337 Quomodo
1585 2316 1651 2344 ergo
1672 2310 1717 2337 di-

930 2345 1006 2368 ctum
1018 2346 1060 2369 est
1072 2350 1088 2369 a
1102 2343 1175 2370 Deo:
1195 2353 1204 2370 ‹
1219 2345 1258 2372 Τυ
1275 2352 1366 2374 autem
1380 2349 1433 2376 ibis
1446 2350 1479 2376 ad
1488 2356 1579 2385 patres
1592 2357 1663 2387 tuos,
1673 2356 1718 2382 se;

928 2387 1022 2421 pultus
1044 2388 1070 2415 in
1085 2395 1227 2418 senectute
1252 2392 1368 2420 bonal?
1386 2404 1394 2420 ν
1414 2395 1467 2423 Sed
1489 2403 1564 2431 patet
1584 2399 1642 2427 haec
1656 2408 1718 2428 esse

928 2433 1057 2461 absurda.
1078 2435 1137 2470 lpsc
1161 2437 1235 2463 enim
1252 2439 1399 2473 Apostolus
1419 2441 1514 2470 dicens
1533 2452 1581 2472 eos
1603 2446 1716 2480 quidem

926 2485 986 2506 esse
1009 2481 1101 2508 carnis
1123 2486 1232 2516 patres,
1256 2491 1326 2518 quos
1351 2485 1499 2515 habuimus
1521 2490 1666 2524 magistros
1688 2497 1716 2519 et

927 2525 1012 2552 Deum
1037 2534 1098 2563 esse
1122 2529 1271 2563 spirituum
1299 2539 1383 2559 unum
1410 2539 1525 2568 patrem,
1553 2536 1610 2571 ipse
1637 2543 1714 2566 vocat

925 2571 1058 2599 Euniccm
1082 2578 1199 2601 matrem
1226 2575 1373 2605 Timothei.
1395 2583 1424 2605 et
1449 2587 1504 2607 non
1529 2586 1633 2609 tantum
1655 2591 1714 2611 ma-

925 2621 995 2644 trem
1035 2619 1125 2646 carnis
1164 2620 1310 2649 Timothei.
1353 2623 1431 2651 Patet
1470 2633 1535 2662 ergo
1575 2628 1712 2661 Verbum,

916 2662 988 2690 licet
1008 2665 1147 2699 acceperit
1169 2673 1185 2693 a
1205 2671 1299 2694 sancta
1321 2668 1432 2704 Virgine
1452 2679 1506 2699 non
1527 2673 1639 2706 quidem
1653 2681 1713 2702 esse

921 2708 1094 2743 simpliciter,
1109 2711 1157 2738 sed
1175 2719 1235 2739 esse
1252 2714 1437 2748 incarnatum,
1453 2724 1513 2745 esse
1536 2724 1626 2746 tamen
1645 2728 1712 2748 vero

922 2755 982 2789 ejus
999 2755 1107 2790 filium;
1125 2761 1153 2784 et
1177 2760 1320 2793 apparebit
1336 2761 1394 2796 ipsa
1409 2763 1504 2798 jnnior
1525 2764 1552 2791 in
1573 2770 1709 2800 quantum

922 2805 964 2828 est
979 2802 1043 2834 tale,
1057 2804 1241 2838 compositum
1256 2806 1362 2835 scilicet
1377 2816 1410 2836 ex
1423 2808 1551 2844 simplici,
1569 2816 1596 2839 ct
1611 2819 1711 2848 corpos

923 2851 1009 2874 ratum
1027 2855 1059 2875 ex
1076 2848 1249 2884 incorporeo.
