1960 3093
126 134 191 168 1585

609 136 805 167 ADVERSUS
822 134 1096 165 NESTORIANOS.
1114 147 1148 152 -—
1163 135 1238 165 LIB.
1259 135 1306 165 1V.

1676 131 1752 164 1686.

122 191 205 218 αὐτοῦ
220 189 331 218 τέκνονο
344 191 390 218 καὶ
404 191 460 222 πῶς
474 191 526 227 πρὸ
549 191 650 226 μικροῦ
666 191 714 226 τὴν
739 189 835 216 οὐσίαν
860 189 905 215 καὶ

966 189 1098 223 :ujusdam
1123 189 1209 224 magis
1230 189 1304 216 illius
1327 191 1400 216 esset
1421 185 1493 215 ﬁlius
1512 196 1593 223 quam
1615 190 1744 223 proprius

123 237 152 262 οὐ
163 236 211 263 τὴν
231 237 359 271 ὁμοίωσιν
372 234 462 264 αἰτίαν
483 237 711 271 ὲ).ἐγετε;”0·ιτως
735 234 781 262 οὖν
810 235 833 261 εἰ
858 235 907 269 μὲν

107 277 110 282 ’
125 281 192 307 κατὰ
209 283 262 308 πᾶν
278 283 314 308 τδ-
327 280 395 309 εἶναι
416 284 463 309 καὶ
476 284 506 309 ἐκ
520 283 620 313 παντὸς
644 281 691 308 τοῦ
710 281 779 307 εἶναι
805 281 821 314 ἡ
839 280 907 312 ἀλη-

125 327 173 361 θής
188 327 246 353 ἐστι
263 327 389 363 γέννησίς
401 337 483 360 τινος,
499 328 654 362 ἀναγκαίως
677 327 723 354 καὶ
742 328 759 362 ἡ
778 326 907 361 ὁμοίωσις

125 372 184 398 ὅλου
203 372 250 399 τοῦ
267 374 445 408 γεννήσαντος
462 374 529 409 πρὸς
548 374 607 400 ὅλον
623 374 654 400 τὸ
676 373 799 407 γέννημα
813 371 888 398 ἔσται
899 379 907 387 ·

117 419 148 456 ~El
162 417 190 443 δὲ
206 418 277 445 κατὰ
293 419 322 444 τὸ
340 419 453 446 τοιῶσδε
468 417 537 446 εἶναι
557 419 635 454 μόνον
662 419 689 445 ἕν
714 427 766 445 τινι
782 417 908 452 μέρει,ὲκ

127 463 226 497 μέρους
243 463 326 490 δὲκαὶ
340 464 386 491 τοῦ
402 462 472 491 εἶναι
494 465 570 490 τοῦδέ
586 472 658 495 τινος
674 464 801 490 συνθέτου
817 462 907 497 ὴγέν-

113 508 295 543 χνησὶςέστιν,
313 509 372 543 οὐχὶ
386 508 462 535 κατὰ·
476 509 529 536 πᾶν
543 509 573 534 τδ
582 507 650 535 εἶναι
661 509 737 534 ἔσται
749 508 766 541 ἡ
778 507 907 542 ὁμοίωσις

113 534 200 588 ξπρὺς.
220 554 251 580 τὸ
275 534 414 588 γεννῆσαν
437 534 484 581 τοῦ
500 534 698 588 γεννηθέντος·
719 534 800 587 δμὶυέ
817 551 846 577 δὲ
875 534 907 576 ἐν

105 586 227 644 ἲμέρους
237 607 266 624 τε
281 586 434 626 -τοῦ-κατὰ
453 599 483 625 τὸ
503 586 585 631 sint,
609 598 656 625 καὶ
681 599 713 624 ὲκ
735 586 835 632 μέρους
862 595 908 622 τοῦ

100 641 198 669 λ’κατὰ
223 643 253 669 τὸ
270 644 382 670 τοιῶσδε
408 642 477 670 εἶναι
504 643 550 670 τοῦ
583 643 642 674 ἑνὸς
664 643 746 669 αὑτοῦ
763 641 909 677 προσώπου

127 689 264 724 γεννήτωρ
277 688 318 723 εἴη
330 688 413 720 ὅντως
429 690 442 716 ὁ
458 689 590 723 γεννήσας
600 696 606 702 ·
626 688 720 723 ὥσπερ
740 687 786 714 καὶ
803 687 849 713 ἐπὶ
863 687 910 712 ἁν-

127 733 235 768 υρώπου
252 734 370 770 ὁρῶμεν,
383 734 429 760 τοῦ
444 733 494 769 μὲν
510 733 634 768 σώματος
654 733 704 767 τὴν
728 732 854 767 γέννησιν
869 732 909 762 είς

126 780 154 805 τὸ
168 778 238 806 εἶναι
257 781 288 806 ὲκ
299 780 352 806 τῶν
369 780 470 814 γονέων
485 779 603 815 ἔχοντος,
632 779 682 813 τῆς
711 779 739 805 δὲ
753 778 844 813 ψυχῆς
861 777 910 803 οὐκ

125 826 164 856 εἰς
181 824 211 851 τὸ
229 824 299 852 εἶναι
327 825 421 857 ἁπλῶς
438 824 527 860 (τοῦτο
543 825 598 860 γὰρ
611 825 642 851 ὲκ
656 823 723 850 Θεοῦ
739 824 796 858 ἔχει
812 823 850 854 ὡς
861 823 909 848 καὶ

125 872 138 897 ὁ
156 871 369 906 πρωτόπλαστος
378 871 485 906 Ἀδὰμ),
500 871 557 898 ἀλλ’
579 872 619 902 εἰς
632 870 665 897 τὸ·
679 871 728 897 σὺν
739 869 779 904 τῷ
795 868 910 895 διαπλα-

127 915 216 942 σθέντι
240 916 308 951 αὐτῇ
332 914 403 943 εἶναι
430 916 546 950 σώματι,
576 912 607 942 οὗ
622 916 668 942 καὶ
688 914 772 950 χωρὶς
798 913 908 940 δύναται

125 960 206 988 εἶναι·
218 961 350 995 λαμϐάνει
368 962 421 996 γὰρ
435 961 514 988 τοῦτο
525 960 601 996 παρὰ
613 960 679 993 τῶν,
696 960 733 992 ὡς
750 960 847 991 εἰπεῖν,
861 958 908 984 τοῦ

127 1008 175 1043 μὲν
194 1007 319 1043 σώματος
331 1007 433 1041 αἰτίων,
450 1008 536 1043 αὐτῆς
549 1007 576 1034 δὲ
591 1008 641 1041 τῆς
655 1007 746 1042 ψυχῆς
758 1007 910 1042 νυμφοστό-

124 1055 178 1080 λων
195 1054 274 1089 μόνον
288 1061 295 1068 ·
311 1054 358 1080 καὶ
378 1055 451 1088 ὅμως
478 1054 560 1089 ἄμφω
585 1053 639 1079 τῶν
666 1053 773 1087 φύσεων
793 1053 830 1083 ὡς
851 1052 910 1083 ἑνὸς

124 1099 270 1134 ἀνθρώπου
293 1100 396 1135 κυρίως
428 1108 458 1126 τε
489 1099 536 1126 καὶ
552 1099 623 1126 κατὰ
636 1099 766 1134 ἀλήθειαν
791 1100 815 1126 οἱ
834 1099 911 1125 αὐτοὶ

125 1146 250 1179 λέγονται
267 1145 372 1177 τοκέες.
390 1145 422 1172 Τί
438 1143 485 1172 οὖν
500 1146 572 1180 ὑμᾶς
588 1145 622 1171 τὰ
637 1145 667 1178 ἐξ
682 1145 811 1177 ἀπιστίας
833 1145 910 1179 (ριμοί

126 1191 302 1228 βομὸήματα,
328 1190 393 1217 Θεὸν
424 1191 462 1226 μὴ
491 1191 580 1225 λέγειν
598 1191 686 1226 ὀρθῶς
706 1191 752 1218 τὸν
780 1190 911 1226 τεχθέντα

126 1238 337 1274 σεσαρκωμένον
352 1238 453 1272 Λόγον;
471 1239 552 1274 ἡνίκα
567 1239 615 1265 καὶ
631 1238 720 1273 ψυχὴν
741 1238 791 1272 τὴν
804 1247 911 1273 σαρκω-

127 1285 219 1311 θεῖσαν
232 1285 426 1316 ὰνενδοιάστως
438 1285 594 1319 ὁμολογεῖτε
611 1284 791 1319 γεγεννῆσθαι
808 1285 840 1310 ὲκ
855 1284 910 1310 τῶν

125 1330 172 1356 τοῦ
189 1329 259 1357 εἶναι
290 1330 339 1365 τῆς
371 1331 471 1365 σαρκὸς
500 1331 594 1357 αἰτίων
614 1331 660 1356 καὶ
683 1331 731 1356 σὺν
745 1330 783 1364 τῇ
805 1329 911 1364 σώματι

126 1376 188 1408 τοὺς
200 1376 298 1408 αὐτοὺς
312 1377 359 1403 καὶ
374 1377 459 1412 αὐτῆς
477 1377 575 1408 τοκέας
589 1376 736 1411 ὀνομάζετε
748 1385 755 1409 ;

431 1523 555 1549 ΚΕΦΛΛ.
572 1523 614 1549 ις’.

169 1577 259 1609 ’Δλλὰ,
273 1578 364 1612 φησ¹.ν,
382 1578 412 1604 οὐ
437 1578 596 1612 ψυχοτόκον,
618 1577 676 1604 ἀλλ’
702 1577 910 1612 civilem-noteth

126 1624 218 1657 φαμὲν
232 1623 281 1657 τὴν
293 1624 432 1657 γεννῶσαν
444 1623 600 1659 ἄνθρωπον.
612 1623 645 1649 Τί
656 1621 701 1650 οὖν
719 1624 756 1659 μὴ
772 1623 818 1650 καὶ
832 1624 911 1658 ὑμεῖς

125 1668 308 1702 Χριστοτόκον
324 1668 424 1703 μᾶλλον
442 1668 550 1702 λέγετε;
574 1668 656 1700 ἈλλΊ
672 1666 694 1695 ὦ
714 1665 798 1702 οὗτοι,
812 1669 842 1695 τὸ
861 1669 911 1703 μὲν

125 1713 294 1746 ἁνθρωπος,
311 1713 418 1746 φύσεως
437 1713 521 1748 ὄνομα
533 1722 540 1729 ·
565 1714 595 1740 τδ
607 1714 635 1740 δὲ
654 1714 790 1747 Χριστὸς,
814 1714 843 1740 οὺ
859 1714 910 1748 φύ-

128 1766 210 1789 σεως,
236 1758 303 1784 ἀλλὰ
332 1758 499 1793 προσώπου·
515 1759 573 1789 πῶς
600 1756 646 1784 οὖν
673 1758 704 1784 τὸ
732 1759 782 1793 τῆς
805 1758 913 1793 φύσεως

127 1804 215 1837 ὄνομα
241 1802 288 1829 τοῦ
312 1803 465 1837 τεχθέντος,
491 1804 523 1829 ὲκ
553 1803 600 1829 τοῦ
622 1802 797 1838 προσωπικοῦ
823 1803 912 1837 σημά-

127 1856 240 1883 νωμεν;

422 1906 546 1934 ΚΕΦΛΛ.
558 1906 622 1935 KA'.

173 1953 255 1980 Ἀλλὰ
283 1953 327 1980 διὰ
342 1953 369 1979 τί
382 1951 439 1985 οὗν,
465 1953 543 1989 φησὶ,
564 1953 601 1987 μὴ
617 1952 824 1986 ἀνθρωποτόκος
837 1953 913 1987 ὑμῖν,

128 2001 202 2035 ἥπερ
220 2000 350 2031 Θεοτόκος
367 2000 452 2030 δοχεῖς
481 2000 591 2035 Ῥητέον
606 1996 652 2025 03v
668 1998 706 2030 ὡς
732 2000 756 2025 εί
783 1999 832 2034 μὲν
860 1999 915 2025 τῶν

127 2048 179 2072 δύο
194 2045 313 2081 Χριστοῦ
337 2045 445 2079 φύσεων
464 2046 480 2080 ἠ
500 2045 657 2080 ἀνθρωπίνη
679 2045 730 2080 τῆς
763 2044 838 2077 θείας
867 2046 916 2071 ἑπ-

128 2092 266 2126 εκράτησε
283 2091 336 2126 πρὸ
356 2091 471 2117 θανάτου
483 2099 512 2116 τε
532 2090 578 2117 καὶ
601 2090 670 2125 μετὰ
688 2090 814 2124 θάνατον,
834 2091 916 2124 ἀνάγ⁴

128 2143 183 2170 κης
200 2134 283 2170 οὔσης
300 2136 332 2161 ἐκ
348 2136 413 2170 μιᾶς
428 2135 508 2170 μόνον
528 2135 581 2162 τῶν
597 2136 705 2170 φύσεων
720 2136 804 2162 αὑτοῦ
817 2136 916 2171 ὀνομά-

128 2180 226 2214 ζεσθαι
241 2181 286 2207 τὸν
305 2181 394 2214 τόκον,
407 2181 497 2212 καλῶς
511 2181 717 2216 ἀνθρωποτόκον
733 2181 811 2216 φατέ.
835 2182 866 2208 Et
889 2182 917 2208 δὲ

128 2227 175 2255 ἀεὶ
188 2227 216 2253 τὺ
232 2227 283 2262 τῆς
298 2226 374 2258 θείας
390 2226 498 2261 φύσεως
509 2227 642 2262 ἄτρεπτον
657 2228 848 2262 χατεκράτησε
869 2227 916 2253 τοῦ

129 2275 181 2309 τῆς
211 2274 386 2309 ἀνθρωπίνης
413 2273 520 2307 φύσεως
547 2273 679 2308 τρεπτοῦ,
712 2274 760 2300 καὶ
785 2274 854 2308 πρὸς
884 2274 919 2300 τὰ

128 2320 277 2356 κρείττονα
306 2319 459 2354 μεταϐαλὸν
485 2319 683 2351 συνεξεθέωσεν
708 2319 793 2354 αὐτὴν
817 2319 917 2353 ἑαυτῷ,

129 2367 230 2400 ὥσπερ
247 2366 293 2392 καὶ
310 2366 324 2391 ὁ
347 2365 455 2400 σίδηρος
472 2365 624 2400 πυροῦσθαι
641 2365 760 2399 λέγεται,
788 2365 834 2391 καὶ
860 2365 920 2399 οὐχὶ

129 2413 161 2438 τὸ
187 2411 243 2446 πῦρ
269 2410 457 2446 σιδηροῦσθαι,
489 2411 548 2441 πῶς
570 2411 620 2436 οὐκ
649 2411 683 2436 ’ἐκ
711 2410 760 2445 τῆς
785 2409 919 2445 μενούσης

129 2456 266 2486 ὡσαύτως
283 2456 312 2482 ἐν
327 2457 383 2487 τοῖς
400 2455 477 2487 ἰδίοις
491 2455 582 2489 λόγοις
601 2456 646 2482 ἀεὶ
662 2456 781 2489 φύσεως,
796 2455 843 2481 καὶ
869 2455 919 2489 τὴν

129 2502 231 2535 ἑτέραν
244 2501 283 2532 εἰς
296 2500 396 2535 ἑαυτὴν
424 2501 636 2536 μεταποιούσης,
655 2500 712 2527 ἀλλ’
725 2501 757 2527 ὲκ
771 2500 820 2531 τῆς
842 2508 921 2535 μετα-

130 2545 301 2581 ποιουμένης
322 2546 486 2580 ὀνομαστέον
511 2545 542 2572 τὸ
566 2545 677 2580 τεχθὲν,
692 2546 708 2581 ἢ
731 2545 776 2571 τὸν
790 2545 868 2571 τόκον
880 2564 888 2578 ,
905 2546 929 2582 ιη’

130 2594 182 2629 τὴν
199 2591 346 2625 τεκοῦσαν,
363 2589 386 2618 ὦ
397 2589 485 2626 aii-tot;

417 2650 543 2677 ΚΕΦΑΛ.
561 2650 626 2678 ΚΒ¹.

168 2699 201 2725 Εἰ
221 2695 316 2728 όΘεος
336 2696 422 2730 Λόγος
450 2696 548 2731 ἐτέχθη
573 2697 605 2722 ἐκ
633 2695 682 2730 τῆς
713 2695 862 2731 Παρθένου,
893 2695 921 2721 ἐν

130 2745 225 2782 χρόνῳ
239 2743 336 2779 ἐτέχθη
347 2751 354 2757 ·
369 2743 422 2769 πᾶν
435 2742 464 2768 δὲ
484 2742 514 2768 τὸ
531 2744 560 2768 ὲν
575 2743 662 2777 χρόνῳ
681 2741 840 2776 τικτόμενον
858 2741 921 2775 χρό-

130 2800 178 2817 νον
212 2788 280 2824 πρὸς
298 2788 437 2814 τελείωσιν
461 2788 566 2814 δεῖται·
585 2788 608 2813 εἰ
633 2788 647 2812 ὁ
663 2787 729 2817 Θεὸς
743 2786 796 2821 ἄρα
817 2787 848 2812 ἐκ
873 2787 922 2819 τῆς

132 2836 276 2874 Παρθένου
303 2834 411 2870 ἐτέχθη,
437 2835 533 2871 χρόνου
563 2835 631 2870 πρὸς
658 2833 797 2860 τελείωσιν
813 2833 920 2869 ἐδεήοη.

957 241 991 260 ex
1011 233 1073 268 ejus
1095 233 1249 260 substantia
1266 238 1356 261 natus.
1374 233 1408 260 Et
1423 233 1562 268 quomodo
1583 233 1665 267 paulo
1681 236 1744 260 ante

957 279 1138 306 substantiam
1149 283 1177 306 et
1187 287 1242 306 non
1251 279 1459 306 similitudinem
1470 287 1580 311 causam
1589 278 1746 306 dicebatis?

957 324 1057 359 Beipsa
1074 325 1165 359 igitur,
1183 326 1206 352 si
1227 325 1377 352 secundum
1403 329 1488 352 totum
1503 333 1572 357 esse,
1594 330 1623 352 et
1639 333 1671 352 ex
1689 329 1746 352 toto

958 376 1029 403 esse,
1046 369 1090 397 illa
1111 375 1153 398 est
1170 378 1234 397 vera
1252 371 1393 406 generatio
1414 371 1567 407 cujusdam,
1589 371 1746 398 necessario

958 415 1013 442 erit
1032 420 1060 443 et
1077 416 1230 444 similitudo
1256 417 1340 444 totius
1360 417 1498 453 gignentis
1516 417 1548 444 ad
1565 421 1652 445 totum
1668 417 1746 451 geni-

960 465 1028 487 tum.
1049 460 1078 488 Si
1093 465 1185 488 autem
1199 462 1350 489 secundum
1365 462 1412 489 tali
1428 462 1510 489 modo
1522 469 1580 489 esse
1596 466 1701 489 tantum
1718 461 1746 488 in
1767 453 1781 467 "'-

960 505 1076 540 quadam
1100 512 1189 540 parte,
1210 511 1238 534 et
1261 515 1295 534 ex
1315 512 1393 542 parte
1413 516 1523 543 quoque
1543 512 1585 535 est
1605 508 1746 544 generatio

960 551 1102 586 cujusdam
1118 553 1273 586 compositi,
1291 558 1322 580 ut
1338 553 1408 586 talis,
1423 561 1478 581 non
1490 554 1643 581 secundum
1658 557 1746 580 totum

959 604 1021 624 esse
1038 598 1091 624 erit
1108 597 1260 626 similitudo
1278 599 1364 635 geniti
1381 600 1415 627 ad
1435 600 1605 635 gignentem;
1621 604 1648 626 et
1669 603 1747 634 parte

960 643 1071 676 quidem
1087 643 1241 670 secundum
1257 646 1420 680 esse,‘parte
1431 650 1522 672 autem
1539 645 1688 672 secundum
1702 643 1747 671 taii

960 687 1043 715 modo
1065 695 1142 721 esse,
1165 689 1218 716 erit
1240 690 1365 725 ejusdem
1386 689 1468 717 unius
1490 697 1616 725 persona:
1640 689 1748 724 genitor

961 733 1051 768 reipsa
1068 734 1116 769 qui
1135 734 1207 761 illam
1221 736 1332 770 genuit:
1348 736 1418 762 sicut
1433 735 1463 762 in'
1475 735 1586 762 homine
1603 735 1746 764 videmus;

961 780 1008 814 qui
1026 787 1125 814 nempe
1140 780 1222 808 habet
1233 789 1247 807 a
1258 781 1420 815 parentibus
1434 781 1638 816 generationem
1651 787 1748 814 corpo-

961 825 1009 857 ris,
1033 830 1167 860 quantum
1184 826 1217 853 ad
1233 833 1305 858 esse,
1321 827 1526 862 generationem
1540 830 1631 854 autem
1650 826 1751 852 animae

961 877 1016 896 non
1037 874 1170 904 quantum
1192 870 1225 897 ad
1240 878 1300 898 esse
1317 871 1480 906 simpliciter
1497 871 1560 906 (hoc
1577 871 1650 898 enim
1665 870 1749 898 habet

959 923 974 942 a
992 915 1058 948 Deo,
1072 920 1101 942 ut
1117 916 1302 951 protoplastus
1313 916 1421 952 Adam),
1436 917 1483 944 sed
1496 922 1628 951 quantum
1641 916 1674 943 ad
1687 923 1748 943 esse

959 961 1134 996 conjunctam
1162 969 1224 989 cum
1247 969 1362 996 corpore
1387 962 1467 990 simul
1496 970 1558 990 cum
1584 963 1642 997 ipsa
1669 962 1746 993 ﬁcto,

959 1007 1019 1035 sine
1033 1014 1088 1041 quo
1104 1007 1172 1041 ipsa.
1182 1014 1243 1034 esse
1257 1011 1366 1042 potest:
1387 1007 1439 1035 hoc
1451 1008 1525 1035 enim
1539 1008 1638 1042 accipit
1653 1007 1688 1034 ab
1703 1007 1748 1041 iis,

960 1058 991 1080 ut
1006 1053 1044 1080 ita
1060 1053 1160 1084 dicam,
1181 1054 1306 1087 corporis
1324 1053 1435 1088 quidem
1457 1062 1555 1086 causae,
1572 1054 1669 1081 animze
1683 1061 1749 1081 vero
1795 1044 1799 1048 ’

960 1098 1139 1134 paranymphi
1161 1102 1277 1126 tantum.
1300 1099 1334 1126 Et
1350 1103 1441 1126 tamen
1467 1099 1610 1126 ambarum
1636 1103 1750 1125 natura-

960 1152 1032 1177 rum,
1052 1149 1082 1172 ut
1096 1144 1178 1171 unius
1189 1144 1321 1177 hominis,
1337 1145 1450 1180 proprie
1465 1149 1493 1172 et
1506 1144 1657 1172 secundum
1675 1144 1749 1172 veri-

960 1196 1044 1218 tatem
1056 1190 1138 1218 iidem
1150 1191 1282 1218 dicuntur
1291 1195 1430 1225 parentes.
1441 1190 1511 1223 Quid
1527 1190 1611 1226 igitur
1627 1194 1749 1218 vestrum

960 1246 993 1265 ex
1009 1237 1203 1264 incredulitate
1218 1236 1349 1264 bombum
1369 1240 1535 1271 compescet,
1550 1237 1597 1271 qui
1616 1244 1676 1266 non.
1688 1237 1749 1263 vul-

961 1284 996 1310 lis
1011 1282 1104 1310 dicere
1120 1289 1186 1309 vere
1207 1283 1293 1309 Deum
1311 1281 1430 1309 Verbum
1444 1282 1517 1317 quod
1532 1283 1559 1309 in
1573 1290 1655 1310 carne
1671 1282 1749 1317 geni-

961 1333 1019 1356 tum
1041 1332 1093 1360 est,
1112 1335 1174 1354 cum
1197 1327 1284 1362 ipsam
1306 1327 1426 1354 animam
1445 1328 1614 1355 incarnatam
1632 1328 1751 1355 libenter

949 1369 1147 1401 tonﬁteamini
1169 1372 1295 1408 generari
1317 1373 1351 1400 ab
1372 1374 1416 1400 his
1436 1374 1483 1408 qui
1504 1379 1567 1400 sunt
1584 1374 1750 1401 exsistentiu:

961 1418 1053 1445 carnis
1077 1425 1181 1449 causae,
1205 1422 1233 1445 et
1255 1417 1302 1452 qui
1323 1418 1446 1453 corporis
1466 1419 1577 1446 eosdem
1600 1423 1628 1445 et
1653 1419 1751 1446 animae

961 1470 1090 1501 parentes
1103 1465 1229 1494 vocatis?
1376 1478 1378 1480 -

1277 1524 1351 1552 CAP.
1370 1524 1429 1551 XX.

1000 1576 1044 1609 At,
1065 1577 1166 1613 inquit,
1187 1586 1243 1605 non
1266 1579 1363 1606 animae
1385 1583 1536 1614 parentem,
1559 1579 1608 1606 sed
1632 1577 1753 1605 hominis

968 1627 1108 1656 parentem
1122 1623 1240 1651 dicimus
1252 1632 1311 1651 eam
1330 1632 1391 1658 qua:
1406 1625 1501 1659 genuit
1515 1624 1664 1651 hominan
1680 1622 1752 1656 Quid

968 1666 1051 1701 igitur
1072 1675 1127 1695 non
1147 1672 1175 1695 ct
1193 1677 1243 1696 vos
1263 1669 1364 1696 Christi
1383 1673 1523 1703 parentem
1538 1668 1629 1703 potius
1642 1668 1754 1695 dicitis?

967 1713 1056 1746 —At,
1071 1721 1087 1740 ο
1100 1721 1160 1746 vos,
1177 1714 1260 1741 homo
1277 1718 1318 1741 est
1338 1722 1436 1741 nomen
1458 1719 1572 1745 naturae,
1595 1714 1660 1740 dum
1673 1713 1753 1740 Chri-

970 1763 1030 1785 stus
1054 1766 1110 1786 non
1135 1764 1241 1786 naturae
1264 1760 1312 1786 sed
1335 1767 1470 1794 personat.
1499 1758 1642 1791 Quomodo
1669 1758 1753 1793 igitur

969 1812 1069 1831 nomen
1096 1808 1201 1832 natura:
1229 1805 1313 1840 geniti
1337 1812 1371 1831 ex
1397 1805 1509 1832 nomine
1539 1811 1662 1839 personae
1680 1803 1753 1830 indi~

968 1857 1093 1877 caremus
1106 1850 1118 1876 ’ἒ

1276 1906 1352 1934 CAP.
1365 1907 1436 1934 XXI.

1004 1951 1058 1979 Sed
1073 1955 1103 1978 ut
1115 1951 1182 1986 quid
1199 1959 1274 1987 ergo,
1289 1952 1389 1987 inquit,
1402 1960 1457 1980 non
1472 1953 1594 1980 hominis
1605 1948 1751 1988 pareus'ea

969 2004 1030 2031 qua:
1044 1997 1123 2024 vobis
1133 1997 1250 2032 Deipara
1258 1997 1421 2025 videtur?—-
1430 1999 1672 2034 Dicendum-igitur
1679 2000 1751 2034 quod

970 2044 992 2070 si
1008 2051 1042 2070 ex
1057 2043 1164 2071 duabus
1177 2043 1280 2071 Christi
1296 2045 1403 2072 naturis
1424 2045 1544 2072 humana
1567 2045 1667 2072 divinae
1683 2053 1754 2080 pra:-

970 2089 1075 2122 celluit,
1088 2093 1146 2116 tum
1161 2094 1225 2117 ante
1244 2094 1360 2118 mortem
1382 2095 1438 2118 tum
1461 2095 1523 2125 post
1541 2095 1668 2123 mortem,
1691 2098 1754 2118 cum

971 2142 1084 2162 necesse
1103 2135 1138 2163 sit
1154 2143 1188 2162 ex
1198 2143 1253 2162 una
1266 2140 1371 2163 tantum
1385 2139 1546 2164 naturarum
1558 2137 1617 2172 ejus
1628 2137 1754 2163 denomi-

971 2181 1031 2208 nari
1044 2182 1133 2216 ipsum
1146 2186 1266 2216 partum,
1279 2186 1353 2209 recte
1365 2182 1485 2209 hominis
1496 2187 1638 2217 parentem
1651 2182 1753 2210 dicitis.

970 2227 998 2254 Si
1012 2231 1103 2254 autem
1120 2235 1230 2262 semper
1241 2227 1341 2254 divinat
1353 2232 1458 2255 naturae
1470 2228 1678 2255 immutabilitas
1688 2236 1756 2262 prm—

971 2272 1067 2300 celluit
1081 2273 1208 2315 humanm
1222 2277 1327 2300 natura:
1339 2273 1527 2306 mutabilitati,
1545 2278 1574 2300 et
1591 2274 1624 2300 ad
1639 2274 1755 2301 meliora

970 2319 1140 2346 transferens
1158 2319 1186 2346 in
1204 2319 1295 2354 seipsa
1309 2327 1368 2347 eam
1384 2319 1533 2352 deiﬁcavit,
1557 2321 1629 2347 sicut
1651 2320 1755 2347 ferrum

972 2363 1082 2398 igneum
1107 2368 1135 2390 et
1154 2371 1210 2390 non
1232 2364 1322 2399 ignem
1340 2363 1461 2391 ferreum
1479 2365 1539 2392 ﬁeri
1555 2365 1667 2396 dicitur,
1684 2373 1755 2399 quo-

971 2409 1052 2436 modo
1070 2417 1126 2436 non
1146 2417 1180 2436 ex
1199 2414 1378 2444 permanente
1406 2410 1435 2437 in
1458 2411 1578 2445 propriis
1602 2410 1756 2439 rationibus

972 2456 1019 2483 Dei
1034 2461 1143 2488 natura,
1160 2460 1188 2483 et
1202 2456 1316 2483 alteram
1333 2456 1361 2483 in
1372 2455 1490 2491 seipsam
1504 2457 1693 2488 transferente,
1708 2458 1756 2484 sed

971 2509 1004 2528 cx
1023 2505 1120 2528 natura
1139 2502 1289 2534 translata,
1311 2501 1545 2529 denominandum
1563 2502 1616 2529 erit
1632 2503 1691 2530 sive
1710 2510 1757 2538 ge-

971 2546 1071 2578 nitum,
1085 2546 1144 2574 slve
1156 2551 1261 2581 partus,
1275 2547 1332 2575 sive
1351 2548 1475 2582 gignens,
1489 2556 1505 2575 o
1517 2551 1587 2578 vos?

1275 2647 1350 2675 CAP.
1366 2648 1449 2675 XXII.

1008 2694 1036 2720 Si
1051 2694 1122 2720 Deus
1134 2693 1254 2720 Verbum
1270 2693 1379 2728 genitus
1389 2698 1431 2720 est
1449 2702 1483 2721 ex
1500 2694 1622 2729 Virgine,
1645 2694 1672 2721 in
1689 2699 1759 2722 tem-

973 2747 1039 2773 pore
1055 2738 1164 2773 genitus
1180 2742 1239 2771 est;
1258 2746 1342 2772 porro
1362 2739 1495 2774 quidquid
1518 2740 1641 2774 genitum
1665 2745 1707 2768 est
1730 2741 1758 2767 in

975 2791 1106 2819 tempore.
1123 2789 1149 2811 et
1165 2790 1287 2819 tempore
1300 2785 1405 2820 indiget
1417 2785 1450 2812 ad
1463 2786 1671 2820 perfectionem.
1686 2786 1759 2822 Ergo
1803 2812 1806 2813 ,

975 2832 996 2859 si
1015 2832 1087 2859 licus
1104 2839 1136 2858 ex
1155 2831 1265 2866 Virgine
1277 2832 1386 2865 genitus
1401 2837 1453 2866 est,
1468 2837 1589 2868 tempore
1606 2833 1708 2869 indiget
1724 2834 1759 2862 ad
