1960 3093
212 126 279 159 1691

829 121 981 151 LEONTII
1003 120 1202 150 BYZANTINI

1769 120 1841 154 1692

210 179 342 210 secundo.
362 177 614 206 dissimilitudinem
632 184 684 210 qua
709 183 742 202 ex
766 179 842 209 parte
866 173 960 200 dill'ert
982 182 995 200 ιι

1049 172 1094 198 σθε
1104 172 1258 206 ὑφεστῶτος
1268 172 1335 207 πρὸς
1348 173 1396 198 iw
1403 172 1545 204 πόστατον,
1558 172 1624 200 ἀλλὰ
1635 173 1735 208 μᾶλλον
1743 175 1839 207 οὐσίας

212 231 297 254 matre
310 233 364 252 non
378 232 440 252 esse
455 224 535 251 talem
551 220 804 249 dissimilitudinem
825 220 932 254 qualem
948 227 997 257 vos

211 278 285 297 nunc
300 270 327 296 in
349 269 483 303 exemplis
507 266 672 302 supponitis,
689 264 872 292 .subsisteutis
892 264 997 290 scilicet

211 317 325 344 relative
341 315 375 342 ad
392 323 446 342 non
457 315 666 342 subsistentem.
685 311 733 338 sed
747 310 839 345 potius
853 311 914 337 talis
929 310 995 337 sub-

210 362 317 389 stantias
340 361 373 388 ad
394 361 476 387 talem
499 358 690 394 substantiam.
716 357 750 384 Ut
766 361 858 382 autent
874 356 996 389 abripia-

209 415 272 433 mur
287 411 377 433 vestra
395 404 509 432 ridenda
525 403 686 433 calliditate,
699 402 721 429 si
740 401 832 428 omnia
846 409 907 435 quae
924 400 995 434 apud

209 451 329 479 divinam
363 450 531 484 Seripturam
564 456 598 476 ex
631 446 814 474 dissimilibus
843 446 995 473 secundum

209 497 397 523 exsistentiam
412 495 503 530 genita
526 498 591 520 sunt
606 492 714 519 laudem
732 497 781 518 aut
801 491 996 525 reprehensio-

210 548 272 567 nem
292 539 413 575 gignenti
433 538 580 565 couciliare
601 535 784 564 arbitramini.
803 535 869 570 quid
891 535 994 566 dicitis,

209 594 271 613 cum
298 585 370 612 ﬁlius
394 584 498 611 doloris
520 582 673 618 Benjamin.
703 582 775 608 [ilius
798 581 996 608 consolationis

209 629 357 662 Barnabas,
376 634 404 656 et
420 629 478 656 lleli
492 635 574 655 senex
592 634 728 654 annorum
752 626 842 653 dictus
866 625 923 652 sit?
941 625 995 652 Ne-

209 683 285 702 cesse
305 679 347 702 est
363 682 428 709 ergo
448 681 535 701 annos
555 679 614 700 esse
629 672 768 707 genitores
791 671 862 702 Heli,
884 675 911 698 et
934 670 996 697 illos

208 729 268 747 esse
283 720 364 748 laude
379 725 426 748 aut
441 718 657 754 reprehensione
681 717 799 752 dignos;
824 721 852 743 et
871 716 995 743 dolorem

208 773 317 800 quoque
334 770 362 793 et
378 765 596 792 consolationem
618 764 654 790 ita
677 771 707 790 se
726 762 838 788 habere.
858 761 887 788 Si
903 766 994 788 autem

207 811 271 846 quis
286 819 355 839 vana
366 811 424 838 hwe
440 811 523 838 etiam
536 809 679 841 concedat,
698 807 836 843 quomodo
852 807 994 841 sequentia

1047 219 1153 244 τοιᾶσδε
1171 218 1238 252 πρὸς
1263 218 1367 244 τοιάνδε
1398 217 1508 244 οὐσίαν
1547 218 1591 244 ἵνα
1616 218 1643 244 δὲ
1669 220 1716 245 καὶ
1736 227 1846 247 συναπο-

1048 263 1202 298 ενεχθῶιιεν
1214 263 1252 297 τῷ
1261 263 1456 298 καταγελάστῳ
1466 263 1514 298 τῆς
1523 263 1660 299 ὑμετέρας
1673 265 1837 301 δεινότητος,

1047 309 1071 334 εἰ
1088 308 1176 334 πάντα
1195 309 1229 334 τὰ
1259 310 1287 335 ἐν
1313 310 1345 343 τῇ
1369 308 1429 343 Θείᾳ
1451 309 1543 344 Γραφῇ
1566 309 1595 341 ἐξ
1620 310 1755 345 ἀνομοίων
1774 311 1838 338 καθ’

1048 351 1165 387 ὕπαρξ.ν
1184 354 1370 387 γεγεννημένα
1398 353 1507 379 ἔπαινον
1524 354 1539 388 ἢ
1554 354 1639 388 ψόγον
1653 356 1693 390 τῷ
1719 357 1839 384 τίκτοντι

1047 398 1188 432 ἐπιφέρειν
1209 397 1310 430 οἴεσθε,
1327 398 1352 425 τί
1374 407 1455 432 φατε,
1473 399 1535 425 ἐπεὶ
1553 401 1609 430 υἱὸς
1625 400 1720 435 ὀδύνης
1741 402 1838 429 Βενια-

1049 443 1105 477 μὶν,
1128 443 1176 468 καὶ
1201 442 1256 474 υἱὸς
1282 443 1480 478 παρακλήσεως
1502 445 1656 478 Βαρνάῦας,
1686 447 1733 473 καὶ
1762 448 1838 474 Ἠλεὶ

1049 488 1236 523 πρεσϐύτερος
1250 488 1318 519 ἐπῶν
1331 488 1575 524 είρηταιςᾌνάγκη
1589 491 1643 525 ἄρα
1657 492 1691 518 τὰ
1707 492 1753 527 ἔτη
1765 495 1836 519 αὐτὰ

1047 536 1081 561 τὰ
1099 535 1212 561 τεκόντα
1237 534 1305 562 εἷναι
1330 537 1375 562 τὸν
1399 536 1487 568 Ἠλεὶ,
1506 537 1553 563 καὶ
1581 538 1668 565 ταῦτα
1686 540 1798 566 ἐπαίνου
1820 540 1837 575 ἢ

1046 579 1131 614 ψόγου
1149 580 1298 616 ἀξιωθῆναι
1309 589 1315 596 '
1332 583 1379 608 καὶ
1391 582 1441 616 τὴν
1452 582 1548 618 ὀδύνην
1564 583 1591 609 δὲ
1606 586 1653 610 καὶ
1676 585 1724 620 τὴν
1747 587 1837 621 παρά-

1047 626 1143 660 κλησιν
1160 626 1246 657 οὕτως
1260 626 1342 662 ἐχειν.
1355 627 1386 653 EI
1401 627 1429 653 δὲ
1443 627 1489 654 καὶ
1511 628 1598 654 ταῦτά
1620 638 1661 661 τις
1689 633 1836 666 συγχωρή-

1048 680 1089 697 σοι
1103 671 1137 697 τὰ
1151 672 1264 706 μάταια,
1281 671 1340 703 πῶς
1355 672 1385 697 τό
1403 681 1434 706 γε
1447 673 1509 707 ἑξῆς
1521 673 1654 708 ἀδακρυτὶ
1674 676 1738 710 παρ’
1758 677 1836 710 ὑμῶν

1046 717 1208 747 ἀκούσεται,
1231 718 1263 742 ὲκ
1293 718 1479 752 προαιρέσεως
1500 718 1604 745 τίκτειν
1624 719 1658 745 τὰ
1675 721 1733 754 ἔτη,
1754 721 1769 755 ἢ
1786 721 1836 756 τὴν

1045 762 1153 798 ὀδύνην,
1165 762 1182 797 ἢ
1198 763 1247 797 τὴν
1263 763 1438 799 παράκλησιν
1461 764 1534 790 κατὰ
1553 765 1713 800 προαίρεσιν
1732 768 1832 802 γεννᾷν

1045 807 1256 842 διδασκόμενοςς
1271 809 1319 834 καὶ
1333 808 1362 840 ἐξ
1373 809 1546 844 ἀνυπάρκτου
1559 811 1718 846 πράγματος
1728 814 1834 847 προϊοῦ-

208 865 263 884 non
277 857 430 892 laerymans
444 865 459 883 a
471 857 550 884 vobis
565 856 684 886 audiret,
703 863 766 882 cum
780 854 899 881 disceret
910 861 995 880 annos

1049 861 1098 879 σαν
1130 853 1273 888 μανθάνων
1297 854 1364 888 παρ’
1380 854 1456 888 ὑμῶν
1479 855 1527 890 τὴν
1551 856 1668 893 ὓπαρξιν
1689 858 1764 884 Ἠλεὶ
1786 860 1834 885 καὶ

208 909 242 928 ex
257 902 399 928 voluntate
412 901 560 936 parturire,
580 905 608 928 et
633 900 758 927 dolerent
778 904 807 926 et
826 898 993 926 consolatio—

208 955 271 974 nem
284 948 433 975 secundum
445 947 612 975 voluntatem
628 947 739 982 gignere
751 954 757 978 ;
767 950 795 972 et
809 952 871 972 cum
887 953 902 971 a
917 944 995 971 vobis

1048 898 1177 933 Βαρνάὸα
1198 898 1244 925 καὶ
1263 898 1403 933 Βενιαμὶν,
1432 900 1479 926 καὶ
1502 901 1571 926 κατὰ
1601 902 1760 938 προαίρεσιν
1782 912 1823 929 τι-

1048 944 1183 977 κτόντων;

208 995 293 1022 sciret
314 991 349 1022 ex
370 1003 400 1023 re
422 1003 476 1022 non
496 995 646 1022 exsistente
670 993 781 1029 prodire
806 992 994 1020 exsistentiam
1014 992 1085 1023 lleli,
1111 996 1137 1019 et
1156 992 1298 1024 Barnabw,
1332 997 1359 1020 et
1375 992 1527 1028 Bcnjamin,
1541 998 1569 1020 et
1602 1002 1634 1021 ex
1658 995 1836 1030 gignentibus

208 1041 360 1070 secundum
376 1041 568 1068 voluntatem?

509 1096 585 1124 CAP.
605 1095 700 1123 XXVI.

243 1153 272 1181 Si
292 1154 365 1180 Deus
386 1153 505 1182 Verbum
523 1153 633 1188 genitus
646 1156 688 1179 est
711 1159 745 1178 ex
764 1151 888 1186 Virgine,
913 1159 995 1179 omne

208 1205 300 1227 autem
315 1200 437 1235 genitum
449 1199 569 1234 gignitur
582 1198 623 1225 vel
641 1206 675 1225 ex
687 1198 842 1225 substantia
859 1197 996 1232 gignentis

207 1247 250 1274 vel
274 1254 308 1273 ex
327 1246 487 1277 voluntate;
510 1248 538 1272 et
556 1244 629 1279 quod
651 1251 684 1271 ex
705 1244 858 1271 substantia
875 1243 996 1278 gignitur

208 1293 321 1319 omnino
333 1299 393 1319 esse
409 1291 493 1318 habet
511 1299 527 1317 a
539 1291 677 1325 gignente,
694 1290 768 1324 quod
784 1294 874 1317 autem
890 1298 923 1317 ex
946 1297 995 1315 v0<

208 1340 324 1370 iuntale,
341 1338 424 1364 habet
436 1337 591 1372 agignente
609 1341 666 1363 lum
684 1344 755 1367 esse,
771 1341 827 1362 tntn
850 1335 896 1362 tali
913 1335 994 1362 modo

208 1391 279 1416 esse,
294 1383 378 1411 dicite
397 1383 470 1410 unde
487 1383 579 1410 velitis
599 1382 721 1417 genitum
743 1381 828 1408 fuisse
845 1381 942 1412 Deum,
960 1389 995 1407 an

208 1439 242 1458 ex
266 1430 419 1458 substantia
434 1429 564 1464 Virginis.
588 1436 621 1455 an
648 1437 679 1455 ex
701 1427 863 1454 voluntate?
883 1427 996 1455 Utrum-

208 1484 317 1510 cunque
330 1476 403 1502 enim
422 1475 521 1502 horum
541 1475 677 1506 dixeritis,
697 1474 838 1501 conclusio
858 1477 943 1508 patet.
959 1485 995 1493 --

1331 1093 1457 1120 κΕψΑΛ.
1479 1094 1550 1128 Kq'.

1085 1150 1113 1176 Εἰ
1131 1151 1144 1176 ὁ
1159 1150 1224 1181 Θεὸς
1241 1149 1327 1183 Λόγος
1349 1150 1447 1185 ἐτέχθη
1462 1151 1494 1177 ὲκ
1514 1152 1563 1186 τῆς
1577 1153 1725 1188 Παρθένου,
1740 1156 1794 1182 πᾶν
1807 1157 1835 1182 δὲ

1046 1198 1076 1224 τδ
1091 1197 1250 1231 τικτόμενον
1278 1197 1337 1231 iis:
1351 1198 1400 1231 τῆς
1417 1198 1511 1228 οὐσίας
1527 1199 1649 1226 τίκτεται
1665 1201 1712 1227 τοῦ
1728 1203 1835 1229 τίκτον-

1045 1252 1101 1275 τος,
1118 1243 1135 1277 ἢ
1151 1243 1183 1268 ὲκ
1197 1243 1246 1276 τῆς
1264 1243 1468 1278 ’προαιρέσεως⁸
1492 1244 1539 1270 καὶ
1565 1245 1596 1270 τὸ
1618 1246 1650 1272 ἐκ
1675 1248 1724 1281 τῆς
1741 1248 1835 1279 οὐσίας

1045 1289 1215 1324 τικτόμενον,
1231 1288 1261 1314 τὸ
1280 1287 1351 1315 εἶναι
1367 1290 1476 1322 πάντως
1493 1289 1550 1324 ἔχει
1569 1291 1600 1317 ὲκ
1617 1291 1663 1317 τοῦ
1677 1292 1834 1325 τίκτοντος·

1045 1334 1076 1361 τὺ
1090 1335 1118 1360 δὲ
1138 1335 1170 1361 ὲκ
1193 1335 1242 1369 τῆς
1263 1335 1460 1370 προαιρέσεως,
1478 1337 1514 1370 πῆ
1533 1337 1583 1370 μὲν
1595 1337 1624 1363 τὸ
1637 1335 1707 1364 εἶναι
1732 1339 1789 1373 ἔχει
1803 1341 1835 1366 ὲκ

1045 1380 1092 1405 τοῦ
1107 1380 1255 1411 τίκτοντος,
1278 1379 1316 1414 πῆ
1333 1380 1361 1406 δὲ
1377 1381 1405 1406 τὸ
1429 1380 1531 1407 τοιόνδε
1547 1379 1626 1415 εἶναι,
1641 1384 1736 1409 εἴπατε
1752 1384 1835 1411 πόθεν

1048 1424 1177 1459 βούλεσθε
1207 1424 1333 1459 τετέχθαι
1360 1425 1406 1451 τὸν
1433 1425 1512 1458 Θεὸν,
1540 1428 1572 1453 ἐκ
1594 1428 1644 1462 τῆς
1666 1429 1760 1460 οὐσίας
1785 1431 1835 1464 τῆς

1046 1470 1197 1505 Παρθένου,
1223 1470 1239 1504 ἢ
1265 1471 1297 1496 ὲκ
1320 1470 1368 1505 τῆς
1394 1472 1598 1506 προαιρέσεως;
1625 1474 1754 1509 ὁπότερον
1779 1476 1834 1511 γὰρ

209 1522 277 1549 Sero
293 1521 403 1548 tandem
420 1525 446 1547 et
468 1520 546 1547 inviti
562 1520 707 1547 nobiseum
722 1519 870 1554 agnoscitis
887 1523 995 1554 partum

1048 1515 1137 1541 αὐτῶν
1152 1515 1257 1550 εἴπητε,
1277 1515 1307 1541 τὸ
1326 1517 1509 1551 συναγόμενον
1525 1517 1614 1551 δῆλον.
1630 1519 1693 1554 ’0ψέ
1708 1529 1773 1547 ποτε
1787 1522 1834 1547 καὶ

208 1574 268 1594 esse
284 1571 311 1593 et
326 1574 388 1593 eum
410 1567 457 1601 qui
479 1566 605 1601 producit
619 1566 723 1600 aliquid
740 1566 773 1592 ad
790 1573 860 1597 esse,
883 1569 910 1591 et
931 1572 993 1591 eum

209 1612 313 1647 pariter
325 1612 371 1646 qui
383 1612 415 1639 ad
433 1612 524 1639 taliter
539 1619 600 1638 esse
617 1616 732 1638 tantum.
750 1611 776 1638 Si
789 1615 880 1638 autctn
893 1610 939 1644 qui
952 1615 994 1637 est

208 1666 242 1684 ex
259 1657 423 1689 substantia,
442 1665 505 1684 eum
519 1657 606 1684 solum
621 1656 712 1684 dicitis
725 1664 784 1683 esse
801 1663 910 1683 causam
924 1656 995 1682 essi-

209 1703 318 1730 s’entite
335 1707 363 1730 et
390 1711 444 1730 non
470 1703 531 1730 talis
556 1702 736 1735 exsistentite,
759 1701 878 1737 physicae
895 1708 994 1736 nempe

209 1749 373 1776 diilerentiaz
392 1748 487 1784 geniti,
501 1756 562 1775 eum
587 1756 620 1775 ex
643 1756 713 1775 cono
735 1748 817 1782 pinus
838 1747 993 1782 generetur,

208 1794 250 1821 vel
263 1802 296 1821 ex
308 1794 449 1821 voluntate
460 1787 488 1821 et
507 1801 561 1820 non
577 1801 610 1820 ex
625 1792 780 1820 substantia
792 1792 853 1819 coni
871 1792 904 1819 ad
924 1792 996 1819 hanc

210 1839 292 1865 talem
321 1838 507 1865 exsistentiam
535 1842 700 1872 generatur,
728 1837 771 1863 vel
795 1844 827 1863 ex
851 1836 909 1870 ipsa
932 1836 997 1864 sub-

205 1885 311 1917 stantia
330 1885 391 1911 coni
404 1889 563 1919 generatur,
578 1888 659 1910 etest
674 1882 838 1917 simpliciter
849 1882 994 1913 exsistens,

210 1937 266 1955 non
279 1932 369 1956 autem
384 1929 466 1963 pinus
484 1933 531 1955 aut
549 1928 623 1955 aliud
643 1927 710 1962 quid
729 1927 870 1961 speciale:
895 1927 948 1953 nisi
968 1930 996 1954 et

210 1974 256 2000 alii
284 1975 400 2008 genitori
423 1974 576 2002 secundum
600 1973 767 2000 voluntatem
792 1973 913 2008 gignenti
932 1973 997 1999 sub-

208 2018 320 2053 jiciatur
337 2018 363 2045 in
391 2019 536 2052 quamdam
563 2018 778 2052 generationem.
807 2017 913 2051 Quibus
929 2018 996 2052 quid

211 2063 355 2092 stolidius?
535 2058 540 2064 ’

502 2170 577 2198 CAP.
593 2171 699 2203 XXVII.

247 2226 275 2254 Si
292 2226 400 2261 genitus
409 2231 450 2254 est
465 2228 536 2254 Deus
544 2228 663 2255 Verbum
679 2228 790 2262 proprie
802 2234 830 2255 et
841 2228 993 2255 secundum

210 2273 355 2300 veritatem
381 2281 414 2300 ex
443 2275 523 2301 Patre
551 2274 646 2308 illique
669 2280 712 2302 est
725 2275 825 2302 similis
843 2275 994 2302 secundum

211 2318 408 2351 substantiam;
419 2323 447 2346 et
459 2320 483 2346 si
495 2319 567 2347 idem
574 2320 683 2355 genitus
691 2325 733 2347 est
742 2317 874 2347 eximatre
885 2320 995 2354 proprie

211 2367 238 2389 et
249 2363 398 2391 secundum
408 2364 672 2399 veritatem,ipsaque
686 2369 729 2391 est
744 2364 886 2392 dissimilis
899 2373 996 2392 secun-

210 2409 274 2436 dum
298 2410 488 2443 substantiam,
514 2411 582 2437 nihil
608 2411 723 2438 interest
745 2418 760 2438 a
795 2411 932 2447 similibus
949 2415 996 2438 aut

210 2464 224 2482 a
242 2456 422 2484 dissimilibus
435 2457 519 2493 gigni.
533 2457 562 2484 Si
574 2462 665 2484 attletn
684 2458 720 2484 ita
740 2461 791 2490 est,
809 2465 859 2485 nec
874 2457 995 2484 dissimi-

210 2501 246 2528 lia
265 2509 279 2527 a
297 2509 327 2529 se
342 2502 460 2529 invicem
478 2503 608 2530 dill‘erent
629 2503 779 2530 secundum
792 2503 994 2536 substantiam;

209 2551 237 2574 et
254 2546 456 2574 admittendum
469 2553 528 2575 erat
544 2549 630 2575 Deum
645 2549 775 2580 Verbum,
793 2556 808 2574 a
824 2549 904 2575 Patre
921 2549 997 2584 geni-

210 2597 267 2619 tum
283 2593 436 2621 secundum
449 2594 607 2624 veritatem.
619 2602 680 2622 esse
696 2595 748 2629 ipsi
769 2594 930 2622 dissimilem
952 2603 991 2622 se-

209 2639 331 2666 cundum
347 2639 540 2667 substantiam.
556 2640 610 2667 Sed
633 2641 690 2667 haec
706 2640 798 2667 omnia
816 2640 996 2675 impossibilia

209 2690 237 2712 et
251 2693 347 2712 eorum
361 2686 551 2720 suppositione
562 2686 654 2722 digna.
666 2702 700 2706 —
710 2687 825 2714 Turbati
834 2693 908 2719 sunt,
922 2695 996 2714 com-

210 2731 276 2758 moti
293 2736 358 2759 sunt
372 2733 444 2760 sicut
460 2733 565 2764 ebrius,
578 2737 606 2760 et
625 2733 715 2760 omnis
738 2734 877 2768 sapientia
899 2742 995 2760 eorum

210 2777 340 2811 absorpta
369 2783 421 2806 est.
442 2779 507 2806 .lnre
526 2778 599 2806 enim
623 2783 717 2806 contra
733 2787 780 2806 vos
799 2779 855 2807 lucc
878 2788 893 2806 a
917 2779 997 2807 nobis

212 2827 359 2857 canuntur,
369 2824 459 2852 divina
468 2825 673 2854 dctnonstrante
685 2825 786 2853 virtute
798 2831 824 2854 et
840 2826 866 2853 in
881 2833 928 2854 vos
941 2825 996 2854 vim

1049 1561 1163 1591 ἄκοντες
1183 1561 1248 1595 ἡμῖν
1269 1561 1477 1595 σννομολογείτε
1499 1563 1578 1593 τόκον
1593 1561 1674 1597 εἶναι,
1687 1565 1733 1591 τόν
1748 1574 1778 1592 τε
1795 1568 1834 1598 εἰς

1045 1607 1075 1632 τὸ
1094 1604 1175 1638 εἶναι,
1193 1606 1239 1632 καὶ
1252 1607 1354 1641 ὁμοίως
1373 1607 1454 1634 πάλιν
1469 1608 1516 1634 τὸν
1538 1610 1577 1640 είς
1592 1610 1621 1636 τὸ
1636 1611 1747 1638 τοιῶτδε
1763 1609 1834 1638 εἶναι

1048 1652 1128 1686 μόνον
1141 1653 1335 1688 προαγαγόντα
1351 1662 1377 1679 τι
1390 1662 1397 1669 '
1413 1655 1437 1680 εί
1452 1654 1480 1680 δὲ
1493 1655 1540 1681 τὸν
1554 1656 1586 1682 ἐκ
1610 1656 1658 1690 τῆς
1681 1657 1775 1688 οὐσίας
1789 1658 1834 1684 τό-

1045 1705 1092 1724 κον
1103 1698 1183 1732 μόνον
1193 1698 1239 1724 τοῦ
1256 1696 1326 1725 εἶναι
1344 1700 1441 1732 αἴτιον,
1458 1701 1504 1726 καὶ
1520 1702 1580 1735 οὐχὶ
1595 1702 1641 1728 καὶ
1656 1702 1703 1728 τοῦ
1721 1703 1832 1730 τοιῶαδε

1046 1741 1218 1779 εἶναι,ήγουν
1234 1745 1282 1771 καὶ
1301 1745 1352 1779 τῆς
1378 1746 1495 1781 φυσικῆς
1514 1747 1645 1782 διαφορᾶς
1663 1748 1711 1774 τοῦ
1736 1758 1833 1781 γεννω-

1048 1789 1127 1824 μένου
1148 1790 1227 1824 φατὲ,
1248 1791 1309 1817 ἐπεὶ
1329 1791 1384 1818 ἀπὸ
1407 1791 1494 1818 κώνου
1510 1793 1590 1824 πίτυς
1611 1795 1750 1827 γεννᾶται,
1768 1795 1784 1829 ἦ
1801 1795 1833 1821 ἐκ

1046 1834 1094 1869 τῆς
1110 1835 1358 1870 προαιρέσεως,καὶ
1367 1837 1417 1863 οὐκ
1428 1837 1482 1863 ἀπὸ
1493 1838 1543 1872 τῆς
1555 1838 1649 1868 οὐσίας
1661 1838 1709 1864 τοῦ
1726 1839 1829 1872 κῶθον,

1047 1880 1086 1910 εἰς
1107 1879 1137 1906 το
1163 1879 1233 1907 εἶναι
1250 1881 1329 1908 τοῦτο
1347 1882 1412 1908 αὐτὸ
1428 1883 1505 1914 πίτυς
1518 1883 1690 1918 γεγέννηται,
1704 1885 1721 1920 ἦ
1741 1886 1772 1911 ἐκ
1787 1886 1835 1920 τῆξ

1046 1925 1140 1956 οὐσίας
1155 1926 1205 1961 μὲν
1221 1926 1306 1961 αὐτῆς
1322 1928 1483 1962 γεγέννηται
1496 1929 1573 1955 τοῦδε
1583 1938 1590 1945 ε
1606 1931 1654 1956 καὶ
1667 1930 1724 1957 ἔστι
1740 1932 1834 1963 ἁπλῶς

1046 1970 1086 2001 ὃν,
1103 1970 1164 1997 οὔτε
1182 1971 1210 1997 δὲ
1232 1972 1321 2004 πίτυς,
1336 1972 1399 1999 οὕτε
1420 1974 1513 2008 ἕτερόν
1530 1983 1556 2000 τι
1571 1972 1656 2004 εἶδος·
1672 1976 1741 2010 πλὴν
1756 1978 1780 2002 si
1797 1977 1835 2011 μὴ

1048 2017 1093 2043 καὶ
1110 2017 1182 2053 ἄλλῳ
1203 2019 1356 2054 .γεννήτορι
1371 2019 1441 2046 κατὰ
1461 2020 1620 2054 προαίρεσιν
1629 2020 1751 2047 τίκτοντι
1768 2022 1836 2048 ὑπο-

1047 2063 1133 2099 ϐληοῇ
1159 2064 1198 2096 είς
1221 2064 1347 2099 γέννησίν
1372 2073 1448 2091 τινα·
1463 2061 1500 2091 ὧν
1515 2065 1542 2091 τι
1568 2065 1668 2100 μᾶλλον
1693 2066 1838 2101 ἠλιθιώτε-

1049 2117 1093 2142 ρον
1104 2118 1111 2142 ;

1340 2175 1465 2201 ΚΕΦΑΛ.
1483 2176 1546 2202 ΚΖ’.

1082 2229 1114 2254 EI
1133 2229 1263 2264 ἐγεννήθη
1279 2230 1293 2256 ὁ
1313 2230 1379 2260 Θεὸς
1395 2230 1480 2264 Λόγος
1496 2232 1598 2265 κυρίως
1614 2232 1662 2258 καὶ
1679 2232 1750 2258 κατὰ
1769 2232 1835 2267 ἀλή-

1047 2272 1123 2299 θειαν
1144 2275 1176 2300 ἐκ
1197 2274 1243 2300 τοῦ
1270 2276 1386 2310 Πατρὸς,
1402 2278 1449 2302 καὶ
1471 2276 1545 2302 ἐστιν
1572 2278 1664 2312 ὅμοιος
1682 2278 1756 2313 αὐτῷ
1775 2278 1836 2304 κατ’

1046 2319 1153 2345 οὐσίαν
1169 2321 1215 2346 καὶ
1233 2321 1256 2346 εἰ
1273 2321 1405 2356 ἐγεννήθη
1422 2324 1436 2349 ὁ
1453 2323 1533 2354 αὐτὸς
1550 2324 1581 2349 ὲκ
1605 2324 1706 2358 μητρδς
1732 2325 1835 2358 κυρίως

1047 2364 1093 2390 καὶ
1109 2364 1182 2390 κατὰ
1193 2364 1333 2399 ἀλήθειαν,
1347 2367 1395 2392 καὶ
1411 2367 1467 2393 ἔστι
1488 2367 1557 2402 αὕτη
1574 2368 1699 2402 ἀνόμοιος
1713 2369 1774 2394 κατ’
1789 2370 1835 2395 οὐ·

1047 2410 1118 2444 σίαν,
1133 2411 1208 2437 οὐδὲν
1223 2411 1345 2447 διαφέρει
1358 2413 1409 2439 ὑπὸ
1424 2413 1522 2448 ὁμοίων
1530 2413 1651 2449 [κατόὺ]
1665 2414 1681 2449 ἢ
1699 2414 1836 2449 ἀνομοίων

1046 2457 1201 2490 γεννᾶσθαι.
1221 2458 1251 2484 Εἰ
1268 2458 1296 2484 δὲ
1311 2459 1399 2490 τοῦτο,
1414 2459 1474 2485 οὐδὲ
1502 2460 1535 2485 τὰ
1561 2460 1675 2493 ἀνόμοια
1695 2459 1835 2495 διενεχθή·

1047 2510 1121 2528 σεται
1141 2503 1210 2536 πρὸς
1226 2503 1327 2538 ἄλληλα
1352 2505 1412 2531 κατ’
1424 2504 1534 2531 οὐσίαν·
1554 2505 1728 2540 ἐνδεχόμενον
1741 2506 1769 2532 δὲ
1785 2504 1831 2541 ἦν,

1047 2550 1093 2576 καὶ
1112 2548 1158 2575 τὸν
1180 2549 1246 2576 Θεὸν
1259 2550 1345 2583 Λόγον
1366 2551 1398 2576 ἐκ
1411 2550 1458 2577 τοῦ
1477 2551 1582 2586 Πατρὺς
1603 2551 1675 2577 κατὰ
1703 2552 1836 2586 ἀλήθειαν

1039 2595 1222 2629 γεννηθέντα,
1239 2593 1308 2622 εἶναι
1327 2595 1401 2630 αὺτῷ
1413 2595 1474 2622 κατ’
1485 2596 1580 2622 οὐσίαν
1601 2597 1742 2631 ἀνόμοιον·
1766 2597 1835 2623 ἀλλὰ

1048 2642 1135 2668 πάντα
1146 2642 1263 2668 ἀδύνατα
1275 2643 1321 2668 καὶ
1336 2642 1385 2676 τῆς
1401 2642 1555 2673 ὑποθέσεως
1566 2642 1657 2668 αὐτῶν
1669 2643 1743 2675 ἄξια.
1758 2643 1836 2669 Ἑτα-

1048 2688 1198 2722 ρὰχθησαν,
1215 2678 1400 2722 ὲσαλεύθησαν
1425 2688 1462 2719 ὡς
1489 2689 1502 2714 ὁ
1524 2687 1641 2723 μεθύων.
1657 2688 1704 2714 καὶ
1725 2689 1803 2714 πᾶσα
1819 2690 1836 2723 ἡ

1048 2734 1128 2767 σοξξία
1144 2733 1232 2759 αὐτῶν
1247 2733 1399 2768 κατεπόθη·
1416 2732 1501 2759 ταῦτα
1526 2733 1662 2768 εὐκαίρως
1688 2733 1754 2767 ὑμῖν
1786 2734 1838 2758 ἐπ-

1049 2780 1141 2814 ᾴόεται
1155 2779 1222 2814 παρ’
1238 2779 1327 2814 ἡμῶν,
1339 2780 1389 2814 τῆς
1403 2779 1477 2810 θείας
1491 2779 1631 2813 δυνάμεως
1643 2779 1784 2805 meum
1791 2787 1839 2812 της

1050 2826 1095 2852 καὶ
1107 2826 1144 2857 εἰς
1157 2825 1228 2862 ὑμᾶς
1244 2825 1272 2851 τι
1287 2825 1450 2862 δραστήριον
1462 2826 1511 2862 τῆς
1525 2824 1611 2851 παλαι
1626 2824 1768 2860 ἐπιτιμίας
1784 2825 1840 2853 τῶν
