1960 3093
113 167 180 199 1693

584 169 782 200 ADVERSUS
799 168 1074 199 NESTORIANOS.
1091 181 1125 185 —
1136 167 1211 198 LIB.
1232 168 1280 198 IV.

1669 168 1740 200 1694

111 221 172 248 καθ’
189 220 262 254 ὑμᾶς
274 220 323 256 τὴν
338 219 473 256 θεομάχον
486 220 612 257 πρόθεσιν
629 221 776 258 ἀραμένων
790 222 837 249 καὶ
849 221 898 256 τὴν

967 222 1070 256 ηιίιιυω
1087 221 1326 249 condemnationis
1339 229 1436 249 eorum
1454 223 1502 257 qui
1518 223 1671 250 secundum
1691 232 1740 252 vos

111 267 140 293 ιν
148 266 286 294 Βαϐυλῶνι
302 267 483 301 πυργοποιίαν
494 268 716 303 συστησαμένων·
729 267 825 294 «Δεῦτε
835 268 899 302 γὰρ,

112 314 178 347 φησὶ
205 313 251 339 καὶ
265 312 326 338 τότε
339 313 402 348 περὶ
419 313 540 345 ἐκείνων,
557 314 728 345 καταεάντες
742 314 900 348 συγχέωμεν

112 358 201 384 αὐτῶν
214 357 263 389 τὰς
277 357 412 392 γλώσσας.
425 368 435 384 ι
455 359 595 385 Ἐντεῦθεν
617 358 664 386 οὖν
676 359 761 391 ὄντως
777 360 824 386 καὶ
836 360 900 394 ὑμῖν

112 403 136 429 οἰ
157 404 215 430 νυνὶ
228 404 400 439 πεφυρμένοι
411 412 441 430 τε
456 405 504 431 καὶ
518 405 676 440 σκινδαλμοὶ
694 406 740 432 καὶ
755 405 901 439 ἐπάλληλοι

113 449 275 483 ραψολογίαι
300 450 353 475 εἰσὶ
366 450 414 484 τῆς
429 450 559 481 ἀσεϐείας
574 452 622 484 τὴν
638 451 770 486 αἰσχύνην
784 450 901 488 ὲπικρύέ

113 502 189 520 πτειν
202 495 410 530 μηχανώμεναι,
430 495 571 530 Πρώτιστα
585 496 634 530 μὲν
651 494 698 523 οὖν
711 496 829 531 γνῶμεν,
843 497 860 530 ἡ
873 496 903 528 ἐξ

113 540 216 575 ὁμοίων
233 540 249 576 ἢ
263 541 399 574 ἀνομοίων
415 542 551 575 γέννησις,
570 542 627 573 πῶς
639 542 747 576 λέγεται
761 542 841 576 ὑμῖν;
854 542 903 576 τῆς

113 587 288 620 ὁμοιότητος,
308 586 324 621 ἢ
350 588 559 622 ἀνομοιότητος
576 588 644 623 πρὸς
661 589 695 614 τὰ
710 588 836 614 τίκτοντα
848 588 903 614 τῶν

113 631 292 666 τικτομένων,
308 632 366 663 πῶς
382 633 546 667 νοουμένηςς
560 633 590 659 οὑ
603 633 656 668 γὰρ
671 633 703 669 δὴ
721 633 751 660 τὸ
777 633 814 668 μὴ
837 633 903 660 ὑπο-

115 677 180 703 στὰν
206 677 252 703 καὶ
270 675 340 704 εἶναι
365 677 523 712 λεγόμενον,
555 678 584 710 ἐξ
604 679 704 713 ὁμοίων
728 679 745 713 ἢ
770 678 904 713 ἀνομοίων

114 722 241 756 γέννησιν
256 722 330 757 ἔχειν
350 722 531 757 λεχθήσεται·
550 724 770 758 μεταγενεστέρα
782 723 837 759 γὰρ
855 724 904 758 τῆς

113 769 268 802 γεννήσεως
283 769 375 800 αὐτοῖς
388 769 404 802 ὴ
417 769 545 805 ὁμοιότης
559 769 575 804 ἦ
591 770 754 805 ἀνομοιότης
768 770 838 806 πρὸς
855 771 905 797 αὺ-

114 815 176 844 τοὺς
187 814 256 840 κατὰ
268 814 313 840 τὸν
329 815 428 841 οἰκεῖον
450 815 540 848 λόγον.
554 816 691 849 ’Λφείσθω
708 816 741 851 δὴ
753 816 827 850 ὅμως
841 816 905 850 ὑμῖν

115 858 210 884 τοίτο·
226 859 292 891 ῐσως
305 859 359 894 γὰρ
378 861 410 886 ἐκ
427 860 474 886 τοῦ
494 860 588 890 τέλους
610 861 697 887 ταῦτα
723 861 904 895 διεγνωκότες

117 904 256 938 εἰρήκατε.
272 905 304 930 Τί
325 905 353 931 δὲ
365 904 430 938 οὗνς
456 905 587 932 ἀδύνατον
600 906 646 932 τὸν
669 907 740 933 κατὰ
761 907 905 942 διαφόρους
922 896 943 924 Β

117 949 257 985 γεννήσεις
272 950 449 985 γεννηθέντα,
477 952 524 978 καὶ
551 952 582 978 ἐκ
607 952 741 988 διαφόρων
762 953 810 987 ⁸τὴν
826 952 906 986 φύσιν

116 997 298 1031 γεννητόρων,
314 997 443 1032 διάφορον
454 997 519 1024 ὄντα
530 999 591 1030 ταῖς
604 999 712 1033 φύσεσι,
727 999 774 1024 καὶ
787 998 905 1033 ἀληθῶς,

117 1041 179 1068 καθ’
191 1042 324 1077 ἑκατέραν
343 1043 473 1078 τεχθῆναι
491 1043 640 1077 γέννησιν;
659 1043 707 1070 καὶ
720 1043 768 1070 τοῦ
789 1043 839 1078 μὲν
853 1043 907 1070 τῶν

117 1087 252 1114 τεκόντων
265 1088 356 1123 ὅμοιον
371 1089 441 1115 κατὰ
454 1097 478 1115 τι
492 1089 545 1115 τῶν
565 1088 657 1120 αὑτοῦ,
678 1088 725 1115 τοῦ
739 1088 766 1115 δὲ
781 1089 907 1123 ἀνόμοιον

118 1133 284 1165 δείκνυσθαι,
299 1134 342 1160 διὰ
355 1134 386 1160 τὸ
409 1134 537 1170 διάᾳορον
563 1134 617 1161 τῶν
636 1134 733 1162 τούτου
756 1135 908 1170 γεννήσεων

119 1179 233 1205 καὶτῶν
263 1179 468 1215 γεγεννημένων
487 1180 564 1206 τοῦδε
588 1179 826 1215 οὐσιῶν;Ἑόείχοη
855 1180 909 1215 γὰρ

121 1225 150 1250 ὲν
166 1225 222 1255 τοῖς
239 1225 358 1260 πρώτοις
369 1227 445 1259 ἡμῖν,
457 1226 498 1252 ὅτι
511 1226 556 1252 καὶ
568 1225 600 1252 ἐκ
612 1227 660 1259 τῆς
676 1226 761 1260 αὐτῆς
778 1225 825 1252 καὶ
839 1225 909 1251 κατὰ

121 1272 176 1298 πᾶν
199 1272 276 1304 γένος
297 1272 343 1298 καὶ
362 1271 431 1304 εἶδος
452 1273 499 1299 καὶ
522 1273 611 1300 πάντα
627 1273 743 1308 ἀριθμὸν
763 1273 909 1307 ἀδιαφόρου

123 1317 217 1348 οὐσίας
241 1317 316 1350 παρὰ
338 1317 383 1344 τὸν
405 1318 532 1352 διάφορον
547 1318 650 1353 τρόπον
673 1319 723 1353 τῆς
744 1318 908 1352 γεννήσεως,

122 1364 204 1398 δμοιὰ
217 1372 247 1390 τε
263 1364 310 1390 καὶ
326 1364 439 1399 ἀνόμοια
454 1364 586 1396 πολλάκις
601 1364 706 1398 γίνεται
717 1363 752 1390 τὰ
765 1364 911 1398 τικτόμενα

123 1410 190 1444 πρὸς
206 1410 238 1436 τὰ
255 1410 394 1436 τίκτοντα·
412 1410 509 1437 οὐκοῦν
524 1409 705 1446 ὀρθοτομοῦσι
717 1410 767 1444 τὴν
783 1409 912 1443 ἀλήθειαν

123 1456 150 1481 οῖ
173 1464 254 1489 φασιν
278 1456 319 1482 ὃτι
346 1456 479 1491 ἐγεννήθη
501 1456 550 1490 μὲν
565 1457 578 1482 ό
598 1456 684 1490 Λόγος
700 1457 731 1482 ὲκ
743 1455 790 1482 τοῦ
807 1454 912 1490 Πατρὶς

124 1502 241 1536 ἀληθῶς,
259 1502 329 1528 κατὰ
341 1502 390 1537 τὴν
406 1502 476 1528 ἰδίαν
492 1502 520 1528 δὲ
533 1503 615 1536 μόνου
630 1502 677 1528 τοῦ
698 1502 803 1537 Πατρδς
817 1494 913 1536 γέννη-

124 1557 167 1574 σιν
192 1546 239 1574 καὶ
259 1547 364 1578 οὐσίαν.
382 1548 429 1574 καὶ
453 1547 511 1573 ἔστι
528 1548 620 1583 ὅμοιος
646 1547 721 1582 αὑτῴ
743 1547 803 1573 κατ’
821 1547 914 1573 οὐσίαν

124 1593 175 1626 τὴν
197 1593 234 1624 ὡς
260 1593 348 1626 Λόγου
372 1592 458 1619 Θεοῦ·
477 1593 607 1628 ἐγεννήθη
633 1593 661 1620 δὲ
687 1593 734 1618 καὶ
756 1594 788 1618 ὲκ
804 1593 915 1627 Μητρὸς

126 1639 242 1673 ἀληθῶς,
260 1639 328 1665 κατὰ
341 1639 389 1674 τὴν
410 1639 477 1666 ἰδίαν
503 1639 588 1673 αὐτῆς
605 1639 653 1665 καὶ
669 1639 753 1673 μόνης
768 1639 915 1673 γενομένην

126 1685 202 1711 τοῦδε
217 1686 352 1718 γέννησιν,
366 1685 413 1713 καὶ
430 1685 487 1711 ἔστι
510 1685 557 1711 καὶ
573 1685 643 1720 αὐτῇ
658 1686 690 1719 τῇ
710 1685 802 1719 Μητρὶ
818 1684 915 1710 ἑαυτοῦ

128 1731 188 1757 κατ’
201 1731 295 1757 οὐσίαν
307 1731 389 1758 αὐτοῦ
402 1732 450 1766 τὴν
462 1731 499 1762 ὡς
516 1731 661 1766 ἀνθρώπου
681 1731 785 1765 ὅμοιος.
802 1730 873 1757 κατὰ
888 1730 917 1756 δὲ

127 1778 177 1809 τὴν
192 1776 228 1807 ὡς
245 1776 342 1809 Λόγου,
358 1776 483 1810 ἀνόμοιος
502 1776 570 1810 αὐτῇ
584 1784 590 1790 ·
606 1776 675 1809 πλὴν
691 1775 755 1806 Υἱὸς
778 1774 887 1809 ἀληθῶς
905 1775 919 1800 ὁ

129 1822 214 1854 Λόγος
227 1821 273 1847 τοῦ
289 1829 317 1846 τε
333 1821 426 1854 ὁμοίου
446 1820 559 1854 Πατρδς,
577 1821 624 1846 καὶ
639 1821 687 1854 τῆς
705 1820 832 1854 ἀνομοίου
845 1819 919 1854 αὖτῷ

128 1867 239 1902 Μητρός
250 1875 257 1882 ·
275 1866 378 1901 ἀληθὴς
389 1867 443 1901 γὰρ
457 1867 588 1901 ἑκάτερος
601 1866 700 1901 τρόπος
715 1865 770 1892 τῶν
782 1866 825 1892 ἐπ’
836 1865 919 1891 αὑτοῦ

129 1905 281 1947 γεννήσεων
298 1912 415 1948 ἐδείχθη,
432 1913 446 1938 ὃ
464 1921 494 1938 τε
509 1911 556 1939 τοῦ
571 1910 651 1944 εἶναι,
666 1913 712 1938 καὶ
728 1912 741 1937 ὁ
754 1911 802 1937 τοῦ
820 1911 918 1938 τοιῶσ-

129 1961 169 1987 δε.
190 1960 228 1987 Οὐ
244 1959 298 1994 γὰρ
316 1959 348 1993 δὴ
375 1959 502 1993 ὁμοιότης
525 1959 680 1994 συνίστησιν
695 1958 788 1989 ἁπλῶς
802 1958 851 1992 τὴν
864 1958 921 1984 υἱό-

131 2014 210 2041 τητα,
227 2005 263 2036 ὡς
280 2004 411 2036 πολλάκις
426 2002 570 2039 εἴρηται·ἦ
585 2004 638 2038 γὰρ
655 2003 688 2030 ἂν
703 2003 800 2030 πάντες
817 2003 922 2038 ἄνθρω-

133 2059 178 2077 ποι
197 2051 285 2085 ὅμοιοι
303 2050 379 2080 ὄντες
399 2049 461 2076 κατ’
476 2049 571 2075 οὐσίαν
586 2048 723 2083 ἀλλήλοις,
741 2048 794 2074 υἱοὶ
808 2048 865 2082 ἅμα
876 2048 923 2074 καὶ

133 2096 259 2131 πατέρες,
276 2095 322 2122 καὶ
338 2095 420 2121 τέκνα
429 2094 483 2120 τῶν
498 2093 600 2120 τέκνων
622 2094 647 2120 οἱ
657 2094 823 2128 γεννήτορες
841 2091 921 2128 ἦσαν,

133 2143 180 2169 καὶ
206 2142 230 2168 οἰ
253 2140 362 2174 ἀδελφοὶ
378 2140 405 2166 δὲ
422 2139 475 2166 τῶν
488 2139 591 2166 ἑαυτῶν
614 2139 736 2173 ἀδελφῶν
766 2136 838 2176 εἶναι
859 2140 922 2172 υἱοὶ,

132 2188 176 2214 διὰ
204 2187 253 2221 τὴν
282 2185 342 2212 κατ’
358 2185 452 2212 οὐσίαν
466 2184 613 2220 ὁμοιότητα
639 2185 707 2220 πρὶς
732 2185 830 2216 αὐτοὺς
849 2193 926 2220 νομι-

134 2232 179 2259 σθε
185 2232 210 2267 ιη
215 2240 271 2258 σαν.

953 267 980 293 in
997 267 1082 294 Deum
1105 267 1246 303 pugnandi
1265 268 1438 302 propositum
1465 275 1645 303 susceperant
1666 275 1690 297 et
1711 271 1739 297 in

952 312 1090 349 Babylone
1107 313 1195 340 turris
1206 313 1417 340 aedificationem
1440 314 1653 341 constitueram.
1669 315 1740 342 Dixit

952 359 1025 386 enim
1042 359 1125 386 etiam
1144 364 1199 386 tum
1224 358 1258 386 de
1284 358 1350 393 ipsis
1369 369 1376 386 ι
1397 368 1406 384 ι
1419 359 1527 392 Vertite,
1542 359 1741 387 descendente;

952 405 1156 432 conl‘undamus
1179 405 1287 439 linguas
1313 413 1420 432 eorum.
1440 416 1448 431 ι
1467 406 1531 432 lmle
1557 406 1641 440 igitur
1653 407 1740 441 reipsa

952 455 981 478 et
995 451 1072 478 vobis
1087 459 1160 478 nunc
1174 455 1240 478 sunt
1254 451 1420 478 ct‘conl'uszn
1436 452 1654 480 subtilitates.et
1677 460 1742 479 verr

952 497 1052 524 horum
1078 497 1218 532 implicita
1244 501 1348 524 sutura:
1372 497 1406 524 ad
1425 497 1575 532 impietatis
1601 498 1740 525 infamiam

954 543 1098 578 tegendam
1114 547 1237 570 structa).
1249 544 1321 571 Ante
1336 544 1428 570 omnia
1444 552 1509 578 ergo
1523 545 1642 571 sciamus
1657 552 1742 579 gene-

954 588 1025 614 ratio
1039 596 1073 615 ex
1084 587 1223 615 similibus
1235 593 1282 615 aut
1293 588 1475 615 dissimilibus
1490 589 1628 622 quomodo
1641 597 1654 615 a
1665 589 1742 616 vobis

954 634 1079 666 dicatur;
1099 633 1311 661 similitudinem
1328 638 1375 661 aut
1391 633 1647 660 dissimilitudinem
1664 635 1742 668 geni-

954 683 1046 706 torum
1061 679 1174 706 relative
1193 679 1226 706 ad
1244 680 1390 714 gignentes
1410 679 1551 713 quomodo
1574 679 1742 713 intelligatis.

953 725 1015 752 Non
1027 725 1101 752 enim
1115 726 1188 760 quod
1206 734 1260 752 non
1276 730 1318 753 est
1334 725 1488 753 subsistens
1506 729 1534 751 et
1552 732 1611 752 esse
1629 725 1742 755 dicitur,

956 778 990 798 ex
1006 770 1144 798 similibus
1155 775 1203 798 aut
1219 770 1402 798 dissimilibus
1418 770 1623 805 generationem
1642 768 1744 796 habere

955 816 1074 843 dicetur.
1103 817 1243 844 Posterior
1272 820 1315 843 est
1342 816 1416 843 enim
1439 816 1617 850 generatione
1647 823 1743 842 eorutn

957 861 1112 889 similitudo
1135 862 1178 889 vel
1204 861 1413 893 dissimilitudo,
1430 862 1507 896 juxta
1531 862 1674 896 proprium
1702 862 1744 888 lo-

957 906 1061 941 quendi
1075 906 1197 933 modum.
1209 906 1384 934 Concedatur
1397 911 1486 934 tamen
1500 907 1552 934 hoc
1561 907 1649 934 vobis.
1664 907 1746 934 Forte

957 952 1031 979 enim
1043 960 1058 978 a
1073 951 1126 978 ﬁne
1140 952 1199 979 haec
1214 952 1332 980 scientes
1344 952 1461 980 dixistis.
1475 951 1546 985 Quid
1563 960 1628 987 ergo
1645 953 1748 986 impos-

958 997 1039 1024 sibile
1055 1002 1098 1025 est
1112 1005 1176 1024 eum
1190 998 1236 1031 qui
1252 997 1405 1024 secundum
1417 997 1580 1024 diﬂ‘erentes
1592 997 1747 1032 generatio-

958 1051 1009 1070 nes
1030 1043 1141 1078 genitus
1154 1047 1207 1074 est,
1224 1047 1251 1069 et
1270 1050 1302 1070 ex
1317 1041 1490 1078 genitoribus
1505 1047 1603 1070 natura
1618 1042 1748 1070 diﬁcren—

960 1088 1047 1121 tibus,
1077 1088 1252 1115 diﬂ'erentem
1281 1088 1371 1123 ipsum
1399 1089 1520 1125 naturis,
1546 1096 1609 1115 vere
1637 1095 1748 1122 quoque

959 1134 1113 1162 secundum
1125 1139 1272 1168 utramque
1288 1135 1494 1169 generationem
1509 1135 1631 1169 genitum
1648 1134 1747 1165 fuisse;

960 1183 988 1206 et
1013 1179 1078 1206 hinc
1094 1179 1269 1214 genitoribus
1292 1179 1350 1207 suis
1366 1180 1483 1207 similem
1498 1180 1650 1207 secundum
1669 1179 1748 1214 quid,

961 1226 1025 1253 inde
1041 1231 1132 1253 autem
1154 1226 1318 1253 dissimilem
1333 1226 1530 1258 demonstrari,
1542 1229 1656 1260 propter
1670 1225 1750 1252 ditl‘c-

962 1272 1079 1299 rentiam
1107 1280 1220 1299 suarum
1239 1273 1448 1307 generationum
1477 1277 1505 1299 et
1532 1271 1749 1299 substantiarum

962 1325 1074 1344 suorum
1085 1317 1264 1352 genitorum?
1280 1317 1460 1344 Monstratum
1475 1317 1548 1343 enim
1567 1325 1582 1343 τι
1603 1316 1682 1343 nobis
1700 1315 1749 1342 fuit

962 1363 1045 1390 etiam
1064 1371 1079 1390 a
1098 1363 1236 1398 principio
1250 1370 1265 1390 e
1300 1371 1333 1390 ex
1346 1363 1442 1389 eadem
1460 1361 1612 1389 substantia
1630 1369 1683 1388 non
1699 1360 1752 1387 dil-

962 1408 1070 1435 ferente
1086 1407 1240 1447 secundum
1256 1411 1343 1434 totum
1360 1414 1447 1441 genus
1462 1410 1491 1433 et
1513 1406 1629 1432 formam
1655 1409 1682 1432 et
1702 1412 1753 1431 nt:-

964 1461 1082 1485 merum,
1103 1458 1216 1488 propter
1239 1452 1414 1479 diﬂ'erentcm
1427 1451 1612 1487 generationis
1630 1450 1752 1479 modum.

965 1499 1120 1534 similiaque
1133 1503 1161 1526 et
1172 1498 1317 1525 dissimilia
1331 1498 1389 1525 lieri
1404 1505 1475 1532 saepe
1487 1497 1579 1531 genita
1592 1496 1705 1524 relative
1718 1495 1753 1523 ad

929 1560 950 1589 ε
966 1546 1116 1581 gignentia.
1130 1545 1216 1580 Igitur
1232 1549 1306 1572 recte
1324 1548 1352 1571 et
1367 1543 1521 1570 secundum
1537 1543 1681 1569 veritatem
1692 1550 1755 1568 sett-

967 1591 1040 1618 tiunt
1064 1591 1111 1625 qui
1123 1590 1221 1617 dicunt
1242 1589 1365 1625 genitum
1385 1588 1469 1615 fuisse
1491 1588 1611 1615 Verbum
1633 1595 1697 1614 vere
1722 1594 1755 1613 cx

966 1638 1048 1665 Patre
1067 1636 1219 1664 secundutn
1239 1635 1377 1670 propriam
1397 1635 1480 1661 unius
1498 1634 1588 1661 Patris
1602 1632 1757 1668 generatio—

968 1691 1030 1710 nem
1047 1686 1074 1710 et
1091 1680 1288 1711 substantiam,
1304 1685 1331 1707 et
1347 1687 1407 1707 esse
1421 1679 1460 1706 illi
1474 1678 1564 1706 simile
1581 1676 1672 1712 quoad
1690 1676 1757 1703 sub-

968 1729 1108 1760 stantiam,
1130 1726 1313 1754 substantiam
1327 1733 1426 1759 nempe
1443 1724 1491 1751 Dei
1509 1724 1609 1755 Verbi;
1634 1723 1757 1757 genitura

969 1779 1061 1802 autem
1090 1773 1174 1800 luisse
1203 1780 1268 1798 vere
1298 1779 1409 1806 quoque
1436 1778 1468 1797 ex
1494 1770 1578 1796 Matre
1605 1769 1757 1796 secundum

970 1820 1058 1854 ipsius
1071 1818 1278 1853 generationem
1295 1816 1437 1851 propriam
1454 1823 1488 1842 ex
1503 1815 1561 1849 ipsa
1576 1814 1642 1844 sola,
1658 1820 1684 1840 et
1699 1821 1759 1841 esse

971 1865 1022 1900 ipsi
1050 1872 1105 1892 suae
1127 1853 1207 1890 matri
1233 1862 1323 1889 simile
1345 1861 1497 1888 secundum
1522 1868 1611 1891 suam,
1641 1858 1760 1886 hominis

971 1910 1088 1940 scilicet,
1101 1909 1292 1939 substantiam,
1307 1908 1346 1934 illi
1360 1911 1451 1934 autem
1465 1906 1598 1933 dissimile
1608 1905 1759 1932 secundum

972 1953 1154 1980 substantiam
1171 1961 1254 1987 quam
1272 1952 1354 1979 habet
1368 1957 1396 1979 ut
1415 1951 1545 1978 Verbum.
1558 1951 1596 1977 lta
1610 1958 1675 1977 sane
1694 1950 1762 1976 Ver-

973 1999 1038 2026 bum
1053 2006 1116 2026 vere
1134 2004 1176 2026 est
1196 1998 1281 2025 Filius
1304 1997 1401 2024 similis
1426 1997 1525 2029 Patris,
1546 1996 1632 2023 Filius
1652 2003 1761 2031 quoque

974 2045 1070 2072 Matris
1084 2044 1230 2071 diSsimilis
1244 2044 1327 2071 Patri.
1346 2044 1435 2071 Verus
1449 2043 1522 2070 enim
1536 2047 1650 2077 uterque
1665 2041 1763 2068 modus

974 2090 1183 2126 generationmn
1200 2090 1261 2124 ejus
1280 2089 1499 2120 demonstratur,
1524 2089 1569 2115 hic
1587 2096 1685 2122 nempe
1708 2094 1763 2122 quo

975 2141 1027 2168 est,
1047 2137 1093 2163 ille
1106 2144 1160 2170 quo
1178 2141 1220 2163 est
1236 2136 1335 2163 taliter.
1353 2135 1512 2162 Similitudo
1526 2135 1600 2161 enim
1619 2142 1673 2160 non
1695 2141 1762 2160 con-

976 2183 1068 2210 stituit
1085 2182 1257 2213 ftliationem,
1277 2187 1307 2208 ut
1320 2188 1440 2216 perszepe
1457 2180 1561 2207 dietmn
1575 2185 1626 2207 est.
1654 2179 1758 2206 Omnes

941 2227 964 2255 D
977 2229 1051 2256 enim
1068 2228 1206 2260 ltomines,
1224 2231 1318 2261 utpote
1333 2227 1380 2261 qui
1394 2227 1466 2253 inter
1482 2234 1512 2253 se
1527 2225 1643 2252 invicem
1662 2225 1765 2251 similes

133 2277 285 2305 secundum
303 2276 495 2307 substantiam.
515 2275 563 2302 ﬁlii
576 2275 657 2303 simul
672 2280 701 2302 et
730 2280 822 2310 patres
834 2279 937 2308 essent,
957 2279 985 2302 et
1016 2274 1156 2309 genitores
1174 2277 1266 2300 essent
1282 2272 1330 2299 lilii
1347 2279 1459 2299 suorum
1474 2271 1603 2303 tiliorum,
1620 2275 1648 2298 et
1668 2270 1767 2298 fratres

135 2330 247 2352 suorum
264 2321 381 2350 fratrum
398 2329 458 2348 esse
479 2321 560 2354 ﬁlios,
578 2324 691 2356 propter
710 2320 921 2348 similitudinem
941 2319 1105 2348 substantia:
1118 2319 1233 2346 relative
1250 2318 1283 2349 ad
1298 2318 1314 2352 i;
1326 2325 1381 2351 sos,
1398 2323 1588 2344 censerentur.

418 2368 544 2395 ΚΕΦΑΛ.
559 2368 627 2394 κη’.

171 2415 201 2441 Εἰ
226 2415 256 2440 τὸ
280 2415 371 2446 ἁῖδίως
385 2414 414 2440 ὃν
428 2414 490 2441 ’ύστε
497 2422 541 2450 ρον
557 2414 685 2447 γεννᾶται
698 2413 770 2440 κατὰ
784 2413 923 2448 ἀλήθειαν,

136 2460 183 2485 καὶ
196 2459 226 2485 τὸ
245 2458 312 2494 μηδὲ
338 2459 406 2490 ὅλως
420 2459 460 2490 ὃν,
477 2458 603 2494 ἐνεργείᾳ
626 2458 662 2494 μὴ
675 2458 716 2490 ὃν,
732 2459 836 2492 γίνεται
853 2458 926 2485 κατὰ

136 2505 284 2540 ἀλήθειαν·
300 2505 325 2530 εἰ
350 2504 379 2530 δὲ
396 2504 425 2530 τὸ
441 2504 567 2540 δεύτερον
582 2504 724 2536 ἀδύνατον,
740 2504 787 2530 καὶ
803 2504 833 2530 τὸ
852 2504 926 2538 πρῶ-

136 2561 181 2578 τ’μν
200 2551 264 2585 ἄρα.
289 2551 358 2577 Ἀλλ’
383 2551 408 2577 εί
435 2551 482 2577 καὶ
495 2551 526 2577 ὃν
544 2551 574 2578 τὸ
586 2551 615 2577 ὃν
629 2551 659 2577 οὺ
677 2551 791 2584 γίνεται,
809 2549 877 2576 ἀλλὰ
895 2550 926 2576 τὸ

136 2597 248 2623 τοιὼσδε
269 2596 308 2628 ὃν,
331 2597 370 2627 εἰς
387 2596 417 2623 τὸ
432 2596 534 2632 ἑτέρως
549 2596 661 2623 τοιῶσόε
684 2594 764 2629 εἶναι,
781 2596 805 2622 εἰ
821 2596 868 2622 κα)⁸
894 2596 925 2622 οὐ

137 2650 207 2669 κατα
222 2643 326 2677 τροπὴν
339 2641 407 2668 ἀλλὰ
420 2641 573 2677 πρόσληψιν
591 2642 761 2677 καινοτέραν,
778 2641 925 2675 γεννᾶσθαι

136 2688 250 2714 δυνατόν
260 2696 267 2703 ·
280 2688 339 2714 οὐδὲ
357 2688 413 2722 γὰρ
430 2688 502 2714 κατὰ
517 2688 547 2714 τὺ
560 2688 626 2714 αὑτό
641 2696 684 2719 τις
705 2688 770 2722 ὑμῖν
786 2687 880 2718 ἀϊδίως
895 2695 925 2713 τε

138 2731 209 2760 εἷναί
227 2742 252 2760 τι
269 2733 317 2760 καὶ
342 2734 396 2760 ἀπὸ
411 2734 509 2768 χρόνου
534 2734 665 2769 ἄρχεσθαι
680 2734 803 2769 εἴρηκεν.
820 2733 926 2760 Οὐκοῦν

138 2781 166 2806 τί
186 2779 285 2806 κωλύει
315 2780 361 2806 τὸν
386 2781 456 2807 κατὰ
482 2780 512 2807 τὸ
536 2778 607 2807 εἶναι
634 2780 753 2816 ἄναρχον
769 2779 925 2815 νοούμενον,

139 2828 210 2851 κατὰ
224 2826 256 2851 τὸ
277 2825 390 2856 ἀλλοίως
406 2824 489 2857 εἶναι,
507 2826 590 2861 ἤγουν
606 2826 826 2861 σετλρκωμὲνον,
843 2826 927 2861 ἀρξάη

139 2879 222 2906 μενον
238 2868 316 2903 εῗναι;
333 2871 443 2903 ἀλλοίως
460 2872 513 2907 γὰρ
527 2871 595 2899 εἶναι
618 2872 707 2905 αὑτὸν,
725 2873 754 2898 οὐ
771 2872 840 2898 κατὰ
866 2879 927 2909 τρο-

1273 2363 1349 2392 CAP.
1382 2363 1502 2390 XXVIII.

1010 2410 1038 2437 Si
1051 2409 1124 2444 quod
1138 2413 1181 2436 est
1196 2409 1230 2435 ab
1255 2413 1358 2436 aeterno
1375 2407 1512 2442 posterius
1532 2406 1653 2442 gignitur
1668 2413 1767 2432 secun-

974 2457 1040 2484 dutn
1054 2456 1211 2486 veritatem,
1229 2454 1302 2489 quod
1332 2454 1445 2481 omnino
1456 2461 1512 2480 non
1526 2457 1578 2483 est,
1601 2451 1627 2478 vi
1647 2460 1695 2478 sua
1714 2459 1769 2478 non

975 2503 1111 2530 exsistens
1123 2522 1130 2532 ,
1153 2501 1296 2535 titaliquid
1310 2500 1414 2535 pariter
1441 2499 1594 2527 secundutn
1612 2498 1768 2525 veritatem.

977 2549 1109 2576 Siaulem
1121 2547 1273 2575 secundum
1297 2545 1477 2581 impossibile,
1502 2553 1567 2580 ergo
1583 2549 1611 2572 ct
1640 2544 1769 2578 primum.

976 2595 1011 2622 At
1025 2595 1099 2630 quod
1116 2594 1225 2622 exsistit
1241 2602 1295 2620 non
1315 2593 1351 2620 sit
1370 2592 1526 2632 essistens;
1545 2591 1592 2618 sed
1615 2590 1689 2625 quod
1725 2589 1770 2616 tali

976 2641 1059 2668 modo
1083 2641 1200 2672 exsistit,
1227 2644 1316 2675 potest
1335 2640 1407 2674 gigni
1419 2640 1446 2666 in
1460 2639 1543 2666 ali-un
1561 2638 1643 2664 talem
1660 2636 1772 2663 modum

977 2686 1143 2719 exsistendi,
1159 2694 1214 2713 non
1241 2685 1353 2721 quidem
1369 2693 1418 2720 per
1443 2684 1623 2712 mutationem
1653 2682 1702 2709 sed
1724 2688 1773 2716 per

977 2740 1076 2760 novam
1094 2735 1294 2767 acceptionem.
1309 2732 1454 2767 Nunquam
1471 2731 1544 2758 enim
1559 2730 1705 2764 quisquam
1723 2736 1771 2754 νος

977 2778 1021 2806 bis
1035 2778 1103 2805 dixit
1120 2778 1193 2805 idem
1210 2783 1397 2812 aeternumque
1405 2777 1538 2804 exsistere
1555 2780 1583 2802 et
1600 2776 1627 2802 in
1651 2779 1774 2808 tempore

979 2823 1113 2859 incipere.
1139 2823 1210 2858 Ergo
1233 2823 1299 2857 quid
1327 2822 1440 2856 impedit
1468 2821 1535 2856 quin
1557 2820 1603 2854 qui
1621 2818 1774 2854 concipitur

981 2870 1039 2898 sine
1053 2869 1189 2910 principio
1200 2869 1351 2896 secundum
1367 2875 1447 2896 suum
1460 2875 1530 2901 esse,
1541 2867 1584 2894 ille
1607 2865 1775 2904 principium
