1960 3093
225 117 298 151 169?)

861 115 1016 145 LEONTII
1037 113 1104 145 ΒΥΖ
1113 114 1240 146 \NTINI

1784 113 1847 145 1700

222 181 284 210 qua:
297 172 377 201 estin
394 172 477 207 ligno.
505 171 533 200 Si
552 172 701 208 posterius,
718 170 803 206 liquet
822 171 876 198 vim
902 171 973 206 ignis
987 175 1015 198 et

1071 171 1134 206 αὕτη
1156 172 1172 206 ἡ
1204 171 1232 197 ὲν
1250 169 1289 205 τῷ
1302 168 1385 205 ξύλῳ,
1397 169 1429 196 τὰ
1450 167 1496 195 toil
1511 168 1635 201 τέκτονος
1644 170 1673 194 οὐ
1688 168 1828 204 δυνήσεται
1839 179 1846 185 ·

224 219 312 254 ignem
327 218 354 244 in
368 217 442 252 ligno
453 222 613 252 generatum
628 224 708 251 posse
722 224 813 252 agere.
829 215 856 244 Si
871 216 1010 244 autemita

222 264 382 299 est,genito
398 263 468 290 facta
491 267 533 290 est
558 262 734 297 partieipatio
761 262 925 289 substantia:
955 269 1015 296 quae

223 310 289 337 illud
307 309 424 345 genuit;
449 309 501 335 hoc
519 309 592 335 enim
614 308 781 335 testiﬁcatur
806 309 866 343 ejus
881 308 1015 335 naturalis

223 355 266 382 vis
294 363 354 390 quae
374 355 498 389 sequitur
516 353 651 388 genitum.
665 353 693 380 Si
707 358 798 380 autem
812 352 883 380 facta
897 357 938 380 est
951 361 1014 387 par-

223 400 348 435 ticipatio
367 400 537 431 substantiae,
556 399 578 426 si
596 398 738 433 generatio
761 406 816 425 non
844 402 934 425 estex
948 398 1014 425 sub-

224 446 323 472 stantia
338 444 386 471 sed
398 451 430 471 ex
439 444 465 470 vi
483 444 599 479 alicujus
615 451 669 470 non
685 443 872 475 subsistentis,
890 443 1014 478 quaedam

226 497 280 517 non
302 490 481 517 subsistentia
514 489 733 516 dominabuntur
766 489 961 520 substantiam,
987 493 1016 516 et

225 540 307 563 erunt
317 543 398 563 causa
412 535 640 566 substantiarum,
659 535 734 570 quod
747 539 791 562 est
803 535 983 570 impossibile.

510 643 584 671 CAP.
606 643 730 670 XXXI“.

263 701 289 729 Si
316 700 427 736 proprie
461 704 488 727 et
511 707 576 727 vere
598 699 709 734 genitus
730 704 772 727 est
792 700 866 727 Deus
892 699 1013 727 Verbum

226 756 242 775 e
257 748 380 782 Virgine,
397 752 426 774 et
440 751 481 773 est
507 747 553 773 illa
576 746 721 776 absimilis,
736 750 764 773 et
778 745 890 780 proprie
906 748 934 772 et
951 752 1016 772 vere

227 794 337 829 genitus
356 797 399 820 est
414 793 485 819 idem
499 801 515 820 e
531 792 622 824 Patre,
637 792 703 826 quid
720 792 850 826 prohibet
864 792 940 818 illum
954 798 1015 818 esse

1065 218 1089 244 εἰ
1109 217 1137 243 δὲ
1153 215 1225 244 κατὰ
1239 215 1269 242 τὸ
1285 215 1422 250 δεύτερον,
1444 214 1530 248 σαφὲς
1547 215 1588 240 ὅτι
1603 216 1726 248 ἐνεργεῖν
1749 215 1782 241 τὰ
1802 214 1846 242 τοῦ

1065 263 1150 298 πυρδς
1168 263 1215 289 καὶ
1227 261 1258 287 τὺ
1271 261 1401 295 γεννηθὲν
1415 261 1445 286 ἐν
1460 259 1498 295 τῷ
1511 259 1583 294 ξύλῳ
1602 259 1667 295 πῦρ,
1686 260 1829 295 δυνήεεται
1839 267 1846 274 ·

1065 309 1090 334 εἰ
1107 309 1135 335 δὲ
1155 307 1245 340 τοῦτο,
1265 306 1417 342 μετάληψις
1437 307 1532 340 γέγονε
1549 306 1598 340 τῆς
1617 305 1750 340 τεκούσης
1772 305 1848 332 αὑτὸν

1065 354 1157 385 οὐσίας
1170 353 1209 388 τῷ
1224 352 1396 388 γεννηθέντι·
1415 352 1496 378 τοῦτο
1511 351 1565 387 γὰρ
1586 352 1720 387 μαρτυρεῖ
1739 351 1848 386 δηλαδὴ,

1065 401 1186 435 ἑπομένη
1200 400 1247 427 καὶ
1267 400 1346 435 τῷδε,
1363 398 1466 433 ταύτης
1482 399 1497 433 ἡ
1516 398 1617 433 φυσικὴ
1631 398 1767 433 ἐνέργεια.
1783 398 1812 424 Εἰ
1823 398 1850 424 et

1068 445 1218 482 μετάληψις
1234 445 1344 478 γέγονεν
1368 444 1472 476 οὐσίας,
1491 444 1514 470 εί
1539 442 1576 478 μὴ
1599 444 1631 469 ὲκ
1659 444 1709 477 τῆς
1730 443 1849 477 οὺσῖαςή

1065 492 1203 526 γέννησις,
1220 490 1276 516 ἀλλ’
1295 489 1324 521 ἐξ
1339 489 1479 524 ἐνεργείας
1494 487 1630 518 ἀνουσίου,
1653 486 1727 514 ἔσται
1740 486 1850 512 avo-3m

1066 535 1292 572 κατακρατοῦντα
1315 535 1365 570 τῆς
1390 534 1494 565 οὐσίας,
1512 533 1559 559 καὶ
1572 532 1671 559 οὐσιῶν
1684 533 1768 565 αἰτία,
1785 533 1852 567 ὅπερ

1066 582 1206 609 ἀδύνατον,

1357 634 1482 660 ΚΕΦΑΛ.
1499 634 1560 660 ΛΓ¹.

1101 693 1133 720 Et
1148 692 1250 728 κυρίως
1279 692 1326 718 καὶ
1353 691 1424 718 κατὰ
1451 691 1578 726 ἀλήθειαν
1596 691 1728 726 ἐγεννήθη
1750 692 1763 717 ὁ
1787 691 1850 722 Θεὸς

1066 739 1152 774 Λόγος
1169 740 1200 764 ἐκ
1216 738 1265 772 τῆς
1280 737 1430 772 Παρθένου,
1447 738 1494 764 καὶ
1521 738 1595 764 ἐστιν
1621 737 1692 771 αὓτη
1715 738 1851 770 ἀνόμοιος.

1066 784 1113 810 καὶ
1129 783 1231 818 κυρίως
1250 783 1296 808 καὶ
1311 782 1382 808 κατὰ
1397 781 1525 817 ἀλήθειαν
1544 782 1675 816 ἐγεννήθη
1692 783 1705 808 ό
1729 782 1809 813 αὐτὸς
1822 783 1852 807 ἐκ

228 839 310 866 etiam
335 838 406 866 Patri
431 837 600 868 absimilem,
615 844 705 870 neque
725 835 953 871 generationibus
971 843 1015 862 se-

1071 829 1183 864 Πατρὸς,
1196 828 1221 854 τί
1233 827 1332 854 κωλύει
1343 825 1497 854 εἷναιαὺτὸν
1508 829 1555 854 καὶ
1568 827 1607 862 τῷ
1620 827 1705 862 Πατρὶ
1717 828 1850 862 ἀνόμοιον.

228 884 350 912 eundum
362 884 483 918 speciem
496 883 700 913 diﬂerentibus,
714 890 803 917 neque
817 881 909 917 genito
918 881 1017 909 simul?

230 929 337 956 Etenim
363 929 385 954 si
404 928 494 961 rcipsa
511 928 703 962 generationes
720 928 872 955 secundum
895 927 1016 962 speciem

230 983 283 1001 non
306 974 448 1005 differunt,
474 977 502 1000 ct
527 973 650 1001 totalitas
666 974 752 1008 geniti
777 973 874 1000 eodem
891 973 973 1000 modo
988 980 1016 1000 se

231 1021 314 1047 habet
336 1020 363 1047 in
380 1024 494 1054 utraque
513 1020 701 1054 generatione,
721 1020 776 1046 vim
795 1019 879 1046 habet
895 1023 1017 1046 vestrum

229 1069 421 1100 argumentum
437 1073 446 1096 ,ε
464 1065 606 1103 οιιῐυπίοιίε
618 1065 653 1092 sit
665 1065 874 1099 generationum
888 1065 1018 1091 ditl‘eren-

231 1111 278 1142 tia,
301 1114 330 1135 ut
354 1117 407 1136 una
431 1114 534 1136 :eterna
558 1109 739 1143 intelligatur,
756 1108 842 1135 altera
857 1116 923 1135 vero
940 1109 1017 1142 prin-

230 1155 332 1189 cipium
355 1154 475 1186 habens;
496 1161 550 1180 una
568 1153 760 1188 incorporalis,
776 1154 862 1181 altera
879 1159 972 1180 autem
989 1153 1018 1180 in

230 1208 362 1235 corpore;
384 1207 437 1226 una
457 1200 517 1227 sine
529 1199 702 1230 extensione,
724 1200 810 1227 altera
836 1207 902 1226 vero
923 1204 1019 1226 exten-

231 1246 337 1272 sionem
358 1246 479 1278 habens;
497 1253 554 1272 uno
567 1245 652 1272 verbo
666 1245 723 1272 haec
744 1246 813 1273 meri
837 1249 865 1272 et
886 1246 1020 1280 simplicis

233 1292 324 1322 Verbi,
345 1292 390 1318 illa
406 1295 497 1318 autem
523 1290 627 1318 Christi
651 1291 796 1325 compositi
814 1298 892 1323 esse;
919 1295 946 1318 et
962 1291 1019 1319 haec

231 1337 342 1371 quidem
365 1337 424 1363 sine
441 1337 606 1371 gestatione,
632 1337 676 1362 illa
702 1342 791 1363 autem
808 1345 840 1364 ex
854 1337 1017 1372 gestatione,

231 1383 347 1417 aliisque
376 1383 450 1409 mille
467 1382 741 1409 dissimilitudinibus
763 1382 933 1413 diﬂerentes,
952 1390 1019 1416 quo-

233 1428 326 1458 modo.
339 1428 434 1459 dicite,
449 1435 551 1462 quaeso,
570 1427 735 1455 eoncluditis
755 1427 781 1454 in
806 1432 923 1461 utraque
939 1435 1020 1462 gene-

233 1472 373 1500 rationum
395 1472 519 1507 ejusdem
537 1472 620 1499 unius
638 1471 685 1498 [iiii
707 1471 894 1506 aparentibus
908 1471 1019 1499 absimi-

233 1519 378 1546 litudinem
405 1523 562 1546 secuturam
595 1518 672 1549 fore,
699 1517 777 1552 quasi
810 1517 932 1553 ejusdem
963 1517 1019 1544 sint

233 1565 334 1599 speciei
361 1564 434 1591 illius
459 1564 670 1599 generationes?
686 1564 734 1590 sed
755 1563 782 1590 in
799 1571 854 1598 quo
871 1571 905 1590 ne
924 1563 1019 1590 elicu—

234 1611 305 1638 datis
327 1618 382 1637 non
406 1610 528 1641 cavistis,
550 1610 617 1636 illud
635 1610 745 1641 discite,
766 1618 782 1637 ο
800 1610 862 1642 viri,
883 1609 1018 1644 siquidem

235 1663 289 1683 non
314 1663 421 1690 semper
446 1655 635 1683 contradicere
659 1656 751 1683 vultis.
777 1655 928 1690 Loquendo
945 1656 1018 1682 enim

235 1701 345 1736 proprie
362 1706 390 1728 et
409 1709 472 1728 vere
497 1701 532 1728 de
557 1705 674 1736 utraque
700 1701 890 1737 generatione,
916 1701 1019 1737 putatis

235 1747 359 1775 eamdem
375 1755 435 1775 esse
452 1755 533 1774 unam
550 1755 582 1774 ac
602 1747 726 1778 alteram,
749 1751 778 1774 et
799 1747 904 1774 similes
926 1747 1020 1774 ambas

236 1793 428 1828 generationes
453 1792 594 1827 accipitis;
622 1800 679 1819 non
702 1796 848 1820 cernentes
874 1797 1019 1827 utramque

237 1838 349 1874 proprie
374 1843 401 1865 ct
423 1846 487 1865 vere
510 1838 660 1865 secundum
678 1845 755 1864 suam
779 1838 865 1872 ipsius
885 1838 1018 1865 rationem

236 1892 307 1916 esse,
330 1892 419 1918 neque
435 1883 585 1911 secundum
602 1883 716 1911 alterius
741 1885 886 1911 rationem.
902 1884 929 1911 Si
946 1884 1019 1910 enim

235 1931 328 1957 omnia
347 1930 446 1957 similia
464 1929 608 1964 cogitanda
633 1929 686 1956 sint
701 1929 734 1957 de
753 1930 853 1964 quibus
871 1929 980 1964 proprie
993 1933 1021 1956 et

238 1984 301 2003 vere
324 1977 498 2011 praedicatur,
521 1980 630 2010 oportet
655 1984 713 2008 vos,
737 1984 798 2003 cum
824 1976 893 2010 lapis
910 1976 1020 2010 proprie

236 2026 266 2049 et
281 2029 345 2049 vere
368 2030 467 2057 corpus
484 2030 544 2050 esse
559 2022 670 2059 dicitur,
685 2027 714 2050 et
726 2023 766 2050 sol
786 2022 897 2057 proprie
916 2028 943 2050 et
957 2029 1020 2049 vere

237 2076 340 2103 corpus
356 2076 416 2096 esse
438 2069 549 2102 dicitur,
571 2073 599 2096 et
621 2069 693 2096 Deus
712 2068 892 2104 incorporalis
909 2068 1021 2103 proprie
1043 2072 1046 2075 ’

237 2118 266 2141 et
286 2121 351 2141 vere
368 2114 479 2146 dicitur,
507 2114 610 2142 similes
631 2114 732 2141 habere
747 2113 876 2148 lapidem,
895 2114 979 2141 solem
994 2117 1022 2140 et

1068 875 1194 910 μήτετῶν
1205 875 1358 909 γεννήσεων
1370 874 1428 900 κατ’
1441 871 1508 906 εἶδος
1521 873 1852 908 παραλλαττο·.›σών,μήτε

1066 921 1113 947 τοῦ
1125 920 1296 955 γεννωμένου
1309 918 1451 952 memmi;
1467 921 1522 947 Καὶ
1543 921 1597 956 γὰρ
1624 921 1647 946 εἰ
1662 921 1711 955 μὲν
1728 920 1812 951 ὅντως
1826 921 1854 946 αι

1067 968 1207 1002 γεννήσεις
1216 968 1276 994 κατ’
1290 965 1359 998 εἶδος
1375 967 1406 992 οὐ
1420 966 1618 1002 παρήλλαττον,
1634 967 1681 992 καὶ
1691 967 1721 992 τὸ
1737 966 1797 992 ὅλον
1807 965 1854 992 τοῦ

1067 1015 1238 1049 γεννήματος
1259 1012 1390 1044 ὡσαύτως
1421 1011 1494 1048 εἶχεν
1520 1013 1548 1039 ἐν
1577 1014 1696 1048 ἑκατέρᾳ
1717 1013 1854 1048 γεννήσει,

1070 1061 1146 1095 ἰσχὺν
1163 1058 1236 1095 εἶχεν
1254 1059 1287 1086 ἂν
1308 1060 1373 1094 ὑμῖν
1389 1058 1419 1085 τὸ
1435 1059 1614 1094 ἐπιχείρημα.
1632 1058 1745 1092 Ἐπειδὴ
1763 1059 1791 1084 6's
1808 1067 1854 1083 το-

1069 1105 1155 1140 σαύτη
1170 1105 1223 1131 τῶν
1235 1105 1390 1139 γεννήσεων
1405 1105 1421 1139 ἡ
1447 1104 1575 1139 διαφορὰ,
1596 1104 1633 1134 ὡς
1646 1104 1694 1139 τὴν
1710 1104 1759 1138 μὲν
1772 1103 1855 1129 ἀΐδιον

1069 1152 1198 1183 νοεῖσθαι,
1231 1152 1280 1186 τὴν
1298 1151 1326 1177 δὲ
1342 1151 1512 1185 ἀρχομένην·
1536 1151 1584 1176 καὶ
1600 1150 1650 1184 τὴν
1669 1150 1718 1184 μὲν
1743 1149 1857 1184 ἀσωμά-

1068 1206 1133 1229 τως,
1148 1197 1196 1232 τὴν
1210 1197 1239 1223 δὲ
1249 1198 1277 1222 ὲν
1292 1196 1414 1230 σώματι’
1427 1198 1474 1223 καὶ
1492 1196 1541 1230 τὴν
1554 1195 1603 1230 μὲν
1618 1196 1797 1226 dae-imm;
1809 1197 1857 1229 τὴν

1068 1243 1256 1274 δὲδιαστατῶς
1267 1251 1275 1258 ·
1293 1243 1341 1269 κα)¹
1357 1242 1450 1273 ἁπλῶς
1465 1242 1514 1277 τὴν
1530 1243 1579 1277 μὲν
1591 1241 1638 1268 τοῦ
1648 1242 1736 1275 Λόγου
1751 1242 1856 1276 γυμνοῦ

1069 1289 1116 1315 καὶ
1130 1289 1228 1320 ἁπλοῦ,
1244 1288 1293 1324 τὴν
1309 1288 1338 1314 δὲ
1355 1287 1474 1323 Χριστοῦ
1488 1287 1534 1314 τοῦ
1547 1287 1674 1313 συνθέτου
1693 1287 1776 1313 οὖσαν
1788 1297 1795 1302 ·
1811 1288 1858 1313 καὶ

1069 1336 1118 1370 τὴν
1136 1335 1185 1370 μὲν
1204 1335 1340 1370 ἀκυήτως,
1364 1334 1510 1369 savage-.1
1526 1336 1650 1369 κυήσεως
1665 1332 1747 1365 εἶναι,
1767 1333 1858 1364 ἄλλοις

1068 1390 1098 1407 τε
1112 1381 1220 1416 μυρίοις
1237 1381 1440 1416 ἀπαραῆλήτοις
1454 1380 1654 1414 διενηνοχὸτων,
1671 1380 1740 1412 πῶς,
1750 1380 1858 1414 λέγετε,

1071 1427 1202 1460 συνάγετε
1229 1427 1274 1453 ἐπὶ
1299 1427 1433 1462 ἑκατέρας
1454 1427 1507 1453 τῶν
1522 1429 1675 1461 γεννήσεων
1694 1427 1741 1453 τοῦ
1772 1427 1858 1453 αὑτοῦ

1071 1473 1129 1504 ἑνὸς
1144 1472 1210 1499 Υίοῦ
1227 1473 1257 1499 τὸ
1271 1473 1339 1508 πρὸς
1354 1473 1417 1504 τοὺς
1443 1473 1570 1505 τεκόντας
1591 1473 1717 1508 ἀνόμοιον
1738 1474 1859 1508 ὀφείλειν

1032 1506 1052 1533 c
1069 1518 1194 1552 ἕπεσθαι,
1213 1519 1250 1550 ὠς
1265 1519 1394 1553 ὁμοειδῶν
1411 1520 1498 1545 οὐσῶν
1512 1519 1566 1545 τῶν
1577 1519 1670 1546 τούτου
1686 1522 1858 1554 γεννήσεων;

1068 1563 1126 1590 ἀλλ’
1141 1565 1169 1590 ὲν
1180 1560 1201 1598 ᾧ
1215 1564 1430 1598 προσπταίοντες
1441 1564 1489 1591 οὐκ
1504 1565 1696 1595 ὲπισκέπτετε,
1710 1565 1823 1600 μάθετε,
1836 1563 1858 1592 ὦ

1068 1606 1152 1641 οὗτοι,
1169 1609 1226 1644 εἴγε
1245 1610 1282 1644 μὴ
1307 1610 1350 1636 ἀεὶ
1367 1612 1550 1645 γνωσιμαχεῖν
1578 1611 1716 1645 βούλεσθε.
1733 1611 1780 1647 Τῷ
1803 1613 1859 1647 γὶρ

1069 1655 1170 1689 κυρίως
1191 1655 1322 1682 καὶκατὰ
1347 1655 1474 1690 ἀλήθειαν
1493 1657 1626 1691 ἑκατέραν
1637 1657 1766 1691 λέγεσθαι
1794 1659 1858 1692 γέν-

1069 1709 1156 1735 νησιν,
1172 1700 1259 1727 οἴεσθε
1281 1701 1330 1737 τὴν
1346 1702 1430 1736 αὐτὴν
1458 1700 1528 1728 εἶναι
1546 1702 1662 1736 θατέραν
1680 1704 1794 1739 θατέρᾳ.
1811 1705 1859 1730 καὶ

1069 1747 1200 1782 ὁμοειδεῖς
1230 1747 1314 1783 ἄμφω
1338 1747 1386 1778 τὰς
1411 1749 1551 1783 γεννήσεις
1578 1748 1802 1784 ὑπολαμϐάνετε·
1827 1751 1858 1776 οὐ

1071 1792 1234 1824 σκοποῦντες
1244 1793 1285 1819 ὅτι
1300 1794 1339 1824 είς
1351 1793 1396 1819 τὸν
1411 1793 1511 1828 ἑαυτῆς
1524 1793 1602 1827 λόγον
1618 1794 1734 1830 ἑκατέρα
1750 1795 1860 1830 κυρίως
1887 1800 1892 1803 ‘

1070 1841 1128 1866 tati.
1145 1839 1192 1866 καὶ
1207 1838 1276 1866 κατὰ
1293 1839 1431 1874 ἀλήθειαν,
1445 1841 1493 1866 καὶ
1508 1840 1557 1866 οὐκ
1571 1841 1612 1872 εἰς
1625 1841 1671 1867 τλν
1683 1841 1733 1875 τῆς
1745 1841 1859 1876 ἑτέρας.

1071 1886 1101 1913 Et
1117 1886 1170 1921 γὰρ
1190 1887 1278 1913 πάντα
1299 1886 1407 1921 ὁμοειδῆ
1423 1887 1563 1921 νομιστέον
1574 1885 1623 1925 ὀἷς
1637 1888 1668 1914 τὺ
1679 1888 1784 1921 κυρίως
1811 1889 1862 1915 καὶ

1071 1933 1139 1958 κατὰ
1151 1932 1278 1967 ἀλήθειαν
1289 1934 1528 1968 ὲπιμαρτυρεῖται,
1544 1932 1604 1960 δέον
1620 1934 1692 1968 ὑμᾶς
1703 1935 1765 1960 ἐπεὶ
1778 1936 1794 1960 ὁ
1817 1934 1862 1960 λί-

1071 1977 1115 2008 θος
1125 1977 1226 2012 κυρίως
1240 1978 1287 2004 καὶ
1313 1978 1383 2014 κατὰ
1395 1978 1526 2013 ἀλήθειαν
1547 1979 1627 2014 σῶμα
1641 1977 1712 2006 εἶναι
1737 1980 1862 2013 λέγεται,

1072 2023 1118 2049 καὶ
1129 2024 1143 2049 ό
1155 2023 1230 2058 ἥλιος
1242 2023 1271 2049 δὲ
1285 2023 1387 2058 κυρίως
1401 2024 1448 2050 καὶ
1468 2025 1539 2051 κατὰ
1549 2025 1679 2060 ἀλήθειαν
1694 2026 1776 2060 σῶμα
1789 2024 1863 2052 εἶναι

1072 2068 1191 2102 λέγεται,
1217 2069 1264 2096 καὶ
1276 2070 1289 2095 ὁ
1303 2069 1368 2101 Θεὸς
1385 2070 1531 2105 ἀσώματος
1548 2071 1650 2106 κυρίως
1675 2080 1704 2098 τε
1717 2073 1770 2098 καὶ
1789 2073 1865 2099 κατά

1072 2114 1200 2149 ἀλήθειαν
1213 2114 1331 2148 λέγεται,
1348 2116 1457 2150 ὁμοειδῆ
1472 2116 1592 2151 νομίζειν
1609 2117 1654 2143 τόν
1670 2124 1700 2142 τε
1716 2116 1795 2144 λίθον
1813 2118 1866 2144 aut

239 2160 334 2187 Deum.
347 2160 453 2187 Pariter
465 2167 573 2195 quoque
588 2160 727 2187 hominem
745 2163 774 2186 et
795 2166 901 2192 ranam,
915 2160 1018 2186 anima-

1073 2160 1118 2186 τὸν
1127 2160 1202 2195 ἥλιον
1217 2160 1265 2187 καὶ
1279 2160 1324 2187 τὸν
1340 2160 1405 2187 Θεόν
1415 2169 1423 2176 ·
1439 2162 1541 2195 ὁμοίως
1554 2162 1582 2188 δὲ
1597 2162 1741 2197 ἄνθρωπόν
1757 2171 1789 2189 τε
1815 2164 1867 2189 καὶ

238 2206 273 2240 lia
292 2206 403 2240 proprie
427 2210 454 2233 et
479 2214 545 2233 vere
570 2213 631 2233 cum
652 2206 708 2233 sint
731 2210 757 2232 et
777 2205 905 2233 dicantur
928 2204 1019 2236 ambo,

237 2257 266 2279 et
290 2259 399 2286 aquam,
426 2251 575 2279 inanimata
602 2260 667 2279 vere
693 2259 756 2278 cum
781 2251 900 2283 dicatur,
922 2250 1022 2277 similia

239 2303 330 2325 tamen
348 2297 485 2325 censenda
504 2305 579 2327 esse;
603 2297 702 2324 malum
718 2304 827 2332 quoque
853 2301 880 2323 et
895 2303 1021 2331 granum,

238 2348 267 2370 et
286 2343 389 2378 reliqua
406 2345 498 2370 omnia
517 2344 589 2370 entia
603 2343 701 2370 eodem
723 2342 960 2375 modo,exsulante
975 2349 1024 2376 per

239 2397 288 2415 vos
302 2389 377 2416 omni
391 2389 618 2416 absimilitudine.
635 2388 748 2423 Proprie
765 2387 902 2422 loquendo
915 2387 1023 2421 proprie

239 2439 267 2461 et
293 2443 356 2462 vere
381 2440 433 2466 est,
458 2435 524 2462 illud
544 2434 617 2468 quod
639 2439 691 2466 est,
714 2434 780 2461 licet
800 2434 897 2461 eodem
914 2432 1023 2459 nomine

240 2484 287 2506 aut
312 2481 376 2513 alio,
394 2484 476 2515 atque
494 2485 547 2511 est,
575 2479 744 2507 nominetur.

521 2537 597 2564 CAP.
621 2535 740 2563 XXXIV.

276 2592 304 2619 Si
336 2593 408 2619 Deus
431 2587 552 2620 Verbum
577 2599 642 2618 vere
670 2591 778 2626 genitus
801 2594 843 2618 est
866 2599 882 2618 e
904 2590 1024 2625 Virgine,

240 2638 384 2673 (minisque
409 2638 551 2673 generatio
576 2645 630 2664 non
661 2637 811 2669 auferatur,
843 2637 901 2664 sive
933 2637 1025 2671 genito

239 2692 300 2712 esse
319 2683 434 2715 dederit,
451 2684 508 2710 sire
533 2691 587 2709 non
605 2683 722 2713 dederit.
740 2683 852 2717 aequalis
875 2682 1025 2720 secundum

241 2729 422 2756 substantiam
439 2729 555 2764 genitori
571 2729 682 2763 genitus
705 2729 834 2760 habetur,
851 2729 894 2755 vel
920 2728 965 2755 illo
987 2729 1026 2755 in-

242 2774 325 2800 terior
341 2784 346 2801 :
366 2775 479 2809 aequalis
506 2775 629 2809 quidem,
652 2779 746 2809 utpote
764 2775 858 2810 genuit
876 2775 984 2810 genitor
999 2774 1026 2801 in

241 2824 290 2845 sua
312 2819 414 2853 forma;
433 2825 459 2847 et
484 2820 511 2847 in
529 2820 640 2848 Christo
664 2821 738 2847 enim
762 2821 826 2848 Jesu
846 2828 894 2855 per
905 2820 1026 2855 Evange-

1074 2205 1208 2241 βάτραχον
1218 2214 1224 2221 ·
1238 2206 1296 2238 ξῶἀ
1308 2215 1337 2233 τε
1348 2206 1473 2235 ὂντςίκαὶ
1486 2207 1586 2242 κυρίως
1596 2208 1643 2234 καὶ
1653 2208 1722 2234 κατὰ
1731 2208 1867 2243 ἀλήθειαν

1074 2251 1203 2287 ἑκάτερον
1217 2251 1354 2286 λεγόμενα
1365 2260 1373 2267 ·
1391 2252 1438 2278 καὶ
1451 2252 1481 2278 τὸ
1493 2251 1567 2287 ὕδωρ
1588 2252 1676 2284 ἄζωον
1690 2252 1803 2287 ἀληθῶς
1818 2253 1866 2279 λε-

1073 2298 1197 2332 γόμενον,
1208 2297 1319 2332 ὁμοειδῆ
1336 2297 1492 2332 νομιστέον·
1506 2298 1621 2333 οὐρανόν
1630 2306 1658 2324 τε
1679 2299 1725 2324 καὶ
1742 2299 1868 2333 κέγχρον

1074 2343 1121 2370 καὶ
1130 2344 1163 2369 τὰ
1170 2343 1251 2370 λοιπὰ
1265 2343 1353 2370 πάντα
1364 2343 1416 2370 τῶν
1425 2343 1510 2370 ὄντων
1520 2344 1660 2374 ὡσαύτως,
1671 2344 1868 2379 ὲξορεσθείσης

1074 2389 1139 2422 ὑμῖν
1150 2388 1240 2423 πάσης
1256 2388 1456 2423 ἀνομοιότητος·
1471 2389 1509 2423 τῷ
1525 2389 1585 2423 toto
1605 2389 1676 2423 λόγῳ
1687 2389 1792 2424 κυρίως
1807 2390 1869 2415 ἐστὶ

1074 2434 1200 2461 καὶκατὰ
1219 2433 1358 2469 ἀλήθειαν,
1371 2435 1451 2460 τοῦτο
1467 2435 1535 2467 ὅπερ
1550 2436 1618 2466 ἐστὶ,
1638 2435 1689 2461 κᾶν
1707 2435 1869 2469 ὁμωνύμως

1076 2479 1140 2505 ποτὲ
1153 2479 1198 2506 καὶ
1210 2481 1255 2506 ἐπὶ
1264 2480 1358 2516 ἐτέρου
1368 2480 1397 2506 τὸ
1407 2481 1482 2506 τοῦδε
1494 2481 1589 2515 ὖνομα,
1602 2481 1639 2512 ὡς
1648 2481 1737 2513 δντος,
1746 2481 1869 2515 λέγοιτο.

1364 2536 1490 2562 ΚΕΦΔΛ.
1503 2536 1571 2568 aq".

1111 2594 1142 2620 Εἰ
1154 2594 1167 2620 ὁ
1183 2594 1247 2626 Θεὸς
1259 2594 1343 2627 Λόγος
1358 2592 1489 2628 ἐγεννήθη
1511 2592 1581 2618 κατὰ
1595 2592 1724 2626 ἀλήθειαν
1752 2593 1787 2618 ἐκ
1818 2592 1873 2626 τῆς

1078 2638 1227 2673 Παρθένου,
1257 2639 1330 2664 πᾶσα
1341 2637 1368 2664 δὲ
1380 2637 1506 2672 γέννησις
1525 2636 1562 2672 μὴ
1575 2637 1726 2672 ψεγομένη,
1748 2637 1767 2672 ἦ
1785 2646 1817 2663 τε
1844 2637 1874 2663 τε)

1077 2681 1146 2710 εἶναι
1160 2683 1271 2710 διδοῦσα.
1281 2683 1319 2718 τῷ
1332 2684 1494 2718 τικτομένῳ,
1513 2684 1560 2709 καὶ
1575 2684 1590 2717 ἡ
1610 2683 1646 2717 μὴ
1660 2683 1784 2715 διδοῦσα,
1815 2684 1876 2710 [σον

1078 2731 1136 2756 κατ’
1157 2729 1253 2756 οὐσίαν
1274 2730 1320 2755 τοῦ
1345 2729 1492 2763 γεννῶντος
1512 2730 1569 2764 ἔχει
1594 2729 1624 2755 τὸ
1648 2729 1841 2764 γεννώμενον,
1860 2730 1877 2764 ἦ

1078 2775 1203 2802 ἔλαττον·
1221 2775 1278 2802 ἴσον
1293 2775 1352 2810 μὲν,
1368 2775 1406 2806 ὡς
1429 2775 1468 2807 τὸ,
1486 2775 1613 2810 ἐγέννησε
1636 2775 1708 2801 κατὰ
1728 2775 1781 2811 τὴν
1799 2776 1879 2801 ἰδέαν

1079 2820 1160 2846 αὑτοῦ
1172 2829 1178 2835 ·
1193 2821 1239 2847 καὶ
1252 2821 1316 2856 γὰρ,
1336 2820 1501 2855 ἘνΧριστῷ
1521 2820 1607 2855 Ἰησοῦ
1620 2820 1664 2846 διὰ
1682 2820 1730 2847 τοῦ
1746 2822 1880 2854 E5117:-
