1960 3093
156 167 223 199 1705

621 167 818 198 ADVERSUS
838 164 1110 196 NESTORIANOS.
1130 176 1164 183 --
1180 165 1251 195 LlB.
1274 167 1321 195 IV.

1711 166 1778 198 1ῗῦίῖ

154 224 304 254 secundum
319 227 444 251 naturam
462 224 641 255 immutabile,
666 232 719 250 non
737 224 764 250 in
781 222 940 250 substantia:
959 222 1113 256 adjunctis;
1135 226 1262 248 manente
1291 225 1382 248 autem
1415 222 1442 248 in
1460 221 1512 249 illis
1524 222 1622 249 eodem
1639 222 1719 250 modo
1731 232 1777 250 na.

153 277 215 299 terra
238 278 299 305 qua:
315 270 387 297 circa
405 270 625 298 subsistentiam.

435 317 638 344 ΚΕΦΛΛ.ΛΖἏ
839 349 841 351 _

195 363 276 390 Ἀλλά
289 371 356 397 φασι
376 363 424 389 καὶ
439 362 496 389 τόδε
510 363 535 389 οἱ
552 363 641 389 πάντα
657 362 747 396 λέγειν
768 361 879 393 εἰδότες,
897 361 939 387 ἵνα

154 410 192 445 μὴ
207 411 239 445 τῇ
252 409 365 444 ἀληθείᾳ
374 409 609 444 συμφθὲγξωνται,
622 409 667 436 ἵνα
683 409 730 436 καὶ
741 410 796 440 τοῖς
811 408 840 440 ἐξ
853 409 939 442 ἀγρά-

153 465 203 490 φου
216 455 305 482 αὐτῶν
319 455 438 492 ῥήμασιν
453 455 655 490 ἐπεξέλθωμεν·
672 455 711 481 ὅτι
737 454 792 480 ἰδοὺ
806 455 853 480 καὶ
868 453 939 480 κατὰ

151 501 200 532 τὰς
216 501 351 536 ὑμετέρας
368 500 511 532 ὑποθέσεις
519 501 564 526 καὶ
576 500 759 532 κατασκευὰς,
776 501 824 527 καὶ
842 500 874 526 ἐκ
890 499 939 534 μέ-

151 555 215 580 ρους
232 547 278 572 καὶ
294 546 363 572 κατά
378 554 403 572 τι
426 545 530 578 ἔξεστιν
557 546 698 581 ὀνομάζειν
711 545 784 577 τινός
801 554 862 572 τινα
888 553 940 580 μη-

151 592 227 627 τέρα.
255 591 319 622 Πῶς
333 589 378 617 οὖν
392 592 416 617 εί
442 592 479 626 μὴ
499 592 619 626 ἄσαρκον
639 591 802 626 γεννηθῆναι
829 590 895 616 Θεὸν
909 590 938 621 ἐξ

151 637 236 671 αὐτῆς
265 637 400 670 δοξάζετε,
426 637 550 670 λέγουσιν
572 638 638 671 ἡμῖν
669 636 875 672 ἀνθρωποτόκον
891 636 938 662 καὶ

149 681 182 707 ἑκ
197 681 295 716 μέρους
310 682 411 716 ταύτην
431 681 569 717 Παρθένον
587 681 776 716 ἁντιιρὲρεοθε,
802 681 832 708 τὸ
843 682 937 708 Θεοτό-

149 735 197 758 κος
210 727 295 762 ὄνομα
313 728 393 762 μόνον
405 728 474 762 αὐτῇ
496 729 556 754 κατ’
572 727 711 763 ἐξαίρετον
721 727 937 762 ἀποκληρώσαν-

150 781 206 803 τες,
241 773 298 798 ἀλλ’
312 773 371 798 οὐδὲ
388 773 571 807 Χριστοτόκον
587 773 619 798 ἐκ
639 772 686 798 τοῦ
704 773 764 798 ὃ).ου
785 772 937 806 φάσκοντας

148 818 234 853 αὐτὴν
248 819 423 853 οἰκειότερον,
441 819 643 853 καταδέχεσθε;
664 819 718 845 Καὶ
735 818 802 853 πρὸς
815 817 894 844 τοῦτο
907 817 935 843 δέ

148 872 240 898 φαμεν
247 864 338 894 αὐτοῖς
352 864 460 899 πρῶτον
473 865 532 899 μὲν,
541 863 603 895 Πῶς
617 863 730 890 δύνασθε
740 863 936 897 ἄθλιοιὰνθρω-

149 909 264 936 ποτόκον
271 909 411 944 ὀνομάζειν
417 910 465 945 τὴν
471 909 551 943 ἁγίαν
561 909 708 945 Παρθένον,
717 909 748 935 ἐκ
756 908 865 944 μέρους,
874 908 898 934 οὶ
907 906 935 934 δὲ

149 956 181 982 ὲκ
191 955 289 991 μέρους
298 956 382 990 αὐτὴν
393 955 522 982 Θεοτόκον
535 955 678 991 ὀνομάζειν
694 955 730 990 μὴ
749 954 935 989 καταδεξάμε-

1275 311 1525 352 εΑρ.ΧΧΧγηη,

1027 357 1080 385 Sed
1098 357 1194 385 dicunt
1213 358 1264 385 hoc
1277 366 1396 393 quoque,
1413 359 1456 386 isti
1473 364 1572 387 cuncta
1586 359 1678 388 dicere
1690 362 1781 389 scien-

993 408 1044 435 tes,
1059 411 1093 430 ne
1111 404 1220 431 veritati
1236 405 1414 431 consonantia
1442 405 1602 441 loquantur,
1624 410 1652 445 et
1677 411 1706 433 ut
1729 414 1772 433 eo.

991 458 1052 477 rum
1080 458 1135 477 non
1165 450 1268 484 scripta
1301 450 1386 477 verba
1413 450 1605 486 impugncmus
1630 460 1637 479 :
1658 459 1775 487 nempe.

990 495 1142 523 secundum
1160 501 1265 528 vestras
1287 496 1493 531 suppositiones
1510 501 1538 523 ct
1559 499 1778 532 argumentatio-

990 549 1049 573 nes,
1071 546 1099 568 et
1115 549 1148 568 ex
1163 546 1240 576 parte
1254 546 1282 568 et
1297 538 1448 568 secundum
1467 541 1532 576 quid
1548 542 1614 570 licet
1635 543 1777 570 nominare

989 587 1104 622 alicujus
1126 587 1245 622 aliquam
1260 592 1394 619 matrem;
1418 587 1556 622 quomodo
1577 588 1668 623 igitur,
1683 588 1705 615 si
1723 596 1776 616 non

989 633 1189 668 incorporalem
1200 634 1324 669 genitum
1341 634 1425 661 fuisse
1440 634 1526 661 Deum
1545 642 1577 660 ex
1589 634 1633 661 illa
1647 634 1776 667 censetis,

989 679 1213 714 nobisinquiunt,
1222 680 1340 707 hominis
1353 683 1465 707 matrem
1481 679 1563 706 etiam
1574 687 1606 706 ex
1619 685 1695 714 parte
1704 680 1777 707 illam

987 724 1128 759 Virginem
1137 725 1283 756 accusatis,
1291 725 1339 752 Dei
1347 725 1439 752 Matris
1446 725 1654 760 appellationem
1663 725 1702 752 illi
1717 734 1774 760 spe-

988 770 1095 797 cialiter
1114 771 1307 802 attribncnlcs,
1331 771 1377 798 sed
1393 770 1494 798 Christi
1515 775 1628 798 lnatrem
1648 771 1674 798 in
1691 775 1778 798 totum

987 824 1038 842 nos
1053 816 1163 850 proprie
1171 816 1255 852 magis
1268 817 1341 844 illam
1354 817 1522 851 appellantes
1535 825 1589 844 non
1597 817 1722 852 accipit‘s
1732 817 1771 844 ?—

987 861 1021 888 Et
1035 861 1069 888 ad
1082 861 1137 888 hrec
1151 862 1270 896 primum
1283 862 1342 889 istis
1351 862 1485 890 dicimus:
1498 862 1640 895 Quomodo
1650 863 1776 897 potestis.

987 913 1003 932 ο
1018 907 1120 939 miseri,
1134 907 1377 935 hominismatrem
1389 908 1531 935 nominare
1548 913 1670 936 sanctam
1688 909 1778 944 Virgi-

987 958 1050 978 nem
1071 959 1103 978 ex
1117 957 1203 987 parte.
1215 953 1262 987 qui
1275 961 1308 979 ex
1318 958 1394 988 parte
1409 953 1479 981 hanc
1494 953 1542 981 Dei
1554 955 1666 982 Matrem
1685 955 1776 981 nomi-

148 1009 208 1033 νοι;
222 1001 259 1027 Oti
271 1001 324 1036 γὰρ
341 1001 374 1027 δι’
383 997 420 1027 ὧν
431 1009 471 1032 τις
485 1000 572 1036 λόγων
581 1001 630 1032 τὰς
644 999 790 1035 ὀνομασίας
804 1001 937 1027 ἀποσκευ-

990 1006 1055 1024 nare
1063 1006 1117 1025 non
1130 999 1310 1026 consentitis?
1324 1007 1378 1026 non
1392 1000 1465 1027 cnim
1476 1007 1529 1034 per
1548 1008 1628 1035 quam
1642 1000 1776 1028 rationem

149 1045 244 1078 άξεται
266 1046 321 1073 τῶν
344 1045 537 1077 ἔναντίων,διὰ
548 1045 651 1072 τούτων
666 1045 713 1071 καὶ
737 1045 936 1080 προὸἁλλεσθοιι

150 1090 262 1117 δύναται
276 1090 325 1122 τὰς
351 1090 428 1122 ἰδίας,
444 1089 513 1125 πλὴν
528 1091 552 1116 εί
573 1090 610 1126 μὴ
627 1089 686 1117 κατ’
698 1090 823 1122 ἐξουσίας
837 1091 938 1125 τρόπον

150 1137 229 1163 τοῦτο
245 1138 318 1172 ποιῇ.
337 1136 468 1171 Δεῦτερον
481 1137 508 1163 δὲ
525 1136 673 1162 ἀκούσεσθε
684 1137 747 1172 παρ’
760 1136 893 1171 ἡμῶν,ὡς
909 1136 938 1168 ἐξ

151 1183 260 1210 ἐκείνων
280 1183 423 1217 ὀνομάζειν
439 1182 492 1209 τῶν
506 1183 598 1218 μερῶν
617 1183 647 1209 τὺ
669 1183 739 1216 ὅλον,
754 1183 813 1215 ἔθος
830 1185 863 1219 τῇ
878 1183 938 1219 θείᾳ

150 1229 247 1264 Γραφῇ
260 1229 428 1263 σαφέστατα,
440 1229 494 1255 τῶν
503 1229 564 1255 κατ’
580 1229 758 1264 ἐπικράτειαν
773 1227 843 1255 εἶναι
858 1229 887 1255 ὲν
898 1228 939 1263 τῷ

152 1274 272 1309 συνθέτῳ
290 1275 459 1310 φαινομένων
470 1282 476 1289 ·
493 1275 541 1302 καὶ
556 1275 611 1310 γὰρ
624 1274 852 1310 ὡμολογημένως,
864 1274 896 1301 εκ
908 1283 938 1301 τε

151 1320 239 1355 ψυχῆς
263 1320 310 1347 καὶ
343 1320 469 1355 σώματος
499 1320 553 1347 τῶν
580 1320 734 1355 ἀνθρώπων
763 1319 938 1346 συνεστώτων

153 1366 272 1398 πάντων,
299 1366 373 1401 ὅμως
401 1367 482 1402 ἡνίκα
498 1367 512 1393 ὁ
544 1366 615 1393 κατὰ
643 1366 758 1402 θάτερον
785 1367 869 1401 μέρος
888 1366 938 1401 τῆς

153 1411 303 1442 συνθέσεως
325 1413 497 1448 ἐπεκράτησε
520 1412 568 1439 τοῦ
587 1412 656 1447 βίου,
673 1413 719 1439 καὶ
736 1412 786 1447 τῆς
798 1412 871 1447 ζωῆς
883 1412 938 1438 τῶν

151 1455 304 1490 ἀνθρώπων
321 1455 410 1490 λόγος,
424 1457 533 1492 εἴρηται
548 1457 586 1489 ὼς
596 1457 625 1483 οὔ
635 1457 673 1492 μὴ
690 1457 769 1493 μείνῃ
782 1457 811 1484 τὸ
826 1456 940 1492 Πνεῧμά

154 1509 205 1536 μου
216 1502 244 1527 ὲν
260 1503 316 1534 τοῖς
326 1502 478 1537 ἀνθρώποις
491 1502 606 1535 τούτοις,
633 1503 676 1529 διὰ
696 1503 727 1529 τὸ
750 1501 822 1529 εἶναι
840 1503 939 1534 αὐτοὺς

154 1546 273 1581 σάρκας·
289 1547 335 1573 καί
356 1551 397 1573 τοι
411 1547 638 1582 ὡμολογημένως,
653 1547 703 1574 οὐκ
729 1547 840 1582 ἀψύχων
855 1547 939 1574 ὄντων

152 1595 206 1621 τῶν
219 1595 357 1631 σαρκικῶς
370 1594 500 1630 βιούντων
508 1596 580 1629 τότε,
593 1596 650 1622 ἀλλ’
664 1596 896 1631 ὲπικρατηθέντος
906 1597 938 1632 τῇ

987 1043 1087 1078 aliquis
1106 1043 1346 1072 denominationes
1358 1045 1561 1072 contrariorum
1589 1045 1700 1080 reiicit,
1729 1053 1776 1081 per

988 1089 1114 1116 eamdem
1138 1094 1229 1124 potest
1254 1090 1378 1125 proprias
1398 1091 1552 1124 admittere,
1574 1091 1628 1119 nisi
1653 1091 1705 1120 hoc
1728 1099 1778 1126 per

988 1134 1130 1162 licentiam
1154 1135 1248 1163 faciat.
1275 1136 1403 1164 Secundo
1428 1142 1519 1168 autem
1538 1138 1631 1165 audite
1651 1146 1667 1165 e
1685 1139 1776 1171 nobis,

986 1180 1219 1214 quemadmodum
1232 1189 1265 1208 ex
1279 1182 1322 1208 his
1336 1182 1458 1216 partibus
1474 1187 1560 1210 totum
1581 1183 1717 1218 appellare
1731 1191 1777 1211 as-

989 1226 1114 1253 sueverit
1127 1226 1255 1261 profecto
1269 1227 1414 1262 Scriptura
1431 1228 1536 1261 divina,
1549 1237 1609 1264 quae
1628 1229 1654 1256 in
1667 1237 1779 1264 compo.

986 1271 1042 1297 sito
1055 1271 1191 1299 dominari
1209 1272 1347 1300 videntur.
1376 1273 1494 1307 Etenim,
1509 1278 1540 1300 ut
1563 1274 1617 1309 ipsi
1642 1275 1776 1306 fatemini,

984 1322 1022 1342 ex
1037 1315 1128 1342 anima
1140 1321 1168 1344 et
1180 1325 1295 1352 corpore
1305 1325 1368 1344 cum
1387 1326 1482 1346 omnes
1499 1323 1626 1346 constant
1639 1319 1776 1352 homines,

989 1365 1110 1389 attamen
1125 1362 1235 1397 quando
1245 1363 1272 1390 in
1285 1363 1399 1390 alteram
1413 1365 1558 1399 compositi
1573 1370 1678 1400 partem
1692 1365 1780 1394 domi-

989 1406 1109 1434 nabatur
1125 1407 1188 1434 vita;
1210 1412 1238 1435 et
1254 1407 1433 1436 auimalitatis
1455 1409 1597 1437 hominum
1627 1411 1697 1438 ratio
1709 1432 1715 1444 ,
1734 1411 1778 1438 di-

989 1456 1063 1479 ctum
1082 1457 1124 1480 est
1136 1453 1208 1487 quod
1222 1461 1276 1480 non
1294 1459 1402 1481 maneat
1419 1455 1534 1490 spiritus
1550 1463 1628 1484 meus
1643 1456 1669 1483 in
1686 1456 1776 1484 homi-

990 1496 1072 1524 nibus
1094 1497 1154 1524 istis
1170 1505 1203 1525 eo
1226 1498 1298 1533 quod
1323 1507 1387 1527 caro
1399 1499 1473 1533 sint;
1489 1508 1584 1528 verum
1610 1501 1669 1529 sine
1693 1502 1779 1529 dubio

990 1551 1045 1570 non
1067 1543 1170 1579 absque
1186 1545 1276 1572 anima
1289 1550 1368 1573 erant
1384 1546 1428 1573 isti
1444 1546 1491 1581 qui
1507 1547 1653 1575 carnaliter
1670 1553 1726 1576 tum
1740 1549 1779 1576 vi—

990 1589 1099 1621 vebant,
1109 1589 1156 1617 sed
1164 1590 1358 1618 dominabatur
1369 1595 1475 1620 naturae
1482 1600 1558 1620 caro.
1568 1593 1652 1621 Jacob
1666 1602 1778 1629 quoque

152 1641 231 1677 φύσει
245 1642 294 1677 τῆς
309 1641 408 1677 σαρκός
417 1649 424 1656 ·
445 1641 540 1668 Ἰακὼὸ
548 1641 576 1668 δὲ
590 1642 670 1669 πάλιν
686 1643 714 1669 ὲν
728 1645 747 1668 o’
761 1642 860 1678 ψυχαῖς
880 1643 937 1669 εἰσ-

991 1641 1053 1660 cum
1071 1635 1244 1670 septuaginta
1266 1635 1412 1664 animabus
1425 1637 1566 1672 ingressus
1577 1647 1638 1666 esse
1653 1639 1681 1666 in
1695 1639 1778 1675 Egy-

153 1687 220 1713 ιέναι
238 1687 277 1718 είς
309 1687 358 1722 τῂν
374 1686 510 1721 Αἴγυπτον
530 1687 751 1723 ἀναγέγραπται,
768 1688 818 1714 οὐκ
826 1687 939 1723 ἀσωμά-

151 1741 204 1764 τως
212 1732 332 1767 δηλονότι
342 1734 391 1768 τὴν
406 1732 559 1769 παρουσίαν
570 1735 660 1760 ἐκεῖσε
676 1734 859 1769 ποιησάντων,
871 1734 940 1761 ἀλλὰ

151 1779 205 1804 τῶν
224 1779 254 1810 ἐξ
277 1779 373 1806 Ἰακὼϐ
395 1780 428 1814 τῇ
453 1780 525 1806 κατὰ
539 1779 569 1805 τδ
584 1781 710 1814 κρεῖττον
723 1780 777 1807 τῶν
797 1781 825 1806 ὲν
839 1780 878 1815 τῷ
893 1781 941 1806 ἀν-

151 1824 254 1860 θρώπῳ
271 1825 393 1860 πολιτείᾳ
411 1826 645 1861 μαρτυρουμένων
656 1835 662 1841 ·
677 1826 729 1858 ἕως
741 1827 940 1862 πληθυνθέντες

152 1871 177 1897 οἱ
190 1871 242 1897 υἱοὶ
257 1866 377 1906 Ἰσραὴλ,
387 1871 491 1905 χυδιίοι
512 1871 652 1905 ὲγένοντο²
666 1872 764 1899 οὐκοῦν
777 1872 890 1904 δεόντως
906 1874 938 1908 τῇ

151 1916 199 1942 τοῦ
210 1915 284 1942 θείου
296 1916 395 1951 μέρους
411 1917 574 1952 ἐπικρατείᾳ
587 1917 669 1949 ὁσίως
681 1925 711 1943 τε
729 1918 775 1944 καὶ
788 1919 843 1949 τοῖς
857 1918 940 1953 ἱεροῖς

151 1961 241 1996 λόγοις
259 1962 424 1994 ἀκολούθως,
445 1962 511 1989 Θεὸν
524 1963 570 1989 τὸν
584 1963 643 1989 ὃ).ον
658 1963 778 1998 Χριστὸν
806 1963 938 1999 ὀνομάζο-

153 2014 219 2042 μεν·
234 2007 352 2042 μάλιστα,
365 2006 393 2033 δὲ
420 2006 462 2033 ὄτι
482 2007 530 2034 καὶ
555 2007 586 2034 τὸ
603 2007 760 2034 ίδικώτατον
785 2008 851 2035 Θεοῦ
868 2017 938 2042 γνω-

155 2053 293 2088 ριστὴριον
308 2054 336 2079 ἐν
352 2052 390 2087 τῷ
405 2053 465 2080 κατ’
475 2053 557 2079 αὐτὸν
572 2053 637 2089 ὅλῳ,
657 2054 703 2080 καὶ
725 2054 777 2081 οὐκ
791 2055 820 2081 ὲν
835 2053 873 2090 τῷ
897 2054 940 2081 ἐνὶ

154 2097 234 2132 μόνον
250 2097 328 2133 μέρει
343 2097 510 2133 θεωροῦμεν,
521 2098 592 2134 ὅπερ
611 2098 670 2125 ἐστὶ
689 2098 719 2126 τὸ
729 2099 937 2135 ἀναμάρτητονθ

152 2143 193 2170 ἔτι
209 2144 261 2179 μὴν
285 2144 332 2170 καὶ
351 2145 440 2171 πᾶσαν
455 2143 593 2180 θεοπρεπῆ
618 2145 717 2181 πρᾶξιν
740 2147 769 2173 ἐν
784 2145 859 2181 αὐτῷ
886 2145 938 2181 ὅλῳ

153 2189 332 2224 γινώσκομεν.

188 2235 285 2272 Τρίτον
299 2236 326 2262 δὲ
344 2237 408 2271 ὑμῖν
421 2245 511 2272 φαμεν
525 2246 531 2253 ·
556 2238 620 2270 Πῶς
635 2239 742 2265 πάντων
756 2238 810 2265 τῶν
835 2238 939 2275 κυρίων

989 1683 1067 1714 ptum
1078 1681 1210 1707 scribitur
1225 1689 1280 1708 non
1296 1681 1464 1717 incorporali
1478 1685 1622 1718 pra:sentia
1639 1685 1678 1713 ibi
1693 1686 1779 1720 signi-

990 1724 1080 1757 ﬁcata,
1106 1726 1152 1753 sed
1175 1726 1293 1753 ﬁliorum
1312 1727 1398 1755 Iacob
1413 1733 1490 1763 parte
1508 1737 1523 1756 e
1535 1729 1643 1757 duabus
1659 1731 1779 1759 hominis

988 1770 1116 1804 partibus
1138 1771 1393 1806 melioreindicata,
1418 1774 1572 1808 usquedum
1591 1777 1664 1803 aucti
1681 1777 1728 1804 lilii
1742 1778 1779 1805 ls-

990 1816 1058 1847 rael,
1083 1817 1225 1844 numerosi
1251 1817 1314 1844 facti
1334 1822 1409 1845 sunt.
1425 1819 1512 1854 Igitur
1525 1821 1722 1849 convenienter
1743 1830 1778 1850 ex

990 1860 1090 1888 divina:
1114 1862 1201 1896 partis
1215 1862 1375 1897 praestantia
1391 1865 1521 1900 religioso
1532 1867 1616 1895 modo
1636 1873 1664 1896 et
1691 1870 1778 1898 sacris

987 1907 1081 1935 verbis
1096 1914 1291 1943 consentanea,
1303 1911 1388 1938 Deum
1400 1911 1539 1940 Christum
1555 1918 1641 1942 totum
1658 1917 1778 1951 appella-

991 1960 1072 1986 mus;
1087 1954 1239 1988 prmsertim
1257 1955 1319 1990 quia
1345 1956 1488 1991 proprium
1504 1958 1622 1987 ma‘ime
1638 1960 1685 1988 Dei
1696 1962 1777 1989 attri-

990 1996 1086 2024 butum
1102 1998 1129 2025 in
1144 2003 1204 2026 toto
1214 1999 1334 2033 Christo,
1346 2005 1374 2028 et
1391 2009 1445 2028 non
1462 2002 1490 2029 in
1506 2010 1560 2031 una
1574 2007 1680 2033 tantum
1698 2012 1777 2042 parte

989 2042 1140 2073 cernimus.
1162 2043 1236 2078 quod
1262 2048 1304 2072 est
1322 2045 1554 2081 impcccahilitas;
1579 2049 1671 2077 adhuc
1694 2051 1775 2079 etiam

989 2094 1098 2115 omnem
1112 2087 1212 2115 divinae
1234 2091 1445 2118 convenientem
1467 2097 1573 2120 naturas
1591 2095 1730 2123 actionem
1746 2097 1774 2125 in

989 2133 1042 2161 hoc
1061 2138 1119 2162 toto
1130 2135 1314 2170 agnoscimus.

1024 2242 1118 2271 Tertio
1131 2250 1221 2273 autem
1239 2246 1316 2274 vobis
1335 2247 1472 2276 dicimus:
1484 2249 1626 2282 Quomodo
1640 2259 1702 2279 cum
1716 2260 1774 2280 om-

151 2281 300 2316 ὀνομάτων,
319 2281 436 2316 μάλιστα
449 2282 503 2309 τῶν
517 2283 684 2319 φερωνύμως
705 2285 850 2319 κειμένων,
864 2284 937 2319 ὶδικῷ

990 2289 1034 2315 nia
1052 2290 1162 2325 propria
1179 2291 1237 2318 sint
1255 2292 1378 2325 nomina,
1394 2281 1548 2328 praesertim
1566 2303 1627 2331 qua:
1639 2297 1775 2332 signiﬁca-

151 2335 204 2352 τινι
221 2327 393 2362 γνωρίσματι
410 2328 487 2363 παρὰ
505 2329 567 2361 τοὺς
594 2329 704 2362 λοιποὺς
723 2331 777 2357 τῶν
806 2331 935 2366 ὁμοειδῶν

990 2334 1044 2362 live
1059 2342 1213 2368 versantur,
1226 2327 1431 2371 particular-eiet
1440 2327 1626 2374 praescindens
1642 2327 1714 2371 invter
1729 2351 1774 2371 re-

151 2373 199 2399 xat
226 2372 426 2408 ὖπεξῃρημὲνῳ
446 2375 665 2410 σημαινομένων,
682 2376 725 2402 ἵνα
751 2375 838 2408 οὕτως
851 2379 936 2404 νοοῖτο

153 2418 212 2444 κατ’
231 2419 297 2446 αὐτὸ
315 2419 344 2445 τὸ
364 2419 509 2453 πρόσωπον
521 2419 613 2452 ίδικῶς
622 2418 652 2449 οὖ
665 2422 738 2448 ἐστιν
749 2423 766 2457 ἡ
782 2422 877 2458 κλῆσις
889 2423 935 2450 τοῦ

151 2464 294 2498 ὀνόματος,
304 2464 512 2500 ἁνθρωποτόκον
520 2465 608 2499 λέγειν
621 2466 669 2501 τὴν
682 2467 817 2502 Παρθένον
832 2468 935 2503 τὴντοῦ

152 2509 220 2536 Θεοῦ
232 2509 319 2543 Λόγου
333 2509 480 2545 γενομένην
493 2511 609 2546 Μητέρα
621 2511 749 2546 βούὶεσθε
760 2522 767 2545 ;
786 2514 864 2541 Πᾶσα
883 2513 937 2549 γὰρ

152 2556 200 2581 καὶ
220 2556 300 2588 ἑτέρα
310 2555 429 2582 τεκοῦσα
442 2557 471 2583 ὲν
486 2557 641 2593 ἀνθρώποις
666 2559 744 2594 γυνὴ,
761 2559 799 2594 τῷ
823 2560 937 2594 ὀνόματι

151 2601 239 2635 τούτῳ
265 2601 497 2637 προσαγορεύεται
515 2610 546 2629 τε
568 2604 616 2630 καὶ
640 2605 814 2640 σημαίνεται.
829 2606 865 2637 οὐ
883 2607 937 2642 γὰρ

151 2644 231 2670 τοῦτο
247 2645 333 2679 ίδικῆς
348 2654 431 2677 τινος,
447 2643 515 2673 ἀλλᾶ
534 2647 625 2682 πάσης
646 2649 776 2682 γυναικὸς
792 2650 934 2685 ὀνομασία.

154 2689 214 2720 Πῶς
231 2687 276 2715 οὖν
293 2689 370 2715 ἔσται
388 2689 482 2725 κύριον
499 2693 549 2726 τῆς
562 2692 718 2727 Παρθένου;
743 2694 864 2725 Ίδιάζειν
882 2696 937 2731 γὰρ

155 2735 192 2761 δεῖ
203 2736 236 2761 τὰ
254 2734 308 2761 τῶν
329 2735 520 2763 ὑποστάςεων·
537 2738 583 2763 καὶ
607 2738 665 2770 πῶς
685 2747 711 2765 τι
737 2740 820 2775 αὐτὴν
843 2742 874 2768 ἐκ
888 2741 935 2768 τοῦ

154 2780 243 2807 κοινοῦ
273 2782 484 2816 προσαγορεύων
508 2783 653 2818 ὀνόματος,
681 2785 772 2817 ὶδικῶς
796 2787 934 2821 σημαίνει,

153 2825 248 2861 ὥσπερ
256 2826 334 2852 εἴωθε
341 2827 374 2853 τὰ
384 2827 551 2855 καθέκαστον
559 2829 679 2864 ὀνόματα
689 2830 786 2866 δηλοῦν
797 2832 842 2858 τὸν
852 2832 934 2866 δεῖνα;

154 2874 184 2901 Εί
211 2872 265 2908 γὰρ
283 2873 329 2899 καὶ
353 2873 390 2904 ὡς
415 2874 539 2901 ἐπίθετον
565 2875 691 2912 ληφθείη,
718 2877 776 2904 ἀλλ’
801 2878 838 2910 ὡς
853 2879 935 2907 ἱδικόν

349 2919 483 2951 Parnm.
506 2921 566 2952 Gn.
590 2923 667 2952 LXX
678 2923 762 2956 ΧΗ.

988 2379 1078 2414 liquas
1092 2381 1197 2409 similes
1211 2390 1346 2417 personas
1361 2384 1495 2413 indicium
1511 2386 1681 2422 exhibentia;
1694 2389 1731 2417 ita
1745 2395 1775 2417 ut

990 2426 1030 2453 sic
1045 2426 1214 2462 intelligatur
1224 2427 1252 2455 in
1269 2428 1343 2456 illam
1360 2423 1446 2465 ipsam
1460 2439 1606 2466 personam
1623 2434 1702 2469 cujus
1711 2443 1775 2470 pro-

990 2471 1080 2506 prium
1096 2476 1148 2504 est,
1176 2473 1297 2502 nominis
1315 2475 1477 2510 appellatio,
1495 2476 1616 2506 hominis
1632 2485 1773 2515 parentem

991 2515 1085 2544 dicere
1099 2517 1238 2552 Virginem
1252 2519 1301 2546 Dei
1313 2520 1395 2548 Verbi
1411 2521 1525 2550 Matrem
1537 2523 1637 2552 factata
1658 2530 1776 2554 conten-

992 2560 1080 2589 ditis?
1093 2561 1188 2590 Omnis
1211 2563 1286 2590 enim
1309 2568 1338 2592 et
1358 2565 1415 2593 alia
1431 2567 1542 2601 pariens
1558 2567 1630 2596 inter
1646 2570 1776 2598 homines

992 2606 1101 2640 mulier,
1114 2607 1167 2636 hoc
1181 2609 1279 2637 eodem
1297 2611 1409 2638 nomine
1425 2611 1528 2640 dicitur
1544 2618 1573 2642 et
1587 2615 1775 2650 signiﬁcatur;

991 2660 1054 2679 nam
1069 2653 1186 2689 alicujus
1206 2655 1381 2689 particularis
1403 2665 1459 2685 non
1473 2663 1525 2690 est,
1544 2660 1593 2687 sed
1607 2661 1698 2689 omnis
1713 2670 1776 2690 mu-

990 2697 1067 2725 lieris
1092 2700 1323 2734 appellatiozcur
1350 2710 1406 2730 non
1432 2703 1486 2731 erit
1502 2706 1612 2740 propria
1637 2707 1777 2742 Virginis?

989 2743 1161 2779 Distinguere
1171 2746 1244 2773 enim
1255 2752 1363 2782 oportet
1373 2756 1433 2783 qua:
1440 2751 1618 2784 pertinentad
1626 2753 1779 2782 subsiszen-

991 2790 1052 2822 Iias,
1067 2795 1093 2817 et
1109 2792 1247 2825 quomodo
1270 2794 1383 2828 aliquid,
1412 2795 1483 2823 hanc
1495 2798 1636 2825 communi
1664 2801 1776 2829 nomine

990 2837 1140 2870 appellans,
1161 2839 1366 2873 particulariter
1378 2842 1524 2876 signiﬁcat,
1545 2844 1617 2871 sicut
1636 2853 1777 2875 assuetum

991 2887 1032 2909 est
1056 2883 1161 2917 singula
1183 2885 1294 2912 nomina
1320 2887 1400 2914 talem
1417 2889 1563 2922 quemdam
1589 2891 1733 2920 indicare"
1748 2894 1776 2923 Si

1555 2936 1592 2968 54
