1960 3093
215 167 280 200 1707

847 172 1001 203 LEONTII
1022 171 1224 203 BYZANTINI

1776 172 1848 204 i708

212 223 286 249 enim
314 227 344 249 ut
370 223 525 258 epithctum
555 224 685 254 sumitur.
713 224 761 251 sed
795 229 825 251 ut
849 225 1002 260 epithetum

1059 225 1184 252 ἐπίθετον
1201 224 1392 260 ἀντιστρέφειν
1405 224 1446 251 δεῖ
1462 224 1530 260 πρὸς
1545 223 1575 250 τὸ
1593 223 1775 260 ὑποκείμενον
1790 227 1850 252 τῶν

212 268 358 302 proprium
376 269 465 296 averti
485 269 569 297 debet
596 278 611 297 a
647 270 729 297 solito
771 271 913 298 nominum
940 279 1002 299 usu.

211 313 257 340 Sic
271 313 344 340 enim
368 313 459 349 agitur
484 314 511 340 in
535 314 578 341 his
601 322 662 349 qua;
679 314 734 341 duo
758 314 868 341 nomina
888 315 1001 348 habent,

211 359 321 386 duobus
336 359 495 387 nominibus
511 360 544 386 ad
563 368 645 387 unum
662 368 806 394 personam
832 361 942 395 proprie
957 369 1003 388 or—

211 403 323 437 dLnatis;
342 405 424 431 utsol
439 409 468 432 et
491 405 634 440 hyperion,
656 405 839 439 plenilunium
861 412 891 435 et
911 407 975 433 luna
995 415 1001 433 ι

211 457 266 476 non
288 451 361 476 enim
385 450 413 476 in
430 449 491 476 aliis
508 450 566 476 haec
582 450 703 484 epitheta
730 455 759 477 ut
778 452 933 478 communia
957 460 1004 479 su-

211 495 310 523 menda
325 500 400 522 sunt.
419 495 453 523 Ut
475 500 566 523 autem
586 496 688 523 clarius
704 496 860 531 loquamur,
882 498 1003 526 hominis

211 546 298 568 mater
311 546 339 568 et
355 541 401 567 Dei
417 541 515 574 Mater,
529 541 639 568 nomina
654 547 719 569 sunt
731 542 852 576 epitheta
871 550 1004 577 persona-

211 594 290 619 rum;
304 586 427 621 epitheta
443 591 545 620 autem,
566 592 614 614 aut
626 588 782 615 communia
795 593 869 620 sunt,
889 594 919 616 ut
936 589 1003 616 Phi-

211 633 318 667 lopator
332 632 506 665 Ptolemmus,
528 636 556 660 et
572 633 778 668 Philadelphus,
800 634 885 667 alter;
901 635 1003 662 etenim

211 678 258 704 alii
274 677 380 705 similes
403 677 458 705 illis
470 678 535 706 facti
558 683 623 706 sunt
638 684 666 707 et
681 679 789 707 fuerant
817 678 1005 716 philopalores

194 731 196 733 ’
211 730 239 751 et
253 724 437 759 Philadelphi,
462 729 490 752 et
506 724 577 753 forte
589 732 700 758 omnes;
721 730 769 753 aut
795 726 904 761 propria
928 732 1003 761 sunt,

211 774 241 797 ut
253 770 313 797 sine
327 774 419 798 matre
435 774 515 798 natus
537 771 612 799 solus
634 771 731 803 Adam,
756 777 784 799 et
802 779 878 799 coma
896 773 1004 800 validus

210 815 286 842 solus
300 814 426 846 Samson,
443 819 543 850 praeter
557 823 654 843 omnes
670 815 794 851 ejusdem
811 820 926 844 natura.
941 816 1006 851 Epi-

211 860 318 887 thetum
330 865 422 887 autem
436 867 535 887 nomen
552 860 673 888 hominis
686 861 792 889 matris‘
809 865 840 888 ut
860 862 1003 897 proprium

210 914 266 934 non
283 905 423 934 diceretur
445 906 472 933 in
496 906 670 934 immaculata
691 907 814 942 Virgine,
838 908 923 934 multa
938 908 1005 935 alia-
1019 898 1043 928 Β

1054 270 1212 305 ὀνομάτων·
1242 269 1315 296 οὕτω
1334 269 1389 304 γὰρ
1405 269 1461 305 ἔχει
1485 270 1533 296 καὶ
1551 269 1599 296 ἐπὶ
1614 268 1669 295 τῶν
1688 269 1849 305 διωνΰμων,

1053 317 1099 342 δύο
1115 316 1255 352 ὀνομάτων
1270 315 1331 343 καθ’
1343 315 1372 343 ἓν
1382 315 1528 351 προσώπου
1538 315 1641 351 κυρίως
1655 316 1848 350 τεταγμένων,

1054 362 1091 393 ὡς,
1107 362 1184 397 ἥλιος
1201 363 1215 388 ό
1234 362 1281 388 καὶ
1292 361 1424 397 ὑπερῐων,
1438 362 1484 388 καὶ
1496 361 1636 396 διχομηνὶς
1648 362 1664 396 ἠ
1679 361 1780 397 σελήνη
1793 370 1800 378 ·
1813 362 1848 388 οὺ

1055 406 1110 442 γάρ
1125 408 1183 433 ἐστι
1198 407 1244 433 καὶ
1272 406 1319 433 ἐπὶ
1334 406 1439 442 ἑτέρων
1452 406 1514 433 τάδε
1529 406 1563 433 τὰ
1576 406 1687 433 ἐπίθετα
1700 407 1738 438 ὡς
1766 407 1850 433 κοινὰ

1053 453 1158 480 λαϐεῖν.
1188 453 1361 488 Σαφέστερον
1376 454 1404 481 δὲ
1421 454 1518 485 εἰπεῖν,
1532 453 1561 479 τὸ
1576 453 1785 488 ἀνθρωποτόκος
1798 454 1850 479 καὶ

1054 499 1198 533 Θεοτόκος,
1216 499 1338 535 ὀνόματά
1361 500 1430 526 εἰσιν
1448 498 1563 525 ὲπίθετα
1578 499 1735 534 προσώποις
1746 507 1752 513 ·
1767 498 1803 525 τὰ
1816 499 1848 525 δὲ

1054 546 1178 578 ὲπίθετα,
1193 545 1209 581 ἦ
1222 546 1300 572 κοινά
1311 546 1397 579 ἐστιν,
1413 545 1451 577 ὡς
1466 545 1628 580 φιλοπάτωρ
1637 546 1650 571 ὁ
1662 545 1847 579 Πτολεμαῖος,

1053 593 1102 620 καὶ
1118 591 1279 627 φιλάδελφος
1291 591 1384 626 ἕτερος
1394 599 1401 606 ·
1415 591 1530 626 καὶ.γάρ
1538 591 1586 617 καὶ
1598 590 1672 617 ἄλλοι
1684 590 1738 617 τῶν
1752 591 1850 625 ὁμοει-

1054 638 1107 665 δῶν
1120 638 1212 670 αὐτοῖς
1229 638 1358 672 γεγόνασι
1378 638 1423 664 καὶ
1437 635 1492 663 εἷεν
1509 637 1690 671 φιλοπάτορες
1705 637 1752 662 xii.
1783 636 1848 670 φύε

1057 683 1179 718 άδελφοι,
1195 685 1244 711 καὶ
1259 683 1352 719 σχεδὸν
1371 684 1471 714 πάντες
1481 690 1488 698 ·
1504 683 1520 718 ἢ
1538 682 1608 708 ἰδικά
1624 683 1708 713 ἐστιν,
1723 681 1761 714 ὡς
1772 683 1847 716 ἀμη-

1054 728 1186 764 τρογενὴς
1203 727 1283 764 μόνος
1297 727 1311 754 ὁ
1332 727 1417 762 Ἀδὰμ
1427 734 1434 741 ³
1447 727 1493 754 καὶ
1507 725 1682 762 τρεχοσθενὴς
1696 727 1709 753 ὁ
1724 726 1843 761 Σαμψὼν

1057 774 1148 809 μόνος,
1174 774 1251 810 παρὰ
1275 774 1338 806 τοὺς
1360 774 1489 809 ὁμοφυεῖς
1502 773 1624 804 πάντας·
1640 773 1670 798 τὺ
1687 771 1715 798 δὲ
1738 772 1848 804 ἀνἿρω-

1056 821 1171 851 ποτόκος
1187 819 1313 846 ἐπίθετον
1332 819 1429 854 ὄνομα,
1443 819 1480 850 ὼς
1504 819 1553 854 μὲν
1572 818 1655 844 ῐδικον
1672 818 1720 844 οιίκ
1738 818 1770 844 ἰν
1798 818 1846 843 λέ-

1056 873 1132 900 γοιτο
1163 866 1234 892 κατὰ
1266 865 1316 901 τῆς
1344 865 1480 901 ἀχράντου
1505 864 1657 900 Παρθένου,
1673 863 1778 900 μυρίων
1797 864 1849 891 καὶ

1057 912 1160 945 ἑτέρων
1174 911 1262 938 οὐσῶν
1284 911 1504 946 ἀνθρωποτόκων
1519 910 1656 943 γυναικῶν
1673 910 1791 945 δηλαδή·
1807 910 1848 941 ὼς

211 961 272 980 rum
287 953 373 980 millia
387 961 449 981 cum
462 954 517 981 sint
529 954 676 982 mulierum
691 955 810 982 hominis
824 959 959 987 matrum;
978 961 1002 983 ιιι

1055 958 1083 984 δὲ
1096 958 1185 984 κοινὸν
1199 959 1224 984 εἰ
1238 959 1274 994 φῇ
1291 967 1332 990 τις
1346 958 1413 984 αὐτὸ
1429 958 1476 985 καὶ
1492 957 1552 983 κατ’
1563 957 1648 990 αὐτῆς
1665 957 1702 989 ὡς
1715 957 1762 984 καὶ
1783 957 1849 983 καθ’

210 1007 357 1027 commune
368 1003 459 1027 autem
472 999 495 1027 si
513 1000 577 1034 quis
592 999 658 1027 illud
674 1000 776 1028 dixerit
790 1005 817 1028 et
834 1001 862 1028 in
877 1001 922 1028 illa
935 1001 1002 1028 sicut

1056 1003 1167 1039 ἑτέρων.
1187 1003 1267 1038 εἴπερ
1278 1003 1387 1038 ἀληθῶς
1400 1002 1477 1029 ἔσται
1493 1003 1595 1034 κοινὸν,
1611 1002 1683 1029 κατὰ
1701 1003 1747 1029 τὴν
1762 1003 1849 1029 αὺτπιν

211 1045 371 1078 ἰιιαοιοιιίε,
400 1045 536 1081 siquidem
560 1053 627 1073 vere
656 1053 803 1074 commune
832 1047 878 1079 sit,
907 1047 1004 1074 eodem

212 1092 294 1119 modo
306 1092 333 1119 iu
345 1092 473 1119 omnibus
485 1091 512 1118 in
526 1091 629 1126 quibus
641 1091 798 1125 adhibetur,
813 1097 920 1127 oportet
937 1092 1004 1120 illud

212 1138 359 1173 appellari,
382 1138 413 1165 'et
426 1137 550 1165 eamdem
564 1145 622 1165 rem
650 1138 709 1172 pari
731 1138 813 1165 modo
835 1138 949 1165 omnino
977 1142 1005 1165 et

211 1191 319 1219 semper
335 1184 498 1219 signiﬁcare.
512 1183 571 1211 Non
584 1183 657 1211 enim
681 1191 830 1219 synonyma
852 1189 918 1211 sunt
931 1192 1005 1219 qna:-

212 1231 286 1263 dam,
302 1238 364 1258 cum
381 1238 436 1257 non
452 1230 611 1258 communia
626 1230 682 1257 sint
697 1230 801 1257 nomini
817 1235 845 1257 et
859 1231 900 1257 rei
916 1231 1005 1257 nomi—

210 1277 255 1304 nis
267 1284 366 1304 caesar.
388 1277 436 1304 Vel
454 1277 537 1311 igitur
559 1280 671 1303 steteras
693 1276 824 1303 mulieres
832 1284 937 1308 omnes,
954 1277 1004 1303 ho-

1057 1049 1157 1083 τρόπον
1168 1050 1197 1075 ὲν
1213 1049 1295 1075 πᾶσιν
1305 1045 1346 1081 οἷς
1360 1049 1508 1079 ἐπίκειται,
1518 1048 1559 1074 δεῖ
1572 1048 1636 1075 αὐτὸ
1651 1048 1847 1083 ὀνομάζεσθαι,

1055 1095 1102 1121 καὶ
1125 1094 1156 1121 τὺ
1176 1094 1242 1122 αὐτὸ
1273 1095 1341 1130 πρᾶγ
1351 1103 1389 1129 μα
1412 1091 1542 1126 ὡσαύτως
1556 1094 1644 1128 πάντη
1670 1094 1739 1121 κατὰ
1755 1094 1850 1121 nam:

1055 1139 1213 1175 σημαίνειψ
1233 1139 1263 1166 οὑ
1282 1139 1335 1174 γὰρ
1350 1138 1495 1173 συνώνυμα
1511 1138 1587 1165 ἔσται
1603 1138 1674 1171 τινὰ,
1692 1139 1730 1173 μὴ
1745 1148 1830 1166 κοινω
1841 1155 1848 1159 -

1054 1185 1152 1212 νοῦντα
1163 1185 1201 1220 τῷ
1215 1194 1244 1211 τε
1256 1185 1369 1219 ὀνόματι
1381 1185 1427 1212 καὶ
1440 1185 1479 1220 τῷ
1492 1185 1636 1220 πράγματι
1652 1184 1690 1219 τῷ
1704 1185 1785 1218 αἰτίῳ
1796 1184 1848 1210 τοῦ

1053 1231 1196 1266 ὀνόματος.
1217 1232 1250 1257 Ἢ
1270 1230 1316 1257 οὖν
1333 1231 1380 1257 καὶ
1403 1231 1451 1262 τὰς
1467 1231 1564 1262 λοιπὰς
1585 1232 1718 1265 γυναῖκας
1741 1232 1846 1262 πάσας,

1053 1276 1280 1311 ἀνθρωποτόκους
1316 1277 1364 1302 σὺν
1395 1277 1464 1311 αὐτῇ
1490 1276 1657 1310 λεγομένας,
1685 1275 1732 1302 καὶ
1759 1276 1848 1308 αὑτὰς

211 1324 294 1351 minis
307 1328 408 1350 matres
420 1330 482 1350 eum
506 1322 551 1349 illa
576 1322 675 1354 dictas,
692 1327 720 1349 et
743 1323 816 1357 ipsas
838 1330 950 1350 necesse
962 1328 1002 1358 est

1054 1323 1161 1357 ἀνάγκη
1178 1322 1371 1358 θεανθρώπους
1393 1323 1468 1355 τινὰς
1492 1324 1583 1350 τεκεῖν
1613 1322 1683 1349 κατὰ
1713 1323 1846 1357 Χριστὸν,

211 1369 277 1396 deos
299 1368 423 1396 homines
450 1368 558 1403 aliquos
578 1375 674 1402 parere
695 1367 806 1395 Christo
834 1368 950 1400 similes,
974 1373 1002 1402 ut

1054 1368 1148 1404 ὥσπερ
1168 1368 1237 1403 αὕτη
1267 1368 1320 1395 ἀπὸ
1349 1369 1450 1403 μέρους
1470 1377 1501 1394 τε
1517 1368 1565 1395 καὶ
1579 1368 1674 1401 αὐτὰς,
1692 1369 1738 1395 καὶ
1747 1369 1799 1395 οὐκ
1812 1370 1847 1395 ἐκ

211 1415 285 1442 illam
298 1422 330 1441 ex
348 1419 424 1449 parte
441 1414 514 1449 ipsas
528 1415 622 1446 etiam,
639 1417 667 1441 et
689 1421 744 1441 non
764 1422 798 1441 ex
826 1418 884 1441 toto
899 1414 936 1441 ita
953 1422 999 1449 ap-

1054 1414 1100 1440 τοῦ
1119 1414 1180 1440 ὅλου
1197 1414 1284 1445 οὓτως
1297 1413 1490 1448 ὀνομάζεσθαι,
1506 1413 1522 1449 ἢ
1542 1414 1610 1449 μηδὲ
1639 1414 1717 1449 τήνδε
1734 1413 1848 1440 caveae,

211 1460 322 1495 pellari;
347 1460 389 1487 vel
403 1459 475 1486 illam
490 1459 576 1486 Deum
594 1459 733 1486 hominem
747 1467 857 1494 parere,
871 1467 928 1486 non
955 1466 1002 1493 au-

1054 1468 1114 1486 τινα
1145 1460 1235 1486 τεκεῖν
1258 1459 1413 1494 ἄνθρωπον,
1439 1459 1506 1494 μηδὲ
1527 1459 1582 1485 ἀπὸ
1607 1459 1720 1494 μέρους·
1739 1458 1797 1485 ἀλλ’
1813 1460 1848 1485 ἐκ

215 1509 269 1531 tein
287 1511 320 1531 ex
332 1507 409 1538 parte
424 1504 471 1530 sed
487 1511 521 1531 ex
537 1508 594 1530 toto
609 1504 647 1530 ita
662 1503 805 1538 appellari,
827 1508 892 1539 puta
913 1503 1002 1530 homi-

1054 1505 1099 1532 τοῦ
1116 1505 1177 1532 ὅλου
1199 1505 1286 1536 οὕτως
1304 1504 1497 1539 ὀνομάζεσοειι,
1518 1504 1601 1539 ἤγουν
1621 1504 1846 1539 ἁνθρωποτόκον·

212 1551 256 1577 nis
269 1554 427 1585 parentem;
442 1550 464 1576 si
482 1552 639 1576 non'autem
654 1546 704 1576 illa'
717 1557 751 1576 ex
770 1553 829 1576 toto
843 1557 932 1584 neque
942 1549 1002 1577 ista

1054 1553 1078 1578 si
1096 1552 1125 1578 δὲ
1141 1551 1206 1587 μηδὲ
1235 1551 1306 1586 αὕτη
1331 1550 1360 1583 ἐξ
1391 1550 1463 1582 ὅλου,
1495 1550 1561 1586 μηδὲ
1583 1551 1685 1576 ἐκεῖναι
1699 1551 1732 1576 ὲκ
1745 1550 1847 1585 μέρους

211 1605 245 1623 ex
259 1601 338 1632 parte
360 1595 517 1622 dicerentur
542 1595 663 1622 hominis
677 1600 815 1630 parentes.
837 1595 891 1622 Sed
908 1602 999 1630 neque

1054 1599 1175 1634 εἴρηνται
1198 1598 1402 1633 ὰνΟρωποτόκοι
1415 1604 1421 1611 ·
1439 1595 1495 1622 ἀλλ’
1511 1596 1572 1622 οὔτε
1591 1596 1660 1632 αὕτη
1674 1595 1751 1631 ψιλὸν
1766 1596 1846 1622 τέτο-

212 1642 258 1670 illa
281 1649 386 1668 merum
408 1641 514 1676 peperit
531 1641 689 1673 hominem,
716 1648 808 1676 neque
833 1641 893 1669 ista:
911 1640 1000 1668 Deum

1054 1653 1098 1672 κεν
1111 1645 1265 1679 ἄνθρωπον,
1280 1643 1343 1670 οὔτε
1361 1643 1462 1670 ἐκεῖναι
1481 1641 1592 1670 σύνθεον
1617 1642 1726 1668 πώποτε
1744 1650 1842 1676 γεγεν-

214 1690 364 1722 hominem,
380 1696 501 1724 unquam
523 1693 704 1723 pepererunt,
732 1688 871 1723 quomodo
891 1688 945 1715 erit
971 1688 1000 1716 in

1054 1690 1159 1725 νήκασι,
1172 1689 1231 1721 πῶς
1243 1689 1318 1715 Eant
1332 1690 1361 1715 ἐν
1372 1688 1467 1720 αὑταῖς
1482 1687 1579 1720 κοινῶς
1595 1687 1625 1714 τὸ
1635 1688 1845 1723 ἀνθρωποτόκος

213 1737 268 1764 illis
285 1735 469 1762 communiter
488 1734 608 1762 hominis
630 1734 752 1769 parentis
768 1741 869 1761 nomen
895 1734 1000 1762 adhibi-

214 1787 271 1808 tum
282 1780 294 1807 ?
304 1780 446 1815 Siquidem
461 1780 553 1814 agitur
571 1787 661 1814 neque
678 1780 743 1807 huic
757 1779 860 1815 regina:
878 1780 999 1815 proprie,

215 1834 303 1861 neque
316 1825 503 1853 communiter
515 1825 648 1860 appellari
663 1826 791 1853 convenit
811 1825 864 1853 hoe
878 1826 1000 1858 nomine,

214 1871 354 1898 fatendum
374 1875 415 1898 est
440 1870 514 1905 quod
543 1871 619 1898 nulla
646 1871 753 1898 ratione
768 1871 889 1898 hominis
901 1878 1001 1906 parens

213 1924 278 1944 vere
294 1916 348 1944 dici
371 1916 457 1952 possit
478 1921 571 1944 sancta
587 1916 636 1944 Dei
649 1917 761 1944 Parens.
775 1917 852 1944 Illius
869 1925 931 1944 cum
955 1925 1001 1945 so-

213 1963 269 1989 lum
284 1963 450 1998 particulare
465 1970 566 1990 nomen
581 1963 617 1990 sit
634 1962 709 1997 quod
728 1970 763 1990 ex
776 1969 855 1997 parte
869 1967 921 1995 est,
945 1971 1001 1990 non

213 2012 321 2036 vetatur
334 2008 401 2043 quin
413 2012 461 2034 aut
476 2015 525 2035 cur
537 2007 563 2034 in
581 2008 702 2035 nominis
716 2007 923 2038 similitudinem
938 2015 1001 2037 cum

212 2054 265 2081 alia
276 2053 347 2081 inter
363 2053 494 2080 mulieres
508 2060 563 2080 non
577 2053 733 2087 incurrens,
746 2053 781 2080 ob
797 2052 824 2080 id
841 2052 869 2080 in
882 2052 1003 2080 hominis

214 2098 335 2132 parentis
344 2098 456 2125 nomine
477 2098 653 2126 ostendatur.

248 2143 301 2171 Sed
319 2148 347 2171 et
357 2143 383 2170 id
400 2143 483 2179 igitur
510 2144 710 2172 observandum
735 2149 778 2173 est
801 2145 902 2177 adhuc,
926 2145 1001 2181 quod

213 2190 235 2216 si
261 2197 440 2225 personarum
476 2191 589 2218 nomina
616 2191 756 2226 propriam
795 2191 1003 2219 subsistentiam

1050 1734 1137 1770 ὄνομα
1152 1735 1297 1769 κείμενον;
1315 1734 1413 1761 οὐκοῦν
1436 1733 1565 1770 ἐπείπερ,
1587 1734 1656 1768 μήτε
1688 1733 1781 1765 ἰδικῶς
1809 1735 1843 1768 τῇ

1050 1781 1196 1817 Δεσποίνῃ,
1228 1781 1296 1816 μηδὲ
1312 1781 1409 1813 κοινῶς
1424 1779 1606 1815 ὀνομάζεσθαι
1620 1780 1726 1816 ἥρμοσε
1741 1779 1801 1806 τόδε
1813 1779 1846 1806 τὸ

1050 1828 1146 1863 ὕνομα,
1162 1827 1336 1862 ὡμολόγηται
1353 1827 1391 1859 ὡς
1406 1826 1468 1853 κατ’
1482 1827 1579 1853 οὐδένα
1596 1826 1675 1860 λόγον
1696 1825 1846 1861 ἀνθρωπα-

1051 1874 1130 1905 τόκος
1142 1873 1251 1909 ἀληθῶς
1269 1873 1302 1900 ἂν
1311 1873 1419 1907 λέγοιτο
1434 1873 1451 1908 ἡ
1470 1873 1536 1906 ἁγία
1552 1872 1683 1904 Θεοτόκος
1694 1881 1700 1888 ·
1712 1872 1748 1900 αὑ
1754 1873 1801 1907 (ἧς
1813 1871 1846 1898 ὂν

1054 1920 1134 1955 μόνον
1154 1920 1246 1951 ιδικῶς
1257 1920 1287 1946 τδ
1301 1919 1387 1954 ὄνομα.
1405 1918 1436 1946 τὸ
1461 1919 1493 1945 ἐκ
1518 1918 1619 1954 μέρους
1634 1918 1664 1944 οὐ
1677 1918 1845 1948 κεκώλυται.

1053 1965 1112 1998 πῶς
1126 1965 1142 2001 ἦ
1157 1964 1238 1992 πόθεν
1253 1965 1293 1996 εἰς
1310 1964 1471 2001 ὁμωνυμίαν
1497 1964 1560 1992 τινὰ
1584 1963 1653 1999 πρὸς
1677 1964 1775 1999 ἑτέραν
1789 1963 1846 1990 τῶν

1052 2011 1192 2046 γυναικῶν
1219 2011 1269 2040 οὐκ
1290 2010 1488 2046 ἐκπιπτούσης,
1514 2009 1586 2037 κατὰ
1597 2009 1656 2036 τόδε
1671 2009 1709 2041 ὡς
1732 2010 1780 2037 ἰπὶ
1796 2009 1845 2037 τοῦ

1052 2057 1260 2094 ἁνΘρωπο-ιόκος
1274 2056 1393 2093 ἐδείχθη.

1094 2146 1175 2173 Ἀλλὰ
1190 2146 1238 2173 καὶ
1254 2145 1314 2172 τόδε
1330 2145 1397 2180 γοῦν
1414 2145 1564 2180 σκοπητέον
1579 2145 1630 2177 ἔτι,
1645 2145 1683 2176 ὡς
1698 2145 1723 2171 εἰ
1739 2145 1774 2172 τὰ
1788 2145 1845 2172 τῶν

1054 2191 1209 2227 προσώπων
1221 2191 1345 2226 ὀνόματα
1362 2190 1449 2226 ἰδικὴν
1465 2190 1615 2217 ὑπόστασιν
1627 2199 1689 2216 τινα
1703 2190 1782 2219 τοῦδέ
1803 2199 1845 2217 τι-

219 2236 339 2271 aliquam
377 2236 494 2272 alicujus
531 2236 724 2272 signiﬁcantia,
768 2245 822 2265 non
863 2244 879 2265 e
919 2238 1002 2265 rebus

1055 2245 1101 2269 νος
1115 2237 1292 2273 σημαίνοντα,
1307 2237 1357 2263 οὐκ
1367 2237 1399 2263 ὲκ
1413 2236 1512 2263 κοινῶν
1521 2244 1603 2263 τινων
1618 2236 1636 2265 ἃ
1648 2237 1707 2262 ἐστι
1722 2236 1771 2263 καὶ
1785 2236 1845 2263 ἐτέ-

212 2290 274 2318 qute
301 2282 367 2310 huic
396 2287 424 2310 et
452 2283 514 2310 aliis
529 2291 692 2313 communes
721 2287 795 2316 sunt.
826 2284 874 2311 sed
901 2292 935 2312 ex
960 2284 1004 2312 his

212 2336 273 2364 qua;
307 2329 426 2364 propriae
466 2329 552 2359 solius
577 2333 642 2356 sunt
670 2336 794 2364 personae
830 2330 977 2358 nominata:
994 2350 1002 2363 ,

213 2375 309 2402 volunt
350 2375 485 2410 intelligi;
528 2375 662 2411 siquidem
702 2376 832 2403 mulieres
873 2375 1004 2404 dicuntur

214 2421 375 2454 innumerae,
388 2425 419 2449 et
433 2421 552 2450 hominis
571 2425 673 2450 matres
684 2429 849 2454 numerosae,
864 2426 892 2449 et
914 2422 1002 2457 virgi-

163 2489 167 2491 .
213 2474 263 2494 nes
277 2467 368 2494 multa:
387 2470 415 2494 et
427 2467 554 2502 plurimae
568 2466 660 2495 Maria
674 2471 751 2499 sunt,
767 2471 795 2495 et
811 2467 899 2495 solum
913 2467 1002 2503 parti-

212 2512 316 2545 culare,
338 2512 482 2547 proprium
505 2517 533 2540 et
549 2512 758 2548 signiﬁcativum
773 2512 893 2540 maxime
907 2516 950 2540 est
973 2512 1002 2539 in

212 2558 387 2586 immaculata
401 2563 429 2586 et
438 2566 548 2593 semper
564 2559 683 2594 gloriosa
696 2559 808 2594 Virgine
834 2566 934 2586 nomen
951 2558 1000 2586 Dei

212 2604 345 2640 parentis.
357 2603 436 2637 Quod
452 2609 480 2631 et
494 2612 529 2631 ex
550 2604 648 2639 seipsis
674 2604 812 2632 discerent
835 2604 1000 2638 adversarii,

211 2651 241 2678 ni
253 2650 468 2685 disputationem
483 2650 568 2677 solam
585 2651 774 2686 exquirerent.
795 2650 823 2678 Si
836 2650 910 2678 enim
931 2649 1001 2678 sim-

211 2697 320 2730 pliciter
333 2696 457 2723 mulieris
473 2696 592 2731 Virginis
607 2701 708 2724 sanctae
720 2696 883 2724 vocabulum
900 2695 1000 2723 intelli-

211 2745 307 2773 gerent
324 2741 380 2773 isti,
403 2748 544 2775 nunquam
561 2741 760 2768 contenderent
779 2749 880 2768 vanum
895 2741 929 2768 de
950 2740 1002 2768 hac

210 2785 306 2817 quavis
325 2793 442 2819 persona
464 2791 662 2813 commentum.
678 2786 705 2813 Si
719 2794 785 2813 vero
800 2786 848 2814 Dei
876 2787 1001 2820 parentis

211 2829 473 2858 vocabulumedocti
489 2831 589 2865 forent,
620 2841 683 2860 cum
707 2833 760 2860 alia
782 2833 844 2859 talis
869 2840 924 2859 non
953 2832 1000 2865 sil,

211 2872 304 2900 statim
318 2873 390 2901 illam
407 2876 493 2904 ιιιυοί
507 2877 618 2905 Matrem
629 2883 828 2906 venerarentur
839 2877 999 2904 indubitan-

1055 2292 1123 2320 ροις,
1139 2282 1197 2311 ἀλλ’
1211 2283 1240 2316 ἑξ
1256 2282 1348 2310 ῑδικῶν
1362 2283 1409 2309 καὶ
1423 2283 1506 2309 αὐτοῦ
1520 2282 1600 2318 μόνου
1615 2282 1709 2315 ὄντων,
1724 2282 1772 2309 τοῦ
1786 2283 1846 2310 ὀνο-

1056 2328 1161 2365 μαστοῦ
1178 2328 1326 2365 προσώπου
1358 2328 1431 2355 θέλει
1462 2328 1669 2363 λαμδάνεσθαν
1687 2329 1769 2364 εἴπερ
1795 2330 1845 2356 καὶ

1053 2372 1183 2410 γυναῖκες
1200 2375 1325 2409 λέγονται
1343 2375 1461 2411 ἄπειροι,
1477 2376 1525 2401 καὶ
1548 2375 1753 2412 ἁνΘρωποτόκοι
1773 2376 1844 2412 ἁμέ·

1053 2429 1159 2457 τρητοι,
1176 2421 1223 2447 καὶ
1239 2420 1369 2456 παρθένοι
1394 2420 1498 2456 μυρίαι,
1516 2421 1642 2448 πλεῖσται
1667 2422 1715 2448 καὶ
1736 2422 1843 2457 Μαρίαι

1053 2465 1124 2492 εισιυ
1141 2464 1189 2491 καὶ
1205 2464 1286 2499 μόνον
1304 2464 1461 2492 ἰδικώτατον
1483 2465 1528 2492 καὶ
1543 2465 1713 2501 κυριώτατον
1728 2467 1776 2496 καὶ
1792 2475 1841 2501 ση-

1055 2510 1260 2546 μαντικώτατόν
1285 2509 1343 2536 ἐστι
1358 2511 1391 2544 τῇ
1419 2510 1485 2545 ὰγέᾳ
1508 2510 1638 2546 ὰχράντῳ
1657 2511 1705 2538 καὶ
1731 2511 1843 2546 ἀειδόξῳ

1054 2556 1184 2592 Παροένῳ
1194 2556 1280 2588 ὄνομα
1293 2555 1324 2582 τὸ
1344 2555 1476 2587 Θεοτὸκος
1489 2563 1497 2570 ⁸
1511 2557 1579 2592 ὅπερ
1596 2557 1643 2583 καὶ
1661 2557 1708 2591 ἀφ’
1733 2557 1842 2584 ἑαυτῶν

1055 2602 1166 2637 μάθοιεν
1179 2601 1203 2628 οἱ
1221 2601 1409 2636 ἀντιλέγοντες
1427 2602 1466 2636 μὴ
1494 2601 1564 2638 πρδς
1587 2601 1646 2638 ἔριν
1678 2602 1764 2638 μόνην
1787 2604 1842 2630 ἁπ-

1052 2647 1217 2684 εσκληκότες
1231 2655 1238 2662 ·
1255 2649 1280 2674 ει
1308 2648 1362 2683 γὰρ
1384 2647 1477 2680 ἁπλῶς
1493 2648 1524 2674 τὸ
1540 2648 1608 2683 γυνὴ
1627 2648 1644 2683 ἡ
1672 2648 1812 2684 ἰιαρθένος
1825 2651 1842 2684 ἡ

1052 2694 1118 2728 ἁγία
1133 2693 1280 2721 ἀκούσειαν
1297 2694 1343 2720 καὶ
1358 2693 1446 2726 αὐτοὶ,
1467 2693 1545 2720 οὔπω
1565 2694 1741 2729 στηρίζονται
1756 2694 1800 2728 ἐφ’
1814 2695 1844 2721 ἓν

1052 2739 1082 2766 τὸ
1094 2739 1121 2765 δέ
1138 2747 1165 2765 τι
1178 2738 1324 2774 πρόσωπον
1341 2738 1391 2773 τὴν
1405 2738 1574 2772 φαντασίανο
1590 2739 1614 2765 εἰ
1630 2739 1657 2765 δὲ
1669 2739 1699 2765 τὸ
1711 2739 1844 2772 Θεοτόκις

1052 2784 1222 2820 ὲνηχηοεῖεν,
1241 2783 1325 2817 ἄλλης
1338 2784 1388 2810 οὐκ
1397 2783 1481 2817 οὔσης
1499 2784 1616 2817 τοιᾶσδε,
1629 2783 1710 2816 εὐθὺς
1729 2785 1777 2811 ἐπὶ
1794 2786 1843 2820 τὴν

1053 2830 1213 2865 Θεομήτορα
1226 2830 1328 2864 ταύτην
1341 2829 1542 2855 ἁποὸλέπουσιν
1550 2829 1760 2864 ἀναμφιϐόλως,
1779 2831 1844 2865 περὶ

1053 2876 1137 2911 αὐτῆς
1160 2875 1336 2911 πεπεισμένοι
1363 2872 1432 2902 εἶναι
1460 2875 1490 2901 τὸ
1513 2875 1682 2911 λεγόμενον·
1705 2876 1755 2902 καὶ
1774 2876 1846 2903 οὕτω
