1960 3093
192 155 259 189 i711

818 153 971 183 LEONTll
992 153 1192 186 BYZANTINI

1747 157 1819 190 i712

193 216 287 243 multis
300 214 444 246 matribus,
456 221 489 241 ex
504 215 557 241 (Ine
570 221 652 249 quem
668 212 808 240 consecuti
829 217 904 239 erant
921 211 966 238 ﬁlii

1031 211 1072 237 ὅτι
1084 211 1214 243 πολλάκις
1232 212 1340 244 πολλοῖς
1353 213 1406 240 τῶν
1424 213 1604 249 γεννητόρων,
1615 215 1647 241 ιχ
1660 215 1707 242 τοῦ
1721 216 1818 243 τέλους

193 262 374 296 epitltetorum
391 260 600 295 appellationem
614 259 774 294 contigisse;
789 259 828 285 sic
843 259 916 286 enim
933 258 975 285 in-

191 306 375 343 clytam-tilio,
395 306 616 341 regis-matrem,
640 310 667 332 et
689 304 973 340 pulchri-genitricem

189 354 308 381 dicimus
325 353 420 385 istam;
439 360 536 386 nempe
551 359 606 378 non
623 359 672 386 per
692 351 821 378 virtutem
839 358 854 378 e
870 351 972 385 princi-

189 399 234 433 pio
246 402 293 425 aut
309 398 436 433 inclytam
448 397 555 423 laudem
572 403 657 430 puero
672 396 908 430 prmsuppositam,
924 395 972 422 sed

190 449 282 478 postea
300 443 510 473 manifestatam,
529 446 557 468 et
579 441 739 476 parentibus
760 440 972 476 appellationem

188 489 382 524 adjicicntem;
421 487 531 522 quando
568 494 633 522 ergo
661 490 688 514 et
719 494 786 519 nos,
814 487 835 514 si
873 494 973 521 cogno-

187 535 276 561 vimus
305 533 454 560 secundum
487 539 596 559 carnem
622 531 780 563 Christum,
816 531 864 558 sed
898 538 971 558 nunc

187 579 300 606 minime
319 577 518 613 cognoscimus.
536 577 604 604 Cum
629 577 738 612 quidem
760 577 881 604 Verbum
899 577 971 604 Deus

186 624 335 653 secundum
358 628 483 651 naturam
503 623 529 650 in
552 623 612 657 ipso
629 623 676 655 sit,
690 627 717 650 et
733 631 797 650 caro
818 623 970 650 secundum

186 675 310 698 naturam
324 674 387 705 post
403 669 634 697 resurrectionem
659 669 717 703 ipsa
737 669 828 695 divina
843 669 912 696 facta
934 670 970 696 sit

184 716 390 752 inperfectum,
409 724 471 743 cum
492 723 546 742 non
568 715 718 742 habeamus
738 723 827 749 neque
847 722 881 742 ex
894 719 969 750 parte

183 771 271 798 neque
290 762 440 790 secundum
459 761 577 796 aliquam
599 761 751 792 rationem,
773 761 914 796 quidpiam
941 761 967 788 in

182 817 215 836 eo
238 813 286 835 aut
302 809 373 835 circa
398 815 461 834 eum
484 815 600 834 vacuum
624 807 769 833 divinitate
792 806 921 841 cogitare,
941 811 970 834 et

183 855 369 886 benedictum,
385 862 438 880 non
453 854 564 888 quidem
582 861 632 887 per
646 853 717 880 hane
731 861 792 887 quae
807 853 834 879 in
855 853 902 880 illo
923 861 967 880 se-

182 901 302 929 cundum
312 905 437 927 naturam
453 899 595 926 habitabat
609 899 791 931 divinitatem,
801 900 860 934 ejus
868 907 967 926 nomen

182 947 264 974 fuerit
279 953 363 980 super
376 951 459 971 omne
476 952 584 976 nomen,
597 947 625 970 et
643 943 776 970 Dominus
794 947 822 970 et
839 944 911 971 Deus
930 943 970 971 fa-

182 998 242 1019 ctus
255 993 289 1019 sit
300 992 380 1019 Jesus
390 991 435 1017 ille
450 997 531 1025 quem
548 989 633 1017 Judaei
651 989 861 1022 cruciﬁxerunl;
875 996 969 1017 neces-

183 1037 256 1064 sario
272 1037 385 1064 minime
399 1035 685 1070 hominis-parentem,
702 1035 749 1063 sed
765 1034 968 1069 Dei-parentem

181 1087 297 1110 matrem
313 1084 372 1119 ejus
388 1083 473 1110 solam
492 1083 669 1110 nominamus
682 1087 710 1110 et
730 1091 894 1110 veneramur
908 1090 966 1109 om-

181 1129 414 1157 uino-colendam.
434 1129 500 1164 Ejus
511 1130 584 1156 cnim
599 1129 646 1163 qui
663 1137 696 1156 ex
713 1129 759 1156 illa
774 1128 886 1164 prodiit,
901 1133 927 1156 et
941 1129 968 1155 in

177 1175 334 1203 substantia
358 1179 386 1202 et
407 1175 434 1202 in
458 1175 558 1202 unione
578 1174 754 1202 Divinitatem
778 1179 967 1210 agnoscentes,

181 1226 268 1249 totum
287 1221 363 1248 illum
387 1221 472 1248 Deum
495 1220 680 1255 glorificamus
697 1225 725 1247 ct
740 1220 903 1253 adoramus;
917 1221 969 1248 etsi

180 1267 371 1302 cognoscimus
392 1266 495 1294 servari
519 1266 592 1293 illam
617 1274 650 1293 ex
670 1266 840 1293 humanitate
864 1270 969 1301 partem

181 1313 301 1340 divinam
326 1312 424 1340 factam
451 1313 477 1339 in
503 1312 614 1339 Christo
636 1319 670 1340 ex
688 1312 734 1339 illa
757 1317 831 1345 nato,
850 1317 877 1340 et
900 1312 970 1340 hanc

182 1358 359 1386 ineti‘abiliter
372 1366 454 1386 carne
472 1358 605 1386 indutam.
618 1358 667 1386 Illa
691 1359 764 1386 enim
785 1359 970 1394 praestantiori

182 1405 379 1439 assumptione,
394 1412 448 1432 non
471 1404 657 1432 destructione
672 1405 764 1433 divina
786 1405 856 1433 facta
877 1409 929 1438 est,
942 1409 970 1433 et

183 1450 373 1477 benevolentia
385 1458 440 1478 non
455 1451 606 1479 mutatione
623 1451 710 1479 altera
723 1459 787 1479 caro
800 1451 870 1479 facta
882 1456 933 1479 est.

217 1497 244 1524 Si
259 1504 336 1528 vero,
350 1496 490 1532 inquiunt,
504 1498 582 1532 quasi
600 1505 631 1524 ex
647 1502 724 1532 parte
739 1497 861 1532 quatdam
877 1497 972 1525 dican-

1028 259 1075 284 τοῦ
1083 259 1153 286 κατᾶ
1160 259 1223 290 τοὺς
1233 260 1340 291 παῖδας,
1353 260 1370 295 ἡ
1382 260 1436 286 τῶν
1444 261 1576 287 ἐπιθέτων
1587 261 1717 295 ὀνομασία
1730 271 1816 297 προσ-

1027 304 1139 338 γέγονεν
1153 313 1160 320 ·
1185 305 1272 337 οὕτως
1297 306 1352 341 γὰρ
1376 306 1554 339 κλυτόπαιδα,
1580 308 1628 334 καὶ
1652 309 1815 341 ἀνακτύκον.

1027 350 1074 376 καὶ
1093 351 1251 385 καλλίγονόν
1264 360 1354 387 φαμεν
1366 352 1445 387 τήνδε
1459 360 1466 367 ·
1482 353 1530 379 καί
1553 361 1594 380 τοι
1610 354 1660 380 οὐκ
1675 354 1705 386 ἐξ
1726 355 1815 390 ἀρχῆς

1026 395 1066 431 τῷ
1079 396 1173 431 βρέφει
1198 397 1248 431 τῆς
1262 397 1362 433 ἀρετῆς
1385 397 1400 433 ἢ
1421 398 1471 432 τῆς
1487 398 1564 430 ἀξίας
1578 399 1719 433 ἐνεργείας
1744 409 1815 434 συμ-

1027 441 1231 476 προελθοὺσηςλ
1241 442 1299 469 ἀλλ’
1315 442 1429 478 ὕστερον
1449 444 1675 479 έμφανισθείσης,
1696 445 1742 471 καὶ
1756 447 1815 478 τοῖς

1026 488 1135 522 γονεῦσι
1152 489 1201 524 τὴν
1211 489 1362 523 ὀνομασίαν
1377 491 1607 525 προσαγαγούσης
1617 498 1624 504 ·
1635 491 1697 517 επεὶ
1706 488 1752 518 οὖν
1766 493 1814 517 καὶ

1026 534 1118 568 ἡμεῖς,
1135 535 1160 561 εί
1173 535 1220 561 καὶ
1238 534 1400 570 ἐγνώκαμεν
1414 534 1484 561 κατὰ
1500 536 1589 570 σάρκα
1604 535 1731 570 Χριστὸν,
1744 535 1814 562 ἀλλὰ

1025 580 1072 606 νῦν
1092 580 1183 607 οὐκέτι
1209 579 1401 616 γινώσκομεν’
1423 581 1470 608 τοῦ
1493 582 1543 617 μὲν
1573 582 1603 608 ὲν
1630 581 1704 616 αὑτῷ
1722 582 1812 616 Λόγου

1024 625 1092 651 Θεοῦ
1109 625 1181 652 κατὰ
1195 625 1277 661 φύσιν
1288 626 1375 658 ὄντος,
1389 626 1438 662 τῆς
1457 627 1486 653 δὲ
1509 627 1579 654 κατά
1605 627 1687 661 φύσιν
1711 627 1814 663 σαρκος

1026 670 1096 704 μετὰ
1110 671 1160 706 τὴν
1176 671 1325 698 ἀνάστασιν
1340 671 1425 706 αὐτῆς
1444 671 1593 706 θεωθείσης
1617 673 1658 703 εἰς
1667 672 1697 698 τὸ
1712 680 1813 698 παντε-

1024 714 1068 746 λές
1080 723 1087 730 ·
1104 716 1154 742 οὐκ
1168 715 1276 750 ἔχοντες
1295 716 1356 742 οὐδὲ
1370 717 1401 742 ἐκ
1415 716 1525 751 μέρους,
1544 717 1603 743 οὐδὲ
1631 717 1704 742 κατά
1731 717 1812 750 λόγον

1023 761 1094 792 τινὰ,
1108 761 1136 787 τὶ
1150 761 1204 788 τῶν
1221 761 1305 788 αὑτοῦ
1319 762 1338 796 ἢ
1351 761 1416 797 περὶ
1425 762 1516 788 αὐτῶν
1528 762 1630 796 γυμνὸν
1643 761 1809 796 κατανοῆσαι

1024 806 1164 842 θεότητος·
1188 807 1364 842 χαρισθέντος
1379 806 1426 833 καὶ
1453 806 1492 842 τῷ
1516 806 1553 841 μὴ
1575 806 1646 833 κατὰ
1679 806 1759 840 φύσιν
1780 808 1811 832 ἐν

1022 852 1097 886 αὐτῷ
1109 851 1174 887 θείῳ
1186 851 1233 878 τοῦ
1244 851 1375 887 ὀνόματος
1391 851 1438 878 τοῦ
1451 851 1520 887 ὑπὲρ
1532 852 1585 878 πᾶν
1597 852 1693 886 δνομα·
1705 851 1809 886 Κυρίου

1019 907 1048 925 τε
1063 899 1109 924 καὶ
1132 897 1199 925 Θεοῦ
1213 898 1359 934 γενομένου
1396 898 1483 934 Ἰησοῦ
1510 898 1608 925 τούτου
1635 898 1664 925 δν
1685 897 1810 925 Ἰουδαῖοι

1019 943 1214 978 ἐσταύρωσαν·
1232 944 1260 977 ἐξ
1277 944 1400 979 ἀνάγκης
1421 944 1517 971 οὐκέτι
1539 945 1584 970 καὶ
1602 944 1811 979 ἀνθρωποτόκον

1021 990 1136 1026 μητέρα,
1155 989 1223 1017 ἀλλὰ
1235 991 1366 1017 Θεοτόκον
1375 991 1490 1026 Μητέρα
1507 990 1587 1026 μόνον
1599 990 1769 1026 ὸνομάζομέν
1780 999 1810 1017 τε

1019 1036 1066 1061 καὶ
1082 1033 1289 1070 προσκυνοῦμεν
1299 1035 1349 1071 τὴν
1362 1036 1517 1062 πάνσετπον
1527 1044 1534 1052 ⁸
1547 1036 1594 1063 τοῦ
1610 1035 1664 1071 γὰρ
1679 1037 1707 1068 ἑξ
1723 1036 1810 1071 αὐτῆς

1020 1081 1242 1117 προελθόντο;,τδ
1260 1081 1308 1117 μέν
1322 1090 1363 1109 τοι
1372 1083 1433 1109 κατ’
1444 1083 1549 1114 οὐσίαν,
1564 1082 1594 1109 ra
1609 1082 1637 1109 δὲ
1655 1086 1724 1110 κατὰ
1742 1092 1809 1117 μετ-

1019 1127 1113 1154 ουσίαν
1137 1127 1208 1154 θεῖον
1230 1128 1341 1160 εἰδότες,
1359 1127 1418 1154 ὅλον
1436 1129 1519 1155 αὑτὸν
1530 1128 1597 1155 Θεὸν
1615 1129 1716 1155 τέλειον
1730 1128 1811 1161 δοξά-

1022 1171 1105 1208 ζομεν
1119 1173 1166 1199 καὶ
1183 1173 1391 1208 προσκυνοῦμεν
1405 1181 1412 1188 '
1430 1174 1454 1200 εἰ
1470 1175 1517 1200 καὶ
1528 1175 1700 1209 γινώσκομεν
1721 1176 1811 1202 σεαῶ-

1021 1218 1084 1246 σθαι
1102 1219 1132 1245 τὸ
1145 1218 1174 1251 ἐξ
1185 1218 1394 1254 ἀνθρωπότητος
1409 1219 1509 1247 θεωθὲν
1527 1221 1556 1247 ἐν
1570 1221 1609 1257 τῷ
1621 1222 1743 1256 τεχθέντι
1761 1222 1811 1248 ὑπ’

1020 1265 1105 1300 αὐτῆς
1117 1265 1238 1301 Χριστῷ,
1254 1266 1301 1292 καὶ
1326 1266 1356 1293 τὸ
1382 1267 1531 1302 ἀφράστως
1545 1267 1703 1303 σαρκωθέν·
1719 1276 1812 1303 κρειτ-

1020 1310 1103 1338 τώσει
1127 1312 1182 1348 γὰρ
1206 1313 1253 1339 καὶ
1275 1313 1326 1339 οὐκ
1352 1313 1494 1348 ἀναιρέσει
1511 1313 1569 1340 τάδε
1592 1313 1741 1340 τεθέωται*
1760 1316 1810 1341 καὶ

1021 1356 1129 1383 εὐδοκία
1145 1356 1176 1382 οὐ
1194 1357 1282 1393 τροπὴ
1302 1357 1333 1384 τὸ
1348 1357 1441 1394 ἕτερον
1454 1358 1637 1393 σεσάρκωται.

1060 1505 1092 1532 Εἰ
1106 1505 1144 1538 δὲ,
1158 1505 1250 1540 φασὶν,
1258 1503 1325 1531 ὡσεὶ
1333 1505 1381 1532 καὶ
1392 1505 1423 1531 ὲκ
1437 1504 1538 1540 μέρους
1545 1505 1607 1532 τινὰ
1618 1504 1739 1539 λέγοιντο
1749 1506 1811 1533 ὀνός

183 1547 228 1569 tur
250 1543 370 1574 nomina,
394 1542 442 1570 sed
459 1550 509 1570 nos
532 1543 629 1574 Deum,
652 1551 707 1570 non
730 1544 809 1578 quasi
827 1551 859 1571 ex
880 1548 968 1579 parte,

1024 1560 1096 1587 ματα
1111 1560 1118 1585 ;
1133 1551 1189 1578 ἀλλ’
1207 1553 1288 1587 ἡμεῖς
1301 1551 1368 1578 Θεδν
1386 1552 1435 1587 οὐχ
1454 1552 1492 1583 ὡς
1513 1553 1545 1578 ὲκ
1561 1551 1662 1587 μέρους
1679 1552 1724 1578 τὸν
1742 1553 1812 1589 Χρι-

175 1588 321 1615 ·(]1ιτίειυηι
338 1589 522 1616 nominamus.
539 1588 567 1616 Si
585 1589 658 1617 enim
676 1597 739 1625 pars
754 1589 855 1617 Christi
869 1590 970 1618 dicitur

178 1633 317 1660 'Divinitas
331 1633 364 1660 ad
377 1633 521 1660 clariorem
531 1633 756 1671 significationem
773 1634 846 1661 illius
860 1642 972 1670 compo-

179 1679 239 1712 siti,
256 1679 303 1707 sed
319 1679 393 1707 omni
408 1682 486 1714 parte
507 1684 535 1707 et
557 1684 613 1707 toto
630 1680 682 1707 isto
701 1680 863 1715 intelligitur
881 1680 971 1716 perfe-

183 1725 254 1753 ctius
276 1724 399 1752 Verbum
426 1732 498 1752 esse.
524 1725 584 1753 Non
611 1726 684 1753 enim
709 1726 829 1753 Verbum
856 1726 970 1754 inferius

182 1771 293 1799 Christo
308 1771 436 1803 dicimus,
453 1771 502 1798 sed
527 1772 697 1807 simplicius;
720 1772 792 1807 quod
812 1772 885 1800 enim
907 1780 970 1808 pars

184 1817 285 1844 dicitur
296 1818 381 1852 partis
392 1825 454 1845 cum
467 1818 512 1845 illa
523 1818 687 1853 cunjunctre,
701 1817 788 1852 ipsius
800 1817 832 1844 ad
845 1818 969 1845 eamdem

185 1865 294 1893 nnionis
321 1866 402 1893 istius
415 1869 443 1893 et
474 1865 684 1900 compositionis
707 1865 780 1892 modi
794 1865 880 1900 ipsius
894 1865 970 1900 prin-

184 1910 285 1945 cipium
298 1915 326 1938 et
340 1911 498 1938 condunaus
508 1916 535 1938 et
549 1910 688 1946 propriam
702 1909 822 1938 efﬁciens
834 1911 968 1938 cernitur.

185 1955 218 1983 Et
233 1950 310 1991 quod.
320 1955 462 1991 proprium
471 1960 562 1983 totum
579 1956 634 1990 agit
646 1955 730 1991 magis
748 1961 790 1983 est
802 1963 883 1991 quam
895 1955 968 1991 quod

184 2007 277 2030 actum
289 2007 341 2035 est,
360 2008 390 2030 ut
402 2010 465 2038 pars
481 2002 583 2038 proprii
597 2003 692 2035 totius,
708 2008 739 2030 ut
753 2008 850 2030 natura
866 2003 893 2030 in
907 2003 969 2030 aliis

184 2048 355 2083 compositis;
376 2048 514 2084 quomodo
535 2051 596 2076 non'
613 2048 724 2084 proprie
745 2053 772 2076 et
792 2056 856 2076 vere
883 2049 969 2085 magis

183 2094 253 2121 alius
269 2094 354 2129 partis
370 2100 397 2121 et
417 2095 487 2130 ejus.
506 2094 580 2129 quod
597 2094 747 2122 secundum
764 2094 851 2130 ipsam
867 2094 969 2122 intelli—

183 2140 268 2174 gitur.
282 2140 366 2166 totius
393 2140 539 2175 appellatio
554 2147 686 2174 personat.
700 2144 727 2168 et
746 2140 921 2168 subsistentis
940 2141 968 2168 in

183 2185 229 2212 illa
249 2185 338 2212 omnis
352 2185 559 2220 compositionis
575 2193 608 2213 ex
624 2193 653 2213 se
673 2184 846 2213 eﬂiceretur?
866 2186 967 2214 Ultimo

183 2235 274 2258 autem
291 2238 307 2257 a
328 2230 407 2258 vobis
424 2231 450 2258 id
466 2230 611 2258 dicendum
627 2235 679 2264 est,
702 2231 774 2266 quod
795 2231 816 2259 si
827 2231 965 2260 Christum

183 2276 357 2304 nominantes
379 2277 457 2304 illum
484 2277 629 2304 Dominum
657 2282 684 2305 et.
707 2277 793 2305 Deum
818 2278 966 2314 significari

183 2323 270 2355 scitis,
291 2322 392 2350 etnib‘il
411 2322 550 2350 inferioris
565 2323 592 2350 in
606 2323 753 2350 Divinitate
768 2331 818 2358 per
832 2325 967 2352 utrumvis

183 2377 283 2397 uomet.
306 2369 340 2396 de
363 2369 410 2396 illo
427 2368 599 2401 existimatis,
624 2369 690 2404 quid
707 2370 813 2397 molesti
833 2370 911 2398 vobis
925 2371 967 2398 af-

182 2414 236 2441 fert
251 2414 436 2449 Dei-parentis
456 2414 635 2447 vocabulum,
662 2423 711 2449 pro
729 2415 981 2451 Christi—parentis-

183 2459 335 2487 vocabulo?
349 2460 382 2486 Et
399 2467 448 2486 cur
463 2454 495 2487 ex
520 2464 576 2487 toto
596 2460 688 2494 potius
707 2460 967 2496 Christi-parentem

183 2505 321 2540 appellare
332 2506 432 2533 vultis?
443 2506 471 2533 Si
483 2507 556 2533 enim
570 2506 641 2533 idem
653 2511 695 2533 est
704 2506 830 2533 Christus
842 2515 873 2534 ac
884 2507 966 2541 Deus,

181 2555 210 2577 et
224 2549 296 2577 idem
309 2549 550 2585 Christi-parentis
561 2559 592 2578 ac
609 2551 796 2585 Dei-parentis
807 2551 964 2586 appellatio.

181 2595 211 2622 Si
230 2603 295 2623 vero
308 2595 380 2623 aliud
391 2596 456 2630 quid
466 2597 552 2624 Deum
569 2596 644 2624 scitis
661 2603 720 2623 esse
735 2596 805 2631 apud
816 2596 967 2629 Christum,

182 2641 300 2675 priorem
314 2645 431 2668 vestram
447 2642 569 2668 eamdem
579 2641 775 2676 blasphemiam
792 2642 929 2675 fatemini;
942 2647 969 2669 et

183 2694 237 2713 non
260 2695 308 2722 per
324 2687 504 2722 posteriorem
525 2687 635 2714 dcmum
662 2685 918 2715 incredulis'semel
941 2689 970 2716 'et

182 2732 274 2767 impiis
287 2733 389 2760 Judaais
405 2734 516 2760 omnino
537 2733 687 2760 conformia
709 2733 863 2761 Christiane
883 2735 970 2762 disse-

182 2777 254 2804 ritis.
270 2777 324 2804 Sed
343 2779 452 2812 quando
471 2779 516 2806 illa
531 2787 593 2806 cum
616 2779 672 2806 Deo
688 2779 758 2806 bene
781 2787 830 2806 vos
851 2780 969 2806 confessi

183 2822 252 2849 estis
271 2827 298 2848 et
321 2824 489 2856 ostendistis.
505 2830 623 2852 sanctam
648 2830 676 2852 et
698 2826 800 2860 justam
824 2831 852 2853 ct
876 2834 968 2852 \‘cram

185 2863 394 2901 insi-parentem
418 2877 514 2898 revera
531 2877 652 2899 sanctam
673 2872 811 2907 Virginem
828 2871 937 2898 Mariam
953 2880 968 2899 e

1022 1597 1084 1624 στὸν
1097 1597 1282 1632 ὀνομάζομεν·
1300 1598 1324 1624 εἰ
1339 1597 1393 1633 γὰρ
1410 1598 1456 1624 καὶ
1467 1598 1550 1633 μέρος
1568 1597 1678 1632 λέγεται
1689 1597 1810 1632 Χριστοῦ

1021 1644 1038 1679 ἡ
1055 1643 1152 1679 θεότης
1165 1643 1233 1678 πρὸς
1245 1645 1395 1678 σαφήνειαν
1407 1644 1455 1679 τῆς
1472 1643 1624 1676 συνθέσεως
1634 1643 1730 1675 αὑτοῦ,
1741 1644 1811 1671 ἀλλὰ

1021 1690 1119 1721 παντὸς
1136 1690 1238 1725 μέρους
1253 1689 1299 1716 καὶ
1315 1689 1375 1716 ὅλου
1398 1691 1500 1716 νοεῖται
1510 1690 1596 1724 αὐτῆς
1612 1690 1780 1726 τελειότερος
1796 1692 1810 1717 ὀ

1021 1735 1120 1769 Λόγος·
1137 1735 1166 1761 οὒ
1196 1735 1250 1771 γὰρ
1277 1735 1322 1762 τὸν
1338 1735 1422 1770 Λόγον
1444 1737 1542 1771 ἥττονα
1558 1735 1676 1770 Χριστοῦ
1706 1745 1808 1771 φαμεν,

1020 1781 1077 1810 ἀλλ’
1093 1781 1276 1817 ἁπλούστερον
1286 1790 1292 1797 ·
1307 1782 1320 1808 ὃ
1332 1782 1386 1817 γάρ
1403 1791 1429 1808 τι
1453 1782 1540 1818 μέρος
1555 1782 1702 1818 λεγόμενον
1714 1782 1761 1810 τοῦ
1780 1792 1810 1810 τε

1021 1829 1069 1855 σὺν
1085 1828 1159 1863 αὒτῷ
1185 1828 1364 1863 συγκειμένου
1382 1828 1492 1863 μέρους,
1522 1828 1607 1863 αὐτῆς
1628 1829 1696 1863 προς
1727 1828 1811 1855 ἑαυτὸ

1020 1873 1143 1905 ένώσεως
1157 1873 1234 1901 τοῦδε
1244 1874 1291 1900 καὶ
1303 1873 1350 1900 τοῦ
1368 1875 1417 1909 τῆς
1431 1874 1581 1906 συνθέσεως
1600 1874 1682 1901 αὐτοῦ
1693 1874 1808 1909 τρόπον,

995 1942 997 1945 .
1020 1919 1105 1946 αῐτιόν
1124 1928 1152 1946 τε
1168 1919 1214 1946 καὶ
1239 1919 1397 1946 συνεκτικὸν
1427 1919 1474 1946 καὶ
1500 1919 1628 1954 κυριεῦον
1647 1919 1806 1955 θεωρεῖται·

1021 1965 1066 1992 καὶ
1079 1965 1146 1999 ἄγον
1162 1963 1192 1991 τὸ
1206 1966 1305 1992 οἰκεῖον
1320 1964 1379 1992 ὅλον
1396 1965 1495 2000 μᾶλλον
1511 1966 1526 2000 ἢ
1544 1966 1687 2000 ἀγόμενον,
1706 1966 1744 1997 ὡς
1763 1966 1810 2000 μέ-

1021 2018 1066 2045 ρος
1080 2009 1132 2036 ὗπό
1148 2008 1195 2036 τοῦ
1207 2010 1307 2036 οἰκείου
1323 2009 1396 2042 ὅλου,
1408 2010 1445 2042 ὡς
1465 2010 1545 2044 eum;
1562 2011 1618 2042 τοῖς
1636 2011 1726 2041 ἄλλοις
1743 2019 1808 2036 συν-

1020 2054 1125 2087 θέτοις·
1140 2055 1199 2086 πῶς
1227 2055 1258 2081 οὐ
1273 2054 1374 2090 κυρίως
1397 2056 1444 2082 καὶ
1463 2056 1533 2082 κατὰ
1557 2055 1689 2090 ἀλήθειαν
1704 2055 1807 2090 μᾶλλον

1019 2101 1064 2127 τοῦ
1081 2108 1110 2127 τε
1128 2100 1221 2136 ἑτέρου
1248 2101 1349 2135 μέρους
1373 2101 1420 2127 καὶ
1448 2100 1495 2127 τοῦ
1522 2101 1582 2127 κατ’
1603 2101 1669 2128 αὐτὸ
1689 2101 1727 2133 ὡς
1743 2101 1808 2128 ὅλου

1019 2146 1176 2182 νοουμένου,
1195 2146 1245 2180 τὴν
1268 2147 1415 2181 ὀνομασίαν
1441 2147 1487 2173 τοῦ
1512 2148 1670 2182 προσώπου,
1695 2148 1742 2175 καὶ
1759 2149 1808 2175 τοῦ

1021 2191 1176 2226 ὑφεστῶτος
1196 2192 1259 2227 περὶ
1273 2191 1338 2219 αὐτὸ
1352 2192 1451 2223 παντὸς
1466 2192 1654 2227 συγκρίματος
1667 2193 1696 2225 ἐξ
1707 2193 1807 2220 ἑαυτοῦ

1022 2238 1176 2274 ποιήσοιτο;
1195 2238 1308 2272 ἔσχατον
1320 2237 1347 2263 δὲ
1363 2238 1427 2272 ὑμῖν
1442 2237 1488 2264 καὶ
1510 2237 1567 2263 τόδε
1581 2237 1702 2270 λεκτέον,
1729 2239 1768 2269 ὡς
1783 2240 1807 2265 εί

1017 2275 1134 2319 Χριστὸν
1147 2283 1326 2318 ὀνομάζοντες
1341 2283 1420 2310 αὑτὸν
1435 2283 1480 2309 τὸν
1493 2283 1596 2317 Κύριον
1607 2283 1653 2310 καὶ
1667 2283 1733 2311 Θεὸν
1746 2285 1806 2311 ἴστε

1021 2330 1211 2366 σημαίνεσθαι,
1238 2330 1284 2357 καὶ
1312 2330 1388 2356 οὐδὲν
1412 2326 1545 2365 ἦττονείς
1562 2329 1677 2364 θεότητα
1692 2330 1737 2356 διὰ
1757 2330 1807 2357 θα-

1018 2375 1098 2411 τέρου
1113 2375 1166 2402 τῶν
1177 2375 1315 2410 ὀνομάτων
1327 2374 1392 2409 περὶ
1403 2374 1484 2401 αὐτοῦ
1498 2374 1649 2408 λογίζεσθε,
1663 2375 1690 2400 τί
1709 2374 1807 2410 δυσχιο

1021 2422 1126 2457 ραίνετε
1138 2417 1190 2447 ἐπὶ
1211 2422 1242 2456 τῇ
1256 2421 1388 2451 Θεοτόκος
1407 2421 1494 2456 φωνῇ,
1511 2421 1572 2447 ἀντὶ
1588 2420 1639 2455 τῆς
1657 2421 1807 2456 Χριστοτά-

1019 2475 1068 2493 κου
1082 2475 1089 2499 ;
1111 2466 1158 2492 καὶ
1173 2466 1210 2498 ὡς
1225 2467 1255 2492 ὲκ
1268 2465 1315 2492 τοῦ
1328 2466 1388 2492 ὅλου
1407 2466 1507 2500 μᾶλλον
1534 2466 1717 2500 Χριστοτόκον
1733 2466 1807 2493 ἀπο-

1020 2512 1112 2538 καλεῖν
1132 2512 1262 2546 βοῦλεσθε
1277 2521 1283 2544 ;
1312 2512 1343 2538 Εἰ
1363 2512 1417 2547 γὰρ
1427 2511 1524 2538 ταυτὸν
1549 2512 1666 2546 Χριστὸς
1681 2512 1722 2545 τῷ
1732 2512 1805 2548 Θεῷ,

1020 2558 1067 2584 καὶ
1079 2559 1095 2593 ἡ
1113 2558 1294 2592 Χριστοτόκος
1309 2559 1342 2592 τῇ
1354 2557 1478 2592 Θεοτόκῳ
1491 2557 1624 2593 ὀνομασίᾳ
1636 2566 1644 2574 ·
1664 2558 1688 2584 εί
1704 2558 1733 2584 δὲ
1747 2558 1808 2585 ἔτε-

1021 2602 1066 2637 ρόν
1085 2610 1111 2628 τι
1137 2602 1193 2628 ἴστε
1213 2602 1278 2628 θεὸν
1296 2602 1372 2636 παρά
1395 2601 1426 2628 τὸ
1450 2602 1577 2637 Χριστὸν,
1599 2601 1712 2637 πρώτην
1728 2602 1807 2638 ὑμῶν

1020 2647 1123 2682 ταύτην
1137 2647 1185 2682 τὴν
1199 2647 1373 2682 βλασφημίαν
1385 2647 1540 2682 ὁμολογεῖτε
1551 2655 1558 2662 '
1575 2648 1622 2674 καὶ
1636 2648 1666 2675 οὖ
1679 2649 1744 2684 περὶ
1757 2649 1808 2684 τῆς

1019 2693 1150 2728 δευτέρας
1165 2692 1256 2719 λοιπὸν
1271 2693 1308 2724 ὡς
1332 2693 1419 2728 πάντη
1435 2694 1562 2724 ἀπίστοις
1576 2692 1650 2726 ἅπαξ
1675 2694 1723 2720 καὶ
1740 2695 1808 2721 ἀσι-

1021 2737 1095 2764 δέσιν
1127 2738 1281 2770 Ἰουδαίοις,
1304 2739 1504 2773 Χριστιανικῶς
1535 2738 1809 2773 προσδιαλεγόμεθα·

1021 2783 1078 2809 ἀλλ’
1105 2784 1166 2810 ἐπεὶ
1191 2783 1275 2810 ταῦτα
1304 2784 1352 2810 σὺν
1367 2784 1425 2819 Θεῷ
1449 2783 1538 2815 καλῶς
1552 2785 1615 2818 ὑμῖν
1633 2784 1812 2820 ὡμολόγηται

1021 2828 1069 2855 καὶ
1087 2829 1294 2860 ἀποδέδεικται,
1320 2830 1392 2856 ὅσιον
1409 2830 1456 2856 καὶ
1479 2830 1582 2856 δίκαιον
1609 2831 1656 2856 καὶ
1681 2831 1810 2866 ἀληθινὸν

1030 2875 1161 2902 Θεοτόκον
1174 2875 1256 2907 ὀντως
1267 2875 1314 2911 τὴν
1328 2875 1407 2909 ἁγίαν
1420 2876 1555 2911 Παρθένον
1568 2876 1676 2911 Μαρίαν
1689 2877 1717 2903 ὲν
1729 2878 1809 2911 οὐρι-
