1960 3093
171 95 237 128 1Ἱ13

642 100 838 140 ADVERSUS
857 97 1255 130 NESTORIANOS.—LIB.
1277 98 1324 127 IV.

1720 96 1789 129 17H.

170 153 224 183 νοῖς
239 151 393 185 ὑμνεῖσθαι,
410 152 456 178 καὶ
472 152 517 179 ἐπὶ
533 153 584 187 γῆς
597 155 819 189 προσκυνεῖσθαι,
833 154 951 189 σώφρονι

1018 151 1079 180 uelis
1094 151 1243 184 celebrari,
1265 157 1291 178 et
1310 151 1338 178 in
1361 155 1432 179 terra
1454 151 1583 184 adorari.
1605 154 1720 188 sapienti
1735 163 1788 182 ,τοο

171 197 292 232 λογισμῷ
313 198 359 224 καὶ
377 197 528 234 ἁμωλύντῳ
545 199 649 235 διανοίᾳ
675 200 777 235 χείλεσί
805 210 832 226 τε
860 201 953 234 ἁγνοῖς

171 243 217 270 καὶ
233 243 284 270 ὑπὸ
298 243 406 270 πάντων
431 244 662 280 μακαριζομένην,
677 245 724 271 νῦν
747 246 775 272 δὲ
789 247 834 272 καὶ
849 247 887 277 εἰς
903 246 954 272 πά-

173 297 221 320 σας
236 288 284 320 τὰς
302 289 397 322 γενεὰς
416 289 469 315 τῶν
485 289 600 316 αἰώνων.
620 290 718 325 ’Λμήν.
739 291 830 317 Ταῦτα
846 291 893 325 μὲν
909 289 955 317 οὖν

173 334 238 368 παρ’
254 334 332 368 ἡμῶν
349 334 417 369 πρὸς
433 335 504 369 ὑμᾶς
521 335 570 370 τὴν
589 335 674 370 ἀληθῆ
690 345 718 362 τε
734 337 780 362 καὶ
797 336 955 370 πρέπουσαν

175 379 336 414 ιδικωτάτην
365 380 511 414 ὀνομασίαν
534 382 582 415 τῆς
598 381 678 415 ἁγίας
701 382 837 417 Παρθένου
861 381 956 408 Θεοτό-

176 433 223 451 κου
237 433 273 450 πα
279 433 371 459 ραι-του
377 426 484 460 μένους.

456 493 583 520 ΚΕΦΑΛ.
607 493 672 521 AH'.

178 536 241 562 Ὀτι
254 536 326 563 οὐδὲ
351 537 422 569 Θεὸς
445 539 462 574 (ξ
486 538 612 571 Χριστὸς
629 540 748 574 εἰκότως
774 539 957 574 ὀνομάζεται,

369 571 498 606 τολμῶσι
520 573 763 602 κατασκευάζειν.

213 626 278 657 Θεὸς
289 624 322 661 ἦν
337 627 351 653 ὁ
366 627 452 660 Λόγος
468 635 474 641 ·
492 627 602 661 γέγονεν
613 627 755 662 ἄνθρωπος
767 637 774 644 ·
785 629 810 655 ει
828 629 959 661 Θεοτόκος

179 672 194 704 ή
213 671 360 707 Παρθένος,
377 672 456 706 δῆλον
472 669 553 699 ὅτιοῦ
575 670 609 707 ἦν
633 674 647 699 ὁ
664 673 763 707 Λόγος,
781 673 838 700 ἔστι
859 675 959 710 Μήτηρ

179 717 195 751 ἡ
210 716 355 751 Παρθένος,
364 717 424 751 οὐχ).
431 716 461 743 οὒ
475 717 588 752 γέγονεν
602 725 608 732 ·
626 719 650 744 εἰ
661 718 689 744 δὲ
703 718 746 745 διὰ
762 719 807 744 τὸν
818 719 960 755 ἄνθρωπον

179 761 234 795 ἔχει
249 761 364 797 μητέρα.
379 762 427 788 τοῦ
441 762 585 797 ἀνθρώπου
600 763 713 798 Μητέρα
724 764 761 799 μὴ
784 764 899 799 ἔχοντος,
916 766 963 792 οὐ-

1005 197 1120 223 ﬂcxione
1135 200 1163 223 et
1181 196 1280 223 invicta
1293 196 1457 232 cogitatione
1471 198 1601 234 purisque
1617 198 1698 226 labiis
1712 203 1740 226 et
1755 199 1789 226 ab

1005 242 1133 268 omnibus
1148 242 1255 279 beatam
1273 242 1428 277 przedieari,
1442 251 1518 283 nunc
1538 249 1628 271 autem
1644 249 1672 272 et
1689 244 1715 271 in
1731 252 1790 278 om-

1005 297 1054 316 nes
1070 289 1259 323 generationes
1281 288 1454 315 sa'culorum.
1477 289 1574 316 Amen.
1601 289 1664 316 Haec
1680 289 1789 324 quidem

1007 334 1090 369 igitur
1110 342 1125 361 a
1144 333 1224 360 nobis
1239 333 1272 360 ad
1287 341 1334 360 vos
1355 333 1427 360 dit-ta
1444 338 1515 361 sunt
1530 341 1621 361 veram
1639 337 1664 360 et
1689 341 1789 361 conve—

1005 380 1127 406 nientem
1153 379 1291 414 propriam
1320 379 1442 407 maxime.
1462 379 1672 414 appellationem
1691 384 1793 406 sancta:

1008 425 1125 460 Virginis
1136 424 1320 459 Dei-parentis
1338 429 1474 459 rogantes.

1281 490 1355 518 CAP.
1376 490 1517 517 XXXVIII.

1062 536 1136 569 Quod
1149 536 1268 564 Christus
1283 545 1335 562 non
1350 544 1408 562 vere
1429 536 1524 562 dicitur
1537 536 1606 563 Deus
1625 545 1742 563 asserere

1317 571 1484 598 audentibus.

1044 627 1116 654 Deus
1133 630 1192 654 eral
1207 627 1338 658 Verbum,
1359 627 1462 654 factum
1483 631 1526 654 est
1547 627 1643 660 homo;
1660 635 1693 655 an
1711 627 1795 662 Virgo

1010 673 1045 700 sit
1070 673 1155 699 Mater
1169 672 1226 704 Dei,
1243 680 1308 699 sane
1323 671 1405 707 Virgo
1417 673 1476 706 ejus
1492 676 1535 700 est
1549 673 1634 700 Mater
1649 673 1726 707 cujus
1738 678 1796 702 erat

1009 719 1142 751 Verbum,
1158 726 1212 745 non
1234 719 1312 754 cujus
1326 717 1428 745 factum
1450 723 1492 745 est
1506 728 1512 746 :
1529 726 1564 745 an
1582 718 1732 746 secundum
1748 719 1796 746 ho-

1011 765 1112 792 minem
1134 769 1248 791 tnatrem
1272 763 1385 796 habeat,
1410 764 1521 791 homine
1539 768 1653 791 matrem
1677 772 1732 791 non
1749 764 1798 791 lia-

180 804 208 849 §s
228 804 281 839 ἄρα
298 806 311 832 ὁ
328 806 414 839 Λόγος
430 805 541 833 δύναται
557 807 628 842 ἔχειν
641 808 756 843 μητέρα.
782 809 861 835 Ἀλλὰ
871 811 918 836 καὶ
928 807 959 837 οὗ

1018 812 1105 842 bente,
1131 817 1196 837 sane
1213 809 1331 836 Verbum
1355 814 1472 837 matrem
1495 810 1596 837 habere
1618 818 1672 837 non
1696 815 1794 845 potest.

178 846 213 883 ἦν
225 850 270 875 καὶ
288 850 398 884 γέγονεν
418 851 432 877 ό
456 851 553 885 Λόγος,
573 851 630 879 ἐστι
651 853 742 888 μήτηρ
755 855 771 888 ἡ
789 854 936 889 Παρθένος
950 863 957 870 ι

180 895 227 920 καὶ
242 896 299 930 ἅμα
317 896 376 930 μὲν,
394 896 451 922 ἀλλ’
466 897 515 931 οὐχ
531 898 629 932 ὁμοίως
640 907 647 914 ·
664 898 710 925 τοῦ
723 899 772 933 μὲν
788 900 841 934 γὰρ
860 900 959 933 Λόγου,

179 939 216 970 ὡς
227 940 256 972 ἐξ
271 940 356 975 αὐτῆς
366 941 464 976 ὲναρξα
468 942 549 977 μένου
559 943 725 978 σαρκώσεως
733 952 740 958 ·
757 945 806 979 τῆς
813 945 840 972 δὲ
848 946 962 981 σαρκὸς,

179 984 218 1016 ὡς
234 985 263 1018 ἐξ
276 986 360 1020 αὐτῆς
377 987 564 1024 ἑναρξαμένης
581 989 734 1024 ὑπάρξεως.

468 1045 593 1072 ΚΕΦΑΛ.
609 1046 671 1073 AO’.

216 1086 294 1112 Κατὰ
309 1087 358 1121 μὲν
369 1089 417 1114 τὸν
437 1090 591 1125 προφήτην,
616 1090 647 1117 τὸ
676 1091 851 1128 Ἐμμανουήλ
865 1093 961 1129 ὄνομα,

182 1133 294 1167 σημείου
314 1134 387 1160 ἐστὶν
403 1134 489 1169 ὄνομα
507 1135 554 1162 τοῦ
568 1137 600 1162 ὲκ
616 1138 665 1171 τῆς
685 1137 824 1172 Παρθένου
842 1140 882 1173 τῷ
897 1141 964 1175 οἴκῳ

182 1179 262 1205 Δαὸὶδ
272 1180 430 1214 τικτομένου
442 1190 471 1208 τε
484 1182 534 1208 καὶ
542 1183 681 1218 διδομένου
699 1192 706 1199 ·
727 1185 798 1211 κατὰ
812 1185 840 1212 δὲ
854 1186 901 1212 τὸν
915 1187 961 1212 Αἰ-

181 1223 306 1257 γύπτιον,
321 1225 366 1251 τοῦ
377 1225 490 1261 δοτῆρας
498 1227 546 1253 τοῦ
562 1229 674 1262 σημείου
691 1229 758 1256 Θεοῦ
774 1231 831 1257 ἐστι
855 1232 886 1258 τὸ
905 1232 964 1258 δνο-

184 1277 221 1304 μα
236 1269 265 1295 τὸ
280 1267 463 1306 Ἐμμανουήλ.
486 1272 554 1299 Ἀλλ’
564 1273 594 1299 οὐ
608 1275 719 1309 σημεῖόν
735 1275 808 1302 ἐστιν
823 1277 837 1303 ὁ
856 1277 963 1312 Ἐμμα-

182 1315 264 1350 νουήλ
277 1323 282 1330 ·
296 1316 381 1351 ὄνομα
392 1317 446 1353 γάρ
460 1319 519 1345 ἐστι
535 1319 710 1352 ὑποστάσεώς
731 1330 803 1353 τινος
831 1332 965 1358 σημαντι-

183 1360 241 1392 κὸν,
258 1361 319 1387 καθ’
331 1362 364 1397 ἣν
374 1363 434 1397 μεθ’
449 1363 527 1398 ήμῶν
534 1364 589 1390 τῶν
602 1365 753 1400 ἀνθρώπων
766 1367 832 1399 Θεὸς
852 1369 946 1402 γέγονε
956 1376 964 1384 ⁸

184 1405 241 1437 πῶς
256 1406 284 1433 δὲ
302 1407 412 1441 γέγονεν
428 1409 487 1443 μεθ’
501 1409 617 1445 ἡμῶν,ἢ
643 1411 721 1444 δῆλον
744 1411 782 1443 ὡς
804 1414 850 1439 καὶ
870 1414 966 1449 πρώην

183 1450 331 1487 διειστήκει
349 1453 441 1488 ἡμὼν;
453 1454 578 1489 διέστηκε
591 1456 619 1482 δὲ
635 1456 712 1491 ήμῶν
726 1456 801 1490 Θεὸς,
820 1458 870 1484 οὐκ
889 1459 965 1494 ὲνερ-

1011 856 1063 883 Sed
1085 861 1113 883 et
1137 856 1198 890 ejus
1217 860 1276 883 erat
1300 856 1420 884 Verbum
1444 859 1471 883 et
1497 857 1575 891 cujus
1595 860 1727 884 sanctum'
1743 861 1795 887 est,

1010 901 1069 936 ejus
1085 906 1126 928 est
1144 901 1228 928 Mater
1242 901 1338 938 Virgo,
1363 905 1391 927 et
1413 901 1495 928 simul
1521 901 1650 935 quidem,
1677 901 1724 929 sed
1742 909 1795 928 non

1012 946 1094 973 simili
1108 946 1198 979 motio,
1217 946 1297 972 Verbi
1323 945 1444 980 quidem.
1471 950 1501 973 ut
1524 953 1558 973 ex
1584 946 1628 973 illa
1652 946 1796 977 incarnati,

1012 991 1103 1018 carnis
1115 999 1180 1018 vero
1196 996 1225 1018 ut
1239 999 1272 1018 ex
1288 990 1333 1017 illa
1348 990 1529 1019 substantiam
1545 990 1714 1025 accipientis.

1290 1046 1331 1073 CA
1337 1047 1365 1074 Ρ.
1395 1046 1516 1073 XXXIX.

1048 1091 1204 1120 Secundum
1229 1093 1406 1127 prophetam,
1432 1100 1532 1119 nomen
1555 1093 1733 1124 Emmanuel,
1757 1098 1798 1120 est

1013 1145 1114 1165 nomen
1127 1138 1196 1174 signi
1212 1146 1246 1165 ex
1263 1138 1374 1173 Virgine
1391 1138 1457 1165 editi
1472 1144 1499 1165 et
1513 1138 1607 1165 domui
1625 1139 1708 1166 David
1730 1139 1796 1169 dati.

1013 1183 1164 1211 secundum
1188 1183 1331 1219 Egyptium
1358 1191 1424 1211 vero
1447 1184 1608 1211 Emmanuel
1632 1192 1732 1211 nomen
1757 1188 1799 1212 est

1015 1229 1061 1256 Dei
1077 1229 1185 1263 signum
1203 1229 1303 1256 dantis.
1317 1228 1369 1255 Sed
1386 1228 1547 1256 Emmanuel
1558 1230 1666 1264 signum
1680 1237 1734 1257 non
1747 1235 1798 1262 est,

1014 1273 1149 1307 siquidem
1165 1281 1262 1300 nomen
1277 1278 1319 1300 est
1331 1273 1487 1308 signiﬁcans
1501 1274 1647 1308 quamdam
1670 1274 1798 1310 hyposta-

1015 1317 1069 1350 sin,
1085 1318 1231 1345 secundum
1248 1325 1329 1352 quam
1342 1318 1483 1345 nobiscum
1497 1319 1656 1347 hominibus
1672 1319 1742 1347 Deus
1753 1321 1800 1347 ad-

1014 1363 1103 1395 venit;
1130 1363 1268 1398 quomodo
1294 1372 1361 1391 vero
1390 1364 1502 1391 advenit
1525 1365 1684 1397 nobiscum,
1709 1373 1798 1393 annon

1015 1408 1130 1435 evidens
1141 1409 1213 1443 quod
1236 1413 1317 1436 antea
1337 1409 1430 1436 aberat
1445 1417 1460 1436 a
1476 1409 1573 1436 nobis?
1586 1410 1658 1437 Deus
1677 1410 1770 1437 aberat
1785 1419 1800 1437 a

1017 1453 1108 1485 nobis,
1127 1461 1181 1480 non
1195 1454 1306 1485 virtute,
1319 1462 1373 1481 non
1386 1454 1558 1488 habitudine,
1571 1463 1711 1490 nunquam
1724 1456 1800 1488 loco;

185 1495 255 1530 τείᾳ,
272 1496 302 1522 οὐ
318 1498 418 1531 σχέσει,
436 1500 465 1524 οὐ
478 1499 552 1534 τόπῳ
568 1499 678 1526 πώποτε
693 1509 699 1516 ·
726 1501 806 1534 φύσει
819 1503 884 1537 ἄρα,
897 1503 965 1530 ὥστε

1020 1503 1118 1525 natura
1134 1507 1209 1531 vero,
1228 1499 1363 1534 siquidem
1385 1504 1484 1527 nostra:
1509 1504 1614 1528 natura
1629 1509 1705 1528 suam
1722 1507 1802 1529 natu-

185 1542 231 1568 καὶ
247 1541 326 1576 φύσει
351 1545 384 1578 τῇ
402 1545 523 1580 ἡμετέρᾳ
540 1545 587 1572 νῦν
603 1546 705 1581 ἥνωται
729 1547 778 1583 τὴν
801 1548 892 1582 φύσιν,
922 1551 968 1576 καὶ

186 1586 259 1614 ἔστιν
268 1588 351 1620 ὅντως
361 1590 420 1623 μεθ’
435 1590 513 1625 ήμῶν
524 1599 531 1606 ⁸
552 1594 664 1627 σημεῖον
679 1593 708 1619 δὲ
723 1594 753 1619 οὑ
768 1594 880 1628 γέγονεν
904 1595 965 1630 μεθ’

186 1633 263 1666 ἡμῶν
276 1642 282 1648 “
299 1634 355 1660 ἀλλ’
373 1636 428 1669 εῐγε
440 1637 486 1662 καὶ
499 1637 552 1672 ἄρα
561 1638 589 1663 ἐν
601 1639 667 1672 ἡμῖν
695 1647 737 1671 τις
755 1640 834 1672 εἴποι,
859 1642 890 1668 οὐ
907 1641 967 1674 μεθ’

186 1678 302 1712 ἡμῶντὸ
317 1682 428 1715 σημεῖον
441 1690 447 1696 ·
468 1682 514 1708 τοῦ
529 1683 557 1709 δὲ
573 1684 729 1718 Ἑμμανοὺ,
747 1685 775 1711 τὸ
789 1686 853 1720 μεθ’
884 1687 969 1721 ἡμῶν

185 1723 403 1760 ὡμολογημένως
419 1727 596 1762 σημαίνοντος
614 1730 684 1755 κατὰ
702 1729 854 1764 Ἐσραίους.
879 1731 909 1758 τὸ
922 1732 966 1767 ἢλ,

187 1769 238 1794 ποῦ
255 1779 319 1796 ποτε
334 1771 455 1806 ἁκήκοαν
484 1774 597 1807 σημεῖον
627 1774 782 1808 σημαίνειν,
806 1777 853 1803 καὶ
877 1777 907 1804 οὑ
923 1777 969 1804 τὸν

187 1813 252 1839 Θεὸν
268 1814 360 1848 σαφῶς
373 1814 476 1848 ).έγειν;

485 1872 611 1901 ΚΕΦΑΛ.
625 1875 670 1902 Μ’.

222 1916 282 1942 Τῶν
298 1917 465 1951 τικτομένων
482 1918 498 1953 ἡ
516 1919 605 1952 φύσις,
624 1919 711 1951 θετοῖς
735 1921 865 1957 ὀνόμασιν
888 1924 969 1950 οὖδα-

190 1962 239 1995 μοῦ
257 1962 459 1996 παραδηὶοῦται
475 1970 481 1978 ·
505 1964 539 1990 τὰ
559 1966 612 1998 γὰρ
625 1964 689 1992 θετὰ
700 1967 830 2001 ὀνόματα,
857 1969 912 1996 τῶν
935 1972 968 2006 τῇ

187 2006 266 2039 φύσει
292 2007 495 2040 συμϐαινόντων
512 2009 570 2036 ἔστι
597 2012 753 2046 σημαντικά
767 2021 773 2028 ·
796 2014 916 2041 τοιοῦτον
941 2015 970 2043 δὲ

187 2051 235 2077 καὶ
243 2052 273 2077 τὸ
290 2052 462 2088 Ἐμμανουὴλ
477 2053 573 2087 ὄνομα,
586 2054 633 2081 ἅτε
650 2055 725 2082 θετὸν
744 2057 841 2091 ὕνομα.
859 2059 897 2085 Οὐ
919 2061 970 2095 τὴν

187 2096 268 2130 φύσιν
285 2096 331 2124 οὖν
347 2097 423 2132 δηλοῖ
446 2099 493 2125 τοῦ
512 2100 651 2131 λαϐόντος,
678 2102 724 2128 τοῦ
754 2103 928 2140 Ἐμμανουήλ
952 2107 968 2141 ὴ

1018 1552 1075 1571 ram
1099 1545 1200 1577 univit,
1221 1549 1248 1571 ct
1269 1552 1333 1571 vere
1351 1549 1392 1572 est
1418 1545 1572 1573 nobiscum.
1599 1545 1711 1581 Signum
1737 1555 1803 1573 vero

1017 1597 1072 1616 non
1089 1589 1202 1616 advenit
1217 1589 1371 1622 nobiscum,
1389 1589 1436 1616 sed
1452 1590 1474 1616 si
1494 1590 1604 1624 quando
1619 1590 1689 1617 forte
1709 1591 1804 1626 loque-

1019 1639 1095 1661 retur
1115 1635 1178 1669 quis
1201 1635 1228 1661 in
1243 1635 1333 1666 nobis,
1354 1642 1409 1662 non
1424 1641 1497 1662 esset
1518 1635 1624 1670 signum
1650 1636 1802 1662 nobiscum.

1018 1680 1112 1713 Quoad
1142 1679 1276 1706 Emmanu
1305 1680 1463 1714 signiﬁcans
1492 1680 1644 1715 secundum
1675 1681 1804 1708 Hebr-mos

1019 1726 1203 1753 communiter
1220 1725 1291 1759 quod
1305 1729 1352 1752 est"
1379 1725 1522 1752 nobiscum.
1546 1725 1598 1752 Ubi
1615 1733 1734 1760 unquam
1756 1734 1804 1753 au-

1019 1769 1107 1796 ditum
1120 1774 1162 1796 est
1178 1769 1284 1803 signum
1302 1768 1466 1803 signiﬁcare,
1491 1777 1543 1796 nec
1566 1770 1650 1796 Deum
1667 1770 1804 1804 sapienter

1019 1814 1093 1848 loqui
1103 1814 1114 1840 ζ’

1333 1870 1409 1898 CAP.
1430 1870 1486 1896 XL.

1055 1915 1184 1942 Natorum
1202 1919 1298 1942 natura
1311 1923 1445 1949 nusquam
1469 1914 1628 1950 designatur
1649 1915 1805 1942 nominibus

1021 1960 1169 1995 impositis,
1186 1968 1248 1987 nam
1269 1960 1379 1987 nomina
1396 1960 1522 1994 imposita
1544 1965 1607 1987 sunt
1627 1961 1804 1995 signiticaliva

1021 2005 1204 2033 accidentium
1221 2010 1326 2032 natura:
1339 2013 1344 2031 :
1359 2005 1514 2039 hujusmodi
1528 2009 1570 2032 est
1585 2013 1683 2032 nomen
1699 2005 1806 2031 Emma-

1020 2052 1095 2081 nuel.
1111 2056 1206 2085 utpote
1220 2059 1320 2078 nomen
1337 2051 1511 2085 impositum;
1534 2051 1679 2085 appellatio
1695 2051 1805 2078 Emma-

1021 2099 1084 2126 nuel
1094 2106 1159 2133 ergo
1171 2097 1322 2125 secundum
1342 2097 1498 2133 .ﬁgyptium
1511 2101 1635 2124 naturam
1647 2097 1806 2131 accipientis

187 2143 282 2178 κλῆσις
296 2144 367 2170 κατὰ
378 2144 423 2170 τὸν
438 2144 585 2178 Αἰγύπτιον
598 2154 605 2160 ·
624 2146 691 2172 ἀλλὰ
706 2147 773 2174 Θεοῦ
795 2148 844 2183 τὴν
858 2158 965 2185 συμμα-

1021 2154 1076 2172 non
1091 2145 1228 2180 designat,
1245 2144 1292 2171 sed
1309 2151 1370 2170 esse
1394 2143 1526 2169 unionem
1539 2143 1586 2169 Dei
1601 2151 1662 2169 eum
1680 2143 1806 2170 accident-

187 2188 249 2223 χίαν
266 2186 346 2221 εἶναι,
362 2189 432 2222 μετὰ
446 2189 500 2215 τῶν
516 2190 666 2224 εἰληφότων
691 2192 720 2217 τὺ
743 2192 915 2228 Ἐμμανουήλ
931 2195 970 2226 εἰς

189 2236 301 2268 σημεῖον
316 2235 434 2269 ἐκείνης.
458 2235 529 2261 Ἀλλ’
546 2236 622 2262 οὐδὲν
640 2236 733 2271 ἓτερον
748 2237 832 2272 ὄνομα
857 2239 939 2266 tam?”
957 2241 971 2267 ὃ

189 2280 255 2313 φασί
266 2289 337 2311 τινες
346 2280 392 2307 καὶ
403 2281 502 2315 Κύριον
516 2281 598 2315 ἤγουν
615 2282 645 2308 τὸ
654 2282 715 2308 καθ’
725 2283 898 2316 ὑποστάσεως
913 2286 971 2318 ἑνὸς

189 2326 334 2361 προσώπου
354 2326 489 2361 κείμενον,
500 2327 607 2361 φύσεώς
622 2329 680 2354 ἐστι
693 2328 840 2364 δηλωτικὸν
853 2331 946 2362 ἁπλῶς
961 2340 968 2347 ·

188 2371 249 2398 οὔτε
266 2372 320 2406 γὰρ
334 2372 489 2406 ὀριστικῶς,
507 2373 565 2399 ἀλλ’
584 2373 644 2400 οὐδὲ
664 2375 850 2409 σημαντικῶς,
873 2376 910 2407 ὡς
936 2377 972 2404 τὰ

187 2418 265 2444 κοινὰ
283 2418 330 2444 καὶ
341 2419 530 2453 προσηγορικὰ
558 2419 613 2445 τισὶ
628 2420 764 2455 λεγόμενα
776 2421 906 2456 ὀνόματα,
925 2423 971 2449 ἐπὶ

187 2463 237 2496 τὴν
256 2463 350 2489 οὐσίαν
377 2464 533 2498 ἀναπέμπει
548 2464 597 2499 τὴν
623 2466 727 2493 ἔννοιαν
743 2473 751 2481 ⁶
779 2467 836 2493 ἀλλ’
852 2467 911 2494 οὐδὲ
941 2469 972 2495 τὺ

189 2509 312 2536 ὁπωσοῦν
328 2509 398 2536 κατὰ
413 2510 546 2538 πλειόνων
561 2519 568 2527 ο
582 2512 676 2543 ξάνοον
689 2512 741 2548 γὰρ
754 2513 836 2539 ἵππον
849 2514 909 2540 τινὰ
924 2515 972 2541 καὶ

190 2553 312 2588 ποταμὸν
332 2554 378 2580 καὶ
389 2555 541 2587 ἄνθρωπον,
560 2556 618 2582 ἔστι
640 2557 828 2592 φαντασθῆναι
840 2558 972 2585 ἀκούσαν-

189 2607 238 2630 τας
256 2607 262 2613 “
276 2599 329 2625 τῶν
342 2598 389 2625 οὖν
403 2601 587 2635 προσωπικῶν
601 2601 741 2636 ὀνομάτων
754 2603 797 2629 ἀεὶ
814 2604 900 2635 Θετοῖς
915 2612 970 2629 τισι

189 2644 236 2670 καὶ
256 2645 442 2681 συμϐεϐηκόσι
459 2648 518 2678 ταῖς
545 2647 651 2678 οὐσίαις
672 2647 823 2680 δηλούντων
838 2649 887 2679 τὰς
905 2649 971 2675 ὐπο-

176 2690 309 2721 -στάσεις,
322 2690 376 2724 ἄρα
389 2699 421 2724 γε
438 2691 485 2717 καὶ
500 2691 530 2718 τὸ
547 2692 731 2726 Ἐμμανουήλ,
746 2693 815 2718 κατὰ
824 2692 970 2726 προσώπου

190 2735 314 2771 κείμενόν
338 2737 407 2770 ἐστι,
433 2737 494 2763 καθ’
510 2737 524 2764 ὃ
553 2738 697 2773 πρόσωπον
714 2738 886 2772 συμϐέϐηκεν
908 2739 973 2772 ἡμῖν

193 2782 330 2808 κοινωνίαν
343 2782 413 2815 ἔχειν
430 2783 495 2816 πρὸς
513 2784 578 2810 Θεὸν
590 2791 597 2799 ’
613 2783 691 2818 εἴπερ
707 2785 820 2819 μεσίτης
839 2784 905 2811 (θεοῦ
926 2785 972 2810 καὶ

1024 2191 1096 2217 tibus
1123 2189 1284 2217 Emmanuel
1315 2189 1342 2215 in
1367 2189 1475 2223 signum
1502 2189 1592 2215 istius.
1621 2188 1674 2215 Sed
1701 2189 1805 2215 nullum
1837 2197 1839 2199 ί

1022 2236 1096 2263 aliud
1122 2244 1220 2262 nomen
1239 2235 1371 2270 speciale;
1386 2235 1458 2269 quod
1477 2235 1588 2270 quidam
1615 2236 1697 2270 igitur
1712 2236 1805 2262 Domi-

1022 2290 1088 2309 num
1104 2281 1330 2316 dicunt,positum
1346 2281 1396 2308 sub
1414 2281 1531 2316 imagine
1547 2281 1629 2308 unius
1642 2282 1804 2316 hypostasis.

1022 2328 1184 2362 simpliciter
1205 2328 1329 2362 designat
1355 2331 1490 2354 naturam.
1514 2327 1566 2354 Sed
1583 2335 1634 2354 nec
1655 2327 1805 2358 delinitive,

1022 2379 1074 2398 nec
1088 2371 1277 2406 signiticative,
1295 2376 1324 2397 ut
1345 2371 1455 2397 nomina
1468 2371 1624 2398 communia
1641 2376 1668 2398 et
1688 2372 1805 2406 appella—

1024 2418 1077 2444 tiva
1090 2417 1230 2451 aliquibus
1241 2417 1318 2444 dicta
1326 2416 1476 2444 remittunt
1490 2417 1683 2452 cogitationem
1693 2415 1719 2442 in
1730 2422 1807 2446 natu-

1023 2471 1080 2490 ram
1098 2463 1260 2497 plerumque
1276 2462 1344 2489 nihil
1364 2462 1475 2489 omnino
1499 2462 1630 2489 indicant.
1646 2462 1698 2489 Per
1712 2470 1806 2489 vocem

1022 2509 1095 2536 enim
1119 2509 1230 2540 ξάνθον
1243 2508 1363 2544 (ﬂavum)
1380 2508 1524 2535 audientes
1538 2508 1589 2535 sibi
1603 2514 1718 2543 possunt
1729 2507 1806 2535 eiiiu-

1023 2562 1086 2589 gcre
1111 2561 1211 2588 equum
1234 2553 1389 2588 quemdam,
1411 2553 1452 2580 vel
1468 2552 1579 2580 [luvium
1605 2558 1633 2580 et
1656 2553 1805 2580 hominem.

1022 2599 1090 2625 Cum
1103 2599 1185 2633 igitur
1195 2598 1306 2625 nomina
1321 2597 1476 2632 personalia
1491 2598 1592 2625 additis
1604 2597 1765 2632 quibusdam
1780 2602 1808 2625 et

1024 2645 1212 2672 accidentibus
1251 2644 1467 2671 substantiarum
1500 2652 1609 2679 semper
1648 2645 1808 2679 hypostascs

1024 2692 1185 2726 designant;
1203 2698 1268 2725 ergo
1279 2695 1307 2718 et
1321 2697 1420 2717 nomen
1439 2691 1597 2717 Emmanuel
1613 2698 1735 2725 persona:
1759 2691 1808 2717 tri-

1024 2737 1117 2765 buitur
1136 2744 1183 2770 per
1204 2743 1285 2770 quam
1303 2736 1403 2762 accidit
1425 2736 1505 2762 nobis
1525 2736 1682 2762 societatem
1708 2736 1808 2762 habere

1025 2792 1085 2810 cum
1104 2784 1157 2809 Deo
1173 2793 1178 2808 :
1202 2783 1335 2817 siquidem
1353 2783 1398 2809 Dei
1416 2786 1443 2809 et
1466 2781 1607 2808 hominum
1631 2781 1687 2815 ipse
1708 2781 1803 2808 tiu-dia-
