1960 3093
156 91 220 123 1717

627 95 821 126 ADVERSUS
839 97 1110 131 NESTORIANOS.
1121 112 1157 118 -
1172 99 1244 129 LIB.
1267 98 1313 128 IV.

1716 94 1766 125 τίς

154 146 379 182 προσκυνουμὲνη
396 147 433 178 ὼς
445 147 564 183 Χριστοῦ
588 147 633 174 τοῦ
651 150 871 184 σεσαρκωμένου,
887 151 934 176 ἁν-

995 159 1127 183 iersonas,
1141 151 1187 179 sed
1205 150 1353 185 composita
1375 153 1402 176 et
1415 147 1531 182 duplicis
1545 152 1647 174 natum
1663 151 1690 173 et
1703 147 1760 173 adr-

155 193 298 228 θρωπίνως
311 193 384 220 θείου
397 194 495 227 Λόγου.

448 250 470 276 Κ
476 250 574 278 ΕΦΔΔ.
587 250 654 277 ΜΔΖ

190 305 227 332 τὸ
245 304 312 331 Θεὸν
323 305 408 339 Λόγον
416 305 536 341 χωρίσας
546 307 560 332 ὁ
576 306 724 340 Αἰγύπτιος
740 306 790 342 τῆς
799 306 935 343 θεότητος,

155 350 237 378 αὐτὸν
253 352 302 386 μὲν
324 353 355 378 ὲκ
375 352 424 387 τῆς
447 352 586 386 Παρθένου
611 352 770 387 δογματίζει
797 353 938 388 σαρκικῶς

155 398 313 433 τικτόμενον
322 406 331 413 ⁸
343 397 392 433 τὴν
404 398 432 424 δὲ
449 398 530 424 αὑτοῦ
544 398 660 434 θεότητα
670 398 833 425 ὑποϐάλλειν
843 400 876 433 τῇ
890 399 939 426 αὑ-

154 444 189 478 τῇ
205 444 323 478 σαρκικῇ
347 443 485 478 γεννήσει,
506 441 523 481 ᾖ
549 444 669 471 ὑπέϐαλε
684 444 730 471 τὸν
755 445 821 471 Θεὸν
841 446 938 480 Λόγον,

156 488 274 523 ὶσχάτης
287 486 357 515 εἶναι
373 489 471 524 μανίας
490 489 574 523 λέγει.
596 490 654 525 Οὐχ
671 490 764 522 ἁπλῶς
778 491 832 526 γὰρ
845 492 940 526 γεννή-

158 543 199 561 σει
218 535 287 561 ἀλλὰ
302 537 430 572 σαρκικῇ,
443 537 566 563 τουτῑστι
581 538 702 572 ρευστῶς
715 537 764 564 καὶ
775 539 816 570 εἰς
830 538 860 564 τὸ
868 535 938 565 εἶναι

156 579 224 611 ὅλως
236 581 394 616 προαγούσῃ
405 589 432 608 τι
444 582 494 616 οὐχ
502 582 668 617 ὑποδλητέον
675 583 754 610 Θεόν.

439 639 564 666 ΚΕΦΑΛ.
591 639 660 666 ME'.

193 681 226 709 Εί
239 684 272 718 τῇ
281 682 389 718 θεότητι
404 683 470 715 Θεὸς
484 685 498 710 ὁ
509 685 605 718 Λόγος,
624 686 671 711 καὶ
695 687 728 721 τῇ
751 685 941 720 ἀνθρωπότητι

158 729 323 763 ἂνθρωποςό
337 729 432 763 Λόγος,
443 730 501 761 πῶς
513 730 527 756 ὅ
542 731 599 757 ἐστι
609 732 642 766 τῇ
658 731 739 766 σαρκὶ
752 731 781 757 οὐ
793 731 915 758 τίκτεται
927 732 941 758 ό

161 775 257 808 Λόγος,
275 774 332 802 ἀλλ’
345 775 359 801 ὂ
380 776 439 801 ἐστι
452 776 485 810 τῇ
503 775 627 810 θεότητι;
643 776 802 812 δογματίζει
828 778 882 812 γὰρ
910 778 942 804 τὸ

986 205 1050 224 rans
1061 201 1091 224 ιιι
1101 197 1201 225 Christi
1212 195 1345 223 incantati
1353 215 1362 228 ,
1375 194 1456 221 Verbi
1472 193 1556 220 divini
1564 191 1683 219 hominis
1691 190 1762 218 facti.

1281 252 1356 279 CAP.
1371 251 1464 278 XLIV.

1021 309 1161 346 (Egyptius
1180 317 1241 336 cum
1268 309 1433 343 sejunxisset
1446 308 1530 334 Deum
1551 306 1672 334 Verbum
1692 306 1767 333 Divi-

988 355 1179 388 nitate,docet
1201 363 1264 383 eum
1281 355 1406 390 genitum
1433 362 1466 380 ex
1481 352 1591 387 νιτεὶιιε
1617 352 1768 379 scentulum

986 408 1108 434 carnem,
1120 401 1180 436 ejus
1188 400 1365 427 Divinitatem
1379 399 1494 434 subjecit
1508 398 1572 433 ipsa:
1592 398 1763 433 generatioui

987 447 1102 479 carnali,
1115 454 1169 481 qua
1184 445 1302 481 subjecit
1316 445 1437 473 Verbum
1455 445 1552 476 Deum,
1565 444 1632 471 dicit
1646 443 1771 470 maxima:

989 493 1112 520 insaniae.
1122 493 1181 520 Non
1197 492 1271 519 enim
1296 491 1459 526 simpliciter
1479 489 1648 526 generationi
1679 494 1769 516 tamen

987 539 1100 570 carnali,
1108 539 1161 565 hoc
1172 542 1214 565 est
1226 537 1394 570 transilorie,
1402 537 1449 564 sed
1462 537 1546 564 Deum
1553 544 1608 564 non
1616 536 1770 572 subjectum

988 585 1100 611 omnino
1114 583 1206 619 dirigi.
1347 611 1356 620 _

1294 638 1370 666 CAP.
1384 637 1463 665 XLV.

1025 684 1053 711 Si
1067 683 1210 711 Divinitati
1231 684 1304 710 Deus
1321 683 1451 714 Verbum,
1467 685 1497 710 et
1510 682 1677 710 humanitati
1691 682 1772 708 homo

990 729 1122 761 Verbum,
1139 729 1280 764 quomodo
1292 737 1346 755 non
1361 729 1486 764 genitum
1497 736 1530 755 ex
1544 735 1627 755 carne
1643 727 1717 762 quod
1730 732 1772 754 est

990 774 1122 806 Verbum,
1137 775 1184 801 sed
1203 783 1235 802 ex
1252 775 1401 802 Divinitate
1425 775 1500 809 quod
1525 775 1584 802 est”!
1603 774 1670 801 Nam
1689 773 1771 801 docet

159 819 288 850 Θεοτόκος
305 819 320 845 ὸ
338 819 496 853 Αἰγύπτιος,
507 819 627 851 καὶτοὺς
646 821 774 855 λέγοντας
790 822 821 848 τὸ
836 822 939 857 ἀνθρω-

995 821 1191 847 malcrnitalem
1206 820 1339 852 divinam,
1353 825 1381 847 et
1395 820 1542 847 humanam
1564 820 1770 854 generationem

160 864 274 895 ποτόκος
284 863 488 898 ἀναθεματίζει,
505 864 562 891 Καὶ
577 864 591 891 ὃ
603 865 662 890 ἐστι
689 866 772 900 σαρκὶ
796 865 917 893 τίκτεται
929 867 942 892 ὁ

161 909 247 943 Λόγος
263 918 269 925 ·
286 909 345 937 ἀλλ’
371 910 388 944 ὴ
404 909 520 936 τεκοῦσα
533 910 563 936 οὐ
585 909 696 937 δύναται
719 910 828 946 θατέρῳ
846 911 939 943 τῶνδε,

160 956 244 990 ἡγουν
261 955 299 990 τῷ
320 955 422 990 χείρονι
446 956 501 982 τῶν
522 957 672 992 ὀνομάτων,
702 957 795 989 ίδικῶς
811 958 941 992 ὀνομάζε-

161 999 224 1027 σθαι
239 1007 247 1015 ’
267 1000 325 1027 ἐστι
344 1000 400 1035 γὰρ
425 1001 514 1027 κοινὸν
527 1001 613 1036 ὄνομα
640 1001 700 1028 τόδε
725 1002 826 1034 πάσαις
841 1003 940 1038 ἀνῆκον

161 1044 278 1079 γυναιξὶ,
295 1045 425 1072 καὶκατὰ
441 1044 500 1071 τόδε
516 1045 615 1077 πάσαις
630 1046 860 1082 συνεμπίπτουσα.

438 1101 566 1128 ΚΕΦΑΛ.
584 1102 660 1136 Μεῖι.
921 1097 930 1110 ‘

195 1146 252 1182 Τὴν
264 1147 312 1174 τοῦ
326 1147 409 1182 νόμου
425 1144 547 1179 διάταξιν
561 1148 625 1183 περὶ
636 1147 683 1175 τοῦ
703 1149 873 1185 καθαρισμοῦ
889 1150 942 1178 τῶν

161 1192 325 1227 τικτομένων
340 1193 372 1227 ἣν
383 1192 542 1228 ἐπλήρωσεν
557 1195 573 1228 ἡ
591 1194 727 1229 Παρθένος
736 1195 881 1229 ἀνάγνωθι,
896 1197 942 1222 καὶ

163 1238 242 1272 μάθε.
259 1238 325 1264 Θεὸν
333 1238 495 1273 ἐκαθάρισεν
510 1239 525 1265 ό
539 1240 622 1274 νόμος
636 1240 754 1268 κελεύων
770 1241 788 1268 ἃ
807 1242 869 1276 ἔφη,
895 1242 942 1268 καὶ

161 1285 178 1318 ἡ
193 1284 328 1317 ΙΙαρθὲνος
338 1285 479 1320 πληροῦσα
498 1286 583 1319 αὐτά;
603 1286 620 1321 ἢ
637 1287 795 1321 ᾶνθρωπον;
813 1288 860 1314 ἐὰν
890 1289 942 1324 γὰρ

162 1330 349 1365 σπερματισθῇ
368 1331 447 1366 γυνὴ,
465 1332 548 1365 φησὶν
568 1332 685 1367 ὁνόμος,
705 1334 751 1359 καὶ
765 1334 832 1370 τέκῃ
849 1334 941 1369 ἄρσεν,

161 1375 230 1401 ἔστω
246 1376 400 1410 ἀκάθαρτος
413 1377 482 1403 ἑπτὰ
496 1378 603 1412 ἡμέρας
618 1378 667 1412 τῆς
690 1378 808 1414 ἀςρέδρου
837 1379 884 1406 τοῦ
899 1381 943 1406 αῖ-

162 1428 244 1453 ματος
258 1421 352 1454 αὐτῆς,
370 1422 418 1447 καὶ
435 1422 581 1456 τριάκοντα
604 1424 650 1449 καὶ
668 1425 743 1458 τρεῖς
757 1426 864 1460 ἡμέρας
893 1434 943 1452 κα-

992 863 1124 890 docentes
1136 864 1358 891 anathematizat.
1380 864 1414 890 Et
1436 864 1510 898 quod
1526 868 1569 891 est
1596 871 1681 890 carne
1695 865 1771 898 geni-

992 915 1049 938 tum
1064 916 1105 938 est
1120 911 1253 943 Verbum,
1269 912 1316 939 sed
1328 911 1449 946 genitrix
1460 919 1514 938 non
1529 915 1618 946 potest
1632 918 1698 938 sane
1721 918 1770 944 pe-

989 957 1048 992 jore
1059 957 1177 984 duorum
1193 957 1308 984 istorum
1319 956 1461 984 nominum
1477 956 1625 991 designari.
1641 963 1703 982 nam
1720 964 1771 982 no-

993 1009 1056 1029 men
1072 1003 1155 1029 istum
1166 1007 1208 1030 est
1219 1010 1364 1030 commune
1380 1006 1408 1030 et
1418 1009 1574 1036 congruum
1592 1002 1700 1029 cunctis
1713 1010 1773 1028 mu-

992 1046 1116 1080 lieribus,
1130 1047 1194 1074 etin
1207 1047 1258 1074 hoc
1270 1047 1415 1074 concurrit
1438 1054 1500 1074 eum
1513 1046 1653 1074 omnibus.

1287 1105 1363 1132 CAP.
1384 1103 1478 1132 XLVI.

1028 1151 1184 1178 Mandatum
1205 1150 1273 1185 legis
1288 1151 1360 1178 circa
1379 1150 1600 1185 puriﬁcationem
1621 1155 1772 1184 pucrpero-

993 1205 1052 1224 rum
1066 1197 1138 1232 quod
1161 1197 1284 1231 implevit
1314 1196 1396 1230 Virgo
1409 1202 1526 1230 agnosce
1544 1200 1572 1222 et
1583 1195 1668 1222 disce.
1687 1195 1772 1221 Deum

993 1244 1131 1270 hominem
1148 1243 1302 1278 puriﬁcavit
1317 1242 1469 1277 lexjubens
1483 1249 1543 1276 qua:
1560 1241 1633 1268 dicta
1657 1245 1731 1272 sunt,
1746 1245 1774 1267 et

992 1289 1074 1324 Virgo
1097 1288 1214 1323 implens
1224 1288 1274 1315 ea?
1288 1288 1355 1315 Cum
1371 1287 1480 1319 mulier,
1504 1291 1632 1321 suscepto
1657 1287 1772 1317 semine,

992 1335 1030 1361 ait
1041 1334 1095 1366 lex,
1110 1334 1204 1369 genuit
1216 1333 1379 1366 masculum,-
1391 1333 1427 1360 sit
1443 1333 1548 1367 impura
1563 1337 1666 1366 septem
1676 1332 1774 1358 diebus

993 1378 1068 1405 ﬂuxu
1084 1378 1234 1413 sanguinis,
1251 1382 1278 1404 et
1293 1377 1406 1411 triginta
1423 1376 1512 1402 tribus
1536 1375 1634 1402 diebus
1649 1375 1753 1402 ἀοιιιίιιι
1767 1381 1776 1402 ι

994 1424 1021 1451 in
1041 1424 1183 1458 sanguinis
1209 1422 1440 1457 puriﬁcationem,
1468 1429 1548 1448 mune
1573 1425 1696 1448 sanctqu
1720 1428 1773 1446 non

162 1466 256 1492 θιεῖται
270 1467 299 1491 ὲν
313 1466 352 1500 τῷ
367 1466 558 1502 αἵματιαὺτῆς
582 1468 620 1503 τῷ
640 1469 752 1504 καθαρῷ
764 1479 770 1485 ·
785 1470 853 1506 αὕτη
874 1480 942 1498 παν-

996 1474 1098 1505 tanget,
1116 1474 1144 1497 et
1164 1470 1192 1496 in
1206 1469 1395 1496 sanetuarium
1425 1476 1479 1495 non
1496 1467 1774 1501 intrabitusquedum

161 1513 205 1541 τὸς
220 1510 296 1544 ἁγίου
309 1511 358 1546 οὐχ
383 1511 499 1538 ἅπτεται
509 1521 516 1528 ·
530 1513 576 1538 καὶ
590 1514 629 1544 εἰς
642 1514 672 1539 τὺ
693 1515 868 1550 ἁγιαστήριον
892 1517 942 1542 οὐκ

160 1555 355 1589 εἰσελεύσεται,
368 1557 421 1589 ἕως
439 1557 473 1583 ἂν
485 1558 666 1593 πληρωθῶσιν
679 1561 705 1586 αἱ
720 1560 822 1595 ἡμέραι
832 1562 880 1595 τῆς
894 1570 943 1588 κα-

163 1601 283 1636 θάρσεως
307 1603 391 1637 αὐτῆς
405 1613 411 1620 ·
431 1604 477 1630 καὶ
499 1604 562 1631 ὅταν
590 1604 771 1640 πληρωθῶσιν
798 1607 825 1633 αἱ
842 1607 942 1642 ἡμέραι

159 1648 208 1680 τῆς
231 1648 391 1682 καθάρσεως
414 1650 508 1684 αὐτῆς,
527 1651 596 1676 οῖσει
624 1651 709 1684 ἀμνὸν
726 1653 871 1688 ἄμωμονῆ
897 1653 944 1680 δύο

161 1693 287 1724 νεοσσοὺς
301 1695 464 1729 περιστερᾶς
482 1696 522 1726 εἰς
539 1696 588 1730 τὴν
609 1696 693 1730 θὺραν
710 1698 758 1731 τῆς
779 1700 880 1733 σκηνῆς
895 1699 942 1724 τοῦ

162 1738 312 1773 μαρτυρίου
326 1747 332 1753 ·
347 1741 393 1766 καὶ
409 1741 516 1775 ποιήσει
531 1742 544 1767 ὀ
557 1742 644 1775 ἱερεὺς
659 1743 688 1768 τὸ
709 1744 756 1777 μὲν
774 1745 836 1779 περὶ
851 1745 943 1780 ἀμαρ-

162 1782 231 1814 ιίας,
248 1783 278 1809 τὸ
291 1784 318 1810 δὲ
333 1786 372 1816 εἰς
393 1784 577 1812 ὁλοκαύτωσιν
589 1795 597 1802 ο
623 1789 669 1813 καὶ
695 1789 840 1823 καθαρίσει
857 1791 944 1825 αὐτὴν

161 1829 214 1855 ἀπὸ
227 1829 276 1862 τῆς
292 1830 383 1865 πηγῆς
395 1831 441 1857 τοῦ
457 1832 571 1866 αἵματος
583 1833 669 1867 αὐτῆς
684 1841 691 1849 ’
710 1835 756 1860 καὶ
770 1835 841 1869 μετὰ
858 1836 944 1863 ταῦτα

161 1877 344 1904 είσελεύσεται
355 1879 394 1909 είς
411 1879 441 1904 τὸ
458 1879 535 1913 ἆγιον
551 1888 557 1893 ·
570 1880 647 1906 ὄτιδὲ
659 1881 819 1916 ἐπλήρωσεν
836 1884 852 1918 ἡ
870 1884 944 1918 Παρο

161 1921 237 1952 θένος
250 1922 351 1957 ταύτην
364 1924 414 1958 τὴν
424 1924 556 1957 διάταξιν,
571 1928 703 1962 μαρτυρεί
719 1928 847 1959 Λουκᾶςό
860 1929 944 1963 εὐαγ-

161 1968 286 2003 γελιστὴς
300 1969 397 2003 λέγων·
408 1971 462 1997 Καὶ
477 1971 681 2006 πληρώσαντες,
693 1975 769 2008 φησι,
782 1974 944 2010 τὰςὴμέρας

160 2015 208 2041 τοῦ
221 2015 391 2051 καθαρισμοῦ
408 2018 508 2049 αὐτῶν,
534 2019 688 2053 ἀνήνεγκαν
706 2020 788 2046 αὑτὸν
802 2022 841 2052 εἱς
862 2021 892 2048 τὸ
908 2023 944 2048 ie-

161 2061 209 2095 ρὸν
220 2064 393 2097 παραστῆσαι
405 2064 486 2090 αὑτὸν
500 2063 539 2099 τῷ
551 2065 656 2099 Κυρίῳ,
674 2067 720 2092 καὶ
732 2066 779 2092 τοῦ
792 2066 882 2094 δοῦναι
898 2067 944 2094 δύο

161 2108 287 2139 νεοσσοὺς
308 2109 488 2144 περιστερῶν.
504 2109 593 2137 Πολλὰ
605 2111 691 2146 ασεσῆ
706 2113 739 2147 τῇ
759 2112 861 2148 ἀπορίᾳ
880 2113 943 2148 τῇδε

160 2153 256 2179 ἕπεται
268 2160 274 2167 ·
291 2153 315 2179 εί
328 2154 380 2187 γὰρ
399 2153 436 2189 μὴ
451 2153 531 2181 τύποι
556 2155 636 2181 τινῶν
651 2144 883 2191 πνευματικῶνΙοὶ
900 2144 944 2184 νο·
960 2144 981 2171 D

163 2200 238 2233 μικοὶ
255 2200 305 2233 τῆς
329 2200 429 2234 cap-Ab;
451 2200 617 2235 καθαρισμοὶ
643 2201 690 2228 καὶ
709 2202 812 2237 ἑτέροις
840 2203 944 2229 ἐπικεί-

162 2253 249 2280 μενοι.
265 2246 295 2272 οὐ
308 2246 361 2281 γὰρ
376 2246 496 2280 Χριστῷ,
522 2247 586 2281 ἄχρι
602 2248 652 2281 τῆς
682 2249 834 2283 παρουσίας
860 2249 943 2276 αὑτοῦ

160 2292 207 2320 τοῦ
225 2292 352 2328 ἀληθινοῦ
370 2293 552 2328 καθαρτηρίου
570 2294 624 2320 τῶν
639 2294 708 2321 ὅλων
733 2296 851 2330 Χριστοῦ
869 2304 876 2312 ·
890 2296 944 2331 ἄρα

160 2349 192 2373 γε
204 2341 251 2367 καὶ
265 2341 345 2367 αὐτὸν
356 2341 526 2381 καθάραντες
558 2342 602 2368 τὸν
626 2343 812 2377 ποιησάμενον
829 2344 875 2370 τὸν
895 2353 944 2371 κα-

160 2386 293 2421 θαρισμὸν
308 2386 361 2412 τῶν
374 2387 516 2422 ἁμαρτιῶν
534 2388 612 2422 ἡμῶν
633 2388 749 2423 Χριστὸν
767 2389 813 2415 καὶ
841 2390 946 2424 ἰσχυρό-

159 2439 237 2465 τερον
256 2431 302 2457 καὶ
314 2430 462 2466 ἀγιὼτερον
478 2432 630 2467 παρεστῶσι
655 2433 773 2468 Χριστοῦ
790 2433 834 2460 τὸν
851 2435 942 2468 νόμον,

160 2476 206 2503 τοῦ
222 2477 268 2504 τὴν
278 2477 359 2512 νόμον
376 2478 430 2504 τῶν
443 2478 557 2504 ἐντολῶν
584 2481 809 2514 καταργήσαντος
825 2489 832 2496 ·
858 2481 883 2507 τί
897 2480 944 2508 οὖν

160 2523 213 2549 ἔδει
232 2524 405 2559 καταργῆσαι
419 2525 530 2552 ἐλθόντα
556 2527 636 2553 αὐτὸν
651 2528 697 2554 τὸν
722 2529 819 2562 νόμον;
841 2531 887 2556 καί
903 2539 944 2557 τοι

162 2568 205 2594 διὰ
220 2568 252 2594 τὸ
280 2569 408 2596 ἀδύνατον
424 2570 470 2596 τοῦ
499 2571 592 2605 νόμου,
609 2573 636 2598 ὲν
692 2574 800 2608 ⁴ἠσθένει
827 2575 871 2602 διὰ
895 2576 944 2610 τῆς

161 2614 272 2649 σαρκὸς,
288 2616 302 2641 ὁ
313 2616 379 2646 Fls"
391 2616 437 2642 τδν
447 2617 542 2644 ἑαυτοῦ
560 2619 624 2645 Υἰὸν
644 2619 766 2654 ἔπεμψεν
791 2622 820 2646 ἐν
844 2621 944 2656 ὁμοιώ-

161 2670 227 2695 ματι
243 2662 343 2697 σαρκὸς
368 2663 504 2698 ἁμαρτίας
522 2673 527 2679 ·
549 2666 595 2691 καὶ
615 2665 645 2691 οὗ
674 2666 753 2700 μόνον
777 2667 942 2703 κατ’ῄρητεν,

159 2706 226 2732 ἀλλὰ
237 2708 283 2734 καὶ
309 2708 453 2742 κατέκρινε
469 2709 517 2744 τὴν
533 2711 671 2744 ἁμαρτίαν
689 2713 716 2737 ἐν
739 2714 771 2747 τῇ
797 2715 878 2746 σαρκὶ
895 2715 943 2740 αὐ-

159 2751 207 2776 τοῦ
220 2759 226 2765 ·
249 2752 318 2787 ἔχων
336 2753 381 2779 οὖν
397 2756 445 2789 τὴν
477 2755 553 2789 ἰσχὺν
578 2756 625 2782 τοῦ
643 2757 742 2789 παντὸς
773 2758 942 2793 καθαρπμηῦ

161 2795 189 2822 ὲν
211 2797 242 2831 τῇ
270 2798 349 2832 σαρκὶ
372 2798 453 2825 αὑτοῦ
475 2801 507 2834 τῇ
524 2800 662 2836 θεοπλόκῳ
689 2801 817 2836 Χριστῦς,
843 2803 941 2838 πληροῖ

995 1517 1161 1550 impleantur
1179 1515 1240 1542 dies
1263 1515 1464 1550 purilicationis
1481 1522 1546 1546 suae,
1564 1519 1591 1540 et
1608 1521 1669 1540 cum
1699 1521 1775 1540 com-

993 1562 1061 1596 pleti
1090 1565 1172 1589 erunt
1197 1561 1257 1588 dies
1271 1560 1471 1596 puriﬁcationis
1491 1568 1556 1592 sum,
1586 1560 1655 1586 feret
1676 1567 1775 1594 agnum

994 1609 1052 1634 sine
1068 1608 1184 1639 macula,
1200 1608 1244 1634 vel
1264 1607 1333 1634 duos
1349 1606 1439 1641 pullos
1453 1607 1587 1633 columba:
1615 1606 1648 1632 ad
1676 1607 1775 1631 ostium

995 1654 1161 1681 tabernaculi
1177 1654 1345 1684 testimonii,
1363 1659 1391 1680 et
1412 1653 1542 1680 sacerdos
1569 1653 1666 1679 oﬂ‘eret
1690 1660 1774 1677 unum

994 1708 1043 1735 pro
1078 1704 1190 1734 peccato
1223 1704 1251 1726 et
1280 1699 1397 1725 alterum
1451 1699 1478 1724 in
1511 1698 1720 1728 holocaustum,
1750 1702 1777 1723 et

995 1747 1151 1781 purificahit
1176 1754 1237 1773 eam
1266 1755 1280 1772 ιι
1304 1746 1437 1780 proﬂuvio
1468 1744 1609 1779 sanguinis
1647 1743 1707 1774 sui,
1749 1747 1777 1768 ιιι

994 1797 1057 1828 post
1089 1794 1146 1820 hare
1174 1792 1285 1819 intrabit
1315 1793 1342 1818 in
1355 1788 1775 1824 sanetum.Virgiucmveroim-

995 1840 1112 1874 plevisse
1122 1840 1174 1866 hoc
1188 1839 1348 1865 mandatum
1365 1841 1481 1864 testatur
1495 1835 1583 1862 Lucas
1608 1834 1776 1868 cvangelism

995 1887 1099 1913 dicens.
1119 1895 1125 1912 :
1142 1895 1150 1911 ι
1166 1885 1199 1912 Ει
1212 1881 1592 1918 completisunt,inquit,dics
1607 1880 1777 1915 purgationis

994 1940 1099 1962 eorum,
1114 1932 1236 1958 tulerunt
1253 1937 1315 1957 eum
1336 1929 1363 1956 in
1385 1928 1517 1962 templum
1528 1932 1557 1953 ut
1567 1927 1696 1954 sisterent
1712 1934 1774 1952 eum

995 1978 1111 2006 Domino
1123 1981 1150 2004 et
1165 1977 1262 2004 darent
1277 1976 1347 2002 duos
1361 1975 1451 2010 pullos
1460 1973 1660 2001 columbarum.
1671 1984 1678 1997 ι
1692 1972 1775 1999 Multa

996 2025 1078 2060 impia
1109 2023 1287 2051 inveniuntur
1301 2023 1329 2048 in
1355 2022 1406 2050 hac
1434 2019 1651 2050 circumstantia,
1674 2026 1734 2046 nam
1753 2019 1774 2045 si

994 2078 1049 2097 non
1068 2074 1140 2097 esset
1172 2069 1227 2105 typi
1254 2068 1436 2104 quorumdam
1460 2066 1645 2101 spiritualium
1675 2065 1776 2100 legales

996 2115 1201 2151 puriﬁeationes
1216 2115 1307 2142 carnis
1321 2118 1349 2141 et
1359 2113 1470 2141 aliunde
1482 2112 1622 2143 adhibitae,
1636 2111 1694 2138 sine
1708 2119 1776 2146 pra:-

995 2162 1083 2189 sentia
1098 2162 1181 2196 hujus
1196 2161 1254 2188 veri
1265 2160 1387 2188 omnium
1402 2157 1590 2194 puriticatoris
1600 2157 1712 2188 Christi;
1725 2156 1775 2190 igi-

995 2214 1041 2236 tur
1071 2212 1216 2243 postquam
1242 2206 1458 2241 puriﬁcaverunt
1485 2210 1548 2231 eum
1572 2203 1619 2238 qui
1645 2206 1776 2237 operatus

995 2259 1054 2282 erat
1071 2253 1291 2289 purificationem
1318 2255 1493 2286 peccatorum
1524 2252 1682 2276 nostrorum
1696 2247 1777 2275 Chri-

995 2305 1078 2332 stum,
1106 2299 1267 2326 exhibentes
1291 2298 1379 2333 legem
1405 2296 1506 2324 Christi
1535 2300 1563 2322 et
1589 2294 1732 2322 fortiorem
1749 2298 1776 2320 et

995 2348 1161 2375 sanctiorem
1185 2346 1322 2373 abolentis
1345 2345 1432 2378 legem
1463 2347 1675 2379 praeceptorum.
1705 2341 1776 2374 Quid

995 2394 1069 2420 enim
1087 2391 1232 2427 impedivit
1256 2398 1319 2417 eum
1339 2390 1498 2417 venientem
1529 2389 1640 2415 abolere
1669 2387 1777 2422 legem?

995 2439 1048 2466 Sed
1067 2443 1181 2474 propter
1203 2436 1453 2471 impossibilitatem
1478 2434 1556 2470 legis,
1575 2434 1603 2460 in
1630 2441 1683 2468 qua
1699 2432 1777 2459 inve-

996 2486 1124 2512 niebatur
1135 2492 1185 2519 per
1196 2491 1319 2515 carnem,
1333 2483 1407 2509 Deus
1430 2481 1505 2508 misit
1529 2480 1629 2508 Filium
1647 2487 1727 2507 suum
1748 2479 1775 2505 in

995 2529 1206 2557 similitudinem
1224 2527 1317 2555 carnis
1341 2525 1458 2562 peccati,
1479 2529 1506 2552 et
1521 2532 1575 2553 non
1594 2525 1682 2552 solum
1700 2524 1776 2559 puri-

996 2576 1096 2606 ﬁcavit,
1116 2575 1163 2602 sed
1183 2574 1265 2601 etiam
1280 2571 1473 2600 condemnavit
1487 2575 1627 2605 peceatum
1641 2570 1667 2596 in
1692 2577 1775 2596 carne

996 2622 1065 2655 eius.
1078 2621 1146 2648 Cum
1163 2620 1278 2647 haberet
1289 2618 1417 2647 Christus
1429 2618 1483 2644 vim
1497 2625 1506 2642 ‹
1516 2617 1587 2644 mnis
1607 2615 1777 2651 puriﬁcatio-

996 2667 1039 2693 uis
1056 2667 1082 2693 in
1096 2674 1179 2693 carne
1196 2674 1255 2696 sua,
1271 2666 1326 2693 l‘eo
1336 2669 1418 2696 texta,
1442 2663 1606 2697 adimplet-it
1637 2661 1664 2687 in
1692 2668 1775 2687 carne

995 2712 1312 2747 omnesjustilicationes
1329 2711 1406 2745 legis.
1431 2713 1460 2736 ut
1487 2709 1636 2735 redimeret
1651 2711 1776 2732 naturam

997 2759 1097 2790 carnis,
1117 2757 1306 2784 damnationis
1318 2761 1344 2782 et
1359 2754 1561 2790 puriﬁcationis
1575 2753 1678 2786 legalis,
1689 2755 1716 2778 et
1730 2759 1776 2777 ex-

996 2805 1103 2832 hiberet
1119 2804 1191 2831 illam
1208 2803 1316 2838 dignam
1332 2803 1386 2829 vita
1413 2800 1547 2835 spirituali
1571 2807 1652 2834 ψιτιτιι
1677 2797 1777 2832 adjecit
