1960 3093
173 95 240 128 1719

802 98 955 128 LEONTZ-l
977 98 1131 127 BYZANTI
1138 98 1177 127 Nl

1722 96 1795 128 1720

169 153 327 181 condonare
340 155 377 181 ei.
397 154 425 182 Si
444 162 509 182 vero
526 154 612 182 Filius
626 155 747 182 hominis
774 160 956 190 essetexpcrs

1009 163 1097 189 πάντα
1118 163 1152 190 τὰ
1165 163 1211 190 τοῦ
1229 164 1311 198 νόμου
1329 162 1501 198 δικαιώματα
1520 163 1670 198 σαρκικῶς,
1686 163 1730 190 ἵνα
1743 163 1788 201 rip

169 199 428 228 et‘circumcisionis
441 201 553 235 quidem
577 206 605 229 et
619 202 789 236 baptismatis
817 202 953 236 pmniten-

169 245 213 272 tia:
227 245 341 273 Joannis
356 244 384 273 ει
406 252 580 280 cancrorum,
608 248 630 274 si
658 248 740 282 igitur
765 251 860 282 egeret
885 255 951 275 vero

168 290 306 324 baptismo
332 292 523 326 poenitentiae,
548 297 578 320 nt
606 300 720 327 prorsus
753 293 950 327 impeccabili‘s,

167 344 231 363 nam
245 337 408 371 pmnitentia
429 346 483 365 non
499 339 686 374 estjustm-um
703 339 874 366 laudantium
884 360 891 373 ,
902 339 953 367 sed

167 381 188 408 si
204 389 270 408 vero
284 381 485 418 Christusquin
509 387 612 419 egeret,
640 384 759 419 aliquam
785 385 872 419 legem
908 385 958 412 ad-

167 427 273 462 implet,
292 428 434 456 evidenter
447 429 499 457 hoc
518 429 583 457 facit
595 434 624 457 ut
639 430 785 465 adimpleat
805 431 955 458 secundtun

167 480 279 500 carnem
295 482 403 502 omnem
420 475 599 502 ceconomiam
620 476 652 503 ad
677 484 786 503 onmem
807 477 952 511 justitiam,

167 523 195 545 ct
211 519 339 546 exhibeat
364 521 503 556 implendo
518 521 603 556 legem
617 530 694 549 suam
711 523 884 550 divinitatem
899 544 906 556 ,
924 528 951 551 et

168 571 278 592 omnem
291 570 415 593 naturam
436 566 574 594 carnalem
599 567 734 595 inlirmam
757 570 890 604 compleri
919 570 947 597 in

168 616 200 635 eo
209 609 266 636 sola
285 611 440 638 substantia
453 611 545 639 divina
559 612 729 647 perﬁ'eiente.

1007 209 1088 243 φύσι-ν
1103 209 1150 243 τῆς
1183 209 1295 244 σαρκὸς.
1318 209 1369 243 τῆς
1395 209 1510 243 νομικῆς
1530 210 1719 244 κατακρίσεως
1745 219 1792 236 και

1005 254 1129 290 κατάρας
1148 254 1331 291 ἐλευθερώσῃ,
1346 254 1394 281 καὶ
1406 254 1485 287 ἀξίαν
1501 254 1586 289 αὐτὴν
1602 254 1730 290 ἀποδείξῃ
1741 255 1795 289 τῆς

1005 300 1194 335 πνευματικῆς
1205 300 1372 332 ὃιαϐιώσεως
1385 300 1418 336 ἦν
1434 301 1502 336 αὐτῇ
1527 300 1689 336 χαρίσασθαι
1706 309 1792 335 προσ-

1010 347 1102 374 έθετο·
1125 348 1149 373 εί
1176 347 1204 373 δὲ
1231 346 1339 381 ἐπιδεὴς
1362 346 1399 378 ὡς
1425 346 1569 382 ἀνθρώπου
1595 347 1672 378 τόκος
1689 347 1798 373 τούτων

993 390 1051 428 ἦν,
1062 393 1109 419 καὶ
1123 392 1273 427 περιτομῆς
1290 392 1354 426 ἄρα.
1377 392 1424 418 καὶ
1437 392 1624 427 βαπτίσματος
1649 392 1798 426 μετανοίας

1004 436 1057 464 τοῦ,
1072 436 1204 469 Ἰωάννου,
1223 436 1270 463 καὶ
1294 437 1348 464 τῶν
1370 436 1470 464 λοιπῶν
1485 446 1491 454 ·
1512 439 1536 463 εί
1566 436 1612 464 οὖν
1631 438 1716 464 ἐδεῖτο
1745 437 1797 464 τοῦ

1003 483 1052 517 τῆς
1072 482 1215 516 μετανοίας
1231 482 1315 514 ὅντως
1331 481 1499 518 βαπτισμοῦ,
1521 483 1628 513 πάντως
1645 483 1681 514 ὡς
1701 483 1795 517 ἁμαρ-

1002 528 1088 560 τωλός
1101 537 1108 544 ’
1120 528 1151 554 οὐ
1169 528 1224 563 γὰρ
1235 528 1348 555 δικαίων
1361 529 1510 556 ἐπαινετῶν
1527 531 1601 555 ἐστιν
1615 530 1631 564 ἡ
1644 529 1772 563 μετάνοια
1784 536 1791 542 ·

1001 575 1025 599 εί
1045 574 1073 600 δὲ
1089 574 1136 601 καὶ¹
1155 574 1191 609 μὴ
1224 575 1332 609 χρῄζων
1343 574 1416 601 τελεῖ
1427 583 1488 602 τινα
1508 575 1633 609 Χριστὸς,
1653 575 1730 609 δῆλον
1755 574 1795 606 ὡς

996 620 1064 654 πρὸς
1073 619 1102 646 τὸ
1116 621 1205 646 πᾶσαν
1215 619 1389 655 δικαιοσύνην
1405 621 1548 655 πληρῶσαι
1558 621 1607 654 τὴν
1620 621 1690 647 κατά
1704 621 1795 655 σάρκα

167 655 249 681 αὑτοῦ
264 656 432 692 οἰκονομίαν,
449 659 522 684 ποιεῖ
546 659 627 684 τάδε’
658 660 705 686 καὶ
728 660 812 692 δεῖξαι
847 662 879 688 ἐκ
899 663 949 697 τῆς
980 665 1028 691 τοῦ
1054 665 1137 699 νόμου
1170 665 1336 700 πληρώσεως
1361 666 1445 700 αὐτῆς
1474 666 1522 701 τὴν
1541 666 1641 692 ἑαυτοῦ
1667 666 1794 701 Θεότητα.

167 701 336 738 ἁσοενούςης
376 704 457 731 αὐτὸν
482 705 669 741 ἐκπληρῶσαι,
703 707 794 744 πάσης
820 711 954 745 σαρκικῆς
981 712 1101 746 φύσεως,
1124 713 1206 748 μόνης
1240 713 1267 739 δὲ

171 748 304 785 ξαμένης.

461 810 536 838 CAP.
552 811 655 840 XLVII.

201 866 310 900 Ubique
323 867 469 902 conceptio
478 873 505 895 et
516 872 612 903 partus
629 869 734 897 ducunt
751 878 815 898 eum
832 872 879 906 qni
896 880 951 900 non

168 911 260 938 adhuc
272 911 424 939 exsistitad
444 913 664 948 generationem,
683 915 732 942 sed
748 916 770 942 si
797 917 951 944 secundum

167 957 403 994 JEgyptiummon
419 959 559 987 hominem
573 961 668 996 genuit
684 961 777 996 Virgo,
792 963 844 990 sed
856 971 951 990 verum

172 1004 269 1037 Deum,
288 1004 434 1032 evidenter
449 1006 601 1041 genuitqui
617 1014 672 1033 non
689 1007 779 1035 adhuc
799 1012 871 1040 erat,
883 1011 911 1035 et
929 1008 952 1035 si

169 1055 342 1082 neocreatus,
354 1056 385 1077 et
396 1051 603 1086 neogenituset
615 1058 782 1080 neovocmus
795 1053 846 1080 iste
868 1053 951 1086 Deus,

171 1096 330 1123 necessario
342 1096 424 1123 etiam
438 1104 527 1124 novus
539 1097 625 1130 Deus,
637 1098 685 1125 sed
700 1097 792 1125 divina
808 1098 955 1133 Scriptura

168 1141 268 1169 clamat
282 1151 307 1168 ι(
330 1142 389 1170 Νοη
401 1143 492 1171 sittibi
513 1144 583 1171 Deus
593 1152 690 1171 novus.
707 1154 715 1170 ι
727 1143 874 1180 Αῑιςγριὶιιε
886 1153 958 1172 vero

169 1188 269 1215 clamat
289 1197 296 1214 :
314 1188 366 1221 Sit,
381 1193 408 1216 et
423 1197 519 1217 omnes
531 1194 663 1225 negantes
674 1198 734 1218 esse
750 1199 850 1217 novum
867 1191 953 1218 Deum

168 1234 394 1262 anathematizat.
406 1235 491 1270 Igitur
501 1237 547 1271 qui
557 1236 679 1264 celebrat
693 1237 821 1272 antiquos
832 1237 952 1271 dolores,

170 1280 325 1315 usquedum
342 1281 476 1308 formetur
491 1281 619 1309 Christus
640 1282 668 1309 in
690 1282 781 1315 nobis,
797 1287 825 1310 et
841 1291 890 1317 per
905 1290 954 1310 vos

171 1325 350 1361 Evangelium
369 1334 420 1361 ego
448 1335 497 1354 vos
526 1327 625 1362 genui,
647 1331 675 1355 et
701 1332 895 1356 testamentum
920 1336 954 1356 ex

170 1376 265 1399 monte
281 1371 346 1399 Sina
363 1380 499 1407 generans
513 1373 540 1400 in
554 1373 726 1405 servitutem,
738 1381 798 1408 qua:
821 1382 875 1400 non
890 1378 956 1401 sunt

169 1416 297 1451 equidem
308 1417 431 1445 indicant
443 1417 550 1452 aliquos
565 1419 703 1453 generari,
728 1419 770 1445 vel
786 1418 866 1446 aliter
881 1426 953 1451 esse,

170 1462 296 1496 generari
312 1467 342 1489 ut
354 1467 448 1490 essent
465 1463 557 1498 aliquo
572 1464 654 1491 modo
665 1464 756 1497 aliter,
772 1468 800 1491 et
816 1472 871 1492 non
889 1464 956 1492 sub-

170 1505 280 1537 stantia,
297 1505 345 1532 sed
368 1506 511 1534 accidente
535 1507 650 1542 spiritus
674 1512 820 1539 monstrat,
842 1508 864 1535 si
887 1516 958 1535 vero

171 1551 234 1582 hoc,
248 1550 361 1578 evidens
374 1556 418 1579 est
426 1552 500 1586 quod
515 1560 569 1579 non
582 1553 672 1579 omnis
690 1553 830 1587 generatio
848 1552 956 1587 simpli-

171 1597 250 1628 «iter,
266 1597 380 1625 deducit
394 1605 457 1625 eum
471 1597 518 1632 qui
546 1606 602 1625 non
627 1603 670 1625 est
692 1598 725 1625 ad
753 1597 954 1629 exsistentiam,

172 1644 220 1670 sed
232 1644 265 1670 ad
276 1643 396 1679 aliquam
420 1643 611 1671 exsistentiam
635 1643 742 1678 aliquos
759 1650 891 1677 generare
906 1650 956 1670 va—

171 1691 284 1717 lentem.

454 1746 529 1774 CAP.
556 1747 671 1774 XLVIII.

206 1792 258 1825 Qui
285 1800 341 1819 non
358 1792 460 1819 fatetur
477 1793 614 1827 Virginem
633 1800 692 1820 esse
710 1792 824 1820 Matrem
837 1792 954 1825 Christi,

172 1846 229 1865 non
259 1838 361 1865 fatetur
375 1838 517 1866 Christum
543 1839 625 1866 sicuti
638 1844 691 1872 est,
712 1847 776 1866 nam
800 1839 909 1866 initium
923 1839 956 1866 de

173 1884 284 1911 Christo
300 1891 459 1911 sermonum
478 1889 522 1911 est
545 1885 605 1920 ejus
626 1885 766 1919 generatio
782 1893 815 1912 ex
829 1885 953 1920 Virgine.

176 1929 230 1957 Sed
243 1938 298 1957 non
313 1930 469 1964 specialiter
491 1930 675 1965 signiﬁcatum
689 1934 730 1957 est
744 1938 842 1957 nomen
863 1930 952 1964 Virgi-

174 1975 217 2003 nis
230 1980 340 2008 sanctaa,
368 1975 453 2003 Mater
466 1976 580 2007 Christi,
610 1984 671 2003 nam
700 1980 801 2003 matres
824 1975 909 2003 David
931 1980 959 2002 et

174 2022 285 2050 Samuel
302 2026 331 2049 et
358 2021 531 2049 sacerdotum
565 2026 638 2049 recte
668 2022 829 2049 dicerentur
858 2025 960 2048 matres

174 2067 288 2100 Christi,
305 2067 376 2094 sicut
392 2071 492 2095 matres
518 2068 640 2094 omnium
666 2067 873 2102 prophetarum,
888 2075 958 2101 prae-

175 2113 270 2141 sertim
285 2112 411 2140 Jeremiaa
424 2121 431 2146 ;
446 2121 507 2140 nam
526 2113 630 2140 dictum
646 2118 688 2141 est
703 2113 746 2140 ei:
771 2123 780 2138 ι
794 2113 959 2147 Priusquam

174 2159 266 2186 exires
277 2158 311 2186 de
340 2164 436 2191 matre,
457 2159 623 2186 sanctilicavi
643 2164 679 2190 te,
707 2168 715 2183 ι
731 2163 759 2185 et
782 2158 901 2185 Joannes
931 2157 958 2183 in

176 2209 256 2232 utero
269 2204 410 2232 Elisabeth
423 2205 572 2232 exsultavit
595 2205 654 2239 ipse
675 2204 776 2239 gaudio
796 2203 915 2235 Domini,
933 2207 959 2230 et

176 2257 241 2277 sane
262 2250 289 2276 in
320 2251 451 2277 unctione
477 2255 504 2277 et
525 2250 736 2285 participatione
761 2249 960 2277 sanctiﬁcantis

177 2295 296 2330 Spiritus
310 2300 400 2329 erant,
419 2300 447 2324 et
462 2304 526 2324 cum
548 2301 641 2324 essent
663 2296 755 2323 adhuc
782 2296 808 2322 in
826 2299 904 2322 utero
921 2294 960 2321 illi

176 2342 278 2369 Christi
302 2342 411 2369 Domini
442 2342 582 2377 prophetm
614 2350 648 2369 ex
668 2349 724 2377 quo
750 2341 876 2376 concepti
889 2345 917 2368 et
933 2341 961 2367 in

177 2387 267 2415 lucem
277 2387 343 2415 editi
355 2391 445 2414 erant.
458 2387 510 2415 Sed
522 2387 571 2414 Dei
584 2387 710 2414 Genitrix
724 2387 781 2414 sola
799 2386 961 2421 specialiter

180 2437 223 2460 cst
237 2441 319 2468 quam
334 2433 455 2468 Spiritus
473 2433 532 2468 ipse
548 2433 761 2460 adumbravitet
777 2433 920 2464 habitavit,
934 2435 962 2459 et

180 2479 208 2506 in
223 2487 306 2506 carne
319 2479 352 2507 ab
367 2479 412 2506 illa
432 2484 572 2514 assumpta
595 2479 690 2515 genuit
720 2487 865 2514 personam
880 2479 963 2513 hujus

179 2524 254 2552 unici
268 2524 341 2551 Filii.
360 2524 427 2552 Nam
440 2532 495 2552 non
520 2524 608 2552 solum
636 2523 839 2552 sanctiﬁcatum
855 2523 960 2558 genuit,

180 2571 227 2598 scd
244 2570 317 2606 quod
330 2576 423 2598 natum
439 2575 482 2597 est
494 2578 528 2598 ex
538 2578 569 2597 ea
584 2574 708 2598 sanctum
720 2575 762 2597 est
774 2570 959 2600 sanctilicans,

180 2617 336 2644 ideoetiam
356 2625 410 2644 non
435 2617 509 2644 illius
528 2616 681 2649 solius,sed
710 2616 792 2644 etiam
816 2616 863 2643 Dei
878 2615 964 2644 Filius

182 2667 308 2690 vocatur.

478 2715 555 2744 CAP.
574 2716 666 2743 XLIX.

218 2762 264 2787 Dei
279 2762 448 2790 Genitricem
459 2763 574 2790 Matrem
586 2763 651 2791 Jesu
670 2763 760 2805 dicere
776 2770 826 2790 nos
842 2769 896 2789 non
917 2768 966 2788 au-

187 2804 462 2842 :l.bnnus,Scriptura
469 2809 649 2844 sacranullibi
657 2817 716 2836 eam
726 2804 965 2843 sirprcclamante,

1305 713 1380 745 θείας
1411 713 1504 745 οὖςῖας
1541 714 1620 740 αὑτὸν
1651 722 1795 748 καταπρα-

1285 817 1411 844 ΚΕΦΑΛ.
1442 818 1508 844 MZ'.

1041 871 1185 908 Πανταχοῦ
1196 873 1212 908 ὴ
1227 872 1357 908 σύλληψις
1369 873 1416 900 καὶ
1428 873 1441 899 ό
1454 873 1535 904 τόκος
1544 873 1588 900 τὸν
1599 873 1647 899 οὐκ
1657 873 1721 900 ὂντα
1730 874 1799 906 ἄγειν

1005 917 1045 949 εἰς
1057 917 1204 953 γέννησιν·
1228 917 1324 944 ἀλλἐί
1349 918 1419 944 κατὰ
1445 919 1492 944 τὸν
1517 918 1675 950 Αἰγύπτιον,
1691 919 1721 944 οὐ
1748 919 1802 945 τὸν⁶

1003 964 1145 999 ἄνθρωπον
1163 964 1307 998 ἐγέννησεν
1325 965 1341 1000 ἡ
1356 964 1505 999 Παρθένος,
1519 964 1586 991 ἀλλὰ
1602 965 1648 991 τὸν
1666 964 1801 999 ἀληθινὸν-

1002 1010 1081 1043 Θεὺν,
1102 1010 1182 1046 δῆλον
1205 1011 1300 1038 ὃτιτὺν
1318 1011 1367 1037 οὐκ
1386 1011 1449 1038 ὂντα
1475 1012 1602 1044 ἐγέννησε
1619 1019 1627 1027 ”
1646 1011 1692 1037 καὶ
1725 1012 1749 1037 εἰ
1779 1012 1800 1037 ἁ

1003 1056 1166 1088 νεόπλαστος
1180 1057 1226 1083 καὶ
1243 1056 1370 1088 νεοτόκος
1379 1057 1426 1083 καὶ
1443 1057 1585 1090 νεόκλητος
1601 1057 1701 1087 (Sa-312.;
1713 1053 1795 1087 οὗτος

1003 1102 1050 1129 καὶ
1065 1101 1140 1134 Θεὸς,
1154 1101 1184 1134 ὲξ
1201 1101 1322 1137 ἀνάγκης
1335 1102 1382 1128 καὶ
1396 1102 1456 1133 νέος
1474 1102 1539 1134 Θεός
1550 1110 1556 1116 ·
1575 1103 1622 1128 καὶ
1635 1103 1652 1137 ἡ
1671 1102 1721 1137 μὲν
1732 1102 1761 1128 θε
1775 1111 1798 1127 αι

1003 1148 1099 1184 Γραφὴ
1115 1148 1189 1183 βοᾷῚ
1200 1147 1245 1183 Μὴ
1258 1148 1328 1175 ἔστω
1345 1156 1385 1174 σοι
1398 1148 1465 1179 Θεὸς
1483 1148 1661 1183 πρόσφατος-ι
1676 1149 1690 1174 ὁ
1700 1149 1727 1174 δὲ
1743 1148 1800 1174 AF—

1003 1193 1117 1228 γὰπτιος
1127 1193 1345 1229 ἀντιϐοᾷ,Ἐστω
1360 1202 1368 1209 ·
1383 1193 1431 1220 καὶ
1444 1194 1507 1224 τοὺς
1516 1193 1553 1229 μὴ
1568 1193 1697 1227 λέγοντας
1719 1192 1799 1220 εἶναι

1003 1239 1070 1266 Θεὸν
1083 1239 1249 1275 πρόσφατον,
1262 1239 1467 1274 ἁναθεματίζει.
1482 1240 1554 1273 Ἀρα
1563 1237 1631 1266 οὗνὸ
1641 1239 1728 1273 λέγων
1744 1239 1795 1270 οὓς

1004 1282 1084 1310 πάλιν
1096 1283 1184 1310 ὠδίνω
1197 1284 1275 1319 ἄχρις
1293 1280 1322 1310 οὗ
1339 1283 1470 1319 μορφωθῇ
1486 1284 1601 1319 Χριστὸς
1613 1285 1640 1310 ὲν
1654 1284 1728 1319 ἡμῖν,
1743 1286 1794 1310 καὶ

1003 1329 1048 1356 διὰ
1057 1328 1103 1355 τοῦ
1121 1329 1289 1363 Εὑαγγελίου
1304 1328 1360 1363 ἐγὼ
1377 1329 1448 1364 ὑμᾶς
1462 1329 1603 1363 ἐγέννησα,
1626 1330 1672 1356 καὶ
1695 1331 1711 1363 ἡ
1734 1329 1794 1356 δια-

1005 1374 1075 1409 θήκη
1094 1375 1110 1410 ἡ
1122 1374 1152 1406 ἐξ
1165 1374 1244 1409 ὅρους
1257 1375 1321 1401 Σινᾶ
1334 1375 1373 1406 είς
1385 1374 1506 1401 δουλείαν
1521 1374 1652 1413 γεννῷσα,
1669 1375 1795 1401 οὗκὸντα

1004 1419 1072 1450 ὅλως
1092 1419 1217 1454 σημαίνει
1231 1419 1394 1454 γεννηθῆναι
1419 1416 1510 1450 τινας,
1529 1419 1546 1454 ἢ
1574 1419 1675 1454 ἑτέρως
1701 1418 1793 1449 ὄντας,

1005 1467 1074 1501 πρὸς
1092 1466 1123 1493 τὸ
1134 1466 1234 1502 ἑτέρως
1263 1475 1323 1498 πως
1348 1464 1419 1493 εἶναι
1448 1467 1612 1500 γεννᾶσθαι·
1640 1467 1688 1492 καὶ
1712 1466 1741 1492 οὐ
1759 1468 1798 1501 τῇ

1006 1513 1097 1548 οὐσία,
1126 1513 1199 1540 ἀλλὰτ
1220 1514 1253 1548 τῇ
1269 1512 1431 1539 ὲπουσιὼσει
1448 1513 1495 1539 τοῦ
1526 1512 1680 1547 πνεύματος
1696 1512 1793 1547 δηλοῖ·

1007 1560 1033 1585 εί
1048 1559 1077 1586 δὲ
1087 1558 1176 1592 τοῦτο,
1188 1558 1267 1594 δῆλον
1279 1559 1309 1586 οὺ
1325 1560 1401 1586 πᾶσα
1426 1559 1551 1594 γέννησις
1563 1559 1666 1591 ἁπλῶς,
1683 1559 1728 1585 τὸν
1741 1559 1796 1586 οὐκ

1007 1605 1070 1632 ὄντα
1083 1605 1143 1639 ἄγει
1158 1607 1197 1637 εἰς
1213 1605 1242 1632 τὸ
1261 1604 1345 1638 εἶναι,
1361 1605 1430 1632 ἀλλὰ
1453 1606 1502 1632 καὶ
1517 1607 1556 1637 εἰς
1578 1606 1608 1632 τὸ
1631 1606 1688 1637 πῶς
1709 1605 1793 1638 εἷναι,

1006 1650 1167 1686 γεννηθῆναί
1179 1659 1255 1682 τινας
1272 1651 1400 1678 δυνατόνι

1290 1751 1414 1779 ΚΕΦΛᾹ.
1445 1750 1515 1778 Mll’;

1048 1799 1077 1824 '0
1094 1797 1132 1832 μὴ
1154 1798 1293 1832 ὁμολογῶν
1308 1798 1359 1832 τὴν
1376 1797 1511 1832 Παρθένον
1523 1797 1713 1832 Χριστοτόκον,
1733 1796 1795 1822 οὐδέ

1008 1844 1053 1870 τὸν
1070 1843 1186 1878 Χριστὸν
1201 1843 1326 1878 ὁμολογεῖ
1338 1844 1406 1878 ὅπερ
1422 1843 1480 1870 ἐστί
1498 1851 1505 1859 ·
1520 1843 1661 1878 προοίμιον
1672 1842 1725 1876 γὰρ
1739 1841 1796 1866 τῶν

1008 1889 1072 1925 περὶ
1083 1889 1200 1924 Χριστοῦ
1214 1889 1312 1923 λόγων,
1325 1889 1341 1923 ἡ
1356 1889 1482 1923 γέννησις
1497 1889 1512 1923 ἡ
1531 1889 1562 1914 ἐκ
1578 1888 1627 1922 τῆς
1643 1887 1797 1920 Παρθένου.

1014 1935 1084 1962 Ἀλλ’
1099 1935 1149 1962 οὐκ
1159 1935 1231 1966 ἰδίως
1249 1935 1402 1969 σημαντικὴ
1416 1933 1585 1968 προσηγορία
1596 1933 1645 1967 τῆς
1655 1932 1803 1966 Παρθένου-

1009 1981 1099 2015 ἁγίας,
1114 1981 1143 2008 τὸ
1163 1980 1346 2015 Χριστοτόκος
1362 1987 1369 1994 ’
1393 1980 1439 2005 καὶ
1453 1980 1480 2006 αἱ
1502 1978 1619 2013 μητέρες
1632 1978 1686 2012 γὰρ
1712 1977 1796 2002 Δα6.ὃ

1010 2027 1056 2053 καὶ
1069 2026 1195 2061 Σαμουὴλ
1205 2025 1252 2052 καὶ
1267 2025 1322 2051 τῶν
1339 2025 1444 2060 ἱερέων,
1457 2024 1627 2058 χριστοτόκοι
1644 2021 1732 2057 ὀρθῶς
1750 2021 1795 2046 λέ-

1011 2080 1100 2106 γοιντο
1114 2071 1158 2103 ἂν,
1184 2071 1230 2097 καὶ
1242 2071 1270 2097 αί
1287 2070 1342 2096 τῶν
1358 2069 1507 2104 προφητῶν
1531 2068 1649 2098 πάντων,
1677 2067 1802 2102 μάλιστα

1009 2117 1038 2144 δὲ
1069 2116 1200 2151 Ἰερεμίου
1214 2125 1220 2132 ·
1242 2116 1349 2151 εἴρηται
1359 2116 1413 2150 γὰρ
1432 2114 1505 2149 αὐτῷ
1532 2115 1572 2140 ὅτι
1591 2123 1599 2139 ι
1620 2113 1676 2148 Πρὸ
1693 2113 1739 2139 τοῦ
1767 2120 1797 2138 σε

973 2176 998 2204 D
1012 2162 1129 2194 ἐξελθεῖν
1145 2163 1177 2188 ὲκ
1192 2161 1421 2196 μήτρας,ὴγίακά
1439 2169 1467 2186 σε
1481 2168 1503 2185 Ἰ
1514 2159 1639 2193 Ἰωάννης
1649 2167 1678 2184 τε
1690 2159 1718 2204 ὲν
1732 2159 1800 2184 Κοι-

1011 2208 1055 2242 λίᾳ
1075 2207 1124 2242 τῆς
1141 2205 1281 2232 Ἐλισάΰετ
1300 2206 1462 2240 ἐσκίρτησεν
1477 2204 1676 2238 ἀγαλλιώμενος
1690 2203 1730 2238 τῷ
1741 2203 1800 2229 Κια-

1012 2252 1062 2288 ρίῳ
1074 2260 1081 2268 '
1093 2251 1139 2278 καὶ
1155 2251 1234 2286 δῆλον
1247 2251 1287 2277 ὅτι
1302 2251 1331 2276 ὲν
1352 2250 1444 2285 χρίσει
1457 2250 1504 2276 καὶ
1522 2250 1622 2284 μετοχῇ
1651 2247 1698 2274 τοῦ
1714 2248 1797 2280 ἁγια-

1012 2298 1105 2324 στικοῦ
1130 2297 1288 2332 Πιεύματος
1312 2294 1393 2331 ἦσαν,
1421 2296 1467 2322 καὶ
1493 2296 1522 2322 ἒν
1540 2295 1638 2329 γαστρὶ
1659 2294 1733 2325 ὄντες
1757 2294 1798 2319 ἔτι

1011 2344 1064 2370 οἶδε
1081 2352 1087 2359 ·
1116 2343 1222 2378 χριστοὶ
1238 2342 1285 2369 οὖν
1299 2341 1403 2377 Κυρίου
1418 2342 1443 2368 οἱ
1469 2337 1607 2376 προφῆται
1619 2340 1666 2373 ἀφ’
1687 2337 1719 2366 οὗ
1743 2339 1800 2372 ἐγί-

1012 2396 1087 2414 νοντο
1097 2388 1143 2414 καὶ
1159 2387 1295 2413 ὲτίκτοντο
1309 2394 1315 2401 ·
1328 2385 1458 2417 Θεοτόκος
1484 2385 1513 2411 δὲ
1543 2385 1612 2419 μόνη
1629 2384 1700 2415 ἰδίως
1724 2385 1800 2410 ἐστὶν

1013 2433 1030 2467 ἢ
1042 2433 1107 2459 αὐτὸ
1117 2432 1147 2458 τὸ
1164 2431 1273 2466 Πνεῦμα
1291 2432 1319 2457 ὲν
1333 2431 1401 2466 αὐτῇ
1417 2430 1544 2456 σκιασθὲν
1557 2429 1603 2456 καὶ
1619 2428 1799 2463 κατοικῆσαν,

1015 2479 1061 2504 καὶ
1077 2479 1108 2512 τῇ
1131 2478 1178 2504 ἀπ’
1201 2476 1286 2511 αὐτῆς
1300 2476 1381 2512 σαρκὶ
1403 2475 1553 2510 συλληφθὲν
1579 2475 1619 2506 εἰς
1648 2475 1706 2505 ἐνὸς
1731 2474 1801 2500 Υἱοῦ

1013 2522 1115 2548 τοιοῦδε
1126 2522 1274 2548 ὑπόστασιν
1291 2521 1368 2548 ἔτεκε
1379 2530 1386 2536 ·
1397 2522 1490 2548 τέτοκε
1507 2521 1560 2554 γὰρ
1586 2521 1635 2555 οὐχ
1661 2519 1799 2554 ἡγιασμέ-

1014 2576 1059 2593 νον
1080 2567 1170 2601 μόνον,
1194 2567 1261 2593 ἀλλὰ
1284 2566 1331 2593 καὶ
1354 2567 1546 2600 ἁγιοποιοῠντα
1561 2566 1591 2592 τὸ
1617 2565 1746 2599 γεννηθὲν
1771 2565 1805 2595 ἐξ

1015 2612 1101 2646 αὐτῆς
1117 2613 1192 2646 ἆγιον
1204 2620 1210 2627 ·
1235 2612 1276 2638 διὸ
1293 2612 1341 2638 καὶ
1361 2612 1410 2638 οὐκ
1427 2612 1515 2652 auris:
1541 2611 1634 2646 μόνης,
1659 2610 1728 2636 ἀλλὰ
1753 2611 1806 2637 οιαὶ

1015 2658 1081 2684 θεοῦ
1099 2658 1161 2689 Υἱὸς
1180 2657 1292 2692 ἐκλήθη.

1294 2714 1315 2739 Κ
1321 2714 1406 2740 ΕΦΑΛ
1412 2734 1418 2739 .
1437 2713 1525 2741 Μεθ’.

1053 2760 1183 2787 Θεοτόκον
1200 2760 1249 2794 τὴν
1262 2760 1375 2795 Μητέρα
1391 2760 1436 2786 τοῦ
1456 2759 1542 2794 Ἰησοῦ
1556 2760 1646 2793 λέγειν
1658 2761 1740 2794 ἡμεῖς
1757 2761 1810 2786 οὐκ

1017 2805 1239 2841 αὐθεντήσομεν,
1264 2806 1310 2841 τῆς
1338 2806 1416 2840 ἁγίας
1441 2806 1550 2841 Γρανίῆς
1575 2805 1695 2840 οὔδειμοί
1721 2807 1808 2840 αὐτην
