1960 3093
129 103 190 136 172i

596 108 793 139 ADVERSUS
813 108 1086 139 NESTORIANOS.
1099 121 1123 126 --
1147 110 1220 140 LIB.
1238 110 1271 140 V.

1679 108 1746 139 1722

126 159 198 187 οὕτω
215 160 479 196 προσαγορευούσης,
496 160 553 187 αλλ’
568 161 628 187 οὐδὲ
639 162 693 188 τῶν
703 170 746 193 τις
760 162 888 197 Πατέρων
902 170 907 175 ·

976 162 1009 189 od
1021 170 1072 189 nec
1084 162 1223 196 aliquibus
1234 161 1373 195 Patribus,
1393 161 1442 189 sed
1467 161 1619 189 secundum
1648 170 1743 189 vocem

126 206 192 232 ἀλλὰ
210 205 282 232 κατὰ
305 206 353 239 τὴν
375 207 467 240 φωνὴν
489 207 535 232 τοῦ
561 207 678 240 ἀγγέλου
710 207 835 240 λέγοντος
856 208 911 238 τοῖς

127 252 253 286 ποιμέσιν
270 260 291 276 ἰ
304 251 415 286 Ἐτέχοη
430 250 493 286 ὑμῖν
511 252 630 287 σήμερον
643 253 759 287 Χριστὸς
772 253 872 288 Κύριος
886 261 909 280 ³)

126 295 173 321 καὶ
203 295 273 322 κατὰ
298 295 328 321 τὸ
353 296 506 330 εἰρημένον,
526 305 534 321 ι
552 296 646 327 Βίϐλος
660 296 792 331 γενέσεως
826 297 912 332 Ἰησοῦ

127 341 255 376 Χριστοῦ
271 351 281 367 ι
301 341 347 368 καὶ
362 342 417 373 τὺ,‹
429 342 485 368 Νῦν
498 342 526 368 δέ
541 351 573 377 με
590 342 682 368 θέλετε
695 343 853 368 ἀποκτεῖναι
866 343 913 369 ἆν-

129 386 235 420 ορωπον
250 386 278 417 ὃς
294 386 343 422 τὴν
353 387 480 421 ἀλήθειαν
493 388 556 422 ὑμῖν
571 388 706 423 λελάληκα
719 396 727 403 ·
747 398 756 414 ι
772 387 914 422 ἀνθρωπο-

130 433 208 458 τὸκον
233 432 322 466 φύσει,
350 433 397 459 καὶ
422 433 485 468 ἀξίᾳ
502 434 683 468 Χριστοτόκον
701 434 786 468 αὐτήν
801 442 891 469 φαμεν
906 442 913 449 ·

131 476 144 502 ὃ
162 477 198 510 μὴ
216 477 408 512 παρελάόομεν
421 478 451 504 οὐ
467 478 678 512 νομοθετοῦντες
693 479 837 514 προπετῶς
853 479 915 505 καθ’

132 522 213 556 ὑμᾶς.
226 522 291 549 Ἐὰν
307 523 353 549 οὖν
370 523 415 549 ὅτε
434 524 482 558 μὲν
497 523 645 559 διαρρήδην
659 523 725 550 Θεὸν
740 524 785 550 τὸν
799 524 916 558 Χριστὸν

131 567 302 601 κυριολεκτεῖ
321 568 354 593 τὰ
370 568 458 601 λόγια,
474 568 652 603 ἐπεξηγεῖσθε
667 569 712 594 καὶ
727 569 907 603 μετεκλαμϐἀ-

133 621 190 638 νετε
215 613 354 645 αὐτολεξεὶ
375 614 530 648 εἰρημένον,
554 615 597 640 ὅτε
615 614 643 640 δὲ
666 614 718 640 ἀπὸ
738 614 917 650 διανοήματος

133 658 244 692 συνάγει
257 659 453 694 συμπέρασμα,
474 660 524 686 οὐκ
546 658 685 693 αὑτολεξεὶ
707 660 844 696 κείμενον,
863 658 918 686 οἷον

133 703 178 729 ἐπὶ
197 705 245 739 τῆς
265 704 409 736 Θεοτόκου,
430 705 492 731 τότε
511 705 678 739 κυριολεξὶαν
700 706 851 734 ἀπαιτεῖτε.
872 705 919 740 δῆ-

133 748 178 775 λον
191 749 229 780 ὡς
243 751 324 776 παντὶ
338 751 430 786 τρόπῳ
446 751 530 786 μόνην
539 751 588 786 τὴν
606 751 760 786 ὀρθοδοξξαν
770 751 919 786 δραπετεύ-

134 803 177 820 ετε
193 803 201 810 ·
224 796 248 821 ει
272 796 327 830 γὰρ
353 793 400 822 οὖν
416 796 501 826 ὅντως
525 795 539 822 ὃ
565 796 601 831 μὴ
629 797 717 822 κεῖται
738 797 794 827 τοῖς
817 795 920 830 λογίοις

135 841 226 875 ῥητῶς
242 841 302 867 οὐδὲ
319 842 384 877 ὑμῖν
402 843 460 868 ἐστι
481 842 587 875 λεκτὸν,
613 832 669 868 οὺδί
693 843 735 868 ὅτι
761 842 920 878 ἀῤῥεύστως
936 831 956 858 Β

135 887 262 922 ἐγέννησε
277 887 323 914 τὸν
333 888 418 921 Λόγον
431 888 445 913 ὁ
458 887 562 923 Πατὴρ,
576 887 630 913 οὐδ’
645 887 686 913 ὄτι
699 888 818 922 ὁμοφυὲς
834 888 920 923 (lupi.

135 933 182 959 καὶ
204 933 260 967 Υἰῴ
281 933 312 959 τὸ
335 933 412 967 ἅγιον
431 932 556 967 Πνεῦμα,“
571 932 626 959 οὐδ’
645 933 686 959 ὅτι
705 933 735 959 τὸ
748 933 803 968 πῦρ
817 934 831 959 ὸ
854 933 921 965 Θεὸς

135 977 252 1010 ἔκτισεν,
270 978 286 1013 ἢ
305 979 350 1005 τὸν
366 979 434 1013 ἀέρα
453 987 459 993 '
479 978 534 1005 οὐδ’
553 979 593 1004 ὅτι
610 979 704 1009 σκότος
719 978 770 1005 οὐκ
795 978 919 1008 ἔκτισεν,

135 1024 189 1051 οὐδ’
203 1024 244 1051 ὅτι
260 1024 356 1059 Θνηταὶ
371 1025 425 1051 τῶν
444 1025 569 1060 ἀναίμων
593 1025 747 1060 μυρμήκων
763 1024 809 1051 καὶ
824 1024 922 1059 καρκί-

136 1080 188 1098 νων
201 1072 248 1098 καὶ
264 1072 377 1106 σφηκῶν
397 1072 445 1099 καὶ
459 1072 561 1098 λοιπῶν
576 1073 604 1098 αἱ
627 1071 723 1106 ψυχαὶ,
742 1072 791 1098 καὶ
806 1072 841 1098 τὰ
854 1071 922 1098 ἄλλα

137 1116 231 1152 μυρία,
247 1113 269 1142 ὧ
284 1114 356 1144 οὗτοι
375 1125 381 1131 ·
403 1116 471 1152 πλὴν
484 1117 528 1144 ἵνα
544 1117 633 1144 πάντα
649 1117 712 1152 ὑμῖν
733 1117 858 1152 ἀφῶμεν,
875 1119 922 1144 καὶ

136 1162 214 1189 αὐτοὶ
229 1163 435 1198 ἀνθρωποτῶιον
450 1162 466 1198 ἦ
483 1163 666 1199 Χριστοτόκον
686 1163 770 1198 αὐτὴν
784 1163 923 1189 θεσπιστι-

136 1209 193 1240 κῶς
209 1209 422 1241 ἀποκαλοῦντες,
437 1208 489 1235 ποῦ
504 1210 572 1244 ἡμῖν
585 1209 686 1241 δείξετε
701 1209 783 1236 τοῦτο
797 1209 923 1244 κεὶμενον

137 1255 166 1280 ἐν
179 1256 212 1289 τῇ
234 1254 300 1289 ἁγίᾳ
319 1254 414 1289 Γραφῇ
431 1256 494 1289 περὶ
508 1255 558 1288 τῆς
573 1255 655 1288 ἁγίας
670 1253 827 1290 Παρθένου;
847 1255 878 1281 Εἰ
895 1254 923 1281 δὲ

139 1300 266 1334 οὐδαμοῦ.
284 1300 376 1334 σαφῶς
392 1301 405 1327 ὃ
421 1300 531 1335 φεύγειν
556 1300 758 1335 προσποιεῖσθε,
781 1300 924 1331 διώκοντες

138 1347 330 1382 κατελήφθητε
347 1355 354 1361 ”
373 1347 398 1373 εἰ
422 1347 450 1374 δὲ
467 1347 534 1382 μηδὲ
558 1347 645 1383 τούτῳ
678 1347 746 1382 μηδὲ
770 1347 842 1382 ἄλλῳ
867 1347 926 1373 ὀνό-

140 1400 205 1427 ματι
232 1393 317 1428 αὐτὴν
345 1394 561 1429 προσαγορεύειν
585 1394 772 1429 ὲπιτηδεύοιτε
797 1393 852 1421 ἀπὸ
877 1394 924 1421 τοῦ

138 1437 219 1463 τόκου
236 1438 492 1473 παρωνομασμὲνῳ,
509 1438 526 1473 ἦ
541 1438 601 1465 οὐδὲ
613 1438 736 1470 νοοῦντές
752 1447 779 1465 τι
797 1439 862 1474 περὶ
877 1438 924 1465 τοῦ

963 207 1051 242 angeli
1067 207 1186 235 dicentis
1198 208 1364 242 pastoribus,
1379 217 1388 233 ι
1405 207 1491 234 Natus
1508 212 1551 235 est
1573 207 1652 235 vobis
1663 208 1747 234 hodie

963 251 1236 283 ChristusDominus,
1252 252 1450 279 netsecundum
1461 252 1577 284 dictum,
1592 262 1601 277 ι
1616 252 1748 287 Libcrgt-

963 295 1304 328 nerationisJesuChristi,
1318 305 1327 321 ›
1340 300 1385 323 eti
1397 296 1475 323 Nunc
1482 296 1565 323 vultis
1574 303 1617 323 me
1624 297 1750 323 occidere

965 341 1104 367 hominem
1116 341 1163 375 qui
1178 341 1321 368 veritatem
1334 342 1442 369 loculus
1451 350 1511 369 sum
1521 342 1616 369 vobis:
1636 351 1645 367 ι
1660 343 1750 368 lmini-

965 386 1008 412 nis
1018 390 1134 413 matrem
1147 391 1255 418 natura,
1271 387 1318 414 sed
1344 387 1478 422 dignitate
1508 388 1557 414 Dei
1581 387 1750 414 Gcnitricmn

966 439 1026 458 eam
1043 431 1171 464 dicimus,
1190 433 1262 466 quod
1280 440 1335 459 non
1359 433 1528 468 accepimus,
1555 441 1611 460 non
1632 433 1751 468 imponi-

967 486 1028 504 mus
1039 478 1168 505 alacriter
1179 478 1267 505 vobis.
1280 478 1308 505 Si
1327 486 1392 506 vero
1408 479 1481 505 clare
1496 479 1583 507 Deum
1610 479 1751 506 Christum

967 523 1080 557 proprie
1097 523 1193 550 dicunt
1209 523 1360 558 prophetat,
1376 529 1486 551 narrate
1502 527 1529 551 et
1552 524 1670 558 accipite
1689 533 1750 559 qua:

973 569 1041 596 iicta
1056 573 1121 596 sunt
1139 569 1258 604 propriis
1282 569 1384 601 verbis,
1405 576 1467 596 cum
1496 577 1545 603 per
1577 569 1752 596 reﬂerioncm

970 615 1118 642 deducitur
1130 615 1337 649 consequentia,
1355 623 1408 641 non
1425 615 1546 649 propriis
1573 615 1667 642 verbis
1690 616 1755 642 sub-

966 660 1038 695 jecta
1058 660 1149 694 qualis
1164 660 1238 687 circa
1252 660 1365 687 Matrem
1396 660 1454 693 Dei,
1474 665 1540 686 tunc
1566 659 1704 694 propriam
1720 660 1757 686 si-

969 705 1173 740 gnificationem
1193 706 1348 739 requiritis,
1363 706 1478 733 evidens
1495 710 1538 732 est
1558 705 1632 740 quod
1661 705 1755 740 fugitis

970 750 1056 777 solam
1085 749 1280 777 orthodoxiam
1296 750 1372 777 omni
1389 754 1483 785 tropo;
1514 750 1537 777 si
1554 758 1632 782 vero,
1645 750 1757 777 realiter

971 796 1043 830 quod
1054 803 1108 822 non
1122 797 1196 831 jacet
1211 796 1239 823 in
1258 796 1401 831 prophetis
1413 796 1544 830 exprimi:
1571 796 1674 828 verbis,
1700 804 1755 822 non

970 841 1049 868 vobis
1060 845 1101 868 est
1118 841 1235 874 dictum,
1245 849 1297 869 nec
1324 841 1397 876 quod
1409 849 1464 868 non
1482 841 1641 868 transitoria
1663 841 1758 875 genuit

970 887 1091 915 Verbum
1107 888 1200 918 Pater.
1222 895 1276 915 nec
1287 887 1361 922 quod
1375 887 1622 914 consubstantialis
1646 887 1717 914 Patri
1731 891 1758 913 et

976 933 1049 960 Filio
1060 933 1181 968 Spiritus
1193 938 1316 966 sanctus,
1331 940 1384 960 nec
1397 933 1470 967 quod
1487 933 1576 968 ignem
1593 933 1666 960 Deus
1681 940 1758 959 crea-

971 979 1020 1011 vit,
1033 980 1076 1006 vel
1094 987 1197 1012 aerem,
1211 987 1262 1007 nec
1278 979 1351 1014 quod
1367 979 1495 1006 tenebras
1509 986 1564 1006 non
1575 979 1689 1009 creavit,
1707 986 1758 1004 nec

972 1026 1046 1060 quod
1061 1026 1194 1053 mortales
1206 1030 1271 1053 sunt
1284 1025 1464 1053 formicarum
1477 1029 1504 1052 et
1512 1033 1660 1053 cancerum
1672 1029 1700 1052 ct
1717 1025 1760 1052 in-

972 1077 1111 1099 sectarum
1128 1073 1246 1099 aliarum
1265 1072 1375 1105 animae,
1393 1072 1484 1099 etalia
1512 1072 1609 1103 millia,
1626 1080 1642 1099 ο
1657 1080 1717 1103 vos,
1731 1076 1760 1097 ιιι

973 1118 1064 1145 omnia
1086 1119 1140 1146 alia
1161 1119 1323 1145 omittamus
1354 1118 1445 1150 vobis,
1468 1121 1496 1145 et
1513 1117 1552 1144 illi
1568 1117 1616 1152 qui
1640 1117 1760 1143 hominis

973 1169 1088 1192 matrem
1104 1164 1149 1192 vel
1163 1164 1265 1192 Christi
1287 1164 1402 1192 Matrem
1418 1172 1478 1192 eam
1498 1163 1660 1199 prophetico
1682 1171 1760 1189 voca-

973 1209 1051 1242 bant,
1069 1209 1116 1236 ubi
1129 1209 1209 1237 vobis
1229 1209 1411 1236 ostendemus
1437 1209 1490 1236 hoc
1515 1209 1618 1236 dictum
1636 1208 1663 1234 in
1685 1216 1760 1234 sacra

975 1255 1118 1290 Scriptura
1132 1255 1166 1282 de
1183 1259 1277 1283 sancta
1297 1255 1429 1290 Virgine?
1447 1254 1475 1281 Si
1502 1254 1602 1281 nullibi
1623 1253 1762 1287 sapienter

973 1301 1065 1336 {ngam
1079 1301 1204 1336 capietis,
1217 1301 1335 1328 ulterius
1343 1304 1544 1335 prosequentes
1555 1299 1690 1326 caderetis
1701 1303 1763 1327 :sm
1781 1328 1785 1332 ἢ

975 1347 1056 1374 sinec
1073 1347 1192 1380 isto,nec
1202 1347 1256 1374 alio
1266 1346 1459 1374 nomineillam
1469 1345 1606 1381 designari
1620 1344 1763 1371 intenditis

976 1399 991 1419 a
1011 1396 1090 1426 partu
1105 1391 1242 1424 derivata,
1254 1391 1298 1418 vel
1310 1391 1333 1418 si
1346 1391 1449 1418 nullam
1459 1390 1593 1417 habentes
1605 1389 1764 1424 opinionem

977 1435 1050 1463 circa
1066 1435 1280 1467 maternitatem,
1293 1434 1432 1470 quomodo
1441 1434 1475 1461 de
1499 1433 1533 1460 iis
1544 1440 1606 1467 qum
1632 1432 1766 1466 ignoratis

138 1482 289 1517 τεχθέντος,
311 1484 357 1510 καὶ
375 1484 433 1515 πῶς
449 1485 512 1519 περὶ
529 1480 565 1511 ὧν
584 1485 635 1511 οὐκ
656 1484 712 1510 ἴστε
730 1485 923 1520 δογματίζετες

978 1481 1190 1516 dogmatisatis?
1203 1481 1252 1508 Vel
1269 1481 1292 1508 si
1323 1478 1608 1515 cogitantesqnidem,
1624 1477 1765 1505 erubesci—

141 1528 176 1553 Ἢ
192 1528 314 1558 νοοῦντες
329 1529 390 1562 μὲν,
409 1529 561 1563 αἰδούμενοι
575 1529 605 1555 δὲ
619 1528 653 1555 τὰ
666 1530 753 1556 οἰκεῖα
766 1528 928 1564 φρονήματα

139 1573 183 1599 διὰ
199 1573 246 1599 τοῦ
265 1574 433 1609 προφορικοῦ
451 1574 531 1608 λόγου
554 1574 736 1610 θριαμϐεῦσαι
755 1575 831 1610 ήμίν,
849 1574 928 1602 τοῦτο

140 1618 260 1653 πάσχετε
273 1627 280 1651 ;
302 1619 396 1654 Ἡμεῖς
409 1620 437 1646 δὲ
453 1621 524 1647 κατὰ
537 1621 582 1647 τὸν
606 1621 776 1652 Ἀπόστολον,
790 1621 927 1656 εὐχόμεθα

141 1664 191 1690 σὺν
204 1664 263 1699 Θεῷ
277 1666 512 1700 παρρησιάζεσθαι
529 1667 559 1693 ἐν
579 1666 617 1700 τῷ
638 1667 807 1702 Εὖαγγελίῳ,
836 1666 927 1698 καθὼς

140 1709 182 1736 δεῖ
195 1710 312 1745 λαλῆσαι
325 1719 333 1728 θ
355 1712 384 1738 οὐ
399 1711 452 1747 γὰρ
467 1712 690 1747 ὲπαισχυνόμεθα
709 1712 748 1747 τῷ
770 1712 927 1746 Εὑαγγελιῳ

142 1754 282 1788 Χριστοῦ·
309 1755 424 1790 δύναμις
453 1756 507 1791 γὰρ
533 1756 600 1782 Θεοῦ
631 1757 706 1783 ἐστὶν
728 1757 768 1787 εἰς
792 1756 928 1791 σωτηρίαν

143 1799 226 1826 παντὶ
242 1799 281 1834 τῷ
299 1800 464 1828 πιστεύοντι.

983 1527 1018 1555 tis
1029 1527 1157 1562 proprias
1181 1525 1334 1553 sententias
1347 1524 1423 1552 circa
1443 1523 1565 1552 Verbum
1589 1522 1766 1549 enuntiatum

981 1572 1188 1607 trinmphaliter
1201 1571 1283 1599 nobis
1296 1571 1399 1602 dicere,
1427 1578 1463 1597 an
1486 1569 1545 1596 hmo
1571 1568 1698 1596 sentitis?
1712 1567 1767 1593 Nos

980 1626 1046 1645 vero
1059 1617 1210 1645 secundum
1222 1617 1395 1652 Apostolum,
1413 1623 1526 1644 oramus
1536 1615 1620 1642 Deum
1636 1619 1665 1641 nt
1680 1613 1767 1640 libere

981 1664 1106 1691 dicamus
1129 1664 1157 1690 in
1184 1663 1344 1697 Evangelio,
1365 1662 1437 1689 sicut
1463 1661 1540 1695 loqui
1555 1663 1673 1694 oportet,
1703 1667 1766 1685 nam

981 1716 1036 1735 non
1051 1707 1243 1735 erubescimus
1255 1707 1435 1742 Evangelium
1455 1705 1569 1737 Christi,
1584 1705 1674 1732 virtus
1693 1704 1767 1730 enim

981 1755 1029 1782 Dei
1043 1755 1070 1782 in
1083 1755 1201 1783 salutem
1210 1754 1286 1782 omni
1301 1753 1440 1781 credenti.

833 1958 1016 2000 ΛΟΓΟΣ
1051 1957 1099 2000 E’.

146 2041 287 2077 Πέμπτης
313 2040 412 2067 αὐτῶν
444 2039 584 2072 ἀσεϐείας
611 2039 775 2073 ἐκφανεῖ-ις,
801 2039 932 2072 ἀναὶδην
965 2039 1023 2072 τὴν
1039 2039 1177 2073 φυσικὴν
1200 2038 1324 2071 θεότητα
1361 2035 1554 2071 ἀρνουμένων
1573 2034 1700 2069 Χριστοῦ
1717 2033 1769 2060 τοῦ

790 2087 935 2120 ἀληθινοῦ
951 2086 1025 2114 Θεοῦ
1041 2085 1135 2121 ἡμῶν.

819 2229 996 2273 LIBER
1039 2228 1097 2273 V.

239 2315 343 2347 Quintw
362 2314 503 2349 impietatis
516 2313 706 2341 demonstratio
720 2314 873 2349 negantium
888 2313 1052 2349 impudenter
1066 2317 1192 2341 naturam
1209 2312 1326 2339 divinam
1343 2310 1439 2338 Clariin
1454 2311 1507 2337 veri
1522 2310 1569 2336 Dei
1583 2309 1676 2336 nostri.

414 2435 609 2461 ΚΕΦΛΓΑΙΟΝ
636 2437 674 2462 Δ¹.

187 2482 255 2508 Πότε
269 2479 325 2513 οὖν,
341 2481 418 2514 φασὶ,
429 2481 459 2506 τὸ
476 2481 534 2508 ὅλον
543 2482 601 2508 ῐστε
620 2482 738 2517 Χριστοῦ
755 2483 820 2509 Θεὸν
831 2492 838 2515 ;
850 2483 937 2515 Εὐθὺς

153 2529 208 2555 ἀπὸ
226 2527 272 2554 τοῦ
290 2527 416 2562 τόκου;ἢ
434 2527 503 2561 μετὰ
516 2529 565 2562 τὴν
588 2529 752 2561 ἁνάστασιν;
769 2530 791 2555 ει
811 2529 865 2564 γὰρ
884 2530 937 2556 ἀπὸ

153 2575 308 2610 γενιήσεως
323 2572 413 2605 εὐθὺς,
432 2573 479 2600 καὶ
493 2574 585 2609 ἀπαθῆ
599 2573 652 2608 ἄρα
668 2574 714 2600 καὶ
740 2574 872 2601 ἀθάνατον
894 2575 937 2601 ἀεὶ

156 2621 213 2646 ἴστε
227 2620 273 2646 τὸν
289 2620 422 2656 Χριστύν;
436 2620 477 2651 τίς
495 2618 541 2646 οὖν
565 2619 647 2646 ἔπαθε
676 2621 722 2646 καὶ
748 2620 867 2647 ἀπέθανε
893 2622 938 2647 καὶ

154 2667 241 2700 ἑτάρη
259 2667 305 2693 καὶ
320 2668 354 2693 τὰ
368 2667 448 2693 λοιπὰ
460 2665 618 2701 ἀνθρώπινα
637 2666 759 2702 ὑπέστης
775 2667 806 2693 Et
824 2667 860 2702 μὴ
875 2676 941 2701 φαν-

155 2713 236 2739 τασία
251 2711 284 2748 ἧν
303 2713 336 2739 τὰ
351 2713 485 2747 λεγόμενα
502 2713 566 2748 περὶ
584 2712 701 2748 Χριστοῦ
714 2721 721 2728 '
740 2714 764 2739 εἰ
778 2713 806 2739 δὲ
821 2714 871 2739 οὐκ
888 2714 941 2740 ἀπὸ

155 2758 236 2784 τόκου
250 2756 284 2793 ἦν
297 2759 327 2785 τὸ
343 2759 402 2786 ὅλον
417 2758 536 2793 Χριστοῦ
553 2758 618 2790 Θεὸς
643 2759 671 2791 ἐξ
697 2759 796 2794 ἀρχῆς,
820 2758 853 2794 ἦν
880 2760 939 2786 καθ’

158 2805 230 2839 ὑμᾶς
246 2805 286 2831 ὅτε
306 2806 355 2832 οὐκ
372 2803 405 2840 ἦν
428 2805 486 2837 ὅλος
505 2805 570 2837 Θεὸς
592 2806 605 2832 ὁ
623 2806 716 2840 Λόγος.
744 2806 821 2832 Ἀλλὰ
837 2806 866 2833 τὺ
880 2806 940 2834 ὅλον

1246 2439 1356 2467 CAPUT
1374 2438 1515 2466 PRIMUM.

1024 2485 1139 2518 Quando
1162 2485 1255 2520 igitur,
1286 2485 1425 2518 inquiunt,
1445 2484 1533 2510 noslis
1556 2484 1675 2518 denique
1704 2484 1775 2511 divi-

990 2532 1104 2559 nitatem
1115 2531 1240 2558 Christi?
1253 2531 1352 2557 Statim
1367 2538 1382 2556 ιι
1396 2530 1557 2556 nativitate?
1572 2537 1605 2556 an
1617 2535 1674 2564 post
1686 2537 1777 2555 restir-

991 2578 1158 2605 rectionem?
1173 2578 1200 2605 Si
1217 2577 1301 2612 igitur
1313 2577 1405 2604 statim
1415 2584 1429 2603 a
1444 2576 1600 2608 nativitate,
1612 2581 1639 2603 et
1650 2576 1775 2610 impassi-

990 2623 1072 2650 bilem
1084 2623 1196 2658 quidem
1213 2627 1241 2649 et
1256 2622 1439 2649 immortalem
1466 2629 1575 2655 semper
1591 2621 1680 2648 nostis
1695 2620 1775 2647 Chri-

991 2671 1072 2699 stum;
1088 2667 1150 2701 quis
1165 2666 1237 2693 enim
1265 2674 1361 2701 passus
1371 2671 1422 2699 est,
1435 2674 1463 2694 et
1482 2670 1607 2692 mortuus
1633 2670 1675 2692 est
1690 2670 1717 2692 et
1733 2672 1769 2691 se-

991 2713 1083 2747 pultus
1092 2716 1133 2739 cst
1143 2718 1170 2739 et
1179 2713 1402 2740 meteralmmana
1412 2711 1524 2744 subivit,
1535 2711 1623 2738 sinon
1637 2715 1701 2738 sunt
1710 2711 1775 2737 ima-

990 2758 1095 2793 ginaria
1110 2767 1171 2794 qua:
1194 2758 1324 2785 dicuntur
1334 2759 1380 2791 de,
1393 2758 1503 2785 Christo
1512 2755 1563 2783 ?'Si
1586 2764 1650 2783 vero
1678 2764 1732 2782 non
1747 2764 1773 2783 ιιι

991 2804 1133 2833 nativitate
1152 2809 1211 2832 erat
1225 2805 1338 2832 omnino
1353 2804 1454 2832 Christi
1483 2802 1615 2830 dhinitas
1632 2811 1645 2829 ιι
1670 2802 1774 2837 princi~
