1960 3093
77 117 142 150 I725

77 177 252 213 μαρτυρεῖται
264 177 337 206 τάδε.
355 178 418 205 Ἀλλ
441 178 515 206 ἴσασι
542 181 590 207 καὶ
610 182 687 208 αὐτοὶ
710 181 758 208 νῦν
781 183 859 209 ἐκου-
876 184 898 211 Α

77 224 139 256 σίως
152 224 361 260 ἐπιλελησμένοι
375 225 430 252 τῶν
441 225 516 260 σφῶν
525 226 676 262 διορισμῶν
685 228 722 259 ὡς
731 228 862 260 πολλάκις

76 271 105 296 ὲκ
120 269 167 297 τοῦ
180 271 242 297 ὅλου
266 271 296 298 τὸ
320 271 404 306 μέρος
423 272 501 298 καλεί
515 273 533 308 ἡ
551 275 615 307 ἁγία
632 274 726 310 Γραφή
737 282 743 288 ·
764 274 802 306 ὡς
814 274 862 306 τὸ,

81 316 153 343 Ἐκεῖ
165 316 267 352 ἔθαψαν
275 317 400 352 Ἀδραάμ
408 318 454 344 ὀὗ
467 319 520 353 γὰρ
529 320 565 354 δὴ
573 321 620 347 καὶ
630 320 719 356 ψυχὴν
728 321 861 356 Ἀϐραὰμ,

77 361 140 389 ἀλλὰ
159 363 239 397 μόνον
249 363 279 388 τὸ
295 363 375 398 σῶμα
387 372 394 378 ·
407 364 471 390 τάδε
490 362 547 392 οὗνκ
558 366 652 400 σαφῶς
675 375 708 393 πε
714 367 739 402 pl.
751 367 798 394 τοῦ
815 368 863 395 ἀν-

78 407 210 442 θρωπίνου
236 409 354 443 Χριστοῦ
384 409 492 444 εἴρηται
506 418 514 425 ο
533 411 597 438 ἐπεὶ
614 412 672 444 πῶς
694 412 750 448 ἔχει
771 413 865 449 χώραν

77 454 138 488 περὶ
150 453 203 480 τοῦ
216 455 298 481 αὑτοῦ
317 455 443 489 λέγεσθαι
460 457 507 483 καὶ
520 458 553 484 τὸ
574 458 618 484 Ἐν
637 460 745 494 νεκροῖς
754 459 864 487 ἐλεύθε-

78 507 136 533 ρος;
157 499 216 531 πῶς
226 508 255 526 τε
272 500 297 527 εί
315 501 377 527 καθ’
399 502 471 537 ὑμᾶς
492 503 590 539 νεκρὸς
608 503 720 538 γέγονεν
739 505 865 540 ἀπαραλ-

76 545 191 577 λάκτως,
202 546 282 579 αὐτὸς
296 547 392 582 ἤγειρε
407 547 453 574 τὸν
465 548 565 575 ἑαυτοῦ
582 549 646 576 ναὸν
658 551 687 577 ὲν
701 551 790 586 τρισὶν
801 551 864 587 ἠμέ-

78 599 136 628 ραις
145 600 152 623 ;
166 592 180 618 δ
188 594 235 619 καὶ
244 593 351 628 σώματι
363 594 411 620 καὶ
417 593 490 630 ψυχῇ
500 593 539 626 ὥς
549 603 615 630 φασι
624 596 712 632 πάντη
725 596 864 632 ἄπρακτος

76 638 230 672 γενόμενος,
245 638 284 671 ὡς
298 639 352 670 πᾶς
368 639 512 675 ἄνθρωπος
525 641 594 676 μετὰ
607 641 722 669 θάνατον
735 651 742 658 ·
755 643 865 679 καὶγὰρ

76 683 134 709 οὐδὲ
147 683 198 718 τὴν
212 683 323 710 οίανοῦν
330 684 419 719 ψυχῆς
433 685 576 720 ἐνέργειαν
591 687 713 714 ἐδίδοσαν
730 688 802 723 μετὰ
816 688 865 716 θά-

76 737 154 755 νατον
166 729 331 764 ἀνθρώποις,
343 730 409 765 ἄχρι
423 730 474 765 τῆς
489 732 670 765 ἀναστάσεως
682 753 689 766 ,
708 735 737 760 ὲν
747 735 804 766 τοῖς
817 734 867 770 ἐμ-

77 774 193 808 προσθεν
205 774 296 801 αὐτῶν
316 776 443 811 ὲπιχειρή
449 785 525 811 μασι,
542 778 621 814 πόσῳ
633 787 665 812 γε
682 780 784 814 μᾶλλον
791 780 866 807 θείαν

77 820 192 854 πρᾶξινς
205 821 263 852 πῶς
273 821 301 848 δὲ
319 823 343 849 εὶ
361 823 441 854 αῡτδς
460 823 518 858 ἔχει
538 825 589 860 τὴν
605 824 729 857 ἐξουσίαν
749 825 795 852 τοῦ
816 827 866 861 τὴν

550 123 752 154 ADVERSUS
769 125 1045 156 NESTORIANOS.
1061 121 1178 158 -ιιυ,
1201 129 1232 159 ν.

1641 131 1710 162 172ῡ

912 187 1030 210 stantur.
1045 183 1097 211 Sed
1115 189 1219 212 norunt
1233 189 1260 212 et
1276 184 1328 220 ipsi
1342 192 1415 212 nunc
1428 185 1580 214 voluntarie
1592 187 1710 216 abscon-

914 228 970 256 dita
986 237 1082 256 eorum
1098 229 1303 262 deﬁnitionum,
1319 231 1392 266 quod
1412 238 1483 266 saepe
1497 239 1547 266 pro
1578 236 1636 260 toto
1644 241 1708 266 par-

914 277 969 300 tem
987 278 1065 301 vocat
1083 273 1224 308 Scriptura
1246 282 1324 302 sacra
1338 281 1369 302 ut
1389 275 1441 303 hoc
1458 284 1465 303 :
1481 276 1512 303 Hi
1542 277 1710 312 sepelierunt

914 318 1063 351 Abraham,
1076 324 1104 346 et
1119 323 1192 347 certe
1207 327 1262 347 non
1276 320 1395 348 animam
1411 321 1540 356 Abrahse,
1555 322 1602 350 sed
1619 324 1708 351 solum

914 370 1026 397 corpus.
1046 363 1119 390 ldem
1135 362 1219 398 igitur
1238 363 1380 398 sapienter
1403 365 1436 392 de
1461 365 1570 394 Christo
1597 366 1708 394 homine

915 407 1026 436 dicitur.
1044 408 1148 436 Deinde
1158 409 1297 444 quomodo
1310 409 1388 437 locus
1401 416 1473 438 esset
1485 411 1594 439 dicendi
1608 412 1641 440 de
1650 413 1707 440 illo:

918 453 1008 481 «Inter
1024 459 1149 482 mortuos
1160 454 1232 482 liber
1241 455 1266 482 ’2)
1281 459 1309 483 et
1319 456 1457 490 quomodo
1469 457 1492 483 si
1502 462 1627 485 mortuus
1638 459 1712 486 inter

915 508 966 527 nos
984 500 1117 528 inventus
1140 505 1182 528 est
1202 500 1262 528 sine
1281 501 1335 528 ulla
1360 501 1528 533 differentia,
1551 503 1608 538 ipse
1620 505 1710 531 susci-

916 545 985 573 tavit
998 545 1131 580 templum
1158 553 1237 573 suum
1255 545 1283 573 in
1299 546 1388 574 tribus
1405 545 1514 579 diebus,
1540 552 1568 574 et
1595 555 1710 582 corpore

916 595 944 618 et
961 594 1065 622 mente.
1083 595 1114 618 ut
1128 591 1237 624 dicunt,
1253 592 1366 619 omnino
1382 591 1561 627 impassibilis
1575 592 1710 626 factus,ut

919 637 1012 664 omnis
1028 637 1111 664 homo
1146 641 1207 672 post
1225 642 1358 671 mortem;
1385 646 1448 665 nam
1477 646 1543 665 vero
1560 646 1611 666 nec
1631 639 1711 666 talem

916 683 1015 710 animae
1027 686 1192 718 potestatem
1207 683 1344 711 dederunt
1363 688 1426 719 post
1451 690 1566 712 mortem
1591 684 1712 711 homini-

917 727 981 760 bus,
1009 728 1070 756 sine
1109 728 1343 761 resurrectione,,
1362 729 1389 756 in
1408 729 1466 757 suis
1492 729 1714 764 pmccdcntibus

917 773 1087 808 argumentis
1098 778 1202 809 quanto
1220 774 1306 810 magis
1334 774 1456 802 divinam
1473 774 1624 802 actionem?
1639 775 1713 807 Quo-

919 819 1013 852 modo,
1026 820 1048 847 si
1063 820 1121 855 ipse
1146 820 1230 848 habet
1246 825 1412 855 potestatem
1430 820 1569 857 propriam
1593 821 1712 848 animam

79 865 146 892 ίδίαν
161 865 251 901 ψυχὴν
266 866 352 893 θεῖναι
364 868 411 894 καὶ
424 868 572 896 ἀπολαϐεῖν
587 870 673 906 αὑτὴν
685 891 692 904 ,
712 871 774 898 καθ’
793 872 866 906 ἡμᾶς

920 865 1053 900 ponendi,
1066 870 1093 893 et
1121 865 1248 893 sumendi
1263 874 1334 899 eam,
1352 866 1425 894 inter
1440 875 1490 894 nos
1511 871 1638 894 mortuus
1654 867 1710 894 est?

77 910 170 944 γέγονε
183 912 281 947 νεκρός
292 921 300 944 ;
315 912 358 944 τίς
371 913 426 948 γὰρ
435 915 450 941 ὁ
463 915 593 951 τοιαύτης
607 916 658 943 οὐκ
670 917 748 949 ἀξίας
761 917 867 949 ἁπλῶς,

77 957 135 983 ἀλλ’
150 957 276 990 ἕξουσίας
291 978 298 989 ,
317 957 428 985 πώποτε
444 960 473 987 ὲν
497 960 654 996 ἀνθρώποις
677 962 803 996 γέγονεν;
827 963 867 989 ἔτι

79 1003 131 1037 μὴν
145 1004 169 1030 εἱ
184 1003 221 1039 μὴ
233 1003 299 1036 Θεὸς
314 1004 343 1030 ὲν
355 1005 475 1040 Χριστῷ,
493 1006 539 1032 καὶ
554 1007 626 1034 κατὰ
636 1007 684 1034 τὸν
695 1007 810 1035 θάνατον
821 1009 867 1035 καὶ

76 1049 196 1080 τὸπάθος
204 1050 251 1076 καὶ
260 1050 329 1077 κατὰ
340 1050 431 1084 λοιπὰ,
444 1052 545 1086 κόσμον
561 1052 651 1088 ἐαυτῷ
660 1053 866 1086 καταλλάσσων,

77 1095 114 1127 ὡς
128 1096 293 1131 γέγραπται,
309 1097 367 1129 πῶς
382 1098 396 1124 ὁ
405 1098 434 1124 ὲν
447 1100 538 1134 μορφῇ
551 1098 619 1126 Θεοῦ
632 1099 772 1136 ὑπάρχων,
787 1101 867 1133 αὐτὸς

77 1142 124 1167 καὶ
140 1141 189 1167 οὐκ
204 1141 320 1177 ἄλλος,ἢ
336 1142 369 1168 δι’
385 1142 465 1169 ἄλλου
480 1144 662 1170 ἐταπείνωσεν
674 1145 769 1171 ἑαυτὸν
787 1145 868 1180 μέχρι

78 1187 210 1220 θανάτου;
237 1188 284 1214 καὶ
314 1188 372 1220 πῶς
393 1188 441 1215 τὸν
468 1189 572 1224 Κύριον
593 1190 644 1224 τῆς
660 1190 739 1226 δόξης
761 1190 868 1226 ἀληθῶς

77 1233 270 1268 ὲσταύρωσανς
286 1235 333 1260 καὶ
349 1234 408 1266 πῶς
421 1234 530 1270 εἴρηται
545 1235 623 1266 τὸ,”0
636 1236 663 1262 δὲ
681 1237 747 1268 Θεὸς
763 1237 868 1264 καὶτὸν

78 1279 180 1314 Κύριον
195 1280 319 1315 ἐξήγειρε
333 1300 341 1312 ,
356 1281 402 1307 καὶ
415 1281 488 1316 ἡμᾶς
503 1281 595 1317 ἐγερεῖ
608 1282 652 1309 διὰ
667 1282 716 1316 τῆς
728 1283 868 1318 δυνὰμεως

77 1326 161 1352 αὐτοῦ
177 1325 223 1352 τοῦ
237 1326 396 1360 ὲγερθέντος
410 1327 645 1362 ὡμολογημένως;
665 1328 744 1364 δῆλον
764 1329 818 1365 γὰρ
831 1329 868 1362 ὼς

77 1370 239 1406 ἑξεγερτικὴ
261 1371 327 1397 οὖσα
351 1372 456 1407 νεκρῶν
487 1373 534 1399 καὶ¹
561 1373 662 1407 ἑτέρων
690 1375 823 1410 σωμάτων
849 1376 865 1410 ὴ

77 1416 193 1450 δύναμις
204 1417 251 1443 τοῦ
269 1417 384 1452 Κυρίου,
404 1417 495 1453 πολλῷ
510 1419 610 1453 μᾶλλον
633 1420 664 1445 τὸ
687 1420 752 1446 ἴδιον
773 1418 867 1456 ἠγειλρε

78 1462 160 1497 σῶμα
175 1459 197 1496 ᾧ
208 1463 296 1497 ἤνωτο
309 1463 370 1490 καθ’
386 1464 536 1491 ὑπόστασιν
551 1473 558 1480 ο
576 1466 801 1501 προσεχεστέρως
814 1467 867 1502 γὰρ

77 1509 229 1543 ὲνεργοῦσα
242 1510 322 1544 αὑτὴ,
347 1511 393 1536 καὶ
409 1511 458 1537 οὐκ
481 1511 547 1546 ἄλλη
571 1511 703 1543 ζωοποιδς
721 1513 866 1546 ἀναστήσει

76 1556 160 1582 αὑτό·
183 1556 242 1588 πῶς
261 1556 288 1582 δὲ
304 1556 386 1582 αὐτοῦ
403 1557 450 1583 τοῦ
470 1557 533 1583 ἰδίου
547 1557 614 1583 Υἱοῦ
641 1557 671 1584 οὐ
697 1557 863 1592 φείσασθαι,

75 1601 135 1628 ἀλλ’
152 1601 222 1637 ὑπὲρ
237 1602 316 1636 ἡμῶν
334 1603 442 1629 πάντων
466 1603 632 1638 παραδοῦναι
657 1603 736 1630 αὐτὸν
760 1604 866 1639 εἴρηται

75 1649 90 1674 ὁ
109 1649 221 1683 Πατήρ;
237 1649 260 1674 εί
273 1648 328 1682 γὰρ
344 1648 553 1683 ἀντιπρόσωπον
566 1649 683 1675 δέδωκεν
698 1670 704 1679 ,
719 1649 768 1675 οὐκ
782 1649 865 1680 ὄντως

75 1693 188 1728 εἴρηται
204 1693 265 1719 τάδε
279 1694 342 1728 περὶ
356 1694 405 1728 τῆς
430 1694 540 1728 ἀγάπης
555 1695 637 1721 αὑτοῦ
653 1693 704 1727 τῆς
718 1695 756 1726 είς
770 1695 843 1730 ἡμᾶς
857 1704 864 1710 σ

76 1739 165 1772 σαφὲς
181 1736 228 1766 οὖν
245 1740 282 1769 ὠς
298 1740 352 1766 ἀπὸ
365 1740 475 1774 μέρους,
488 1740 506 1775 ἥ
522 1748 551 1766 τε
568 1739 700 1771 ζωοποιῖα
727 1741 775 1766 καὶ
789 1741 805 1775 ή
826 1740 867 1766 νέ-

75 1793 193 1819 κρωσις,
209 1785 328 1819 ἑκατέρα
341 1785 450 1818 λέγεται
462 1786 527 1820 περὶ
537 1785 656 1820 Χριστοῦ
669 1794 675 1800 ·
692 1786 721 1812 οὐ
734 1785 787 1821 γὰρ
799 1785 869 1812 κατὰ

75 1830 126 1856 τοῦ
142 1830 204 1856 ὅλον
218 1830 348 1862 ὡσαύτως
369 1831 463 1866 ἄμφω,
489 1831 551 1857 ἐπεὶ
576 1832 612 1866 μὴ
638 1831 814 1864 συναληθεύει
833 1831 876 1858 τὰ·

878 1532 900 1562 C

75 1877 188 1904 ἐναντία
213 1878 322 1904 πώποτε
348 1879 412 1913 περὶ
435 1877 482 1904 τοῦ
507 1878 591 1904 αὑτοῦ
607 1886 614 1893 ·
630 1877 709 1912 εἴπερ
724 1877 769 1904 οὖν
785 1877 869 1909 ὁπως

76 1924 126 1950 τὸν
153 1924 253 1958 Κύριον
277 1924 325 1957 τῆς
350 1924 430 1957 δόξης
449 1923 625 1959 ἐσταύρωσαν
643 1924 668 1950 οἱ
685 1923 801 1958 Χριστὸν
824 1924 870 1950 ὲπὶ

77 1969 161 2001 ξύλου
177 1969 365 2004 κρεμάσαντες
380 1990 387 2001 ,
406 1969 485 2002 δῆλον
510 1969 548 2001 ὡς
563 1970 577 1995 ὁ
601 1969 684 2000 αὐτὸς
699 1970 731 1995 ὲκ
748 1968 797 2004 μὲν
824 1968 870 1994 τοῦ

77 2014 155 2040 θείω
169 2014 268 2047 Λόγου,
282 2014 312 2040 τὺ
333 2011 403 2040 εἶναι
430 2013 531 2048 Κύριος
550 2014 599 2048 τῆς
612 2013 690 2048 δόξης
707 2011 763 2048 εἶχε
776 2021 784 2029 ’
799 2013 828 2039 τὸ
844 2013 872 2039 δὲ

75 2061 190 2095 ἀληθῶς
206 2060 407 2095 σταυροῦσθαι,
431 2062 462 2087 ὲκ
476 2061 525 2095 τῆς
548 2059 720 2095 ἀνθρωπείας
744 2059 846 2094 σαρκός
863 2067 871 2074 ⁸

76 2106 163 2140 φύσει
176 2115 205 2132 τε
219 2106 272 2141 γάρ
289 2106 325 2137 ὡς
342 2107 405 2138 θεὸς
422 2106 595 2140 ὲποφείλεταί
608 2114 638 2132 τε
651 2106 700 2142 τὴν
716 2105 791 2142 παρὰ
804 2106 873 2131 πάν-

75 2161 136 2178 των
145 2151 223 2185 δόξαν
232 2159 238 2165 ’
253 2151 403 2184 ἐξουσιάζει
413 2161 442 2178 τε
454 2153 537 2187 αὐτῆς
547 2151 666 2183 δοξάζων
680 2150 727 2181 οὓς
739 2151 870 2186 βούλεται,

78 2197 164 2233 μόνος
181 2197 228 2223 καὶ
244 2197 323 2231 φύσει
338 2197 375 2229 ὡς
394 2197 538 2232 ἄνθρωπος
556 2197 650 2227 πάθος»
662 2197 818 2232 ὑπέμεινεν,

382 2243 509 2270 ΚΕΦΑΛ.
537 2243 576 2270 Γ’.

117 2287 151 2314 Τί
175 2286 236 2321 οὖν,
260 2288 361 2322 (msh;
386 2288 415 2314 οὐ
442 2289 650 2324 προφανέστατα
675 2289 783 2324 εἴρηται
808 2289 873 2324 περὶ

75 2334 213 2369 Χριστοῦ.
228 2335 266 2365 ὡς
284 2335 336 2361 ὑπὸ
353 2335 400 2361 τοῦ
417 2335 484 2361 Θεοῦ
500 2335 612 2370 ἀνέστη,
628 2336 675 2362 καὶ
689 2336 740 2363 οὐκ
751 2336 797 2370 ἀφ’
809 2337 871 2362 ἐαυν

76 2379 147 2412 τοῦι
162 2380 208 2405 καὶ
223 2380 264 2406 ὅτι
279 2380 323 2406 διὰ
334 2381 383 2414 τὴν
397 2380 449 2406 ὑπο
466 2380 510 2407 τοῦ
529 2381 605 2415 ἁγίου
623 2381 782 2416 Πνεὺματος
795 2391 870 2414 γενο-

77 2426 169 2462 μένην
190 2425 271 2451 αὐτοῦ
293 2427 441 2452 ἀνάστασιν
472 2427 503 2453 ὲκ
531 2429 655 2463 νεκρῶν,
684 2428 789 2463 ὡρίσθη
808 2429 870 2460 Υἱὸς

75 2470 170 2503 ωεοῧς
185 2470 243 2501 πῶς
256 2469 302 2497 οὖν
316 2471 451 2502 λέλεκται.
473 2472 502 2498 ὃν
520 2472 547 2498 δὲ
568 2473 581 2498 ὁ
596 2473 662 2504 Θεὸς
677 2474 804 2509 ἤγειρεν,
821 2474 871 2500 οὐκ

75 2515 138 2543 εἶδε
154 2516 323 2551 διαφθοράν;
342 2517 446 2543 καὶ-τοῦ
461 2517 614 2552 ὁρισθέντος
630 2519 699 2545 Υἱοῦ
709 2519 790 2552 Θεοῦ,
801 2520 871 2546 κατὰ

80 2561 200 2593 Πνεῦμα
217 2561 371 2596 ἁγιωσύνης
402 2563 432 2594 ἐξ
458 2564 633 2595 ἀναστάσεως
656 2565 778 2599 νεκρῶν.
799 2564 871 2592 Ἀλλ’

74 2607 241 2634 εἰπάτωσαν
252 2608 276 2634 oi
291 2608 462 2643 ὲρευιητικοὶ
478 2609 532 2635 τῶν
556 2609 684 2644 Γραφῶν,
699 2610 737 2642 ὡς
750 2611 852 2638 οἴονται
862 2632 869 2644 ,

75 2654 105 2678 εἰ
123 2653 154 2678 τὸ
168 2653 316 2687 ἀναστῆναι
330 2655 361 2680 ὲκ
377 2654 481 2688 νεκρῶν
493 2655 536 2681 διὰ
553 2655 600 2681 τοῦ
615 2655 689 2682 θείου
701 2657 870 2692 Πνεύματος.

76 2700 95 2725 ἐι
103 2697 178 2729 πλῶς
187 2699 265 2725 τοῦτο
275 2699 353 2728 δόξαν
367 2700 430 2726 Υἱοῦ
441 2700 509 2726 Θεοῦ
525 2703 751 2737 περιποιεῖταιτῷ
763 2703 872 2729 ἀνιστα-

79 2744 169 2779 μένῳ,
192 2745 249 2776 πῶς
265 2747 278 2772 ὁ
294 2746 351 2777 ιῖὶδς
372 2747 420 2780 τῆς
443 2748 530 2782 χήρας
547 2747 593 2773 ἐπὶ
616 2748 715 2780 Ἡλίου,
733 2750 779 2775 καὶ
794 2751 807 2775 ὁ
823 2750 872 2784 τῆς

75 2790 267 2824 Σωμανίτιδος
281 2792 326 2818 ἐπὶ
348 2792 494 2823 Ἐλισσλιε,
510 2794 676 2828 καὶΤειϐηοὰ
693 2795 738 2820 ἐπὶ
758 2796 871 2830 Πέτρου,

78 2836 133 2863 καὶ
155 2836 180 2862 οἱ
204 2835 291 2863 λοιπο.
317 2839 341 2863 οἱ
367 2839 529 2869 ἀναστάντες
550 2840 579 2864 ἐκ
596 2839 703 2874 ν;κρῶν
718 2860 724 2872 ,
751 2840 799 2875 οὐχ
817 2841 869 2867 υἱοὶ

919 910 986 944 Quis
997 911 1071 938 enim
1088 912 1151 939 talis
1165 919 1220 938 non
1234 911 1386 946 dignitatis,
1404 912 1426 938 si
1442 911 1590 946 implicitcr
1603 912 1650 939 sud
1664 919 1713 946 po—

919 956 1027 984 testatis
1038 964 1159 991 unquam
1176 956 1282 983 exstitit
1297 956 1368 983 inter
1379 956 1525 984 homines?
1535 957 1602 989 lmo,
1617 958 1638 984 si
1656 964 1710 984 non

919 1003 992 1030 Deus
1017 1002 1044 1029 in
1057 1002 1179 1035 Christo,
1197 1007 1226 1030 et
1241 1010 1291 1037 per
1306 1007 1422 1030 mortem
1442 1007 1470 1030 et
1498 1003 1653 1038 passionem
1684 1007 1711 1030 et

918 1052 1026 1079 caetera,
1044 1048 1178 1075 mundum
1191 1047 1244 1075 sibi
1266 1048 1463 1077 reconcilians,
1479 1047 1552 1074 sicut
1578 1047 1710 1082 scriptum

922 1098 975 1127 est,
992 1093 1133 1129 quomodo
1153 1094 1180 1121 in
1201 1093 1288 1121 forma
1313 1093 1361 1121 Dei
1376 1093 1513 1120 exsistens
1537 1093 1595 1128 ipse
1612 1098 1639 1120 et
1656 1101 1711 1120 non

919 1139 990 1167 alius
1004 1143 1052 1166 aut
1067 1147 1116 1174 per
1128 1139 1223 1172 alium,
1244 1138 1403 1166 humiliavit
1430 1139 1607 1174 semetipsum
1625 1147 1712 1174 usque

919 1185 952 1212 ad
965 1190 1082 1212 mortem
1093 1185 1105 1212 ?
1115 1189 1143 1212 et
1164 1184 1303 1219 quomodo
1311 1184 1457 1211 Dominum
1468 1185 1563 1220 gloria:
1573 1193 1635 1211 rcrc
1649 1193 1715 1212 cru-

919 1230 1089 1257 eiﬁxerunt?
1105 1235 1133 1257 et
1150 1229 1289 1264 quomodo
1313 1228 1415 1256 dicitur
1427 1229 1499 1256 hoc:
1516 1230 1588 1256 Deus
1618 1230 1715 1256 Dotniv

919 1285 984 1304 num
998 1276 1152 1308 suscitavit,
1166 1281 1193 1303 et
1208 1284 1259 1303 nos
1270 1275 1418 1304 suscitabit
1439 1284 1489 1311 per
1516 1276 1644 1303 virtulrxn
1672 1277 1712 1312 ip—

918 1323 976 1350 sius
992 1322 1146 1350 resuscitati
1173 1321 1313 1349 communi
1336 1329 1414 1349 voce.
1437 1322 1558 1349 Evidens
1574 1328 1616 1349 est
1630 1322 1713 1358 igitur

919 1368 993 1403 quod
1015 1368 1104 1395 virtus
1121 1367 1228 1395 Domini
1244 1368 1280 1394 sit
1297 1367 1484 1394 resnrrectivn
1502 1372 1673 1395 mortuorum
1685 1373 1712 1396 ct

918 1415 1036 1442 aliorum
1059 1421 1216 1448 corporum,
1233 1417 1336 1447 quanto
1350 1413 1436 1448 magis
1456 1414 1600 1448 proprium
1624 1423 1714 1442 resur-

920 1461 989 1488 rexit
1000 1467 1110 1494 corpus,
1124 1459 1168 1486 cui
1180 1459 1326 1486 uniebatur
1342 1459 1512 1495 hypuslatice
1521 1459 1644 1488 intimius
1656 1461 1712 1496 ipsa

918 1507 1007 1533 virtus
1017 1505 1213 1537 resurrccliva,
1232 1510 1259 1532 ct
1283 1513 1338 1532 non
1354 1506 1406 1532 alia
1418 1505 1560 1533 viviﬁcaris
1573 1507 1659 1534 virtus
1672 1516 1713 1535 re—

918 1557 1011 1586 surget
1024 1551 1099 1582 illud,
1116 1550 1255 1585 quomodo
1267 1550 1379 1585 proprio
1392 1549 1448 1577 ﬁlio
1464 1558 1514 1577 suo
1536 1558 1589 1577 non
1619 1559 1715 1585 pcpcr.

918 1597 1000 1630 cissr,
1015 1597 1063 1624 sed
1080 1605 1129 1631 pro
1143 1596 1224 1623 nobis
1235 1595 1364 1622 omnibus
1377 1595 1716 1623 illumtradidisscdicitur

918 1643 1011 1670 Pater?
1026 1643 1047 1669 si
1062 1651 1127 1670 vero
1143 1643 1258 1670 tradidit
1269 1640 1294 1667 in
1310 1643 1422 1675 faciem,
1437 1652 1494 1670 non
1521 1651 1585 1671 vere
1613 1643 1715 1671 dicitur

919 1689 946 1719 id
978 1690 1078 1718 fecisse
1103 1694 1217 1725 propter
1231 1690 1394 1717 eltarilalem
1415 1698 1492 1717 suam
1505 1690 1532 1716 in
1546 1698 1605 1721 nos.
1624 1690 1714 1717 mani-

918 1738 1020 1766 festum
1034 1743 1076 1764 est
1089 1745 1155 1771 ergo
1172 1736 1244 1771 quod
1263 1744 1295 1762 ex
1309 1741 1398 1770 parte.
1412 1735 1560 1762 \‘irilicatin
1570 1741 1598 1762 et
1619 1737 1715 1762 morti-

922 1783 1014 1811 ﬁcatio
1026 1783 1059 1810 de
1074 1782 1185 1810 Christo
1202 1782 1349 1814 dicuntur;
1368 1789 1422 1808 non
1435 1781 1508 1807 enim
1522 1782 1626 1816 integre
1636 1781 1714 1808 sitni-

922 1829 986 1857 liter
1007 1833 1154 1862 utrumque
1174 1827 1288 1860 dicitur,
1313 1835 1375 1854 cum
1399 1833 1540 1860 nunquam
1567 1827 1622 1853 sint
1636 1833 1714 1860 teque

922 1882 986 1902 vera
1014 1874 1151 1901 contraria
1164 1873 1198 1900 de
1218 1873 1276 1904 illo,
1294 1880 1355 1900 cum
1374 1872 1459 1906 igitur
1479 1879 1543 1899 vere
1566 1872 1719 1898 Dominum

922 1919 1016 1954 gloria:
1033 1918 1240 1948 cruciﬁxerunt,
1258 1918 1303 1952 qui
1319 1917 1460 1944 Christum
1475 1917 1502 1943 in
1514 1917 1588 1951 ligno
1602 1924 1718 1951 suspcn~

923 1963 1159 1995 derunt,evidens
1177 1967 1220 1990 est
1252 1962 1324 1997 quod
1343 1962 1414 1989 idem
1445 1970 1479 1989 ex
1504 1962 1599 1988 divino
1630 1961 1721 1988 verbo

924 2015 1025 2042 factum
1042 2019 1083 2042 est
1098 2014 1231 2041 Dominus
1248 2014 1353 2048 gloriae.
1378 2013 1460 2048 Atqui
1478 2022 1542 2040 vera
1572 2014 1719 2041 cruciﬁxit)

923 2067 967 2088 est
976 2062 1068 2088 carnis
1082 2060 1219 2091 humanm,
1234 2067 1295 2087 nam
1312 2059 1411 2087 divinze
1423 2063 1528 2086 natura:
1541 2060 1660 2086 debetur
1669 2068 1720 2086 su—

924 2114 973 2142 per
988 2107 1078 2133 omnia
1095 2106 1179 2141 gloria
1193 2114 1224 2132 ex
1253 2106 1296 2132 illa
1314 2110 1477 2140 potestatem
1505 2105 1611 2133 habens
1631 2105 1721 2140 glori-

925 2151 1024 2178 ﬁcandi
1040 2159 1109 2186 quos
1121 2151 1190 2182 vnit,
1207 2151 1284 2178 solus
1301 2158 1368 2178 vero
1382 2155 1412 2178 ut
1427 2151 1509 2177 homo
1520 2158 1569 2186 per
1586 2155 1721 2178 naturanv

890 2199 912 2227 D
926 2197 1060 2224 sustinuit
1080 2197 1246 2232 passionem.

1238 2241 1315 2268 CAP.
1333 2241 1377 2268 Ill.

957 2286 1113 2322 Quidergo,
1128 2286 1234 2318 dicunt,
1260 2294 1315 2314 non
1333 2285 1485 2315 clarissima
1511 2290 1576 2313 sunt
1599 2294 1660 2321 quae
1680 2286 1723 2314 de

921 2332 1032 2361 Christo
1046 2333 1185 2364 dicuntur,
1199 2332 1272 2367 quod
1292 2340 1307 2359 a
1321 2332 1377 2359 Deo
1392 2337 1534 2359 surrectus
1547 2331 1646 2359 fuisset
1660 2340 1721 2360 non.

922 2386 937 2405 a
949 2379 1060 2413 seipso?
1072 2383 1100 2406 et
1113 2377 1187 2413 quod
1203 2386 1251 2412 per
1263 2378 1454 2412 operationem
1467 2378 1591 2413 Spiritus
1622 2379 1717 2406 sancti

921 2424 1073 2451 surrexisse
1090 2431 1105 2450 a
1116 2423 1232 2450 mortuis
1242 2423 1446 2451 eteonstirotus
1460 2423 1546 2451 Filius
1557 2423 1603 2451 Dei
1617 2424 1629 2451 ?
1643 2424 1717 2457 Quo-

924 2469 1007 2497 modo
1023 2477 1089 2505 ergo
1116 2470 1221 2497 dictum
1238 2474 1294 2496 est:
1307 2469 1394 2502 Quem
1405 2469 1479 2496 Deus
1493 2470 1646 2504 suscitavit,
1659 2478 1721 2498 non

921 2515 992 2542 vidit
1008 2516 1213 2550 corruptionem
1227 2515 1239 2542 ?
1252 2519 1280 2543 et
1295 2515 1438 2543 constituti
1455 2515 1514 2542 Filii
1537 2516 1597 2548 Dei,
1614 2524 1723 2544 secuti--

924 2562 991 2589 dum
1007 2561 1145 2596 Spiritum
1178 2561 1405 2589 sanctiﬁcationis
1444 2570 1478 2589 ex
1511 2562 1715 2590 resurrectione

924 2611 1108 2639 mortuorum?
1122 2610 1175 2638 Sed
1185 2610 1282 2638 dicunt
1295 2612 1482 2646 exploratores
1493 2612 1712 2647 Scripturarum,

923 2661 954 2685 ut
968 2657 1118 2692 opinantur
1135 2666 1142 2684 :
1161 2656 1191 2685 Si
1204 2658 1373 2685 resurrectio
1383 2666 1416 2685 ex
1432 2659 1550 2685 mortuis
1568 2667 1616 2693 per
1626 2658 1714 2693 Spiri-

923 2708 979 2730 tum
996 2703 1055 2734 Dci,
1071 2702 1233 2737 simpliciter
1248 2703 1362 2737 gloriam
1374 2702 1435 2730 Filii
1452 2703 1499 2730 Dei
1514 2703 1611 2730 tribuit
1628 2702 1715 2729 susci-

926 2750 1006 2776 tanti.
1032 2749 1170 2782 quomodo
1197 2748 1266 2776 [ilius
1280 2749 1369 2775 vidum
1386 2749 1420 2775 ab
1438 2749 1510 2780 Elia,
1527 2752 1556 2775 et
1573 2749 1645 2775 tilius
1657 2748 1712 2775 Su-

923 2795 1066 2822 namitidis
1087 2795 1121 2821 ab
1146 2795 1235 2822 Eliseo
1251 2796 1431 2822 et’l‘habitaa
1457 2795 1548 2826 Petro,
1572 2799 1599 2821 et
1621 2795 1721 2821 (ueleti-

924 2841 1119 2868 rcsuscitantcs
1135 2849 1149 2868 ιι
1169 2841 1285 2868 mortuis
1322 2849 1377 2868 non
1404 2846 1468 2868 sunt
1493 2841 1634 2869 constituti
1664 2839 1710 2868 ηιῑί
