1960 3093
211 123 221 156 1
227 123 278 156 727

843 122 999 152 LEONTII
1020 121 1221 151 BYZANTlNl

1789 121 1847 153 7'28

209 181 268 209 Dei.
282 179 403 208 Evidens
418 183 458 207 est
489 178 562 214 quod
577 178 621 206 isti
643 186 691 214 per
708 181 872 213 potestatem
895 178 954 210 Dei,
971 181 999 204 et

1061 177 1116 204 9205
1134 177 1307 212 ὠρίσθησαν;
1324 177 1402 211 δῆλον
1423 177 1477 212 γὰρ
1495 177 1534 208 ὡς
1559 176 1605 203 καὶ
1629 175 1699 204 οὗτοι
1722 178 1847 212 δυνάμει

210 227 331 261 Spiritus
343 224 567 252 sanctiﬁcationis
583 224 609 250 in
638 223 868 249 resuscitantibus
884 230 913 249 se
930 229 997 256 ope-

210 270 296 297 rantis
306 272 496 297 surrexerunt.
510 267 577 294 Cum
594 275 648 293 non
663 267 699 293 sit
717 267 763 301 qui
782 266 843 293 vita:
856 271 884 293 et
901 267 999 293 mortis

211 318 372 350 potestatem
393 313 494 340 habeat
508 317 607 347 prmter
628 312 773 338 Dominum
797 312 843 346 qui
862 316 904 338 est
922 311 998 339 solus

210 364 309 388 natura
324 359 438 394 spiritus
452 359 605 388 viviﬁcans.
623 366 687 393 ergo
703 359 730 385 in
741 358 787 385 illo
802 359 859 386 solo
874 359 928 385 Deo
936 359 999 388 vita

210 406 339 440 erat,ipse
350 404 768 434 mortiﬁcatetviviﬁcat,0ccidit
780 409 807 431 ct
816 404 908 432 videre
920 404 996 435 facit.

216 451 328 478 deducit
344 451 377 478 ad
409 451 527 477 inferum
562 455 590 477 et
604 450 711 477 reducit
724 457 731 481 ς
746 449 860 477 evidens
878 450 998 484 scipsum

211 504 277 531 ergo
288 496 360 531 quod
378 504 425 530 per
439 496 576 530 propriam
596 496 842 528 resurrectionem,
857 496 1000 523 constituit

212 542 357 568 hominum
375 542 471 568 Filium
489 541 546 572 Dei,
562 549 622 569 non.
634 542 755 568 moriens
776 550 837 568 cum
864 546 939 576 parte
958 542 999 576 ip-

213 588 269 614 sius
287 588 416 618 humana,
439 587 501 614 ideo
516 588 589 614 Deus
605 587 766 614 immortalis
784 591 853 619 erat,
869 587 916 614 sed
934 595 1001 622 ope-

212 640 276 659 rans
292 640 325 659 ex
341 637 415 666 parte
430 633 540 666 prOpria
557 633 583 659 in
593 633 700 660 actione
712 631 815 664 divi'na,
826 632 1001 660 etviviﬁcans

213 681 316 711 partem
333 676 419 710 ipsius
441 681 589 704 mortuam.
608 677 641 704 Et
662 677 713 704 hoc
731 677 848 704 maxima
867 685 891 711 p:
903 685 930 704 rs
945 677 1002 704 vir-

212 723 279 750 tutis
307 723 366 754 Dei,
385 722 412 749 in
429 730 479 750 nos
522 722 667 750 credentes
697 723 849 750 secundum
862 723 1000 758 cucrgiam
1017 726 1024 735 ‘

211 768 384 795 aucturitatis
414 768 494 794 fortis
510 776 592 802 quam
618 768 746 795 adhibuit
760 768 787 795 in
799 768 919 801 Christo,
939 776 1002 796 sus-

212 814 299 841 citans
313 822 375 841 cum
403 822 418 841 a
434 814 560 841 mortuis.
595 814 687 841 lnfusa
718 818 809 841 autem
827 815 854 841 in
881 822 931 842 nos
953 822 1002 849 per

211 860 416 894 susceptionem
436 860 524 887 sancti
548 861 673 895 corporis
691 861 760 895 ejus,
774 860 894 888 viviﬁeat
918 861 1001 888 etiam

212 910 306 932 nostra
320 913 435 939 corpora
458 910 566 931 mortua
587 910 649 940 post
663 909 792 935 mortem,
818 913 868 940 per
893 905 1002 932 inhabi-

213 953 316 977 tantem
342 951 468 984 spiritum
493 951 539 977 Dei
557 950 582 976 in
608 950 698 977 nobis.
716 951 802 985 Igitur
828 951 1003 978 manifestum

213 997 254 1020 est
279 994 352 1028 quod
367 1002 420 1021 non
437 994 499 1021 ideo
513 994 676 1029 simpliciter
687 996 817 1027 surrexit,
836 995 1004 1031 gloriﬁcatus

213 1045 256 1067 est
278 1040 411 1067 Dominus
428 1039 512 1067 Filius
536 1040 595 1072 Dei,
613 1041 662 1068 sed
686 1040 750 1075 quia
773 1042 883 1076 propria
901 1042 1004 1070 virtute

215 1085 344 1116 surrexit,
369 1093 431 1112 cum
449 1090 574 1112 mortuos
599 1087 652 1121 jam
678 1087 790 1118 multos,
806 1091 834 1114 et
847 1087 915 1114 alios
941 1091 1004 1114 ante

214 1133 242 1156 et
256 1134 316 1164 post
330 1129 471 1157 Christum
484 1130 628 1158 suscitabit
642 1131 757 1165 spiritus
773 1131 1004 1160 sanctiﬁcationis

216 1176 244 1203 in
277 1176 379 1211 quibus
415 1184 470 1203 non
500 1177 753 1211 supereminentem
787 1179 1004 1213 magnitudinem

216 1224 276 1257 ejus
293 1223 452 1257 apparuisse
477 1227 506 1250 ut
521 1231 569 1258 per
586 1224 716 1250 virtutem
730 1224 820 1250 istam.
839 1224 900 1250 Non
920 1224 1004 1259 igitur

217 1269 276 1295 sine
293 1268 400 1295 ratione
413 1276 466 1295 nec
483 1276 532 1303 per
546 1268 743 1296 accidentalem
757 1268 884 1302 gloriam,
899 1276 951 1296 nec
973 1277 1007 1296 ex

217 1315 334 1348 quodam
359 1314 444 1341 verbo
472 1314 711 1342 circumstantium
733 1334 740 1346 ,
769 1314 937 1342 constitutus
963 1319 1004 1342 est

217 1358 306 1386 Filius
321 1358 520 1389 Dei:Cbristns,
532 1358 589 1392 jsed
615 1357 755 1392 propriam
767 1358 896 1385 virtutem
913 1358 940 1384 in
966 1366 1007 1385 re-

218 1403 391 1431 surrectione
405 1403 530 1438 corporis
545 1403 588 1431 sui
612 1403 763 1431 ostendens
778 1403 910 1431 virtutem
930 1411 1008 1431 suam

219 1451 340 1477 divinam
352 1449 423 1481 esse,
450 1455 478 1477 et
496 1458 545 1485 per
574 1449 706 1477 virtutem
728 1450 920 1482 substantiam,
945 1458 1008 1477 nam

220 1496 288 1523 ﬁnes
319 1495 387 1522 ﬁunt
409 1495 583 1523 deﬁnitiones
613 1503 706 1523 rerum
733 1496 945 1530 subjacentium,
975 1504 1008 1523 ex

220 1541 446 1568 substantialibus
468 1542 560 1569 verbis
574 1542 716 1576 excipiunt
734 1542 873 1576 sapientes
904 1546 932 1569 et
957 1543 1008 1569 hoe

220 1594 301 1614 omne
317 1595 372 1614 non
387 1587 468 1614 debet
484 1587 695 1615 laterevestram
713 1588 844 1615 rusticam
854 1588 1007 1616 scientiam.

223 1633 279 1659 lloc
299 1633 371 1660 idem
399 1633 603 1667 sapientissime
633 1634 733 1660 clamat
744 1633 884 1660 Christum
910 1633 1008 1660 Filium

222 1678 306 1706 David
333 1686 393 1706 esse
413 1678 512 1706 Filium
525 1679 584 1712 Dei,
597 1679 701 1706 ideirco
719 1687 754 1706 ex
776 1679 822 1706 illa
834 1679 934 1706 virtute
950 1681 1010 1714 ejus

223 1725 252 1759 iu
277 1725 499 1757 resurrectione,
523 1725 728 1752 demonstratur
759 1725 877 1752 similius
915 1725 960 1752 Dei
983 1726 1010 1752 in

223 1771 386 1800 substantia.
399 1770 427 1798 in
445 1770 498 1797 hoc
513 1771 619 1805 signum
638 1770 772 1798 habemus
797 1771 831 1797 de
845 1771 890 1797 illo
906 1775 936 1798 ut
962 1779 1008 1798 ve-

223 1817 324 1845 rissimi
340 1817 398 1844 Filii
410 1821 507 1843 natura
527 1816 573 1843 Dei
599 1821 626 1843 et
647 1815 743 1842 Patris.
771 1815 816 1842 Sic
832 1815 940 1850 agnitus
967 1820 1011 1843 est

223 1862 310 1891 Filius
331 1862 389 1892 Dei,
404 1861 553 1889 secundum
568 1861 695 1896 spiritum
713 1860 952 1894 sanctiﬁcationis,
977 1869 1010 1888 ex

224 1908 426 1935 resurrectione
437 1911 619 1934 mortuorum.

1018 846 1037 874 B

1022 1510 1043 1538 C.

539 2048 614 2076 CAP.
631 2049 676 2077 ιν.

261 2096 315 2124 Sed
342 2096 557 2130 qui‘apostnlum
580 2100 607 2122 et
632 2095 885 2130 archipontiﬁcem,
902 2095 1011 2131 inquit,

226 2142 288 2169 ﬁdei
303 2145 404 2168 nostrae
433 2149 487 2167 non
503 2140 699 2175 intelligeutes,
717 2140 788 2166 sicut
810 2139 911 2167 Paulus
934 2148 1012 2167 man-

226 2189 273 2215 dat
291 2187 381 2217 nobis.
413 2186 506 2213 dicite.
531 2187 645 2219 Qualem
674 2193 794 2220 unquam
815 2186 904 2213 nostis
920 2194 1011 2213 sacer-
1029 2185 1050 2212 D

226 2233 317 2259 dotem
329 2232 452 2267 ejusdem
477 2238 580 2258 natura:
595 2239 626 2259 ac
652 2232 790 2258 victimam
809 2231 819 2258 Τ
844 2232 885 2258 vel
907 2233 1016 2266 qualem

228 2277 381 2312 apostolum
394 2283 447 2302 non
463 2275 621 2302 inferiorem
641 2275 760 2302 mittenti
775 2275 858 2303 eum?
872 2276 918 2303 Vel
936 2276 1018 2311 igitur

229 2323 278 2358 qui
307 2327 349 2349 cst
366 2322 487 2348 V'crbum
509 2321 542 2348 de
572 2317 627 2356 quo
653 2321 712 2348 inec
738 2321 878 2353 dicuntur,
902 2330 936 2348 an
965 2321 1019 2349 erit

230 2368 344 2396 inferior
361 2372 466 2394 naturae
476 2371 504 2393 et
518 2366 616 2393 ordine
628 2367 693 2398 Deo,
710 2371 741 2393 ut
755 2366 865 2393 videtur
881 2367 968 2394 Ario?
990 2367 1018 2394 Si

188 2407 190 2409 ’
231 2413 274 2439 ille
293 2421 345 2439 non
372 2416 415 2438 est
434 2407 564 2442 Verbum,
579 2410 720 2445 oportebit
742 2411 861 2445 aliquem
878 2411 961 2438 alium
976 2419 1020 2438 su-

231 2467 279 2494 per
297 2458 413 2484 Verbum
427 2457 527 2491 ipsum,
545 2456 774 2492 presbyterumet
797 2456 943 2484 diaconum
971 2457 1019 2484 Dei

232 2505 371 2539 cognitum
397 2503 498 2530 virtute
526 2502 619 2529 Verbi.
636 2502 690 2529 Sed
713 2502 779 2537 quid
798 2503 931 2537 majorum
955 2504 1020 2538 reji-

232 2551 336 2578 cientes
350 2549 502 2576 divinitatis
514 2548 673 2581 verborum,
690 2553 717 2575 et
732 2548 912 2575 humiliorum
925 2549 1022 2576 huma-

231 2597 338 2629 nitatis,
351 2597 408 2623 haec
426 2597 515 2623 solum
536 2594 616 2622 nobis
631 2594 784 2629 producitis
795 2594 807 2621 ?
820 2594 874 2622 Nos
887 2602 952 2621 vero
977 2594 1021 2621 di-

233 2645 322 2672 (imus
337 2647 489 2670 creaturam
500 2649 560 2669 esse
574 2640 713 2668 Christum
727 2640 785 2672 Dei,
803 2641 1022 2674 quemnovimus

232 2698 292 2716 csse
319 2692 470 2715 creatorem
494 2687 628 2713 omnium.
645 2686 698 2713 Sed
710 2694 764 2713 non
777 2695 809 2713 ex
825 2686 865 2713 eis
878 2694 938 2720 quae
959 2691 1023 2714 sunt

235 2738 262 2763 in
284 2743 316 2761 (ιο
343 2733 530 2770 gloriﬁcamus
543 2738 617 2760 certe
646 2741 707 2767 quae
733 2738 797 2759 sunt
813 2741 876 2759 vere
898 2732 1021 2767 inaequa-

235 2780 354 2807 lia.Deu
381 2787 446 2806 vero
468 2779 572 2806 scimus
592 2783 620 2805 ct
641 2778 726 2805 Deum
748 2782 775 2805 et
801 2778 971 2805 sacerdotem
995 2783 1023 2805 ct

239 2822 377 2848 victimam
395 2830 453 2850 esse
473 2821 562 2857 ipsum
571 2821 722 2853 Christum,
743 2830 799 2848 non
815 2830 879 2848 vero
903 2822 966 2857 quia
981 2830 1022 2848 sa-

1049 223 1116 249 Θεοῦ
1142 224 1190 249 καὶ
1212 222 1257 249 διὰ
1273 222 1319 249 τοῦ
1336 222 1493 256 Πνεύματος
1513 222 1564 256 τῆς
1577 222 1731 257 ἁγιωσύνης
1747 224 1795 249 τοῦ
1814 226 1847 251 ἐν

1049 270 1103 300 τοῖς
1128 269 1312 303 ἀναστήσασιν
1339 269 1436 300 αὐτοὺς
1458 269 1634 302 ἐνεργοῦντος
1662 269 1821 303 ἀνέστησαν
1837 279 1844 285 ·

1049 314 1128 349 εἴπερ
1146 314 1183 348 μὴ
1200 313 1257 340 ἐστι
1274 314 1346 347 ζωῆς
1365 314 1412 339 καὶ
1426 313 1540 339 θανάτου
1555 313 1603 346 τὴν
1617 313 1742 344 ἐξουσίαν
1758 314 1844 348 ἔχων,

1050 358 1136 394 πάρεξ
1149 359 1195 385 τοῦ
1210 358 1324 393 Κυρίου,
1340 359 1369 389 ὃς
1384 359 1443 384 ἐστι
1453 358 1563 392 Πνεῦμα
1576 358 1606 384 τὸ
1617 359 1745 389 {mormsz
1760 358 1847 393 gaias:

1051 406 1131 440 μόνον
1148 405 1192 431 ὗν·
1215 404 1263 431 καὶ
1278 405 1330 440 γὰρ
1344 405 1372 430 ἐν
1388 404 1462 439 αὐτῷ
1479 404 1552 438 μόνῳ
1567 404 1606 438 τῷ
1621 404 1679 438 Θεῷ
1699 405 1756 438 ζωὴ
1785 403 1820 439 ἦν
1836 424 1845 435 ,

1050 451 1097 478 καὶ
1114 451 1193 481 αὐτὸς
1206 449 1316 476 θανατοῖ
1332 450 1380 476 καὶ
1395 450 1532 483 ζωογονεῖ,
1550 450 1705 476 ἀποκτείνει
1727 451 1776 476 καὶ
1791 450 1825 484 ζῇ
1836 459 1845 474 ι

1051 497 1131 528 ποιεῖ,
1146 496 1260 529 κατάγει
1277 497 1319 526 εἰς·
1331 495 1393 531 ᾆδον
1405 495 1453 521 καὶ
1462 495 1557 528 ἀνάγει
1570 503 1578 510 ο
1592 495 1670 529 δῆλον
1688 495 1734 521 οὖν
1747 495 1788 526 ὡς
1803 495 1846 529 τῷ

1051 542 1147 568 ἑαυτὸν
1158 541 1309 575 ἀναστῆσαι
1321 560 1328 571 ,
1346 540 1518 576 παρέστησεν
1535 540 1632 567 ἑαυτὸν
1649 541 1713 566 Υίον
1734 540 1807 566 Θεοῦ
1831 542 1848 566 ό

1051 587 1152 621 Κύριος
1165 595 1172 602 ·
1190 587 1226 622 μὴ
1246 586 1383 613 συνθανὼν
1396 586 1434 620 τῷ
1449 585 1613 621 ἀνθρωπίνῳ
1630 585 1713 612 αὑτοῦ
1735 585 1818 620 μέρει
1836 606 1845 617 ,

1050 632 1116 659 διότι
1127 633 1258 663 ἀθάνατος
1275 631 1340 663 Θεδς
1351 629 1395 666 ἦν,
1411 631 1468 657 ἀλλ’
1485 630 1603 666 ἐνεργῶν
1617 631 1669 657 ἀπο
1683 632 1782 665 μέρους
1795 631 1847 665 τὴν

1053 678 1125 710 ἰδίως
1137 678 1211 705 θείαν
1228 678 1379 712 ἐνέργειαν,
1395 677 1442 703 καὶ
1455 677 1595 709 ζωοποιῶν
1611 677 1642 702 τὸ
1657 676 1740 703 θανδν
1758 677 1846 703 αὑτοῦ

1054 723 1152 758 μέρος-
1170 724 1215 749 καὶ
1232 722 1308 748 τοῦτό
1321 723 1377 748 ἐστι
1401 722 1431 748 τὸ
1454 721 1622 756 ὑπερδάλλον
1650 722 1766 756 μέγεθος
1794 723 1848 756 τῆς

1052 768 1190 803 δυνάμεως
1207 768 1253 794 τοῦ
1270 767 1348 800 Θεοῦ,
1361 768 1401 799 εὶς
1416 768 1489 802 ἡμᾶς
1502 768 1566 799 τοὺς
1579 768 1758 799 πιστεύοντας
1773 768 1848 794 κατὰ

1051 814 1101 848 τὴν
1128 814 1269 848 ἐνέργειαν
1288 813 1337 839 τοῦ
1357 813 1474 847 κράτους
1498 814 1546 845 τῆς
1577 813 1668 848 ἰσχύος
1696 814 1793 846 αὑτοῦ,
1810 815 1848 848 ἣν

1053 860 1205 894 ἐνήργησεν
1217 861 1246 886 ὲν
1260 859 1297 894 τῷ
1312 859 1433 894 Χριστῷ,
1451 859 1560 894 ἐγείρας
1574 860 1655 886 αὐτὸν
1666 861 1697 886 ἐκ
1711 861 1822 894 νεκρῶν
1840 869 1848 874 -

1055 905 1207 940 ὲκδιὸομένη
1226 904 1280 940 γὰρ
1296 905 1343 931 καὶ
1360 906 1400 936 εὶς
1427 905 1501 940 ἡμᾶς
1524 905 1568 931 διὰ
1591 906 1640 940 τῆς
1666 906 1852 941 μεταλήψεως

1053 951 1101 977 τοῦ
1124 951 1202 984 ἁγίου
1230 950 1311 977 αὐτοῦ
1329 951 1465 985 σώματος,
1493 949 1622 982 ζωοποιεῖ
1638 951 1684 977 καὶ
1702 951 1738 978 τὰ
1760 951 1851 986 θνητὰ

1056 996 1170 1031 σώματα
1192 996 1269 1031 ἡμῶν
1294 996 1364 1031 μετὰ
1387 995 1518 1027 θάνατον,
1536 996 1580 1023 διὰ
1601 996 1648 1023 τοῦ
1673 997 1852 1029 ἐνοικοῦντος

1055 1042 1127 1069 θείου
1145 1041 1228 1068 αὑτοῦ
1250 1041 1406 1076 Πνεῦματος
1421 1043 1450 1068 ὲν
1465 1043 1530 1077 ἡμῖν
1546 1050 1552 1057 ·
1571 1042 1669 1068 οὐκοῦν
1697 1043 1783 1075 σαφὲς
1806 1043 1852 1069 δτι

1055 1087 1085 1113 οὐ
1096 1087 1164 1113 διότι
1172 1087 1271 1122 ἀνέστη
1287 1087 1390 1120 ἁπλῶς,
1408 1087 1538 1122 ἐδοξάσθη
1550 1088 1612 1119 Υἱὸς
1626 1087 1716 1114 Θεοῦὸ
1729 1087 1850 1123 Κύριος,

1055 1131 1112 1159 ἀλλ’
1129 1133 1169 1159 ὅτι
1197 1133 1250 1168 ἰδίᾳ
1267 1133 1397 1168 δυνάμει·
1422 1134 1481 1159 ἐπεὶ
1497 1134 1611 1168 νεκροὺς
1631 1134 1680 1169 ἤδη
1696 1133 1852 1165 πλείττους

1056 1178 1103 1204 καὶ
1122 1177 1218 1208 ἄλλους
1236 1177 1368 1213 πρότερον
1386 1179 1431 1204 καὶ
1448 1179 1517 1212 μετὰ
1532 1178 1650 1213 Χριστὸν
1663 1178 1800 1213 ἀνέστησε
1820 1179 1854 1204 τὸ

1057 1223 1169 1257 Πνεῦμα
1181 1224 1230 1258 τῆς
1248 1223 1415 1258 ἁγιωσύνης,
1430 1224 1458 1250 ἐν
1473 1220 1513 1255 οἷς
1532 1223 1562 1249 οὐ
1578 1223 1688 1256 λέγεται
1708 1224 1738 1250 τὸ
1762 1224 1855 1259 ὑπερ-

1057 1269 1153 1295 όάλλον
1172 1269 1284 1303 μέγεθος
1301 1269 1384 1295 αὐτοῦ
1396 1290 1402 1301 ,
1417 1269 1512 1304 ὥσπερ
1526 1269 1598 1295 κατὰ
1612 1269 1660 1303 τὴν
1679 1270 1757 1304 ἰσχὺν
1783 1269 1854 1296 ταὺ-

1057 1325 1117 1350 την,
1135 1316 1282 1350 ἐμφανίσαι
1294 1323 1301 1331 ·
1316 1316 1365 1342 οὑκ
1379 1315 1484 1349 ἀλόγως
1503 1314 1561 1345 οὖν,
1582 1315 1642 1341 οὐδὲ
1665 1315 1720 1340 ἀπὸ
1735 1315 1787 1349 τῆς
1803 1323 1856 1341 τυ-

1058 1362 1159 1397 χούσης
1171 1361 1260 1395 δόξης,
1274 1361 1334 1388 οὐδὲ
1348 1361 1401 1396 μὴν
1415 1362 1446 1388 ἐκ
1458 1361 1538 1394 λόγου
1555 1361 1629 1390 τινος
1644 1361 1697 1386 τῶν
1710 1360 1858 1394 συμσεεη-

1060 1409 1158 1439 κότων,
1173 1408 1277 1443 ὡρίσθη
1291 1408 1356 1437 Υἱὸς
1371 1407 1438 1434 Θεοῦ
1454 1407 1580 1442 Χριστος,
1600 1407 1658 1433 ἀλλ’
1671 1407 1702 1432 ὲκ
1713 1407 1764 1441 τῆς
1781 1410 1859 1432 κατὰ.

1059 1455 1109 1489 τὴν
1125 1454 1271 1481 ἀνάστασιν
1289 1453 1334 1480 τοῦ
1350 1454 1474 1488 σώματος
1492 1453 1573 1479 αὐτοῦ
1582 1452 1723 1487 ἐνεργείας
1735 1473 1742 1484 ,
1761 1461 1859 1487 παρα.-

1060 1501 1163 1535 στήσας
1177 1500 1261 1530 ὄντως
1275 1499 1351 1526 θείαν
1368 1499 1450 1526 αὐτοῦ
1478 1498 1548 1525 εἷναι
1564 1499 1613 1533 τὴν
1630 1498 1757 1533 δύναμιν,
1782 1500 1816 1525 ὲκ
1829 1499 1859 1525 δὲ

1061 1546 1111 1579 τῆς
1129 1546 1280 1580 δυνάμεως,
1294 1545 1342 1580 τὴν
1355 1545 1448 1571 οὐσίαν
1459 1553 1466 1560 ο
1476 1545 1501 1571 οἱ
1511 1545 1565 1580 γὰρ
1575 1545 1632 1579 ὅροι
1641 1544 1729 1570 εῐτουν
1743 1545 1860 1579 ὁρισμοὶ

1061 1591 1116 1618 τῶν
1143 1591 1330 1624 ὑποκειμένων
1359 1591 1553 1625 πραγμάτων,
1579 1590 1610 1616 ὲκ
1634 1588 1689 1616 τῶν
1716 1589 1861 1615 οὐσιωδᾶν

1062 1636 1245 1671 λαμϐάνονται
1257 1636 1355 1670 λόγων,
1370 1633 1392 1662 ὦ
1404 1636 1481 1670 σοφοὶ
1496 1635 1561 1670 παρ’
1576 1636 1682 1666 ἑαυτοῖς
1694 1643 1702 1650 ·
1719 1635 1767 1661 καὶ
1779 1635 1862 1661 τοῦ-μ)

1062 1683 1122 1709 ὅλον
1133 1682 1182 1708 οὑκ
1191 1682 1290 1716 ὤφειλε
1305 1682 1396 1708 λαϐεῖν
1407 1682 1456 1717 τὴν
1468 1680 1604 1716 ὑμετέραν
1619 1681 1714 1715 ἅμαθῆ
1733 1681 1863 1714 πολυμά-

1064 1728 1139 1754 θειαν
1150 1736 1157 1743 ·
1171 1728 1228 1754 τόδε
1244 1727 1289 1753 οὖν
1304 1727 1370 1753 αὐτὸ
1386 1728 1544 1761 σαφέστατα
1560 1726 1608 1761 βοᾷ
1626 1726 1670 1752 τὸν
1688 1726 1754 1752 Ti)»:
1775 1726 1865 1752 Δαδιᾶ

1064 1773 1181 1808 Χριστὸν
1194 1773 1239 1800 καὶ
1250 1772 1314 1798 Υἱὺν
1324 1771 1391 1798 Θεοῦ
1401 1770 1470 1798 εἶναι
1483 1781 1489 1786 ·
1504 1771 1571 1798 διότι
1582 1772 1611 1804 ἐξ
1626 1771 1712 1806 αὐτῆς
1721 1771 1774 1805 τῆς
1786 1780 1840 1797 κατ
1850 1781 1865 1796 x

1064 1818 1113 1852 τὴν
1125 1817 1274 1844 ἀνάπτασιν
1287 1816 1369 1844 αὑτοῦ
1383 1817 1525 1851 ἐνεργείας
1537 1837 1545 1849 ,
1561 1817 1653 1852 ὅμοιος
1671 1815 1732 1850 Θεῷ
1747 1817 1799 1850 τὴν
1817 1817 1867 1842 οὖ-

1066 1863 1126 1889 σίαν
1138 1863 1288 1890 δέδεικται·
1301 1863 1347 1889 καὶ
1361 1862 1440 1889 τοῦτο
1452 1863 1600 1897 τεκμήριον
1612 1863 1710 1896 ἔχομεν
1726 1863 1796 1896 περὶ
1811 1864 1864 1888 αἱπ-

1063 1909 1122 1940 τοῦ,
1134 1909 1171 1940 ὡς
1184 1909 1370 1944 γνησιωτάτου
1383 1909 1449 1935 Υίοῦ
1465 1909 1545 1942 φύσει
1567 1908 1614 1934 τοῦ
1630 1908 1698 1934 Θεοῦ
1722 1908 1772 1934 καὶ
1803 1909 1865 1935 ﬂ:-

1065 1956 1128 1990 τρό;
1143 1963 1150 1970 ·
1166 1954 1253 1986 οὕτως
1270 1953 1316 1981 οὖν
1331 1954 1437 1989 ὡρίσθη
1451 1955 1516 1986 Υἱὸς
1535 1955 1614 1987 Θεοῦ,
1642 1953 1714 1981 κατὰ
1744 1955 1866 1990 Πνεῦμα

1066 2000 1231 2036 ἁγιωσύνης,
1244 2000 1273 2031 ἐξ
1285 2000 1458 2031 ἀναστάσεως
1469 2000 1586 2036 νεκρῶν.

1369 2045 1495 2072 ΚΕΦΔᾹ.
1522 2048 1558 2073 A'.

1101 2092 1172 2119 Ἀλλ’
1188 2091 1212 2118 οἱ
1231 2091 1276 2118 τὸν
1299 2091 1447 2118 ἀπόστολον
1473 2091 1520 2117 καὶ
1543 2091 1693 2126 ἀρχιερέα,
1712 2092 1795 2124 φησι,
1818 2093 1869 2125 τῆς

1068 2137 1186 2168 πίστεως
1197 2136 1275 2172 ἡμῶν
1293 2136 1329 2171 μὴ
1345 2136 1541 2167 κατανοοῦντες
1552 2157 1559 2167 ,
1573 2135 1664 2167 καθὼς
1688 2136 1802 2167 Παῦλος
1826 2139 1869 2164 ὲν-

1065 2181 1186 2209 τέλλεται
1201 2182 1276 2216 ὑμῖν,
1292 2181 1400 2213 εἴπατε,
1416 2183 1496 2208 Ποῖον
1510 2183 1566 2208 ἴστε
1582 2182 1657 2216 ἱερέα
1670 2184 1817 2217 ταυτοφυῆ
1830 2185 1871 2218 τῷ

1070 2227 1268 2262 ἱερατευομένῳ
1291 2227 1376 2260 mre;
1399 2227 1488 2262 ἢτίνα
1508 2227 1656 2253 ἀπόστολον
1676 2228 1728 2262 οὐχ
1767 2229 1871 2255 ὑποτε-

1069 2274 1204 2308 ταγμένον
1220 2272 1259 2307 τῷ
1273 2273 1465 2299 ἀποστείλαντι
1477 2273 1558 2299 αὐτόν
1569 2281 1575 2305 ;
1588 2273 1604 2309 ἢ
1617 2271 1665 2299 οὖν
1677 2274 1692 2299 ὁ
1704 2274 1798 2308 Λόγος
1818 2275 1868 2303 ὣν.

1069 2320 1134 2355 περὶ
1147 2316 1177 2345 οὗ
1195 2319 1257 2345 τάδε
1278 2318 1398 2353 εἴρηται,
1415 2319 1495 2350 αὐτὸς
1509 2320 1598 2353 ἥττων
1621 2319 1680 2345 ἐστὶ
1706 2320 1791 2354 φύσει
1822 2322 1870 2347 καὶ

1070 2365 1144 2397 τάξει
1159 2364 1207 2391 τοῦ
1229 2363 1297 2390 Θεοῦ
1311 2383 1318 2395 ,
1340 2364 1379 2394 ὠς
1404 2364 1501 2398 Ἀρείῳ
1518 2364 1613 2397 δοκεϊ;
1639 2366 1663 2390 εί
1692 2365 1803 2398 ἐκεῖνος
1833 2367 1869 2400 μή

1070 2409 1154 2441 ἐστιν,
1167 2409 1260 2445 ἔτερόν
1274 2418 1335 2435 τινα
1351 2409 1424 2443 παρὰ
1434 2409 1479 2436 τον
1489 2410 1573 2443 Λόγον
1585 2410 1665 2436 αὐτὸν
1682 2408 1870 2446 εἷναιδεήσει,

1070 2455 1116 2482 τὸν
1129 2455 1286 2490 λειτουργόν
1299 2463 1328 2481 τε
1340 2455 1386 2481 καὶ
1402 2455 1524 2481 διάκονον
1538 2455 1607 2481 Θεοῦ
1619 2455 1771 2489 νοούμενον
1794 2459 1870 2491 ἐνερ-

1072 2501 1134 2536 γείᾳ
1147 2501 1195 2527 τοῦ
1212 2500 1311 2535 Λόγου.
1332 2500 1414 2527 Ἀλλὰ
1427 2501 1452 2527 τί
1462 2501 1494 2536 δὴ
1508 2501 1563 2527 τῶν
1585 2500 1718 2535 μειζόνων
1733 2503 1872 2536 ἀφέμενοι

1071 2547 1122 2582 τῆς
1137 2547 1264 2581 θεότητος
1285 2547 1392 2581 Λόγων,
1416 2547 1465 2574 καὶ
1487 2548 1542 2573 τῶν
1557 2547 1742 2582 πτωχοτέρων
1755 2550 1808 2582 τῆς
1824 2549 1870 2574 ἀμ

1072 2593 1256 2628 θρωπότητος,
1271 2592 1357 2619 ταῦτα
1374 2594 1440 2627 ἡμῖν
1455 2593 1533 2626 μόνον
1546 2592 1686 2628 παράγετε
1699 2601 1705 2624 ;
1719 2595 1807 2628 ἡμεῖς
1819 2595 1872 2628 γὲρ

1073 2641 1120 2667 καὶ
1136 2641 1240 2675 κτίσμα
1254 2640 1343 2674 φαμὲν
1359 2638 1429 2666 εἶναι
1444 2638 1511 2665 Θεοῦ
1531 2639 1576 2665 τὸν
1594 2640 1676 2665 αὐτόν
1696 2640 1835 2674 Χριστὸν,
1847 2641 1874 2666 δί

1075 2687 1122 2713 καὶ
1135 2687 1256 2720 Κτίστην
1271 2686 1517 2720 ἁπάντωνοῐδαμεν
1536 2695 1543 2701 ·
1568 2686 1625 2711 ἀλλ’
1640 2686 1692 2712 οὐκ
1708 2688 1744 2713 ἐκ
1760 2687 1810 2714 τοῦ
1828 2688 1875 2714 αὖ·

1073 2731 1121 2757 τοῦ
1135 2730 1190 2757 τῶν
1202 2732 1230 2757 ἐν
1244 2729 1319 2765 αὐτῷ
1332 2730 1365 2756 τὰ
1377 2730 1461 2760 ὅντως
1477 2730 1556 2756 ἄνισα
1569 2730 1732 2762 δοξάζοντες
1749 2731 1798 2766 δηλ
1805 2733 1856 2767 αδή
1868 2742 1874 2747 ·

1075 2776 1112 2810 τῷ
1131 2785 1171 2801 τοι
1189 2775 1253 2810 ἄρα,
1271 2776 1317 2802 καὶ
1337 2775 1403 2802 Θεὸν
1418 2777 1466 2802 καὶ
1483 2776 1559 2811 ἱερέα
1593 2776 1641 2801 καὶ
1657 2776 1750 2811 θῦμα,
1769 2779 1818 2804 τὶν
1836 2779 1878 2804 εὖ·

1078 2823 1120 2848 τῖιν
1136 2821 1203 2848 εἶναι
1219 2821 1297 2857 ἵεμεν
1310 2821 1444 2856 Χριστόν·
1460 2821 1496 2856 μὴ
1512 2821 1564 2855 γᾶρ
1578 2822 1619 2847 ὅτι
1636 2821 1734 2856 ἱερεὺς
1756 2823 1878 2859 λέγετιι,
