1960 3093
123 178 186 209 ῘῈΞἹ

595 178 791 208 ADVERSUS
808 178 1081 209 NESTORIANOS.
1093 191 1128 196 —
1140 179 1212 212 LIB.
1233 180 1266 210 γ.

1673 182 1739 214 1730

117 235 216 270 λάτρης
234 234 280 260 καὶ
297 233 455 268 λειτουργὸς
473 234 552 269 μόνον
569 235 634 269 ὑμῖν
648 234 772 261 ἐντεῦθεν
785 235 899 262 νοείσθω

955 233 1048 261 :erdos
1065 234 1179 266 dicitur,
1203 234 1333 261 adorator
1346 239 1374 262 et
1389 235 1561 263 sacriﬁcator
1583 237 1672 264 solum
1691 239 1739 267 Dei

118 281 194 312 Θεοῦ,
209 279 280 306 κατὰ
293 279 339 306 τὸν
354 279 400 306 ἐπὶ
414 280 512 311 παντὸς
526 280 620 315 ἱερέως
638 280 842 315 λαμῦανόμενον
856 281 898 307 λό-

113 334 161 358 γον
176 334 182 340 ·
204 325 260 352 ἀλλ’
271 326 311 352 ὅτι
326 324 373 351 τοῦ
391 325 473 351 αὑτοῦ
493 325 656 352 ’Λποστόλου
678 326 798 362 περὶτοῦ
816 326 897 353 αὑτοῦ

116 372 159 398 καὶ
174 370 254 398 πάλιν
262 370 386 404 λέγοντος
396 371 489 404 ἱερέως
503 370 634 397 ἀκούετε·
651 370 777 397 Τοιοῦτον
792 371 899 405 ἔχοντες

116 417 244 452 ἀρχιερέα
255 436 262 447 ,
285 416 314 447 ὃς
329 416 455 442 ἐκάθισεν
468 417 497 442 ὲν
508 416 583 451 δεξιᾷ
594 417 641 442 τοῦ
658 416 753 451 θρόνου
773 417 823 451 τῆς
850 426 898 451 με·

117 462 283 498 γαλωσύνης,
297 463 326 489 ὲν
338 463 393 493 τοῖς
407 462 587 496 ἐπουρανίοις.
599 462 668 488 Αὐτὸ
683 462 761 489 τοῦτο
773 463 787 489 ὃ
798 463 900 499 ὐπορή-

118 517 179 535 σατε
191 509 256 543 ἡμῖν
271 509 299 533 ὲν
313 508 420 538 ἑαυτοῖς
439 509 576 540 σκοπεῖτε,
595 508 636 534 ὃτι
652 508 701 534 οὐκ
716 508 789 535 ἐστιν
805 509 900 542 ἱερέως

117 554 144 580 τὸ
164 553 308 587 σύνθρονον
333 551 402 579 εἶναι
426 553 465 588 τῷ
489 553 687 589 ἱερατευομένῳ
709 553 756 579 καὶ
772 554 899 589 σύντιμον

117 599 161 626 καὶ
180 599 315 634 ὁμόδοξον,
327 599 396 625 ἀλλά
409 608 480 630 τινος
496 599 621 633 ίσοφυοῦς
635 600 682 625 καὶ
696 600 847 631 ίσοσθενοῦς
862 600 900 635 τῷ

117 645 212 679 ἐνδόξῳ
225 645 283 679 Θεῷ
300 655 308 661 ·
337 646 434 671 οὓκουν
451 645 505 680 ἄρα
530 645 567 676 ὡς
592 645 682 680 ἱερεὺς
701 645 899 679 συγκαθέςεται

117 690 174 725 Θεῷ
199 691 227 716 ἐν
251 691 374 726 οὐρανοῖς
393 691 407 716 ὁ
424 691 512 726 ἱερεὺς
529 691 576 717 τοῦ
597 691 664 717 Θεοῦ
686 691 831 726 γενόμενος
855 693 900 717 ἐπὶ

117 736 177 770 γῆς,
206 736 252 762 καὶ
272 738 322 770 τὴν
347 737 415 762 ίδίαν
436 737 525 771 σάρκα
539 737 720 771 ίερουργήσας
743 737 801 772 Θεῷ
815 757 822 769 ,
853 737 900 763 καὶ

116 781 259 814 ἀναγαγὼν
274 781 358 815 αὐτὴν
381 781 449 816 πρδς
469 781 545 812 Θεὸν,
565 781 621 807 ἀλλ’
645 782 682 813 ὡς
706 782 753 808 καὶ
775 782 840 813 Θεὸς
862 781 900 808 ὣν

117 826 224 861 ἀληθῶς
239 827 254 852 ὁ
267 826 360 857 αὑτός.

413 883 539 909 ΚΕΦΑΛ.
559 883 597 909 E'.

152 937 331 964 Βασανιστὲον
342 937 370 964 δὲ
385 937 432 964 καὶ
447 937 477 964 τὸ
501 937 626 972 ἀτρανῶς
651 937 701 972 μὲν
716 938 762 964 καὶ
775 937 901 972 ἀθάρσως

116 983 190 1017 ὅμως
214 984 242 1008 ὲν
262 983 382 1009 πλείοσιν
406 982 495 1009 αὐτῶν
521 982 745 1017 ἐπιχειρούμενον
758 990 765 997 ⁶
785 983 901 1009 δεδόσθω

116 1029 180 1062 γὰρ,
210 1028 294 1060 φασὶ,
317 1028 388 1054 κατὰ
415 1028 566 1062 συνδρομὴν
591 1027 660 1054 εἶναι
690 1028 751 1054 καθ’
767 1029 838 1063 ὑμᾶς
855 1028 901 1054 καὶ

117 1074 181 1104 Θεὸς
203 1075 216 1099 ὁ
228 1073 308 1105 αυτὸς
331 1074 447 1108 Χριστός
465 1082 472 1089 ·
487 1075 501 1100 ὁ
514 1074 542 1100 δὲ
560 1073 664 1109 Ἰησοῦς
678 1094 686 1106 ,
700 1074 726 1100 τί
740 1075 803 1108 ὑμῖν
830 1072 900 1100 εἶναι

116 1119 206 1151 δοκεϊ;
220 1119 249 1145 οὺ
261 1119 315 1154 γὰρ
326 1119 358 1154 δὴ
372 1119 419 1146 καὶ
436 1120 517 1146 αὐτὸν
532 1120 618 1153 Λόγον
632 1119 679 1145 καὶ
696 1120 783 1155 σάρκα
797 1121 882 1155 ἐρεῖτε
892 1128 899 1135 ·

119 1173 138 1190 5:
154 1166 208 1200 γὰρ
224 1165 269 1191 καὶ
287 1165 369 1196 αὐτὸς
385 1165 486 1199 ὁμοίως
510 1165 593 1199 Θεὸς,
618 1165 696 1200 δῆλον
710 1165 747 1196 ὡς
760 1166 810 1192 οὐκ
824 1165 867 1192 ἀεὶ
888 1166 902 1192 ό

117 1210 244 1244 Χριστὸς,
258 1211 321 1241 Θεός
337 1218 344 1225 ·
356 1210 400 1237 τὸν
414 1211 468 1245 γὰρ
488 1210 593 1245 Ἰησοῦν
612 1212 641 1237 ὃν
655 1219 723 1245 φατε
737 1211 803 1237 Θεὸν
816 1231 823 1243 ,
839 1211 901 1237 τοῦ·

116 1263 161 1281 τον
184 1256 230 1281 καὶ
252 1255 353 1290 Κύριον
372 1256 420 1281 καὶ
435 1256 551 1290 Χριστὸν
562 1256 576 1282 ὁ
592 1255 656 1287 Θεὸς
673 1256 796 1292 ἐποίησε,
809 1256 902 1289 σαφῶς

117 1303 224 1337 εῐρηται
241 1310 248 1317 ·
267 1302 315 1336 οὐχ
337 1301 351 1328 ὅ
377 1299 469 1336 ἧνοῦν
491 1302 504 1327 ὁ
536 1301 639 1337 Ἰησοῦς
664 1302 753 1328 εῐτουν
778 1302 878 1337 Κύριος
893 1321 901 1333 ,

118 1347 195 1373 τοῦτο
212 1347 308 1382 γέγονε
334 1347 456 1381 ποιηθεὶς
482 1347 599 1382 Χριστὸς
615 1347 662 1373 καὶ
678 1347 777 1382 Κύριος
793 1356 800 1364 ο
815 1348 904 1379 οὐδεὶς

117 1393 171 1428 γὰρ
189 1392 294 1426 γίνεται
317 1393 330 1418 ὃ
352 1393 425 1418 ἐστιν
441 1401 448 1407 ·
469 1393 523 1418 οὐδ’
540 1392 592 1428 ἄρα
607 1392 652 1418 οὖν
669 1392 733 1423 Θεὸς
747 1393 790 1419 ἀεί
804 1394 876 1419 ἐστιν
889 1393 903 1418 ὁ

125 1437 246 1471 Ἰησοῦς,
262 1437 324 1463 ἐπεὶ
352 1438 420 1472 μηδὲ
447 1437 548 1472 Κύριός
564 1439 653 1464 ἐστιν·
671 1439 694 1464 εἰ
710 1438 738 1464 δὲ
755 1439 769 1464 ὁ
783 1438 831 1473 μὲν
852 1439 904 1473 Ἰη-

120 1484 184 1514 σοῦς
196 1483 349 1518 ἄνθρωπος,
364 1483 377 1509 ὁ
393 1483 419 1509 δὲ
441 1484 558 1518 Χριστὸς
581 1484 647 1515 Θεδς
663 1484 727 1518 ὑμῖν
742 1486 840 1511 νοεῖται
855 1505 862 1516 ,
886 1484 903 1520 ἦ

121 1529 202 1564 μόνον
232 1529 298 1560 θεὸς
325 1528 401 1554 ἔσται
426 1528 520 1564 ὥσπερ
542 1529 556 1555 ὁ
591 1529 694 1563 Λόγος,
720 1530 797 1556 καὶὸ
819 1530 904 1564 Λόγος

955 279 1033 306 vobis
1050 280 1112 307 ideo
1141 285 1281 315 appareat,
1311 288 1373 307 nam
1394 281 1603 316 intelligendum
1623 284 1738 311 verbum

953 332 1035 360 supra
1055 333 1164 352 omnem
1182 327 1364 358 sacerdotem,
1375 327 1421 353 sed
1442 327 1560 361 apostoli
1577 329 1628 362 ipsi
1644 329 1678 356 dc
1690 338 1738 356 eo-

952 370 1015 397 dem
1041 375 1068 397 et
1084 370 1182 398 rurs'us
1194 371 1324 405 loquente
1348 372 1490 399 sacerdote
1513 373 1616 400 audite.
1644 374 1738 402 Talem

953 415 1087 442 habentes
1109 416 1266 450 pontiﬁcem
1291 417 1337 450 qui
1354 417 1432 443 sedet
1456 426 1472 444 a
1513 421 1618 447 dextris
1646 421 1737 448 throni

953 461 1151 496 magnitudinis
1167 462 1193 488 in
1204 462 1292 489 malis.
1311 462 1463 496 llocipsum
1477 465 1549 497 quod
1564 465 1694 500 eﬁ‘ugitis,
1711 467 1738 493 in

953 507 1158 542 vobismetipsis
1173 507 1275 540 videte,
1300 508 1373 542 quod
1386 516 1441 535 non
1457 513 1499 536 est
1513 511 1664 538 sacerdotis
1678 519 1738 539 esse

953 552 984 578 in.
1009 551 1109 578 throno
1134 560 1196 579 cum
1227 552 1282 579 Deo
1301 560 1369 584 suo,
1391 561 1441 580 nec
1467 554 1494 580 in
1514 554 1610 581 eodem
1635 556 1738 583 honore

953 600 981 622 et
1006 596 1102 623 eadem
1127 597 1224 631 gloria,
1249 597 1296 623 sed
1322 602 1364 624 est
1379 597 1502 632 ejusdem
1514 603 1619 626 naturae
1646 605 1673 627 et
1690 609 1738 635 po-

952 640 1046 667 tentia:
1072 648 1134 667 cum
1157 641 1279 676 glorioso
1296 642 1366 674 Deo;
1392 643 1475 677 igitur
1493 647 1523 670 ut
1545 644 1674 672 sacerdos
1693 653 1737 672 se-

954 685 1000 712 det
1012 693 1073 713 cum
1086 686 1142 713 Deo
1154 687 1181 713 in
1202 687 1280 714 ccelis
1300 687 1482 721 quisaccrdos
1494 689 1541 715 Dei
1557 689 1645 716 factus
1654 695 1696 717 cst
1711 691 1738 717 in

955 735 1037 763 terra,
1054 736 1083 758 et
1094 732 1234 766 propriam
1257 740 1368 760 carnem
1393 741 1475 768 quam
1492 734 1657 762 sacriﬁcavit
1683 736 1740 763 Deo

954 780 1097 811 postquam
1128 777 1282 804 introduxit
1298 778 1370 812 apud
1399 779 1496 812 Deum,
1529 780 1578 807 sed
1601 788 1662 807 cum
1694 781 1730 808 sit

953 822 1026 850 Deus
1042 830 1124 850 verus
1140 823 1208 857 ipse.

1271 877 1346 906 CAP.
1367 878 1398 905 V.

918 923 938 950 Β
953 933 1053 961 Stricte
1068 933 1151 961 etiam
1165 935 1377 962 examinandum
1389 942 1430 964 est
1438 942 1629 972 argumentum
1644 946 1740 966 eorum

952 978 1024 1013 quod
1045 979 1167 1013 plerique
1182 979 1301 1007 obscure
1316 981 1399 1008 simul
1422 986 1449 1008 et
1467 982 1618 1010 dubitative
1636 987 1738 1011 tcuent.

951 1023 1133 1056 Concedatur,
1147 1025 1235 1057 aiunt;
1252 1026 1405 1053 secundant
1431 1035 1480 1054 vos
1504 1035 1553 1062 per
1571 1030 1737 1055 concursum

951 1072 979 1094 et
994 1068 1080 1100 Deum,
1100 1070 1189 1103 ipsum
1205 1068 1357 1096 Christum.
1374 1070 1453 1097 .Icsus
1475 1077 1565 1097 autent
1581 1071 1646 1105 quid
1659 1071 1739 1098 vobis

952 1121 1011 1141 esse
1027 1114 1161 1141 videtur?
1178 1115 1237 1141 Non
1249 1115 1322 1142 enim
1337 1121 1410 1143 certe
1427 1122 1454 1143 et
1472 1117 1559 1151 ipsum
1577 1117 1694 1144 Verbum
1711 1123 1739 1145 et

952 1166 1061 1186 carnem
1072 1160 1179 1187 dicetis.
1196 1160 1223 1187 Si
1238 1161 1340 1187 etenim
1353 1166 1381 1188 et
1399 1162 1455 1196 ipse
1470 1163 1583 1196 puriter,
1596 1164 1667 1191 Deus
1679 1172 1738 1191 ma-

952 1202 1083 1230 nifestum
1096 1204 1228 1238 quodnon
1241 1212 1348 1239 semper
1364 1206 1557 1239 l'uitCltrisms,
1572 1207 1651 1234 Deus.
1673 1208 1739 1234 Nam

952 1249 1080 1277 eumdem
1097 1250 1189 1278 Jesum
1211 1259 1293 1286 quem
1317 1251 1408 1279 dicitis
1424 1253 1521 1285 Deum,
1552 1254 1624 1281 Deus
1644 1255 1741 1283 l‘ecitet

952 1295 1038 1322 Deum
1054 1300 1082 1322 et
1097 1296 1238 1324 Christum
1251 1306 1258 1330 ;
1271 1298 1321 1324 hoc
1332 1298 1405 1325 clare
1427 1299 1530 1325 dictum
1542 1305 1593 1326 est.
1610 1301 1742 1336 Nonergo

954 1342 1026 1376 quod
1037 1348 1097 1370 erat
1106 1343 1184 1370 Jesus
1197 1344 1255 1370 sive
1267 1344 1409 1376 Dominus,
1425 1344 1477 1372 hoc
1486 1346 1601 1372 cﬁectus
1611 1353 1652 1372 est
1663 1346 1742 1373 Chri-

954 1392 1013 1414 stus
1027 1396 1058 1415 ac
1072 1389 1204 1416 Dominus
1221 1390 1318 1417 factus.
1336 1391 1422 1417 Nemo
1440 1391 1513 1418 enim
1538 1391 1568 1418 ﬁt
1589 1392 1661 1426 quod
1675 1398 1718 1420 cst
1734 1413 1740 1419 .

953 1433 1013 1461 Non
1027 1442 1137 1468 semper
1166 1435 1249 1470 igitur
1272 1436 1344 1463 Dcus
1369 1437 1421 1464 fuit
1447 1437 1537 1470 .lcsus,
1556 1446 1618 1464 eum
1633 1446 1688 1465 non
1707 1440 1743 1466 sit

955 1479 1093 1506 Dominus.
1110 1480 1137 1506 Si
1160 1488 1281 1515 veroque
1313 1481 1393 1509 Jcsus
1417 1482 1499 1508 homo
1527 1483 1598 1509 idem
1616 1483 1745 1511 Christus

954 1523 1027 1550 Deus
1046 1524 1126 1550 vobis
1150 1529 1235 1551 notus
1250 1529 1293 1551 cst
1307 1546 1314 1557 ,
1327 1526 1370 1552 vel
1392 1527 1480 1553 solum
1493 1527 1565 1554 Deus
1578 1527 1631 1554 erit
1645 1533 1743 1562 utpote

119 1573 248 1609 Χριστὸς,
265 1573 311 1600 καὶ
329 1573 383 1610 πρὸ
399 1574 449 1608 τῆς
466 1573 631 1609 σαρκώσεως
645 1582 653 1589 ·
669 1575 685 1609 ἢ
705 1575 770 1606 Θεὸς
789 1576 836 1601 καὶ
857 1576 903 1602 ἄν-

956 1568 1117 1600 Vcrbum,et
1132 1569 1249 1596 Verbum
1259 1570 1386 1597 Christus
1398 1577 1426 1598 et
1441 1577 1504 1599 ante
1516 1573 1743 1608 incarnationem,

119 1621 228 1655 θρωπός
240 1628 281 1650 τις
295 1619 387 1655 ἕτερος
404 1619 480 1654 παρὰ
494 1619 539 1645 τὸν
561 1619 665 1654 Ἰησοῦν
683 1620 730 1646 καὶ
745 1620 849 1646 ἔσονται
860 1620 906 1646 δύο

120 1666 269 1700 ἄνθρωποι,
291 1666 359 1700 μετὰ
378 1667 428 1700 τὴν
441 1665 552 1699 ποίησιν
564 1666 611 1691 τοῦ
631 1665 718 1701 Ἰησοῦ
733 1666 773 1697 εἰς
792 1666 909 1701 Χριστὸν

120 1714 150 1737 εν
167 1711 241 1746 αὐτῷ
259 1711 418 1746 φαινόμενοι
433 1718 440 1725 ·
456 1708 515 1737 ὧνὸ
527 1711 576 1746 μὲν
591 1710 716 1742 σύνθετος
730 1711 779 1746 τὴν
791 1711 909 1737 ὑπόστα-

120 1766 174 1788 σιν,
194 1757 230 1788 ὥς
248 1765 316 1790 φατε
328 1765 335 1772 ’
349 1758 363 1782 ὀ
377 1756 530 1789 δὲἸῃσοῦς,
547 1757 657 1792 ποιητὸς
678 1757 795 1791 Χριστός
810 1764 817 1772 ⁸
837 1757 861 1782 εὶ
880 1757 909 1782 δὲ

121 1802 255 1837 Χριστὸς,
285 1801 351 1833 Θεὸς
376 1802 423 1828 καὶ
449 1802 591 1834 ἅνθρωπος
615 1802 698 1832 δντως
725 1804 848 1828 νοεῖται·
863 1803 909 1829 καὶ

119 1848 205 1879 οὕτως
220 1849 233 1874 ό
245 1847 352 1882 Ἰησοῦς
369 1847 515 1881 ἐπίκτητον
530 1847 726 1882 ἀνθρωπότητα
745 1846 844 1878 λαϐὼν.
862 1848 909 1874 καὶ

121 1893 238 1926 Θεότητα
251 1893 299 1926 τὴν
310 1891 430 1926 Χριστοῦ
444 1911 450 1923 ,
464 1893 539 1926 τρεῖς
557 1891 606 1925 μὲν
621 1891 782 1926 ἀνθρώπους
795 1911 803 1924 ,
818 1891 865 1918 δύο
880 1892 908 1918 δὲ

121 1937 201 1968 θεοὺς
217 1935 286 1963 εἶναι
306 1937 403 1963 ἑαυτὸν
418 1937 590 1971 ἐπιδείξηται
603 1935 720 1971 Χριστὸς
741 1937 886 1971 γενόμενος
899 1945 907 1953 ·

126 1995 141 2019 η
153 1984 192 2014 εἰς
209 1983 274 2009 Θεὸν
291 1983 337 2009 καὶ
358 1982 502 2017 ἄνθρωπον
520 1981 685 2017 μερισθῆναι
709 1983 723 2008 ό
736 1982 841 2017 Ἰησοῦς
864 1983 908 2009 λο-

121 2030 294 2064 γισθήσεται,
310 2029 438 2063 ποιηθεὶς
453 2028 581 2063 Χριστός.

157 2075 248 2110 Φαμὲν
263 2072 308 2101 οὖν
321 2075 369 2101 σὺν
384 2074 422 2109 τῷ
446 2073 564 2109 θεολόγῳ
579 2074 648 2108 πρὸς
667 2073 730 2100 τάδε
746 2074 792 2100 xui.
807 2075 888 2109 ἡμεῖς
898 2095 906 2107 ,

119 2123 163 2148 ὅτι
180 2121 234 2147 πᾶν
249 2120 358 2155 πνεῦμα
371 2120 385 2145 ὃ
399 2120 436 2155 μὴ
451 2119 577 2153 ὁμολογεῖ
590 2119 692 2153 Ἰησοῦν
707 2120 735 2145 ἐν
750 2121 831 2154 σαρκὶ
847 2119 907 2155 ἐλη-

121 2166 231 2198 λυθότα,
247 2166 296 2192 οὐκ
312 2165 384 2191 ἔστιν
405 2166 436 2191 ὲκ
460 2165 507 2190 τοῦ
532 2164 599 2190 Θεοῦ
611 2172 618 2179 ·
635 2165 659 2190 εἰ
676 2164 705 2190 δὲ
732 2165 782 2200 οὐχ
813 2165 907 2200 ἓτερον

120 2212 255 2248 κηρύσσει
268 2231 274 2244 ,
290 2203 335 2237 τόν
350 2220 379 2237 τε
394 2211 480 2244 Λόγον
498 2210 588 2245 σάρκα
608 2209 753 2244 γενόμενον
767 2229 774 2242 ,
793 2211 838 2236 καὶ
862 2210 906 2236 τὸν

959 1613 1001 1639 vel
1016 1613 1098 1645 Deus,
1119 1619 1147 1640 et
1158 1614 1240 1641 homo
1253 1615 1315 1650 quis
1329 1615 1399 1642 alius
1410 1624 1495 1651 prope
1505 1617 1609 1650 Jesum,
1622 1623 1649 1645 et
1663 1625 1744 1646 erunt

959 1658 1014 1686 duo
1036 1659 1171 1691 homines,
1188 1666 1351 1694 apparentes
1367 1661 1394 1688 in
1421 1663 1466 1689 illo
1486 1668 1548 1697 post
1563 1663 1755 1696 mutationem,

958 1703 1036 1730 Jcsus
1054 1704 1082 1730 in
1099 1704 1238 1730 Christum
1252 1713 1368 1739 quorum
1383 1708 1557 1741 componitur
1581 1709 1744 1744 hypostasis,

960 1753 990 1775 ut
1014 1749 1115 1782 dicitis,
1138 1750 1219 1777 Jesus
1236 1752 1323 1777 factus
1338 1751 1466 1779 Christus
1483 1753 1504 1780 si
1532 1762 1599 1781 vero
1618 1755 1744 1783 Christus
1761 1763 1766 1767 '

959 1794 1030 1821 Deus
1043 1800 1070 1822 et
1082 1796 1165 1822 homo
1179 1803 1244 1822 vero
1260 1797 1394 1823 noscitur.
1412 1798 1444 1824 Et
1466 1799 1488 1826 si
1500 1799 1580 1826 Jcsus
1601 1808 1744 1829 assumens

959 1840 1157 1867 humanitatem
1178 1841 1294 1867 alienam
1306 1862 1313 1873 ,
1325 1846 1353 1868 et
1368 1843 1541 1870 divinitatem
1557 1845 1672 1879 Christi,
1688 1851 1745 1874 tres

959 1886 1084 1913 homines
1095 1890 1196 1913 essent.
1222 1887 1347 1914 Christus
1378 1888 1466 1915 factus
1484 1892 1609 1917 ostendet
1619 1892 1743 1926 seipsqu

959 1939 1020 1958 esse
1033 1931 1106 1958 duos
1121 1933 1197 1964 deos,
1213 1933 1254 1959 vel
1272 1932 1350 1959 Jcsus
1362 1936 1596 1968 argumentatione
1610 1936 1638 1963 in
1655 1936 1742 1964 Deum

958 1983 986 2005 et
997 1979 1136 2006 hominem
1153 1979 1298 2014 partietur,
1313 1981 1404 2007 Iactus
1415 1980 1556 2008 Christus.

994 2072 1116 2099 Dicimus
1124 2079 1189 2099 vero
1207 2079 1269 2099 cum
1286 2072 1414 2107 theologo
1426 2073 1460 2100 de
1477 2074 1548 2107 istis,
1565 2074 1637 2109 quod
1651 2075 1741 2103 omnis

957 2119 1070 2152 spiritus
1081 2118 1127 2152 qui
1138 2125 1192 2144 non
1201 2118 1348 2145 conﬁtetur
1360 2119 1387 2145 in
1394 2126 1508 2146 carnem
1516 2120 1608 2147 Jesum
1621 2121 1739 2155 venisse,

957 2168 1065 2191 nonest
1080 2172 1095 2191 a
1111 2164 1227 2196 Deo,sed
1242 2165 1264 2192 si
1280 2165 1349 2191 nihil
1360 2164 1434 2191 aliud
1445 2166 1554 2192 nuntiat
1564 2166 1616 2193 nisi
1627 2166 1740 2194 verbum

957 2218 1066 2238 carnem
1074 2211 1174 2238 factum
1181 2211 1306 2238 etJesum
1318 2211 1346 2238 in
1356 2219 1439 2239 carne
1450 2213 1567 2244 venisse,
1579 2213 1692 2241 evidens
1698 2219 1741 2242 est

120 2259 226 2295 Ἰησοῦν
240 2261 268 2286 ὲν
281 2260 362 2294 σαρκὶ
372 2259 530 2294 ἐληλυθότα,
545 2258 625 2293 δῆλον
636 2258 674 2289 ὼς
681 2259 727 2284 τὸν
742 2259 822 2284 αὐτὸν
835 2256 903 2285 οἶδεν

958 2257 1030 2292 quod
1039 2258 1115 2284 novit
1124 2258 1211 2292 ipsum
1219 2259 1311 2286 .lesum
1319 2258 1347 2285 in
1354 2258 1462 2286 Christo
1470 2259 1643 2294 etChristum
1651 2261 1741 2295 ipsum

118 2305 225 2341 Ἰησοῦν
239 2305 277 2340 τῷ
291 2304 411 2340 Χριστῷ,
422 2305 468 2331 καὶ
480 2303 596 2339 Χριστὸν
612 2303 657 2329 τὸν
672 2303 752 2329 αὑτὸν
761 2303 798 2338 τῷ
809 2304 889 2338 Λόγῳ
899 2311 905 2317 ·

120 2352 240 2387 Χριστός
253 2359 286 2377 τε
301 2351 355 2386 γὰρ
371 2352 421 2376 οὐκ
440 2349 552 2376 ἄλλοθεν
573 2350 693 2383 λέγεται,
711 2349 727 2384 ἢ
743 2349 788 2375 διὰ
809 2350 839 2375 τὸ
859 2358 906 2375 κε-

120 2397 242 2433 χρίσθαι,
273 2398 319 2426 καὶ
345 2395 500 2422 πιαίνεσθαι
524 2397 556 2430 τῇ
575 2395 684 2429 θεότητι
712 2395 759 2421 τοῦ
785 2393 904 2429 Λόγουή

120 2445 209 2480 σάρξ·
227 2445 275 2470 καί
290 2443 412 2478 Ἰησοῦς,
431 2443 445 2469 ὃ
468 2443 526 2468 ἐστι
561 2442 674 2477 Σωτὴρ,
702 2442 750 2476 οὐχ
773 2442 905 2476 ἑτέρωθεν

120 2490 263 2524 κέκληται,
279 2489 295 2523 ἢ
309 2489 353 2515 διὰ
368 2489 397 2514 τὸ
413 2489 546 2522 σωτήριον
562 2488 633 2521 ἔχειν
647 2488 766 2521 φυσικὴν
781 2486 904 2521 δύναμιν·

118 2533 207 2564 diu»;
223 2533 277 2567 γὰρ
292 2531 374 2558 αὑτοῦ
391 2532 436 2558 καὶ
453 2532 466 2557 ό
481 2531 595 2564 ἅγγελος
604 2531 653 2566 τὴν
665 2532 825 2566 φερώνυμον
838 2531 904 2565 κλῆ-

120 2587 164 2606 ειν
174 2579 328 2613 ἐξηγήσατο
338 2578 426 2611 λέγων
434 2584 440 2591 ”
449 2587 457 2602 ε
470 2577 524 2603 Καὶ
536 2577 677 2603 καλέσουσι
687 2577 717 2603 τὸ
729 2577 814 2612 ὄνομα
825 2577 905 2603 αὑτοῦ

119 2624 237 2659 Ἰησοῦν
255 2623 336 2654 αὐτὸς
358 2623 412 2657 γὰρ
437 2622 518 2648 σώσει
540 2622 584 2648 τὸν
603 2622 667 2648 λαὸν
682 2622 764 2648 αὑτοῦ
782 2623 835 2648 ἀπὺ
853 2622 906 2648 τῶν

118 2669 263 2704 ἁμαρτιῶν
275 2668 373 2695 αὐτῶν.
392 2677 400 2692 ι
432 2667 461 2693 '0
473 2667 518 2693 οὖν
535 2667 603 2701 ἔχων
619 2666 742 2701 δύναμιν,
769 2667 800 2693 οὐ
825 2667 904 2701 μόνον

118 2715 168 2742 τοῦ
186 2716 223 2750 μὴ
243 2715 419 2750 ἁμαρτάνειν,
434 2713 501 2739 ἀλλὰ
511 2715 557 2740 καὶ
570 2713 730 2748 λυτροῦσθαι
745 2713 800 2739 τῶν
814 2713 904 2747 ἁμαρ-

117 2762 197 2793 τιῶν,
213 2761 255 2792 τίς
270 2761 302 2787 ἂν
322 2760 364 2794 εἴη
382 2761 430 2794 τὴν
447 2760 538 2794 φύσιν,
554 2761 577 2785 εἰ
599 2760 636 2795 μὴ
653 2761 736 2792 Θεό;;
754 2759 837 2785 Τοῦτο
849 2760 902 2794 γὰρ

122 2806 303 2834 λὺδὲἹουὸαῖοι
315 2805 464 2841 ἠγνόησαν,
474 2806 597 2837 εἰπόντες
615 2806 654 2832 ὅτι
671 2805 778 2836 ιΟὖδεὶς
790 2804 902 2831 δύναται

159 2880 177 2893 ιιι
192 2874 248 2901 Luc
271 2881 297 2904 v,
312 2873 356 2900 2|.

956 2303 985 2330 in
1000 2303 1098 2330 Verbo.
1113 2304 1180 2331 Nam
1205 2304 1333 2331 Christus
1355 2303 1410 2332 non
1421 2305 1533 2332 aliunde
1546 2306 1659 2338 dicitur,
1673 2307 1726 2334 nisi

957 2349 1019 2382 quia
1031 2357 1094 2376 caro
1101 2350 1183 2377 Verbi
1193 2355 1275 2377 uncta
1285 2350 1334 2377 fuit
1346 2356 1375 2377 ut
1382 2355 1461 2378 aucta
1470 2351 1653 2384 divinitate,et
1660 2351 1741 2379 Jesus

955 2396 1001 2429 qui
1017 2399 1059 2422 cst
1072 2396 1207 2428 Salvator,
1221 2404 1275 2423 non
1288 2396 1399 2423 aliunde
1419 2397 1586 2429 nominatur,
1611 2398 1664 2424 nisi
1675 2399 1740 2432 quia

956 2446 1068 2476 propter
1091 2443 1206 2469 salutem
1225 2442 1308 2469 habet
1318 2443 1449 2470 virtutem
1467 2443 1618 2478 physicam.
1634 2444 1680 2471 Sic
1693 2452 1741 2471 an-

955 2487 1032 2522 gelus
1043 2488 1103 2521 ejus
1118 2488 1212 2515 docuit
1227 2489 1299 2516 hanc
1311 2489 1563 2516 denominationem
1579 2490 1740 2525 signiﬁcati-

955 2542 1093 2567 vatnesse,
1105 2535 1224 2568 dicens,«
1235 2536 1388 2570 Etivocabis
1396 2544 1497 2564 nomen
1509 2537 1740 2572 ejusJesum,ipse

955 2580 1029 2606 enim
1047 2581 1151 2607 salvum
1165 2581 1261 2608 faciet"
1273 2582 1404 2616 populum
1429 2589 1508 2608 suum
1523 2589 1537 2608 a
1559 2583 1678 2616 peccatis
1693 2590 1739 2608 eo-

943 2633 1027 2651 trum.
1039 2635 1048 2650 ι
1061 2626 1111 2658 Qui
1121 2633 1188 2661 ergo
1201 2627 1284 2653 habet
1299 2627 1428 2654 virtutem
1441 2635 1494 2654 non
1509 2628 1597 2655 solum
1610 2635 1662 2654 nou
1676 2634 1739 2661 pec-

957 2671 1048 2701 candi,
1063 2671 1110 2698 sed
1127 2672 1262 2699 liberandi
1278 2680 1293 2699 a
1317 2673 1448 2706 peccatis,
1462 2683 1464 2685 ’
1476 2673 1565 2707 qualis
1576 2673 1628 2700 erit
1639 2677 1739 2700 natura

956 2714 1008 2741 nisi
1023 2715 1115 2741 Deus?
1135 2716 1192 2742 Hoc
1212 2717 1285 2743 enim
1298 2716 1384 2744 Judaei
1396 2721 1592 2752 cognoverunt,
1605 2715 1738 2749 dicentes,

956 2761 1029 2795 quod
1054 2770 1063 2786 ‹
1080 2761 1166 2788 Nemo
1178 2767 1268 2796 potest
1292 2764 1435 2790 remittere
1448 2766 1558 2797 peccata
1587 2762 1638 2788 nisi
1664 2762 1739 2789 solus

955 2805 1028 2832 Deus
1047 2810 1080 2831 π’»
1097 2810 1125 2832 et
1141 2806 1220 2834 Jesus
1235 2812 1359 2840 vocatur,
1373 2807 1468 2842 utipse
1482 2807 1552 2834 Deus
1563 2813 1622 2833 csse
1637 2806 1740 2837 dicens:
