1960 3093
139 179 206 212 1733

609 175 806 207 ADVERSUS
825 174 1099 206 NESTORIANUS.
1112 188 1144 193 -
1157 175 1231 206 LIB.
1250 176 1284 206 ν.

1696 179 1763 212 1734

135 234 183 261 καὶ
196 231 277 268 ὁμοίᾳ
294 229 423 265 κοινωνίᾳ
445 229 513 265 φησι
528 228 559 255 τδ
580 228 670 263 λόγιον
697 227 924 262 κεκοινωνηκέναι

979 231 1174 259 communione
1184 231 1402 267 dicitScriplura
1414 233 1576 269 participem
1591 242 1651 263 esse
1665 235 1763 267 lilium.

135 279 181 306 τὸν
198 278 271 310 Υῑδν,
285 277 369 313 ἠγουν
392 275 509 311 αἷμα-τος
532 274 581 302 καὶ
608 274 719 310 σαρκός·
749 273 780 300 οὐ
799 273 852 309 μὴν
879 273 927 300 καὶ

135 325 180 352 τὸν
202 323 409 358 κοινωνήσαντα
438 321 525 348 τοῖσδε
540 321 608 348 καθ’
623 321 697 356 ἡμᾶς
710 339 717 352 ,
742 319 835 354 ὅμοιον
862 319 927 353 ἡμῖν

134 371 217 406 φησιν
232 369 334 401 ἁπλῶς·
350 368 420 395 ὥστε
432 367 460 400 ἐξ
471 367 564 402 ὁμοίου
579 367 626 395 καὶ
639 365 768 400 ἀνομοίου
782 365 846 399 ἡμῖν
855 364 927 390 ἐκεῖ·

131 425 178 448 νος
195 416 347 450 σύγκειται·
364 415 422 446 πῶς
436 414 482 442 οὖν
498 413 578 449 μόνον
602 412 662 440 καθ’
678 411 752 447 ἡμᾶς
778 410 854 437 ἔσται
877 409 926 436 ἄν-

136 463 243 499 θρωπος
260 470 268 495 ;

431 505 553 533 ΚΕΦΑΔ.
569 504 608 532 θ’.

170 554 202 580 Et
216 554 229 580 ὁ
247 553 342 588 Πατὴρ
359 552 423 579 north
446 552 495 587 μὲν
509 550 557 577 τοῦ
573 549 641 576 Θεοῦ
660 549 746 583 Λόγου
765 547 847 583 μόνου
868 547 925 573 Πα-

134 601 197 635 τὴρ,
213 598 278 625 ποτὲ
292 599 320 625 δὲ
338 598 382 625 καὶ
391 597 485 632 Πατὴρ
494 597 543 623 καὶ
555 596 631 627 Θεὸς,
645 595 662 631 ἢ
674 594 728 630 ἄρα
740 594 779 625 εἰς
791 593 822 619 τὸ
833 591 925 627 μεῖζον

135 645 288 681 προέκοψεν
301 645 315 670 ὁ
335 644 440 679 Πατὴρ,
455 644 472 678 ἢ
491 643 531 674 εἰς
559 641 589 669 τὸ
605 642 715 668 ἔλαττον
740 639 925 674 κατεῦιὸάσθη

134 691 232 721 ὸΥῐός.
260 689 340 716 Ἀλλὰ
356 689 448 724 Πατὴρ
474 688 524 723 μὲν
547 687 594 714 τοῦ
609 687 725 721 ἀοράτου
752 685 839 718 Λόγου
871 684 923 716 ἀεὶ,

135 737 200 768 Θεὸς
224 736 253 763 δὲ
281 737 365 770 μόνης
389 735 438 769 τῆς
463 733 604 770 ὀρωμένης
630 731 732 767 σαρκὸς
760 730 808 757 τοῦ
837 730 924 764 Λόγου

134 783 216 809 ἔστιν.

446 825 570 852 ΚΕΦΑΔ.
585 824 612 850 l'.

169 873 200 900 EI
217 873 284 907 ὁμοῦ
298 871 366 904 Θεὸς
389 871 437 898 καὶ
454 871 596 905 ἄνθρωπος
620 869 633 895 ὁ
659 867 792 903 Χριστὸς,
813 866 860 892 καὶ
874 864 924 891 οὐχ

978 276 1083 303 scilicet
1098 278 1190 304 carnis
1206 282 1235 304 et
1247 278 1398 312 sanguinis.
1420 286 1476 306 non
1492 287 1558 307 vero
1573 281 1619 315 qui
1636 289 1759 309 commu-

977 321 1071 349 nicant
1088 322 1122 350 de
1140 322 1182 350 his
1202 323 1274 350 inter
1301 331 1352 351 nos
1368 324 1435 351 dicit
1457 325 1621 360 simpliciter
1644 328 1764 356 similtm

977 367 1067 400 nobis,
1081 368 1118 395 ita
1131 373 1160 395 ut
1176 369 1221 396 ille
1235 370 1367 397 consistat.
1383 378 1416 397 ex
1435 372 1517 399 simili
1532 378 1560 400 et
1571 373 1699 402 dissimili
1714 383 1765 403 no-

959 411 1042 440 bis:
1070 413 1210 446 quomodo
1236 421 1302 448 ergo
1330 414 1502 443 solummodo
1530 418 1603 445 inter
1631 427 1682 447 nos
1710 421 1765 448 erit

978 457 1081 486 homo?

1299 503 1374 531 CAP.
1395 504 1442 532 IX.

1011 547 1039 575 Si
1063 548 1144 575 Pater
1161 549 1311 584 aliquando
1327 550 1378 577 fuit
1397 551 1476 578 Pater
1493 551 1541 580 Dei
1569 553 1651 582 Verbi
1665 555 1762 588 solius,

976 593 1125 628 aliquando
1140 599 1232 622 autem
1250 601 1278 622 et
1306 596 1385 623 Pater
1398 600 1425 624 et
1442 597 1523 630 Deus,
1539 607 1604 626 sane
1622 600 1649 626 in
1664 601 1764 629 melius

975 640 1111 674 processit
1138 640 1228 672 Pater,
1249 641 1312 668 ctiu
1345 643 1422 677 pejus
1443 643 1586 672 descendit
1608 646 1689 673 (ilius.
1709 646 1763 674 Sed

976 682 1057 710 Pater
1073 688 1117 711 est
1138 692 1247 719 semper
1263 685 1410 714 invisibilis
1424 688 1506 716 Verbi
1520 698 1527 723 ;
1543 690 1616 718 Deus
1636 686 1702 719 vero
1717 700 1762 719 so-

975 727 1031 755 lius
1042 728 1163 756 visibilis
1178 731 1271 758 carnis
1289 731 1381 759 Verbi.

1301 817 1375 846 CAP.
1396 819 1430 847 Χ.

1011 859 1039 887 Si
1049 860 1130 888 simul
1144 861 1216 889 Deus
1226 867 1254 890 et
1267 863 1349 892 homo
1362 864 1500 899 Christus,
1518 872 1546 894 et
1562 876 1616 895 non
1633 873 1675 896 est
1688 870 1761 898 Deus

128 918 207 944 ἐστιν
218 900 309 948 ὁιϐεδς
323 900 390 948 eis;
406 915 452 943 τοῦ
465 900 609 950 ἀνέρὼπου
622 933 630 945 ,
645 900 776 947 δῆλονὸτι
790 912 840 937 οὐκ
853 910 922 937 εἰσὶν

976 904 1093 932 hominis
1105 905 1189 940 Deus,
1205 908 1321 936 evidens
1335 914 1378 937 est
1393 911 1465 945 quod
1488 920 1542 939 non
1573 913 1629 940 sint
1643 914 1716 941 inter
1731 923 1761 943 se

133 964 258 999 ἀλλήλοις
270 964 338 997 ὅπερ
357 962 491 995 λέγονται·
509 959 633 986 τουτέστι
650 957 710 984 οὔτε
737 957 803 988 Θεὸς
820 956 858 992 τῷ
873 956 922 983 ἁν-

129 1009 235 1045 -Ορώπῳ
250 1011 263 1036 ὁ
282 1010 359 1040 Θεὸς,
374 1007 437 1034 οὗτε
459 1006 602 1041 ἄνθρωπος
614 1005 653 1039 τῷ
665 1004 723 1039 Θεῷ
737 1005 751 1031 ὀ
767 1003 921 1038 ἄνθρωπος.

138 1053 210 1079 Ἀλλ’
225 1053 253 1079 αι
271 1052 320 1086 μὲν
332 1053 362 1078 ἐν
375 1051 471 1086 Κυρίῳ
491 1050 596 1084 φύσεις,
613 1049 700 1080 οὕτως
731 1048 821 1083 έχουσι
853 1047 923 1082 πρὸς

126 1098 249 1133 ,ἀλλήλας
264 1097 516 1131 ἀντεξεταζόμεναι·
545 1095 647 1122 τούτων
665 1094 751 1129 γὰρὴ
773 1093 822 1129 μὲν
841 1093 925 1120 ὲθέω-

129 1154 162 1171 σε
185 1143 306 1178 δηλονότι
318 1143 355 1174 ὡς
368 1142 437 1174 θεία,
456 1142 472 1176 ἡ
486 1142 514 1168 δὲ
528 1140 631 1175 ἐθεώϐη
648 1139 869 1175 ὡμολογημένως
884 1138 922 1169 ὼς

134 1190 171 1224 μὴ
191 1188 270 1223 φύσει
292 1187 352 1224 θείᾳ
379 1187 473 1215 mum-
499 1187 616 1221 Χριστὸς
642 1185 670 1212 δὲ
697 1185 789 1217 αὐτὸς,
807 1185 891 1219 ἤγουν
905 1184 922 1219 ή

130 1235 248 1270 ξυνωρὶς
265 1234 316 1268 τῆς
330 1233 456 1268 θεότητος
469 1233 517 1258 καὶ
526 1231 745 1267 ἀνθρωπότητος,
755 1229 816 1257 οὔτε
828 1229 922 1260 ἁπλῶς

130 1280 196 1311 Θεὲς
227 1277 372 1313 ἀνθρώπου
398 1278 445 1304 καὶ
476 1278 535 1303 ὅλου
564 1275 673 1308 ἑαυτοῦ,
690 1274 752 1302 οὔτε
780 1275 924 1309 ἄνθρωπος

129 1324 197 1350 Θεοῦ
208 1325 253 1351 καὶ
269 1323 366 1352 ἑαυτοῦ
384 1322 458 1350 κατὰ
472 1322 522 1356 τὴν
538 1321 696 1347 ὑπόστασιν·
709 1320 770 1347 ἀλλ’
781 1319 839 1354 ἅμα
852 1319 924 1350 Θεός

131 1377 160 1395 τε
180 1369 225 1395 καὶ
245 1367 387 1402 ἄνθρωπος
401 1368 414 1393 ὁ
429 1367 519 1398 αὐτὸς·
548 1367 617 1401 πρό;
644 1374 674 1392 τε
698 1364 769 1391 -Θεδν
783 1364 923 1398 διαφέρων

129 1417 163 1450 τῇ
179 1413 319 1442 ὲτιενδύσει
335 1412 382 1440 τοῦ
402 1412 583 1449 ἀνθρωπίνου,
606 1413 652 1439 καὶ
681 1411 749 1446 πρὸς
765 1409 926 1445 ἀνίιρώπους

130 1460 238 1487 διοίσων
251 1460 284 1494 τῇ
303 1459 439 1494 ἐνοικήσει
464 1458 510 1484 τοῦ
534 1457 623 1486 Θείου.

415 1515 542 1542 ΚΕΦΑΛ.
557 1516 609 1542 IA'.

167 1561 330 1596 Λειτουργδν
355 1561 409 1587 τῶν
435 1560 521 1594 ἁγίων
539 1561 584 1586 τὸν
611 1559 729 1595 Χριστὸν
760 1559 889 1594 ὀνομάζει
907 1559 959 1603 ἠδ

130 1607 317 1642 ἁγίανΓραφή·
336 1607 382 1633 καὶ
401 1606 454 1637 πᾶς
469 1606 635 1640 λειτουργὸς,
650 1605 696 1631 τοῦ
709 1605 776 1631 Θεοῦ
792 1605 923 1640 δηλονότι,

131 1653 171 1688 τῷ
187 1652 247 1686 Θεῷ
269 1651 351 1678 αὺτοῦ
365 1651 529 1686 λειτουργεῖ·
545 1651 592 1677 καὶ
606 1651 631 1676 εὶ
645 1650 678 1677 τὰ
691 1650 737 1676 τοῦ
758 1650 841 1685 νόμου
860 1651 924 1677 σκιὰ

130 1697 166 1734 ἦν
180 1697 234 1724 τῶν
247 1697 277 1723 ὲν
293 1698 325 1732 τῇ
343 1689 444 1732 χάριτι,
459 1696 488 1721 ὲν
511 1695 540 1721 δὲ
564 1696 598 1731 τῇ
619 1696 684 1730 σκιᾷ
702 1693 778 1730 εἶχεν
793 1696 807 1721 ὁ
841 1696 924 1730 νόμος

131 1742 386 1778 >ειτουργὸν,δῆ.λον
399 1741 440 1767 ὅτι
458 1740 505 1767 καὶ
523 1741 552 1766 ὲν
565 1742 598 1775 τῇ
618 1740 710 1775 χάριτι
722 1741 780 1774 ἔχει
802 1740 925 1775 λειτουρ-

131 1791 190 1823 γὸν.
214 1789 292 1815 Ἐπεὶ
310 1787 356 1815 οὖν
376 1787 424 1813 καὶ
439 1786 513 1820 θῦμα
533 1783 604 1820 εἶχεν
621 1786 638 1820 ἡ
655 1786 728 1817 σκιὰ,
742 1786 791 1812 καὶ⁸
805 1785 927 1820 λειτουρ-

130 1835 182 1868 γοῦ
211 1831 364 1867 δντοςιτοῦ
390 1831 508 1866 Χριστοῦ
535 1830 572 1862 ὡς
588 1830 731 1865 ἀνθρώπου
759 1830 821 1857 καθ’
841 1830 924 1865 ὑμᾶς,

131 1881 184 1907 ποῦ
198 1879 333 1914 ζητοῦμεν
362 1878 408 1904 καὶ
423 1877 454 1903 τὸ
465 1876 538 1911 θῦμα
552 1876 602 1910 τῆς
629 1877 709 1908 σκιᾶς
725 1884 733 1909 ;
749 1876 775 1902 ει
789 1877 924 1912 νοήσομεν

129 1927 180 1953 οὖν
193 1925 223 1952 τὸ
240 1922 417 1950 ἀποστολικὸν
436 1921 477 1948 ὅτι
490 1920 534 1948 διὰ
560 1921 718 1955 Πνεῦματος
733 1920 811 1954 ἁγίου
826 1920 923 1948 ἑαυτὸν

128 1974 247 2006 ἄμωμον
259 1969 428 2005 προσήνεγκε
445 1967 484 2003 τῷ
494 1967 564 2001 Θεῷ,
587 1966 748 2001 γνωσόμεθα
771 1965 810 1997 di;-
820 1967 834 1992 ό
843 1965 923 1997 αὑτός

129 2026 163 2044 τε
179 2017 226 2043 καὶ
251 2013 373 2048 ἐφάπαξ
387 2013 417 2040 οὐ
436 2013 490 2047 γὰρ
506 2012 552 2038 καὶ
568 2011 707 2043 πολλάκις,
722 2011 769 2037 καὶ
776 2007 816 2042 εἷς
830 2011 878 2037 καὶ
891 2010 922 2037 οὐ

129 2062 243 2092 πλείους
273 2058 419 2095 ἱερατεὺων
441 2058 520 2088 ἐστὶ,
537 2056 694 2092 λειτουργὸς
717 2063 748 2082 τε
772 2055 851 2088 Θεοῦ,
875 2056 921 2082 καὶ

128 2108 206 2142 θῦμα
225 2106 285 2141 Θεῷ
312 2105 412 2140 ὁμοίως
425 2113 455 2131 τε
478 2103 527 2129 καὶ
540 2102 606 2133 Θεὸ;
631 2101 882 2137 λειτουργούμενος·
896 2101 922 2127 ει

126 2156 188 2191 γὰρ
209 2154 253 2181 διὰ
281 2153 440 2187 Πνεύματος
467 2150 547 2185 ἁγίου
581 2149 799 2185 προσφερόμενος
824 2148 920 2175 ἑαυτὸν

127 2201 325 2236 προσενεγκεῖν
352 2199 460 2232 λέγεται
472 2217 479 2229 ,
495 2196 543 2223 καὶ
557 2195 613 2222 οὐδ’
625 2196 719 2230 ἑτέρου
737 2194 919 2230 προσενεχοῆο

972 954 1002 978 ut
1018 951 1159 979 dicuntur.
1183 953 1211 980 Id
1239 958 1282 981 est
1307 955 1379 982 Deus
1391 964 1445 983 non
1474 962 1516 984 est
1543 959 1617 986 Deus
1643 960 1759 994 homini,

971 1003 1023 1023 nec
1035 996 1119 1024 homo
1134 998 1190 1025 Deo
1202 999 1284 1026 homo
1299 1004 1404 1029 naturae
1423 1010 1483 1037 quae
1506 1008 1570 1031 sunt
1585 1005 1611 1032 in
1631 1006 1758 1039 Domino,

972 1043 1012 1069 sic
1027 1042 1099 1070 inter
1112 1051 1142 1071 se
1152 1050 1318 1080 pugnarent.
1335 1047 1407 1075 inter
1425 1057 1485 1083 qua-
1503 1050 1588 1078 Deum
1604 1051 1678 1084 facit,
1693 1061 1759 1081 sane

973 1093 1003 1115 ut
1017 1088 1119 1122 divina,
1133 1098 1195 1125 qua:
1216 1091 1309 1119 divina
1325 1093 1394 1121 facta
1418 1099 1462 1122 est
1492 1096 1551 1123 sine
1573 1097 1657 1125 dubio
1680 1100 1759 1134 quasi

973 1143 1027 1162 non
1043 1136 1208 1164 naturaliter
1225 1137 1319 1165 divina
1339 1146 1374 1166 ex
1390 1141 1514 1175 antiquo.
1533 1142 1659 1171 Christus
1687 1145 1758 1179 ipse,

973 1179 1000 1207 id
1019 1185 1061 1208 est
1084 1181 1150 1208 unio
1167 1181 1321 1210 divinitatis
1337 1188 1365 1210 et
1389 1184 1583 1219 humanitatis,
1615 1195 1666 1215 nec
1691 1189 1758 1216 sim-

973 1225 1082 1259 pliciter
1096 1227 1167 1253 Deus
1179 1227 1336 1255 bominiset
1364 1230 1406 1256 sui
1424 1231 1520 1264 totius,
1542 1240 1593 1259 nec
1615 1233 1698 1261 homo
1711 1234 1759 1262 Dei

973 1274 1001 1297 et
1013 1271 1054 1297 sui
1068 1272 1220 1299 secundum
1236 1273 1410 1308 hypostasin,
1424 1276 1471 1303 sed
1487 1278 1568 1304 simul
1582 1279 1653 1306 Deus
1666 1285 1694 1307 et
1710 1280 1760 1308 ho-

973 1322 1019 1342 mo
1034 1314 1090 1349 ipse
1105 1323 1120 1342 a
1139 1316 1195 1343 Deo
1209 1317 1341 1345 ditTerens
1356 1319 1496 1348 induendo
1508 1321 1717 1357 humanitatem,
1730 1331 1761 1354 et

974 1360 1100 1389 homines
1117 1370 1252 1397 superans
1274 1365 1464 1400 participando
1481 1366 1630 1396 divinitati.

1298 1507 1374 1535 CAP.
1395 1508 1442 1536 XI.

1012 1550 1186 1578 Sacerdotem
1203 1555 1359 1579 sanctorum
1371 1552 1511 1580 Christum
1527 1559 1606 1582 vocat
1619 1555 1763 1591 Scriptura

977 1605 1063 1629 sacra,
1090 1601 1118 1624 et
1144 1599 1233 1624 omnis
1249 1599 1388 1632 sacerdos,
1418 1599 1466 1626 Dei
1487 1603 1530 1627 est
1549 1601 1701 1636 evidenter.
1717 1610 1764 1630 sa—

976 1643 1081 1670 criﬁcat
1105 1643 1160 1671 Deo
1190 1651 1251 1674 suo.
1267 1648 1295 1671 et
1320 1643 1343 1670 Si
1358 1642 1546 1673 institutiones
1572 1647 1639 1682 legis
1665 1648 1762 1677 umbra

975 1693 1054 1716 erant
1069 1688 1272 1715 institutionum
1286 1689 1355 1723 legis
1365 1689 1467 1723 gratim,
1488 1690 1516 1717 in
1533 1691 1632 1719 umbra
1647 1693 1692 1720 lex
1711 1694 1762 1721 ba-

975 1732 1037 1760 liuit
1051 1732 1233 1764 sacerdotem,
1249 1732 1393 1760 evidenter
1405 1733 1432 1759 in
1445 1734 1505 1768 lege
1523 1735 1618 1769 gratiae
1632 1737 1763 1765 sacerdos

975 1785 1036 1805 esse
1050 1777 1144 1805 debet.
1165 1777 1233 1805 Cum
1256 1785 1324 1804 vero
1342 1778 1507 1807 sacriﬁcium
1521 1777 1616 1806 habuit
1627 1780 1759 1814 umbram,

975 1830 1038 1850 cum
1054 1822 1181 1851 Christus
1191 1827 1222 1850 ut
1239 1823 1321 1850 homo
1334 1823 1370 1851 sit
1393 1825 1523 1853 sacerdos
1539 1825 1611 1854 inter
1626 1835 1688 1861 nos,
1712 1829 1760 1857 ubi

974 1876 1161 1904 quereremus
1172 1869 1336 1897 sacriﬁcium
1352 1869 1466 1902 umbrae,
1482 1870 1504 1897 si
1516 1876 1677 1906 cooptamus
1686 1873 1761 1909 Apo-

973 1915 1038 1944 stoli
1055 1914 1158 1942 dictum
1170 1914 1235 1949 quia
1249 1922 1299 1949 per
1314 1914 1449 1949 Spiritum
1480 1920 1606 1944 sanctum
1639 1918 1760 1954 seipsum
1786 1935 1788 1938 τ

972 1961 1100 1989 exhibuit
1122 1960 1394 1995 irreprehensibilem
1422 1961 1497 1993 Deo.
1534 1962 1656 1991 sciemus
1685 1964 1760 1999 quod

973 2007 1032 2042 ipse
1047 2006 1143 2038 semel,
1151 2013 1206 2034 non
1214 2010 1307 2033 autem
1319 2006 1433 2041 pluries,
1450 2011 1479 2034 et
1492 2015 1565 2036 unus
1574 2012 1617 2036 est
1631 2011 1761 2038 sacerdos

971 2055 1001 2080 et
1020 2059 1076 2080 non
1091 2052 1186 2087 plures
1206 2051 1367 2080 ministrans
1388 2052 1456 2085 Deo,
1471 2057 1500 2080 et
1516 2054 1635 2082 victima:
1659 2056 1760 2084 similis

971 2098 1039 2130 Deo,
1053 2101 1082 2124 et
1105 2097 1178 2125 Deus
1195 2096 1241 2124 cui
1260 2097 1390 2131 ofertur;
1419 2105 1484 2125 nam
1512 2099 1535 2126 si
1559 2106 1609 2134 per
1624 2099 1758 2136 Spiritum

971 2148 1096 2171 sanctum
1115 2143 1216 2179 legitur
1236 2144 1358 2178 seipsum
1380 2143 1434 2171 sibi
1452 2144 1480 2171 in
1509 2145 1602 2173 cibum
1617 2145 1713 2180 fuisse,
1730 2153 1758 2175 et

971 2198 1025 2217 non
1039 2190 1093 2217 alio
1111 2190 1204 2226 dirigi,
1231 2190 1345 2218 evidens
1361 2194 1404 2217 est
1427 2190 1500 2225 quod
1516 2191 1612 2219 eadem
1640 2197 1682 2220 est
1707 2201 1758 2222 na-

125 2235 186 2278 -ιοιι,
208 2245 287 2280 δῆλον
302 2244 340 2275 ὡς
353 2244 401 2278 τῆς
422 2241 504 2269 αὑτοῦ
522 2240 630 2275 φύσεώς
646 2242 704 2268 ἐστι
718 2240 749 2267 τὺ
765 2239 877 2274 Πνεῦμα
889 2239 919 2266 τὸ

976 2240 1035 2263 tura
1051 2235 1170 2270 Spiritus
1183 2236 1272 2264 sancti
1296 2236 1342 2271 qui
1368 2241 1410 2264 est
1423 2237 1507 2264 etiam
1524 2238 1606 2265 Deus.

124 2294 218 2325 ἄτιον,
235 2292 249 2319 ὅ
262 2291 320 2318 ἔστι
335 2289 383 2316 καὶ
399 2288 475 2319 Θεός.

431 2332 554 2359 ΚΕΦΔΑ.
571 2331 621 2358 IB'.

167 2382 198 2410 Et
211 2383 261 2417 τῆς
289 2379 411 2413 κεφαλῆς
421 2379 452 2404 οὺ
471 2377 596 2409 δεσπόζει
615 2377 630 2403 ὁ
651 2376 717 2408 Θεδς
744 2376 841 2410 Λόγος,
865 2375 920 2403 οὐδ’

123 2430 187 2463 ἄρα
201 2428 261 2454 ὅλου
276 2426 323 2453 τοῦ
341 2426 467 2459 σώματος
496 2424 631 2456 δεσπόζειθ
648 2424 672 2450 ει
686 2423 714 2450 δὲ
729 2423 777 2458 τῆς
801 2422 919 2457 Ἐκκλη-

123 2475 194 2504 aia;
210 2473 311 2507 Κύριος
326 2472 340 2497 ό
355 2470 421 2501 Θεὸς
435 2470 532 2504 Λόγος,
563 2469 592 2501 ἐξ
607 2469 730 2503 ἀνάγκης
747 2469 793 2494 καὶ
809 2468 859 2502 τῆς
873 2476 920 2494 κε-

122 2519 221 2556 φαλῆς
234 2518 283 2552 τῆς
307 2516 470 2551 Ἔκκλησίας
482 2516 540 2542 ἐστὶ
564 2514 676 2550 Κύριος,
693 2515 723 2541 El
742 2514 813 2541 κατὰ
840 2513 920 2548 φύσιν

122 2565 221 2597 πάντη
247 2562 367 2596 ισότιμος
392 2561 441 2596 τὴν
465 2561 543 2593 τάξιν
569 2561 616 2587 καὶ
628 2559 763 2594 ὸμοταγὴς
779 2560 796 2594 ἡ
816 2559 921 2595 κεφαλὴ

122 2609 201 2644 πρὸς
215 2608 245 2634 τὸ
259 2607 318 2634 ὅλον
346 2607 435 2642 σῶμα.
465 2607 519 2633 οὐδ’
535 2607 589 2641 ἄρα
611 2605 714 2641 κεφαλὴ
741 2606 824 2636 ὅντως
848 2605 935 2637 ἐστὶν,

119 2657 193 2691 ἥτις
210 2654 246 2684 ὡς
259 2653 330 2688 ἀρχὴ
350 2653 397 2679 καὶ
408 2652 580 2687 ἐπικείμενον
595 2651 676 2686 μέρος
694 2650 733 2685 τῷ
750 2651 923 2685 ὑποκειμένῳ

120 2700 217 2732 αὐτῆς
225 2698 277 2732 ὅλῳ
291 2698 396 2733 σώματι
412 2698 516 2724 νόεται·
541 2697 565 2722 εἰ
578 2697 605 2722 δὲ
618 2697 701 2727 ὅντως
724 2695 883 2730 ὑπέρκειται
893 2703 923 2721 τε

88 2740 93 2744 ”
117 2743 215 2774 αὐτοῦ
228 2746 327 2779 φυσικῇ
341 2744 424 2774 ὓέσει,
443 2743 490 2769 καὶ
498 2743 526 2774 ἐξ
540 2742 622 2773 αὐτῆς
633 2743 687 2768 πᾶν
697 2742 726 2768 τὸ
738 2742 816 2776 σῶμα
827 2749 924 2776 συναρ-

121 2789 290 2828 μοὶηογεῖται
304 2789 349 2815 καὶ
377 2787 575 2822 συμϐιῢάζεται
589 2787 634 2813 καὶ
646 2787 853 2822 ἐπιχορηγεῖται
873 2787 922 2817 τὰς

120 2835 273 2867 δυνάμεις,
297 2834 374 2868 δῆλον
398 2834 435 2864 ὡς
461 2832 568 2867 μεθέξει
591 2833 663 2864 τινὸς
689 2833 856 2868 ἡγεμονικῆς
873 2834 920 2859 τοῦ

122 2882 261 2915 ςῶμα-ως
277 2879 311 2913 φύ
319 2887 383 2910 τεως
399 2878 472 2913 παρὰ
496 2878 544 2914 τὴν
564 2878 802 2914 ἡγεμονευομένην
818 2879 864 2905 ὑπ’
875 2880 922 2906 αὑ-

1286 2335 1361 2364 CAP.
1382 2336 1440 2364 XII.

1007 2378 1034 2407 Si
1048 2379 1131 2414 capiti
1155 2387 1209 2406 non
1225 2380 1343 2415 imperat
1360 2381 1433 2409 Deus
1457 2382 1593 2416 Verbum,
1615 2391 1667 2412 nec
1692 2392 1758 2412 sane

972 2425 1023 2453 toti
1052 2426 1162 2460 corpori
1192 2425 1319 2460 imperat.
1349 2426 1377 2454 Si
1404 2428 1528 2456 ecclesia
1556 2429 1690 2457 Dominus
1715 2435 1758 2458 est

971 2469 1044 2497 Deus
1070 2470 1201 2503 Verbum,
1225 2471 1383 2499 necessario
1397 2474 1481 2500 etiam
1506 2474 1605 2509 capitis
1626 2475 1758 2503 Ecclesiae

961 2517 1014 2541 -εει
1029 2514 1172 2542 Dominus.
1190 2515 1218 2542 Si
1233 2516 1385 2543 secundum
1408 2522 1534 2546 naturam
1564 2527 1646 2547 omne
1675 2525 1758 2555 caput

972 2562 1014 2586 est
1031 2559 1154 2594 ejusdem
1180 2560 1294 2590 valoris.
1311 2561 1464 2589 secundum
1484 2563 1611 2591 ordinem
1630 2569 1713 2599 caput
1728 2565 1757 2592 in

971 2605 1067 2632 eodem
1081 2605 1179 2632 ordine
1194 2609 1236 2632 est
1249 2606 1281 2632 ad
1296 2611 1381 2633 totum
1397 2615 1509 2642 corpus,
1524 2616 1579 2636 non
1591 2617 1656 2637 vero
1676 2615 1758 2643 caput

972 2658 1037 2678 vere
1053 2655 1096 2677 cst
1117 2651 1190 2686 quod
1214 2656 1245 2678 ut
1269 2652 1433 2686 principium
1458 2657 1486 2680 et
1510 2654 1671 2688 principalis
1695 2660 1759 2686 pars

973 2696 1106 2731 prospicit
1121 2701 1178 2724 toto
1190 2697 1300 2732 corpori
1313 2698 1364 2732 ipsi
1376 2699 1512 2734 subjecto.
1528 2698 1555 2726 Si
1573 2704 1664 2726 autem
1691 2707 1756 2727 vere
1779 2708 1784 2715 ε

973 2746 1100 2776 Superest
1114 2743 1227 2778 physico
1246 2744 1385 2778 principio
1414 2745 1485 2779 ejus,
1507 2752 1541 2771 ex
1563 2745 1653 2779 capite
1675 2752 1757 2772 onme

973 2795 1073 2822 corpus
1105 2788 1214 2823 adoptat
1233 2789 1477 2824 ct,appropiuquat
1494 2793 1521 2816 et
1536 2789 1611 2816 addit.
1630 2790 1755 2826 virtutes,

973 2834 1116 2861 evidenter
1132 2842 1195 2869 ergo
1211 2835 1348 2869 particeps
1370 2840 1411 2862 ost
1437 2835 1553 2870 alicujus
1575 2841 1680 2864 natura:
1696 2844 1760 2864 cor-

974 2878 1048 2913 poris
1075 2878 1216 2906 directivze
1243 2887 1326 2914 prope
1353 2879 1503 2914 subjectam
1521 2879 1554 2907 ab
1570 2880 1616 2908 illa
1639 2881 1755 2908 similem
