1960 3093
241 173 309 206 i735

869 171 1023 202 LEONTII
1044 171 1245 201 ΒΥΖΛΝΤΙΝΙ

1791 166 1868 198 1736

239 232 290 267 ipsi
306 236 433 260 naturam
451 233 535 260 totius
554 233 689 268 corporis.
704 233 782 267 cujus
791 226 818 259 lsi
845 240 898 259 non
911 232 1021 266 sitpar-

1081 230 1120 264 τῆς
1135 229 1276 264 ὁμοούσιον
1294 228 1362 263 αὐτῇ
1377 228 1456 261 φύσιν
1477 227 1557 253 αὑτοῦ
1578 225 1624 253 τοῦ
1649 226 1710 253 ὅλου
1734 225 1867 261 σώματός

240 278 338 312 ticeps,
354 286 405 306 nec
421 283 463 306 est
477 283 560 313 caput
578 287 640 306 cum
662 287 715 305 non
739 278 839 313 dirigat
852 277 955 312 reliqua
968 277 1022 303 cir-

240 332 270 350 ra
285 324 377 357 illam;
392 324 414 351 si
433 332 499 352 vero
516 325 656 359 particeps
671 330 713 351 est
725 325 785 359 ejus
805 324 852 358 qui
879 328 970 350 movct
995 327 1022 350 ct

238 370 293 405 agit
307 378 406 405 corpus
425 379 479 398 non
492 379 556 398 vero
574 371 710 404 reliquum
725 370 927 405 dirigiturysed
944 370 1022 404 prin-

239 417 352 450 cipium.
367 416 453 451 Igitur
467 421 497 443 ιιι
509 416 625 443 membri
645 416 732 443 nostri
745 420 772 443 et
784 416 876 442 carnis
892 423 949 442 suae
968 415 1022 442 Do-

240 466 331 492 minus
346 469 388 492 est
401 465 526 497 verbum,
543 464 669 499 quamvis
684 463 737 490 hoc
752 467 834 497 caput
845 467 969 489 nostrum
983 461 1024 487 in—

241 509 388 545 telligatur,
407 510 497 537 adhuc
519 514 547 537 et
563 509 630 536 illud
653 517 668 536 a
689 509 773 536 verbo
789 508 890 535 dicitur
907 507 1021 534 directa.

239 554 298 581 Non
311 559 392 589 caput
407 554 510 582 Christi
537 554 639 581 dicitur
662 554 745 585 Deus,
772 561 827 580 non
849 559 916 579 vero
941 551 1024 578 totius

240 600 352 632 Christi,
371 609 433 627 nam
450 601 534 628 totius
550 601 624 628 illius
638 600 779 635 proprium
805 603 898 633 caput,
925 598 952 624 id
981 601 1024 624 est

241 647 373 679 Verbum,
393 651 421 674 et
441 648 500 682 ipse
518 656 574 675 non
599 647 650 675 sibi
671 647 796 682 imperat.
822 645 851 672 Si
877 652 942 672 vero
954 643 1026 671 sicut

241 692 311 720 dicis
331 693 403 727 quod
427 693 545 728 imperat
561 693 678 728 reliquo,
696 693 811 727 imperat
837 690 936 725 capiti,
962 697 1025 716 cum

241 737 345 765 Christi
359 743 442 772 caput
455 739 527 765 Deus
541 746 601 765 esse
614 738 732 768 dicatur.
745 737 829 771 igitur
839 736 895 762 Deo
909 735 1026 769 imperat

242 782 324 814 Deus,
351 789 413 809 nam
443 783 552 818 corpori
579 783 703 817 subjecto
727 782 794 813 Deo,
812 781 838 807 id
862 785 904 807 est
915 779 1025 806 Christo

242 828 304 859 toti,
322 831 351 854 ut
365 828 467 860 dicitis,
482 833 510 855 et
525 832 606 863 caput
621 827 792 863 ipsius,idest
803 827 899 857 Deum,
917 829 1026 860 oportet

243 873 380 908 subjicere
391 873 447 900 Deo
465 873 534 908 ipso.

554 1009 629 1037 CAP.
650 1009 719 1036 Xlll.

280 1053 307 1081 Si
323 1054 393 1081 Deus
402 1054 522 1081 Verbum
534 1062 588 1080 non
599 1058 638 1080 est
652 1055 722 1080 Deus
734 1057 761 1080 et
772 1053 904 1080 Dominus
913 1052 1026 1085 Christi,

244 1101 358 1128 evidens
365 1106 404 1128 est
415 1101 488 1136 quod
497 1109 550 1128 non
558 1106 600 1129 est
607 1100 737 1135 templum
745 1100 791 1127 Dei
798 1099 1026 1128 VerbiChristus.

245 1147 272 1174 Si
290 1155 356 1174 vero
374 1147 505 1181 templum
524 1147 572 1174 Dei
587 1147 663 1174 verbi
689 1150 732 1174 est
753 1146 844 1178 Jesus,
871 1146 1027 1173 necessario

245 1193 319 1220 Deus
332 1193 393 1227 ejus
410 1197 437 1219 et
450 1192 584 1219 Dominus
594 1197 638 1220 est
651 1192 723 1219 Deus
737 1192 869 1219 Verbum.
885 1191 954 1219 Caro
970 1191 1028 1219 sola

245 1236 433 1264 habitaculum
450 1236 544 1269 Verbi,
560 1244 623 1263 nam
647 1237 774 1264 Christus
794 1237 925 1271 templum
937 1236 1028 1264 estsi-

245 1282 301 1310 mul
312 1287 340 1309 et
349 1282 582 1310 Deusbabitansin
593 1283 710 1317 templo;
720 1291 782 1310 nam
791 1291 846 1310 non
853 1283 910 1310 sola
922 1283 1026 1316 unctio,

245 1335 296 1355 nec
313 1332 413 1355 unctus
440 1335 504 1355 vere
526 1328 666 1358 Christus,
686 1328 733 1356 sed
752 1329 846 1355 unctio
868 1333 895 1355 et
910 1335 1027 1363 ungens,

245 1377 305 1400 erat
314 1381 380 1400 vero
397 1381 504 1408 ungens
529 1374 686 1401 humanitas
709 1374 828 1406 Domini,
851 1374 945 1401 unctio
962 1381 1028 1401 vero

245 1427 300 1446 non
319 1427 384 1447 sane
398 1424 440 1447 est
451 1420 555 1455 aliquid
572 1420 703 1447 sensibile
720 1421 840 1456 proprie,
857 1420 905 1448 sed
927 1420 1028 1448 divini-

246 1465 310 1492 tatis
329 1466 399 1501 ejus.
424 1466 497 1493 Deus
512 1466 596 1501 igitur
609 1470 637 1493 et
656 1466 738 1494 homo
751 1467 824 1494 idem
838 1466 973 1494 Christus.

494 1586 498 1590 ,
559 1558 634 1585 CAP.
653 1558 722 1586 XIV.

282 1603 310 1630 Si
336 1603 428 1630 onmia
448 1611 498 1638 per
527 1603 646 1630 Verbum
675 1611 728 1630 non
749 1604 836 1630 solum
862 1603 932 1630 facta
948 1608 1024 1636 sunt,

210 1682 215 1687 _
247 1648 294 1675 sed
327 1647 406 1680 fiunt,
433 1649 548 1675 evidens
560 1649 688 1683 estquod
705 1649 785 1676 Jesus
795 1653 821 1676 et
845 1649 979 1676 Dominus
1001 1652 1030 1675 et

246 1693 372 1721 Christus
381 1702 430 1728 per
440 1694 524 1721 Deum
536 1695 656 1722 Verbum
665 1695 784 1722 etl'ectus
794 1700 846 1727 est,
862 1699 890 1722 et
903 1695 1027 1723 omnium

246 1747 307 1773 qua:
327 1747 378 1774 per
390 1739 510 1774 scipsum
525 1739 590 1767 facit
617 1740 690 1767 Dcus
707 1744 734 1766 et
749 1740 881 1767 Dominus
900 1745 944 1768 est
963 1741 1029 1768 Ver-

248 1785 324 1812 bum.
342 1784 370 1812 Si
396 1785 480 1820 igitur
507 1785 640 1813 Dominus
655 1785 1028 1818 ctChristus,sicutdicitur,

247 1831 336 1858 factus
346 1835 388 1858 est
398 1839 413 1858 a
422 1832 488 1862 Deo,
500 1831 590 1863 Iesus,
601 1831 738 1866 quomodo
749 1831 862 1859 adhuca
874 1832 930 1859 Deo
939 1831 1028 1858 domi-

247 1878 351 1904 natur?
364 1877 423 1904 Non
433 1877 505 1904 enim
524 1877 658 1905 catholice
680 1878 762 1912 potiri
782 1877 856 1905 omni
875 1878 1029 1905 substantia

248 1922 282 1949 ad
302 1927 428 1950 naturam
452 1930 529 1950 suam
556 1927 698 1958 spectante
713 1943 720 1955 ,
742 1923 854 1950 videtur
876 1923 1030 1958 signiﬁcare

248 1969 322 1996 aliud
348 1970 420 1997 sicut
448 1969 628 2004 intelligimus
654 1969 768 2004 proprie
787 1970 821 1997 de
840 1970 956 1997 Domino
979 1971 1031 1997 Do-

248 2015 328 2046 mini,
356 2014 390 2041 ad
417 2022 499 2049 quem
532 2014 653 2047 dicitur,
678 2014 752 2049 quod
779 2015 872 2042 omnia
903 2014 942 2041 illi
975 2014 1032 2042 sint

248 2058 390 2093 subjecta;
407 2059 429 2085 si
452 2066 518 2085 vero
545 2058 609 2092 quia
636 2058 801 2092 quibusdam
827 2058 948 2092 potitur,
975 2066 1031 2085 non

248 2102 333 2137 igitur
349 2102 477 2130 omnibus
495 2103 567 2130 circa
593 2102 683 2137 ipsum
703 2106 733 2130 ut
757 2103 839 2135 Deus,
855 2103 908 2130 hoc
928 2103 1030 2131 dicitur

249 2148 338 2182 ipsum
352 2147 453 2174 factum
465 2155 527 2175 esse
540 2152 569 2175 et
585 2148 689 2176 Pilatus
709 2153 737 2176 et
761 2148 884 2176 Herodes
903 2153 977 2176 certe
1003 2153 1033 2176 ut

248 2201 281 2220 cx
295 2198 372 2228 parte
388 2193 454 2220 tales
470 2197 549 2220 erant
568 2193 686 2225 Domini,
707 2198 734 2220 et
746 2193 810 2220 facti
839 2199 903 2221 sunt
919 2203 935 2222 a
953 2195 1009 2222 Deo
1023 2203 1030 2228 ;

1073 277 1155 302 ἐστιν·
1172 274 1205 311 ἦς
1228 276 1251 301 εξ
1272 275 1308 310 μὴ
1327 275 1445 310 μετέχει,
1462 274 1516 301 οὐδ’
1534 273 1586 308 ἂρα
1603 272 1707 308 κεφαλή
1723 273 1806 301 ἐστιν.
1825 273 1869 303 ὡς

1075 322 1142 357 μηδὲ
1158 321 1329 356 ἡγεμονοῦσαι
1357 320 1449 347 λοιπὸν
1473 320 1533 346 καθ’
1548 319 1642 354 αὑτήν·
1663 318 1727 345 εἰδὲ
1752 318 1870 353 μετέχει

1073 367 1119 394 τοῦ
1147 367 1284 397 κινοῦντος
1295 367 1343 393 καὶ
1356 367 1468 400 ἄγοντος
1491 365 1521 391 τὸ
1549 365 1640 399 σῶμα,
1656 364 1709 391 οὐδ’
1725 364 1778 398 ἄρα
1803 364 1868 390 λοι-

1074 413 1124 439 πὸν
1143 411 1467 447 ἡγεμονευόμενον,ἀλλ5ι
1482 411 1564 446 ἄρχον
1588 411 1671 436 ἔστιν·
1699 409 1796 436 οὐκοῦν
1830 410 1872 440 ὡς

1076 459 1171 493 μέλους
1189 459 1237 493 μὲν
1252 457 1330 494 ἡμῶν
1349 456 1432 492 οὔσης
1448 458 1555 492 καὶτῆς
1578 457 1678 492 σαρκὸς
1694 457 1791 483 ἑαυτοῦ
1806 456 1871 482 Κύ-

1075 513 1132 540 ριος
1149 505 1162 530 ὁ
1185 504 1286 537 Λόγος1
1315 503 1338 529 εἰ
1363 504 1410 530 καὶ
1435 504 1536 538 ταύτης
1561 504 1610 538 τῆς
1641 503 1762 536 κεφαλῆς
1787 503 1872 536 ἡμῶν

1075 549 1232 584 νοουμένης,
1248 550 1293 575 ἐπὶ
1306 549 1352 575 καὶ
1367 549 1436 583 αὑτὴ
1467 549 1512 575 ὑπ’
1523 548 1606 576 αὑτοῦ
1625 548 1744 582 λέγεται·
1759 548 1873 582 κεφαλὴ

1075 596 1130 631 γὰρ
1153 596 1200 622 καὶ
1218 595 1338 631 Χριστοῦ
1367 595 1459 628 ὸΘεὸς
1485 596 1604 630 εἴρηται·
1621 595 1651 621 οὐ
1667 595 1718 629 μὴν
1732 595 1779 620 καὶ
1803 595 1873 620 ὅλου

1076 641 1204 677 Χριστοῦ·
1220 641 1266 668 τοῦ
1286 641 1339 677 γὰρ
1354 641 1415 668 ὅλου
1428 642 1474 668 καὶ
1493 642 1509 675 ἡ
1525 639 1630 676 κεφαλὴ
1651 641 1732 675 αὑτὴ,
1751 641 1843 675 ἣγουν
1859 642 1874 666 ὁ

1077 686 1172 720 Λόγος·
1195 687 1242 713 καὶ
1267 686 1347 718 αὐτὸς
1378 686 1476 712 ἑαυτοῦ
1499 688 1528 712 οὐ
1547 685 1682 716 δεσπὸςευ
1698 686 1722 711 si
1738 685 1767 711 δὲ
1796 685 1875 711 καθὰ

1078 731 1129 766 φὴς
1144 732 1174 758 τὸ
1184 731 1316 763 δεσπόζον
1340 731 1387 758 τοῦ
1403 731 1510 762 λοιποῦ.
1537 731 1584 758 καὶ
1606 733 1656 766 τῆς
1675 731 1800 764 κεφαλῆς
1811 730 1874 772 ’δε-

1078 777 1182 810 σπόζει,
1205 777 1266 804 ἐπεὶ
1284 777 1402 813 Χριστοῦ
1420 778 1525 812 κεφαλὴ
1540 778 1553 803 6
1569 777 1635 808 Θεὸς
1656 776 1725 803 εἶναι
1748 777 1873 812 ἐρρἠη,

1077 821 1131 857 ἄρα
1145 823 1252 850 καὶτοῦ
1271 823 1338 850 Θεοῦ
1362 824 1487 856 δεσπόξει
1508 825 1522 850 ὁ
1540 823 1615 854 Θεός⁶
1633 823 1681 850 τοῦ
1694 823 1748 857 γὰρ
1771 823 1872 858 σώμα-

1077 877 1123 900 τος
1137 869 1357 905 ὑποτεταγμένον
1377 869 1415 905 τῷ
1426 869 1486 904 Θεῷ
1502 870 1586 905 ἡγουν
1604 869 1724 904 Χριστοῦ
1737 869 1812 900 ὅλου,
1834 869 1874 900 ὥς

1081 926 1161 951 φατε,
1181 917 1228 943 καὶ
1244 916 1293 951 τὴν
1316 916 1436 951 κεφαλὴν
1453 915 1546 948 αὐτοῦ,
1560 916 1645 951 ἡγουν
1659 915 1704 942 τὸν
1723 915 1800 947 Θεὸν,
1831 915 1876 942 δεῖ

1080 962 1238 990 ὑποκεῖσθαι
1251 961 1291 997 τῷ
1312 961 1387 997 αὐτῷ
1401 961 1471 997 Θεῷ.

1392 1007 1519 1034 ΚΕΦΔΛ.
1532 1007 1581 1033 ll'".

1118 1054 1149 1080 Εἰ
1164 1054 1201 1089 μὴ
1213 1054 1334 1084 Θεὺξκαὶ
1344 1053 1478 1087 δεσπότης
1486 1052 1534 1079 τοῦ
1545 1050 1663 1087 Χριστοῦ
1674 1052 1688 1078 6
1695 1050 1761 1082 9:6;
1771 1051 1876 1085 Λόγος,

1079 1099 1158 1135 δῆλον
1171 1101 1212 1126 ὅτι
1237 1099 1297 1126 οὐδὲ
1311 1099 1376 1131 ναὸς
1392 1099 1438 1125 τοῦ
1452 1098 1522 1125 Θεοῦ
1535 1098 1622 1130 Λόγου
1637 1098 1651 1124 6
1663 1098 1791 1132 Χριστός·
1807 1098 1835 1123 ει
1848 1097 1877 1123 δὲ

1079 1147 1141 1178 ναὸς
1167 1147 1215 1172 τοῦ
1239 1145 1306 1172 Θεοῦ
1331 1146 1418 1179 Λόγου
1437 1142 1480 1180 ᾗὸ
1502 1143 1615 1179 Ἰησοῦς,
1629 1143 1657 1177 ἐξ
1680 1143 1805 1178 ἀνάγκης
1825 1143 1876 1170 καὶ

1078 1193 1144 1224 θεὸς
1154 1192 1236 1219 αὐτοῦ
1252 1192 1299 1218 καὶ
1324 1191 1456 1226 δεσπότης
1470 1191 1484 1217 6
1499 1190 1564 1222 Θεὸς
1577 1190 1672 1224 Λόγος.
1687 1189 1719 1216 Ἡ
1734 1189 1806 1224 σὰρξ
1825 1190 1878 1223 μά-

1078 1245 1111 1270 νη
1129 1236 1191 1268 ναὸς
1219 1235 1266 1262 τοῦ
1286 1235 1384 1269 Λόγου·
1409 1236 1424 1262 6
1439 1235 1494 1271 γὰρ
1518 1235 1635 1270 Χριστὸς
1655 1235 1717 1266 ναδς
1734 1234 1796 1268 ἅμα
1828 1235 1877 1260 καὶ

1079 1281 1145 1312 Θεὸς
1157 1281 1268 1307 ἐνοικῶν
1281 1280 1320 1316 τῷ
1339 1280 1396 1315 ναῷ
1408 1281 1494 1307 ἐστιν·
1507 1280 1568 1306 οὔτε
1585 1280 1640 1314 γὰρ
1659 1280 1764 1315 χρίσμα.
1781 1280 1876 1314 μόνον,

1078 1326 1141 1353 οὔτε
1166 1326 1380 1362 χρισθησόμενον
1406 1327 1420 1352 6
1439 1326 1556 1361 Χριστὸς
1586 1325 1704 1361 ἀληθῶς,
1726 1325 1796 1352 ἀλλὰ
1814 1327 1878 1360 χρεη

1080 1381 1136 1408 σμα
1165 1373 1213 1399 καὶ
1236 1373 1250 1399 6
1269 1371 1411 1407 χρισθεῖς’
1429 1369 1463 1407 ἦν
1472 1371 1500 1399 δὲ
1529 1371 1559 1398 τὸ
1575 1371 1625 1406 μὲν
1640 1371 1749 1407 χρισθὲν
1768 1371 1801 1397 16
1821 1373 1877 1397 ἀν-

1080 1417 1215 1453 θρώπινον
1229 1418 1276 1444 τοῦ
1300 1417 1414 1453 Κυρίουο
1431 1418 1462 1444 τὸ
1477 1417 1505 1444 66
1532 1417 1647 1453 χρίσμα.
1669 1418 1719 1444 οὐκ
1742 1417 1878 1452 αἰσθητὸν

1078 1463 1177 1499 δηλαδὴ
1192 1472 1219 1491 τι
1235 1464 1314 1497 ὅλως,
1330 1464 1398 1492 ἀλλὰ
1411 1463 1442 1490 ἰδ
1455 1464 1534 1491 Θειον
1556 1464 1648 1492 αύτοῦ-
1672 1464 1740 1496 Θεὸς
1753 1464 1811 1500 ἄρα
1828 1465 1877 1491 καὶ

1080 1510 1222 1544 ἄνθρωπος
1236 1511 1250 1536 6
1269 1510 1348 1541 αὐτὸς
1367 1511 1493 1545 Χριστός.

1362 1556 1488 1582 ΚΕΦΑΛ.
1504 1555 1551 1583 1Δ’.

1118 1601 1149 1628 Et
1164 1601 1252 1627 πάντα
1277 1602 1320 1628 διὰ
1334 1601 1381 1628 τοῦ
1412 1601 1499 1635 Λόγου
1516 1602 1545 1628 οὐ
1572 1602 1651 1635 μόνον
1666 1601 1792 1636 γέγονεν.
1807 1603 1876 1630 ἀλλὰ

1081 1647 1130 1675 καὶ
1153 1648 1275 1682 γίνεται,
1299 1648 1379 1682 δῆλον
1396 1648 1437 1674 ὅτι
1467 1648 1542 1674 καὶό
1564 1648 1668 1682 Ἰησοῦς
1693 1648 1742 1674 καὶ
1769 1649 1876 1684 Κύριος

1081 1695 1129 1721 καὶ
1143 1695 1259 1730 Χριστὸς
1272 1693 1316 1720 διὰ
1332 1694 1378 1720 τοῦ
1394 1693 1462 1720 Θεοῦ
1476 1694 1564 1727 Λόγου
1587 1694 1704 1727 ἐγένετο·
1719 1693 1833 1721 πάντων
1847 1695 1875 1722 δὲ

1080 1740 1135 1768 τῶν
1151 1739 1184 1767 δι’
1197 1740 1289 1772 αὐτοῦ,
1304 1739 1377 1772 ΘεὸςΔ
1400 1739 1448 1766 καὶ
1463 1739 1601 1774 Δεσπότης
1615 1740 1629 1765 6
1653 1739 1750 1773 Λόγος.
1781 1741 1815 1767 Εἰ
1829 1739 1876 1767 οὖν

1081 1787 1113 1822 δὴ
1139 1786 1242 1822 Κύριος
1268 1787 1315 1812 καὶ
1337 1786 1475 1821 Χριστος.
1502 1785 1593 1817 καθὼς
1610 1786 1727 1820 εἴρηται,
1756 1787 1875 1822 ἐποιήθη

1082 1832 1134 1859 ὑπὸ
1145 1831 1191 1858 τοῦ
1205 1830 1284 1864 Θεοῦ,
1294 1832 1308 1858 6
1322 1830 1435 1866 Ἰησοῦς,
1448 1830 1505 1862 πῶς
1517 1831 1557 1857 ἔτι
1569 1830 1620 1857 ὑπὸ
1634 1830 1679 1857 τοῦ
1693 1831 1764 1858 ϐιοῦ
1775 1832 1875 1858 δεσπό-

1082 1878 1160 1909 ζεται
1174 1886 1182 1911 ;
1193 1877 1230 1904 Ού
1241 1877 1296 1912 γὰρ
1309 1876 1461 1907 καθολικῶς
1474 1876 1504 1903 τὸ
1514 1876 1651 1911 κυριεύειν
1665 1875 1755 1911 πάσης
1763 1877 1815 1911 τῆς
1828 1886 1876 1904 πα-

1082 1922 1118 1958 ρὰ
1130 1923 1179 1957 τὴν
1192 1922 1272 1956 φύσιν
1296 1921 1379 1949 αὑτοῦ
1404 1922 1496 1952 οὐσίας
1510 1921 1578 1956 ἔχων
1588 1921 1684 1956 ὁρᾶται
1699 1921 1807 1954 λοιπὸν,
1822 1922 1875 1948 ὦσ-

1081 1977 1135 2004 περ
1149 1968 1261 2003 νοοῦμεν
1276 1968 1322 1995 ἐπὶ
1331 1968 1378 1994 τοῦ
1390 1967 1491 2003 κυρίως
1509 1967 1610 2002 Κυρίου
1628 1967 1695 2003 πρὸς
1706 1968 1735 1995 6v
1751 1967 1873 2004 εἴρηται,

1084 2014 1147 2042 ἰὈτι
1163 2013 1198 2040 τὰ
1213 2013 1360 2048 σύμπαντα
1372 2013 1453 2039 δοῦλα
1461 2012 1503 2039 σά·
1517 2012 1578 2039 εἰδὲ
1589 2013 1630 2039 ὅτι
1642 2013 1723 2039 τινῶν
1738 2014 1874 2048 κυριεύει,

1080 2060 1113 2087 οὐ
1131 2060 1183 2095 μὴν
1199 2059 1248 2086 καὶ
1269 2059 1379 2085 πάντων
1393 2058 1448 2086 τῶν
1460 2059 1527 2094 παρ’
1544 2058 1627 2085 αὐτὸν
1654 2059 1752 2094 ὥσπερ
1765 2060 1780 2086 6
1798 2060 1874 2091 Θεὸς,

1083 2105 1160 2133 τοῦτο
1181 2105 1289 2141 εἴρηται
1307 2105 1354 2132 καὶ
1371 2104 1451 2135 αὐτὸς
1467 2104 1604 2138 γενέσθαι,
1622 2105 1670 2131 καὶ
1692 2105 1815 2137 Πιλᾶτος
1833 2107 1876 2132 καὶ

1089 2150 1212 2186 ’λιμώδης
1234 2151 1300 2185 ἄρα,
1322 2151 1361 2182 ὡς
1387 2151 1419 2176 ὲκ
1441 2150 1541 2185 μέρους
1561 2149 1658 2177 τοιοίδε
1687 2149 1784 2184 κύριοι
1814 2151 1874 2182 εισι,

1084 2198 1130 2224 καὶ
1154 2197 1266 2231 γέγοναν
1291 2196 1344 2222 ὑπὸ
1360 2196 1438 2222 Θεοῦ·
1455 2196 1496 2222 ἔτι
1517 2196 1571 2231 μὴν
1598 2197 1622 2222 ει
1639 2195 1676 2230 μὴ
1691 2196 1766 2222 κατὰ
1783 2197 1875 2223 τούσδε

248 2240 340 2267 adhuc
358 2239 441 2274 igitur
464 2239 486 2265 si
506 2247 560 2266 non
579 2239 731 2266 secundum
757 2240 808 2267 hos
831 2240 888 2275 ipse
915 2241 1028 2276 quadam

1085 2243 1135 2268 καὶ
1153 2241 1236 2273 αὐτὸς
1249 2241 1313 2277 ἀξίᾳ
1329 2242 1384 2268 τινὶ
1404 2241 1452 2268 καὶ
1472 2241 1645 2273 κωδικέλλοις
1657 2241 1739 2267 ἔλασε
1763 2242 1817 2276 τὴν
1831 2251 1876 2268 κυ-

249 2285 381 2320 dignitate
395 2289 426 2311 et‘
441 2284 561 2319 glebulis
574 2286 681 2320 accepit
703 2286 917 2313 dominationem
943 2288 1032 2315 factus

249 2331 383 2358 Dominus
395 2331 539 2358 evidenter
558 2331 709 2358 secundum
727 2333 864 2359 actionem
885 2333 962 2367 ejus,
985 2341 1033 2360 na-

250 2381 338 2403 turam
362 2377 448 2412 ipsam
464 2377 544 2403 aDeo
562 2381 591 2403 ut
618 2377 733 2404 domino
763 2382 793 2404 ut
819 2377 924 2405 dixerat
943 2378 1032 2406 factus

250 2423 277 2450 in
302 2423 477 2450 institutione
499 2423 631 2450 Dominus
662 2428 704 2450 est
729 2424 863 2456 ouinium,
888 2425 1032 2452 evidenter

250 2470 310 2496 sine
325 2470 370 2496 illo
381 2469 462 2503 quiei
475 2469 566 2495 omnia
580 2469 701 2504 subjicit.
713 2469 742 2496 Si
758 2477 824 2496 vero
841 2478 897 2496 non
913 2470 977 2497 licet
989 2470 1032 2497 iu-

249 2514 373 2542 vincibili
385 2515 564 2542 dominationi
577 2515 664 2542 creari
675 2523 813 2550 quemque
829 2516 857 2543 in
870 2517 1030 2551 Dominum,

208 2595 212 2598 ν
250 2561 363 2588 evidens
380 2565 422 2588 est
439 2561 511 2596 quod
526 2561 677 2596 judicando
698 2565 823 2588 naturam
843 2561 1031 2590 dominantem

250 2608 338 2635 factus
364 2611 406 2634 est
429 2607 455 2634 in
480 2611 604 2634 naturam
621 2607 873 2642 supervenientem,
900 2608 1030 2636 Dominus

249 2658 291 2681 est
304 2661 370 2680 vero
384 2653 436 2680 istc
464 2652 554 2680 Jesus.
573 2652 638 2685 Qua:
652 2660 717 2687 ergo
733 2652 886 2680 substantia
903 2659 946 2680 est
961 2654 1034 2689 phy«

249 2700 305 2727 sica
341 2699 487 2726 dominans
520 2699 632 2726 omnia?
668 2699 775 2731 Divina,
815 2699 1033 2728 evidentissime.

249 2743 321 2778 Quid
351 2752 416 2779 ergo
440 2744 473 2771 dc
499 2744 564 2771 illo?
580 2744 610 2771 ln
629 2744 721 2772 Jesum
747 2745 898 2772 concilians
922 2749 1033 2772 creatur

249 2790 310 2824 ejus
332 2790 464 2818 Verbum.
492 2789 589 2824 Seipso
616 2789 699 2825 igitur
729 2791 876 2824 acquircns
902 2790 979 2817 illum
1005 2794 1033 2817 et

252 2836 437 2862 commturalis
456 2836 481 2863 ci
496 2845 529 2862 cx
553 2836 693 2863 creatione
709 2835 774 2863 fecit
790 2837 865 2863 illum
887 2836 1031 2863 Dominum

255 2886 314 2905 vere
326 2887 373 2912 per
381 2880 512 2914 scipsum;
526 2880 737 2915 participatione
751 2881 834 2916 igitur
849 2881 930 2908 Verbi
944 2881 1036 2915 ipsius

1084 2289 1196 2323 ριότητα
1211 2289 1334 2322 ποιηθεὶς
1359 2287 1471 2322 Κύριος,
1488 2288 1568 2323 δῆλον
1584 2287 1622 2319 ὡς
1635 2287 1706 2314 κατὰ
1729 2287 1784 2323 τὴν
1798 2289 1876 2322 ποίη-

1086 2343 1128 2360 σιν
1145 2332 1239 2365 αὑτοῦ,
1265 2333 1315 2368 τὴν
1332 2333 1412 2368 φύσιν
1430 2333 1518 2369 αὐτὴν
1541 2333 1594 2359 ὑπὸ
1619 2333 1666 2359 τοῦ
1691 2332 1762 2359 Θεοῦ
1779 2343 1875 2370 κυρια-

1083 2379 1149 2411 κῶς,
1164 2379 1202 2411 ὡς
1227 2380 1325 2411 εἰπεῖν,
1342 2378 1464 2414 ποιηθεὶς
1478 2379 1506 2404 ὲν
1525 2378 1565 2414 τῷ
1593 2378 1743 2410 κτίζεσθαι,
1776 2379 1875 2414 Κύριός

1084 2425 1142 2452 ἐστι
1158 2425 1278 2458 πάντων,
1294 2425 1415 2460 δηλονότι
1430 2425 1513 2460 χωρὶς
1530 2423 1577 2451 τοῦ
1600 2424 1789 2457 ὑποτάξαντος
1805 2426 1875 2461 αὐτῷ

1082 2472 1117 2498 τὰ
1138 2471 1238 2498 πάντα·
1267 2471 1290 2497 εἰ
1320 2471 1349 2498 δὲ
1375 2471 1405 2497 οὺ
1433 2471 1512 2505 θέμις
1533 2470 1714 2505 ἀνυποστάτῳ
1733 2473 1874 2506 κυριότητι

1082 2517 1229 2544 ούσιῶσθαί
1245 2526 1306 2544 τινα
1329 2518 1408 2551 φύσει
1432 2518 1472 2548 εἰς
1486 2517 1600 2552 Κύριον,
1616 2516 1694 2551 δῆλον
1711 2517 1750 2548 ὠς
1777 2518 1875 2550 ἐνδόσει

1083 2564 1262 2599 κυριευούσης
1283 2563 1392 2598 φύσεως
1417 2564 1456 2594 εἰς
1470 2563 1519 2598 τὴν
1534 2563 1683 2598 γενομένην
1699 2563 1784 2598 φύσιν
1798 2565 1872 2599 γεγέ-

1076 2618 1161 2644 ,νηται
1190 2609 1250 2642 μὲν,
1274 2609 1377 2644 Κύριος
1399 2609 1427 2635 δέ
1446 2609 1520 2634 ἐστιν
1535 2609 1549 2634 6
1570 2608 1674 2643 Ἰησοῦς
1689 2606 1781 2640 οὗτος·
1796 2611 1836 2642 τίς
1849 2611 1872 2636 δὲ

1082 2655 1099 2690 ἠ
1115 2654 1279 2689 κυριεύουσα
1305 2655 1413 2681 πάντων
1430 2655 1554 2689 φυσικῶς
1580 2655 1659 2681 οὐσία
1673 2664 1680 2687 ;
1696 2656 1714 2690 ἡ
1729 2655 1791 2682 θεία
1812 2665 1872 2691 προ·

1083 2701 1181 2736 ὁήλως·
1203 2701 1304 2734 ταύτης
1326 2701 1356 2728 δέ
1367 2701 1419 2733 τι;
1445 2701 1481 2727 Τὸ
1505 2702 1544 2732 εἰς
1576 2701 1622 2726 τὸν
1646 2702 1752 2736 Ἰησοῦν
1778 2703 1871 2728 ἐνδόσι-

1085 2747 1134 2781 μόν
1146 2748 1204 2774 ἐστι
1216 2767 1224 2779 ,
1240 2749 1254 2774 6
1266 2748 1379 2783 κτίστης
1390 2747 1473 2774 αὑτοῦ
1500 2748 1597 2780 Λόγος·
1613 2747 1702 2782 ἑαυτῷ
1720 2748 1778 2784 γὰρ
1802 2757 1871 2783 περι-

1083 2792 1180 2824 κτῐσας
1194 2793 1284 2827 αὐτὸν,
1300 2794 1347 2820 καὶ
1363 2794 1472 2828 συμφὺς
1495 2793 1562 2828 τῷδε
1572 2793 1625 2819 ἀπ’
1640 2793 1728 2827 αὐτῆς
1744 2796 1871 2827 ποιήσεως

1083 2836 1165 2862 αὐτοῦ
1184 2846 1190 2852 ν
1210 2837 1312 2872 Κύριον
1339 2837 1421 2864 αὑτὸν
1448 2837 1532 2868 ὅντως
1564 2837 1596 2863 δι’
1623 2838 1723 2864 ἑαυτοῦ
1753 2841 1865 2874 ἐποίησε·

1084 2884 1115 2917 τῇ
1133 2883 1240 2918 μεθέξει
1256 2883 1302 2910 οὖν
1314 2883 1395 2910 αὐτοῦ
1407 2882 1452 2910 τοῦ
1464 2883 1550 2916 Λόγου
1566 2884 1611 2909 καὶ
1623 2884 1651 2909 ἐν
1666 2884 1744 2919 αὐτῷ
1757 2885 1866 2920 γεγονὼ;
