1960 3093
91 117 156 150 1725

564 123 766 155 ADVERSUS
783 125 1059 158 NESTORIANOS.
1075 129 1192 159 -—LlB.
1215 131 1246 160 V.

1655 133 1664 164 1
1671 134 1725 165 72ῦ

92 177 266 213 μαρτυρεῖται
278 177 351 206 τάδε.
369 179 431 206 Ἀλλ
456 178 529 206 ἴσασι
556 181 603 207 καὶ
624 182 702 209 αὐτοὶ
725 182 772 209 νῦν
795 184 873 210 ἑκου-

933 189 1044 211 ttautur.
1059 184 1111 212 Sed
1129 190 1233 213 norunt
1247 190 1275 213 et
1291 186 1343 221 ipsi
1357 194 1430 214 nunc
1442 187 1593 216 voluntarie
1605 190 1724 218 abscon-

91 224 153 256 σῖως
166 224 375 260 ἐπιλελησμένοι
390 225 444 252 τῶν
455 226 530 260 σφῶν
539 226 690 263 διορισμῶν
699 229 736 260 ὼς
745 229 876 261 πολλάκις

90 270 119 296 ἐκ
133 269 181 297 τοῦ
194 271 256 297 ὅλου
280 271 310 298 τὸ
335 271 417 306 μέρος
437 272 515 299 καλεῖ
529 273 547 309 ἡ
565 275 629 308 ἁγία
646 275 740 311 Γραφή
751 283 758 290 ’
778 275 816 307 ὡς
828 275 876 308 τὺ,

95 316 167 343 Ἐχεῖ
179 316 281 352 ἔθαψαν
289 318 415 353 ’Δσραὰμ
422 319 469 345 ὀὗ
481 319 534 354 γὰρ
543 320 578 356 δὴ
587 321 634 348 καὶ
645 321 733 357 ψυχὴν
741 322 875 357 Ἀϐραὰμ,

90 361 154 388 ἀλλὰ
173 363 253 397 μόνον
264 363 293 389 τὸ
309 363 389 398 σῶμα
401 372 407 379 ·
421 364 485 391 τάδε
504 363 561 392 οὖψ
571 367 666 401 σαφῶς
690 368 753 402 περὶ
765 368 812 395 τοῦ
829 369 877 396 ἀν-

91 407 224 442 θρωπίνου
249 409 368 443 Χριστοῦ
397 410 506 445 εἴρηται
520 419 528 426 ·
547 412 611 439 ἐπεὶ
627 413 687 445 πῶς
708 413 764 448 ἔχει
786 414 879 450 χώραν

91 454 152 487 περὶ
164 453 217 480 τοῦ
229 455 311 481 αὑτοῦ
331 455 457 489 λέγεσθαι
474 457 520 484 καὶ
533 458 567 485 τὸ
587 458 631 485 Ἐν
651 461 759 495 νεκροῖς
768 460 878 488 ἐλεύθε-

91 507 149 533 ρος;
170 499 229 531 πῶς
239 508 269 526 τε
286 500 311 526 εἰ
329 501 391 528 καθ’
412 502 485 537 ὑμᾶς
506 504 604 539 νεκρὸς
622 504 734 538 γέγονεν
753 507 878 542 ἀπαραλ-

89 544 204 576 λάκτως.
216 546 296 578 αὐτὸς
310 547 405 582 ἤγειρε
420 547 467 574 τὸν
479 548 579 576 ἑαυτοῦ
596 551 659 577 ναὸν
671 552 701 577 ἐν
714 552 804 587 τρισὶν
814 552 878 588 ἠμέ-

91 599 150 628 ραις
159 600 166 623 ς
179 592 193 618 ὸ
202 593 248 619 καὶ
258 593 365 628 σώματι
376 594 424 620 καὶ
431 593 503 630 ψυχῇ
513 594 553 627 ὥς
562 604 628 630 φασι
638 597 725 633 πάντη
738 597 878 634 ἄπρακτος

89 637 243 672 γενόμενος,
259 639 297 671 ὡς
312 639 366 670 πᾶς
382 639 526 675 ἄνθρωπος
539 642 608 676 μετὰ
621 642 735 670 θάνατον
748 652 755 660 ·
768 644 879 680 καὶγὰρ

89 682 148 709 οὐδὲ
161 683 211 718 τὴν
225 683 335 710 οίανοῦν
343 684 433 719 ψυχῆς
446 685 589 720 ἐνέργειαν
604 687 726 715 ἐδίδοσαν
743 689 816 724 μετὰ
829 689 878 717 θά-

89 736 167 754 νατον
179 729 344 764 ἀνθρώποις,
356 730 422 765 ἄχρι
436 730 488 765 τῆς
503 732 684 765 ἀναστάσεως
695 755 702 767 ,
721 736 750 761 ἐν
760 737 817 767 τοῖς
831 735 880 770 έμ-

89 773 206 808 προσθεν
219 774 310 801 αὐτῶν
330 776 456 811 ἑπιχειρή
462 785 538 811 μασι,
555 779 634 814 πόσῳ
647 787 678 813 γε
695 780 796 814 μᾶλλον
804 781 879 808 θείαν

90 820 277 854 πρᾶξινςπῶς
286 821 315 848 δὲ
333 823 356 848 εἰ
374 823 454 854 αὐτὸς
473 823 531 858 ἔχει
551 825 602 860 τὴν
618 825 742 857 ἐξουσίαν
762 826 808 853 τοῦ
829 828 879 862 τὴν

92 865 159 892 ῑδίαν
175 865 265 900 ψυχὴν
279 866 366 894 θεῖναι
377 868 425 894 καὶ
437 868 585 896 ἀπολαϐεῖν
600 871 686 906 αὐτὴν
698 892 705 904 ,
725 872 787 898 καθ’
806 872 880 907 ἡμᾶς

90 910 184 944 γέγονε
196 912 294 947 νεκρός
305 920 313 945 ;
328 912 372 944 τίς
384 913 439 948 γὰρ
448 915 464 941 ὸ
477 915 606 952 τοιαύτης
621 916 671 943 οὐκ
683 917 761 950 ἀξίας
774 918 880 950 ἁπλῶς,

90 956 148 983 ἀλλ’
163 957 289 990 δξουσίας
304 978 312 989 ,
330 958 441 985 πώποτε
457 960 486 987 ὲν
510 960 667 996 ἀνθρώποις
690 963 815 996 γέγονεν;
841 964 880 990 ἔτι

92 1003 144 1036 μὴν
159 1004 183 1029 εἱ
197 1003 234 1039 μὴ
247 1003 313 1036 Θεὸς
327 1004 356 1030 ὲν
368 1005 488 1040 Χριστῷ,
506 1006 552 1032 καὶ
567 1008 638 1034 κατὰ
649 1008 697 1034 τδν
708 1008 823 1035 θάνατον
834 1010 880 1036 καὶ

89 1049 209 1080 τὸπάθος
217 1050 342 1077 καὶκατὰ
353 1050 444 1084 λοιπὰ,
457 1051 558 1087 κόσμον
574 1053 664 1088 ἐαυτῷ
673 1054 878 1087 καταλλάσσων,

90 1095 126 1126 ὡς
141 1096 306 1131 γέγραπται,
322 1097 380 1129 πῶς
395 1098 447 1124 ὀὲν
460 1100 552 1134 μορφῇ
564 1099 632 1126 Θεοῦ
645 1100 785 1136 ὑπάρχων,
799 1102 880 1134 αὐτὸς

90 1141 138 1166 καὶ
153 1141 202 1167 οὐκ
217 1141 333 1178 Eloqui}
349 1142 382 1168 δι’
398 1142 478 1169 ἄλλου
493 1143 675 1171 ἐταπείνωσεν
687 1145 782 1172 ἑαυτὸν
800 1145 880 1181 μέχρι

91 1186 223 1220 θανάτους
250 1188 298 1214 καὶ
327 1188 385 1220 πῶς
406 1188 454 1215 τὸν
481 1189 584 1224 Κύριον
607 1190 657 1224 τῆς
673 1190 752 1226 δόξης
773 1191 880 1227 ἀληθῶς

91 1233 283 1268 ὲσταύρωσαν;
299 1235 346 1260 καὶ
362 1234 423 1266 πῶς
434 1234 543 1270 εἴρηται
558 1236 636 1266 τδ,’0
649 1236 676 1262 δὲ
694 1237 760 1268 Geo;
776 1238 822 1264 καὶ
835 1237 881 1264 τὸν

90 1279 193 1314 Κύριον
208 1280 332 1315 ἐξήγειρε
346 1300 353 1312 ,
368 1281 415 1307 καὶ
428 1282 501 1316 ἡμᾶς
516 1282 609 1316 ἐγερεῖ
621 1282 665 1309 διὰ
680 1283 729 1317 τῆς
741 1283 881 1318 δυνάμεως

91 1325 174 1351 αὑτοῦ
189 1325 236 1352 τοῦ
250 1325 408 1360 ὲγερθὲντος
423 1327 658 1362 ὡμολογημένωςς
678 1329 757 1364 δῆλον
777 1329 830 1365 γὰρ
843 1330 880 1362 ὡς

91 1369 252 1406 ἑξεγερτικὴ
274 1370 340 1397 οὖσα
363 1372 469 1407 νεκρῶν
499 1373 547 1399 καὶ
573 1373 675 1407 ἑτέρων
703 1376 836 1410 σωμάτων
862 1377 878 1411 ἡ

90 1416 205 1450 δύναμις
217 1417 263 1443 τοῦ
281 1418 397 1452 Κυρίου,
416 1418 508 1453 πολλῷ
523 1419 622 1453 μᾶλλον
646 1420 676 1445 τὺ
700 1420 764 1446 ἴδιον
785 1419 880 1456 ἥγείρε

92 1461 172 1496 σῶμα
188 1459 209 1496 ᾧ
220 1463 309 1497 ἦνωτο
321 1463 382 1490 καθ’
399 1464 548 1491 ὑπόστασιν
563 1473 570 1480 ⁶
588 1466 813 1501 προσεχεστέρως
826 1467 880 1502 γὰρ

91 1509 241 1543 ἑνεργυῦσα
255 1510 334 1544 αὑτὴ,
359 1511 405 1536 καὶ
422 1511 471 1537 οὐκ
493 1511 559 1546 ἄλλη
584 1511 715 1543 coemo;
733 1513 878 1547 ἀναστήσει

91 1556 172 1581 αὑτό·
196 1556 254 1588 πῶς
273 1556 300 1582 δὲ
317 1556 398 1582 αὑτοῦ
415 1557 462 1583 τοῦ
482 1557 546 1583 ἰδίου
559 1558 626 1584 Υἱοῦ
653 1558 683 1584 οὐ
710 1558 875 1593 φείσασθαι,

90 1601 147 1627 ἀλλ’
164 1601 235 1636 ὑπὲρ
249 1602 329 1636 ἡμῶν
347 1603 455 1629 πάντων
479 1603 644 1638 παραδοῦναι
669 1604 749 1630 αὑτὸν
772 1605 878 1639 εἴρηται

89 1649 104 1674 ὁ
123 1648 234 1682 Πατήρ;
249 1649 272 1674 εἰ
286 1648 341 1682 γὰρ
357 1648 566 1683 ἀντιπρόσωπον
578 1649 695 1676 δέδωκεν
710 1670 716 1680 ,
731 1649 781 1676 οὐκ
795 1650 877 1681 ὄντως

90 1692 201 1727 εἴρηται
216 1693 278 1719 τάδε
292 1694 355 1728 περὶ
369 1694 418 1728 τῆς
443 1695 553 1728 ἀγάπης
568 1695 650 1720 αὐτοῦ
666 1693 716 1727 τῆς
731 1695 769 1726 εἰς
782 1696 855 1730 ἡμᾶς
870 1704 876 1710 ·

91 1738 177 1771 σαφὲς
194 1736 240 1765 οὖν
257 1739 294 1769 ὡς
311 1739 364 1765 ἀπὸ
377 1740 487 1774 μέρους,
501 1739 519 1775 ἢ
535 1748 564 1765 τε
581 1739 712 1771 ζωοποιῖα
739 1741 787 1766 καὶ
801 1741 818 1775 ἡ
838 1741 879 1766 νέ-

91 1793 205 1818 κρωσις,
221 1785 339 1819 ἑκατέρα
354 1785 462 1819 λέγεται
475 1786 538 1820 περὶ
550 1785 668 1820 Χριστοῦ
681 1794 688 1801 ⁸
704 1786 733 1811 οὺ
746 1785 799 1821 γὰρ
811 1786 881 1813 κατὰ

90 1830 138 1855 τοῦ
154 1830 216 1857 ἧλοι)
230 1831 359 1862 ὡσαύτως
381 1831 474 1866 ἄμφω,
501 1831 563 1857 ἐπεὶ
588 1832 624 1866 μὴ
650 1831 826 1864 συναληθεύει
845 1832 889 1858 τὰλ

91 1877 200 1904 ἐναντία
224 1878 333 1904 πώποτε
360 1880 424 1913 περὶ
446 1877 494 1905 τοῦ
519 1878 602 1904 αὑτοῦ

91 1923 138 1949 τὸν
165 1924 265 1958 Κύριον
289 1924 337 1958 τῆς
362 1925 441 1958 δόξης
461 1924 637 1960 ἐσταύρωσαν
655 1925 680 1950 οἱ
697 1924 813 1959 Χριστὸν
836 1924 882 1950 ὲπὶ

92 1969 172 2000 ξύλου
189 1970 377 2004 κρεμάσαντες
392 1991 399 2002 ,
417 1970 496 2003 δῆλον
522 1969 560 2002 ὡς
575 1970 589 1996 ὁ
613 1970 696 2000 αὐτος
711 1970 743 1995 ἐκ
760 1969 809 2004 μὲν
836 1968 882 1995 τοῦ

93 2014 167 2039 θείου
182 2014 280 2047 Λόγου,
294 2014 324 2040 τὸ
345 2011 415 2040 εἶναι
442 2014 543 2048 Κύριος
562 2014 611 2048 τῆς
623 2014 702 2048 δόξης
718 2012 775 2049 εἶχε
788 2022 795 2030 ·
811 2013 840 2040 τὸ
856 2013 884 2040 δὲ

91 2061 202 2094 ἀληθῶς
218 2060 419 2096 σταυροῦσθαι,
443 2062 474 2088 ὲκ
488 2062 537 2095 τῆς
560 2060 732 2096 ἀνθρωπείας
756 2060 858 2094 σαρκός
876 2068 883 2075 ·

92 2105 175 2140 φύσει
188 2115 217 2132 τε
231 2106 284 2141 γὰρ
302 2107 338 2137 ὡς
353 2107 417 2138 θεὸς
434 2107 607 2141 ὲποφείλεταί
620 2115 650 2133 τε
663 2106 712 2142 τὴν
728 2106 803 2142 παρὰ
815 2106 884 2132 πάν-

92 2160 149 2178 των
158 2151 236 2184 δόξαν
244 2159 250 2166 ⁶
265 2152 415 2184 ἐξουσιάζει
425 2161 454 2178 τε
465 2153 549 2186 αὐτῆς
559 2151 678 2183 δοξάζων
692 2151 739 2182 οὓς
750 2152 882 2186 βούλεται,

94 2197 176 2231 μόνος
193 2198 240 2223 καὶ
255 2197 335 2231 φύσει
351 2197 387 2228 ὼς
407 2197 549 2232 ἄνθρωπος
568 2198 662 2228 πάθος·
674 2197 830 2233 ὑπέμεινεν.

394 2243 521 2270 ΚΕΦΑΛ.
548 2243 589 2270 Γ⁷ο

131 2287 163 2313 Τί
188 2286 248 2321 οὖν,
272 2288 373 2322 φησιν,
398 2288 428 2314 οὐ
454 2289 662 2324 προφανέστατα
687 2289 794 2324 εἴρηται
819 2289 885 2324 περὶ

92 2333 226 2368 Χριστοῦ.
240 2334 278 2365 ὼς
296 2335 348 2361 ὑπὸ
365 2335 412 2360 τοῦ
429 2335 496 2361 Θεοῦ
512 2335 624 2369 ἀνέστη,
640 2336 687 2362 καὶ
701 2337 751 2363 οὐκ
764 2336 809 2370 ἀφ’
821 2337 883 2363 ἐαυ-

93 2379 159 2412 τοῦ;
174 2380 220 2405 καὶ
236 2380 276 2405 ὃτι
291 2380 335 2406 διὰ
346 2381 395 2414 τὴν
409 2380 460 2406 ὑπὺ
478 2380 522 2407 τοῦ
541 2382 618 2415 ἁγίου
635 2382 794 2417 Πνεύματος
807 2391 882 2415 γενο-

95 2425 181 2460 μένην
201 2425 283 2451 αὐτοῦ
305 2427 453 2452 ἀνάστασιν
483 2427 515 2453 ἐκ
542 2429 666 2463 νεκρῶν,
696 2428 801 2464 ὡρίσθη
819 2429 882 2460 Υἱὸς

92 2469 181 2503 (θεοὺς
197 2470 255 2501 πῶς
268 2469 314 2497 οὖν
328 2471 462 2503 λέλεκται,
485 2472 514 2498 ὃν
532 2472 559 2498 δὲ
579 2473 593 2498 ὁ
608 2473 674 2504 Θεδς
689 2474 815 2509 ἤγειρεν,
833 2474 883 2501 οὐκ

619 1887 626 1894 ·
642 1877 721 1913 εἴπερ
736 1877 781 1904 οὖν
797 1878 881 1909 ὅντως

93 2513 150 2541 εἶδε
166 2516 334 2551 διαφθοράν;
354 2517 403 2543 καὶ
411 2517 457 2543 τοῦ
473 2517 626 2552 ὁρισθέντος
642 2519 710 2546 Υ·ἱοῦ
720 2520 801 2552 Θεοῦ,
813 2520 895 2548 κατὰ

97 2561 211 2593 Πνεῦμα
229 2561 383 2596 ἁγιωσύνης
414 2563 443 2594 ἐξ
470 2564 644 2596 ἀναστάσεως
668 2565 790 2600 νεκρῶν.
811 2564 883 2592 Ἀλλ’

93 2606 254 2633 εἰπάτωσαν
264 2609 288 2634 οἱ
303 2608 473 2643 ἑρευιητικοὶ
490 2609 544 2635 τῶν
567 2609 695 2644 Γραφῶν,
711 2611 749 2642 ὡς
762 2611 863 2638 οἴονται
874 2633 881 2645 ,

94 2652 120 2677 εἰ
135 2652 166 2677 τὸ
180 2653 328 2686 ἀναστῆναι
342 2655 373 2680 ἐκ
389 2654 492 2688 νεκρῶν
504 2655 548 2681 διὰ
565 2655 612 2681 τοῦ
627 2655 701 2682 θείου
713 2657 882 2691 Πιιεύματος,

94 2697 190 2729 ἁπλῶς
199 2699 277 2725 τοῦτο
287 2699 364 2728 δοξαν
378 2699 442 2726 Υἰοῦ
453 2700 520 2726 Θεοῦ
537 2703 763 2737 περιποιεῖταιτῷ
774 2703 884 2729 ἀνιστα-

97 2743 181 2777 μένῳ,
204 2745 261 2776 πῶς
277 2746 290 2772 ὁ
306 2746 363 2777 vi’a;
384 2747 432 2780 τῆς
454 2747 542 2782 χήρας
558 2748 604 2773 ἐπὶ
627 2749 727 2780 Ἠλίου,
745 2750 790 2775 καὶ
806 2750 819 2775 ὁ
835 2750 884 2784 τῆς

94 2789 278 2824 Σωμανίτιδος
292 2791 339 2818 ἐπὶ
360 2792 505 2823 Ὶέλισσιιὲ,
521 2794 688 2828 καὶΤαὸηθὰ
705 2795 750 2820 ἐπὶ
770 2795 883 2830 Πέτρου,

96 2836 145 2861 καὶ
167 2836 191 2861 οἱ
215 2835 303 2862 λοιποὶ
329 2839 353 2863 οἱ
378 2838 541 2869 ἀναστάντες
561 2840 591 2864 ἐκ
608 2839 715 2875 νεκρῶν
730 2861 736 2873 ,
762 2840 811 2875 οὐχ
829 2841 881 2867 υἱοὶ

928 229 984 258 dita
999 238 1096 257 eorum
1112 231 1317 264 deﬁnitionum,
1334 232 1407 267 quod
1427 240 1497 267 saepe
1511 241 1561 268 pro
1592 239 1650 262 toto
1658 243 1722 268 par-

929 278 982 301 tem
1001 279 1078 302 vocat
1096 274 1238 310 Scriptura
1260 283 1338 304 sacra
1353 282 1384 304 ut
1404 277 1456 304 hoc
1472 286 1479 305 :
1495 278 1526 305 Hi
1556 279 1724 314 sepelierunt

928 319 1077 353 Abraham,
1089 325 1118 348 et
1132 325 1206 348 certe
1221 329 1276 349 non
1290 322 1410 349 animam
1425 323 1554 357 Abrahae,
1569 324 1616 352 sed
1633 326 1721 353 solum

928 371 1040 399 corpus.
1060 364 1133 392 ldcm
1149 364 1232 400 igitur
1252 365 1394 400 sapienter
1417 367 1451 394 de
1475 367 1585 395 Christo
1611 368 1723 396 homine

928 409 1039 436 dicitur.
1057 410 1161 437 Deinde
1171 411 1310 445 quomodo
1324 411 1401 439 locus
1415 417 1487 440 esset
1499 413 1608 441 dicendi
1622 413 1655 441 de
1665 414 1721 441 illo:

932 454 1022 482 «Inter
1037 460 1162 483 mortuos
1173 456 1245 484 liber
1254 457 1280 484 ?)
1294 461 1322 484 et
1333 458 1471 492 quomodo
1483 459 1506 486 si
1516 464 1642 487 mortuus
1651 460 1726 487 inter

929 508 979 528 nos
997 501 1130 530 inventus
1153 506 1195 530 est
1215 501 1275 530 sine
1294 503 1349 530 ulla
1373 503 1542 535 differentia.
1565 505 1622 540 ipse
1634 506 1724 533 suscL

930 546 998 574 lavit
1011 547 1144 582 templ‘um
1171 555 1251 575 suum
1268 548 1297 575 in
1312 548 1401 575 tribus
1418 547 1527 581 diebus,
1553 553 1580 576 et
1609 557 1724 584 corpore

929 596 958 619 et
975 595 1078 624 mente,
1096 597 1127 620 ut
1141 592 1249 626 dicunt,
1266 593 1380 621 omnino
1395 594 1574 628 impassibilis
1588 594 1724 628 factus,ut

932 638 1025 665 omnis
1041 638 1124 666 homo
1159 643 1221 674 post
1237 644 1372 673 mortem;
1398 648 1461 667 nam
1490 648 1556 667 vero
1573 649 1624 668 nec
1644 641 1724 668 talem

930 684 1028 711 animae
1040 688 1205 719 potestatem
1220 685 1357 713 dederunt
1377 690 1439 721 post
1464 691 1579 714 mortem
1603 686 1724 714 homini-

931 728 994 762 bus,
1023 729 1082 757 sine
1123 730 1356 763 resurrectione,,
1375 730 1402 758 in
1421 731 1479 758 suis
1505 732 1726 766 praecedentibus

930 774 1100 810 argumentis
1111 780 1215 810 quanto
1233 776 1319 811 magis
1347 776 1469 803 divinam
1485 776 1637 804 actionem?
1652 777 1726 810 Quo-

932 821 1025 853 modo,
1039 821 1061 848 si
1075 821 1134 856 ipse
1159 822 1243 849 habet
1259 826 1425 856 potestatem
1443 822 1582 859 propriam
1605 823 1725 849 animum

896 865 917 893 Β
933 866 1065 901 ponendi,
1079 871 1106 894 et
1134 867 1260 894 sumendi
1276 875 1348 900 eam,
1365 867 1438 895 inter
1453 875 1504 895 nos
1524 873 1651 895 mortuus
1667 868 1722 896 est?

932 911 999 945 Quis
1010 913 1083 940 enim
1101 913 1164 941 talis
1177 921 1233 940 non
1247 912 1398 948 dignitatis,
1417 913 1439 940 si
1455 913 1603 948 implicitcr
1616 913 1663 941 sed
1677 921 1726 948 po-

932 957 1040 985 testatis
1051 965 1171 992 unquam
1188 957 1295 985 exstitit
1309 958 1380 984 inter
1392 958 1538 986 homines?
1548 958 1615 991 lino,
1629 959 1651 986 si
1668 966 1723 986 non

932 1004 1005 1031 Deus
1030 1004 1057 1030 in
1069 1003 1192 1036 Christo,
1210 1008 1238 1031 ct
1254 1012 1303 1039 per
1319 1009 1435 1032 mortem
1454 1009 1482 1032 et
1511 1005 1666 1040 passionem
1697 1009 1724 1032 et

931 1053 1039 1081 caetera,
1057 1049 1190 1076 mundum
1203 1049 1256 1076 sibi
1278 1049 1475 1080 reconcilians.
1491 1049 1564 1076 sicut
1591 1049 1723 1084 scriptum

935 1099 987 1127 est,
1005 1095 1146 1130 quomodo
1165 1095 1193 1122 in
1213 1095 1300 1122 forma
1325 1095 1373 1123 Dei
1388 1095 1525 1122 exsistens
1549 1095 1607 1130 ipse
1624 1100 1652 1122 et
1668 1103 1724 1122 non

932 1141 1003 1168 alius
1016 1145 1065 1168 aut
1079 1149 1129 1175 per
1141 1140 1236 1173 alium,
1256 1140 1415 1167 humiliavit
1442 1140 1619 1175 semetipsum
1638 1149 1724 1176 usque

931 1186 965 1212 ad
977 1186 1118 1213 mortem?
1128 1190 1155 1213 et
1176 1186 1315 1220 quomodo
1323 1185 1469 1213 Dominum
1481 1187 1575 1221 gloria:
1584 1194 1648 1213 vere
1662 1195 1727 1214 cru-

931 1231 1101 1259 ciﬁxerunt?
1117 1236 1145 1258 et
1163 1231 1302 1266 quomodo
1326 1230 1511 1258 diciturhoc:
1528 1232 1600 1258 Deus
1630 1232 1728 1258 Domi’

931 1286 996 1305 num
1011 1277 1165 1309 suscitavit,
1178 1282 1206 1304 et
1220 1285 1271 1304 nos
1282 1277 1430 1305 suscitabit
1452 1285 1501 1312 per
1527 1278 1656 1305 virtutem
1684 1279 1724 1313 ip-

931 1324 988 1351 sius
1004 1323 1159 1351 resuscitati
1186 1323 1325 1350 communi
1349 1330 1426 1350 voce.
1449 1323 1570 1351 Evidcns
1586 1330 1628 1351 est
1642 1324 1725 1359 igitur

932 1369 1006 1404 quod
1028 1369 1117 1396 virtus
1133 1369 1241 1396 Domini
1256 1369 1292 1396 sit
1309 1369 1496 1396 resurrectivn
1513 1374 1685 1397 mortuorum
1697 1375 1725 1397 ct

931 1416 1048 1442 aliorum
1072 1422 1228 1449 corporum,
1245 1419 1349 1449 quanto
1363 1415 1448 1450 magis
1468 1416 1612 1450 proprium
1635 1425 1726 1444 resur-

932 1462 1001 1489 rexit
1013 1468 1122 1494 corpus,
1137 1460 1180 1487 cui
1193 1460 1338 1487 uniebntur
1354 1460 1523 1496 hyposlatice
1533 1461 1656 1489 iutimius
1667 1463 1725 1498 ipsa

931 1507 1019 1534 virtus
1030 1507 1225 1539 resurrccliva,
1244 1511 1272 1533 ct
1295 1514 1350 1533 non
1366 1507 1418 1534 alia
1430 1507 1572 1535 viviﬁcaris
1585 1509 1672 1536 virtus
1684 1518 1725 1536 re-

930 1552 1112 1586 surgetillud.
1129 1551 1267 1586 quomodo
1279 1552 1391 1586 proprio
1404 1551 1460 1578 ﬁlio
1476 1559 1526 1578 suo
1548 1560 1602 1579 non
1630 1560 1728 1587 peper—

930 1598 1011 1631 cisse,
1027 1598 1075 1624 sed
1092 1605 1142 1632 pro
1155 1597 1236 1624 nobis
1247 1597 1376 1624 omnibus
1388 1597 1463 1624 illum
1472 1597 1618 1624 tradidisse
1625 1598 1728 1625 dicitur

930 1643 1023 1671 Pater?
1038 1644 1060 1670 si
1074 1652 1139 1671 vero
1156 1644 1270 1671 tradidit
1281 1641 1306 1669 in
1323 1645 1434 1676 faciem,
1449 1653 1506 1672 non
1533 1653 1597 1672 vere
1625 1645 1727 1672 dicitur

931 1690 959 1719 id
990 1690 1090 1719 fecisse
1115 1696 1229 1725 propter
1243 1691 1406 1718 charilatem
1427 1699 1504 1718 suam
1517 1691 1544 1718 in
1558 1700 1617 1722 nos,
1636 1692 1727 1718 mani-

931 1737 1032 1766 festum
1046 1743 1167 1772 estergo
1184 1737 1256 1772 quod
1275 1745 1307 1764 ex
1320 1742 1410 1771 parte,
1424 1737 1572 1764 vit'ilicatio
1582 1743 1610 1764 et
1631 1738 1727 1764 morti-
1750 1747 1752 1749 ι

935 1784 1026 1812 ﬁcatio
1038 1784 1071 1810 de
1086 1783 1197 1811 Christo
1214 1783 1361 1815 dicuntur;
1380 1790 1434 1809 non
1447 1782 1520 1809 enim
1533 1783 1638 1817 integre
1648 1783 1726 1810 simi-

935 1830 998 1857 liter
1019 1833 1166 1863 ulrumque
1186 1828 1299 1861 dicitur,
1325 1835 1387 1855 cum
1411 1835 1552 1862 nunquam
1579 1828 1634 1854 sint
1648 1835 1727 1862 teque

934 1883 998 1902 vera
1026 1875 1163 1902 contraria
1176 1874 1210 1901 de
1230 1874 1288 1905 illo,
1305 1881 1367 1901 cum
1386 1873 1470 1907 igitur
1491 1881 1556 1900 vere
1578 1873 1731 1900 Dominum:

935 1920 1028 1955 gloriae
1045 1919 1252 1949 cruciﬁxeruut.
1269 1919 1315 1953 qui
1331 1918 1472 1945 Christum
1487 1918 1513 1944 in
1525 1918 1600 1952 ligno
1613 1925 1730 1952 suspen-

935 1964 1171 1996 derunt,evidens
1188 1968 1232 1990 est
1264 1963 1336 1998 quod
1355 1963 1426 1990 idem
1457 1971 1490 1990 ex
1516 1963 1611 1989 divino
1641 1963 1732 1989 verba.

936 2016 1037 2043 factum
1054 2020 1095 2042 est
1109 2015 1242 2042 Dominus
1260 2015 1364 2049 glorias.
1389 2014 1472 2049 Atqui
1490 2023 1554 2041 vera
1584 2015 1731 2042 cruciﬁxit)

935 2068 978 2089 est
988 2062 1080 2089 carnis
1094 2061 1231 2092 humanae,
1246 2068 1307 2087 nam
1324 2060 1423 2087 divina:
1434 2065 1540 2087 natura:
1553 2061 1672 2087 debetur
1680 2069 1732 2087 su—

936 2115 985 2142 per
999 2107 1090 2134 omnia
1107 2107 1191 2142 gloria
1205 2114 1236 2133 ex
1264 2107 1308 2133 illa
1326 2111 1488 2141 potestatem
1517 2106 1622 2133 habens
1643 2106 1733 2142 glori-

937 2152 1036 2179 ﬁcandi
1052 2159 1121 2186 quos
1133 2152 1202 2183 vult,
1219 2152 1296 2179 solus
1313 2159 1379 2178 vero
1394 2156 1424 2178 ut
1439 2151 1521 2179 homo
1532 2159 1582 2186 per
1597 2157 1733 2178 naturam:

902 2199 923 2228 ο
938 2198 1071 2225 sustinuit
1091 2197 1258 2232 passionem.

1250 2242 1327 2269 CAP.
1345 2242 1390 2269 Ill.

969 2287 1039 2321 Quid
1048 2295 1125 2323 ergo,
1140 2287 1246 2319 dicunt,
1272 2295 1327 2314 non
1345 2286 1497 2317 clarissima
1523 2291 1588 2314 sunt
1611 2295 1672 2322 qua:
1692 2287 1734 2315 de

933 2333 1044 2361 Christo
1057 2334 1197 2365 dicuntur,
1211 2333 1283 2368 quod
1304 2341 1318 2360 a
1333 2333 1389 2360 Deo
1403 2337 1546 2360 surrectus
1559 2333 1659 2361 [uisset
1672 2341 1733 2362 non.

934 2386 950 2405 a
961 2379 1072 2414 seipse?
1084 2383 1112 2406 et
1125 2379 1198 2414 quod
1214 2387 1263 2414 per
1275 2379 1466 2414 operationem
1480 2379 1608 2413 Spiritus
1634 2380 1730 2407 sancti

933 2424 1085 2452 surrexisse
1102 2432 1117 2451 a
1128 2424 1244 2451 mortuis
1254 2424 1457 2452 ctconstimtus
1471 2424 1558 2452 Filius
1569 2425 1615 2452 Dei
1629 2425 1640 2452 ?
1655 2425 1731 2458 Quo-

936 2469 1019 2497 modo
1035 2478 1100 2505 ergo
1128 2470 1233 2498 dictum
1250 2475 1306 2497 est:
1319 2470 1406 2503 Quem
1417 2470 1490 2497 Deus
1505 2471 1658 2504 suscitavit,
1671 2479 1733 2499 non

933 2515 1004 2542 vidit
1020 2516 1225 2550 corruptionem
1239 2516 1250 2542 ?
1263 2520 1292 2543 et
1307 2516 1450 2544 constituti
1466 2516 1526 2544 Filii
1550 2517 1609 2549 Dei,
1626 2525 1735 2544 secun~

936 2562 1003 2589 dum
1019 2561 1156 2596 Spiritum
1190 2562 1417 2590 sanctiﬁcationis
1456 2571 1490 2590 ex
1523 2563 1727 2590 resurrectione

935 2611 1120 2639 mortuorum?
1134 2611 1186 2638 Sed
1196 2611 1294 2638 dicunt
1306 2612 1493 2646 exploratores
1505 2613 1724 2648 Scripturarum,

936 2661 966 2685 ut
981 2657 1130 2692 apinantur
1147 2666 1154 2684 :
1172 2657 1202 2684 Si
1216 2659 1384 2686 resurrectio
1395 2667 1428 2685 ex
1444 2659 1562 2686 mortuis
1579 2667 1627 2694 per
1638 2660 1726 2694 Spiri-

935 2708 991 2731 tum
1007 2703 1067 2735 Dci,
1083 2702 1245 2737 simpliciter
1260 2703 1374 2737 gloriam
1386 2703 1446 2730 Filii
1464 2703 1511 2730 Dei
1525 2704 1622 2730 tribuit
1640 2704 1727 2730 susci-

939 2750 1017 2776 tanti.
1044 2749 1182 2783 quomodo
1208 2749 1278 2775 illius
1292 2749 1381 2775 vidua:
1397 2749 1432 2776 ab
1450 2750 1522 2781 Eiia,
1539 2753 1568 2776 et
1585 2750 1657 2776 ﬁlius
1669 2750 1724 2776 Su-

934 2795 1078 2822 namitidis
1099 2795 1133 2821 ab
1157 2795 1247 2822 Elisco
1263 2795 1442 2822 ct'fhabitaa
1469 2796 1560 2827 Petro,
1583 2799 1611 2822 ct
1633 2795 1733 2822 ueteri-

936 2841 1130 2869 rcsuscitantcs
1147 2849 1161 2868 ιι
1181 2842 1297 2868 mortuis
1334 2850 1389 2868 non
1416 2846 1480 2869 sunt
1505 2841 1646 2870 constituti
1675 2840 1722 2869 lilii
