1960 3093
143 180 210 212 1733

613 175 810 208 ADVERSUS
829 174 1103 207 NESTORIANOS.
1116 189 1148 194 -
1162 176 1235 206 LIB.
1255 177 1288 207 V.

1701 180 1767 212 17M

139 234 187 261 καὶ
200 232 282 268 ὁμοίᾳ
299 230 428 266 κοινωνίᾳ
450 229 518 265 φησὶ
533 228 563 256 τὸ
584 229 675 264 λόγιον
701 227 928 262 κεκοινωνηκέναι

983 231 1178 259 communione
1188 232 1256 260 dicit
1264 232 1406 267 Scriptura
1417 233 1580 270 participem
1596 243 1656 263 esse
1669 236 1767 267 lilium.

138 280 185 306 τὸν
202 279 275 311 Υῑὸν,
290 278 373 313 ἧγουν
396 276 513 312 αἵματος
537 275 585 302 καὶ
612 275 723 310 σαρκός·
754 274 784 301 οὐ
803 273 856 309 μὴν
884 273 932 300 καὶ

139 325 185 352 τὸν
206 324 414 359 κοινωνήσαντα
442 321 529 348 τοῖσδε
544 321 613 348 καθ’
627 321 721 356 ἡμᾶς,
746 319 840 354 ὅμοιον
866 319 931 353 ἡμῖν

138 371 222 406 φησὶν
236 370 338 401 ἁπλῶς·
355 368 425 395 ὥστε
436 368 464 401 ἐξ
475 368 569 403 ὁμοίου
583 367 630 394 καὶ
643 365 772 401 ἀνομοίου
786 366 850 400 ἡμῖν
859 365 932 390 ἐκεί-

136 425 183 448 νος
199 417 351 451 σύγκειται·
369 415 427 447 πῶς
441 414 486 441 οὖν
502 414 582 449 μόνον
606 413 667 440 καθ’
683 412 756 448 ἡμᾶς
782 411 858 437 ἔσται
882 410 931 437 ἆν-

140 463 247 499 θρωπος
264 471 272 496 ;

436 505 558 533 ΚΕΦΑΛ.
573 504 613 532 θ’.

175 555 206 581 El
220 554 234 580 6
253 553 346 588 Πατὴρ
363 552 427 579 ποτε
450 552 499 587 μὲν
514 550 561 577 τοῦ
577 549 645 577 Θεοῦ
663 549 750 583 Λόγου
769 549 850 584 μόνου
872 548 930 574 Πα-

138 601 202 635 τὴρ,
217 598 282 625 ποτὲ
296 599 324 625 δὲ
342 599 386 624 καὶ
395 597 489 632 Πατὴρ
499 597 547 623 καὶ
559 596 636 627 Θεὸς.
649 595 666 631 ἢ
678 595 733 630 ἄρα
744 595 784 626 εἰς
796 593 825 620 τὸ
837 592 929 627 μεῖζον

139 645 292 680 προέκοψεν
305 645 319 670 ὁ
339 643 444 679 Πατὴρ,
460 643 476 678 ἢ
495 643 536 674 εἰς
563 642 594 669 τὺ
609 642 720 668 ἔλαττον
744 639 929 674 κατεῦιδάσθη

138 691 237 721 ὁΥἱός,
264 689 344 716 Ἀλλὰ
360 689 452 724 Πατὴρ
479 689 528 723 μὲν
551 687 599 714 τοῦ
614 687 729 721 ἀοράτου
756 686 844 719 Λόγου
875 685 927 717 ἀεὶ,

139 738 204 768 Θεὸς
229 736 257 762 δὲ
285 736 370 770 μόνης
393 735 442 770 τῆς
467 733 608 770 ὁρωμένης
634 732 736 768 σαρκὸς
765 731 812 757 τοῦ
841 730 928 764 Λόγου

138 783 220 808 ἔστιν.

450 825 574 852 ΚΕΦΑΔ.
589 824 617 850 l'.

173 873 204 900 El
221 873 288 908 ὁμοῦ
304 871 371 903 Θεος
393 871 441 898 καὶ
458 870 600 906 ἄνθρωπος
624 869 637 895 6
664 867 796 903 Χριστὸς,
816 866 864 892 καὶ
878 864 928 891 οὐκ

982 277 1088 304 scilicet
1102 278 1194 305 carnis
1211 282 1239 305 et
1251 279 1403 313 sanguinis,
1424 287 1480 307 non
1496 288 1563 307 vero
1577 281 1624 316 qui
1641 290 1764 310 commu-

982 322 1076 349 nicant
1093 322 1126 350 de
1144 323 1187 350 his
1206 323 1278 350 inter
1306 331 1356 351 nos
1372 325 1439 352 dicit
1462 326 1625 360 simpliciter
1649 329 1768 356 similim

982 368 1071 400 nobis,
1086 369 1122 395 ita
1136 373 1165 396 ut
1180 369 1225 396 ille
1239 370 1371 398 consistat
1388 379 1420 398 es
1439 372 1521 400 simili
1536 379 1564 401 et
1575 374 1703 402 dissimili
1718 384 1769 404 no-

963 411 1047 440 bis:
1075 413 1214 446 quomodo
1241 421 1307 449 ergo
1335 415 1506 444 solummodo
1535 419 1607 446 inter
1635 428 1686 448 nos
1714 422 1769 449 erit

982 458 1065 486 homo
1074 459 1085 485 ?

1303 503 1378 531 CAP.
1399 504 1446 533 IX.

1015 547 1043 575 Si
1067 548 1148 576 Pater
1166 549 1315 584 aliquando
1331 550 1382 577 fuit
1402 551 1481 578 Pater
1498 552 1545 580 Dei
1574 553 1655 582 Verbi
1669 556 1767 588 solius.

979 593 1129 628 aliquando
1144 599 1237 622 autem
1255 601 1282 623 et
1310 596 1389 623 Pater
1403 601 1430 624 et
1446 598 1528 631 Deus,
1543 607 1608 627 sane
1626 601 1653 628 in
1669 602 1769 630 melius

979 640 1116 674 processit
1143 640 1233 672 Pater,
1253 642 1317 668 etin
1349 643 1427 677 pejus
1447 644 1591 673 descendit
1612 646 1694 673 filius.
1714 647 1767 675 Sed

980 683 1060 711 Pater
1078 689 1121 711 est
1142 692 1252 719 semper
1267 686 1415 715 invisibilis
1429 688 1510 716 Verbi
1525 698 1531 723 ;
1547 690 1620 718 Deus
1640 688 1706 719 vero
1721 700 1766 720 so-

979 728 1035 756 lius
1047 728 1167 756 visibilis
1182 731 1276 758 carnis
1293 732 1385 760 Verbi.

1305 817 1380 846 CAP.
1401 820 1435 847 Χ.

1305 820 1380 846 CAP.
1401 820 1435 847 Χ.
1635 823 1642 833 ‘

1015 860 1043 888 Si
1053 861 1134 889 simul
1148 863 1220 890 Deus
1230 868 1258 890 ct
1271 864 1353 892 homo
1366 865 1504 899 Christus,
1523 872 1550 895 et
1566 876 1621 895 non
1637 874 1679 896 est
1692 870 1765 898 Deus

131 918 212 945 ,ἐστιν
222 900 243 944 ὁι
249 917 314 947 Θεὸς
328 900 394 948 Θε-ὺς
410 915 457 943 τοῦ
469 900 613 950 ἁνάρώπου
627 933 634 945 ,
649 900 728 948 δῆλον
739 912 781 938 ὅτι
794 912 844 938 οὐκ
857 910 926 937 εἰσὶν

980 904 1096 933 hominis
1109 906 1192 941 Deus,
1209 908 1325 937 evidens
1339 915 1382 937 est
1397 912 1469 945 quod
1492 921 1546 939 non
1577 914 1632 940 sint
1647 915 1720 942 inter
1735 923 1765 943 se

137 964 262 999 ἀλλήλοις
274 963 343 997 ὅπερ
361 962 496 996 λέγονται·
514 959 637 986 τουτέστι
654 958 715 984 οὔτε
741 957 808 988 Θεδς
824 956 862 992 τῷ
877 957 926 983 ἀν-

132 1010 239 1045 ιῦρώπῳ
254 1011 267 1036 6
286 1009 363 1041 Θεὸς,
379 1007 440 1035 οὔτε
463 1006 606 1041 ἄνθρωπος
619 1005 658 1040 τῷ
669 1004 727 1039 Θεῷ
741 1005 755 1030 ὁ
771 1003 925 1038 ἄνθρωπος.

143 1053 214 1080 Ἀλλ’
230 1054 257 1080 αἰ
275 1052 324 1087 μὲν
337 1053 366 1078 ὲν
379 1051 475 1086 Κυρίῳ
495 1050 600 1085 φύσεις,
618 1049 704 1080 οὕτως
735 1048 826 1083 ἔχουσι
857 1047 927 1082 πρὸς

130 1098 253 1134 ἀλλήλας
268 1097 520 1132 ἀντεξεταζόμεναι·
549 1095 656 1122 τούτων.
670 1095 724 1129 γὰρ
739 1095 755 1129 ὴ
777 1094 826 1129 μὲν
846 1093 928 1120 segm-

132 1154 166 1171 σε
190 1143 310 1179 δηλονότι
323 1143 359 1174 ὡς
372 1143 441 1174 θεία,
460 1142 476 1177 ὴ
491 1142 519 1168 δὲ
532 1141 635 1175 ἐοεώοη
652 1139 874 1175 ὡμολογημένους
888 1138 926 1170 ὡς

139 1190 175 1224 μὴ
195 1189 274 1223 φύσει
296 1188 356 1224 θείᾳ
383 1188 477 1216 πάλαι·
503 1187 620 1221 Χριστὸς
647 1186 674 1212 δὲ
702 1185 793 1218 αὐτὸς,
811 1185 926 1219 ἡγουνὴ

134 1235 252 1269 ξυνωρὶς
269 1234 320 1268 τῆς
335 1233 460 1268 θεότητος
473 1234 521 1258 καὶ
530 1231 750 1267 ἁνθρωπότητος,
759 1230 820 1257 οὗτε
832 1229 927 1260 ἁπλῶς

135 1280 201 1311 Θεὲς
231 1278 376 1313 ἀνθρώπου
402 1278 449 1304 καὶ
480 1278 539 1303 ὃ).ου
568 1276 677 1308 ἑαυτοῦ,
694 1274 756 1302 οὔτε
784 1274 929 1309 ἄνθρωπος

135 1324 202 1350 Θεοῦ
212 1325 257 1351 καὶ
273 1322 370 1353 ἑαυτοῦ
388 1322 462 1349 κατὰ
477 1322 526 1356 τὴν
542 1321 700 1348 ὺπῶστασιν·
713 1320 773 1347 ἀλλ’
784 1319 843 1354 ἅμα
856 1319 928 1350 Θεός

136 1377 164 1397 τε
184 1369 229 1395 καὶ
249 1367 391 1402 ἄνθρωπος
405 1368 418 1394 ὁ
433 1367 523 1398 αὑτός·
553 1367 621 1401 πρός
648 1374 678 1392 τε
705 1365 773 1391 Θεὸν
786 1364 927 1399 διαφέρων

133 1417 168 1449 τῇ
184 1414 323 1442 ὲτιενδύσει
339 1413 386 1440 τοῦ
407 1413 587 1449 ἀνθρωπίνου.
610 1413 655 1439 καὶ
685 1411 753 1446 πρὸς
769 1409 930 1445 ἁνίιρώπους

135 1460 242 1487 διοίσων
255 1460 288 1494 τῇ
308 1459 443 1494 ἐνοικήσει
468 1458 515 1484 τοῦ
538 1457 627 1486 Θείου.

419 1515 547 1542 ΚΕΦΑΛ.
561 1516 613 1542 IA’.

171 1562 334 1596 Δειτουργδν
359 1561 413 1587 τῶν
440 1560 525 1594 ἁγίων
544 1561 589 1586 τὸν
615 1560 733 1595 Χριστὸν
764 1559 893 1594 ὀνομάζει
911 1560 927 1595 ἠ
942 1574 963 1603 C

135 1607 202 1641 ἁγία
215 1607 322 1642 Γραφή·
340 1607 387 1633 καὶ
405 1606 458 1637 πᾶς
474 1606 639 1640 λειτουργὸς,
654 1605 700 1631 τοῦ
712 1604 780 1631 Θεοῦ
796 1605 927 1640 δηλονότι,

136 1653 176 1687 τῷ
192 1652 251 1686 θεῷ
274 1651 355 1678 αὐτοῦ
370 1651 533 1686 λειτουργεί·
550 1651 596 1676 καὶ
611 1651 635 1676 εἰ
649 1650 682 1677 τὰ
695 1650 741 1676 τοῦ
762 1650 846 1685 νόμον
864 1651 928 1677 σκιὰ

135 1696 170 1733 ἦν
184 1697 239 1723 τῶν
253 1696 281 1722 ὲν
298 1697 330 1732 τῇ
347 1689 449 1731 χάριτι,
464 1696 493 1721 ὲν
516 1695 544 1721 δὲ
569 1696 602 1730 τῇ
624 1695 688 1730 σκιᾷ
706 1693 782 1730 εἶχεν
797 1695 811 1721 6
845 1695 928 1730 νόμος

136 1743 301 1777 λειτουργὸν,
312 1741 390 1776 δῆλον
405 1741 445 1767 ὅτι
463 1739 510 1766 καὶ
528 1740 557 1766 ὲν
569 1742 602 1775 τῇ
623 1740 713 1775 χάριτι
726 1741 784 1774 ἔχει
807 1740 929 1775 λειτουρ-

137 1790 195 1823 γόν.
218 1788 296 1815 Ἐπεὶ
315 1787 360 1814 οὖν
380 1787 428 1813 καὶ
443 1786 517 1821 θῦμα
538 1783 608 1820 εἶχεν
625 1786 642 1821 ή
659 1786 732 1818 σκιὰ,
746 1785 795 1812 καὶ
809 1785 931 1821 λειτουρ-

137 1835 186 1868 γοῦ
215 1831 368 1868 ὄντοςητοῦ
394 1831 512 1867 Χριστοῦ
540 1831 576 1862 ὡς
592 1830 735 1866 ἀνθρώπου
763 1829 825 1857 καθ’
846 1831 929 1866 ὑμᾶς,

137 1881 188 1907 ποῦ
203 1880 337 1915 ζητοῦμεν
366 1879 413 1905 καὶ
427 1878 458 1904 τὸ
469 1877 542 1912 θῦμα
556 1877 606 1911 τῆς
632 1877 712 1909 σκιᾶς
729 1884 737 1910 ;
754 1877 779 1903 ει
794 1878 928 1912 νοήσομεν

136 1927 184 1953 οὖν
197 1926 228 1952 τὸ
244 1923 421 1952 ἀποστολικὺν
440 1922 482 1949 ὅτι
494 1921 538 1948 διὰ
564 1921 722 1956 Πνεύματος
737 1921 815 1955 ἁγίου
830 1921 928 1949 ἑαυτὸν

136 1973 251 2007 ἄμωμον
263 1970 432 2006 προσήνεγκε
449 1968 488 2004 εῷ
498 1967 568 2002 Θεῷ,
591 1967 752 2001 γνωσόμεθα
775 1966 813 1998 ὡς
825 1968 839 1993 6
847 1966 928 1998 αὑτός

137 2026 168 2044 σε
183 2017 231 2043 καὶ
256 2014 377 2049 ἐφάπαξι
391 2014 421 2040 οὺ
440 2014 494 2048 γὰρ
510 2012 556 2039 καὶ
572 2012 712 2044 πολλάκις,
726 2012 773 2038 καὶ
780 2009 820 2043 εἷς
835 2012 882 2038 καὶ
896 2011 926 2038 οὐ

137 2062 248 2092 πλειους
277 2059 423 2096 ἱερατεύων
445 2058 523 2089 ἐστὶ,
541 2057 698 2093 λειτουργὸς
721 2065 752 2083 τε
776 2056 855 2090 Θεοῦ,
880 2057 926 2083 καὶ

137 2108 211 2142 ϋῦμα
230 2106 289 2142 Θεῷ
317 2105 416 2140 ὁμοιως
430 2113 459 2131 τε
483 2103 531 2130 καὶ
545 2103 610 2134 Θεὸς
635 2102 886 2138 λειτουργούμινος·
900 2102 926 2128 ει

136 2156 193 2191 γὰρ
214 2154 258 2181 διὰ
286 2153 445 2188 Πνεύματος
471 2151 551 2186 ἁγίου
585 2150 804 2186 προσφερόμενος
828 2149 924 2176 ἑαυτὸν

137 2201 329 2236 προσενεγκεῖν
357 2199 465 2233 λέγεται
476 2218 484 2230 ,
499 2197 547 2224 καὶ
561 2196 617 2223 οὐδ’
629 2196 723 2232 ἐτέρου
741 2195 924 2231 προσενεχθῇ-

976 955 1006 978 ιιι
1022 951 1162 980 dicuntur.
1187 954 1215 980 ld
1243 958 1286 981 est
1311 955 1383 983 Deus
1396 964 1450 984 non
1478 963 1521 985 est
1548 959 1621 986 Deus
1646 961 1763 994 homini,

975 1003 1027 1023 nec
1039 997 1123 1025 homo
1138 999 1194 1026 Deo
1206 999 1288 1027 homo
1302 1005 1408 1029 naturae
1427 1010 1487 1037 quae
1510 1008 1574 1031 sunt
1589 1005 1615 1032 in
1635 1006 1762 1039 Domino,

976 1043 1016 1070 sic
1030 1042 1103 1070 inter
1116 1051 1146 1071 se
1156 1051 1321 1080 pugnarent.
1339 1047 1412 1076 inter
1430 1057 1489 1083 qna=
1508 1050 1592 1078 Deum
1608 1051 1682 1085 facit,
1697 1061 1763 1081 sane

977 1093 1008 1115 ut
1021 1089 1123 1122 divina,
1137 1098 1199 1125 quas
1220 1092 1313 1120 divina
1328 1094 1398 1121 facta
1423 1099 1466 1122 est
1497 1097 1556 1124 sine
1578 1097 1662 1126 dubio
1684 1100 1764 1134 quasi

976 1143 1031 1163 non
1047 1137 1211 1164 naturaliter
1228 1138 1322 1165 divina
1343 1146 1377 1166 ex
1394 1141 1519 1175 antiquo.
1537 1142 1664 1172 Christus
1691 1145 1762 1180 ipse,

977 1179 1003 1207 id
1023 1184 1066 1208 est
1089 1181 1155 1208 unio
1171 1182 1324 1210 divinitatis
1341 1189 1369 1211 et
1393 1185 1587 1219 humanitatis,
1619 1196 1670 1216 nec
1694 1179 1762 1217 sim-

977 1225 1086 1259 pliciter
1100 1227 1170 1253 Deus
1183 1227 1302 1255 hominis
1312 1233 1339 1255 et
1367 1230 1410 1256 sui
1427 1232 1524 1263 totius,
1546 1240 1597 1259 nec
1619 1233 1702 1261 homo
1714 1235 1763 1263 Dei

977 1274 1006 1297 et
1017 1271 1059 1297 sui
1072 1272 1224 1299 secundum
1240 1273 1413 1308 hypostasin,
1428 1277 1475 1303 sed
1491 1278 1572 1304 simul
1586 1279 1657 1307 Deus
1670 1285 1698 1307 et
1714 1281 1764 1308 ho-

978 1322 1023 1342 mo
1038 1315 1095 1349 ipse
1109 1323 1124 1342 a
1144 1316 1199 1343 Deo
1213 1317 1344 1345 didercns
1360 1319 1499 1348 induendo
1512 1321 1721 1358 humanitatem.
1734 1332 1765 1354 et

978 1360 1104 1389 homines
1121 1370 1256 1397 superans
1277 1365 1468 1400 participando
1485 1367 1634 1396 divinitati.

1302 1507 1378 1535 CAP.
1399 1508 1445 1536 XI.

1016 1551 1191 1578 Sacerdotem
1207 1556 1363 1579 sanctorum
1375 1552 1515 1581 Christum
1531 1559 1610 1582 vocat
1623 1555 1766 1592 Scriptura

981 1605 1067 1629 sacra,
1094 1602 1122 1624 et
1147 1599 1237 1624 onmis
1253 1599 1392 1632 sacerdos,
1422 1599 1470 1626 Dei
1491 1604 1534 1628 est
1552 1601 1704 1636 evidenter,
1721 1611 1768 1631 sa-

980 1643 1085 1671 criﬁcat
1109 1644 1164 1671 Deo
1193 1651 1254 1675 suo.
1271 1648 1299 1671 et
1324 1643 1347 1670 si
1363 1642 1550 1673 institutiones
1576 1647 1643 1682 legis
1669 1649 1766 1677 umbra

979 1693 1058 1716 erant
1073 1689 1275 1716 institutionum
1290 1689 1358 1724 legis
1368 1690 1471 1724 gratiae.
1492 1690 1520 1718 in
1537 1692 1636 1719 umbra
1651 1693 1696 1720 lex
1715 1694 1766 1722 ha-

980 1732 1041 1760 buit
1055 1733 1237 1764 sacerdotem,
1252 1733 1397 1760 evidenter
1409 1734 1436 1760 in
1449 1734 1508 1769 lege
1527 1735 1622 1769 gratias
1636 1737 1767 1766 sacerdos

980 1785 1040 1806 esse
1055 1777 1148 1806 debet.
1168 1778 1237 1806 Cum
1259 1785 1328 1805 vero
1345 1779 1511 1808 sacriﬁcium
1525 1777 1763 1815 habuitumbram,

979 1831 1043 1851 eum
1058 1823 1185 1851 Christus
1196 1827 1226 1851 ut
1242 1824 1325 1852 homo
1338 1825 1374 1852 sit
1397 1826 1527 1854 sacerdos
1543 1827 1615 1855 inter
1630 1836 1692 1862 nos,
1716 1830 1764 1857 ubi

979 1877 1165 1905 quaeremus
1175 1869 1340 1898 sacriﬁcium
1355 1871 1470 1904 umbrae,
1485 1871 1508 1898 si
1520 1876 1681 1907 cooptamus
1691 1873 1765 1909 Apo-

978 1916 1042 1944 stoli
1059 1915 1162 1943 dictum
1174 1915 1239 1950 quia
1253 1923 1303 1950 per
1318 1915 1453 1950 Spiritum
1484 1921 1610 1945 sanctum
1643 1919 1764 1955 seipsum

976 1962 1104 1990 exhibuit
1126 1961 1398 1996 irreprehensibilem
1426 1962 1501 1994 Deo,
1538 1963 1660 1992 sciemus
1689 1964 1764 2000 quod

977 2007 1036 2043 ipse
1051 2007 1147 2039 semel,
1155 2015 1210 2035 non
1218 2011 1311 2034 autem
1323 2007 1437 2042 pluries,
1454 2012 1483 2035 et
1496 2016 1569 2036 unus
1578 2013 1621 2036 est
1635 2011 1765 2039 sacerdos

976 2056 1004 2081 et
1024 2060 1079 2080 non
1095 2053 1190 2088 plures
1210 2053 1371 2081 ministrans
1392 2054 1460 2086 Deo,
1475 2057 1504 2081 et
1519 2055 1639 2083 victima:
1663 2057 1765 2085 similis

976 2099 1043 2131 Deo,
1057 2102 1087 2125 et
1109 2098 1183 2125 Deus
1200 2097 1245 2125 eui
1264 2098 1394 2131 utemur;
1424 2106 1488 2126 nam
1516 2099 1539 2126 si
1564 2108 1613 2135 per
1628 2101 1762 2137 Spiritum

975 2149 1100 2172 sanctum
1119 2144 1220 2179 legitur
1240 2144 1362 2178 seipsum
1385 2144 1438 2172 sibi
1457 2145 1484 2172 in
1513 2146 1606 2173 cibum
1621 2147 1718 2182 fuisse,
1734 2154 1762 2176 et

975 2199 1030 2218 non
1043 2191 1097 2218 alio
1115 2190 1208 2226 dirigi,
1235 2191 1350 2218 evidens
1366 2195 1408 2218 cst
1431 2191 1504 2226 quod
1520 2192 1616 2220 eadem
1644 2198 1686 2220 est
1712 2202 1762 2222 na-

136 2235 190 2279 νσι,
212 2245 291 2280 δῆλον
307 2244 344 2276 ὡς
358 2244 405 2279 τῆς
426 2241 509 2270 aia-:66
526 2241 634 2276 φύσεώς
650 2243 708 2269 ἐστι
722 2241 753 2268 τὸ
770 2240 882 2276 Πνεῦμα
893 2240 923 2267 τὸ

980 2241 1038 2264 tura
1055 2235 1175 2271 Spiritus
1187 2237 1276 2264 sancti
1300 2237 1346 2272 qui
1372 2241 1415 2265 est
1428 2238 1512 2265 etiam
1529 2239 1610 2266 Deus.

135 2293 222 2326 ἄτιον,
240 2292 253 2319 ὁ
267 2291 325 2318 ἑστι
340 2289 387 2317 καὶ
403 2289 480 2320 Θεός.

436 2333 558 2359 ΚΕΦΑΛ.
575 2332 625 2359 ΙΒ¹.

172 2382 203 2410 Et
216 2383 265 2417 τῆς
293 2379 416 2414 κεφαλῆς
426 2379 456 2405 οὐ
475 2379 601 2410 δεσπόζει
620 2378 634 2404 6
655 2377 721 2409 Θεδς
748 2377 845 2411 Λόγος.
869 2375 924 2404 οὐδ’

136 2429 192 2463 ἄρτι
205 2429 265 2455 ὃλον
281 2427 328 2455 τοῦ
346 2426 471 2460 σώματος
501 2425 635 2457 δεσπόζει·
652 2425 677 2451 ει
690 2424 718 2451 δὲ
734 2424 781 2459 τῆς
805 2423 923 2458 Ἐκκλη-

137 2475 198 2505 uia;
214 2473 315 2508 Κύριος
331 2473 345 2498 6
359 2471 425 2502 Θεὸς
440 2471 536 2505 Λόγος,
567 2470 597 2502 ἒξ
611 2470 734 2504 ἀνάγκης
751 2470 797 2496 καὶ
814 2469 863 2504 τῆς
877 2476 925 2496 κε-

137 2519 225 2555 φαλῆς
238 2519 288 2553 τῆς
312 2517 474 2552 Ἐκκλησεας
486 2517 544 2543 ἐστὶ
568 2515 681 2551 Κύριος.
698 2516 728 2542 Et
747 2515 817 2542 κατὰ
844 2514 924 2549 φύσιν

137 2565 225 2598 πάντη
251 2563 371 2597 ἰσότιμος
397 2562 446 2597 τὴν
470 2561 547 2594 τάξιν
573 2561 620 2588 καὶ
632 2560 768 2595 ὁμοταγὴς
783 2561 800 2595 ἡ
820 2560 925 2596 κεφαλὴ

138 2610 205 2643 πρδς
219 2609 249 2635 τὺ
263 2608 322 2635 ὅλον
350 2608 440 2643 σῶμα,
469 2607 524 2633 οὐδ’
539 2608 594 2642 ἄρα
616 2606 718 2642 κεφαλὴ
745 2607 828 2637 ὄντως
852 2607 939 2638 ἐστὶν,

136 2655 197 2689 ἣτις
213 2654 250 2684 ὼς
264 2654 334 2689 ἀρχὴ
355 2653 402 2680 καὶ
412 2652 584 2687 ἐπικείμενον
599 2652 680 2686 μέρος
698 2651 738 2686 τῷ
755 2652 927 2686 ὑποκειμένῳ

137 2700 221 2732 αὐτῆς
229 2699 282 2733 ὅλῳ
295 2699 401 2733 σώματι
417 2698 521 2724 νόεταν
546 2698 569 2723 εἰ
583 2697 610 2722 δὲ
622 2697 706 2728 ὅντως
729 2696 887 2731 ὑπέρκειται
897 2704 927 2723 τε

107 2737 113 2741 ’
135 2744 219 2772 αὐτοῦ
232 2746 332 2780 φυσικῇ
346 2745 428 2775 Θέσει,
448 2744 494 2770 καὶ
502 2743 531 2775 ἐξ
545 2743 627 2774 αὐτῆς
639 2744 692 2768 πᾶν
702 2743 731 2768 τὸ
743 2743 821 2777 σῶμα
832 2750 928 2776 συναρ-

139 2788 294 2825 μολογεῖται
309 2790 354 2815 καὶ
382 2787 580 2823 συμϐιϐάξεται
594 2788 639 2814 καὶ
651 2788 857 2822 ἐπιχορηγεῐται
878 2787 926 2818 τὰς

138 2835 278 2868 δυνάμεις,
301 2834 378 2869 δῆλον
403 2834 439 2865 ὡς
466 2833 573 2868 μεθέξει
596 2833 668 2865 τινὸς
694 2833 860 2868 ἡγεμονικῆς
877 2835 924 2860 τοῦ

140 2881 265 2915 caligare;
282 2880 387 2913 φύτεως
403 2879 476 2914 παρὰ
500 2879 548 2914 τὴν
569 2878 806 2914 ἡγεμονευομένην
823 2879 868 2905 ὑπ’
879 2881 926 2906 αῦ-

1291 2336 1365 2364 CAP.
1386 2337 1445 2365 XII.

1011 2379 1038 2407 Si
1052 2379 1135 2415 capiti
1159 2388 1214 2407 non
1230 2381 1347 2416 imperat
1365 2382 1438 2410 Deus
1462 2383 1597 2417 Verbum,
1620 2392 1671 2412 nec
1697 2393 1761 2413 sane

976 2425 1027 2453 toti
1057 2426 1166 2461 corpori
1197 2427 1324 2461 imperat.
1354 2427 1382 2455 Si
1409 2429 1533 2457 ecclesiae
1561 2430 1694 2458 Dominus
1720 2435 1762 2459 est

975 2470 1049 2497 Deus
1074 2471 1205 2504 Verbum,
1230 2473 1388 2500 necessario
1402 2475 1486 2501 etiam
1510 2475 1762 2510 capitis‘Ecclesiae

965 2518 1018 2542 »εει
1033 2515 1175 2542 Dominus.
1194 2516 1221 2543 Si
1238 2517 1390 2544 secundum
1413 2523 1538 2546 naturam
1568 2528 1651 2548 omne
1680 2526 1763 2556 caput

976 2563 1018 2587 est
1035 2559 1158 2594 ejusdem
1185 2561 1299 2591 valoris.
1316 2562 1469 2589 secundum
1489 2563 1615 2591 ordinem
1635 2570 1718 2600 caput
1733 2565 1762 2593 in

975 2605 1072 2633 eodem
1086 2605 1183 2633 ordine
1198 2610 1241 2633 est
1253 2606 1286 2633 ad
1300 2611 1386 2634 totum
1401 2615 1513 2642 corpus,
1529 2617 1584 2636 non
1596 2617 1660 2637 vero
1681 2615 1763 2644 caput

976 2659 1041 2678 vere
1057 2656 1100 2678 est
1121 2651 1194 2686 quod
1219 2656 1250 2679 ut
1274 2652 1438 2687 principium
1463 2658 1491 2680 et
1515 2654 1676 2689 principalis
1699 2661 1763 2687 pars

976 2697 1110 2732 prospicit
1126 2702 1182 2724 toto
1195 2698 1305 2732 corpori
1317 2699 1369 2733 ipsi
1381 2699 1517 2734 subjecto.
1533 2699 1560 2726 Si
1577 2704 1668 2726 autem
1696 2708 1761 2728 Vere
1784 2709 1789 2716 ι

977 2747 1104 2777 superest
1119 2743 1232 2778 physico
1250 2744 1390 2779 principio
1419 2746 1489 2780 ejus,
1512 2753 1545 2772 ex
1568 2745 1658 2780 capite
1680 2753 1762 2773 omne

977 2796 1077 2824 corpus
1109 2789 1218 2824 adoptat
1238 2790 1481 2825 eLapprcpinqual
1498 2794 1526 2816 et
1541 2789 1616 2817 addit
1635 2791 1760 2826 virtutes,

977 2835 1120 2861 evidenter
1136 2843 1200 2870 ergo
1216 2835 1352 2870 particeps
1375 2840 1416 2862 est
1441 2836 1558 2871 alicujus
1579 2841 1684 2864 naturae
1701 2845 1764 2865 cor—

978 2879 1052 2914 poris
1079 2879 1220 2906 directirze
1248 2888 1331 2915 prope
1358 2880 1508 2915 subjectam
1525 2880 1559 2908 ab
1575 2881 1621 2908 illa
1644 2882 1760 2909 similem
