1960 3093
234 175 302 207 1735

863 174 1016 204 LEONTII
1037 172 1238 203 ΒΥΖᾹΝΤΙΝΙ

1785 167 1863 199 173G

233 235 283 268 Ipsi
300 239 426 262 naturam
444 236 529 262 totius
547 235 682 270 corporis.
697 235 776 269 cujus
784 229 811 262 lsi
839 243 892 261 non
904 234 1014 268 sitpar-

1075 233 1113 266 τῆς
1128 231 1269 266 όμοούσιον
1287 230 1355 265 αὐτῇ
1370 229 1450 263 φύσιν
1470 228 1551 256 αὐτοῦ
1572 227 1619 254 τοῦ
1644 227 1704 255 ὅλου
1728 227 1861 262 σώματος

233 279 332 314 ticeps,
347 289 399 308 nec
415 285 456 308 est
471 285 554 316 caput
572 289 633 308 cum
656 289 709 307 non
732 280 832 315 dirigat
846 280 949 314 reliqua
961 279 1015 306 eir-

233 333 263 352 ea
278 326 370 359 illam;
386 326 407 353 si
427 334 492 354 vero
509 327 649 361 particeps
664 332 706 354 est
719 327 778 361 ejus
798 327 846 360 qui
872 330 963 352 movet
988 330 1016 353 et

231 372 286 407 agit
300 380 399 407 corpus
419 381 472 400 non
485 381 549 399 vero
567 373 704 406 reliquum
719 371 921 407 dirigitur,'sed
937 372 1016 406 prin-

233 418 346 452 cipium.
361 418 446 453 igitur
460 423 490 445 ut
503 418 619 445 membri
638 418 726 446 nostri
738 421 766 445 et
778 417 870 444 carnis
885 425 942 444 sum
962 417 1015 444 Do-

234 468 324 493 minus
339 471 381 493 cst
394 467 520 499 verbum,
537 466 663 501 quamvis
678 466 731 493 hoc
746 469 827 499 caput
839 469 962 491 nostrum
976 463 1017 489 in-

234 511 382 547 telligatur,
401 512 491 539 adhuc
513 516 541 539 et
557 512 625 538 illud
647 520 661 538 ιι
683 511 767 538 verbo
783 510 884 537 dicitur
901 509 1015 536 directa.

233 556 292 583 Non
305 561 386 592 caput
401 557 504 584 Christi
530 556 633 584 dicitur
656 556 739 587 Deus,
765 562 820 582 non
842 561 909 581 vero
935 553 1018 580 totius

234 602 346 634 Christi,
364 611 427 630 nam
444 604 528 630 totius
544 603 618 630 illius
631 602 773 637 proprium
798 604 892 635 caput,
918 599 946 626 id
975 603 1018 625 est

235 649 367 681 Verbum,
387 653 415 676 et
435 650 494 684 ipse
512 658 568 677 non
593 649 644 677 sibi
665 649 789 684 imperat.
816 647 845 675 Si
870 653 935 674 vero
948 646 1019 672 sicut

235 694 305 722 (IICIS
325 695 397 730 quod
421 696 539 730 imperat
556 695 671 730 reliquo,
689 695 805 729 imperat
831 692 930 727 capiti,
956 699 1019 718 cum

235 739 339 767 Christi
353 746 436 775 caput
449 741 521 767 Deus
534 748 595 767 esse
608 740 726 770 dicatur,
739 738 822 773 igitur
832 738 890 764 Deo
903 737 1020 771 imperat

236 785 318 817 Deus,
345 791 407 811 nam
437 785 546 820 corpori
573 785 697 819 subjecto
721 784 788 815 Deo,
805 782 832 809 id
856 787 899 809 est
909 781 1019 808 Christo

236 830 298 862 toti,
316 833 344 856 ut
360 830 462 861 dicitis,
477 835 504 858 et
519 834 601 865 caput
615 829 786 865 ipsins,idest
797 829 893 859 Deum,
911 831 1020 862 oportet

237 875 374 910 subjicere
385 875 442 903 Deo
459 875 529 910 ipso.

548 1011 624 1039 CAP.
644 1011 714 1038 XIII.

274 1055 302 1084 Si
317 1056 387 1083 Deus
396 1056 516 1083 Verbum
528 1064 583 1082 non
593 1060 632 1082 esl
646 1056 716 1082 Deus
728 1059 756 1082 et
766 1054 898 1082 Dominus
907 1054 1020 1087 Christi,

238 1103 352 1130 evidens
359 1109 398 1130 esl
409 1103 481 1138 quod
492 1111 545 1130 non
552 1107 594 1130 est
601 1102 731 1137 templum
739 1102 785 1129 Dei
792 1101 1020 1129 VerbiChristus.

239 1149 266 1176 Si
284 1157 350 1176 vero
368 1149 499 1183 templum
518 1149 566 1175 Dei
580 1149 658 1176 verbi
683 1152 727 1176 est
748 1148 838 1180 Jesus,
865 1148 1021 1175 necessario

239 1195 313 1222 Deus
326 1195 387 1229 ejus
404 1198 432 1221 et
444 1194 578 1222 Dominus
589 1199 632 1221 est
645 1194 718 1221 Deus
732 1193 863 1220 Verbum.
879 1193 949 1221 Caro
964 1194 1022 1220 sola

239 1239 427 1266 habitaculum
444 1238 538 1271 Verbi,
554 1246 617 1265 nam
642 1238 768 1266 Christus
788 1239 920 1273 templum
932 1243 972 1265 est
983 1238 1022 1264 si-

239 1285 295 1312 mul
306 1289 334 1311 et
343 1284 576 1312 Deushabitansin
587 1284 688 1319 templo
697 1293 705 1317 ;
714 1292 777 1312 nam
785 1293 840 1311 non
847 1285 904 1311 sola
916 1285 1021 1317 unctio,

240 1337 291 1357 nec
307 1334 406 1357 unctus
434 1337 499 1357 vere
520 1329 661 1360 Christus,
681 1330 728 1357 sed
746 1330 840 1357 unctio
862 1335 890 1357 et
905 1337 1021 1365 ungens,

239 1379 299 1402 erat
309 1383 374 1402 vero
391 1383 498 1411 ungens
523 1375 681 1403 humanitas
704 1376 822 1409 Domini,
845 1376 939 1403 unctio
956 1383 1022 1403 vero

239 1429 295 1448 non
313 1429 378 1449 sane
392 1427 434 1449 est
445 1422 549 1456 aliquid
566 1422 697 1449 sensibile
715 1423 835 1457 proprie,
852 1422 899 1449 sed
921 1422 1023 1449 divini-

240 1468 304 1494 tatis
323 1468 393 1503 ejus.
418 1467 492 1495 Deus
506 1467 590 1503 igitur
604 1472 632 1495 et
650 1468 732 1496 homo
746 1468 818 1496 idem
833 1468 968 1496 Christus.

554 1560 628 1587 CAP.
647 1560 716 1588 XIV.

276 1605 305 1633 Si
330 1605 422 1632 omnia
442 1613 492 1640 per
521 1606 640 1633 Verbum
669 1614 723 1632 non
743 1605 831 1632 solum
857 1605 927 1632 facta
943 1609 1018 1637 sunt,

204 1684 210 1690 ο
241 1650 288 1678 sed
321 1650 401 1682 ﬁunt,
427 1651 542 1677 evidens
555 1654 597 1678 est
608 1651 682 1685 quod
699 1651 780 1678 Jesus
790 1655 816 1678 et
840 1651 974 1678 Dominus
996 1654 1024 1678 et

240 1696 366 1723 Christus
375 1705 424 1731 per
434 1697 518 1723 Deum
530 1696 651 1724 Verbum
660 1697 778 1724 eﬂ'ectus
788 1701 841 1729 est,
857 1701 885 1724 et
899 1697 1022 1724 omnium

241 1749 302 1776 qua:
321 1749 372 1776 per
384 1741 504 1776 seipsum
519 1741 585 1768 facit
612 1742 684 1769 Deus
701 1747 729 1768 et
744 1742 876 1770 Dominus
895 1747 938 1770 est
957 1743 1024 1770 Ver-

243 1787 318 1814 lzum.
336 1787 364 1814 Si
391 1787 474 1822 igitur
501 1787 635 1814 Dominus
650 1787 1023 1820 etChristus,sicntdicitur,

241 1833 330 1860 factus
340 1837 383 1860 cst
393 1841 408 1860 a
416 1834 483 1864 Deo,
494 1833 584 1866 Jesus,
595 1833 733 1868 quomodo
744 1833 857 1861 adhuca
869 1834 924 1861 Deo
934 1833 1023 1860 domi-

242 1880 345 1906 natur?
358 1879 418 1906 Non
428 1879 499 1906 enim
518 1879 652 1907 catholica:
674 1880 757 1914 potiri
776 1879 851 1907 omni
870 1880 1024 1907 substantia

242 1924 276 1951 ad
297 1929 422 1951 naturam
447 1932 524 1951 suam
550 1929 693 1959 spectante
708 1945 715 1957 ,
737 1924 849 1952 videtur
870 1924 1025 1960 signiﬁcare

242 1971 317 1998 aliud
343 1971 415 1998 sicut
443 1971 623 2006 intelligimus
649 1971 763 2006 proprie
781 1971 815 1999 de
834 1971 951 1998 Domino
973 1972 1026 1999 Do-

243 2017 322 2048 mini,
351 2016 385 2042 ad
412 2024 494 2051 quem
527 2015 647 2048 dicitur,
673 2016 747 2051 quod
774 2016 866 2043 omnia
897 2016 936 2043 illi
970 2016 1027 2043 sint

242 2059 385 2095 subjecta;
402 2061 424 2086 si
447 2067 513 2086 vero
539 2059 603 2094 quia
631 2059 796 2094 quibusdam
821 2060 943 2094 potitur,
969 2067 1025 2087 non

243 2104 327 2139 igitur
344 2104 472 2131 omnibus
489 2104 562 2131 circa
588 2104 678 2139 ipsum
697 2107 728 2131 ut
751 2105 834 2137 Deus,
850 2105 902 2132 hoc
923 2105 1025 2133 dicitur

243 2150 332 2184 ipsum
346 2150 522 2177 factumesse
535 2154 564 2176 et
579 2150 683 2178 Pilatus
703 2154 732 2177 et
756 2150 879 2177 Herodes
897 2154 971 2178 certe
998 2154 1027 2177 ut

243 2203 276 2222 ex
289 2199 367 2230 parte
382 2195 449 2222 tales
464 2199 544 2222 erant
562 2195 681 2227 Domini,
701 2199 729 2222 et
740 2195 805 2222 facti
834 2200 898 2223 sunt
914 2204 929 2223 a
948 2197 1003 2224 Deo
1017 2205 1024 2230 ;

1066 279 1149 304 ἔστιν’
1165 276 1198 313 ἦς
1221 278 1244 304 ει
1266 276 1302 312 μὴ
1320 277 1438 312 μετέχει,
1455 276 1510 302 οὐδ’
1527 275 1580 310 ἄρα
1597 274 1701 309 κεφαλή
1718 275 1800 302 ἐστιν.
1819 274 1863 304 ὡς

1069 324 1135 359 μηδὲ
1151 323 1323 358 ήγεμονοῦσει
1351 322 1443 348 λοιπὸν
1467 322 1527 348 καθ’
1542 321 1636 355 αὐτὴν·
1657 320 1722 346 εἰδὲ
1747 320 1864 354 μετέχει

1066 369 1113 396 τοῦ
1140 369 1277 398 κινοῦντος
1289 368 1336 395 καὶ
1349 369 1462 402 ἄγοντος
1484 367 1515 393 τὸ
1543 367 1634 401 σῶμα,
1651 365 1703 392 οὐδ’
1720 365 1773 400 ἄρα
1798 365 1862 391 λοι·

1067 415 1118 441 πδν
1137 413 1461 449 ἡγεμονευόμενον,ἁλλὲι
1476 413 1557 448 ἄρχον
1582 412 1665 438 ἐστιν’
1693 411 1790 438 οὐκοῦν
1824 411 1866 442 ὡς

1069 460 1165 495 μέλους
1183 461 1231 495 μὲν
1245 459 1323 496 ἡμῶν
1343 458 1426 494 οὔσης
1442 459 1491 486 καὶ,
1500 460 1549 494 τῆς
1571 459 1673 494 σαρκὸς
1688 458 1785 485 ἑαυτοῦ
1800 458 1865 484 Κύ-

1069 515 1125 542 ριος
1142 507 1156 532 ό
1179 506 1280 540 Λόγος,
1308 505 1331 531 εἰ
1356 506 1404 532 καὶ
1429 506 1530 540 ταύτης
1555 506 1604 539 τῆς
1636 505 1756 538 κεφαλῆς
1781 504 1866 538 ἡμῶν

1068 551 1226 586 νοουμένης,
1242 552 1287 576 ἐπὶ
1300 551 1346 577 καὶ
1360 551 1430 585 αὐτὴ
1461 550 1506 577 ὑπ’
1517 550 1600 578 αὐτοῦ
1620 550 1738 584 λέγεται·
1754 550 1866 584 κεφαλὴ

1069 598 1124 634 γὰρ
1147 598 1194 624 καὶ
1212 597 1332 633 Χριστοῦ
1360 597 1453 629 ὁΘεὸς
1479 597 1598 632 εἴρηται·
1615 597 1645 622 οὺ
1661 597 1712 630 μὴν
1727 597 1774 622 καὶ
1797 597 1867 622 ὅλου

1070 643 1198 678 Χριστοῦ”
1213 643 1260 669 τοῦ
1280 643 1333 678 γὰρ
1347 643 1409 669 ὅλου
1422 643 1468 669 καὶ
1487 644 1503 677 ἡ
1520 642 1624 677 κεφαλὴ
1646 642 1726 676 αὑτὴ,
1745 642 1836 677 ἡγουν
1853 643 1867 668 ὁ

1070 688 1167 722 Λόγος*
1189 689 1236 714 καὶ
1261 688 1341 719 αὐτὸς
1372 687 1470 714 ἑαυτοῦ
1493 689 1523 714 οὐ
1541 687 1676 718 δεσπόζει·
1692 687 1717 713 ει
1733 686 1761 713 δὲ
1789 686 1868 712 καθὰ

1071 733 1123 768 φὴς
1138 734 1167 760 τὺ
1177 733 1310 765 δεσπόζον
1334 733 1381 760 τοῦ
1397 732 1504 764 λοιποῦ,
1530 732 1578 759 καὶ
1600 734 1649 767 τῆς
1669 732 1794 766 κεφαλῆς
1805 731 1868 773 ’δε-

1072 779 1176 812 σπόζει,
1198 779 1260 806 ἐπεὶ
1278 779 1396 815 Χριστοῦ
1414 779 1519 813 κεφαλὴ
1534 780 1547 805 ό
1563 778 1629 809 Θεὸς
1650 777 1719 805 εἶναι
1742 778 1866 814 ἐρρήθη,

1071 824 1125 859 ἄρα
1139 825 1247 851 καὶτοῦ
1264 825 1331 852 Θεοῦ
1356 825 1480 858 ﬂeam-:2:
1502 827 1517 852 ὀ
1534 825 1609 855 Θεό;’
1628 825 1674 851 τοῦ
1688 825 1742 860 γὰρ
1765 824 1866 859 σώμα-

1071 878 1117 901 τος
1132 871 1351 906 ὑποτεταγμένου
1371 871 1410 907 τῷ
1420 870 1479 906 Θεῷ
1497 872 1580 906 ἤγουν
1598 870 1717 906 Χριστοῦ
1731 871 1806 902 ὅλου,
1827 870 1868 902 ὤς

1075 927 1156 953 φατε,
1175 919 1222 945 καὶ
1238 918 1287 953 τὴν
1310 917 1431 952 κεφαλὴν
1447 916 1540 950 αὑτοῦ,
1555 917 1639 953 ἧγουν
1654 916 1699 944 τὸν
1717 916 1794 949 Θεὸν,
1825 916 1870 943 δεῖ

1074 963 1232 992 ὑποκεῖσθαι
1245 963 1284 999 τῷ
1306 963 1381 998 αὐτῷ
1395 963 1465 998 Θεῷ.

1386 1008 1514 1036 ΚΕΦΔΔ.
1526 1008 1575 1035 II".

1112 1056 1143 1082 Εἰ
1159 1055 1195 1091 μὴ
1208 1055 1328 1086 Θεὺςκαὶ
1338 1054 1472 1089 δεσπότης
1480 1053 1528 1080 τοῦ
1539 1052 1657 1088 Χριστοῦ
1668 1052 1754 1084 όΘεδς
1765 1053 1869 1087 Λόγος,

1073 1101 1153 1137 δῆλον
1165 1103 1206 1128 ὅτι
1231 1101 1292 1127 οὐδὲ
1306 1100 1370 1132 ναὸς
1386 1100 1432 1127 τοῦ
1447 1099 1516 1126 Θεοῦ
1529 1100 1617 1132 Λόγου
1631 1099 1645 1125 ό
1657 1099 1784 1134 Χριστός·
1799 1099 1828 1125 ει
1841 1098 1871 1124 δὲ

1073 1149 1136 1180 ναὸς
1162 1148 1209 1174 τοῦ
1233 1147 1301 1174 Θεοῦ
1326 1147 1412 1181 Λόγου
1432 1144 1474 1182 ᾗό
1496 1145 1609 1180 Ἰησοῦς,
1623 1144 1652 1178 ὲξ
1674 1145 1798 1179 ἀνάγκης
1819 1144 1870 1171 καὶ

1072 1194 1138 1226 Θεὸς
1149 1194 1230 1220 αὑτοῦ
1246 1193 1293 1220 καὶ
1319 1193 1450 1227 δεσπότης
1464 1193 1478 1218 ὸ
1493 1192 1559 1223 Θεὸς
1571 1191 1666 1225 Λόγος.
1681 1190 1713 1217 Ἠ
1728 1190 1800 1225 σὰρξ
1819 1191 1871 1224 μό-

1072 1246 1105 1271 νη
1123 1238 1185 1269 ναὸς
1214 1237 1260 1264 τοῦ
1280 1236 1378 1270 Λόγου·
1404 1237 1418 1264 ὁ
1434 1236 1488 1272 γὰρ
1513 1236 1629 1272 Χριστὸς
1649 1236 1711 1267 ναὸς
1728 1235 1789 1270 ἅμα
1822 1236 1871 1262 καὶ

1073 1283 1139 1314 Θεὸς
1152 1282 1262 1309 Every.th
1275 1282 1314 1317 τῷ
1333 1281 1390 1317 ναῷ
1402 1283 1488 1308 ἐστιν·
1501 1281 1563 1308 οὔτε
1579 1282 1635 1316 γὰρ
1654 1281 1758 1317 χρίσμα
1775 1281 1869 1316 μόνον,

1072 1328 1135 1355 οὔτε
1160 1328 1375 1364 χρισοησόμενον
1400 1329 1414 1354 ό
1433 1327 1551 1362 Χριστὸς
1581 1327 1698 1362 ἀληθῶς.
1720 1326 1790 1353 ἀλλὰ
1807 1328 1871 1362 χρι-

1075 1383 1130 1410 σμα.
1160 1374 1207 1401 καὶ
1230 1375 1244 1400 ὀ
1263 1373 1405 1409 χρισθεῖς’
1423 1371 1457 1409 ἦν
1467 1373 1495 1400 δὲ
1523 1372 1553 1399 τδ
1570 1373 1619 1408 μὲν
1635 1372 1743 1408 χρισοὶν
1762 1372 1794 1398 τὸ
1814 1374 1871 1399 ἀν-

1075 1419 1210 1454 θρώπινον
1223 1419 1270 1446 τοῦ
1295 1419 1408 1455 Κυριοψ
1426 1420 1456 1446 τὸ
1471 1419 1499 1446 δὲ
1527 1419 1641 1455 χρίσμα,
1664 1419 1713 1446 οὐκ
1736 1418 1871 1452 αἰσθητὸν

1073 1465 1172 1501 δηλαδή
1186 1474 1214 1492 τι
1230 1466 1308 1499 ὅλως,
1324 1465 1392 1494 ἀλλὰ
1405 1465 1436 1492 τδ
1450 1466 1528 1492 Θεῐον
1550 1465 1644 1493 αὐτοῦ·
1667 1465 1734 1497 Θεὸς
1747 1465 1805 1501 ἄρα
1822 1465 1870 1492 καὶ

1074 1511 1217 1546 ἄνθρωπος
1231 1512 1244 1538 6
1263 1512 1343 1543 αὐτὸς
1361 1512 1488 1546 Χριστός.

1357 1557 1483 1584 ΚΕΦΑΛ.
1498 1556 1545 1584 1Δ’.

1112 1603 1143 1629 Εἰ
1159 1603 1246 1629 πάντα
1271 1603 1315 1630 διὰ
1329 1603 1375 1629 τοῦ
1406 1603 1493 1636 Λόγου
1510 1603 1540 1629 οὐ
1566 1603 1645 1636 μόνον
1661 1603 1786 1637 γέγονεν,
1801 1604 1870 1631 ἀλλὰ

1076 1650 1124 1677 καὶ
1148 1649 1270 1684 γίνεται,
1294 1649 1372 1684 δῆλον
1391 1649 1431 1676 ὅτι
1461 1649 1536 1676 καὶὸ
1558 1649 1663 1683 Ἰησοῦς
1687 1649 1736 1676 καὶ
1763 1650 1870 1686 Κύριος

1076 1697 1124 1723 καὶ
1138 1696 1254 1732 Χριστὸς
1267 1695 1310 1722 διὰ
1327 1695 1373 1721 τοῦ
1388 1695 1456 1722 Θεοῦ
1470 1695 1558 1729 Λόγου
1581 1695 1699 1729 ἐγένετο·
1713 1695 1827 1722 πάντων
1840 1697 1868 1723 δὲ

1075 1742 1129 1770 τῶν
1145 1742 1179 1768 δι’
1192 1741 1283 1774 αὑτοῦ,
1298 1741 1371 1774 Θεὸς
1394 1741 1442 1767 καὶ
1457 1741 1596 1775 Διιτπότης
1609 1742 1623 1767 ό
1647 1741 1745 1775 Λόγος.
1776 1742 1809 1768 Εἰ
1824 1740 1870 1768 οὖν

1075 1789 1108 1824 δὴ
1134 1788 1237 1824 Κύριος
1263 1789 1309 1814 καὶ
1332 1788 1469 1823 Χριστὸς.
1496 1787 1588 1818 καθὼς
1605 1787 1722 1822 εἴρηται,
1751 1789 1868 1824 ὲποιήῦη

1076 1834 1128 1860 ὑπὸ
1139 1833 1185 1860 τοῦ
1199 1832 1279 1866 Θεοῦ,
1288 1834 1302 1859 ό
1317 1832 1428 1867 Ἰησοῦς,
1442 1832 1499 1864 πῶς
1511 1832 1551 1858 ἐτι
1564 1832 1615 1859 ὑπὸ
1629 1832 1674 1859 τοῦ
1688 1832 1758 1859 Θεοῦ
1770 1833 1869 1860 δεσπό-

1077 1879 1154 1912 ζεται
1168 1888 1176 1912 ;
1187 1879 1225 1905 οὺ
1236 1879 1290 1914 γὰρ
1304 1878 1455 1909 καθολικῶς
1468 1878 1498 1904 τὸ
1508 1877 1646 1912 κυριεύειν
1659 1877 1749 1913 πάσης
1757 1878 1810 1912 τῆς
1822 1887 1870 1905 πει-

1077 1924 1112 1960 ρὰ
1124 1925 1174 1959 τὴν
1186 1924 1267 1958 φύσιν
1290 1923 1372 1951 αὑτοῦ
1398 1923 1490 1954 οὐσίας
1504 1922 1572 1957 ἔχων
1583 1923 1678 1958 ὁρᾶται
1693 1922 1801 1955 λοιπὸν,
1816 1923 1869 1950 ὦσ-

1075 1979 1129 2006 περ
1143 1970 1256 2005 νοοῦμεν
1271 1970 1316 1997 ἐπὶ
1326 1969 1372 1996 τοῦ
1384 1969 1486 2004 κυρίως
1503 1969 1605 2004 Κυρίου
1623 1969 1690 2004 πρὸς
1700 1969 1729 1996 ὃν
1745 1969 1867 2005 εἴρηται,

1079 2016 1141 2044 ἰὈτι
1158 2015 1192 2042 τὰ
1208 2015 1354 2050 σύμπαντα
1366 2014 1448 2041 δοῦλα
1455 2014 1498 2040 σά·
1512 2014 1536 2040 ει
1545 2014 1572 2040 δὲ
1584 2014 1624 2040 ὅτι
1637 2014 1718 2040 τινῶν
1733 2015 1868 2050 κυριεύει,

1077 2063 1107 2088 οὐ
1125 2061 1178 2097 μὴν
1194 2062 1242 2088 καὶ
1264 2061 1373 2087 πάντων
1387 2060 1442 2087 τῶν
1455 2061 1521 2095 παρ’
1539 2060 1621 2086 αὐτὸν
1649 2060 1747 2095 ὥσπερ
1759 2061 1774 2087 ὁ
1793 2061 1869 2093 Θεὸς,

1077 2107 1155 2134 τοῦτο
1175 2107 1283 2142 εἴρηται
1301 2107 1349 2134 καὶ
1365 2106 1445 2137 αὐτὸς
1462 2106 1599 2140 γενέσθαι,
1617 2106 1665 2132 καὶ
1687 2106 1810 2138 "adeo;
1826 2108 1870 2134 καὶ

1084 2152 1206 2187 Ἡρώδης
1229 2152 1294 2187 ἄρα,
1317 2152 1355 2183 ὡς
1381 2151 1414 2178 ὲκ
1435 2152 1536 2187 μέρους
1556 2151 1652 2178 τοιοίδε
1681 2150 1779 2185 κύριοι
1808 2152 1868 2182 εισι.

1078 2199 1125 2225 καὶ
1149 2199 1261 2233 γέγοναν
1286 2198 1338 2224 ὑπὸ
1354 2197 1433 2224 Θεοῦ·
1450 2197 1490 2224 ἔτι
1511 2197 1565 2232 μὴν
1593 2198 1616 2223 ει
1633 2196 1670 2232 μὴ
1685 2197 1760 2223 κατά
1777 2198 1870 2224 τούσδε

243 2241 334 2268 adhuc
353 2241 436 2276 igitur
459 2240 482 2267 si
501 2249 555 2268 non
574 2241 726 2268 secundum
752 2242 803 2269 hos
826 2241 883 2277 ipse
910 2242 1022 2277 quadam

1080 2244 1130 2270 καὶ
1148 2243 1230 2274 αὐτὸς
1243 2243 1307 2278 ἀξίᾳ
1323 2244 1379 2269 τινὶ
1399 2243 1447 2270 καὶ
1466 2242 1640 2274 κωδικέλλοις
1651 2242 1733 2268 ἔλαϐε
1758 2243 1811 2278 τὴν
1825 2253 1870 2270 κυ-

243 2286 376 2321 dignitate
390 2291 421 2313 et‘
436 2286 556 2321 glebulis
569 2287 675 2321 accepit
698 2287 912 2315 dominationem
938 2290 1026 2317 factus

243 2333 377 2360 Dominus
390 2332 534 2359 evidenter
552 2333 704 2360 secundum
722 2334 859 2361 actionem
880 2335 956 2369 ejus,
980 2343 1028 2362 na-

244 2383 333 2405 turam
357 2378 442 2413 ipsam
458 2378 539 2405 aDeo
557 2383 586 2405 ut
613 2378 727 2405 domino
758 2383 787 2406 ut
813 2379 919 2406 dixerat
938 2380 1027 2407 factus

245 2425 271 2452 in
297 2424 472 2452 institutione
493 2425 626 2452 Dominus
656 2430 699 2452 est
724 2425 858 2458 omnium,
883 2427 1026 2454 evidenter

245 2472 305 2498 sine
319 2471 365 2498 illo
375 2471 422 2505 qui
432 2470 456 2498 ei
469 2470 561 2497 omnia
574 2470 696 2506 subjicit.
708 2471 737 2498 Si
753 2479 819 2498 vero
836 2479 891 2498 non
907 2472 971 2499 licet
983 2471 1027 2499 in-

244 2517 368 2544 vincibili
380 2517 559 2544 dominationi
571 2517 658 2544 creari
670 2525 808 2552 quemque
824 2517 852 2545 in
865 2518 1025 2553 Dominum,

203 2597 207 2601 '
244 2563 357 2590 evidens
375 2568 417 2590 est
433 2563 506 2598 quod
521 2562 672 2598 judicando
693 2566 818 2590 naturam
838 2563 1026 2592 dominantem

245 2609 333 2636 factus
359 2613 401 2635 est
423 2609 450 2635 in
475 2613 599 2636 naturam
616 2609 868 2643 supervenientem,
895 2610 1024 2637 Dominus

243 2660 286 2682 est
299 2662 365 2682 vero
379 2654 431 2681 iste
459 2654 549 2682 Jesus.
568 2654 634 2687 Qua:
647 2662 712 2689 ergo
727 2654 881 2682 substantia
897 2661 941 2682 est
956 2655 1029 2690 phyn

244 2702 300 2729 sica
336 2701 482 2728 dominans
515 2701 627 2727 omnia?
663 2701 770 2733 Divina,
809 2701 1028 2729 evidentissime.

244 2745 316 2779 Quid
346 2754 411 2781 ergo
435 2746 468 2773 de
493 2745 559 2772 illo?
575 2745 605 2773 In
623 2746 716 2773 Jesum
741 2747 893 2774 concilians
917 2751 1028 2774 creatur

245 2791 305 2825 ejus
327 2791 460 2819 Verbum.
487 2791 584 2825 Seipso
610 2791 694 2826 igitur
724 2793 870 2826 acquirens
897 2793 973 2819 illum
1000 2796 1028 2819 et

247 2838 432 2864 cannaturalis
451 2838 476 2864 ei
491 2846 524 2864 ex
548 2838 688 2865 creatione
703 2838 769 2865 fecit
785 2838 860 2865 Illum
881 2838 1026 2865 Dominum

250 2888 309 2907 vere
321 2889 368 2914 per
376 2881 507 2915 seipsum;
521 2882 732 2917 participatione
746 2883 829 2918 igitur
844 2883 925 2910 Verbi
939 2883 1030 2917 ipsius.

1079 2290 1191 2324 ριὸτητα
1206 2290 1329 2324 ποιηθεὶς
1353 2289 1466 2323 Κύριος,
1483 2289 1562 2325 δῆλον
1578 2289 1616 2320 ὡς
1629 2289 1700 2316 κατὰ
1724 2289 1778 2324 τὴν
1792 2290 1870 2323 ποίη·

1080 2344 1123 2361 σιν
1139 2334 1234 2367 αὑτοῦ,
1260 2335 1309 2370 τὴν
1327 2335 1406 2369 φύσιν
1425 2335 1512 2370 αὐτὴν
1536 2334 1588 2361 ὑπὸ
1613 2334 1660 2360 τοῦ
1685 2333 1756 2361 Θεοῦ
1773 2344 1868 2371 κυρια-

1077 2381 1144 2413 κῶς,
1159 2381 1196 2412 ὼς
1222 2381 1320 2412 εἰπεῖν,
1337 2380 1460 2415 ποιηθεὶς
1473 2380 1501 2406 ὲν
1520 2380 1560 2415 τῷ
1587 2379 1738 2411 κτίζεσθαι,
1770 2381 1868 2416 K6915,-

1079 2427 1137 2454 ἐστι
1153 2426 1272 2460 πάντων,
1289 2426 1409 2462 δηλονότι
1425 2426 1508 2462 χωρὶς
1525 2425 1572 2452 τοῦ
1595 2426 1784 2459 ὑποτάξαντος
1800 2428 1869 2463 αὑτῷ

1077 2474 1112 2500 τὰ
1133 2473 1233 2500 πάντα·
1261 2473 1284 2499 εἰ
1314 2473 1343 2499 δὲ
1369 2473 1400 2499 οὺ
1428 2472 1506 2507 Θέμις
1528 2471 1708 2507 ἀνυποστάτῳ
1727 2474 1868 2508 κυριότητι

1077 2519 1224 2545 οὐσιῶσὸαι
1240 2528 1300 2545 τινα
1324 2520 1403 2553 φύσει
1427 2519 1467 2550 εἰς
1481 2518 1595 2553 Κύριον,
1611 2517 1689 2552 δῆλον
1706 2518 1745 2549 ὡς
1772 2519 1866 2552 ἐνδόσει

1077 2566 1257 2601 κυριευοὺσης
1278 2565 1387 2600 φύσεως
1411 2566 1451 2596 εἰς
1465 2565 1513 2600 τὴν
1529 2565 1678 2600 γενομένην
1694 2565 1778 2599 φύσιν
1793 2567 1863 2600 γεγέ-

1072 2620 1156 2646 ,νητιιι
1185 2611 1244 2644 μὲν.
1269 2611 1372 2646 Κύριος
1394 2611 1422 2636 δέ
1441 2611 1514 2636 ἐστιν
1530 2611 1544 2636 ό
1565 2610 1668 2644 Ἰησοῦς
1684 2607 1776 2642 οὗτος·
1790 2612 1829 2643 τίς
1841 2612 1863 2637 δὲ

1077 2657 1094 2692 ἡ
1109 2657 1274 2691 κυριεύουσα
1299 2657 1407 2682 πάντων
1425 2656 1549 2690 φυσικῶς
1574 2656 1653 2682 οὐσία
1668 2666 1675 2687 ;
1690 2657 1708 2691 ἡ
1723 2657 1785 2683 Θεία
1806 2667 1864 2692 πφο

1078 2703 1175 2737 ὁήλως·
1198 2703 1299 2736 ταύτης
1321 2703 1351 2729 δέ
1362 2703 1414 2735 τι;
1439 2703 1475 2729 Τὸ
1500 2703 1539 2734 εἰς
1570 2703 1616 2728 τόν
1641 2703 1746 2737 Ἰησοῦν
1772 2704 1863 2730 ἐνδόσιι

1080 2749 1129 2783 μόν
1141 2749 1199 2775 ἐστι
1210 2769 1218 2781 ,
1234 2751 1248 2776 ὁ
1261 2750 1374 2784 κτίστης
1385 2748 1468 2776 αὐτοῦ
1494 2750 1591 2782 Λόγος·
1607 2749 1696 2783 ἑαυτῷ
1714 2749 1772 2785 γὰρ
1796 2759 1863 2784 περι-

1078 2794 1174 2826 κτίσας
1188 2795 1278 2829 αὑτὸν,
1295 2796 1342 2822 καὶ
1358 2795 1466 2830 συμφὺς
1490 2794 1557 2829 τῷδε
1567 2795 1620 2820 ἀπ’
1634 2795 1722 2829 αὐτῆς
1738 2797 1864 2828 ποιήσεως

1078 2838 1160 2864 αὐτοῦ
1179 2848 1184 2854 ·
1205 2839 1307 2874 Κύριον
1334 2839 1415 2865 αὐτὸν
1442 2839 1526 2870 ὅντως
1558 2839 1590 2864 δι’
1618 2839 1717 2865 ἑαυτοῦ
1747 2842 1859 2875 ἐποίησε-

1079 2886 1110 2919 τῇ
1128 2884 1234 2919 μεθέξει
1251 2885 1296 2911 οῦν
1309 2884 1390 2912 αὑτοῦ
1402 2884 1447 2911 τοῦ
1458 2885 1544 2918 Λόγου
1561 2886 1605 2911 καὶ
1617 2885 1645 2911 ἐν
1660 2885 1737 2920 αὖτῴ
1751 2887 1860 2921 γεγονὼς
