1960 3093
113 95 174 128 liii

586 93 782 124 ADVERSUS
801 93 1120 125 NESTORIANOS.—
1132 95 1204 125 LIB.
1227 96 1261 126 V.

1671 95 1738 128 1742

109 152 243 179 επαύσατο
259 151 306 178 τοῦ
327 151 413 187 Ἰησοῦ
431 151 463 186 τῇ
477 143 679 185 ἂνθρωποτητι·
699 150 772 182 ἅπαξ
781 148 888 186 ἀποφή-

954 159 986 178 us
1006 148 1066 186 ejus
1083 160 1136 178 non
1155 156 1332 186 permaneret
1349 151 1376 178 in
1396 151 1569 183 hominibus,
1595 150 1659 185 quia
1675 159 1738 178 caro

111 206 201 228 σαντος
215 196 262 223 τοῦ
285 196 364 228 Θεοέ);
390 195 427 230 μὴ
453 196 545 230 μένειν
559 194 590 220 τὸ
614 194 725 230 Πνεῦμα
755 195 837 221 αὐτοῦ
867 197 894 221 ἐν

108 240 271 275 ἀνθρώποις,
301 239 344 266 διὰ
371 239 401 265 τὸ
427 236 496 265 εἶναι
519 238 618 270 αὐτοὺς
649 238 753 273 σάρκας
778 239 893 265 λοιπόν·

110 286 204 312 οὐχοῦν
217 287 250 321 τῇ
266 284 413 319 ἐπιγνώσει
425 284 471 311 τοῦ
490 284 639 319 συγγενοῦς
658 284 731 319 αύτῷ
747 285 833 318 Λόγου
849 285 895 311 τοῦ

111 333 223 367 Πατρδς,
246 332 312 367 πρὸς
327 331 357 357 τὸ
372 332 438 358 ἴδιον
457 331 563 367 ἐπέπτη
577 340 583 347 ·
599 331 629 357 τὸ
652 331 681 358 δὲ
696 331 838 366 ὀμοούσιον
864 332 894 358 ού

109 378 170 410 δόξα
187 377 226 412 τῷ
253 377 387 412 ὸμοουσίῳ
398 385 404 393 ”
421 375 454 412 ἦν
480 377 534 412 ἄρα
559 376 661 411 Κύριος
678 377 722 403 διὰ
744 377 789 404 τὶν
806 377 894 412 Λόγον

109 422 151 448 τὸν
167 422 236 448 θεῖον
250 423 263 448 6
290 421 436 456 γενόμενος
468 421 515 447 καὶ
540 421 658 456 Χριστὸς
678 421 722 448 διὰ
740 421 789 457 τὴν
806 423 896 458 χρίσιν

109 467 153 494 τοῦ
186 467 353 502 Πνεύματος,
384 468 466 499 αὐτὸς
493 467 614 502 Ἰησοῦς·
640 468 686 494 καὶ
710 467 813 502 Κύριον
844 468 898 503 γὰρ

109 513 187 540 αὑτὸν
199 513 243 540 διὰ
257 513 303 540 τοῦ
327 513 424 547 Λόγου,
442 513 488 539 καὶ
508 513 627 548 Χριστὸν
648 513 692 539 διὰ
706 513 753 539 τοῦ
769 514 896 547 Πνεύμα-

109 560 176 591 τοςὸ
190 559 257 591 Θεὸς
280 560 392 595 ἐποίησε
416 552 511 586 τοῦτον
537 559 582 585 τὸν
603 559 707 594 Ἰησοῦν
731 559 760 586 ὃν
777 560 897 586 Ἰουδαῖοι

110 605 282 641 ἐσταύρωσαν
297 614 304 621 ·
331 607 362 640 τῇ
383 614 413 632 τε
435 605 538 632 ἐνδόσει
553 604 600 631 τοῦ
626 605 715 639 Λόγου
743 605 826 632 αὐτοῦ
850 605 897 631 καὶ

111 650 255 686 περιθέσει
284 651 330 677 τοῦ
358 650 517 686 Πνεύματος
545 650 639 684 αὑτοῦ,
663 651 698 678 τά
712 659 740 677 τε
758 651 833 682 ἐντὸς
852 651 898 677 καὶ

109 698 184 729 ἐκτὸς
197 698 278 732 τῆσδε
287 697 336 733 τῆς
351 697 431 732 ἁγίου
443 697 561 724 κιϐωτοῦ
577 697 759 733 καταχρυσῶν
772 698 786 724 6
802 697 897 733 Πατὴρ

110 742 168 778 οεὶᾳ
184 744 353 778 μαρμαρυγῇ
368 751 376 758 ”
397 743 421 769 εἰ
444 743 472 769 δὲ
495 743 543 770 καὶ
570 742 624 770 ἀπὸ
645 744 799 778 γεννήσεως
817 742 898 774 εὐθὺς

109 789 225 824 Χριστὸς
240 789 287 816 καὶ
317 788 420 824 Κύριος
436 789 465 815 ὲν
484 788 560 815 πόλει
581 788 664 815 Δαδὶδ
680 787 845 823 ὀνομάζεται
877 787 916 822 τῷ
934 788 1044 823 ἀγγέλῳ
1074 789 1344 823 προπνιᾳωνητικῶς
1360 797 1367 804 ·

948 202 1057 230 essent;
1077 199 1160 234 igitur
1170 197 1327 233 cognitione
1343 196 1381 225 illi
1398 197 1639 225 consubstantialis
1656 197 1738 224 Verbi

948 243 1047 276 Patris,
1071 244 1105 270 ad
1125 244 1269 279 proprium
1280 243 1403 276 accedit;
1427 242 1671 270 consubstantialis
1685 251 1739 270 non

950 289 1036 323 gloria
1050 289 1279 317 consubstantiali
1292 299 1299 322 ;
1314 289 1402 316 factus
1417 293 1460 316 est
1481 296 1548 323 ergo
1573 288 1633 323 ipse
1659 288 1740 315 Jcsus

951 341 1000 368 per
1027 334 1148 361 Verbum
1171 334 1294 361 divinum
1320 333 1453 360 Dominus
1484 337 1512 360 et
1537 332 1665 360 Christus
1690 339 1740 367 per

945 379 1104 406 unctionem
1139 379 1275 414 Spiritus;
1295 380 1440 406 Dominum
1457 379 1530 406 cnim
1546 387 1594 414 per
1606 378 1738 407 Verbum.

945 427 973 450 et
990 422 1132 450 Christum
1153 432 1202 458 per
1225 424 1356 458 Spiritum
1377 423 1443 450 fecit
1460 423 1533 450 Deus
1553 424 1628 450 hunc
1643 423 1739 450 Jesum

947 475 1030 502 quem
1050 468 1137 496 Judmi
1164 468 1362 496 crucitixerunt
1374 477 1380 501 ;
1394 469 1497 496 unione
1512 476 1579 496 vero
1592 468 1674 496 Verbi
1696 468 1739 503 ipa

950 513 1008 540 sius
1023 518 1051 541 et
1074 514 1194 549 Spiritus
1209 513 1359 546 eiiusione,
1375 514 1450 541 intus
1466 514 1642 549 exteriusque
1670 514 1742 541 hanc

952 564 1073 587 sanctam
1096 567 1188 587 arcam
1205 560 1287 587 Pater
1307 560 1455 594 splendore
1467 560 1561 587 divino
1580 559 1739 592 exornavit;

948 609 978 632 et
994 605 1130 640 siquidem
1153 606 1244 633 statim
1263 610 1293 633 ut
1309 611 1392 633 natus
1411 610 1454 633 est
1465 605 1593 633 Christus
1608 610 1636 633 et
1649 606 1741 632 Domi-

950 658 1002 678 nus
1020 651 1047 678 in
1062 651 1174 679 civitate
1200 652 1284 679 David
1300 653 1335 679 ab
1355 653 1454 688 angelo
1471 652 1677 687 prwnuntiante
1692 658 1741 678 vo—

951 701 1040 730 catur;
1050 701 1077 724 et
1090 697 1211 730 Samuel,
1224 703 1370 733 antequam
1379 703 1460 734 ungat
1468 698 1613 733 quemdam
1623 697 1740 724 filiorum

950 743 1038 776 Iesse,
1056 743 1133 776 dicit.
1153 753 1162 769 ‹
1174 744 1221 771 sed
1239 752 1314 771 nunc
1334 749 1376 772 est
1387 744 1513 772 Christus
1532 745 1664 772 Dominus
1677 743 1712 770 Y?
1730 752 1739 768 ι

1396 790 1444 816 καὶ
1477 790 1531 825 γὰρ
1555 790 1602 816 καὶ
1616 788 1742 824 Σαμουὴλ

111 831 175 871 πρὶν
191 835 283 870 χρίσας
297 834 358 861 τινὰ
374 835 427 861 τῶν
442 834 507 860 υἱῶν
531 833 632 860 Ἰεσσαὶ
650 833 753 868 ἔλεγεν,
765 843 774 859 ‹
801 833 871 860 Ἀλλ’
885 834 901 869 ἢ
920 834 933 860 ὸ
949 834 1068 869 Χριστὸς
1083 834 1202 870 Κύριος;
1217 844 1226 860 ι

402 881 529 908 ΚΕΦΑΛ.
559 880 609 908 ΙΘ’.

143 929 175 957 El
193 928 230 964 μὴ
246 928 299 963 ἄρα
326 928 359 953 ὲκ
383 927 430 954 τοῦ
455 926 615 962 Πνεύματος
636 926 732 953 ἐλαϐεν
748 927 762 952 6
783 927 898 962 Ἰησοῦς,

109 976 180 1004 mea:
206 972 326 1002 διδάσκει
351 974 365 1000 6
387 973 547 1008 Αἰγύπτιος,
564 973 594 1000 τὸ
620 973 742 1009 ἐνεργεῖν
757 972 898 1009 δύνασζὶαι,

110 1021 183 1052 τίνος
198 1020 291 1046 ἕνεκεν
304 1019 422 1046 δέδωκεν
452 1018 525 1054 αὐτῷ
551 1018 565 1044 6
596 1018 691 1053 Πατὴρ
714 1018 744 1044 τὸ
767 1018 898 1054 Πνεῦμας

108 1067 146 1094 Οὐ
164 1066 256 1102 μέτρῳ
270 1066 334 1100 γὰρ,
348 1065 424 1100 φησὶ,
442 1064 549 1091 δίδωσιν
565 1064 579 1090 6
599 1064 665 1095 Θεὸς
682 1065 712 1090 τὸ
735 1064 846 1099 Πνεῦμα
859 1072 865 1080 ·
887 1065 900 1090 6

110 1113 164 1148 γὰρ
178 1111 271 1148 Πατὴρ
296 1111 391 1146 ἀγαπᾷ
417 1111 463 1137 τὸν
480 1110 542 1137 Υἱδν
557 1111 604 1137 καὶ
623 1111 716 1138 πάντα
737 1110 853 1137 δέδωκεν
868 1111 896 1137 ὲν

109 1160 143 1194 τῇ
161 1159 234 1194 χειρὶ
260 1157 342 1184 αὑτοῦ
355 1164 361 1172 '
386 1157 446 1188 πῶς
470 1154 527 1190 οὖν,
545 1157 569 1183 εἰ
595 1157 633 1192 μὴ
653 1157 744 1192 μέτρῳ
773 1157 821 1184 καὶ
837 1154 900 1194 ἀξίᾳ

108 1205 212 1232 δίδοται
234 1203 307 1239 αὐτῷ
324 1203 377 1229 ὑπὸ
388 1201 457 1230 Θεοῦ
479 1203 624 1238 Πατρὸςτδ
640 1203 769 1238 Πνεῦμα;
790 1204 845 1238 Οὐχ
862 1203 901 1234 ὡς

111 1252 206 1282 ἄτονος
235 1250 381 1285 ἄνθρωπος
407 1249 475 1284 πρὸς
504 1249 646 1285 ἐνέργειαν
672 1249 748 1276 θείαν
775 1248 870 1276 ἔλαϐεν
886 1250 900 1276 6

117 1295 223 1331 Ἰησοῦς
237 1295 267 1322 τὸ
283 1294 414 1330 Πνεῦμαθ
429 1295 453 1320 ει
473 1294 528 1330 γὰρ
546 1294 583 1330 μὴ
600 1293 657 1320 ἐστι
677 1293 778 1328 μέτρου
792 1293 901 1327 φύσεως

111 1341 208 1376 ἑτέρας
226 1341 318 1368 λαϐεῖν
330 1340 359 1367 τὸ
378 1341 492 1375 Πνεῦμα
516 1339 547 1366 τὸ
570 1340 602 1366 ὲκ
631 1339 678 1366 τοῦ
700 1340 807 1374 Πατρὶς
821 1340 902 1365 ἐκπο-

112 1387 274 1422 ρευόμενον,
300 1385 357 1412 ἀλλ’
372 1386 492 1421 ὁμοφυῖᾳ
519 1385 565 1411 καὶ
579 1385 673 1420 ἀγάπῃ
689 1385 757 1420 μόνῃ
772 1386 804 1420 τῇ
833 1385 902 1419 πρὸς

112 1431 193 1457 αὐτὸν
205 1430 315 1461 δίδοται,
331 1429 411 1464 μόνος
429 1429 456 1456 δὲ
471 1431 485 1455 6
505 1429 569 1461 Υῐδς
594 1430 683 1465 Πατρὶ
697 1430 744 1456 καὶ
763 1430 801 1464 τῷ
819 1430 902 1456 Πνεύ-

110 1481 178 1512 ματι
204 1476 358 1511 ὀμοούσιος,
375 1475 455 1510 δῆλον
469 1475 507 1507 ὡς
531 1475 574 1502 διὰ
599 1475 716 1511 φυσικὴν
739 1476 848 1511 ἀγάπην
864 1476 902 1512 τῷ

111 1523 249 1558 ὀμοουσὶῳ
262 1522 318 1557 Υἰῷ
328 1522 428 1548 δέδωκε
440 1521 469 1548 τὸ
479 1520 624 1556 ὁμοούσιον
651 1521 684 1547 αὐ
691 1521 732 1547 τοῦ
755 1521 869 1557 Πνεῦμα
889 1523 903 1548 ὁ

1267 881 1345 909 CAP.
1361 881 1430 909 XIX.

988 926 1015 953 Si
1032 926 1116 961 igitur
1131 934 1186 953 non
1200 934 1233 953 cx
1250 927 1355 962 Spiritu
1366 926 1472 962 accepit
1487 926 1576 958 Iesus,
1590 927 1741 954 secundum

951 970 1105 998 doctrinam
1121 965 1256 1006 Egyptii,
1281 975 1445 1005 potestatem
1473 967 1605 1006 operandi
1631 977 1744 1007 propter

951 1014 1018 1050 quid
1037 1014 1113 1042 dedit
1129 1015 1167 1042 illi
1183 1015 1264 1042 Pater
1284 1014 1438 1050 Spiritum?
1453 1015 1520 1042 Nam
1540 1024 1549 1041 ι
1563 1024 1618 1043 non
1635 1024 1745 1044 mensu-

951 1066 991 1095 ra,
1009 1062 1109 1098 inquit.
1124 1062 1169 1089 dat
1188 1062 1270 1090 Pater
1286 1062 1429 1097 Spiritum.
1440 1060 1506 1090 Nam
1523 1061 1603 1092 Pater
1611 1069 1684 1092 amat
1698 1063 1743 1092 Fi-

950 1109 1018 1136 lium
1040 1114 1068 1135 ct
1082 1109 1174 1135 omnia
1198 1107 1274 1135 dedit
1295 1108 1323 1135 in
1336 1116 1417 1136 manu
1433 1109 1507 1137 illius
1529 1115 1551 1142 τ,
1570 1120 1578 1135 ι
1604 1111 1744 1145 quomodo

951 1157 1028 1186 'vero,
1044 1154 1065 1180 si
1082 1162 1136 1181 non
1155 1161 1283 1181 mensura
1299 1154 1346 1182 sed
1371 1153 1505 1190 dignitate
1528 1156 1608 1183 datus
1627 1160 1669 1184 est
1685 1157 1710 1184 ei
1728 1166 1743 1185 a

952 1198 1008 1228 Deo
1020 1197 1160 1236 Spiritus?
1174 1200 1234 1228 Non
1250 1196 1322 1228 sicut
1338 1201 1486 1228 imbecillis
1503 1193 1632 1229 homo-ad
1647 1209 1744 1237 opera-

954 1247 1056 1274 tionem
1082 1244 1203 1274 divinam
1229 1246 1336 1280 accepit
1360 1243 1439 1274 Jesus
1463 1246 1610 1281 Spiritum.
1631 1247 1660 1274 Si
1677 1255 1744 1275 vero

951 1300 1006 1320 non
1029 1297 1070 1320 cst
1090 1301 1226 1320 mensurae
1250 1293 1321 1320 alius
1335 1297 1440 1320 natura:
1462 1293 1586 1327 accipere
1610 1293 1743 1328 Spiritum

952 1339 999 1375 qui
1011 1347 1043 1366 ex
1054 1337 1133 1366 Patre
1149 1339 1285 1374 procedit,
1298 1339 1345 1366 sed
1359 1339 1439 1366 datur
1451 1339 1501 1366 soli
1513 1343 1618 1366 natura
1627 1337 1746 1366 similict

951 1385 986 1412 ab
999 1393 1032 1412 eo
1045 1385 1162 1417 dilectzc,
1173 1386 1247 1412 solus
1264 1381 1351 1412 Filius
1363 1380 1438 1413 Patri
1453 1389 1481 1413 et
1495 1385 1609 1420 Spiritui
1625 1385 1745 1413 consub-

952 1431 1102 1463 stantialis,
1118 1431 1231 1458 evidens
1245 1435 1288 1458 est
1307 1431 1380 1465 quod
1404 1435 1519 1466 propter
1532 1431 1685 1458 naturalem
1700 1430 1744 1458 dl-

951 1475 1100 1503 lcctionem
1124 1476 1353 1503 consubstantiali
1370 1476 1440 1503 Filio
1460 1470 1539 1503 dedit
1559 1477 1745 1503 consubstan-

954 1521 1046 1550 tialem
1065 1520 1198 1557 Spiritum
1216 1530 1296 1550 suum
1315 1520 1405 1554 Pater,
1430 1530 1491 1549 nam
1516 1516 1607 1549 omnia
1621 1523 1697 1550 dedit
1718 1524 1743 1551 ci

110 1569 224 1604 Πατήρ·
251 1568 340 1594 πάντα
364 1568 419 1603 γὰρ
434 1567 549 1593 δέδωκεν
574 1567 604 1594 ὲν
625 1568 659 1602 τῇ
687 1567 758 1602 χειρὶ
778 1567 861 1594 αὐτοῦ
887 1568 899 1594 ό

953 1569 1033 1596 Pater
1059 1568 1086 1595 in
1104 1576 1197 1600 manu.
1214 1568 1250 1595 ita
1266 1573 1293 1596 ut
1316 1568 1422 1595 diceret
1436 1568 1533 1596 Filius:
1554 1578 1562 1594 ι
1578 1567 1674 1596 Omnia
1684 1577 1744 1604 qua:

111 1613 209 1649 Πατήρ
222 1621 229 1629 ·
256 1613 327 1640 ὥστε
356 1613 445 1647 λέγειν
459 1611 505 1638 τὸν
522 1611 596 1644 Υἰδν,
615 1620 623 1638 ι
642 1612 732 1639 Πάντα
752 1613 801 1639 ὅσα
815 1612 871 1648 ἔχει
887 1613 901 1639 6

111 1660 219 1696 Πατὴρ,
240 1659 295 1695 ἐμά
313 1660 381 1686 ἔστι.
406 1669 415 1685 ι

409 1705 536 1731 ΚΕΦΑΛ.
567 1704 608 1732 κ’.

148 1751 282 1782 Ζωοποιός
298 1751 355 1777 ἔστι
372 1750 418 1777 τοῦ
446 1751 550 1785 Κυρίου
578 1751 594 1785 ἡ
624 1748 694 1786 σὰρξ
717 1752 901 1786 πιστευομένη

110 1797 154 1823 ὅτι
171 1795 224 1823 ὑπὸ
237 1796 284 1823 τοῦ
296 1796 364 1822 Θεοῦ
379 1797 466 1829 Λόγου
481 1795 655 1831 ὲζωοποιήθη
664 1804 670 1811 ·
687 1796 774 1828 ἄλλως
786 1797 840 1831 γὰρ
852 1797 901 1823 υύκ

111 1843 170 1869 ἐστι
209 1842 349 1874 ζωοποιὸς.
382 1841 452 1867 Ἀλλ’
478 1842 528 1867 οὐκ
553 1841 679 1877 ἐνεργείᾳ
707 1842 754 1868 τοῦ
785 1842 900 1874 ζωτικοῦ

111 1888 200 1921 Λόγου
229 1887 275 1914 νῦν
299 1887 392 1919 ἁπλῶς
417 1887 600 1923 ὲζωοποιήθη,
627 1887 722 1922 ὥσπερ
755 1889 783 1914 ὲν
810 1889 842 1923 τῇ
855 1888 901 1914 τοῦ

117 1933 204 1968 ’Δδὰμ
225 1933 406 1969 δημιουργίᾳ.ἱ
425 1933 478 1968 ὅτῳ
495 1933 550 1968 γὰρ
574 1932 607 1959 ἂν
629 1933 710 1960 πάλιν
723 1933 836 1968 δυνάμει
854 1933 902 1960 καὶ

110 1979 142 2005 τὺ
157 1978 276 2013 φθαρτὸν
296 1976 352 2013 εἷχε
363 1979 410 2005 καὶ
425 1978 473 2005 νῦν
483 1979 497 2004 6
512 1978 656 2014 ἄνθρωπος
666 1987 673 1994 ι
690 1979 747 2005 ἀλλ’
765 1979 901 2014 ἐνοικήσει

112 2022 343 2058 φύσεωςζωτικῆς
352 2023 489 2057 εἱςφύσιν,
499 2024 559 2049 καθ’
572 2024 671 2050 ’ἐνωτιν
679 2023 777 2050 οὐσιῶν
786 2023 842 2055 δύο,
851 2025 901 2060 τὴν

112 2069 262 2095 ὑπόστασιν
285 2069 349 2103 μίαν
379 2069 598 2096 ἀποδεικνῦσαν·
618 2070 655 2101 ὡς
673 2069 710 2105 μὴ
725 2070 826 2105 ἰσχύειν
846 2069 902 2096 πώ-

112 2123 179 2141 ποτε
192 2115 285 2141 λοιπὸν
309 2116 339 2142 τὺ
360 2116 474 2150 δυνάμει
493 2116 706 2150 ὲναποκείμενον
729 2115 845 2151 φθαρτὸν
867 2117 900 2151 τῇ

112 2160 194 2195 φύσει
210 2162 241 2196 τῇ
272 2161 445 2197 ἀνθρωπίνῃ,
469 2163 509 2193 εὶς
530 2162 561 2187 τὺ
583 2162 711 2197 ἐνεργείᾳ.
735 2161 876 2197 προελθεῖν
892 2169 900 2176 ·

951 1612 1033 1640 habet
1043 1613 1133 1647 Pater,
1150 1620 1209 1640 mea
1222 1617 1285 1640 Slml
1296 1619 1320 1639 α.
1340 1623 1349 1639 ι

1271 1703 1347 1730 CAP.
1365 1701 1426 1731 XX.

987 1749 1134 1776 Vivitieans
1146 1752 1188 1776 est
1204 1749 1312 1775 Domini
1334 1756 1399 1776 caro
1412 1755 1474 1775 cum
1493 1743 1632 1777 credimus
1650 1756 1709 1777 eam
1728 1758 1742 1777 ο

952 1795 1007 1822 Deo
1026 1795 1116 1822 Verbo
1131 1794 1306 1821 vivificatam.
1324 1793 1412 1822 Aliter
1428 1795 1502 1822 enim
1525 1803 1580 1822 non
1592 1801 1635 1823 est
1650 1796 1742 1823 viviﬁ-

952 1848 1026 1868 eans.
1046 1840 1098 1868 Sed
1113 1848 1168 1867 non
1182 1840 1286 1867 virtute
1304 1840 1358 1867 vivi
1376 1840 1458 1867 Verbi
1481 1848 1556 1868 nunc
1579 1841 1743 1875 simpliciter

951 1886 1087 1913 viviﬁcata
1100 1907 1106 1918 ,
1124 1891 1154 1913 ut
1173 1887 1201 1913 in
1216 1883 1357 1913 creatione
1370 1884 1471 1919 Adam;
1487 1890 1652 1922 quacunque
1668 1888 1742 1915 enim

952 1935 1049 1960 rursus
1067 1932 1170 1960 virtute
1192 1931 1401 1967 corruptionem
1419 1928 1536 1960 haberet
1556 1940 1630 1960 nunc
1648 1933 1742 1966 homo,

952 1978 1000 2006 sed
1014 1979 1104 2006 univit
1126 1986 1182 2005 sua;
1200 1981 1305 2006 naturaa
1326 1982 1453 2006 naturam
1477 1973 1674 2012 viviﬁcantem,
1693 1987 1743 2014 per

953 2024 1083 2051 unionem
1104 2023 1221 2051 duarum
1234 2022 1462 2056 substantiarum,
1476 2032 1559 2051 unam
1583 2024 1742 2061 hypostasin

951 2070 1140 2102 exhibentem,
1167 2075 1197 2097 ut
1213 2078 1355 2104 nunquam
1379 2064 1512 2105 deinceps
1527 2075 1620 2105 posset
1632 2070 1659 2098 in
1677 2078 1742 2105 ope-

952 2117 1059 2144 ratione
1090 2117 1142 2144 sita
1167 2114 1320 2151 corruptio,
1353 2121 1459 2144 natura:
1488 2113 1615 2144 humanae
1636 2115 1743 2151 ingredi

952 2164 1124 2199 operatione,
1150 2168 1180 2190 ut
1199 2164 1319 2190 humana
1339 2162 1479 2199 bypostasi
1503 2163 1530 2190 in
1556 2162 1618 2198 ipso
1636 2163 1688 2190 sita
1702 2164 1743 2190 in-

111 2206 151 2237 ὼς
164 2206 233 2232 κατὰ
249 2206 421 2241 ἀνθρωπίνης
444 2206 620 2238 ὑποστάσεως
636 2207 899 2241 συνεναποκειμένης

953 2209 1140 2244 corruptionis
1160 2209 1274 2242 virtute,
1297 2209 1360 2236 viue
1384 2209 1496 2244 propria
1512 2213 1622 2240 natura,
1637 2212 1665 2236 et
1680 2216 1743 2236 cum

112 2252 182 2287 αὐτῇ
201 2252 232 2278 ἐν
250 2253 282 2287 τῇ
295 2252 343 2286 τῆς
367 2252 569 2287 ἀφθαρτοποιοῦ
585 2252 736 2287 δυνάμεως,
754 2253 804 2288 τῆς
821 2253 901 2279 αὺτο-

111 2299 193 2332 φύσει
208 2298 289 2333 ζωῆς,
304 2299 350 2324 καὶ
366 2299 405 2329 εις
420 2298 468 2333 τὴν
481 2298 566 2332 αὐτὴν
588 2298 663 2324 θείαν
681 2297 828 2325 ὑπόστασιν
844 2306 905 2324 συν‹

112 2346 227 2381 εχούσης
247 2347 296 2381 τὴν
327 2345 502 2381 ἀνθρωπείαν
521 2345 618 2380 φύσιν·
644 2345 716 2372 οὕτω
735 2346 801 2379 γοῦν
832 2349 904 2377 τινες

111 2393 160 2419 καὶ
175 2393 238 2423 τοὺς
252 2392 432 2427 φθοροποιοὺς
456 2392 505 2426 τῆς
525 2391 643 2426 γαστρὸς
656 2391 739 2422 ὀποϋς
753 2391 769 2426 ἢ
788 2390 903 2425 βοτάνας

111 2439 145 2464 δι’
163 2439 259 2473 ἑτέραν
291 2438 352 2464 τινὰ
382 2438 517 2472 ὠφέλειαν
540 2439 742 2474 προσφέροντες
761 2446 818 2464 τισι
846 2439 902 2470 τοῖς

113 2483 189 2514 ἰδίως
213 2484 366 2518 ἐφεκτικοῖς
391 2483 477 2518 αὐτῆς
500 2484 582 2510 εἴδεσι
612 2483 750 2518 μίξαντες,
779 2483 817 2514 εἰς
842 2483 901 2515 ἑνὸς

114 2528 261 2563 φαρμάκου
284 2528 415 2563 σύνθεμα,
440 2527 526 2558 ἀδεῶς
549 2527 580 2554 τὸ
611 2528 703 2554 λοιπὸν
736 2527 899 2562 παρέχουσι·

113 2573 293 2608 φθοροποιίαν
321 2574 438 2609 γαστρὸς
465 2573 558 2599 λοιπον
575 2573 627 2599 οὐκ
649 2573 842 2608 εὐλαϐούμενοι
859 2573 902 2599 διὰ

113 2620 146 2646 τὸ
171 2618 418 2654 συμπεπλεγμένον
446 2619 590 2653 ὲφεκτικὸν
615 2619 663 2654 τῆς
678 2619 795 2652 γαστρὸς
815 2619 845 2645 ὲν
862 2618 902 2644 ἐνὶ

114 2665 162 2692 καὶ
176 2665 215 2700 τῷ
229 2665 303 2700 αὐτῷ
315 2664 453 2700 φαρμάκῳ
473 2665 541 2699 ἃμα.

394 2711 522 2738 ΚΑΦΑΛ.
545 2711 609 2738 ΚΛ’.

149 2756 207 2782 Οὐχ
225 2755 296 2783 ἔστιν
312 2756 455 2792 ἄνθρωπος
472 2758 511 2792 μὴ
525 2756 562 2784 ὧν
582 2766 623 2789 τις
649 2756 790 2792 ἄνθρωπος
801 2766 809 2773 ·
826 2757 870 2783 καὶ
886 2757 899 2783 ὀ

134 2816 239 2852 Ηῐζοε.
256 2817 345 2850 “1,3.
387 2821 396 2835 ι
417 2817 495 2845 Joan.
518 2825 556 2850 tn,
572 2817 617 2844 δε.
656 2823 668 2837 ι
684 2817 761 2844 Joan.
776 2822 830 2850 xvt,
852 2815 893 2843 l3.

956 2255 1014 2290 ipsa
1047 2255 1140 2282 divina
1170 2255 1309 2290 bypustasi
1343 2254 1447 2281 unitam
1482 2254 1631 2281 humanam
1663 2259 1744 2282 natu-

954 2302 1028 2334 ‘ram;
1044 2301 1083 2328 sic
1096 2301 1179 2335 igitur
1198 2300 1311 2336 quidam
1324 2300 1382 2327 sani
1395 2301 1524 2328 mortales
1541 2300 1683 2328 stomacho
1694 2300 1745 2328 bu-

954 2354 1056 2378 mores,
1066 2347 1109 2374 vel
1122 2347 1241 2381 plantas,
1261 2343 1319 2373 sive
1337 2346 1482 2382 quamdam
1500 2346 1582 2373 aliam
1599 2346 1743 2374 utilitatem

953 2393 1128 2425 adhibentes,
1146 2396 1174 2419 et
1190 2390 1356 2427 quibusdam
1369 2391 1588 2427 astringentibus
1599 2392 1744 2426 speciebus

954 2439 1110 2471 miscentes,
1128 2446 1213 2465 unum
1227 2437 1404 2473 pharmacum
1418 2442 1588 2473 componunt
1602 2438 1675 2472 quod
1684 2437 1744 2466 sine

954 2488 1028 2511 metu
1049 2484 1083 2511 de
1094 2487 1194 2511 caetero
1212 2483 1354 2511 adhibent.
1371 2483 1585 2519 Corruptionem
1608 2483 1744 2513 stomachi

954 2529 988 2557 de
1008 2534 1107 2557 caetero
1122 2537 1176 2556 non
1195 2530 1323 2557 timentes
1341 2534 1456 2565 propter
1471 2529 1628 2557 mistioncm
1643 2530 1744 2559 astrin-

955 2574 1043 2610 gentis
1053 2575 1118 2602 salsi
1136 2575 1164 2603 in
1182 2574 1279 2602 eodem
1297 2575 1456 2610 pharmaco.

990 2756 1049 2785 Non
1063 2755 1147 2783 homo
1159 2753 1206 2790 qui
1214 2761 1269 2782 non
1443 2753 1537 2787 homo,
1551 2756 1580 2781 el
1592 2751 1743 2789 suscipit-tu
