1960 3093
200 147 271 181 1755

200 207 286 237 terius
304 208 372 242 lato,
391 207 454 236 ideo
471 208 654 244 Thcophorus
673 208 752 236 vobis
778 207 888 235 videtur
907 208 986 236 Chri-
1001 211 1023 238 A

198 260 268 284 ειυς.

516 301 592 329 CAP.
624 301 668 328 lll.

236 346 333 373 Modus
348 347 512 374 voluntariae
531 347 644 374 unionis
666 355 721 375 non
748 348 839 375 aufert
853 347 988 375 cxsisten-

200 392 267 420 tiam
286 392 312 419 in
330 392 401 427 ipso,
421 400 484 419 nam
502 393 525 420 si
552 401 608 420 non
635 395 794 422 continetur
822 395 849 421 in
867 395 914 421 illo
937 401 988 421 nec

203 437 315 470 unitur,
345 438 377 464 ad
401 438 589 465 exsistentiam
619 440 771 466 secundum
802 439 987 466 voluntariam

201 483 332 510 unionem
344 488 505 510 naturarum
519 483 552 511 ad
564 484 680 511 invicem
693 486 867 520 nunquamin
881 485 991 512 duabus

201 526 395 563 hypostasibus
408 526 556 558 invenitur,
571 532 601 554 ut
627 528 778 556 habitantis
789 533 816 556 et
836 527 965 556 habitati.

529 573 604 600 CAP.
621 573 663 600 IV.

237 618 266 645 Si
287 625 340 645 non
358 618 385 644 in
404 615 602 644 habitationem
622 618 663 645 vel
678 622 780 646 vestem
805 618 887 646 habet
900 619 990 645 homi-

201 671 264 690 nem
285 663 416 696 Verbum,
444 664 602 691 necessario
632 664 658 691 in
686 665 869 692 substantiam
895 665 989 693 habet.

201 710 347 745 Accipiens
374 718 440 738 vero
465 718 577 737 carnem
605 711 632 738 in
661 712 844 739 substantiam
876 712 990 745 Christi,

202 759 379 790 augmentum
393 756 458 783 facit
472 756 631 784 substantia:
642 757 704 784 Filii
723 777 730 789 ,
754 763 864 786 vertens
875 763 903 786 et
930 766 991 784 mu-

204 807 265 829 tans
284 802 356 829 illam
384 802 412 828 in
440 802 567 830 alterum.
590 803 642 830 Sed
657 808 699 830 est
718 803 832 838 quidem
863 808 892 831 et
916 808 946 831 ut
963 804 990 831 in

203 848 402 875 habitationem
423 852 451 876 et
466 852 496 875 ut
510 849 538 875 in
552 849 713 879 tentorium,
728 853 754 876 et
768 850 795 876 in
811 854 926 883 vestem,
948 858 991 877 se-

204 894 325 922 cundum
351 895 498 929 quamdam
527 895 678 929 analogiam
701 896 818 923 Verbum
846 896 874 923 in
898 903 991 928 carne,

204 947 258 967 non
275 945 364 967 tamen
391 940 544 967 secundum
573 941 822 968 immbtabilitatem
836 946 866 969 ut
891 942 917 968 in
939 950 994 969 uno

207 987 307 1013 horum
318 990 376 1018 est;
390 985 411 1012 si
424 986 497 1013 enim
514 993 569 1013 non
583 986 637 1013 hoc
649 986 738 1021 ipsum
755 991 808 1018 est,
830 994 881 1013 nec
894 986 994 1013 simili-

206 1036 247 1059 ter
259 1031 311 1059 huc
338 1031 410 1066 quod
444 1031 470 1058 in
495 1031 539 1059 his
564 1031 693 1059 omnibus
711 1040 796 1059 unum
816 1040 888 1065 esse,
908 1033 995 1059 multo

207 1078 293 1112 magis
311 1085 366 1104 non
380 1077 433 1105 hoc
445 1080 476 1104 ut
494 1085 579 1104 unum
598 1078 695 1104 horum
719 1086 831 1113 prorsus
847 1086 908 1106 esse
922 1078 995 1113 quod

196 1123 305 1150 'attinet
320 1123 353 1150 ad
373 1123 520 1150 habentem
538 1127 612 1150 statu
632 1123 817 1150 diﬁcrentiam
833 1123 859 1150 in
875 1123 995 1156 Christo;

207 1170 230 1197 si
242 1177 308 1197 vero
326 1174 368 1197 est
383 1170 457 1205 quod
470 1177 554 1205 prope
570 1170 628 1197 haec
639 1174 690 1202 est,
706 1170 798 1197 statim
819 1170 845 1196 in
867 1170 998 1197 substan-

209 1216 274 1242 tiam
287 1216 457 1244 redeundum
474 1221 525 1248 est,
542 1220 570 1242 et
588 1223 643 1243 non
665 1216 758 1250 potius
786 1216 813 1242 in
840 1224 996 1250 personam,

209 1266 324 1296 propter
360 1269 527 1289 concursum
568 1261 728 1288 substantire
756 1261 789 1288 ad
815 1261 999 1296 substantiam

210 1307 340 1335 ostendit.
353 1306 522 1342 lgituridem
545 1312 587 1334 est
609 1307 642 1334 de
661 1307 723 1342 igne
738 1307 765 1334 in
791 1315 906 1334 massam
923 1307 999 1340 ferri,

211 1361 242 1380 ac
258 1353 291 1380 de
320 1354 411 1380 anima
438 1353 464 1379 in
486 1361 601 1388 corpore
639 1353 770 1380 humano.
784 1353 852 1380 Cum
889 1360 943 1379 non
965 1352 1002 1379 sit

212 1398 353 1433 ingressus
378 1398 559 1426 habitationis
587 1405 637 1426 nec
660 1403 689 1426 ut
719 1398 830 1425 tentorii
854 1398 1000 1430 habitatio,

213 1453 264 1472 nec
277 1450 307 1472 ut
324 1445 409 1472 vestis
421 1445 556 1476 inductio,
585 1453 639 1472 non
659 1445 731 1472 enim
746 1444 880 1479 praeduxit
897 1451 958 1479 quae
974 1444 1001 1470 in

215 1491 276 1518 istis
299 1495 363 1518 sunt
382 1491 605 1518 manifestatione
627 1490 798 1519 abscondere
821 1490 942 1517 latorum
955 1489 1003 1517 do—

1009 876 1030 905 B

831 151 987 182 LEONTII
1008 152 1210 182 DYZANTINI

1037 208 1104 240 Θεὸς
1119 206 1152 244 ἦν
1168 209 1197 235 ἐν
1212 207 1338 244 Χριστῷ-
1355 210 1402 236 καὶ
1427 208 1468 235 ἑνὶ
1490 209 1528 244 τῷ
1541 209 1640 242 ἔξωθεν
1655 210 1837 246 φορουμένῳ,

1037 254 1103 281 διότι
1117 255 1247 290 θεοφόρος
1264 255 1327 289 ὑμῖν
1339 255 1414 281 δοκεί
1424 256 1437 281 6
1452 256 1581 290 Χριστός.

1343 300 1470 327 ΚΕΦΛΔ.
1487 300 1524 327 Ρ.

1079 344 1108 370 Ὀ
1123 345 1222 380 τρόπος
1243 346 1294 380 τῆς
1310 346 1435 372 ἑκουσίου
1463 345 1596 378 ἐνώσεως,
1618 346 1667 382 τὴν
1683 346 1841 382 ὲνύπαρξιν

1038 390 1088 416 οὐκ
1115 391 1236 426 ἀναιρεῖ·
1261 393 1285 418 εἰ
1302 393 1338 427 μὴ
1361 393 1416 428 γὰρ
1437 393 1596 427 ἐνυπάρχει,
1622 393 1682 419 οὐδὲ
1715 393 1838 428 ἥνωται.

1046 436 1126 462 ’Λλλὰ
1157 438 1173 472 ἠ
1198 438 1269 464 κατὰ
1296 438 1345 473 τὴν
1357 439 1413 465 τῶν
1441 439 1549 472 φύσεων
1567 441 1607 470 εἰς
1620 439 1738 474 ἀλλήλας
1751 438 1841 465 ἑκού-

1040 490 1098 508 σιον
1117 482 1214 510 ἕνωσιν
1238 484 1396 520 ὲνύπαρξις,
1425 486 1453 511 ὲν
1469 485 1546 511 δυάδι
1569 485 1744 512 ὑποστάσεων
1772 486 1842 511 ποτὲ

1040 527 1089 562 οὐχ
1105 529 1234 564 ὑπάρχει,
1253 530 1290 561 ὡς
1304 530 1473 562 ἐνοικοῦντος
1486 530 1534 556 καὶ
1550 531 1752 565 ὲνοικουμένου.

1346 576 1474 603 ΚΕΦΑΛ.
1492 577 1529 602 Δ’.
1551 576 1557 582 ”

1077 619 1107 646 El
1129 619 1165 655 μὴ
1179 620 1219 651 εἰς
1231 620 1295 647 ναὸν
1312 620 1328 655 ἢ
1344 621 1456 655 φόρημα
1469 620 1526 656 ἔχει
1538 621 1552 646 6
1563 621 1649 654 Λόγος
1663 622 1710 647 τὶν
1728 621 1845 658 ἄνθρω-

1042 673 1102 698 πον,
1121 664 1151 697 ἐξ
1165 665 1288 698 ἀνάγκης
1303 666 1342 696 εἰς
1358 666 1451 692 οὐσίαν
1464 666 1521 700 ἕχει
1532 674 1540 682 “
1556 666 1570 691 6
1585 666 1613 692 δὲ
1625 666 1773 701 λαμεὰνων
1790 668 1845 702 τὴν

1043 710 1134 746 σάρκα
1150 711 1190 742 εἰς
1215 711 1310 737 οὐσίαν
1326 711 1373 737 τοῦ
1397 711 1529 746 Χριστοῦ,
1558 711 1673 746 αὔξησιν
1702 714 1778 738 ποιΞί
1790 713 1845 746 τῆς

1043 757 1136 788 οὐςίας
1150 756 1195 782 τοῦ
1214 756 1288 788 Υἱοῦ,
1302 757 1412 791 τρέπων
1425 757 1472 782 καὶ
1488 756 1601 783 ἀλλοιῶν
1614 757 1699 792 αὐτὴν
1721 759 1760 789 εἰς
1780 759 1846 784 ἓτε-

1045 812 1099 839 ρον.
1116 802 1178 828 Ἀλλ
1201 802 1259 829 ἐστι
1275 803 1324 838 μὲν
1340 803 1386 829 καὶ
1402 803 1439 834 ὡς
1453 804 1493 834 εἰς
1508 803 1571 830 ναὶν
1587 804 1632 830 καὶ
1660 804 1697 834 ὡς
1713 805 1753 834 εἰς
1770 812 1846 838 σκη-

1044 850 1091 885 νὴν
1107 850 1155 876 καὶ
1169 849 1206 881 ὡς
1222 850 1262 879 εὶς
1275 849 1399 884 φόρημα,
1416 850 1486 876 κατὰ
1499 850 1647 884 ἀναλογίαν
1662 850 1724 876 τινὰ
1751 851 1764 876 ὸ
1794 851 1848 877 Λό-

1046 905 1092 930 γος
1105 896 1134 921 ὲν
1154 897 1187 930 τῇ
1203 895 1297 930 σσρκῐ”
1312 896 1342 921 οὐ
1359 896 1451 930 μέντοι
1479 895 1552 922 κατὰ
1582 896 1791 931 ἀπαραλλαξῐαν
1808 897 1848 928 ὡς

1045 943 1074 968 ὲν
1100 942 1141 968 ἑνὶ
1157 941 1261 968 τούτων
1276 941 1368 968 ἐστίν·
1399 942 1480 976 εἴπερ
1505 942 1560 976 γὰρ
1582 942 1619 977 μὴ
1640 943 1738 969 ταυτὸν
1753 943 1847 974 ἐστιν,

1045 987 1106 1013 οὐδὲ
1122 986 1253 1017 ὡσαύτως
1274 986 1304 1012 τὸ
1330 987 1358 1012 ὲν
1374 987 1462 1013 τοῖσδε
1480 986 1572 1018 αὐτοῖς
1591 988 1673 1014 πᾶσιν
1704 987 1734 1013 ἓν
1759 986 1849 1019 εἶναι,

1046 1033 1137 1069 πολλῷ
1158 1032 1257 1068 μᾶλλον
1273 1033 1303 1058 τὸ
1323 1032 1392 1067 μηδὲ
1407 1032 1445 1064 ὼς
1470 1033 1498 1058 ἓν
1511 1033 1594 1059 τῶνδε
1609 1034 1697 1068 πάντη
1715 1031 1804 1063 εἶναι.
1817 1034 1850 1060 τὸ

1047 1079 1176 1113 ἐχόμενον
1205 1078 1274 1112 πρὸς
1289 1078 1333 1104 τὸν
1350 1078 1446 1113 ἔχοντα
1463 1078 1520 1111 ἕξει
1539 1080 1568 1105 ὲν
1586 1079 1696 1115 Χριστῷ
1715 1080 1766 1115 τὴν
1783 1080 1850 1106 δια-

1049 1123 1148 1159 φοράν·
1166 1124 1229 1150 εἰδὲ
1242 1123 1272 1150 τὸ
1283 1123 1359 1159 παρὰ
1371 1124 1435 1150 τάδε
1450 1124 1491 1156 ὃν,
1502 1125 1583 1156 εὐθὺς
1598 1126 1743 1156 εῐςούσίαν
1756 1134 1850 1161 προσ-

1049 1169 1195 1204 ),ηφθῆναι,
1219 1170 1265 1196 καὶ
1288 1169 1338 1196 οὐκ
1358 1171 1398 1201 εἰς
1424 1170 1574 1196 ὑπόστασιν
1602 1171 1712 1205 μᾶλλον,
1726 1171 1772 1197 διὰ
1797 1171 1851 1206 τῆς

1050 1216 1118 1252 πρὸς
1131 1216 1225 1242 οὖσῐαν
1238 1215 1421 1247 συνελεύσεως
1433 1217 1526 1248 οὺσὶας
1541 1217 1627 1251 δηλοῖ,
1640 1217 1693 1252 ἄρα
1705 1225 1737 1251 γε
1751 1217 1802 1243 τοῦ
1819 1226 1850 1243 τῇ

1051 1261 1137 1296 πυρὸς
1164 1261 1192 1287 ἐν
1205 1260 1242 1295 τῷ
1262 1260 1356 1296 μύδρῳ
1372 1261 1439 1296 πρὸς
1462 1261 1507 1287 τδν
1526 1261 1645 1296 σῑδηρον,
1667 1262 1713 1288 καὶ
1726 1262 1778 1296 τῆς
1795 1262 1846 1296 ψυ-

1051 1307 1101 1342 χῆς,
1117 1306 1185 1341 πρὸς
1200 1306 1230 1332 τὸ
1254 1306 1334 1341 σῶμα
1360 1308 1388 1333 ὲν
1417 1306 1456 1341 τῷ
1475 1306 1626 1342 ἀνθρώπῳ·
1643 1308 1704 1333 ἐπεὶ
1723 1308 1795 1342 μήτε
1811 1308 1851 1339 ὡς

1051 1352 1115 1379 ναοῦ
1130 1354 1205 1379 ἐστιν
1219 1354 1236 1387 ἡ
1247 1351 1375 1386 εἴσδυσις,
1398 1353 1466 1388 μήτε
1482 1353 1520 1384 ὡς
1540 1354 1642 1388 σκηνῆς
1660 1355 1678 1389 ἡ
1695 1354 1850 1389 ἐνοίκησις,

1055 1399 1123 1434 μήτε
1149 1398 1185 1430 ὡς
1203 1398 1362 1434 φορήματος
1384 1400 1400 1434 ὴ
1433 1399 1553 1430 ἕνδυτις·
1571 1399 1633 1426 οὗτε
1656 1399 1710 1433 γὰρ
1740 1401 1851 1434 πέφυκε

1054 1446 1087 1472 τὰ
1103 1447 1131 1471 ὲν
1157 1445 1266 1476 τούτοις
1286 1446 1319 1481 τῇ
1333 1445 1387 1471 τῶν
1417 1446 1594 1480 φορουμένων
1610 1446 1703 1478 αὐτοῖς
1732 1446 1820 1472 οἴκων
1834 1446 1852 1482 ἢ

1057 1492 1213 1526 ἐνδυμάτων
1223 1491 1398 1527 ἐπιπροσθεῖν
1415 1492 1574 1527 ἐπιφανείᾳ,
1590 1493 1636 1519 καὶ
1650 1490 1704 1519 οἷον
1718 1493 1766 1519 καὶ
1780 1493 1853 1519 αὐτὰ

215 1543 322 1563 morum
337 1536 381 1563 vel
395 1536 632 1567 indumentorum,
657 1541 684 1563 et
701 1536 782 1563 talem
798 1540 840 1563 est
855 1536 927 1564 sicut
952 1544 1000 1563 ca:-

1056 1537 1158 1564 τούτων
1183 1536 1251 1564 εἶναι
1269 1539 1431 1573 φορήματα·
1447 1538 1483 1573 μὴ
1500 1539 1529 1564 τὸ
1545 1539 1716 1573 συμπάσχειν
1740 1538 1853 1574 Θιτὲρῳ

215 1583 278 1610 dom
289 1586 353 1609 sunt
379 1582 494 1609 istorum
510 1582 683 1613 vestimenta,
695 1589 751 1608 non
778 1585 820 1608 est
841 1581 1004 1616 simpliciter

216 1636 329 1657 necesse
345 1628 463 1663 compati
482 1629 551 1655 alter
566 1627 599 1655 ad
612 1628 730 1655 alterum
746 1627 780 1654 ad
793 1628 1004 1663 intelligendum

218 1674 397 1701 mutationem
409 1674 569 1701 substantiae
587 1673 659 1709 ignis
673 1673 700 1700 in
717 1681 806 1701 massa
825 1673 851 1700 in
877 1674 1006 1700 substan-

218 1721 283 1748 tiam
298 1720 375 1752 ferri,
393 1724 421 1747 et
437 1720 616 1747 mutationem
634 1717 732 1747 animm
745 1720 772 1746 in
795 1727 894 1754 corpus
917 1720 945 1747 in
956 1720 1007 1747 ho—

218 1767 302 1794 mine.
317 1767 386 1794 [llud
401 1771 443 1793 est
460 1767 587 1799 mutatio,
616 1765 761 1798 utdicitis,
792 1774 845 1793 non
871 1771 913 1793 est
939 1774 1005 1801 aug—

219 1817 358 1845 mentum;
375 1817 403 1840 et
417 1813 438 1840 si
459 1816 648 1848 augmentum,
664 1820 719 1839 non
734 1812 850 1839 mutatio
873 1815 925 1844 est,
951 1819 1008 1839 ma—

219 1864 302 1887 nente
317 1859 400 1894 igitur
413 1859 631 1893 pra‘exsistente,
659 1858 737 1885 adest
750 1862 939 1894 augmentum,
952 1865 1007 1885 non

221 1913 287 1933 vero
297 1905 425 1932 similiter
438 1905 564 1932 mutatio.

553 1951 630 1979 CAP.
643 1951 675 1978 ν.

255 1997 283 2025 Si
294 1997 446 2024 absurdum
457 2001 498 2025 est
507 1997 597 2024 dicere
605 1997 747 2025 Christum
764 1997 905 2024 hominem
919 1996 1011 2023 Theo-

221 2043 352 2077 phorum,
381 2042 450 2069 doce
477 2050 528 2069 nos
556 2042 696 2077 quomodo
728 2046 837 2077 oportet
868 2041 1010 2068 nominare

220 2088 362 2116 Christum
378 2088 530 2120 hominem,
561 2088 701 2115 hominem
731 2087 953 2118 Deo-carnalem,
967 2086 1011 2113 vel

222 2135 308 2161 Deum
333 2134 623 2162 homino-carnalem?
647 2134 701 2162 Sed
730 2135 753 2161 si
774 2134 836 2161 talis
861 2138 902 2160 est
927 2133 1011 2160 homo

222 2180 359 2211 Christus,
372 2180 487 2208 evidens
501 2184 542 2207 est
564 2179 638 2215 quod
651 2188 700 2215 per
716 2180 802 2207 Adam
830 2184 956 2206 naturam
970 2182 1012 2206 est.

1057 1585 1170 1620 Θὰτερον
1182 1584 1277 1616 ἁπλῶς
1294 1585 1402 1619 ἀνάγκη
1418 1585 1456 1615 εις
1476 1585 1570 1611 οὐσίαν
1590 1585 1700 1619 σιδήρου
1717 1592 1855 1619 μετατρο-

1057 1631 1111 1666 πὴν
1121 1631 1225 1657 οἴεσθαι
1238 1631 1287 1665 τῆς
1303 1630 1397 1661 οὐσίας
1410 1630 1455 1656 τοῦ
1478 1630 1564 1665 πυρὸς
1578 1631 1607 1656 ἐν
1622 1630 1660 1665 τῷ
1685 1630 1789 1665 μύδρῳ,
1805 1631 1854 1656 καὶ

1057 1677 1108 1711 τῆς
1137 1676 1227 1711 ψυχῆς
1255 1675 1373 1711 ἀμοιϐὴν
1401 1676 1440 1706 εἰς
1467 1676 1546 1710 σῶμα
1570 1676 1599 1702 ὲν
1626 1676 1665 1709 ’τῷ
1692 1675 1852 1710 ἀνθρώπῳ·

1057 1721 1157 1755 ὅπουγε
1175 1720 1222 1747 καὶ
1247 1721 1271 1746 εἰ
1286 1721 1384 1756 τροπὴ,
1399 1720 1437 1752 ὦς
1450 1729 1529 1755 φατε,
1545 1718 1590 1756 ἦν,
1615 1721 1664 1747 οἰκ
1683 1721 1853 1755 ἐπαύξησις·

1058 1767 1105 1792 καὶ
1124 1767 1148 1793 εἰ
1167 1765 1328 1801 ἑπαύξησις,
1346 1767 1376 1792 οὺ
1405 1766 1494 1800 τροπὴ
1513 1766 1622 1800 γέγονε·
1636 1763 1638 1765 ’
1651 1766 1778 1800 μένοντος
1798 1766 1855 1801 γὰρ

1058 1812 1104 1838 τοῦ
1121 1812 1367 1846 προῦποκειμὲνου,
1385 1811 1489 1846 γίνεται
1508 1811 1525 1846 ἡ
1540 1810 1663 1845 abitis-Lg,
1685 1811 1715 1836 οὐ
1735 1810 1791 1846 μὴν
1808 1811 1856 1837 καὶ

1059 1859 1078 1894 ἡ
1092 1857 1179 1894 τροπὴ
1194 1857 1335 1890 ὡσαύτως.

1138 1986 1140 1988 τ
1366 1950 1386 1975 κ
1394 1949 1490 1977 eam.
1509 1950 1546 1976 E’.

1098 1997 1128 2022 Et
1142 1996 1271 2030 θεοφόρον
1285 1996 1429 2031 ἄνθρωπον
1441 1996 1528 2022 εἰπεῖν
1544 1996 1590 2022 τὸν
1607 1996 1726 2031 Χριστὸν
1741 1996 1856 2029 ἄτοπον,

1061 2041 1166 2072 δὲδαξον
1175 2041 1248 2075 ἡμᾶς
1265 2040 1323 2071 πῶς
1337 2042 1388 2074 χρὴ
1401 2040 1546 2074 ὀνομάζειν
1561 2041 1606 2066 τδν
1617 2041 1735 2074 Χριστὸν
1747 2041 1859 2076 ἄνθρω-

1063 2095 1124 2117 πον,
1150 2086 1299 2120 οεὸσαρκον
1327 2085 1470 2119 ἄνθρωπον
1488 2086 1503 2120 ἢ
1524 2086 1757 2122 ἁνθρωπόπαρκον
1773 2087 1858 2119 Θεό-ις

1063 2132 1121 2158 ἀλλ’
1135 2133 1159 2158 εἰ
1170 2131 1290 2163 τοιοῦτος
1302 2131 1447 2166 ἄνθρωπος
1460 2133 1474 2158 6
1483 2133 1611 2170 ᾉριστὸς,
1625 2133 1706 2166 δῆλον
1721 2133 1764 2158 ὃτι
1780 2133 1859 2169 παρὰ

1063 2177 1112 2212 τὴν
1137 2176 1183 2203 τοῦ
1204 2176 1290 2210 Ἀδὰμ
1312 2176 1392 2209 φύσιν
1418 2176 1493 2202 ἐστὶν
1521 2176 1667 2211 ἄνθρωπος
1692 2177 1706 2202 ὁ
1726 2176 1858 2210 Χριστός.

223 2226 306 2253 homo
329 2225 465 2253 Christus.
493 2225 602 2260 «Prope
629 2225 752 2252 Verbum
794 2229 872 2252 tuum
908 2229 951 2251 est
980 2224 1000 2251 ir

1067 2233 1079 2249 ι
1088 2223 1188 2257 Ἐγγύς
1202 2231 1248 2248 σου
1261 2222 1290 2248 τὸ
1303 2222 1377 2257 ῥῆμά
1390 2222 1466 2248 ἐστιν
1479 2223 1507 2248 ἐν
1521 2223 1576 2253 τοῖς
1590 2221 1692 2256 χείλεα-ἱ
1705 2230 1752 2247 σου
1767 2223 1816 2248 καὶ
1831 2222 1859 2247 ἐν

224 2273 279 2300 tuis
292 2271 371 2299 labiis
383 2277 411 2298 et
429 2271 455 2298 in
471 2276 563 2298 mente
593 2276 640 2298 tua
665 2276 695 2304 n;
712 2281 720 2296 ι
738 2270 793 2298 hoc
817 2276 859 2298 est
883 2270 1011 2298 incarna-

225 2321 282 2344 tum
297 2318 383 2344 Deum
401 2317 448 2352 qui
472 2321 500 2344 et
516 2324 580 2344 vere
594 2324 678 2351 super
701 2320 827 2343 naturam
858 2315 944 2343 Adam
959 2316 1011 2343 ali-

225 2363 290 2398 quid
305 2363 398 2396 habet,
417 2363 526 2390 salvans
536 2362 647 2397 quidem
662 2370 710 2397 per
732 2362 808 2388 illam
820 2362 922 2389 omnia.

537 2420 613 2448 CAP.
629 2421 673 2448 νι.
701 2440 707 2445 .

262 2467 289 2495 Si
317 2472 348 2495 ut
373 2471 434 2495 erat
460 2471 608 2501 antequam
629 2466 782 2493 incarnatio
804 2466 924 2493 Verbum
943 2473 1015 2493 unus

225 2515 300 2542 Deus
325 2517 352 2540 et
382 2521 453 2540 unus
470 2513 568 2543 Filius.
596 2512 635 2539 sic
659 2517 687 2539 et
707 2516 768 2547 post
785 2511 1015 2543 incarnationem,

225 2560 341 2589 evidens
369 2564 411 2587 est
435 2559 509 2594 quod
541 2566 650 2586 carnem
675 2558 759 2585 habet
774 2563 803 2584 ut
823 2558 1013 2584 indumentum

226 2613 254 2636 ct
267 2607 453 2635 habitaculum
469 2610 496 2633 et
512 2614 567 2632 non
590 2611 619 2632 ut
637 2609 744 2640 partem
759 2604 933 2632 substantiae.
959 2603 1013 2631 Sed

228 2661 300 2680 nunc
316 2660 387 2680 unus
397 2651 479 2678 homo
498 2651 556 2685 ipse
570 2654 622 2682 est,
636 2658 699 2677 nam
719 2650 792 2676 inter
805 2657 854 2676 nos
880 2656 1011 2676 numera—

227 2703 272 2726 tus
287 2702 338 2727 est.
351 2697 430 2726 Unde
440 2696 599 2723 nominatur
610 2695 783 2727 Emmanuel,
797 2702 878 2722 nemo
887 2694 1016 2722 habitans

229 2745 340 2772 domum
354 2743 395 2770 vel
412 2742 524 2778 pallium
548 2742 650 2774 ferens,
679 2747 841 2769 numeratur
872 2741 943 2767 inter
966 2739 1015 2766 do-

229 2797 289 2817 mos
298 2794 326 2816 et
341 2789 433 2823 pallia.

272 2871 284 2884 "
300 2866 378 2895 υκαι.
391 2867 505 2899 xxx,ll;
523 2866 602 2894 Rom.
620 2874 647 2900 x,
661 2866 686 2894 8.

1063 2271 1097 2305 τῇ
1109 2268 1214 2303 διανοίᾳ
1225 2276 1282 2299 σου,
1297 2277 1305 2293 ι
1317 2267 1439 2294 τουτέστι
1454 2267 1662 2303 σεσαρκωμένον
1673 2267 1753 2298 Θεὸν,
1765 2267 1796 2298 ὃς
1812 2268 1859 2293 καὶ

1065 2315 1148 2346 ὅντως
1161 2315 1230 2349 ὑπὲρ
1240 2314 1290 2349 τὴν
1304 2313 1386 2347 φύσιν
1405 2313 1528 2348 Ἀδάμει
1544 2313 1611 2348 ἔχει,
1638 2312 1734 2345 σώζων
1760 2312 1859 2348 μέντοι

1066 2360 1113 2387 καὶ
1125 2360 1158 2386 τὰ
1178 2359 1249 2386 κατὰ
1264 2359 1366 2394 ταύτην
1378 2359 1481 2386 πάντα.

1369 2417 1495 2443 ΚΕΦΛΛ.
1516 2415 1561 2450 (τ’.

1102 2462 1132 2488 Et
1142 2461 1237 2496 ὥσπερ
1245 2458 1279 2496 ἧν
1295 2461 1348 2496 πρὸ
1361 2461 1408 2487 τοῦ
1427 2461 1602 2495 σαρχωοῆναι
1618 2461 1632 2486 6
1642 2461 1728 2494 Λόγος
1743 2458 1786 2492 εἷς
1797 2461 1861 2492 Θεθις

1066 2510 1113 2536 καὶ
1141 2506 1181 2540 εἷς
1205 2509 1280 2541 Υιὺς,
1296 2508 1383 2539 οὓτως
1404 2508 1452 2534 καὶ
1468 2507 1538 2542 μετὰ
1553 2507 1603 2542 τὴν
1620 2508 1772 2543 σάρκωσιν,
1783 2508 1860 2542 δῆλον

1067 2556 1107 2582 ὅτι
1120 2555 1168 2591 τὴν
1181 2555 1269 2590 σάρκα
1283 2556 1322 2587 εἷς
1336 2555 1449 2590 φόρημα
1462 2554 1518 2589 ἕχει
1531 2555 1578 2580 καὶ
1601 2554 1675 2586 vah,
1692 2555 1740 2580 καὶ
1752 2555 1803 2580 οὒκ
1822 2555 1859 2585 εἰς

1069 2601 1151 2636 μέρος
1175 2601 1280 2633 οὐσίας.
1295 2600 1378 2627 Ἀλλὰ
1395 2599 1443 2626 νῦν
1471 2603 1518 2626 καὶ
1536 2598 1576 2631 εἷς
1593 2600 1740 2635 ἄνθρωπος
1754 2601 1768 2626 6
1782 2600 1859 2631 αὐτὸς

1069 2647 1142 2673 ἐστιν
1153 2655 1160 2662 ·
1177 2647 1206 2672 ὲν
1221 2647 1287 2682 ἡμῖν
1305 2647 1358 2682 γὰρ
1375 2646 1553 2680 κατελογίςθη
1566 2653 1572 2661 ·
1598 2645 1659 2672 ὅθεν
1674 2646 1721 2672 καὶ
1738 2645 1860 2672 καλεῖται

1068 2693 1243 2728 Ἐμμανουήλ
1256 2701 1263 2708 ·
1278 2693 1365 2724 οὐδεὶς
1377 2692 1405 2719 δὲ
1421 2692 1483 2718 ναὸν
1497 2692 1589 2723 οἰκῶν,
1606 2691 1622 2726 ἦ
1637 2692 1746 2726 ἱμάτιον
1761 2691 1861 2728 φορῶν,

1070 2741 1143 2771 ναοῖς
1157 2739 1173 2775 ἢ
1189 2739 1308 2774 ἱματίοις
1326 2737 1597 2772 συγκαταλογίζεται.
