1960 3093
202 82 271 116 1763

198 147 309 176 semper
330 137 514 172 arbitremur;
528 145 562 166 ex
577 133 672 165 verbis
691 141 782 164 autem
806 133 946 170 prmdietis
962 132 988 159 id
1005 134 1026 162 Α

199 193 285 214 unum
298 189 382 221 patet,
397 192 496 219 nempe
508 192 563 211 non
580 189 629 219 per
643 183 764 218 gladium
777 181 861 212 forte,
876 187 927 207 nec
941 186 991 214 per

197 232 329 268 lapidem,
341 231 388 259 sed
404 235 454 266 per
470 237 582 258 carnem
602 234 691 257 totum
716 233 822 255 sectum
838 233 899 253 esse
913 225 991 252 illum

198 280 352 311 hominem,
381 278 526 313 animaque
554 281 582 304 et
604 284 721 311 corpore
746 275 916 309 discerptum
942 279 992 307 per

199 325 267 354 illud
281 326 358 361 quasi
375 322 515 352 dissecans
528 323 756 350 instrumentum.
770 318 901 352 Proinde,
917 319 993 345 hunc

199 360 341 399 hominem
359 370 486 401 tonderi,
513 368 632 403 discerpi
650 372 677 395 et
694 366 811 394 lacerari
836 360 991 396 audientes,

199 418 334 454 putabitis
348 417 422 444 istud
439 416 479 443 illi
501 415 607 442 homini
624 415 651 441 in
666 418 782 448 utraque
804 411 891 447 ipsius
903 414 992 445 parte,

199 464 228 492 id
244 468 296 497 est,
312 469 369 492 tum
387 462 415 490 in
431 468 558 496 corpore,
574 466 632 488 tum
652 461 680 488 in
696 460 788 487 anima
801 458 949 490 accidisse,
964 460 994 484 et

200 510 311 545 quidem
333 516 378 544 per
389 516 497 535 carnem
508 507 585 542 quasi
600 507 655 534 vim
669 506 821 533 tonsuriam
831 503 992 531 habentem.

201 556 337 583 Praeterea
352 554 385 581 de
400 554 434 581 iis
449 554 507 588 qui,
526 553 591 580 licet
603 561 618 579 a
629 552 752 580 cruciatu
771 551 853 578 liberi
865 554 992 584 respectu

201 601 302 632 carnis,
318 600 421 635 aliquid
439 604 528 627 tamen
541 599 694 634 patiuntur,
710 597 731 625 si
749 597 908 625 dieeremus
919 594 995 622 hunc

201 647 243 674 vel
265 646 341 673 illuln
352 646 547 680 impassibilem
563 645 728 672 remansisse
742 652 824 672 carne
837 644 900 678 (hoc
912 643 996 678 signi-

201 693 300 720 ﬁcante
319 700 366 727 per
381 691 511 726 carnem),
527 691 655 718 simililer
671 691 723 718 diei
736 691 814 726 juxta
829 696 878 716 vos
893 688 995 724 poterit

201 738 379 774 impassibilis
398 742 525 772 respectu
542 736 641 764 anima:
651 745 698 772 per
709 745 819 763 carnem
837 744 846 763 :
863 736 902 763 illi
920 735 994 763 enim

200 788 264 819 post
275 791 386 810 carnem
400 783 469 810 nihil
485 782 560 810 aliud
577 790 660 817 quam
678 782 769 809 anima
789 785 926 816 superest.
940 782 994 808 ista

201 830 314 865 quidem
333 830 428 864 ecquis
443 829 544 857 stultus
568 837 624 856 non
647 828 832 864 intelligeret?
845 825 916 863 Ergo
935 827 993 854 evi-

201 876 302 903 denter
318 879 394 910 patet
409 882 504 901 vocem
522 882 603 901 carne
614 882 670 901 non
685 881 735 908 pro
748 874 934 900 instrumento
945 868 993 899 do-

202 920 308 949 loriiico
332 920 397 952 dici,
419 927 471 947 nec
498 927 546 954 pro
569 923 648 954 parte
677 919 725 952 Dei
744 914 828 946 Verbi
850 918 877 945 in
904 918 996 952 seipse

203 965 382 998 considerati,
399 965 511 1001 quando
520 964 622 992 dicitur
636 973 643 990 :
657 963 779 991 Verbum
797 963 922 990 divinum
935 970 997 997 pas-

202 1022 265 1042 sum
283 1017 326 1040 est
342 1020 441 1045 carne;
455 1012 527 1039 sicut
541 1011 659 1038 dicimus
675 1010 746 1037 :llic
761 1010 805 1037 vel
822 1010 868 1037 ille
885 1008 998 1044 impegit

203 1059 279 1095 pede,
297 1059 339 1085 vel
355 1065 506 1093 suspensus
524 1061 668 1084 estmanu.
685 1055 813 1083 Dicentes
825 1055 899 1083 enim
910 1055 996 1082 Deum

206 1103 337 1136 Verbum,
348 1103 489 1130 Christum
504 1109 613 1137 semper
630 1100 838 1128 consideramus
853 1100 880 1127 in
896 1100 998 1127 unione

203 1154 375 1181 naturarum,
401 1153 428 1176 et
452 1153 581 1183 tanquam
606 1151 713 1182 partem
737 1145 840 1174 Christi
863 1145 998 1173 habemus

205 1201 318 1221 carnem
339 1201 392 1228 qua
407 1200 516 1227 passum
540 1199 600 1219 esse
620 1192 704 1219 Deum
727 1191 847 1219 Verbum
863 1196 999 1226 quatenus

203 1238 346 1266 Christum
361 1239 479 1266 dicimus
496 1247 502 1264 :
519 1238 592 1266 sicut
604 1242 631 1265 et
646 1237 787 1265 hominem
804 1237 882 1272 quasi
899 1237 1000 1265 dividi-

205 1291 277 1316 mus.
296 1284 413 1311 dicendo
426 1284 540 1311 Paulum
555 1282 694 1310 infirmum
706 1282 818 1317 quidem
829 1290 891 1310 esse
904 1291 998 1317 carne,

206 1328 304 1364 spiritu
319 1333 410 1356 autem
426 1335 535 1360 sanum,
549 1331 578 1355 et
594 1335 676 1355 carne
692 1327 883 1363 aquibusdam
901 1328 1000 1355 absen-

206 1377 278 1405 tem,‘
301 1374 401 1408 spiritu
423 1381 488 1401 vero
513 1373 541 1400 in
555 1373 589 1400 iis
615 1377 790 1408 praesentem.
814 1374 844 1400 ln
860 1381 894 1401 eo
915 1373 1000 1409 igitur

206 1428 289 1448 sensu
302 1420 412 1448 Judteos
433 1427 494 1446 esse
521 1418 644 1446 deicidas
669 1419 880 1455 intelligendum
902 1423 954 1452 est,
972 1424 1001 1447 et

206 1467 260 1494 alia
278 1467 388 1498 similia,
412 1465 485 1501 quod
502 1465 630 1493 Christus
653 1465 689 1492 sit
713 1466 786 1493 Deus
813 1470 842 1493 et
866 1466 999 1493 Verbum.

1011 812 1031 839 Β

847 74 1002 106 LEONTII
1022 71 1225 104 BYZANTINI

1767 61 1840 101 net

1042 129 1095 161 θως
1118 129 1146 155 δὲ
1167 127 1260 155 τοῦτον
1280 126 1424 162 ψιλοῦσθαί
1439 134 1467 153 τε
1487 127 1534 153 καὶ
1548 125 1705 158 ἐλκοῦσῦαι,
1724 127 1773 154 καὶ
1790 128 1841 154 δά-

1041 175 1154 202 κνεσθαι
1181 173 1263 208 σαρκὶ
1287 173 1474 204 ἀκούσαντες,
1506 172 1652 208 ἄνθρωπον
1672 173 1733 200 κατ’
1754 174 1842 208 ἄμφω

1042 221 1169 256 νομίσετε
1183 240 1190 252 ,
1218 219 1302 254 ἤγουν
1329 217 1400 245 κατὰ
1421 218 1513 253 ψυχήν
1534 226 1564 244 τε
1589 218 1636 244 καὶ
1656 217 1735 253 σῶμα
1752 218 1843 245 ταῦτα

1046 265 1251 302 συμϐεϐηκέναι
1265 264 1304 300 ἑῷ
1316 264 1364 292 ὸ.νο
1371 263 1468 299 ρώπῳ,
1487 263 1555 290 ἀλλὰ
1570 263 1618 290 διὰ
1634 264 1749 297 σαρκὸς
1763 264 1843 299 ψιλό-

1043 314 1109 349 θρου
1138 312 1254 346 δύναμιν
1281 311 1413 346 ἐχούσηςο
1445 309 1484 336 ἔτι
1511 309 1565 345 μὴν
1588 309 1635 336 ἐπὶ
1657 310 1712 336 τῶν
1728 309 1842 335 ἐλευθε-

1046 361 1185 397 ρουμένων
1209 360 1241 386 ἐκ
1265 359 1384 393 βασάνου
1401 357 1450 393 τὴν
1468 357 1559 392 σάρκα
1580 356 1628 383 καὶ
1645 355 1786 383 παθόντων
1805 364 1843 387 τι,

1043 408 1068 434 εἰ
1092 407 1221 442 λέγοιμεν
1246 405 1287 432 ὅτι
1312 406 1325 432 ό
1349 404 1423 431 δεῖνα
1448 403 1557 438 ἀπαθὴς
1578 403 1669 437 ἔμεινε
1691 402 1775 437 σαρκὶ
1791 401 1844 428 διὰ

1044 453 1169 488 σαρκὸς,
1188 452 1234 479 καὶ
1260 451 1338 478 τοῦδε
1353 449 1474 481 δοθέντος
1486 470 1493 482 ,
1514 449 1614 484 ὁμοίως
1631 448 1760 482 λέγεσθαι
1777 447 1843 474 καθ’

1044 499 1116 535 ὑμᾶς
1131 498 1265 532 ἓσταιτὴν
1279 497 1369 532 ψυχὴν
1381 496 1425 523 διὰ
1441 495 1489 530 τῆς
1502 494 1617 529 σαρκὸς
1626 493 1745 528 ἀπαθής
1761 493 1843 519 οὐδὲν

1045 545 1099 580 γὰρ
1115 544 1189 580 adh];
1209 544 1278 579 μετὰ
1291 543 1341 577 τὴν
1356 543 1445 578 σάρκα
1457 542 1551 577 ἕτερον
1565 540 1755 568 ὑπολείπεται·
1776 539 1844 566 τοὺ-

1044 596 1099 618 των
1125 591 1153 617 δὲ
1180 589 1256 622 ποῖος
1279 590 1375 625 ἄφρων
1399 588 1598 623 ἁνεπαίσῦητος
1613 597 1620 621 ;
1638 586 1744 614 Οὐκοῦν
1762 586 1847 621 δῆλον

1045 634 1083 669 ὥς
1095 637 1126 663 τὸ
1138 634 1238 671 σαρκὶ,
1258 635 1320 663 οὔτε
1335 636 1371 667 ὡς
1385 636 1417 662 δι’
1430 634 1548 670 ὀργάνου
1561 633 1711 661 παῠοποιοῦ
1721 634 1844 668 εἴρηται-

1046 678 1108 710 οῧτε
1126 683 1180 719 μὴν
1197 681 1234 714 ὡς
1249 683 1333 718 μέρος
1346 681 1431 717 οὔσης
1446 675 1493 708 τοῦ
1507 680 1575 707 Θεοῦ
1589 681 1677 714 Λόγου
1691 680 1847 706 καθἀὐτὶν

1047 724 1194 764 νοουμένου
1205 728 1280 764 ἐντῷ
1290 724 1426 763 λέγεσθαι,
1437 727 1466 754 Ὀ
1476 725 1543 758 Θεὸς
1554 727 1640 761 Λόγος
1652 726 1737 753 ἔπαυε
1747 726 1845 760 σαρκί·

1047 772 1141 810 ὥσπερ
1161 774 1251 810 φαμὲν
1276 770 1317 802 ὅτι
1341 770 1355 801 ὸ
1376 773 1448 801 δεῖνα
1468 773 1655 808 προσέπταισε
1670 772 1710 808 τῷ
1723 772 1806 804 ποδὶ,
1827 767 1846 807 ἢ

1046 821 1205 856 ἐκρεμάσθη
1220 822 1253 857 τῇ
1269 820 1355 855 χειρί.
1373 819 1428 847 Καὶ
1442 819 1568 854 λέγοντες
1581 819 1636 855 γὰρ
1650 820 1695 844 τὸν
1709 818 1778 844 Θεὸν
1791 817 1846 844 A6-

1046 870 1109 901 γον,
1134 866 1252 902 Χριστὸν
1268 865 1384 901 νοοῦμεν
1402 866 1472 900 μετὰ
1486 864 1536 900 τὴν
1550 865 1649 891 ἕνωσιν
1663 864 1718 890 τῶν
1733 863 1846 897 φύσεων

1046 911 1098 938 ἀει·
1117 911 1165 938 καὶ
1180 911 1218 943 ὡς
1230 911 1351 947 Χριστοῦ
1368 911 1450 946 μέρος
1464 910 1554 945 φαμὲν
1568 911 1618 945 τὴν
1631 910 1722 945 σάρκα
1735 905 1798 935 καθ’
1812 909 1848 943 ἣν

1047 957 1143 984 παθεῖν
1160 957 1207 984 καὶ
1220 957 1267 984 τὸν
1280 957 1347 984 Θεὸν
1358 953 1445 990 Λόγον
1459 956 1497 988 ὡς
1510 952 1628 992 Χριστὸν
1641 954 1766 989 λέγομεν·
1786 953 1846 980 ὤσ-

1047 1010 1100 1037 περ
1118 1001 1166 1028 καὶ
1190 1001 1237 1028 ἐπὶ
1251 1000 1413 1038 ἀνθρώπου,
1434 1002 1472 1033 ὼς
1488 1002 1520 1028 ὲκ
1535 1001 1635 1036 μέρους
1652 999 1743 1035 φαμὲν
1759 998 1847 1026 ἀσθεὸ

1047 1049 1104 1074 νεῖν
1121 1048 1172 1083 μὲν
1188 1048 1287 1083 σαρκὶ,
1312 1047 1445 1082 ὑγιαίνειν
1460 1042 1488 1073 δὲ
1506 1045 1614 1073 Παῦλον
1629 1045 1668 1081 τῷ
1683 1045 1845 1080 πνεύματιδ

1049 1093 1096 1120 καὶ
1120 1095 1153 1129 τῇ
1179 1094 1262 1130 σαρκὶ
1288 1094 1338 1129 μὲν
1363 1093 1472 1120 ἀπεῖναῐ
1485 1100 1576 1124 τινων,
1595 1091 1633 1127 τῷ
1652 1091 1680 1118 δὲ
1699 1092 1847 1127 πνεύματι

1051 1141 1098 1166 σὺν
1114 1138 1208 1172 αὐτοῖς
1222 1138 1292 1167 εἶναι
1304 1148 1311 1155 ·
1330 1139 1403 1166 οὕτω
1417 1139 1482 1174 γοῦν
1497 1139 1545 1166 καὶ
1558 1139 1717 1169 θεοκτόνους
1732 1138 1848 1172 νοητέον

1049 1187 1194 1218 Ἰουδαίους
1208 1207 1215 1218 ,
1246 1186 1294 1214 καὶ
1319 1186 1353 1213 τὰ
1377 1186 1475 1221 ὃμοια,
1506 1187 1543 1217 ὡς
1565 1184 1684 1220 Χριστοῦ
1700 1185 1780 1216 δντος
1798 1185 1848 1211 τοῦ

1050 1232 1118 1259 Θεοῦ
1137 1233 1184 1260 καὶ
1197 1233 1294 1267 Λόγου.
1323 1232 1442 1268 Χριστοῦ
1456 1230 1502 1259 οὖν
1518 1232 1652 1263 παθόντος
1676 1232 1747 1266 ὑπὲρ
1763 1233 1848 1267 ἡμῶν

1052 1280 1134 1315 σαρκὶ
1146 1300 1154 1311 ,
1184 1280 1256 1306 κατὰ
1283 1279 1328 1306 τὸν
1352 1279 1502 1307 ἀπόστολον
1516 1277 1630 1313 Πέτρον,
1647 1278 1726 1313 δῆλον
1743 1278 1783 1309 ὡς
1799 1279 1848 1304 καὶ

1051 1328 1116 1360 Θεὸς
1139 1329 1153 1355 ὁ
1174 1328 1276 1363 Λόγος·
1295 1327 1344 1364 οὺχ
1358 1323 1395 1360 ὥς
1409 1327 1440 1354 τὸ
1456 1328 1554 1364 μέρος,
1573 1327 1630 1353 ἀλλ’
1645 1326 1682 1358 ὡς
1698 1327 1712 1353 ὁ
1726 1325 1848 1361 Χριστὸς

1051 1374 1157 1409 λέγοιτο
1179 1375 1276 1401 παθεῖν
1287 1383 1294 1389 ·
1314 1374 1362 1401 καὶ
1377 1374 1432 1409 γὰρ
1455 1374 1517 1405 ὅλος
1533 1373 1594 1400 Ἰὼϐ
1610 1372 1718 1406 λέγεται
1734 1371 1848 1402 παθεῖν,

1051 1421 1100 1456 τῆς
1109 1421 1210 1457 σαρκὸς
1223 1421 1305 1447 αὑτοῦ
1315 1421 1402 1457 μόνης
1413 1419 1554 1456 παθούσης
1566 1427 1573 1434 ·
1587 1428 1596 1444 ε
1613 1420 1670 1454 Τῆς
1684 1417 1738 1453 γὰρ
1754 1417 1849 1452 ψυχῆς

1052 1467 1148 1501 αὐτοῦ,
1162 1477 1171 1493 ›
1186 1468 1253 1502 φησὶ
1268 1467 1307 1502 τῷ
1319 1467 1446 1503 διαϐόλῳ,
1466 1477 1476 1493 ς
1489 1467 1527 1502 μὴ
1543 1460 1610 1502 ἅψῃ,
1623 1474 1632 1490 ι
1651 1466 1664 1491 ὁ
1676 1463 1791 1499 Κύριος.

206 1513 301 1548 Itaque
322 1520 383 1540 eum
399 1512 527 1539 Christus
553 1520 603 1546 pro
623 1512 703 1539 nobis
723 1519 821 1547 passus
845 1512 881 1539 sit
906 1520 1000 1544 carne,
1018 1514 1096 1548 juxta
1112 1513 1266 1548 apostolum
1292 1514 1405 1542 Petrum
1429 1519 1453 1547 ιι,
1483 1518 1560 1549 patet
1577 1512 1698 1540 Verbum
1707 1511 1849 1540 divinum.

206 1565 263 1585 non
276 1561 414 1592 quatenus
424 1560 530 1590 partem
551 1556 667 1589 Christi,
692 1557 740 1585 sed
765 1562 904 1592 quatenus
919 1557 1073 1592 Christum,
1106 1559 1215 1587 dicatur
1230 1567 1291 1587 esse
1323 1567 1446 1595 passum.
1478 1560 1566 1587 Totus
1586 1559 1660 1586 enim
1675 1558 1727 1586 Job
1744 1557 1849 1585 dicitur

209 1610 305 1639 passus
318 1610 389 1636 esse,
406 1602 470 1629 licet
484 1602 541 1630 sola
560 1603 619 1637 ejus
634 1610 698 1630 caro
709 1610 789 1638 passa
803 1603 849 1636 sit,
861 1604 926 1639 quia
938 1605 998 1640 ejus
1017 1605 1135 1633 animam
1151 1614 1185 1633 ne
1197 1606 1325 1636 diabolus
1338 1610 1464 1642 tangeret
1475 1611 1602 1634 vetuerat
1615 1605 1756 1633 Dominus.

534 1659 610 1687 CAP.
631 1660 677 1688 lll.

243 1706 294 1740 Qui
314 1704 457 1734 dicerent:
478 1706 578 1733 Passus
591 1711 628 1732 est
640 1714 733 1739 carne,
755 1714 805 1741 pro
821 1706 864 1734 his
879 1707 972 1735 verbis
989 1717 995 1734 :

208 1751 268 1781 Non
281 1754 309 1780 in
322 1753 430 1788 propria
446 1756 556 1784 natura,
569 1752 621 1779 sibi
631 1752 863 1780 eontradicerent.
881 1753 910 1780 Si
924 1754 998 1781 enim

210 1805 337 1827 naturam
361 1800 434 1826 illam
460 1799 487 1825 in
514 1806 567 1833 qua
596 1806 694 1834 passus
709 1803 752 1826 est
778 1799 852 1827 Deus
877 1800 999 1828 Verbum

208 1845 287 1882 juxta
300 1854 358 1878 eos,
384 1845 524 1881 propriam
551 1845 638 1880 ipsius
664 1853 724 1873 esse
738 1851 839 1881 negant
857 1846 902 1881 (ne
922 1847 1001 1874 illum

209 1897 338 1928 respectu
363 1897 469 1920 natura:
498 1891 657 1927 passibilem
687 1900 748 1920 esse
780 1892 1000 1928 confiteantur);

210 1938 285 1973 quod
304 1941 396 1965 autem
412 1946 465 1964 non
484 1942 525 1965 est
547 1938 700 1973 proprium,
715 1942 757 1966 est
769 1938 904 1972 alienum;
929 1938 1002 1974 quod

210 1989 303 2012 autem
318 1983 450 2015 alienum,
475 1984 589 2011 alterius
604 1988 647 2011 est
659 1991 741 2018 quam
760 1984 836 2012 illius
854 1976 1003 2020 cujus‘non

210 2037 253 2059 est
267 2031 412 2066 proprium
427 2039 433 2057 :
450 2038 516 2066 ergo
529 2031 569 2058 illi
593 2039 649 2058 non
663 2031 752 2058 solum
769 2031 838 2058 duas
855 2024 1005 2058 admittunt

211 2083 337 2110 naturas.
354 2077 400 2104 sed
423 2081 450 2104 et
469 2076 539 2104 duas
561 2084 704 2112 personas.
730 2084 830 2112 nempe
851 2084 934 2104 unam
956 2077 1004 2104 Dei

213 2122 307 2156 Verbi,
327 2127 354 2150 et
367 2123 479 2150 alteram
493 2123 568 2149 illius
579 2123 656 2158 cujus
671 2127 712 2150 est
725 2127 824 2150 natura
835 2122 861 2149 in
874 2131 928 2158 qua
944 2131 1006 2157 pas-

213 2179 260 2198 sus
271 2176 313 2198 cst
332 2171 403 2197 Deus
416 2170 546 2197 Verbum.
574 2170 658 2205 Cujus
682 2175 774 2197 autem
794 2170 847 2197 nisi
862 2170 1006 2198 evidenter

211 2213 353 2244 hominist
374 2216 422 2243 llle
434 2223 501 2243 vero
529 2215 629 2250 aliquis
653 2215 736 2243 homo
760 2220 803 2243 est
824 2223 951 2251 persona.
971 2215 1007 2243 At

213 2264 327 2299 propria
343 2267 386 2290 est
404 2262 502 2290 animae
519 2262 709 2297 intelligentia,
729 2267 860 2297 tanquam
874 2262 1004 2296 facultas;

213 2309 332 2345 propria:
359 2309 551 2344 cogitationes,
575 2313 704 2344 tanquam
736 2308 1007 2344 operationes;pro-

213 2356 305 2391 prium
321 2362 432 2390 corpus,
462 2359 591 2389 tanquam
620 2354 853 2387 instrumentum;
878 2354 1006 2389 proprius
1024 2346 1044 2374 ι)

1016 1656 1038 1687 C

168 2409 171 2414 '
214 2399 306 2430 autem
337 2401 458 2429 hominis
482 2405 525 2429 est
549 2401 633 2433 tilius,
661 2405 791 2435 tanquam
811 2408 845 2427 ex
860 2407 894 2428 eo
914 2404 1007 2433 ortus;

214 2448 345 2484 proprius
359 2448 483 2483 ejusdem
493 2455 568 2483 ager,
586 2451 714 2482 tanquam
742 2447 879 2482 possessio
898 2455 905 2474 :
924 2455 958 2475 ex
975 2447 1009 2474 iis

215 2498 307 2522 autem
322 2494 452 2522 omnibus
468 2501 529 2529 qua:
553 2501 618 2521 vere
640 2493 754 2528 propria
768 2494 829 2528 ejus
849 2497 924 2524 sunt,
946 2492 1008 2520 nul-

215 2541 273 2568 lum
302 2540 400 2568 eodem
428 2539 514 2575 gradu
527 2547 608 2575 quam
631 2539 706 2566 aliud
718 2539 860 2574 proprium
885 2539 1007 2574 ejusdem

215 2592 270 2620 est,
290 2586 399 2614 etiamsi
426 2587 519 2613 omnia
537 2579 610 2614 Cirta
628 2593 714 2613 unum
736 2585 906 2612 dicerentur.
929 2585 1007 2612 Patet

217 2641 281 2662 vero
293 2633 318 2661 id
332 2634 505 2668 contingere,
515 2632 580 2667 quia
593 2633 715 2668 proprius
724 2631 752 2658 in
763 2630 910 2666 multiplici
925 2638 1006 2658 sensu

216 2679 361 2714 accipitur.
373 2678 509 2713 Quoniam
530 2678 615 2713 igitur
629 2686 695 2714 ager
709 2685 775 2706 vere
785 2677 914 2713 proprius
926 2677 1008 2712 hujus

217 2729 260 2753 est
272 2726 350 2760 juxta
361 2726 514 2753 naturalem
536 2733 617 2753 suum
636 2732 760 2759 sensum,
782 2724 896 2752 relative
915 2728 1007 2751 autem

255 2797 267 2811 ε
287 2790 380 2822 ΙΡριΓ.
400 2802 435 2828 Iv,
458 2795 480 2822 i.

1360 1665 1487 1692 ΚΕΦᾹΛ.
1506 1663 1544 1691 Γ’.

1087 1708 1118 1735 Εἰ
1133 1709 1264 1743 φάσκοιεν
1276 1709 1306 1736 τὸ
1318 1709 1410 1736 ἔπαθε
1421 1709 1523 1743 σαρκὶ,
1537 1708 1598 1736 ἀντὶ
1611 1708 1659 1735 τοῦ
1672 1709 1721 1735 οὐκ
1735 1709 1781 1742 εἵς
1791 1708 1850 1742 τὴν

1052 1756 1166 1783 οἰκείαν
1188 1755 1318 1788 οὐσίαν,
1339 1755 1468 1787 ἐναντίως
1485 1756 1592 1787 ἑαυτοῖς
1609 1755 1688 1782 τοῦτο
1701 1755 1848 1789 λέγουσι-ιδ

1052 1803 1076 1829 εἰ
1099 1802 1154 1838 γὰρ
1174 1802 1224 1838 τὴν
1245 1802 1339 1829 οὐσίαν
1361 1801 1468 1837 ἐκείνην
1492 1802 1560 1828 καθ’
1575 1802 1608 1837 ἣν
1634 1801 1735 1828 ἔπαθεν
1751 1801 1766 1828 ὁ
1781 1801 1850 1832 Θεὸς

1054 1848 1140 1883 Λόγος
1166 1849 1226 1876 κατ’
1252 1848 1366 1880 αὐτοὺς,
1391 1849 1441 1875 οὐκ
1462 1848 1530 1875 ἰδίαν
1547 1847 1629 1874 αὐτοῦ
1644 1847 1785 1881 λέγουσιν,
1804 1847 1851 1874 ἵνα

1056 1894 1093 1930 μὴ
1109 1894 1231 1930 παθητὸν
1244 1895 1305 1922 κατ’
1315 1895 1411 1921 οὐσίαν
1422 1894 1624 1930 ὁμολογήσωσι·
1639 1893 1669 1920 τὸ
1679 1893 1708 1920 δι
1722 1894 1760 1929 μὴ
1771 1894 1849 1926 ἰδιονδ

1054 1940 1196 1976 ἀλλότριον
1209 1949 1217 1958 ·
1242 1941 1273 1968 τὸ
1289 1941 1318 1968 δὲ
1333 1940 1476 1976 ἀλλότριον
1492 1940 1574 1968 ἄλλου
1589 1940 1662 1971 τινὸς
1677 1941 1745 1975 παρ’
1759 1941 1852 1978 ἐκεῖνο

1055 1984 1085 2013 οὗ
1114 1987 1150 2022 μή
1173 1987 1249 2013 ἐστιν
1273 1986 1358 2019 ἴδιον,
1384 1987 1415 2013 οὐ
1434 1986 1515 2022 μόνον
1537 1986 1584 2013 δύο
1599 1986 1692 2017 οὐσίας
1708 1986 1851 2020 λέγωσιν,

1056 2033 1124 2060 ἀλλὰ
1141 2033 1189 2060 καὶ
1211 2033 1259 2059 δύο
1280 2032 1431 2068 πρόσωπα,
1448 2032 1496 2059 τοῦ
1509 2040 1540 2059 τε
1553 2032 1622 2059 Θεοῦ
1634 2032 1722 2066 Λόγου
1738 2032 1783 2064 ἓν,
1802 2033 1852 2060 καὶ

1056 2078 1085 2106 ἓν
1110 2079 1215 2106 ἐκείνου
1240 2076 1346 2110 οὗτινός
1366 2079 1426 2105 ἔστι
1452 2079 1470 2114 ἡ
1494 2077 1574 2105 οὐσία
1590 2078 1652 2104 καθ’
1666 2079 1699 2113 ἦν
1713 2078 1852 2105 πέπονθεν

1056 2126 1070 2152 ὁ
1082 2124 1148 2156 Θεὸς
1160 2125 1255 2159 Λόγος⁶
1273 2125 1346 2156 τινος
1360 2125 1415 2160 γὰρ
1431 2125 1447 2160 ἢ
1463 2124 1544 2159 δῆλον
1560 2125 1602 2151 ὅτι
1615 2123 1779 2160 ἀνθρώπου;
1796 2126 1811 2151 ὁ
1822 2124 1853 2151 δέ

1057 2180 1100 2203 τις
1115 2171 1271 2208 ἄνθρωπος.
1290 2171 1447 2207 πρόςωπον.
1468 2171 1537 2198 Ἀλλ’
1552 2172 1616 2203 ἴδιος
1632 2171 1682 2206 μὲν
1697 2171 1749 2206 τῆς
1761 2172 1853 2206 ψυχῇ

1058 2217 1072 2243 ὁ
1085 2217 1158 2249 νοῦς.
1174 2217 1211 2247 ὡς
1222 2217 1348 2252 δύναμις
1364 2217 1418 2244 ἴδια
1431 2216 1460 2243 δὲ
1472 2216 1505 2244 τὰ
1516 2218 1641 2252 νοήματα
1651 2217 1689 2248 ὡς
1700 2217 1852 2251 ἐνέργειαν

1059 2263 1124 2289 ἴδιον
1139 2263 1166 2289 δὲ
1179 2263 1210 2290 τὸ
1223 2262 1302 2297 σῶμα
1319 2262 1357 2294 ὼς
1368 2262 1483 2298 ὄργανον
1495 2270 1502 2277 ·
1521 2262 1586 2294 ῑδιος
1600 2262 1629 2289 δὲ
1642 2262 1690 2288 τοῦ
1704 2262 1853 2297 ἀνθρώπου

1059 2306 1101 2339 τις
1126 2307 1182 2339 υἱὸς
1202 2307 1240 2339 ὡς
1259 2307 1289 2340 ἐξ
1306 2308 1388 2334 αὑτοῦ
1399 2316 1405 2323 ·
1425 2308 1488 2339 ἴδιος
1504 2307 1534 2334 δὲ
1550 2307 1597 2334 τοῦ
1613 2307 1695 2334 αὐτοῦ
1711 2307 1799 2342 ἁγρκ
1817 2307 1854 2338 ὡς

1059 2354 1172 2388 κτῆμα·
1205 2354 1254 2380 καὶ
1277 2353 1386 2381 πάντων
1412 2353 1520 2389 ἀληθῶς
1544 2354 1629 2380 ὄντων
1656 2353 1742 2379 αὑτοῦ
1769 2354 1854 2384 ἰδίων,

1060 2399 1136 2425 οὐδὲν
1151 2399 1254 2426 τούτων
1266 2399 1353 2434 ὅμως,
1371 2399 1442 2426 κατὰ
1454 2399 1500 2426 τὸν
1513 2398 1560 2425 τοῦ
1575 2399 1669 2434 ἑτέρου
1683 2399 1775 2432 λόγονς
1788 2399 1856 2425 tam

1060 2446 1107 2472 τοῦ
1123 2446 1205 2472 αὑτοῦ
1221 2446 1295 2477 ἐστι,
1315 2446 1339 2472 ει
1359 2446 1407 2472 καὶ
1423 2446 1471 2472 ἐπὶ
1485 2445 1533 2472 τοῦ
1549 2446 1607 2477 ἑνὸς
1625 2446 1714 2472 πάντα
1728 2445 1854 2479 λέγεται·

1061 2492 1140 2526 δῆλον
1157 2492 1185 2519 δὲ
1197 2492 1238 2520 ὅτι
1253 2492 1332 2519 τοῦτο
1345 2492 1504 2527 συμϐαίνει,
1518 2492 1561 2519 διὰ
1574 2491 1604 2518 τὸ
1618 2491 1666 2518 τοῦ
1681 2491 1759 2518 ιδιου
1774 2484 1856 2517 uolti-

1063 2547 1161 2574 σημον.
1180 2538 1256 2565 Ἐπεὶ
1271 2538 1317 2565 οῦν
1331 2538 1346 2564 ὁ
1358 2538 1443 2573 ἀγρὸς
1460 2538 1525 2569 ἴδιος
1540 2537 1615 2564 τοῦδε
1631 2538 1702 2564 κατὰ
1715 2537 1762 2563 τὸν
1774 2538 1856 2563 οἰχεῑι

1061 2594 1092 2612 ον
1106 2585 1184 2620 λόγον
1199 2585 1318 2620 ἀληθῶς,
1336 2585 1408 2612 κατὰ
1419 2584 1448 2611 δὲ
1461 2584 1507 2611 τόν
1520 2584 1602 2611 αὑτὸν
1614 2583 1662 2610 τοῦ
1675 2583 1765 2619 ἀγροῦ
1778 2583 1832 2617 λὸγ·
1842 2591 1856 2609 ν

1061 2633 1110 2666 οὺχ
1125 2632 1226 2667 ὁμοίως
1244 2632 1299 2658 ἴδια
1311 2631 1347 2658 τὰ
1361 2630 1444 2658 λοιπὰ
1459 2631 1498 2666 τῷ
1513 2631 1588 2666 αὐτῷ
1602 2631 1672 2663 ἐστι,
1685 2632 1741 2658 πᾶν
1754 2631 1783 2658 δὲ
1795 2629 1856 2658 καθ’

1062 2678 1134 2713 ὑμᾶς
1150 2677 1180 2704 τὸ
1190 2677 1227 2714 μὴ
1243 2677 1308 2705 ῐδιόν
1323 2686 1391 2710 πως,
1409 2676 1491 2708 εὐθὺς
1502 2677 1642 2712 ἀλλότριον
1658 2677 1755 2710 ἁπλῶς
1771 2678 1856 2710 ἐττει,

1062 2725 1116 2759 ἄρα
1134 2725 1147 2750 ὁ
1161 2724 1211 2760 μὲν
1225 2724 1310 2760 ἀγρὸς
1325 2724 1391 2757 ἴδιος
1406 2724 1483 2751 τοῦδε
1493 2743 1501 2757 ,
1518 2725 1532 2750 ὁ
1547 2723 1575 2750 δὲ
1591 2723 1653 2755 νοῦς
1670 2724 1719 2750 καὶ
1734 2725 1766 2750 τὸ
1780 2725 1855 2759 σῶμα
