1960 3093
145 99 213 154 ι’τθδ

625 118 824 149 ADVERSUS
843 118 1117 149 NESTORIANOS.
1129 121 1247 150 -LIB.
1268 122 1334 152 Vll.

1728 121 1779 153 766

125 177 230 208 .τοίδε,
252 175 298 202 καὶ
314 175 348 201 τὰ
362 174 445 201 λοιπὰ
461 183 510 201 0w.
525 174 578 200 ἴδιοι
592 174 668 200 ἔσται
682 174 765 201 αὑτοῦ
776 183 782 189 ·
804 174 890 201 ταῦτα
907 174 936 201 δὲ

995 176 1023 203 ad
1042 184 1139 212 agrum
1159 181 1258 205 caetera
1276 185 1332 205 non
1361 177 1398 205 ita
1418 179 1528 214 propria
1552 180 1675 214 ejusdem
1696 185 1777 213 sunt;

143 221 214 250 οὕτω
227 223 347 257 φρονεῖν,
360 221 418 252 πῶς
431 221 481 247 οὐκ
496 220 529 247 ἂν
541 220 634 255 σαφῶς
646 222 847 256 παραφρονεῖν;
863 221 936 256 Πλὴν

143 269 156 295 ὅ
171 277 201 294 τε
228 267 416 303 προσκυνητὺς
432 268 499 302 ἡμῖν
523 266 589 298 Θεὸς
605 267 726 302 Χριστὸς
747 266 935 301 δοξαζόμενος,

144 314 157 340 ὅ
173 322 203 340 τε
221 313 282 340 καθ’
297 314 370 348 ὑμᾶς
386 313 529 348 ἄνθρωπος
545 312 637 343 ἁπλῶς
653 312 798 346 νοούμενος
810 319 817 326 ”
847 313 862 348 ἢ
889 313 936 340 καὶ

144 361 170 387 εἰ
191 350 227 386 τι⁵
240 359 334 395 ἓτερον
352 359 444 395 αὐτῷ,
467 360 537 395 πλὴν
553 358 631 390 Θεοῦ,
651 359 845 394 περισσότερον
862 359 937 393 ὅμως

145 405 289 441 ἀνθρώπου
313 404 519 440 φιλοτιμεῖσθε,
550 404 605 431 ἰδοὺ
633 404 699 430 ἰδίαν
718 397 814 431 ἑαυτοῦ
830 405 938 437 ἀληθῶς

146 453 236 487 σάρκα
253 452 300 478 καὶ
316 451 396 486 σῶμα
412 451 573 487 παρίστησι,
590 450 639 485 τὴν
654 450 717 482 τοὺς
730 450 811 485 ἥλους
827 450 874 477 καὶ
888 451 937 484 τὴν

145 499 246 534 λόγχην
262 498 431 524 ὑποστάσαν·
448 497 551 533 ταύτης
566 497 620 531 γὰρ
634 494 704 531 ἦσαν
720 496 798 532 μέλη.
820 497 886 532 Περὶ
900 493 937 523 ὧν

147 552 224 580 φησι·
241 543 377 578 (Ὤρυξαν
394 543 488 578 χεῖράς
504 551 554 578 μου
570 542 618 569 καὶ
635 542 717 573 πόδας
732 550 808 577 μου-ι
827 543 873 568 καὶ
887 541 938 568 πά-

146 589 188 617 λιν
211 589 260 625 τὴν
278 590 413 625 μυστικὴν
434 588 481 615 τοῦ
501 589 551 623 τῆς
566 588 740 623 εὐχαριστίας
755 588 837 623 ἄρτου
853 588 939 623 μετὰ-

146 636 244 671 ληψιν,
264 636 332 668 ἰδίας
350 635 451 671 σαρκὸς
467 635 585 662 διάδοσιν
600 633 670 661 εἰναι
684 634 819 661 δείκνυσιν
835 634 919 660 εἰπὼν
930 642 937 649 ·

151 691 160 708 ι
172 683 201 709 '0
215 682 328 718 τρώγων
343 691 392 717 μου
404 682 453 717 τὴν
468 682 569 717 σάρκα,
582 681 630 707 καὶ
643 680 728 707 πίνων
742 689 791 716 μου
801 683 831 707 τὸ
840 679 936 716 αἴμαη

148 729 262 764 ἑτέρωθι
278 728 316 761 δὲ,
338 738 347 754 ι
362 728 448 755 Τοῦτό
467 737 516 763 μου
531 728 589 754 ἐστὶ
602 727 632 754 τὺ
646 727 739 762 σῶμα·
757 736 765 752 ι
794 727 834 754 ἔτι
848 727 877 754 δὲ
893 727 940 753 καὶ

147 776 196 810 τὴν
212 774 387 810 Ἐκκλησίαν,
403 775 491 810 σάρκα
503 773 586 801 αὐτοῦ
602 774 670 800 ἰδίαν
682 773 778 800 οἴεται·
796 772 875 799 τοῦτο
886 773 940 808 γὰρ

147 820 267 847 διδάσκει
284 819 397 854 φάσκων
412 820 426 846 ὁ
439 818 611 849 Ἀπόστολος·
630 827 638 843 1
655 817 749 848 Οὐδεὶς
763 817 818 852 γὰρ
831 816 940 842 πώποτε

147 866 196 902 τὴν
212 865 309 893 ἑαυτοῦ
328 865 417 900 σάρκα
435 865 577 900 ἐμίσησεν,
597 864 653 891 ἀλλ’
669 863 797 898 ἐκτρέφει
813 863 860 889 καὶ
876 862 939 889 θάλ-

148 921 194 939 πει
210 912 294 947 αὐτὴν
305 933 314 945 ,
334 910 425 943 καθὼς
442 911 489 937 καὶ
504 912 518 937 ὁ
531 909 648 946 Χριστὸς
661 910 711 944 τὴν
727 909 909 943 Ἐκκλησίαν·
927 919 936 934 ι

149 959 178 986 ἐν
194 959 280 994 ἑτέρῳ
294 958 339 985 δὲ·
362 968 371 984 ι
392 958 487 992 Ὑμεῖς
505 959 566 983 ἐστε
581 956 661 991 σῶμα
674 955 793 991 Χριστοῦ
808 956 855 982 καὶ
871 955 939 990 μέλη

149 1005 182 1032 ὲκ
198 1005 309 1040 μέλους·
328 1015 336 1031 ι
365 1004 465 1039 σαρκὺς
486 1003 532 1030 οὖν
558 1004 605 1030 καὶ
630 1002 757 1038 σώματος
774 1002 855 1029 αὑτοῦ
874 1002 939 1028 ἰδίου

149 1052 199 1086 ’τῆς
218 1051 381 1086 Ἐκκλησίας
396 1049 597 1085 τυγχανούσης,
617 1046 672 1084 ἆρα
688 1049 720 1074 τὸ
736 1049 785 1074 οὐκ
799 1047 827 1074 ὃν
844 1048 860 1082 ὴ
878 1048 940 1074 Ἐκ-

150 1096 250 1131 κλησία
268 1095 351 1123 αὐτοῦ
365 1117 372 1128 ,
399 1096 449 1122 οὐκ
469 1095 535 1121 ἴδιον
549 1095 632 1121 αὐτοῦ
649 1094 710 1121 καθ’
726 1094 799 1128 ὑμᾶς
815 1093 942 1128 λογισθή-

152 1151 243 1175 astat;
259 1143 314 1169 Καὶ
326 1143 386 1169 ἐπεὶ
401 1142 437 1178 μὴ
453 1142 523 1169 κατὰ
534 1141 635 1175 ταῦτην
646 1142 694 1175 τὴν
708 1140 796 1175 σάρκα
807 1138 944 1174 ἐσταυρώ-

151 1188 196 1224 θη,
217 1188 274 1215 ἀλλ’
292 1189 361 1223 ὑπὲρ
374 1187 488 1222 ταῦτης,
506 1187 664 1221 ἀναγκαίως
679 1186 755 1213 ἔσται
771 1187 799 1211 ὲν
815 1185 944 1220 ἀλλοτρίᾳ

152 1235 234 1270 σαρκὶ
252 1234 409 1266 πεπονθὼςς
428 1235 451 1260 εἰ
467 1234 521 1269 γὰρ
536 1233 564 1260 τὸ
580 1233 630 1260 οὐκ
644 1232 710 1259 ἴδιόν
723 1240 792 1263 πως,
804 1231 944 1266 ἀλλότριον

152 1281 232 1311 εὶοὺς
249 1279 309 1306 καθ“
328 1280 415 1314 ὑμᾶς·
468 1279 494 1305 δὲ
510 1277 670 1312 Ἐκκλησία,
690 1277 756 1303 ἰδία·
774 1277 803 1303 τὸ
821 1276 857 1312 μὴ
874 1275 945 1303 κατὰ

151 1326 200 1362 τὴν
217 1325 382 1361 Ἐκκλησίαν
397 1325 465 1352 ἴδιον
481 1325 566 1359 αὐτῷ,
583 1325 692 1355 πάντως
707 1323 846 1358 ἀλλότριον
861 1322 944 1349 αὑτοῦ

152 1371 238 1398 ἕσται-
255 1371 386 1402 ὠσαύτως
401 1371 448 1397 καὶ
462 1371 485 1397 εἰ
499 1371 548 1405 τὴν
561 1370 651 1404 σάρκα
665 1369 768 1396 εἴποιτε
782 1369 850 1395 ἰδίαν
862 1368 944 1395 αὐτοῦ

153 1418 255 1453 κυρίως
273 1416 342 1444 εἶναι
361 1417 410 1453 τὴν
429 1416 650 1451 καθηλωοεῐσαν,
670 1416 685 1451 ἡ
704 1415 853 1450 Ἐκκλησία
869 1414 945 1441 ἔσται

153 1463 204 1489 οὐκ
219 1463 271 1489 ἰδία
285 1462 378 1494 αὐτοῦ,
399 1463 460 1488 ἐπεὶ
479 1462 516 1496 μὴ
531 1460 692 1495 καθηλὼοη·
710 1460 740 1486 τὸ
753 1460 807 1494 γὰρ
819 1460 868 1486 οὐκ
881 1459 945 1486 ἴδιόν

989 228 1063 254 cum,
1085 223 1163 257 juxta
1184 231 1244 255 vos,
1261 223 1334 258 quod
1344 231 1399 251 non
1411 228 1454 251 est
1466 225 1512 251 tali
1527 225 1609 252 modo
1625 226 1778 261 proprium,

989 268 1082 295 statim
1102 268 1132 295 fit
1146 269 1309 304 simpliciter
1327 270 1449 298 alienum
1467 279 1472 297 :
1487 278 1553 306 ergo
1571 272 1675 306 praefati
1688 272 1780 298 homi-

987 315 1032 342 nis
1050 323 1115 350 ager
1134 316 1247 350 quidem
1273 324 1338 344 vere
1355 317 1484 351 proprius
1498 317 1562 349 erit,
1587 325 1666 344 mens
1685 322 1779 345 autem

990 360 1051 395 ejus
1071 365 1098 387 et
1116 368 1217 396 corpus
1231 365 1259 388 et
1276 362 1382 396 reliqua
1396 363 1447 397 ipsi
1469 370 1525 390 non
1548 367 1630 389 erunt
1649 363 1781 398 propria?

987 404 1026 431 ita
1044 405 1151 439 opinari
1171 413 1262 432 nonne
1283 409 1325 432 est
1341 406 1486 433 manifeste
1501 406 1649 440 desipere?
1665 407 1781 434 Praeter-

987 457 1038 482 ea,
1066 451 1111 478 ille
1133 459 1215 486 quem
1244 459 1294 479 nos
1321 456 1351 478 ut
1375 452 1460 479 Deum
1476 452 1647 479 adorandum
1665 460 1782 480 venera-

988 504 1062 529 mur,
1078 505 1160 532 quem
1179 505 1228 524 vos
1241 502 1334 525 autem
1345 501 1375 525 ut
1392 498 1545 533 simplicem
1567 499 1677 526 habetis
1690 499 1782 527 homi-

988 550 1051 570 nem
1065 543 1129 578 (nisi
1149 543 1220 570 forte
1236 544 1340 578 aliquid
1363 544 1388 571 ei
1405 545 1491 578 aliud,
1517 545 1539 571 si
1561 553 1616 572 non
1642 545 1780 576 divinum,

989 588 1110 616 humano
1129 594 1218 617 tamen
1238 590 1367 625 superius
1389 591 1575 626 largiamini),
1600 599 1634 618 en
1654 592 1782 620 Christus

989 634 1101 668 propria
1118 635 1160 661 sui
1178 635 1263 670 ipsius
1289 643 1354 663 vere
1375 643 1435 664 esse
1451 636 1621 664 demonstrat
1635 644 1735 671 corpus
1754 641 1782 664 et

990 688 1101 708 carnem
1111 689 1189 709 suam
1205 682 1290 709 clavis
1305 687 1332 710 ct
1344 683 1446 711 lanceae
1460 683 1583 710 sullixam
1599 683 1698 718 :hujus
1708 684 1783 710 enim

989 733 1069 756 erant
1085 730 1207 757 membra
1221 730 1254 757 de
1268 730 1370 765 quibus
1384 731 1471 758 dicit:
1491 741 1500 756 ‹
1520 731 1661 758 Foderunt
1685 739 1784 759 manus

991 783 1067 802 meas
1081 780 1109 802 et
1131 776 1215 810 pedes
1230 783 1307 803 meos
1317 781 1340 804 ν.
1363 786 1372 803 ι
1392 777 1425 804 Et
1438 777 1539 804 iterum
1551 778 1693 813 mysticam
1705 778 1784 813 panis

991 822 1166 849 eucharistiei
1178 823 1399 850 communionem
1416 823 1534 857 propriae
1549 831 1606 850 suae
1619 824 1711 850 carnis
1724 831 1784 850 esse

994 867 1170 895 traditionem
1185 868 1306 895 ostendit
1319 868 1434 896 dicens:
1453 878 1462 894 ‹
1482 868 1784 901 Quicomeditcarnem

992 921 1082 941 meam
1106 919 1133 941 et
1154 914 1225 941 bibit
1242 922 1333 942 meum
1350 914 1510 949 sanguinem
1523 919 1547 942 ι.
1566 924 1574 940 ι
1597 915 1631 942 Et
1648 915 1759 942 aliunde
1776 923 1784 942 :

992 960 1051 987 Hoc
1066 964 1108 987 est
1123 968 1224 995 corpus
1237 968 1328 987 meum
1338 965 1363 987 γ.
1384 971 1392 986 ›
1410 962 1496 996 Ipsam
1508 969 1619 996 quoque
1634 962 1785 989 Erclesiam

993 1013 1043 1040 pro
1053 1013 1101 1032 sua
1117 1006 1228 1040 propria
1239 1013 1324 1033 carne
1338 1007 1438 1039 habet;
1459 1007 1510 1034 hoc
1527 1007 1600 1034 enim
1622 1006 1701 1033 docet
1715 1005 1787 1040 Apo-

993 1051 1081 1078 stolus
1096 1051 1189 1078 dicens
1209 1061 1215 1078 :
1238 1061 1247 1076 ι
1272 1052 1358 1079 Nemo
1376 1053 1448 1079 enim
1475 1060 1551 1079 suam
1571 1059 1682 1079 carnem
1708 1052 1784 1086 odit,

994 1097 1041 1124 sed
1053 1097 1143 1124 nutrit
1157 1103 1186 1125 et
1199 1098 1274 1125 fovet
1294 1105 1356 1125 eam
1368 1118 1375 1130 ,
1397 1099 1469 1126 sicut
1493 1103 1522 1125 et
1540 1098 1666 1125 Christus
1692 1097 1787 1125 Eccle-

994 1143 1062 1170 siam
1072 1148 1094 1170 ι.
1114 1153 1123 1168 ι
1148 1143 1182 1170 Et
1200 1144 1266 1170 alibi
1281 1153 1289 1171 ι
1315 1153 1324 1170 ‹
1341 1145 1395 1172 Vos
1419 1144 1486 1171 estis
1504 1152 1604 1179 corpus
1620 1143 1733 1176 Christi,
1759 1147 1788 1172 et

995 1189 1117 1216 membra
1129 1197 1161 1216 ex
1173 1189 1298 1217 membro
1309 1196 1333 1217 θ,
1350 1199 1358 1214 ι
1375 1190 1445 1217 Cum
1458 1195 1549 1217 autem
1567 1198 1631 1217 caro
1642 1194 1669 1217 et
1686 1198 1788 1225 corpus

995 1234 1098 1262 Christi
1115 1236 1258 1270 proprium
1275 1235 1311 1263 sit
1329 1236 1465 1268 Ecclesia,
1488 1244 1553 1271 ergo
1574 1236 1706 1271 quidquid
1732 1244 1788 1264 non

995 1285 1038 1308 est
1063 1281 1186 1308 Ecclesia
1213 1282 1284 1315 ejus,
1301 1286 1330 1309 ut
1345 1290 1399 1309 non
1418 1282 1560 1317 proprium
1571 1283 1632 1317 ejus
1647 1283 1723 1317 juxta
1739 1289 1788 1309 vos

996 1326 1165 1353 habebitur?
1186 1326 1220 1354 Et
1241 1327 1305 1361 quia
1329 1335 1384 1354 non
1408 1327 1436 1353 in
1460 1327 1511 1354 bac
1534 1334 1616 1353 carne
1641 1325 1789 1353 cruciﬁxus

996 1376 1047 1402 cst,
1067 1371 1113 1398 sed
1127 1379 1177 1406 pro
1197 1379 1244 1403 ea,
1260 1379 1326 1406 ergo
1342 1371 1498 1398 necessario
1517 1375 1652 1406 sequetur
1668 1371 1744 1398 illum
1761 1371 1789 1398 in

996 1417 1085 1444 aliena
1106 1424 1187 1444 carne
1205 1425 1315 1451 passum
1331 1417 1412 1445 esse?
1437 1416 1465 1444 Si
1489 1416 1563 1444 enim
1579 1416 1653 1452 quod
1675 1424 1729 1444 non
1747 1421 1790 1443 est

994 1463 1044 1490 tali
1075 1463 1157 1490 modo
1179 1463 1331 1498 proprium,
1359 1463 1451 1491 statim
1480 1462 1510 1490 ﬁt
1534 1462 1697 1498 simpliciter
1720 1463 1790 1490 alie-

154 1518 213 1541 πως
236 1509 401 1543 λεγόμενον,
426 1508 506 1540 εὐθὺς
525 1508 589 1541 ὑμῖν
605 1507 693 1538 ἔδοξεν
709 1504 778 1532 εἶναι
803 1505 849 1532 καὶ
867 1505 943 1532 ἀλλά·-

998 1515 1076 1540 num,
1090 1513 1124 1534 ut
1137 1516 1186 1535 vos
1200 1508 1385 1541 contenditis;
1405 1508 1528 1535 Ecclesia
1548 1515 1614 1535 vero
1628 1513 1670 1535 est
1686 1507 1789 1536 Christi

154 1563 240 1590 τριον.
262 1552 370 1585 Ἀλλ’,ὦ
387 1552 460 1581 οὗτοι
471 1574 477 1586 ,
504 1554 554 1580 οὐκ
576 1554 630 1580 ἰδία
646 1553 695 1589 μὲν
709 1555 760 1588 τῆς
774 1553 884 1587 φύσεως
899 1552 946 1579 τοῦ

154 1602 242 1635 Λόγου
260 1602 275 1636 ἡ
296 1601 382 1636 σὰρξ,
412 1601 460 1635 τῆς
481 1601 509 1627 δὲ
535 1601 712 1632 ὑποστάσεως
727 1599 811 1626 αὐτοῦ
835 1600 948 1634 γέγονεν

155 1647 199 1673 ἐπ’
223 1647 345 1682 ἐσχάτων
369 1646 477 1682 ἀληθῶς
499 1646 553 1672 τῶν
571 1646 675 1681 χρόνων
693 1645 745 1672 ἰδία
759 1652 766 1660 ⁵
786 1645 904 1680 λέγομεν
920 1645 948 1671 δὲ

155 1692 204 1718 καὶ
229 1691 372 1726 ἀνθρώπου
400 1689 470 1718 εἶναι
498 1689 528 1716 τὸ
554 1691 648 1726 σχῆμα
662 1690 693 1717 τὸ
709 1689 817 1725 ὖροιον,
837 1690 902 1716 ἴδιον
919 1689 948 1717 ὃν

155 1738 206 1772 τῆς
223 1738 330 1772 φύσεως
345 1739 394 1772 τῆς
406 1737 508 1772 ψυχῆς,
525 1738 558 1772 τῇ
573 1737 602 1762 δὲ
618 1737 646 1763 ὲν
661 1736 768 1771 σώματι
781 1736 865 1770 αὐτῆς
881 1736 948 1762 ὐπο-

158 1785 252 1811 στάσει
271 1784 499 1818 ἐνθεωρούμενον.
511 1783 607 1814 Ὅπως
622 1781 666 1809 οὖν
681 1782 760 1808 τοῦτο
773 1783 838 1817 περὶ
848 1781 949 1817 ταύτης

157 1830 266 1863 λέγεται
294 1829 317 1855 εἰ
343 1830 472 1862 ἐνοήσατε
484 1849 491 1861 ,
518 1828 568 1854 οὐκ
593 1827 625 1854 ἂν
643 1828 708 1862 ἡμῖν
724 1828 787 1858 τοὺς
803 1828 856 1854 ὑπὸ
870 1828 950 1859 σκιᾶς

157 1877 205 1903 καὶ
228 1874 341 1912 ὀνείρων
364 1875 563 1909 συλλογισμοὺς
577 1873 761 1907 ἀνεπλὲξατε·
781 1874 848 1900 ἀλλὰ
866 1873 950 1901 ταῦτα

159 1923 208 1958 μὲν
224 1923 288 1957 περὶ
300 1921 413 1948 τούτων.
423 1921 467 1947 Ἐν
481 1920 509 1947 δὲ
524 1921 562 1955 τῷ
576 1920 647 1946 τέλει
660 1919 706 1946 τοῦ
735 1919 950 1954 ἐπιχειρήματος

158 1969 235 2003 ὑμῶν
249 1989 256 2001 ,
280 1969 310 1994 τὸ
332 1967 379 1994 τοῦ
399 1966 538 2002 ληθάργου
556 1966 641 1997 πάθος
656 1966 808 2000 ὑποστῆναι
824 1966 950 1999 δόξαντες

157 2015 198 2042 δι’
218 2015 383 2049 ἀπροσεξίαν
398 2034 404 2045 ,
432 2013 501 2047 πρὸς
523 2012 630 2046 γέλωτα
647 2012 680 2039 ἂν
696 2012 770 2047 ἡμᾶς
788 2012 818 2038 οὺ
837 2011 950 2047 μέτριον

399 2060 425 2086 εἰ
452 2059 490 2094 μὴ
515 2059 554 2094 τῷ
578 2058 686 2094 φρικτῷ
706 2058 760 2085 τῶν
776 2057 950 2093 ζητουμένων

157 2105 450 2143 προκατεστελλὸμεοα
473 2105 541 2140 πρὸς
558 2105 715 2132 εὐλάϐειαν.
737 2105 768 2131 Εἰ
784 2105 838 2140 γὰρ
855 2103 902 2130 καὶ
917 2104 950 2131 τὰ

159 2155 278 2189 μάλιστα
300 2153 407 2187 ψευδῶς
433 2152 541 2178 ἅπαντα
568 2152 633 2183 ὑμῖν
656 2150 778 2186 εἴρηται,
797 2150 859 2177 ἀλλ’
876 2150 951 2184 ὅμως

159 2062 355 2096 συνεκινήσατε
366 2082 372 2092 ,

997 1553 1121 1588 propria,
1135 1553 1209 1588 quod
1231 1552 1314 1588 igitur
1331 1560 1385 1580 non
1396 1557 1438 1580 est
1455 1553 1552 1580 eodem
1564 1552 1646 1580 modo
1659 1560 1690 1580 ac
1699 1552 1792 1580 Eccle-

999 1598 1060 1631 sia,
1091 1598 1236 1634 proprium
1268 1598 1367 1634 ipsius,
1386 1598 1424 1626 illi
1454 1603 1496 1626 est
1517 1599 1630 1626 omnino
1657 1598 1789 1626 alienum.

998 1644 1076 1677 Item,
1092 1644 1114 1671 si
1127 1644 1227 1672 dixerit
1244 1652 1354 1672 carnem
1365 1644 1466 1672 Christi
1479 1645 1617 1679 propriam
1634 1645 1708 1671 illam
1729 1652 1791 1672 esse

999 1698 1061 1725 quae
1075 1691 1160 1718 clavis
1172 1690 1299 1718 transﬁxa
1315 1696 1368 1723 est,
1384 1691 1440 1726 jam
1465 1690 1588 1717 Ecclesia
1603 1697 1659 1717 non
1678 1690 1734 1717 erit
1751 1690 1791 1724 ip-

999 1736 1058 1763 sius
1069 1736 1192 1771 propria,
1205 1736 1307 1770 quippe
1321 1743 1382 1770 quin
1403 1735 1489 1762 clavis
1507 1743 1561 1762 non
1575 1739 1618 1761 est
1629 1734 1768 1768 perforata
1782 1743 1789 1760 :

999 1781 1134 1816 quidquid
1159 1781 1233 1808 enim
1259 1789 1314 1808 non
1343 1781 1389 1808 tali
1406 1780 1487 1808 modo
1510 1781 1652 1815 proprium
1675 1779 1790 1813 dicitur,

996 1828 1053 1863 jam
1069 1832 1099 1854 ut
1114 1827 1233 1854 alienum
1247 1827 1474 1859 ducitis.Vcrum,
1488 1827 1556 1853 heus
1567 1827 1633 1853 vos!
1645 1834 1701 1853 non
1725 1834 1791 1861 pro—

1000 1873 1059 1908 pria
1069 1873 1181 1908 quidem
1199 1878 1304 1901 natura:
1318 1873 1401 1901 Verbi
1426 1877 1468 1900 est
1483 1880 1558 1905 caro,
1580 1880 1707 1907 personae,
1726 1880 1792 1899 vero

1001 1921 1061 1955 ejus
1080 1919 1107 1946 in
1134 1920 1294 1947 novissimis
1311 1920 1484 1955 temporibus
1507 1926 1572 1946 vere
1587 1919 1698 1953 propria
1721 1918 1791 1946 facta

999 1970 1053 1993 est.
1078 1966 1124 1994 Sic
1147 1967 1266 1994 dicimus
1292 1966 1412 1993 hominis
1431 1973 1493 1993 esse
1518 1965 1642 1992 habitum
1668 1969 1790 1997 sectum,

999 2012 1046 2047 qui
1062 2019 1118 2039 non
1134 2016 1177 2040 est
1200 2013 1328 2047 proprius
1344 2016 1450 2040 natura
1474 2011 1581 2043 animm,
1600 2011 1647 2039 sed
1666 2019 1791 2046 persona:

999 2063 1127 2093 respectu
1166 2059 1291 2094 corporis
1325 2063 1454 2094 spectatae
1484 2058 1687 2093 appropriatur.
1716 2057 1791 2091 Quo-

1000 2104 1083 2130 modo
1106 2103 1174 2131 illud
1195 2104 1268 2131 circa
1296 2103 1366 2131 hanc
1389 2103 1498 2130 dicatur
1519 2103 1542 2130 si
1573 2103 1789 2135 intellexissetis,

1000 2157 1057 2177 non
1092 2150 1159 2177 istos
1176 2149 1322 2178 nebulosos
1335 2157 1555 2184 somnurnosque
1585 2149 1791 2184 implicuissetis

158 2200 255 2226 ταυτὸν
274 2199 323 2233 μὲν
342 2199 467 2231 συνάγειν
484 2197 556 2231 ὑμᾶς
572 2196 753 2231 βουλομένους
768 2195 877 2232 ὁρῶμεν
890 2195 943 2224 νῦνη

1002 2196 1184 2231 syllogismos.
1208 2196 1271 2223 Πωο
1289 2195 1400 2231 quidem
1422 2195 1495 2223 circa
1511 2196 1572 2222 ista.
1588 2195 1617 2222 ln
1631 2195 1683 2222 line
1698 2199 1790 2222 autem

158 2245 196 2277 ὡς
212 2245 259 2271 δΰο
274 2254 304 2271 τε
326 2245 420 2275 οὐσίας
445 2244 492 2270 καὶ
515 2243 563 2269 δύο
577 2242 712 2278 πρόσωπα
731 2242 814 2277 ἦγουν
829 2242 947 2269 ὑποστά-

161 2300 218 2322 σεις
243 2291 359 2325 λέγομεν
386 2289 432 2316 ἐπὶ
455 2288 501 2315 τοῦ
522 2289 609 2322 Λόγου
631 2288 678 2314 καὶ
696 2288 746 2322 τῆς
765 2287 882 2322 σαρκός·
902 2289 948 2314 καὶ

158 2337 237 2364 τοῦτο
254 2337 291 2368 ὡς
307 2336 407 2363 ἆτοπῦν
421 2345 447 2362 τι
463 2335 649 2370 συμπέρασμα
667 2328 714 2361 καὶ
727 2334 855 2369 ἀθέμιτον
869 2333 948 2366 δόξαν

158 2383 365 2418 διανοουμένους
383 2383 454 2417 ἡμᾶς
469 2381 592 2416 ἐλέγχειν
609 2380 784 2412 σπουδάζετε,
802 2381 871 2415 ὅπερ
885 2379 949 2415 χθὲς

158 2430 208 2456 καὶ
222 2429 329 2464 τρίτην,
346 2428 388 2462 εἴη
403 2428 432 2453 δὲ
449 2427 487 2463 μὴ
502 2428 542 2459 εἰς
557 2426 663 2462 αῠριον,
682 2427 731 2461 τῆς
749 2427 882 2461 ὑμετέρας
899 2426 948 2460 μό-

161 2485 209 2511 νης
219 2477 277 2502 ἐστὶ
287 2475 437 2510 ϐρησκείας
448 2474 477 2501 τὸ
488 2473 766 2508 κειραλαιωδέστατον·
783 2472 831 2501 καὶ
844 2473 952 2500 πάντων

162 2523 263 2558 μᾶλλον
283 2522 312 2548 τὸ
329 2522 377 2554 τῆς
390 2520 497 2547 τοιᾶσδε
511 2520 590 2554 δῦξης
606 2519 722 2550 ἄτοπον,
744 2519 878 2554 ὑμέτερόν
894 2521 951 2546 ἐστι

160 2568 375 2603 γνωριστήριον*
397 2568 463 2602 ἡμῖν
479 2565 564 2597 ὅντως
583 2566 629 2592 καὶ
646 2565 706 2592 λίαν
720 2565 840 2599 ἀπεχοές
857 2573 885 2590 τε
905 2565 950 2591 καὶ

160 2615 290 2650 πολέμιον
304 2623 310 2629 ·
331 2614 375 2641 διά
393 2622 433 2640 τοι
451 2612 506 2648 γὰρ
522 2612 602 2638 τοῦτο
617 2611 684 2638 αὐτὸ
701 2610 748 2637 καὶ
764 2610 884 2637 τοσαῦτα
902 2611 950 2638 σὺν

159 2661 218 2697 Θεῷ
234 2663 299 2697 ὑμῖν
315 2658 567 2694 ἁνταγωνιζόμεθα.

1001 2242 1089 2271 vestri
1100 2242 1324 2277 epicbercmatis,
1340 2242 1473 2277 lethargia
1491 2241 1526 2268 ob
1539 2241 1666 2268 inertiam
1680 2246 1791 2276 torpere

1001 2289 1064 2320 visi.
1082 2289 1168 2316 risum
1186 2289 1267 2316 nobis
1286 2288 1462 2315 immodicum
1483 2287 1658 2319 elicuissetis,
1673 2287 1696 2314 si
1712 2295 1790 2314 reve-

1002 2335 1090 2362 rentia
1115 2343 1208 2362 rerum
1232 2335 1265 2362 de
1282 2334 1386 2369 quibus
1400 2334 1489 2369 agitur
1509 2342 1560 2361 nos
1578 2334 1612 2361 ad
1636 2333 1790 2368 religiosam

1002 2389 1058 2409 non
1083 2385 1239 2408 revocasset
1263 2381 1491 2408 moderationem.
1518 2380 1642 2410 Etenim,
1666 2379 1791 2414 quamvis

1002 2427 1114 2455 nonnisi
1129 2427 1273 2454 mendacia
1286 2427 1448 2462 plerumque
1462 2426 1597 2457 dixeritis,
1610 2426 1792 2453 nihilominus

1003 2481 1052 2501 vos
1078 2481 1153 2501 nunc
1177 2474 1302 2501 videmus
1325 2474 1352 2501 id
1375 2474 1477 2500 inferre
1498 2472 1634 2504 volentes,
1662 2472 1793 2499 videlicet

1002 2527 1064 2552 nos,
1081 2519 1154 2546 sicut
1168 2519 1237 2546 duas
1249 2523 1371 2551 naturas,
1392 2519 1427 2546 ita
1440 2519 1495 2545 duo
1506 2519 1647 2553 supposita
1664 2526 1711 2546 seu
1724 2518 1793 2546 duas

1003 2573 1135 2601 personas
1162 2565 1310 2593 admittere
1329 2565 1403 2593 circa
1426 2565 1546 2592 Verbum
1568 2570 1596 2592 et
1617 2572 1744 2597 carnem;
1765 2569 1793 2592 et

1003 2611 1055 2638 hoc
1081 2611 1160 2646 quasi
1183 2611 1330 2639 absurdam
1354 2611 1557 2639 conclusionem
1585 2615 1612 2638 et
1636 2611 1792 2638 hmrctieam

1001 2657 1163 2694 opinionem
1184 2657 1211 2685 in
1230 2665 1281 2685 nos
1296 2658 1443 2685 refundere
1462 2657 1609 2689 conamini,
1629 2656 1702 2690 quod
1720 2655 1792 2689 hcri,

159 2715 187 2737 ct
210 2710 312 2737 nudius
339 2708 437 2736 tertius
462 2708 512 2743 (ac
533 2706 637 2734 utinam
658 2712 710 2732 ncc
731 2711 820 2739 usque
845 2711 907 2732 cras
924 2704 949 2739 !)
971 2705 1149 2733 summarium
1166 2710 1209 2733 cst
1226 2706 1311 2734 totius
1328 2711 1425 2734 vestra:
1457 2705 1610 2741 religionis
1628 2703 1788 2732 fundamen-

160 2760 217 2783 tum
233 2764 240 2783 :
267 2757 323 2783 imo
349 2754 467 2786 absurda
491 2754 541 2781 ista
569 2753 696 2781 doctrina
708 2757 751 2781 est
773 2752 928 2787 praecipuus
946 2752 1090 2781 character
1122 2761 1177 2788 quo
1193 2762 1242 2782 vos
1258 2754 1468 2790 dignoseimini;
1488 2753 1568 2780 nobis
1587 2761 1651 2781 vero
1669 2757 1711 2781 est
1729 2761 1794 2782 vch

194 2848 208 2865 ν
224 2844 294 2873 Psai.
315 2854 368 2879 xm.
384 2846 426 2874 17.
467 2850 480 2865 ι
496 2845 576 2874 Joan.
589 2852 626 2879 vl,
646 2844 689 2872 53.

728 2850 742 2869 .V
755 2843 851 2872 Matth.
864 2851 939 2878 xxvr,
951 2843 997 2872 26.

1038 2860 1049 2875 ι
1063 2844 1165 2880 Ephes.
1182 2845 1265 2879 v,29.
1301 2853 1310 2863 -
1327 2844 1410 2872 lCor.
1425 2852 1470 2877 ιιι,
1487 2843 1531 2870 27.
