1960 3093
113 135 177 170 1768
188 141 201 155 ³

586 135 785 166 ADVERSUS
802 134 1075 165 NESTORIANOS.
1084 147 1119 153 -
1127 135 1200 166 LIB.
1221 135 1285 166 VII.

1655 132 1723 169 1768
1735 138 1749 158 ι

111 193 140 220 τὸ
160 191 301 228 τριαδικὸν
312 191 504 217 συνείλεκται·
520 190 666 226 ἐσαρκώοη
686 192 699 217 ό
712 190 807 226 πρώην
817 191 904 224 ἄσαρη

962 197 1060 217 zneram
1074 190 1176 226 ubique
1191 191 1294 219 scimus
1308 191 1403 219 adesse
1419 190 1604 220 identitatern.
1619 193 1750 226 Quamvis

113 247 157 271 κος
177 238 224 265 καὶ
242 238 299 264 ἐστι
315 237 442 273 Χριστὸς,
456 237 484 268 ὃς
498 237 529 263 ἐκ
548 237 648 272 μέρους
661 236 743 263 αὐτοῦ
755 237 838 272 ἦγουν
854 238 903 272 τῆς

113 287 175 321 μιᾶς
190 285 245 312 τῶν
259 286 285 311 Et
300 284 376 320 αὐτῷ
386 283 494 318 φύσεων
505 283 602 314 κοινῶς
621 283 652 310 τέ
667 284 726 310 ἐστι
742 283 789 310 καὶ
805 281 902 318 ὁμοού-

111 339 166 362 σιος
183 330 230 357 καὶ
241 329 281 361 εἷς
295 331 327 365 τῇ
341 330 432 364 φύσει,
454 330 502 356 σὺν
517 329 556 363 τῷ
571 328 659 364 Πατρὶ
673 328 712 354 τῶ
730 327 836 362 ἀγαθῷ,
858 327 904 354 καὶ

111 376 147 413 τῷ
161 376 232 412 ἁγίῳ
247 376 329 403 αὐτοῦ
344 370 483 411 Πνεύματι
500 374 562 402 κατ’
573 375 667 401 οὐσίαν
686 375 778 406 αὐτοῖς
794 373 902 409 ἡνωμέ-

111 431 159 454 νος
171 430 179 438 ·
197 422 244 449 καὶ
259 419 321 448 οὕτε
338 420 508 456 πλεονασμὸν
534 420 551 454 ἢ
568 419 657 454 λεῖψιν
679 417 855 446 ὑποστάσεων
867 419 900 453 τῇ

111 468 176 504 ἁγίᾳ
191 467 287 504 Τριάδι
304 467 470 502 παρίστησιν
481 474 488 481 ·
511 467 592 500 είπερ
605 465 716 498 όΛόγος
742 464 791 500 μία
817 473 847 490 τε
871 461 905 498 ἧν

112 514 262 545 ὑπόστασις
287 513 340 549 πρὸ
361 514 463 549 σαρκὸς
484 513 531 540 καὶ
557 512 626 548 μετὰ
651 511 757 547 σάρκα·
770 510 827 539 ἀλλ’
843 510 906 537 οὕτε

111 559 229 587 ἐλάττων
242 560 324 591 αὐτὸς
342 551 599 595 μιᾶίὺποστάσεως
614 555 684 584 εἶναι
701 557 754 592 πρὸ
773 557 822 592 τῆς
839 565 906 591 σαρ-

111 605 156 637 κὸς
169 605 310 632 δείκνυται
324 606 353 631 ὲν
372 605 404 640 τῇ
420 604 488 639 ἁγίᾳ
499 603 594 638 Τριάδι
611 602 748 637 δηλονότι·
767 601 828 627 οὐδὲ
852 601 906 636 γὰρ

112 651 258 686 πρόσθεσιν
281 650 459 681 ὑποστάσεως
486 648 680 683 ὲπιδεξάμενος
704 647 754 682 τὴν
778 647 824 673 νῦν
850 646 906 681 ἔχει

111 697 266 732 τελειότητα
282 697 332 731 τῆς
349 696 529 727 ὑποστάσεως
542 704 548 711 ·
563 694 621 721 ἀλλ’
638 695 671 729 ἢν
685 691 741 728 εἶχε
759 694 837 728 μόνον
861 692 907 719 κέ-

111 751 218 775 κτηται,
236 742 284 769 καὶ
305 741 374 776 μετᾶ
391 741 440 776 τὴν
467 741 627 776 προσθήκην
650 737 684 774 ἦς
707 739 758 765 οὐκ
772 736 828 774 εἶχε
857 738 908 772 φύ-

113 797 194 820 σεως·
213 789 259 815 καὶ
286 787 372 820 οὕτως
388 789 466 814 ἔσται
481 788 545 822 ὑμῖν
570 787 609 818 είς
635 785 712 812 οὐδὲν
735 784 906 819 ἀναλυομένη

113 835 187 861 πᾶσα
206 834 261 861 τῶν
272 833 430 861 διπλώσεων
446 834 492 860 ἐπὶ
508 833 558 865 τὰς
576 831 742 868 τριπλώσεις
755 832 771 866 ή
786 831 906 867 ψηφολο-

958 236 1043 271 igitur
1060 236 1132 263 hanc
1155 244 1267 264 movere
1290 237 1471 272 quaestionem
1487 239 1661 267 rationaliter
1675 235 1749 266 haud

958 282 1117 317 potueritis,
1142 282 1207 317 quia
1229 286 1319 310 tamen
1341 291 1402 318 qua:
1417 283 1453 311 sit
1469 285 1682 312 communicatio
1696 285 1751 312 Do-

958 328 1026 356 mini
1049 329 1137 356 nostri
1163 329 1227 356 Jesu
1258 328 1360 356 Christi
1385 329 1414 357 in
1440 334 1533 357 vestra
1555 330 1752 366 imaginatione

959 374 1094 409 quaeritis,
1105 375 1157 402 hoc
1165 374 1307 409 accipietis
1316 382 1331 402 a
1339 375 1420 402 nobis
1430 383 1605 411 responsum.
1620 377 1751 408 Verbum.

959 419 1034 455 quod
1049 420 1092 447 est
1110 428 1194 447 unum
1211 420 1385 455 suppositum
1397 422 1564 456 completum
1580 426 1610 449 et
1624 429 1678 449 una
1693 430 1752 457 per-

960 472 1027 492 sona
1040 465 1220 492 sanctissimae
1236 462 1379 493 Trinitatis
1394 465 1438 501 (ex
1453 467 1579 501 personis
1592 467 1678 499 enim,
1698 475 1754 494 non

960 518 993 538 ex
1007 511 1115 538 naturis
1128 515 1224 538 ternus
1237 511 1376 546 colligitur
1390 512 1545 548 numerus),
1565 520 1629 540 caro
1651 512 1755 540 factum

960 560 1014 587 est,
1029 563 1092 583 cum
1110 560 1190 583 antea
1206 557 1265 583 sine
1289 564 1371 584 carne
1387 561 1470 590 esset,
1485 559 1513 584 et
1537 565 1611 585 nunc
1621 562 1663 585 cst
1676 556 1756 586 Chri-

961 605 1031 633 stus,
1049 601 1097 636 qui
1116 609 1149 628 ex
1164 605 1241 635 parte
1264 601 1306 628 sui
1329 600 1427 635 ipsius,
1451 601 1583 629 videlicet
1602 600 1755 630 secundum

961 654 1044 674 unam
1058 654 1074 674 e
1091 648 1149 674 suis
1167 645 1285 680 naturis,
1302 647 1458 674 communis
1477 650 1520 675 est
1535 647 1757 675 consubstantia-

961 693 1051 728 lisque
1063 697 1092 720 et
1107 700 1179 720 unus
1193 697 1292 720 natura
1309 701 1371 720 cum
1394 693 1476 721 Patre
1493 694 1598 728 optimo
1613 698 1641 721 et
1660 698 1757 721 sancto

961 740 1021 775 ejus
1038 739 1154 774 Spiritu,
1174 739 1282 766 ratione
1305 739 1431 767 essentia:
1448 739 1515 774 ipsis
1534 740 1638 768 unitus.
1662 740 1757 775 Neque

962 788 1139 819 augmentum
1157 784 1200 811 vel
1216 784 1436 811 imminutionem
1459 785 1539 812 aﬂert
1559 793 1676 813 numero
1692 793 1757 820 pcr-

962 837 1090 857 sonarum
1111 829 1292 857 sanctissima:
1307 830 1451 858 Trinitatis
1465 839 1471 857 :
1485 831 1622 866 siquidem
1638 832 1758 860 Verbum

106 880 169 915 xta,
195 880 242 906 καὶ
260 881 335 906 πᾶσα
353 881 369 914 ὴ
390 880 461 914 ὁμὰς
475 879 522 906 τοῦ
537 878 682 913 ἀλογίστου
699 877 777 912 ὑμῶν
788 876 904 903 καταλό-

962 874 1040 902 unica
1054 878 1118 901 ante
1132 874 1363 908 incarnationem,
1375 875 1457 902 unica
1468 880 1530 910 post
1539 875 1756 905 incarnationem

112 935 159 959 γου
178 925 296 959 εὐλόγως
321 926 388 960 ἡμῖν
410 924 659 960 παραλογισθεῖσαο
676 920 715 955 εἷς
731 923 785 958 γὰρ
798 922 865 953 ὅλως
877 923 909 949 ὲκ

112 972 207 1006 τριῶν,
219 968 242 998 ὧ
259 971 370 1007 δοκήσει
389 971 478 1005 σοφοὶ,
507 971 539 1008 οὐ
563 970 634 997 κατὰ
651 968 796 996 κοινωνίαν
814 969 828 995 ὁ
846 968 910 1003 Χρι-

113 1016 189 1047 στός·
204 1014 244 1046 εἷς
259 1015 291 1050 δὴ
321 1015 370 1042 σὺν
385 1016 441 1046 τοῖς
464 1015 568 1046 λοιποῖς
594 1014 640 1041 δύο
660 1013 818 1049 προσώποις
838 1012 908 1039 κατὰ

112 1062 161 1096 τὴν
175 1061 317 1087 κοινωνίαν
331 1063 379 1096 τῆς
395 1061 460 1095 μιᾶς
471 1060 525 1087 τῶν
545 1061 573 1086 ἐν
586 1059 660 1095 αὐτῷ
679 1058 798 1094 φύσεως,
809 1059 838 1085 οὐ
854 1057 908 1093 μὴν

112 1107 164 1134 τῶν
178 1108 206 1134 ὲν
222 1106 296 1142 αὐτῷ
309 1107 356 1134 δύο
373 1107 481 1141 φύσεων
496 1115 501 1121 ·
521 1107 570 1133 οὐκ
584 1106 611 1132 εἴ
621 1106 682 1132 τίδὲ
697 1106 734 1140 μὴ
753 1105 786 1131 ὲκ
798 1104 909 1130 πάντων

112 1153 164 1180 τῶν
177 1153 275 1180 ἑαυτοῦ
288 1154 411 1180 κοινωνεῖ
419 1162 483 1186 τινι,
496 1153 555 1179 οὐδὲ
568 1151 656 1180 κοινὸν
672 1150 824 1185 ἕσταιπρδς
835 1149 904 1179 αὐτό,

963 919 1016 947 fuit
1032 926 1160 954 persona,
1175 924 1202 947 et
1218 919 1306 955 ipsum
1323 928 1377 948 non
1393 921 1514 949 caruisse
1532 922 1671 958 hypostasi
1693 928 1757 950 ante

964 965 1183 992 incarnationem
1207 965 1351 993 evidenter
1368 966 1575 994 demonstratur
1592 967 1621 994 in
1642 968 1758 995 sanctis-

963 1011 1032 1038 sima
1060 1010 1221 1038 Trinitate:
1250 1012 1272 1039 si
1296 1012 1369 1039 enim
1394 1013 1543 1047 perfectam
1572 1021 1647 1041 nunc
1674 1012 1758 1042 habet

963 1056 1150 1092 hypostasim,
1178 1065 1234 1084 non
1265 1057 1338 1092 quod
1367 1058 1549 1093 hypostaseos
1578 1064 1757 1095 augmentum

965 1103 1128 1138 susceperit,
1144 1102 1191 1130 sed
1209 1111 1290 1138 quam
1311 1105 1390 1139 prius
1402 1105 1531 1138 habebat,
1552 1105 1605 1133 hac
1617 1106 1675 1134 sola
1690 1114 1757 1142 gau-

966 1149 1023 1182 det,
1039 1149 1123 1176 etiam
1137 1153 1199 1184 post
1211 1149 1360 1178 additionis
1374 1151 1446 1179 illius
1460 1159 1541 1186 quam
1556 1159 1611 1180 non
1625 1153 1756 1185 habebat,

112 1206 227 1230 natum.
243 1201 276 1229 Et
293 1201 333 1229 sic
344 1201 423 1229 vobis
437 1202 465 1228 in
477 1201 595 1228 nihilum
621 1199 733 1227 redacta
750 1197 805 1225 ruit
822 1197 912 1224 omnis
923 1196 1146 1231 'duplicationum
1162 1204 1246 1232 supra
1260 1198 1460 1233 triplicationes
1475 1204 1668 1235 congestarum
1689 1208 1757 1235 sup-

113 1249 238 1284 putatio,
264 1253 292 1276 et
317 1252 374 1276 tota
398 1249 444 1276 illa
467 1247 712 1276 innumerabilium
741 1245 910 1273 calculorum
931 1251 1048 1277 summa,
1086 1244 1190 1272 erroris
1208 1246 1306 1273 merito
1327 1255 1342 1274 a
1374 1248 1457 1276 nobis
1479 1250 1616 1277 convicta.
1635 1247 1756 1282 Etenim,

112 1305 128 1322 o
145 1304 194 1324 vos
213 1297 240 1323 in
257 1301 348 1323 vestra
370 1297 501 1332 opinione
523 1296 671 1331 sapientes,
709 1294 836 1321 Christus
856 1301 928 1319 unus
951 1297 993 1320 est
1013 1300 1048 1319 ex
1076 1292 1176 1326 tribus,
1202 1294 1261 1321 sine
1286 1296 1547 1330 communicatione,
1571 1305 1642 1325 unus
1664 1302 1756 1325 autem

112 1347 154 1370 est
187 1351 250 1370 cum
282 1343 389 1371 duabus
409 1343 471 1370 aliis
492 1343 618 1378 personis
639 1350 688 1377 per
707 1341 985 1369 communicationem
1002 1340 1094 1373 unius,
1119 1348 1174 1368 non
1199 1350 1266 1370 vero
1280 1343 1423 1378 utriusque
1447 1351 1558 1372 suarum
1577 1349 1751 1382 naturarum;

112 1390 236 1426 quamvis
262 1395 354 1417 autem
382 1390 487 1424 aliquid
509 1390 589 1417 alteri
608 1396 663 1416 non
683 1387 869 1415 communicet
901 1394 935 1413 ex
973 1386 1101 1412 omnibus
1124 1386 1192 1420 suis,
1218 1394 1272 1414 non
1291 1388 1353 1415 ideo
1370 1396 1515 1417 commune
1538 1397 1599 1417 cum
1624 1391 1671 1419 illo
1702 1401 1757 1420 non

110 1436 174 1464 erit.

425 1485 552 1511 ΚΕΦΑΛ.
574 1483 614 1510 Ε’.

148 1534 179 1560 Εἰ
198 1533 226 1559 τὺ
242 1530 286 1565 εἷς
300 1531 355 1566 τῆς
372 1529 492 1565 Τριάδος
521 1530 553 1556 ἐκ
580 1529 708 1564 Θεότητος
736 1529 783 1555 καὶ
809 1526 910 1562 σαρκὸς

115 1580 287 1614 σημαίνεται,
310 1577 368 1608 πῶς
383 1577 433 1603 οὐκ
451 1576 528 1602 ἔσται
542 1575 590 1609 τῆς
603 1574 717 1610 Τριάδος
729 1575 802 1609 καὶὴ
822 1572 907 1607 eripi;

113 1627 136 1653 εί
150 1626 179 1652 δὲ
197 1626 213 1661 ἡ
227 1625 293 1658 ἁγία
309 1623 396 1658 Τριὰς
405 1623 476 1650 κατά
490 1631 516 1648 τι
531 1622 614 1657 μονάς
630 1622 699 1654 ἐστι,
711 1621 761 1647 οὐκ
776 1621 852 1646 ἔσται
864 1620 910 1646 καὶ

112 1672 162 1707 τῆς
179 1670 295 1706 μονάδος
312 1671 329 1705 ἡ
349 1668 417 1704 σάρξ
430 1677 437 1685 ·
453 1669 476 1695 εἰ
493 1668 522 1694 δὲ
537 1667 586 1702 τῆς
603 1666 717 1702 μονάδος
731 1667 747 1701 ή
765 1664 843 1701 σὰρξ,
853 1674 910 1691 κτι-

116 1717 164 1753 στὴ
178 1715 206 1744 δὲ
222 1715 303 1751 αὕτη,
321 1715 379 1746 πῶς
396 1715 524 1745 ἄκτιστος
547 1715 563 1749 ὴ
583 1713 684 1748 μονάς;
706 1712 786 1739 Ἀλλὰ
809 1712 851 1741 τίς
877 1711 909 1737 ἂν

113 1765 155 1799 εἴη
171 1763 250 1797 λόγος
270 1763 334 1797 ὑμῖν
350 1761 365 1787 6
386 1759 528 1795 παριστῶν
556 1759 586 1785 τὸ
611 1758 682 1786 κατά.
703 1767 730 1784 τι
751 1757 907 1787 κοινωνοῦν,

114 1810 223 1840 πάντως
237 1807 364 1835 καὶκατὰ
378 1806 466 1833 πάντα
481 1805 620 1832 κοινωνεῖν
635 1804 809 1838 ἀναγκαίωςς
826 1803 849 1829 εἰ
861 1800 908 1829 οὖν

113 1857 130 1890 ὴ
147 1853 216 1889 σὰρξ
232 1852 417 1886 κεκοινώνηκε
433 1852 467 1886 τῇ
479 1850 588 1885 ϐεότητι
605 1850 677 1876 κατὰ
692 1850 742 1884 τὴν
760 1849 909 1875 ὑπόστασιν

115 1900 160 1927 τοῦ
179 1900 279 1933 Λόγου,
297 1898 334 1929 ὡς
346 1897 391 1924 διὰ
403 1897 484 1923 τοῦτο
500 1897 549 1923 καὶ
565 1895 673 1930 ἀληθῶς
689 1895 739 1921 σὺν
755 1894 830 1930 αὐτῷ
841 1892 909 1921 εἶναι

116 1945 181 1980 μιᾶς
210 1944 262 1970 τῶν
290 1942 414 1977 μονάδων
440 1942 490 1977 τῆς
510 1940 592 1975 ἁγίας
616 1940 742 1976 Τριάδος,
759 1940 841 1974 ἤγουν
859 1939 909 1974 τῆς

115 1991 300 2025 ὑποστατικῆς
312 1988 499 2024 ἀριθμήσεως,
513 1988 555 2018 τίς
565 1988 579 2013 ὀ
597 1986 756 2022 βιαζόμενος
767 1985 845 2019 λόγος
853 1993 910 2011 κοι-

115 2037 236 2072 νωνῆσαι
257 2036 341 2072 αὐτὴν
357 2034 404 2062 καὶ
423 2034 462 2068 τῷ
478 2033 602 2060 οὐσιώδει
619 2033 698 2068 Λόγῳ
708 2033 757 2067 τῆς
771 2032 907 2067 θεότητος,

114 2084 199 2118 ἧγουν
221 2082 260 2116 τῷ
283 2081 332 2116 τῆς
345 2081 454 2116 φύσεως
468 2080 540 2114 λόγῳ
556 2079 627 2106 κατὰ
643 2079 673 2106 τὸ
689 2078 834 2114 μοναδικόν
859 2078 909 2112 τῆς

116 2129 260 2164 ὑπάρξεως
278 2128 328 2162 τῆς
342 2127 418 2159 θείας
437 2125 768 2161 συμπεριλαμὸανομένην
796 2126 844 2152 σὺν
862 2125 907 2151 αὐ-

114 2177 165 2211 τῇ;
185 2175 219 2201 δι’
235 2174 302 2202 αὐτὸ
319 2174 375 2209 γὰρ
397 2173 430 2209 δὴ
452 2172 532 2199 τοῦτο
546 2172 700 2199 τούναντίον
722 2171 812 2207 φαμὲν
829 2172 908 2207 ἡμεῖς

112 2222 171 2253 τοῖς
182 2220 326 2256 ὑμετέροις
336 2228 343 2236 ·
357 2220 400 2246 ὃτι
427 2219 490 2245 ἐπεὶ
501 2218 600 2253 ἐκείνῳ
610 2217 648 2253 τῷ
656 2218 736 2252 Λόγῳ
753 2217 821 2252 ἔφθη
839 2217 910 2244 κατὰ

115 2267 166 2302 τὴν
186 2266 310 2293 εὐδοκίαν
331 2266 381 2300 τῆς
405 2265 562 2300 οἰκονομίας
578 2264 712 2299 ἐνωθῆναι
734 2265 768 2299 τῇ
795 2264 876 2298 σαρκὶ
893 2264 909 2298 ἡ

116 2312 226 2348 Θεότης,
255 2312 317 2339 καθ’
342 2311 356 2338 ὃ
379 2310 428 2338 καὶ
450 2311 518 2345 πρὸς
544 2310 644 2345 ἑαυτήν
670 2318 729 2341 πως
751 2309 911 2344 διαφέρεται

116 2358 203 2393 ἤγουν
217 2358 288 2385 κατὰ
300 2357 350 2393 τὴν
366 2357 526 2389 ὑπόστασιν,
538 2355 755 2391 ὡμολογημένως
771 2355 821 2382 οὐκ
835 2354 911 2381 ἔσται

116 2404 186 2440 πρὸς
198 2403 284 2438 αὐτὴν
303 2402 374 2430 κατὰ
403 2402 483 2436 λόγον
494 2401 588 2433 οὐσίας
611 2401 777 2428 κοινωνοῦσα
797 2400 859 2427 καθ’
882 2400 911 2426 ὃν

116 2451 189 2485 πρός
201 2448 300 2482 ἑαυτὴν
314 2447 352 2483 μὴ
363 2442 523 2482 διαφέρεται
533 2455 539 2461 ·
558 2447 582 2472 εἰ
595 2445 649 2481 γὰρ
665 2444 724 2471 οὐδὲ
736 2444 796 2471 καθ’
813 2443 911 2478 ἑαυτὴν

116 2493 294 2531 θεωρουμένη
306 2495 323 2528 ἡ
340 2493 435 2528 θεότης
453 2494 482 2519 ἐν
501 2492 667 2527 ἀμφοτέροις
690 2492 745 2522 τοῖς
760 2490 849 2524 λόγοις
863 2490 911 2516 αὐ-

115 2543 178 2576 τῆς,
194 2540 281 2576 ἠγουν
294 2539 351 2570 τοῖς
363 2539 414 2573 τῆς
425 2538 520 2569 οὐσίας
532 2538 579 2565 καὶ
587 2538 761 2568 ὑποστάσεως
772 2537 910 2563 δείκνυται

116 2585 289 2614 κοινωνοῦσα
299 2585 339 2621 (ἓν
350 2585 404 2620 γὰρ
415 2585 476 2612 κατ’
491 2583 555 2611 ἄλλο
569 2584 637 2616 ἐστὶ,
651 2584 698 2610 καὶ
706 2583 769 2618 τρία
778 2583 839 2609 καθ’
853 2582 911 2608 ἓτε-

118 2631 165 2666 ρόν
175 2629 257 2665 ὲστι)·
276 2629 335 2661 πῶς
345 2628 385 2664 τῷ
401 2630 466 2664 παρ’
478 2628 563 2663 αὐτὴν
576 2629 633 2654 ὄντι
645 2629 694 2655 σὺν
705 2630 738 2664 τῇ
749 2628 832 2663 σαρκὶ
851 2628 910 2654 κατ’

116 2677 262 2713 ἀμφότερα
289 2676 468 2710 κοινωνήσει;
483 2675 506 2701 εί
529 2674 584 2710 γὰρ
599 2674 678 2701 τοῦτο
702 2674 755 2709 εἴη,
776 2674 860 2705 ὅντως
878 2674 911 2700 ἂν

119 2724 153 2758 τῇ
174 2723 255 2757 σαρκὶ
269 2722 337 2758 μόνῃ
350 2721 380 2748 τό
391 2729 421 2747 τε
436 2720 507 2756 ὑπὲρ
522 2720 588 2747 Θεόν
600 2729 660 2752 πως
677 2721 723 2747 καὶ
739 2719 911 2755 ἀσυγκρίτως

118 2768 347 2803 ἁπλόντερον,καὶ
372 2768 474 2802 ἑαυτῆς
496 2766 694 2802 ὑπερκείμενον
718 2766 910 2801 ἐμαρτύρησεν

117 2815 154 2842 ἂν
169 2815 186 2850 ὴ
202 2813 296 2849 θεότης
307 2822 313 2828 ’
331 2814 377 2840 καὶ
403 2814 464 2840 τάδε
485 2813 533 2847 μὲν
548 2812 634 2844 οὕτως
646 2822 652 2828 ·
677 2814 700 2839 εἰ
716 2812 744 2839 δὲ
764 2812 802 2847 τῷ
819 2811 910 2847 λεπτῷ

117 2859 166 2886 τοῦ
184 2859 361 2894 θεωρήματος
379 2858 443 2890 ἴσως
467 2858 517 2884 οὐκ
535 2857 688 2890 εὔγνωστον
701 2857 766 2892 ὑμῖν
785 2858 815 2884 τὸ
832 2857 909 2891 λεγό-

263 2905 396 2937 PATnOL.
425 2905 483 2935 Gn.
507 2903 681 2935 LXXXVI.

1294 1483 1368 1510 CAP.
1395 1485 1426 1512 V.

1001 1527 1028 1554 Si
1045 1527 1102 1556 haec
1116 1529 1211 1561 Verba,
1229 1538 1297 1556 unus
1317 1531 1349 1557 de
1373 1531 1511 1566 Trinitate,
1536 1534 1702 1569 signiﬁcant,
1723 1543 1756 1562 ex

963 1572 1109 1601 divinitate
1123 1579 1150 1601 ct
1165 1577 1258 1607 carne,
1281 1583 1385 1611 ergone
1401 1577 1544 1607 Trinitatis
1557 1578 1611 1607 erit
1629 1580 1712 1608 caro?
1728 1581 1755 1608 Si

961 1626 1027 1645 vero
1048 1619 1170 1648 Trinitas
1190 1621 1242 1648 sub
1260 1622 1354 1657 aliquo
1371 1630 1498 1659 respectu
1516 1625 1552 1653 sit
1567 1633 1674 1659 monas,
1690 1635 1756 1663 ergo

962 1665 1087 1692 monadis
1111 1669 1176 1693 caro
1202 1667 1278 1693 erit?
1297 1667 1326 1695 Si
1348 1673 1441 1696 autem
1464 1668 1589 1698 monadis
1616 1671 1653 1698 sit
1678 1680 1755 1705 caro,

961 1718 1023 1737 cum
1037 1718 1102 1738 caro
1118 1712 1154 1738 sit
1166 1717 1269 1744 creata,
1284 1715 1424 1747 quomodo
1441 1715 1562 1744 increata
1575 1717 1629 1746 erit
1641 1720 1757 1746 monas?

961 1758 995 1783 At
1009 1764 1064 1791 quo
1078 1763 1240 1792 argumento
1257 1759 1413 1793 probabitis
1441 1761 1514 1796 quod
1529 1762 1580 1790 sub
1596 1763 1689 1798 aliquo
1711 1772 1754 1791 re-

961 1807 1058 1837 spcctu
1067 1810 1213 1832 commune
1223 1810 1275 1838 est,
1285 1805 1353 1832 illud
1362 1807 1414 1834 sub
1424 1807 1498 1834 omni
1508 1816 1622 1844 prorsus
1630 1814 1757 1845 respectu

962 1857 1108 1878 commune
1122 1851 1281 1879 necessario
1295 1851 1375 1879 esse?
1395 1852 1423 1880 Si
1438 1861 1505 1889 ergo
1522 1862 1586 1882 caro
1602 1856 1756 1883 communi-

962 1896 1035 1923 cavit
1050 1896 1151 1923 Deitati
1171 1896 1198 1924 in
1216 1904 1334 1932 persona
1349 1895 1441 1931 Verbi,
1458 1898 1494 1927 ita
1511 1904 1542 1927 ut
1556 1908 1622 1928 vere
1641 1909 1703 1929 eum
1722 1910 1756 1930 eo

960 1941 997 1968 sit
1012 1948 1065 1969 una
1078 1949 1111 1969 ex
1122 1941 1288 1970 monadibus
1300 1943 1482 1972 sanctissima:
1496 1939 1653 1980 Trinitatis,
1663 1947 1690 1975 id
1701 1953 1755 1981 est,

961 1995 993 2014 ex
1009 1995 1190 2023 personarum
1209 1997 1343 2017 numero:
1357 1998 1422 2017 num
1438 1991 1501 2019 ideo
1515 1999 1628 2021 necesse
1648 1998 1690 2021 est
1712 1995 1755 2022 di-

961 2038 1040 2061 catur
1053 2034 1150 2062 eadem
1165 2042 1230 2062 caro
1251 2035 1472 2064 communicasse
1488 2037 1627 2066 divinitati
1648 2039 1756 2067 ratione

960 2080 1099 2112 essentite,
1113 2080 1140 2107 id
1155 2085 1207 2113 est,
1219 2078 1325 2109 ratione
1338 2086 1455 2115 naturae,
1470 2082 1498 2110 in
1510 2083 1615 2111 unitate
1627 2084 1757 2112 substan-

963 2126 1008 2153 tiae
1034 2125 1135 2154 divinae
1162 2126 1246 2154 simul
1271 2131 1333 2154 cum
1363 2127 1409 2155 illa
1433 2128 1655 2163 comprehensa?
1679 2129 1757 2158 Hanc

964 2173 1038 2199 enim
1059 2171 1147 2208 ipsam
1169 2172 1204 2200 ob
1229 2180 1338 2201 causam
1363 2182 1413 2202 nos
1437 2178 1534 2202 contra
1550 2183 1600 2203 vos
1615 2175 1754 2203 dicimus:

963 2226 1025 2246 cum
1043 2226 1092 2253 per
1107 2219 1216 2246 obviam
1235 2219 1419 2248 Providentiae
1435 2221 1606 2249 voluntatem
1623 2222 1701 2250 unita
1716 2223 1753 2250 sit

962 2263 1039 2290 carni
1062 2263 1194 2291 divinitas
1218 2264 1269 2291 sub
1292 2264 1339 2292 illo
1364 2270 1492 2300 respectu
1517 2274 1572 2301 quo
1591 2267 1709 2302 aliquam
1727 2268 1755 2296 in

963 2309 1053 2344 seipsa
1066 2309 1271 2337 distinctionem
1288 2310 1418 2343 admittit,
1437 2312 1543 2340 scilicet
1555 2313 1708 2348 respective
1720 2313 1756 2340 ad

963 2354 1153 2390 bypostasim:
1168 2355 1328 2383 fatebuntur
1342 2364 1438 2385 omnes
1455 2365 1515 2385 eam
1533 2366 1596 2386 cum
1607 2365 1689 2386 carne
1699 2367 1755 2387 non

962 2401 1182 2428 communicasse
1203 2403 1356 2436 respective
1369 2402 1403 2430 ad
1422 2411 1499 2430 suam
1522 2408 1660 2437 naturam,
1676 2405 1755 2440 cujus

963 2446 1071 2474 ratione
1096 2447 1200 2474 nullam
1228 2447 1349 2476 admittit
1364 2447 1393 2475 in
1419 2449 1509 2484 seipsa
1534 2449 1752 2477 distinctionem.

962 2492 1040 2525 Quod
1064 2492 1087 2519 si
1109 2492 1283 2520 divinitatem
1306 2494 1333 2520 in
1360 2494 1451 2529 seipsa
1473 2494 1673 2523 e0nsideratam
1696 2503 1754 2523 non

963 2539 1170 2566 demonstratur
1189 2539 1396 2566 communicare
1420 2539 1472 2567 sub
1493 2540 1603 2570 duobus
1626 2542 1683 2568 suis
1711 2547 1754 2568 re-

963 2585 1113 2619 spectibns,
1133 2585 1158 2612 id
1176 2590 1227 2618 est,
1254 2585 1306 2613 sub
1330 2591 1458 2621 respectu
1480 2590 1539 2615 tum
1563 2592 1678 2618 naturre.
1695 2590 1752 2614 tum

928 2667 934 2668 γ
962 2630 1142 2666 hypostaseos
1166 2631 1259 2665 (unum
1274 2631 1348 2658 enim
1369 2637 1410 2659 est
1431 2632 1482 2659 sub
1505 2633 1602 2668 priori,
1619 2633 1671 2659 tria
1687 2640 1753 2659 vero

963 2676 1014 2702 sub
1031 2674 1190 2711 posteriori)
1204 2684 1210 2702 :
1227 2676 1366 2710 quomodo
1384 2677 1422 2704 illi
1440 2677 1487 2712 qui
1502 2678 1529 2706 in
1545 2685 1576 2705 ea
1592 2684 1655 2704 cum
1668 2684 1752 2704 carne

963 2719 1046 2751 inest,
1069 2718 1122 2746 sub
1136 2718 1238 2754 duplici
1259 2724 1386 2755 respectu
1410 2721 1647 2749 communicabit?
1659 2721 1716 2749 Hoc
1730 2723 1753 2751 si

962 2769 1045 2797 esset,
1065 2765 1123 2792 sola
1143 2773 1225 2792 carne
1250 2766 1353 2801 aliquid
1371 2767 1575 2802 quodammodo
1590 2775 1620 2795 se
1634 2768 1693 2803 ipsa
1711 2768 1753 2796 di-

962 2810 1067 2842 vinius,
1091 2815 1120 2838 et
1146 2811 1309 2846 simplicius,
1335 2818 1364 2840 et
1388 2813 1568 2841 excellentius
1587 2816 1755 2844 ostendisset

963 2857 1104 2885 divinitas.
1130 2858 1164 2885 Et
1185 2858 1222 2885 ita
1244 2858 1356 2894 quidem
1372 2866 1400 2886 se
1417 2867 1461 2887 res
1483 2859 1597 2887 habent.
1618 2860 1751 2895 Quoniam

1528 2905 1583 2935 55*
