  <div class='ocr_page' id='page_1' title='image "/cluster/home/n/w/nwhite01/storage/ocr_20150623/86,pt.1/njp.32101007877465/977.png"; bbox 0 0 1960 3093; ppageno 0'>
   <div class='ocr_carea' id='block_1_1' title="bbox 214 107 306 140">
    <p class='ocr_par' dir='ltr' id='par_1_1' title="bbox 214 107 306 140">
     <span class='ocr_line' id='line_1_1' title="bbox 214 107 306 140; baseline 0.022 -2"><span class='ocrx_word' id='word_1_1' title='bbox 214 107 281 140; x_wconf 76' lang='grc' dir='ltr'><strong>17ὓ8</strong></span> <span class='ocrx_word' id='word_1_2' title='bbox 295 112 306 127; x_wconf 83' lang='lat'>°</span> 
     </span>
    </p>
   </div>
   <div class='ocr_carea' id='block_1_2' title="bbox 832 110 1210 140">
    <p class='ocr_par' dir='ltr' id='par_1_2' title="bbox 832 110 1210 140">
     <span class='ocr_line' id='line_1_2' title="bbox 832 110 1210 140; baseline 0.003 -1"><span class='ocrx_word' id='word_1_3' title='bbox 832 110 987 139; x_wconf 68' lang='lat' dir='ltr'><strong>LEONTII</strong></span> <span class='ocrx_word' id='word_1_4' title='bbox 1009 110 1210 140; x_wconf 67' lang='grc' dir='ltr'><strong>ΒΥΖᾹΝΤΙΝΙ</strong></span> 
     </span>
    </p>
   </div>
   <div class='ocr_carea' id='block_1_3' title="bbox 1769 115 1853 147">
    <p class='ocr_par' dir='ltr' id='par_1_3' title="bbox 1769 115 1853 147">
     <span class='ocr_line' id='line_1_3' title="bbox 1769 115 1853 147; baseline 0.012 -1"><span class='ocrx_word' id='word_1_5' title='bbox 1769 115 1853 147; x_wconf 65' lang='lat'><strong>1708“</strong></span> 
     </span>
    </p>
   </div>
   <div class='ocr_carea' id='block_1_4' title="bbox 217 165 1008 207">
    <p class='ocr_par' dir='ltr' id='par_1_4' title="bbox 217 165 1008 201">
     <span class='ocr_line' id='line_1_4' title="bbox 217 165 1008 201; baseline 0.001 -9"><span class='ocrx_word' id='word_1_6' title='bbox 217 174 293 198; x_wconf 82' lang='lat' dir='ltr'><strong>vero,</strong></span> <span class='ocrx_word' id='word_1_7' title='bbox 309 165 344 192; x_wconf 91' lang='lat' dir='ltr'><strong>ob</strong></span> <span class='ocrx_word' id='word_1_8' title='bbox 359 170 583 201; x_wconf 79' lang='lat' dir='ltr'><strong>argumentorum</strong></span> <span class='ocrx_word' id='word_1_9' title='bbox 595 166 788 198; x_wconf 84' lang='lat' dir='ltr'><strong>subtilitatem,</strong></span> <span class='ocrx_word' id='word_1_10' title='bbox 805 166 883 193; x_wconf 81' lang='lat' dir='ltr'><strong>vobis</strong></span> <span class='ocrx_word' id='word_1_11' title='bbox 895 167 1008 194; x_wconf 78' lang='lat' dir='ltr'><strong>fortasse</strong></span> 
     </span>
    </p>
   </div>
   <div class='ocr_carea' id='block_1_5' title="bbox 1063 165 1855 207">
    <p class='ocr_par' dir='ltr' id='par_1_5' title="bbox 1066 169 1855 207">
     <span class='ocr_line' id='line_1_5' title="bbox 1066 169 1855 207; baseline 0.008 -14"><span class='ocrx_word' id='word_1_12' title='bbox 1066 176 1157 201; x_wconf 61' lang='grc' dir='ltr'>μειον,</span> <span class='ocrx_word' id='word_1_13' title='bbox 1171 169 1406 204; x_wconf 78' lang='grc' dir='ltr'>παχυμερεστέρῳ</span> <span class='ocrx_word' id='word_1_14' title='bbox 1422 169 1494 204; x_wconf 63' lang='lat' dir='ltr'><strong>Opi;</strong></span> <span class='ocrx_word' id='word_1_15' title='bbox 1512 170 1654 204; x_wconf 73' lang='grc' dir='ltr'><strong>ἐλεγκτέον</strong></span> <span class='ocrx_word' id='word_1_16' title='bbox 1672 172 1710 206; x_wconf 84' lang='grc' dir='ltr'><strong>τῷ</strong></span> <span class='ocrx_word' id='word_1_17' title='bbox 1728 174 1855 207; x_wconf 71' lang='grc' dir='ltr'>παρειδεί-</span> 
     </span>
    </p>
   </div>
   <div class='ocr_carea' id='block_1_6' title="bbox 216 212 1011 248">
    <p class='ocr_par' dir='ltr' id='par_1_6' title="bbox 216 212 1011 248">
     <span class='ocr_line' id='line_1_6' title="bbox 216 212 1011 248; baseline 0 -9"><span class='ocrx_word' id='word_1_18' title='bbox 216 220 270 239; x_wconf 83' lang='lat' dir='ltr'><strong>non</strong></span> <span class='ocrx_word' id='word_1_19' title='bbox 285 216 350 239; x_wconf 83' lang='lat' dir='ltr'><strong>sun-t</strong></span> <span class='ocrx_word' id='word_1_20' title='bbox 363 212 433 239; x_wconf 84' lang='lat' dir='ltr'><strong>bene</strong></span> <span class='ocrx_word' id='word_1_21' title='bbox 453 216 517 239; x_wconf 80' lang='lat' dir='ltr'><strong>nota</strong></span> <span class='ocrx_word' id='word_1_22' title='bbox 531 220 593 248; x_wconf 74' lang='lat' dir='ltr'><strong>quae</strong></span> <span class='ocrx_word' id='word_1_23' title='bbox 609 213 677 244; x_wconf 80' lang='lat' dir='ltr'><strong>dixi,</strong></span> <span class='ocrx_word' id='word_1_24' title='bbox 698 221 742 240; x_wconf 88' lang='lat' dir='ltr'><strong>res</strong></span> <span class='ocrx_word' id='word_1_25' title='bbox 752 212 831 240; x_wconf 80' lang='lat' dir='ltr'><strong>vobis</strong></span> <span class='ocrx_word' id='word_1_26' title='bbox 847 213 1011 240; x_wconf 88' lang='lat' dir='ltr'><strong>elucidanda</strong></span> 
     </span>
    </p>
   </div>
   <div class='ocr_carea' id='block_1_7' title="bbox 217 258 1010 294">
    <p class='ocr_par' dir='ltr' id='par_1_7' title="bbox 217 258 1010 294">
     <span class='ocr_line' id='line_1_7' title="bbox 217 258 1010 294; baseline 0 -8"><span class='ocrx_word' id='word_1_27' title='bbox 217 263 259 286; x_wconf 84' lang='lat' dir='ltr'><strong>est</strong></span> <span class='ocrx_word' id='word_1_28' title='bbox 275 258 402 293; x_wconf 79' lang='lat' dir='ltr'><strong>exeniplo</strong></span> <span class='ocrx_word' id='word_1_29' title='bbox 418 258 470 286; x_wconf 86' lang='lat' dir='ltr'><strong>sub</strong></span> <span class='ocrx_word' id='word_1_30' title='bbox 488 266 586 285; x_wconf 81' lang='lat' dir='ltr'><strong>sensus</strong></span> <span class='ocrx_word' id='word_1_31' title='bbox 604 258 692 294; x_wconf 79' lang='lat' dir='ltr'><strong>magis</strong></span> <span class='ocrx_word' id='word_1_32' title='bbox 706 259 833 286; x_wconf 84' lang='lat' dir='ltr'><strong>cadente.</strong></span> <span class='ocrx_word' id='word_1_33' title='bbox 856 258 927 294; x_wconf 78' lang='lat' dir='ltr'><strong>Ignis</strong></span> <span class='ocrx_word' id='word_1_34' title='bbox 938 260 1010 294; x_wconf 88' lang='lat' dir='ltr'><strong>parti</strong></span> 
     </span>
    </p>
   </div>
   <div class='ocr_carea' id='block_1_8' title="bbox 216 304 1010 342">
    <p class='ocr_par' dir='ltr' id='par_1_8' title="bbox 216 304 1010 342">
     <span class='ocr_line' id='line_1_8' title="bbox 216 304 1010 342; baseline 0 -10"><span class='ocrx_word' id='word_1_35' title='bbox 216 312 280 340; x_wconf 84' lang='lat' dir='ltr'><strong>pars</strong></span> <span class='ocrx_word' id='word_1_36' title='bbox 305 304 371 331; x_wconf 78' lang='lat' dir='ltr'><strong>ferri</strong></span> <span class='ocrx_word' id='word_1_37' title='bbox 398 305 586 339; x_wconf 82' lang='lat' dir='ltr'><strong>conglutinata</strong></span> <span class='ocrx_word' id='word_1_38' title='bbox 613 304 817 342; x_wconf 80' lang='lat' dir='ltr'><strong>quodammodo</strong></span> <span class='ocrx_word' id='word_1_39' title='bbox 839 313 922 332; x_wconf 91' lang='lat' dir='ltr'><strong>unam</strong></span> <span class='ocrx_word' id='word_1_40' title='bbox 946 313 1010 332; x_wconf 89' lang='lat' dir='ltr'><strong>eum</strong></span> 
     </span>
    </p>
   </div>
   <div class='ocr_carea' id='block_1_9' title="bbox 216 350 1010 386">
    <p class='ocr_par' dir='ltr' id='par_1_9' title="bbox 216 350 1010 386">
     <span class='ocr_line' id='line_1_9' title="bbox 216 350 1010 386; baseline 0.001 -8"><span class='ocrx_word' id='word_1_41' title='bbox 216 351 262 378; x_wconf 87' lang='lat' dir='ltr'><strong>illa</strong></span> <span class='ocrx_word' id='word_1_42' title='bbox 279 350 362 378; x_wconf 80' lang='lat' dir='ltr'><strong>eﬂicit</strong></span> <span class='ocrx_word' id='word_1_43' title='bbox 386 351 567 386; x_wconf 74' lang='lat' dir='ltr'><strong>hypostasim,</strong></span> <span class='ocrx_word' id='word_1_44' title='bbox 592 359 654 385; x_wconf 73' lang='lat' dir='ltr'><strong>qua:</strong></span> <span class='ocrx_word' id='word_1_45' title='bbox 677 351 705 378; x_wconf 91' lang='lat' dir='ltr'><strong>in</strong></span> <span class='ocrx_word' id='word_1_46' title='bbox 731 359 782 378; x_wconf 89' lang='lat' dir='ltr'><strong>suo</strong></span> <span class='ocrx_word' id='word_1_47' title='bbox 801 359 861 379; x_wconf 86' lang='lat' dir='ltr'><strong>esse</strong></span> <span class='ocrx_word' id='word_1_48' title='bbox 878 351 960 379; x_wconf 82' lang='lat' dir='ltr'><strong>simul</strong></span> <span class='ocrx_word' id='word_1_49' title='bbox 976 361 1010 379; x_wconf 71' lang='lat' dir='ltr'><strong>ex</strong></span> 
     </span>
    </p>
   </div>
   <div class='ocr_carea' id='block_1_10' title="bbox 216 396 1008 432">
    <p class='ocr_par' dir='ltr' id='par_1_10' title="bbox 216 396 1008 432">
     <span class='ocr_line' id='line_1_10' title="bbox 216 396 1008 432; baseline 0.001 -8"><span class='ocrx_word' id='word_1_50' title='bbox 216 397 278 432; x_wconf 82' lang='lat' dir='ltr'><strong>igne</strong></span> <span class='ocrx_word' id='word_1_51' title='bbox 297 401 326 424; x_wconf 84' lang='lat' dir='ltr'><strong>et</strong></span> <span class='ocrx_word' id='word_1_52' title='bbox 346 396 419 423; x_wconf 82' lang='lat' dir='ltr'><strong>ferro</strong></span> <span class='ocrx_word' id='word_1_53' title='bbox 434 397 604 432; x_wconf 88' lang='lat' dir='ltr'><strong>completur:</strong></span> <span class='ocrx_word' id='word_1_54' title='bbox 619 401 657 429; x_wconf 87' lang='lat' dir='ltr'><strong>et,</strong></span> <span class='ocrx_word' id='word_1_55' title='bbox 672 404 734 424; x_wconf 90' lang='lat' dir='ltr'><strong>cum</strong></span> <span class='ocrx_word' id='word_1_56' title='bbox 750 397 820 431; x_wconf 77' lang='lat' dir='ltr'><strong>ignis</strong></span> <span class='ocrx_word' id='word_1_57' title='bbox 837 401 911 424; x_wconf 88' lang='lat' dir='ltr'><strong>totus</strong></span> <span class='ocrx_word' id='word_1_58' title='bbox 928 397 956 424; x_wconf 92' lang='lat' dir='ltr'><strong>in</strong></span> <span class='ocrx_word' id='word_1_59' title='bbox 976 405 1008 425; x_wconf 84' lang='lat' dir='ltr'><strong>ea</strong></span> 
     </span>
    </p>
   </div>
   <div class='ocr_carea' id='block_1_11' title="bbox 217 443 1009 479">
    <p class='ocr_par' dir='ltr' id='par_1_11' title="bbox 217 443 1009 479">
     <span class='ocr_line' id='line_1_11' title="bbox 217 443 1009 479; baseline 0.003 -10"><span class='ocrx_word' id='word_1_60' title='bbox 217 443 284 471; x_wconf 88' lang='lat' dir='ltr'><strong>insit</strong></span> <span class='ocrx_word' id='word_1_61' title='bbox 313 444 418 471; x_wconf 79' lang='lat' dir='ltr'><strong>ratione</strong></span> <span class='ocrx_word' id='word_1_62' title='bbox 444 451 500 470; x_wconf 80' lang='lat' dir='ltr'><strong>suae</strong></span> <span class='ocrx_word' id='word_1_63' title='bbox 525 446 641 475; x_wconf 71' lang='lat' dir='ltr'><strong>naturrc,</strong></span> <span class='ocrx_word' id='word_1_64' title='bbox 667 451 768 478; x_wconf 75' lang='lat' dir='ltr'><strong>ergone</strong></span> <span class='ocrx_word' id='word_1_65' title='bbox 789 444 867 479; x_wconf 77' lang='lat' dir='ltr'><strong>juxta</strong></span> <span class='ocrx_word' id='word_1_66' title='bbox 887 452 937 471; x_wconf 86' lang='lat' dir='ltr'><strong>vos</strong></span> <span class='ocrx_word' id='word_1_67' title='bbox 954 444 1009 472; x_wconf 85' lang='lat' dir='ltr'><strong>diei</strong></span> 
     </span>
    </p>
   </div>
   <div class='ocr_carea' id='block_1_12' title="bbox 220 489 1008 525">
    <p class='ocr_par' dir='ltr' id='par_1_12' title="bbox 220 489 1008 525">
     <span class='ocr_line' id='line_1_12' title="bbox 220 489 1008 525; baseline 0 -8"><span class='ocrx_word' id='word_1_68' title='bbox 220 490 323 525; x_wconf 88' lang='lat' dir='ltr'><strong>poterit</strong></span> <span class='ocrx_word' id='word_1_69' title='bbox 335 490 390 525; x_wconf 80' lang='lat' dir='ltr'><strong>igni</strong></span> <span class='ocrx_word' id='word_1_70' title='bbox 407 489 510 516; x_wconf 80' lang='lat' dir='ltr'><strong>ferrum</strong></span> <span class='ocrx_word' id='word_1_71' title='bbox 525 497 585 516; x_wconf 88' lang='lat' dir='ltr'><strong>esse</strong></span> <span class='ocrx_word' id='word_1_72' title='bbox 600 489 856 517; x_wconf 83' lang='lat' dir='ltr'><strong>eousubstautiale?</strong></span> <span class='ocrx_word' id='word_1_73' title='bbox 872 490 899 517; x_wconf 88' lang='lat' dir='ltr'><strong>Si</strong></span> <span class='ocrx_word' id='word_1_74' title='bbox 916 494 1008 518; x_wconf 83' lang='lat' dir='ltr'><strong>autent</strong></span> 
     </span>
    </p>
   </div>
   <div class='ocr_carea' id='block_1_13' title="bbox 219 534 1006 569">
    <p class='ocr_par' dir='ltr' id='par_1_13' title="bbox 219 534 1006 569">
     <span class='ocr_line' id='line_1_13' title="bbox 219 534 1006 569; baseline 0.001 -7"><span class='ocrx_word' id='word_1_75' title='bbox 219 535 285 563; x_wconf 88' lang='lat' dir='ltr'><strong>illud</strong></span> <span class='ocrx_word' id='word_1_76' title='bbox 317 535 494 563; x_wconf 80' lang='lat' dir='ltr'><strong>evidentibus</strong></span> <span class='ocrx_word' id='word_1_77' title='bbox 520 535 739 562; x_wconf 85' lang='lat' dir='ltr'><strong>demonstratum</strong></span> <span class='ocrx_word' id='word_1_78' title='bbox 766 539 809 562; x_wconf 87' lang='lat' dir='ltr'><strong>est</strong></span> <span class='ocrx_word' id='word_1_79' title='bbox 833 534 1006 569; x_wconf 81' lang='lat' dir='ltr'><strong>rationibus,</strong></span> 
     </span>
    </p>
   </div>
   <div class='ocr_carea' id='block_1_14' title="bbox 215 579 1007 616">
    <p class='ocr_par' dir='ltr' id='par_1_14' title="bbox 215 579 1007 616">
     <span class='ocr_line' id='line_1_14' title="bbox 215 579 1007 616; baseline 0.001 -9"><span class='ocrx_word' id='word_1_80' title='bbox 215 581 341 616; x_wconf 84' lang='lat' dir='ltr'><strong>proinde,</strong></span> <span class='ocrx_word' id='word_1_81' title='bbox 360 588 392 607; x_wconf 77' lang='lat' dir='ltr'><strong>ex</strong></span> <span class='ocrx_word' id='word_1_82' title='bbox 409 580 534 608; x_wconf 90' lang='lat' dir='ltr'><strong>omnium</strong></span> <span class='ocrx_word' id='word_1_83' title='bbox 549 579 686 612; x_wconf 80' lang='lat' dir='ltr'><strong>confesso,</strong></span> <span class='ocrx_word' id='word_1_84' title='bbox 700 580 775 607; x_wconf 85' lang='lat' dir='ltr'><strong>aliud</strong></span> <span class='ocrx_word' id='word_1_85' title='bbox 795 584 837 607; x_wconf 91' lang='lat' dir='ltr'><strong>est</strong></span> <span class='ocrx_word' id='word_1_86' title='bbox 852 581 1007 608; x_wconf 89' lang='lat' dir='ltr'><strong>communi-</strong></span> 
     </span>
    </p>
   </div>
   <div class='ocr_carea' id='block_1_15' title="bbox 214 626 1007 662">
    <p class='ocr_par' dir='ltr' id='par_1_15' title="bbox 214 626 1007 662">
     <span class='ocr_line' id='line_1_15' title="bbox 214 626 1007 662; baseline 0 -8"><span class='ocrx_word' id='word_1_87' title='bbox 214 627 286 654; x_wconf 80' lang='lat' dir='ltr'><strong>catio</strong></span> <span class='ocrx_word' id='word_1_88' title='bbox 310 635 364 662; x_wconf 87' lang='lat' dir='ltr'><strong>qua</strong></span> <span class='ocrx_word' id='word_1_89' title='bbox 379 627 454 654; x_wconf 87' lang='lat' dir='ltr'><strong>varia</strong></span> <span class='ocrx_word' id='word_1_90' title='bbox 468 626 535 654; x_wconf 83' lang='lat' dir='ltr'><strong>ferri</strong></span> <span class='ocrx_word' id='word_1_91' title='bbox 552 626 631 662; x_wconf 76' lang='lat' dir='ltr'><strong>igniti</strong></span> <span class='ocrx_word' id='word_1_92' title='bbox 643 633 759 661; x_wconf 87' lang='lat' dir='ltr'><strong>corpora</strong></span> <span class='ocrx_word' id='word_1_93' title='bbox 778 634 872 654; x_wconf 83' lang='lat' dir='ltr'><strong>secum</strong></span> <span class='ocrx_word' id='word_1_94' title='bbox 888 627 1007 655; x_wconf 81' lang='lat' dir='ltr'><strong>invicem</strong></span> 
     </span>
    </p>
   </div>
   <div class='ocr_carea' id='block_1_16' title="bbox 215 672 1008 708">
    <p class='ocr_par' dir='ltr' id='par_1_16' title="bbox 215 672 1008 708">
     <span class='ocr_line' id='line_1_16' title="bbox 215 672 1008 708; baseline 0.001 -9"><span class='ocrx_word' id='word_1_95' title='bbox 215 681 299 700; x_wconf 88' lang='lat' dir='ltr'><strong>untun</strong></span> <span class='ocrx_word' id='word_1_96' title='bbox 331 672 454 700; x_wconf 84' lang='lat' dir='ltr'><strong>elliciunt</strong></span> <span class='ocrx_word' id='word_1_97' title='bbox 478 672 504 699; x_wconf 93' lang='lat' dir='ltr'><strong>in</strong></span> <span class='ocrx_word' id='word_1_98' title='bbox 529 672 685 708; x_wconf 80' lang='lat' dir='ltr'><strong>hypostasi,</strong></span> <span class='ocrx_word' id='word_1_99' title='bbox 712 675 740 699; x_wconf 85' lang='lat' dir='ltr'><strong>et</strong></span> <span class='ocrx_word' id='word_1_100' title='bbox 763 672 838 699; x_wconf 85' lang='lat' dir='ltr'><strong>aliud</strong></span> <span class='ocrx_word' id='word_1_101' title='bbox 862 673 927 699; x_wconf 89' lang='lat' dir='ltr'><strong>unio</strong></span> <span class='ocrx_word' id='word_1_102' title='bbox 952 680 1008 708; x_wconf 81' lang='lat' dir='ltr'><strong>qua</strong></span> 
     </span>
    </p>
   </div>
   <div class='ocr_carea' id='block_1_17' title="bbox 215 716 1004 752">
    <p class='ocr_par' dir='ltr' id='par_1_17' title="bbox 215 716 1004 752">
     <span class='ocr_line' id='line_1_17' title="bbox 215 716 1004 752; baseline -0.001 -7"><span class='ocrx_word' id='word_1_103' title='bbox 215 726 301 745; x_wconf 92' lang='lat' dir='ltr'><strong>unum</strong></span> <span class='ocrx_word' id='word_1_104' title='bbox 316 721 465 745; x_wconf 86' lang='lat' dir='ltr'><strong>censentur</strong></span> <span class='ocrx_word' id='word_1_105' title='bbox 480 725 543 744; x_wconf 90' lang='lat' dir='ltr'><strong>cum</strong></span> <span class='ocrx_word' id='word_1_106' title='bbox 559 717 600 744; x_wconf 89' lang='lat' dir='ltr'><strong>eis</strong></span> <span class='ocrx_word' id='word_1_107' title='bbox 613 717 714 751; x_wconf 87' lang='lat' dir='ltr'><strong>quibus</strong></span> <span class='ocrx_word' id='word_1_108' title='bbox 729 716 947 752; x_wconf 86' lang='lat' dir='ltr'><strong>unumquodque</strong></span> <span class='ocrx_word' id='word_1_109' title='bbox 962 721 1004 744; x_wconf 89' lang='lat' dir='ltr'><strong>est</strong></span> 
     </span>
    </p>
   </div>
   <div class='ocr_carea' id='block_1_18' title="bbox 213 763 1005 798">
    <p class='ocr_par' dir='ltr' id='par_1_18' title="bbox 213 763 1005 798">
     <span class='ocr_line' id='line_1_18' title="bbox 213 763 1005 798; baseline 0 -7"><span class='ocrx_word' id='word_1_110' title='bbox 213 763 461 791; x_wconf 83' lang='lat' dir='ltr'><strong>consubstantialis</strong></span> <span class='ocrx_word' id='word_1_111' title='bbox 485 763 512 790; x_wconf 92' lang='lat' dir='ltr'><strong>in</strong></span> <span class='ocrx_word' id='word_1_112' title='bbox 534 763 674 791; x_wconf 89' lang='lat' dir='ltr'><strong>connnuni</strong></span> <span class='ocrx_word' id='word_1_113' title='bbox 699 767 808 790; x_wconf 87' lang='lat' dir='ltr'><strong>natura.</strong></span> <span class='ocrx_word' id='word_1_114' title='bbox 835 763 905 798; x_wconf 78' lang='lat' dir='ltr'><strong>Ergo</strong></span> <span class='ocrx_word' id='word_1_115' title='bbox 930 767 1005 792; x_wconf 90' lang='lat' dir='ltr'><strong>recte</strong></span> 
     </span>
    </p>
   </div>
   <div class='ocr_carea' id='block_1_19' title="bbox 214 809 1006 840">
    <p class='ocr_par' dir='ltr' id='par_1_19' title="bbox 214 809 1006 840">
     <span class='ocr_line' id='line_1_19' title="bbox 214 809 1006 840; baseline 0.001 -3"><span class='ocrx_word' id='word_1_116' title='bbox 214 810 322 837; x_wconf 82' lang='lat' dir='ltr'><strong>dixistis</strong></span> <span class='ocrx_word' id='word_1_117' title='bbox 347 809 491 837; x_wconf 82' lang='lat' dir='ltr'><strong>Trinitatis</strong></span> <span class='ocrx_word' id='word_1_118' title='bbox 507 817 568 837; x_wconf 79' lang='lat' dir='ltr'><strong>esse</strong></span> <span class='ocrx_word' id='word_1_119' title='bbox 586 816 710 840; x_wconf 84' lang='lat' dir='ltr'><strong>carnem,</strong></span> <span class='ocrx_word' id='word_1_120' title='bbox 732 809 790 836; x_wconf 75' lang='lat' dir='ltr'><strong>haec</strong></span> <span class='ocrx_word' id='word_1_121' title='bbox 805 809 878 836; x_wconf 86' lang='lat' dir='ltr'><strong>enim</strong></span> <span class='ocrx_word' id='word_1_122' title='bbox 896 818 949 837; x_wconf 89' lang='lat' dir='ltr'><strong>una</strong></span> <span class='ocrx_word' id='word_1_123' title='bbox 965 814 1006 838; x_wconf 87' lang='lat' dir='ltr'><strong>est</strong></span> 
     </span>
    </p>
   </div>
   <div class='ocr_carea' id='block_1_20' title="bbox 1065 213 1855 252">
    <p class='ocr_par' dir='ltr' id='par_1_20' title="bbox 1065 213 1855 252">
     <span class='ocr_line' id='line_1_20' title="bbox 1065 213 1855 252; baseline 0.008 -13"><span class='ocrx_word' id='word_1_124' title='bbox 1065 222 1129 248; x_wconf 86' lang='grc' dir='ltr'>ματι</span> <span class='ocrx_word' id='word_1_125' title='bbox 1141 222 1146 228; x_wconf 91' lang='grc'><strong>·</strong></span> <span class='ocrx_word' id='word_1_126' title='bbox 1163 213 1225 240; x_wconf 71' lang='grc' dir='ltr'>ἐπεὶ</span> <span class='ocrx_word' id='word_1_127' title='bbox 1233 215 1288 249; x_wconf 80' lang='grc' dir='ltr'>γὰρ</span> <span class='ocrx_word' id='word_1_128' title='bbox 1303 215 1381 250; x_wconf 78' lang='grc' dir='ltr'>μέρει</span> <span class='ocrx_word' id='word_1_129' title='bbox 1394 215 1479 251; x_wconf 68' lang='grc' dir='ltr'>πυρὸς</span> <span class='ocrx_word' id='word_1_130' title='bbox 1494 216 1577 251; x_wconf 81' lang='grc' dir='ltr'>μέρος</span> <span class='ocrx_word' id='word_1_131' title='bbox 1588 216 1700 252; x_wconf 78' lang='grc' dir='ltr'>σιδήρου</span> <span class='ocrx_word' id='word_1_132' title='bbox 1714 219 1785 245; x_wconf 82' lang='grc' dir='ltr'>κατά</span> <span class='ocrx_word' id='word_1_133' title='bbox 1797 227 1855 245; x_wconf 79' lang='grc' dir='ltr'>τινα</span> 
     </span>
    </p>
   </div>
   <div class='ocr_carea' id='block_1_21' title="bbox 1063 259 1856 298">
    <p class='ocr_par' dir='ltr' id='par_1_21' title="bbox 1063 259 1856 298">
     <span class='ocr_line' id='line_1_21' title="bbox 1063 259 1856 298; baseline 0.009 -13"><span class='ocrx_word' id='word_1_134' title='bbox 1063 259 1213 286; x_wconf 71' lang='grc' dir='ltr'><strong>ὑπόστασιν</strong></span> <span class='ocrx_word' id='word_1_135' title='bbox 1228 260 1304 287; x_wconf 75' lang='grc' dir='ltr'><strong>τοῦδὲ</strong></span> <span class='ocrx_word' id='word_1_136' title='bbox 1318 270 1390 293; x_wconf 82' lang='grc' dir='ltr'>τινος</span> <span class='ocrx_word' id='word_1_137' title='bbox 1415 262 1462 288; x_wconf 81' lang='grc' dir='ltr'><strong>τοῦ</strong></span> <span class='ocrx_word' id='word_1_138' title='bbox 1488 262 1589 297; x_wconf 75' lang='grc' dir='ltr'>μύδρον</span> <span class='ocrx_word' id='word_1_139' title='bbox 1606 264 1758 298; x_wconf 80' lang='grc' dir='ltr'><strong>συνῆπται·</strong></span> <span class='ocrx_word' id='word_1_140' title='bbox 1772 265 1803 291; x_wconf 78' lang='grc' dir='ltr'><strong>τὸ</strong></span> <span class='ocrx_word' id='word_1_141' title='bbox 1828 266 1856 292; x_wconf 81' lang='grc' dir='ltr'><strong>δὲ</strong></span> 
     </span>
    </p>
   </div>
   <div class='ocr_carea' id='block_1_22' title="bbox 1062 301 1852 346">
    <p class='ocr_par' dir='ltr' id='par_1_22' title="bbox 1062 301 1852 346">
     <span class='ocr_line' id='line_1_22' title="bbox 1062 301 1852 346; baseline 0.009 -16"><span class='ocrx_word' id='word_1_142' title='bbox 1062 301 1132 331; x_wconf 73' lang='grc' dir='ltr'>εἶναι</span> <span class='ocrx_word' id='word_1_143' title='bbox 1147 305 1234 341; x_wconf 84' lang='grc' dir='ltr'><strong>ταύτῃ</strong></span> <span class='ocrx_word' id='word_1_144' title='bbox 1248 306 1280 332; x_wconf 80' lang='grc' dir='ltr'>ὲκ</span> <span class='ocrx_word' id='word_1_145' title='bbox 1293 307 1380 342; x_wconf 74' lang='grc' dir='ltr'>πυρός</span> <span class='ocrx_word' id='word_1_146' title='bbox 1395 315 1424 334; x_wconf 80' lang='grc' dir='ltr'><strong>τε</strong></span> <span class='ocrx_word' id='word_1_147' title='bbox 1438 307 1485 334; x_wconf 81' lang='grc' dir='ltr'><strong>τοῦ</strong></span> <span class='ocrx_word' id='word_1_148' title='bbox 1498 308 1588 335; x_wconf 75' lang='grc' dir='ltr'>κοινοῦ</span> <span class='ocrx_word' id='word_1_149' title='bbox 1604 309 1652 335; x_wconf 71' lang='grc' dir='ltr'>καὶ</span> <span class='ocrx_word' id='word_1_150' title='bbox 1661 309 1773 345; x_wconf 79' lang='grc' dir='ltr'>σιδήρου</span> <span class='ocrx_word' id='word_1_151' title='bbox 1785 310 1852 346; x_wconf 80' lang='grc' dir='ltr'><strong>πλη-</strong></span> 
     </span>
    </p>
   </div>
   <div class='ocr_carea' id='block_1_23' title="bbox 1062 349 1855 391">
    <p class='ocr_par' dir='ltr' id='par_1_23' title="bbox 1062 349 1855 391">
     <span class='ocr_line' id='line_1_23' title="bbox 1062 349 1855 391; baseline 0.009 -15"><span class='ocrx_word' id='word_1_152' title='bbox 1062 349 1158 386; x_wconf 75' lang='grc' dir='ltr'>ροῦται</span> <span class='ocrx_word' id='word_1_153' title='bbox 1174 360 1181 367; x_wconf 76' lang='grc' dir='ltr'><strong>ο</strong></span> <span class='ocrx_word' id='word_1_154' title='bbox 1198 352 1259 378; x_wconf 75' lang='grc' dir='ltr'><strong>ἐπεὶ</strong></span> <span class='ocrx_word' id='word_1_155' title='bbox 1282 353 1312 378; x_wconf 84' lang='grc' dir='ltr'><strong>τὺ</strong></span> <span class='ocrx_word' id='word_1_156' title='bbox 1333 352 1389 388; x_wconf 82' lang='grc' dir='ltr'><strong>πῦρ</strong></span> <span class='ocrx_word' id='word_1_157' title='bbox 1405 353 1466 380; x_wconf 75' lang='grc' dir='ltr'>ὅλον</span> <span class='ocrx_word' id='word_1_158' title='bbox 1491 353 1579 380; x_wconf 78' lang='grc' dir='ltr'>ἔνεστι</span> <span class='ocrx_word' id='word_1_159' title='bbox 1601 355 1672 381; x_wconf 72' lang='grc' dir='ltr'>κατὰ</span> <span class='ocrx_word' id='word_1_160' title='bbox 1691 356 1740 391; x_wconf 86' lang='grc' dir='ltr'><strong>τὴν</strong></span> <span class='ocrx_word' id='word_1_161' title='bbox 1763 355 1855 390; x_wconf 78' lang='grc' dir='ltr'>φύσιν,</span> 
     </span>
    </p>
   </div>
   <div class='ocr_carea' id='block_1_24' title="bbox 1061 396 1856 439">
    <p class='ocr_par' dir='ltr' id='par_1_24' title="bbox 1061 396 1856 439">
     <span class='ocr_line' id='line_1_24' title="bbox 1061 396 1856 439; baseline 0.009 -16"><span class='ocrx_word' id='word_1_162' title='bbox 1061 396 1193 429; x_wconf 78' lang='grc' dir='ltr'>πῶςόὑκ</span> <span class='ocrx_word' id='word_1_163' title='bbox 1223 398 1300 426; x_wconf 73' lang='grc' dir='ltr'>ἔσται</span> <span class='ocrx_word' id='word_1_164' title='bbox 1320 399 1411 433; x_wconf 79' lang='grc' dir='ltr'>λέγειν</span> <span class='ocrx_word' id='word_1_165' title='bbox 1433 401 1482 426; x_wconf 73' lang='grc' dir='ltr'>καὶ</span> <span class='ocrx_word' id='word_1_166' title='bbox 1507 400 1546 435; x_wconf 82' lang='grc' dir='ltr'><strong>τῷ</strong></span> <span class='ocrx_word' id='word_1_167' title='bbox 1574 401 1641 436; x_wconf 75' lang='grc' dir='ltr'>πυρὶ</span> <span class='ocrx_word' id='word_1_168' title='bbox 1669 402 1714 428; x_wconf 74' lang='grc' dir='ltr'><strong>τὸν</strong></span> <span class='ocrx_word' id='word_1_169' title='bbox 1748 403 1856 439; x_wconf 67' lang='grc' dir='ltr'>σίδηρον</span> 
     </span>
    </p>
   </div>
   <div class='ocr_carea' id='block_1_25' title="bbox 1060 443 1857 486">
    <p class='ocr_par' dir='ltr' id='par_1_25' title="bbox 1060 443 1857 486">
     <span class='ocr_line' id='line_1_25' title="bbox 1060 443 1857 486; baseline 0.01 -16"><span class='ocrx_word' id='word_1_170' title='bbox 1060 443 1203 478; x_wconf 80' lang='grc' dir='ltr'>ὀμοούσιον</span> <span class='ocrx_word' id='word_1_171' title='bbox 1223 445 1283 472; x_wconf 83' lang='grc' dir='ltr'>καθ’</span> <span class='ocrx_word' id='word_1_172' title='bbox 1297 446 1385 482; x_wconf 82' lang='grc' dir='ltr'><strong>ὐμᾶς;</strong></span> <span class='ocrx_word' id='word_1_173' title='bbox 1398 447 1429 473; x_wconf 82' lang='lat' dir='ltr'><strong>Ei</strong></span> <span class='ocrx_word' id='word_1_174' title='bbox 1447 447 1476 474; x_wconf 82' lang='grc' dir='ltr'><strong>δὲ</strong></span> <span class='ocrx_word' id='word_1_175' title='bbox 1496 448 1575 474; x_wconf 75' lang='grc' dir='ltr'><strong>τοῦτο</strong></span> <span class='ocrx_word' id='word_1_176' title='bbox 1591 449 1724 484; x_wconf 73' lang='grc' dir='ltr'>πρόδηλον</span> <span class='ocrx_word' id='word_1_177' title='bbox 1742 450 1800 486; x_wconf 79' lang='grc' dir='ltr'>ἔχει</span> <span class='ocrx_word' id='word_1_178' title='bbox 1813 451 1857 478; x_wconf 70' lang='grc' dir='ltr'>τὸν</span> 
     </span>
    </p>
   </div>
   <div class='ocr_carea' id='block_1_26' title="bbox 1060 491 1857 531">
    <p class='ocr_par' dir='ltr' id='par_1_26' title="bbox 1060 491 1857 531">
     <span class='ocr_line' id='line_1_26' title="bbox 1060 491 1857 531; baseline 0.011 -15"><span class='ocrx_word' id='word_1_179' title='bbox 1060 491 1181 526; x_wconf 77' lang='grc' dir='ltr'><strong>ἔλεγχον,</strong></span> <span class='ocrx_word' id='word_1_180' title='bbox 1194 491 1416 528; x_wconf 78' lang='grc' dir='ltr'>ὠμολογημένως</span> <span class='ocrx_word' id='word_1_181' title='bbox 1427 494 1490 520; x_wconf 75' lang='grc' dir='ltr'>καθ’</span> <span class='ocrx_word' id='word_1_182' title='bbox 1506 495 1604 531; x_wconf 80' lang='grc' dir='ltr'>ἑτέραν</span> <span class='ocrx_word' id='word_1_183' title='bbox 1619 497 1765 524; x_wconf 82' lang='grc' dir='ltr'>κοινωνίαν</span> <span class='ocrx_word' id='word_1_184' title='bbox 1778 498 1812 524; x_wconf 79' lang='grc' dir='ltr'>τά</span> <span class='ocrx_word' id='word_1_185' title='bbox 1827 508 1857 525; x_wconf 72' lang='grc' dir='ltr'><strong><em>τε</em></strong></span> 
     </span>
    </p>
   </div>
   <div class='ocr_carea' id='block_1_27' title="bbox 1060 534 1858 576">
    <p class='ocr_par' dir='ltr' id='par_1_27' title="bbox 1060 534 1858 576">
     <span class='ocr_line' id='line_1_27' title="bbox 1060 534 1858 576; baseline 0.01 -16"><span class='ocrx_word' id='word_1_186' title='bbox 1060 535 1089 561; x_wconf 83' lang='grc' dir='ltr'>ἐν</span> <span class='ocrx_word' id='word_1_187' title='bbox 1100 534 1139 568; x_wconf 78' lang='grc' dir='ltr'><strong>τῷ</strong></span> <span class='ocrx_word' id='word_1_188' title='bbox 1173 535 1267 571; x_wconf 83' lang='grc' dir='ltr'>μύδρῳ</span> <span class='ocrx_word' id='word_1_189' title='bbox 1291 536 1406 570; x_wconf 83' lang='grc' dir='ltr'>σώματα</span> <span class='ocrx_word' id='word_1_190' title='bbox 1430 537 1548 574; x_wconf 74' lang='grc' dir='ltr'>διάφορα</span> <span class='ocrx_word' id='word_1_191' title='bbox 1568 538 1599 565; x_wconf 80' lang='grc' dir='ltr'><strong>τὺ</strong></span> <span class='ocrx_word' id='word_1_192' title='bbox 1620 539 1650 566; x_wconf 85' lang='grc' dir='ltr'>ἓν</span> <span class='ocrx_word' id='word_1_193' title='bbox 1670 539 1740 567; x_wconf 76' lang='grc' dir='ltr'>εἶναι</span> <span class='ocrx_word' id='word_1_194' title='bbox 1765 541 1858 576; x_wconf 72' lang='grc' dir='ltr'>ἔχουσι</span> 
     </span>
    </p>
   </div>
   <div class='ocr_carea' id='block_1_28' title="bbox 1061 579 1857 619">
    <p class='ocr_par' dir='ltr' id='par_1_28' title="bbox 1061 579 1857 619">
     <span class='ocr_line' id='line_1_28' title="bbox 1061 579 1857 619; baseline 0.01 -14"><span class='ocrx_word' id='word_1_195' title='bbox 1061 579 1108 606; x_wconf 78' lang='grc' dir='ltr'>σὺν</span> <span class='ocrx_word' id='word_1_196' title='bbox 1124 579 1249 616; x_wconf 73' lang='grc' dir='ltr'><strong>ἀλλήλοις</strong></span> <span class='ocrx_word' id='word_1_197' title='bbox 1262 581 1290 607; x_wconf 79' lang='grc' dir='ltr'>ὲν</span> <span class='ocrx_word' id='word_1_198' title='bbox 1300 582 1331 616; x_wconf 79' lang='grc' dir='ltr'><strong>τῇ</strong></span> <span class='ocrx_word' id='word_1_199' title='bbox 1347 582 1495 609; x_wconf 74' lang='grc' dir='ltr'>ὑποστάσει</span> <span class='ocrx_word' id='word_1_200' title='bbox 1508 591 1513 597; x_wconf 94' lang='grc'>·</span> <span class='ocrx_word' id='word_1_201' title='bbox 1528 583 1576 610; x_wconf 77' lang='grc' dir='ltr'><strong>καὶ</strong></span> <span class='ocrx_word' id='word_1_202' title='bbox 1584 584 1647 611; x_wconf 80' lang='grc' dir='ltr'>καθ’</span> <span class='ocrx_word' id='word_1_203' title='bbox 1666 585 1764 619; x_wconf 70' lang='grc' dir='ltr'>ἑτέραν</span> <span class='ocrx_word' id='word_1_204' title='bbox 1792 587 1857 613; x_wconf 76' lang='grc' dir='ltr'><strong>ἕνω-</strong></span> 
     </span>
    </p>
   </div>
   <div class='ocr_carea' id='block_1_29' title="bbox 1061 626 1859 666">
    <p class='ocr_par' dir='ltr' id='par_1_29' title="bbox 1061 626 1859 666">
     <span class='ocr_line' id='line_1_29' title="bbox 1061 626 1859 666; baseline 0.009 -15"><span class='ocrx_word' id='word_1_205' title='bbox 1061 633 1103 652; x_wconf 87' lang='grc' dir='ltr'><strong>σιν</strong></span> <span class='ocrx_word' id='word_1_206' title='bbox 1115 627 1196 653; x_wconf 62' lang='grc' dir='ltr'>πάλιν</span> <span class='ocrx_word' id='word_1_207' title='bbox 1207 626 1236 653; x_wconf 82' lang='grc' dir='ltr'>ἓν</span> <span class='ocrx_word' id='word_1_208' title='bbox 1262 627 1363 654; x_wconf 78' lang='grc' dir='ltr'><strong>νοεῖται</strong></span> <span class='ocrx_word' id='word_1_209' title='bbox 1378 627 1439 654; x_wconf 78' lang='grc' dir='ltr'>τάδε</span> <span class='ocrx_word' id='word_1_210' title='bbox 1454 629 1502 655; x_wconf 82' lang='grc' dir='ltr'><strong>σὺν</strong></span> <span class='ocrx_word' id='word_1_211' title='bbox 1521 630 1578 662; x_wconf 81' lang='grc' dir='ltr'><strong>τοῖς</strong></span> <span class='ocrx_word' id='word_1_212' title='bbox 1594 631 1698 657; x_wconf 80' lang='grc' dir='ltr'>ἑαυτῶν</span> <span class='ocrx_word' id='word_1_213' title='bbox 1724 632 1859 666; x_wconf 68' lang='grc' dir='ltr'>ἑκάτερον</span> 
     </span>
    </p>
   </div>
   <div class='ocr_carea' id='block_1_30' title="bbox 1059 672 1858 713">
    <p class='ocr_par' dir='ltr' id='par_1_30' title="bbox 1059 672 1858 713">
     <span class='ocr_line' id='line_1_30' title="bbox 1059 672 1858 713; baseline 0.008 -15"><span class='ocrx_word' id='word_1_214' title='bbox 1059 672 1213 706; x_wconf 82' lang='grc' dir='ltr'>ὁμοουσίοις</span> <span class='ocrx_word' id='word_1_215' title='bbox 1228 673 1257 699; x_wconf 82' lang='grc' dir='ltr'>ἐν</span> <span class='ocrx_word' id='word_1_216' title='bbox 1274 675 1351 708; x_wconf 85' lang='grc' dir='ltr'>κοινῇ</span> <span class='ocrx_word' id='word_1_217' title='bbox 1373 675 1406 710; x_wconf 77' lang='grc' dir='ltr'>τῇ</span> <span class='ocrx_word' id='word_1_218' title='bbox 1422 674 1518 709; x_wconf 75' lang='grc' dir='ltr'>φύσει·</span> <span class='ocrx_word' id='word_1_219' title='bbox 1534 675 1584 710; x_wconf 76' lang='grc' dir='ltr'><strong>τῆς</strong></span> <span class='ocrx_word' id='word_1_220' title='bbox 1598 674 1645 702; x_wconf 78' lang='grc' dir='ltr'><strong>οὖν</strong></span> <span class='ocrx_word' id='word_1_221' title='bbox 1660 677 1776 712; x_wconf 68' lang='grc' dir='ltr'><strong>Τριάδος</strong></span> <span class='ocrx_word' id='word_1_222' title='bbox 1790 678 1858 713; x_wconf 72' lang='grc' dir='ltr'><strong>ἁλη-</strong></span> 
     </span>
    </p>
   </div>
   <div class='ocr_carea' id='block_1_31' title="bbox 1060 717 1859 758">
    <p class='ocr_par' dir='ltr' id='par_1_31' title="bbox 1060 717 1859 758">
     <span class='ocr_line' id='line_1_31' title="bbox 1060 717 1859 758; baseline 0.006 -14"><span class='ocrx_word' id='word_1_223' title='bbox 1060 717 1114 750; x_wconf 85' lang='grc' dir='ltr'>θῶς</span> <span class='ocrx_word' id='word_1_224' title='bbox 1126 718 1209 753; x_wconf 72' lang='grc' dir='ltr'><strong>ἔφητί</strong></span> <span class='ocrx_word' id='word_1_225' title='bbox 1219 718 1258 745; x_wconf 81' lang='grc' dir='ltr'><strong>ὅτι</strong></span> <span class='ocrx_word' id='word_1_226' title='bbox 1272 718 1329 745; x_wconf 80' lang='grc' dir='ltr'>ἔστι</span> <span class='ocrx_word' id='word_1_227' title='bbox 1345 720 1390 746; x_wconf 79' lang='grc' dir='ltr'><strong>καὶ</strong></span> <span class='ocrx_word' id='word_1_228' title='bbox 1409 720 1425 755; x_wconf 83' lang='grc' dir='ltr'><strong>ἡ</strong></span> <span class='ocrx_word' id='word_1_229' title='bbox 1441 720 1521 756; x_wconf 79' lang='grc' dir='ltr'>σάρξ·</span> <span class='ocrx_word' id='word_1_230' title='bbox 1550 722 1614 756; x_wconf 79' lang='grc' dir='ltr'><strong>μιᾶς</strong></span> <span class='ocrx_word' id='word_1_231' title='bbox 1630 721 1684 758; x_wconf 68' lang='grc' dir='ltr'><strong>γάρ</strong></span> <span class='ocrx_word' id='word_1_232' title='bbox 1702 722 1758 749; x_wconf 80' lang='grc' dir='ltr'><strong>τῶν</strong></span> <span class='ocrx_word' id='word_1_233' title='bbox 1774 724 1859 758; x_wconf 75' lang='grc' dir='ltr'>τριιῖιν</span> 
     </span>
    </p>
   </div>
   <div class='ocr_carea' id='block_1_32' title="bbox 1060 764 1858 802">
    <p class='ocr_par' dir='ltr' id='par_1_32' title="bbox 1060 764 1858 802">
     <span class='ocr_line' id='line_1_32' title="bbox 1060 764 1858 802; baseline 0.008 -12"><span class='ocrx_word' id='word_1_234' title='bbox 1060 765 1256 791; x_wconf 81' lang='grc' dir='ltr'>ὑποστάσεων·</span> <span class='ocrx_word' id='word_1_235' title='bbox 1279 764 1337 792; x_wconf 80' lang='grc' dir='ltr'>ἀλλ’</span> <span class='ocrx_word' id='word_1_236' title='bbox 1363 766 1424 801; x_wconf 79' lang='grc' dir='ltr'><strong>οὐχὶ</strong></span> <span class='ocrx_word' id='word_1_237' title='bbox 1442 766 1488 793; x_wconf 77' lang='grc' dir='ltr'><strong>καὶ</strong></span> <span class='ocrx_word' id='word_1_238' title='bbox 1512 768 1562 802; x_wconf 83' lang='grc' dir='ltr'><strong>τῆς</strong></span> <span class='ocrx_word' id='word_1_239' title='bbox 1584 768 1708 802; x_wconf 76' lang='grc' dir='ltr'><strong>μονάδος,</strong></span> <span class='ocrx_word' id='word_1_240' title='bbox 1733 766 1757 795; x_wconf 85' lang='grc' dir='ltr'>ὧ</span> <span class='ocrx_word' id='word_1_241' title='bbox 1772 767 1858 800; x_wconf 71' lang='grc' dir='ltr'>οὗτοι,</span> 
     </span>
    </p>
   </div>
   <div class='ocr_carea' id='block_1_33' title="bbox 1059 810 1860 850">
    <p class='ocr_par' dir='ltr' id='par_1_33' title="bbox 1059 810 1860 850">
     <span class='ocr_line' id='line_1_33' title="bbox 1059 810 1860 850; baseline 0.006 -13"><span class='ocrx_word' id='word_1_242' title='bbox 1059 810 1176 846; x_wconf 76' lang='grc' dir='ltr'>πρώτως</span> <span class='ocrx_word' id='word_1_243' title='bbox 1189 811 1272 846; x_wconf 74' lang='grc' dir='ltr'>ἤγουν</span> <span class='ocrx_word' id='word_1_244' title='bbox 1287 811 1380 847; x_wconf 77' lang='grc' dir='ltr'><strong>οἰκείῳ</strong></span> <span class='ocrx_word' id='word_1_245' title='bbox 1394 811 1465 847; x_wconf 85' lang='grc' dir='ltr'>λόγῳ</span> <span class='ocrx_word' id='word_1_246' title='bbox 1476 833 1483 840; x_wconf 93' lang='grc'>.</span> <span class='ocrx_word' id='word_1_247' title='bbox 1506 813 1576 840; x_wconf 76' lang='grc' dir='ltr'><strong>Ἀλλ’</strong></span> <span class='ocrx_word' id='word_1_248' title='bbox 1589 814 1606 848; x_wconf 79' lang='grc' dir='ltr'>ἡ</span> <span class='ocrx_word' id='word_1_249' title='bbox 1633 814 1717 850; x_wconf 79' lang='grc' dir='ltr'>Τριὰς</span> <span class='ocrx_word' id='word_1_250' title='bbox 1737 816 1810 842; x_wconf 81' lang='grc' dir='ltr'><strong>κατά</strong></span> <span class='ocrx_word' id='word_1_251' title='bbox 1835 825 1860 842; x_wconf 83' lang='grc' dir='ltr'>τι</span> 
     </span>
    </p>
   </div>
   <div class='ocr_carea' id='block_1_34' title="bbox 215 841 1008 893">
    <p class='ocr_par' dir='ltr' id='par_1_34' title="bbox 215 854 1005 890">
     <span class='ocr_line' id='line_1_34' title="bbox 215 854 1005 890; baseline 0.001 -8"><span class='ocrx_word' id='word_1_252' title='bbox 215 856 300 883; x_wconf 90' lang='lat' dir='ltr'><strong>trium</strong></span> <span class='ocrx_word' id='word_1_253' title='bbox 323 862 516 890; x_wconf 85' lang='lat' dir='ltr'><strong>personarum.</strong></span> <span class='ocrx_word' id='word_1_254' title='bbox 538 854 591 882; x_wconf 90' lang='lat' dir='ltr'><strong>Sed</strong></span> <span class='ocrx_word' id='word_1_255' title='bbox 610 854 686 890; x_wconf 87' lang='lat' dir='ltr'><strong>(pace</strong></span> <span class='ocrx_word' id='word_1_256' title='bbox 709 859 801 881; x_wconf 85' lang='lat' dir='ltr'><strong>vestra</strong></span> <span class='ocrx_word' id='word_1_257' title='bbox 822 854 924 889; x_wconf 87' lang='lat' dir='ltr'><strong>dicam)</strong></span> <span class='ocrx_word' id='word_1_258' title='bbox 940 863 1005 884; x_wconf 90' lang='lat' dir='ltr'><strong>caro</strong></span> 
     </span>
    </p>
   </div>
   <div class='ocr_carea' id='block_1_35' title="bbox 1063 841 1857 893">
    <p class='ocr_par' dir='ltr' id='par_1_35' title="bbox 1063 857 1857 893">
     <span class='ocr_line' id='line_1_35' title="bbox 1063 857 1857 893; baseline 0.005 -9"><span class='ocrx_word' id='word_1_259' title='bbox 1063 858 1108 884; x_wconf 73' lang='grc' dir='ltr'><strong>καὶ</strong></span> <span class='ocrx_word' id='word_1_260' title='bbox 1126 857 1211 893; x_wconf 78' lang='grc' dir='ltr'>μονάς</span> <span class='ocrx_word' id='word_1_261' title='bbox 1239 858 1325 890; x_wconf 72' lang='grc' dir='ltr'>ἐστιν,</span> <span class='ocrx_word' id='word_1_262' title='bbox 1357 858 1422 889; x_wconf 78' lang='grc' dir='ltr'><strong>ἴσως</strong></span> <span class='ocrx_word' id='word_1_263' title='bbox 1437 859 1515 893; x_wconf 81' lang='grc' dir='ltr'>φατέ.</span> <span class='ocrx_word' id='word_1_264' title='bbox 1526 859 1606 886; x_wconf 80' lang='grc' dir='ltr'>Ἀλλὰ</span> <span class='ocrx_word' id='word_1_265' title='bbox 1623 860 1683 887; x_wconf 79' lang='grc' dir='ltr'><strong>κατ’</strong></span> <span class='ocrx_word' id='word_1_266' title='bbox 1699 862 1790 887; x_wconf 81' lang='grc' dir='ltr'>ὲκεῐνο</span> <span class='ocrx_word' id='word_1_267' title='bbox 1806 862 1857 888; x_wconf 61' lang='grc' dir='ltr'><strong>οὐκ</strong></span> 
     </span>
    </p>
   </div>
   <div class='ocr_carea' id='block_1_36' title="bbox 210 900 1007 937">
    <p class='ocr_par' dir='ltr' id='par_1_36' title="bbox 210 900 1007 937">
     <span class='ocr_line' id='line_1_36' title="bbox 210 900 1007 937; baseline -0.001 -7"><span class='ocrx_word' id='word_1_268' title='bbox 210 910 268 937; x_wconf 79' lang='lat' dir='ltr'><strong>non</strong></span> <span class='ocrx_word' id='word_1_269' title='bbox 288 905 331 929; x_wconf 87' lang='lat' dir='ltr'><strong>est</strong></span> <span class='ocrx_word' id='word_1_270' title='bbox 343 901 470 928; x_wconf 84' lang='lat' dir='ltr'><strong>monadis</strong></span> <span class='ocrx_word' id='word_1_271' title='bbox 484 900 615 935; x_wconf 85' lang='lat' dir='ltr'><strong>primario</strong></span> <span class='ocrx_word' id='word_1_272' title='bbox 633 908 681 927; x_wconf 88' lang='lat' dir='ltr'><strong>seu</strong></span> <span class='ocrx_word' id='word_1_273' title='bbox 697 900 723 927; x_wconf 92' lang='lat' dir='ltr'><strong>in</strong></span> <span class='ocrx_word' id='word_1_274' title='bbox 734 900 846 934; x_wconf 91' lang='lat' dir='ltr'><strong>proprio</strong></span> <span class='ocrx_word' id='word_1_275' title='bbox 864 909 957 929; x_wconf 88' lang='lat' dir='ltr'><strong>sensu.</strong></span> <span class='ocrx_word' id='word_1_276' title='bbox 973 917 1007 924; x_wconf 85' lang='lat'><strong><em>—</em></strong></span> 
     </span>
    </p>
   </div>
   <div class='ocr_carea' id='block_1_37' title="bbox 212 947 1006 983">
    <p class='ocr_par' dir='ltr' id='par_1_37' title="bbox 212 947 1006 983">
     <span class='ocr_line' id='line_1_37' title="bbox 212 947 1006 983; baseline 0 -7"><span class='ocrx_word' id='word_1_277' title='bbox 212 949 258 982; x_wconf 87' lang='lat' dir='ltr'><strong>At,</strong></span> <span class='ocrx_word' id='word_1_278' title='bbox 279 948 371 976; x_wconf 79' lang='lat' dir='ltr'><strong>forsan</strong></span> <span class='ocrx_word' id='word_1_279' title='bbox 388 947 522 982; x_wconf 58' lang='lat' dir='ltr'><strong>inquitis:</strong></span> <span class='ocrx_word' id='word_1_280' title='bbox 538 947 659 974; x_wconf 85' lang='lat' dir='ltr'><strong>Trinitas</strong></span> <span class='ocrx_word' id='word_1_281' title='bbox 674 947 725 974; x_wconf 85' lang='lat' dir='ltr'><strong>sub</strong></span> <span class='ocrx_word' id='word_1_282' title='bbox 742 947 862 981; x_wconf 83' lang='lat' dir='ltr'><strong>quodam</strong></span> <span class='ocrx_word' id='word_1_283' title='bbox 879 952 1006 983; x_wconf 87' lang='lat' dir='ltr'><strong>respectu</strong></span> 
     </span>
    </p>
   </div>
   <div class='ocr_carea' id='block_1_38' title="bbox 1061 903 1858 941">
    <p class='ocr_par' dir='ltr' id='par_1_38' title="bbox 1061 903 1858 941">
     <span class='ocr_line' id='line_1_38' title="bbox 1061 903 1858 941; baseline 0.004 -11"><span class='ocrx_word' id='word_1_284' title='bbox 1061 903 1133 930; x_wconf 78' lang='grc' dir='ltr'>ἐστιν</span> <span class='ocrx_word' id='word_1_285' title='bbox 1148 903 1249 938; x_wconf 71' lang='grc' dir='ltr'>ὁμοίως</span> <span class='ocrx_word' id='word_1_286' title='bbox 1260 905 1292 939; x_wconf 83' lang='grc' dir='ltr'><strong>τῇ</strong></span> <span class='ocrx_word' id='word_1_287' title='bbox 1307 904 1402 939; x_wconf 74' lang='grc' dir='ltr'>Τριάδι</span> <span class='ocrx_word' id='word_1_288' title='bbox 1417 905 1464 932; x_wconf 81' lang='grc' dir='ltr'><strong>καὶ</strong></span> <span class='ocrx_word' id='word_1_289' title='bbox 1475 905 1559 940; x_wconf 78' lang='grc' dir='ltr'>μονὰς</span> <span class='ocrx_word' id='word_1_290' title='bbox 1569 907 1587 941; x_wconf 82' lang='grc' dir='ltr'><strong>ἡ</strong></span> <span class='ocrx_word' id='word_1_291' title='bbox 1603 906 1670 941; x_wconf 77' lang='grc' dir='ltr'>σὰρξ</span> <span class='ocrx_word' id='word_1_292' title='bbox 1686 907 1736 933; x_wconf 68' lang='grc' dir='ltr'>σὺν</span> <span class='ocrx_word' id='word_1_293' title='bbox 1752 907 1858 940; x_wconf 75' lang='grc' dir='ltr'><strong>αὐτοῖς,</strong></span> 
     </span>
    </p>
   </div>
   <div class='ocr_carea' id='block_1_39' title="bbox 1061 948 1270 984">
    <p class='ocr_par' dir='ltr' id='par_1_39' title="bbox 1061 948 1270 984">
     <span class='ocr_line' id='line_1_39' title="bbox 1061 948 1270 984; baseline -0.005 -7"><span class='ocrx_word' id='word_1_294' title='bbox 1061 948 1270 984; x_wconf 83' lang='grc' dir='ltr'>ἀπερίσκεπτοι.</span> 
     </span>
    </p>
   </div>
   <div class='ocr_carea' id='block_1_40' title="bbox 210 993 1862 1031">
    <p class='ocr_par' dir='ltr' id='par_1_40' title="bbox 210 993 1862 1031">
     <span class='ocr_line' id='line_1_40' title="bbox 210 993 1862 1031; baseline 0.001 -8"><span class='ocrx_word' id='word_1_295' title='bbox 210 1001 255 1023; x_wconf 82' lang='lat' dir='ltr'><strong>est</strong></span> <span class='ocrx_word' id='word_1_296' title='bbox 274 994 541 1023; x_wconf 75' lang='lat' dir='ltr'><strong>monas.——Verum</strong></span> <span class='ocrx_word' id='word_1_297' title='bbox 565 993 616 1021; x_wconf 87' lang='lat' dir='ltr'><strong>sub</strong></span> <span class='ocrx_word' id='word_1_298' title='bbox 638 993 684 1020; x_wconf 87' lang='lat' dir='ltr'><strong>illo</strong></span> <span class='ocrx_word' id='word_1_299' title='bbox 698 998 825 1028; x_wconf 83' lang='lat' dir='ltr'><strong>respectu</strong></span> <span class='ocrx_word' id='word_1_300' title='bbox 842 1002 938 1022; x_wconf 85' lang='lat' dir='ltr'><strong>monas</strong></span> <span class='ocrx_word' id='word_1_301' title='bbox 953 1003 1009 1022; x_wconf 92' lang='lat' dir='ltr'><strong>non</strong></span> <span class='ocrx_word' id='word_1_302' title='bbox 1025 1001 1069 1025; x_wconf 83' lang='lat' dir='ltr'><strong>est</strong></span> <span class='ocrx_word' id='word_1_303' title='bbox 1104 1003 1169 1023; x_wconf 87' lang='lat' dir='ltr'><strong>caro</strong></span> <span class='ocrx_word' id='word_1_304' title='bbox 1189 995 1288 1024; x_wconf 89' lang='lat' dir='ltr'><strong>eodem</strong></span> <span class='ocrx_word' id='word_1_305' title='bbox 1308 996 1391 1024; x_wconf 89' lang='lat' dir='ltr'><strong>modo</strong></span> <span class='ocrx_word' id='word_1_306' title='bbox 1404 1004 1435 1024; x_wconf 85' lang='lat' dir='ltr'><strong>ac</strong></span> <span class='ocrx_word' id='word_1_307' title='bbox 1467 996 1594 1031; x_wconf 82' lang='lat' dir='ltr'><strong>Trinitas,</strong></span> <span class='ocrx_word' id='word_1_308' title='bbox 1614 997 1684 1025; x_wconf 88' lang='lat' dir='ltr'><strong>heus</strong></span> <span class='ocrx_word' id='word_1_309' title='bbox 1700 1005 1750 1025; x_wconf 86' lang='lat' dir='ltr'><strong>vos</strong></span> <span class='ocrx_word' id='word_1_310' title='bbox 1769 998 1862 1025; x_wconf 85' lang='lat' dir='ltr'><strong>medi-</strong></span> 
     </span>
    </p>
   </div>
   <div class='ocr_carea' id='block_1_41' title="bbox 215 1040 607 1069">
    <p class='ocr_par' dir='ltr' id='par_1_41' title="bbox 215 1040 607 1069">
     <span class='ocr_line' id='line_1_41' title="bbox 215 1040 607 1069; baseline -0.005 -1"><span class='ocrx_word' id='word_1_311' title='bbox 215 1042 264 1069; x_wconf 85' lang='lat' dir='ltr'><strong>tari</strong></span> <span class='ocrx_word' id='word_1_312' title='bbox 280 1041 423 1069; x_wconf 82' lang='lat' dir='ltr'><strong>vobiscum</strong></span> <span class='ocrx_word' id='word_1_313' title='bbox 440 1040 607 1067; x_wconf 83' lang='lat' dir='ltr'><strong>nescientes.</strong></span> 
     </span>
    </p>
   </div>
   <div class='ocr_carea' id='block_1_42' title="bbox 535 1097 715 1125">
    <p class='ocr_par' dir='ltr' id='par_1_42' title="bbox 535 1097 715 1125">
     <span class='ocr_line' id='line_1_42' title="bbox 535 1097 715 1125; baseline -0.011 0"><span class='ocrx_word' id='word_1_314' title='bbox 535 1097 611 1125; x_wconf 80' lang='lat' dir='ltr'><strong>CAP.</strong></span> <span class='ocrx_word' id='word_1_315' title='bbox 640 1097 684 1124; x_wconf 73' lang='lat' dir='ltr'><strong>Vl.</strong></span> <span class='ocrx_word' id='word_1_316' title='bbox 709 1110 715 1117; x_wconf 75' lang='grc' dir='ltr'><strong>ι</strong></span> 
     </span>
    </p>
   </div>
   <div class='ocr_carea' id='block_1_43' title="bbox 249 1142 1007 1171">
    <p class='ocr_par' dir='ltr' id='par_1_43' title="bbox 249 1142 1007 1171">
     <span class='ocr_line' id='line_1_43' title="bbox 249 1142 1007 1171; baseline -0.003 0"><span class='ocrx_word' id='word_1_317' title='bbox 249 1143 279 1171; x_wconf 90' lang='lat' dir='ltr'><strong>Si</strong></span> <span class='ocrx_word' id='word_1_318' title='bbox 306 1143 352 1170; x_wconf 87' lang='lat' dir='ltr'><strong>ille</strong></span> <span class='ocrx_word' id='word_1_319' title='bbox 376 1151 445 1170; x_wconf 75' lang='lat' dir='ltr'><strong>unus</strong></span> <span class='ocrx_word' id='word_1_320' title='bbox 463 1143 495 1169; x_wconf 79' lang='lat' dir='ltr'><strong>de</strong></span> <span class='ocrx_word' id='word_1_321' title='bbox 516 1142 644 1169; x_wconf 82' lang='lat' dir='ltr'><strong>Trinitale</strong></span> <span class='ocrx_word' id='word_1_322' title='bbox 664 1150 696 1169; x_wconf 78' lang='lat' dir='ltr'><strong>ex</strong></span> <span class='ocrx_word' id='word_1_323' title='bbox 712 1142 858 1170; x_wconf 74' lang='lat' dir='ltr'><strong>divinitate</strong></span> <span class='ocrx_word' id='word_1_324' title='bbox 876 1146 904 1170; x_wconf 83' lang='lat' dir='ltr'><strong>et</strong></span> <span class='ocrx_word' id='word_1_325' title='bbox 923 1149 1007 1170; x_wconf 88' lang='lat' dir='ltr'><strong>carne</strong></span> 
     </span>
    </p>
   </div>
   <div class='ocr_carea' id='block_1_44' title="bbox 212 1188 1005 1225">
    <p class='ocr_par' dir='ltr' id='par_1_44' title="bbox 212 1188 1005 1225">
     <span class='ocr_line' id='line_1_44' title="bbox 212 1188 1005 1225; baseline -0.003 -7"><span class='ocrx_word' id='word_1_326' title='bbox 212 1191 398 1225; x_wconf 85' lang='lat' dir='ltr'><strong>compleatur,</strong></span> <span class='ocrx_word' id='word_1_327' title='bbox 415 1188 595 1224; x_wconf 87' lang='lat' dir='ltr'><strong>impassibilis</strong></span> <span class='ocrx_word' id='word_1_328' title='bbox 607 1196 672 1216; x_wconf 85' lang='lat' dir='ltr'><strong>vero</strong></span> <span class='ocrx_word' id='word_1_329' title='bbox 685 1188 807 1216; x_wconf 84' lang='lat' dir='ltr'><strong>Trinitas</strong></span> <span class='ocrx_word' id='word_1_330' title='bbox 830 1193 1005 1224; x_wconf 79' lang='lat' dir='ltr'><strong>agnoscatur,</strong></span> 
     </span>
    </p>
   </div>
   <div class='ocr_carea' id='block_1_45' title="bbox 213 1233 1008 1272">
    <p class='ocr_par' dir='ltr' id='par_1_45' title="bbox 213 1233 1008 1272">
     <span class='ocr_line' id='line_1_45' title="bbox 213 1233 1008 1272; baseline -0.004 -9"><span class='ocrx_word' id='word_1_331' title='bbox 213 1235 353 1272; x_wconf 88' lang='lat' dir='ltr'><strong>quomodo</strong></span> <span class='ocrx_word' id='word_1_332' title='bbox 367 1243 423 1262; x_wconf 92' lang='lat' dir='ltr'><strong>non</strong></span> <span class='ocrx_word' id='word_1_333' title='bbox 437 1235 490 1262; x_wconf 91' lang='lat' dir='ltr'><strong>erit</strong></span> <span class='ocrx_word' id='word_1_334' title='bbox 507 1233 696 1269; x_wconf 85' lang='lat' dir='ltr'><strong>impassibilis,</strong></span> <span class='ocrx_word' id='word_1_335' title='bbox 716 1241 779 1261; x_wconf 91' lang='lat' dir='ltr'><strong>cum</strong></span> <span class='ocrx_word' id='word_1_336' title='bbox 795 1233 936 1266; x_wconf 83' lang='lat' dir='ltr'><strong>divinitas,</strong></span> <span class='ocrx_word' id='word_1_337' title='bbox 950 1237 1008 1260; x_wconf 91' lang='lat' dir='ltr'><strong>tum</strong></span> 
     </span>
    </p>
   </div>
   <div class='ocr_carea' id='block_1_46' title="bbox 213 1279 1009 1315">
    <p class='ocr_par' dir='ltr' id='par_1_46' title="bbox 213 1279 1009 1315">
     <span class='ocr_line' id='line_1_46' title="bbox 213 1279 1009 1315; baseline -0.004 -6"><span class='ocrx_word' id='word_1_338' title='bbox 213 1282 302 1309; x_wconf 81' lang='lat' dir='ltr'><strong>caro?</strong></span> <span class='ocrx_word' id='word_1_339' title='bbox 317 1281 345 1309; x_wconf 89' lang='lat' dir='ltr'><strong>Si</strong></span> <span class='ocrx_word' id='word_1_340' title='bbox 362 1285 456 1308; x_wconf 84' lang='lat' dir='ltr'><strong>autem</strong></span> <span class='ocrx_word' id='word_1_341' title='bbox 473 1279 653 1315; x_wconf 83' lang='lat' dir='ltr'><strong>impassibilis</strong></span> <span class='ocrx_word' id='word_1_342' title='bbox 673 1284 789 1314; x_wconf 84' lang='lat' dir='ltr'><strong>utraque</strong></span> <span class='ocrx_word' id='word_1_343' title='bbox 805 1280 852 1312; x_wconf 90' lang='lat' dir='ltr'><strong>sit,</strong></span> <span class='ocrx_word' id='word_1_344' title='bbox 860 1279 930 1314; x_wconf 90' lang='lat' dir='ltr'><strong>-quis</strong></span> <span class='ocrx_word' id='word_1_345' title='bbox 944 1287 1009 1314; x_wconf 85' lang='lat' dir='ltr'><strong>pas-</strong></span> 
     </span>
    </p>
   </div>
   <div class='ocr_carea' id='block_1_47' title="bbox 213 1325 1009 1362">
    <p class='ocr_par' dir='ltr' id='par_1_47' title="bbox 213 1325 1009 1362">
     <span class='ocr_line' id='line_1_47' title="bbox 213 1325 1009 1362; baseline -0.004 -7"><span class='ocrx_word' id='word_1_346' title='bbox 213 1335 261 1355; x_wconf 84' lang='lat' dir='ltr'><strong>sus</strong></span> <span class='ocrx_word' id='word_1_347' title='bbox 287 1331 330 1355; x_wconf 88' lang='lat' dir='ltr'><strong>est</strong></span> <span class='ocrx_word' id='word_1_348' title='bbox 350 1335 401 1362; x_wconf 92' lang='lat' dir='ltr'><strong>pro</strong></span> <span class='ocrx_word' id='word_1_349' title='bbox 423 1327 527 1354; x_wconf 82' lang='lat' dir='ltr'><strong>nobis?</strong></span> <span class='ocrx_word' id='word_1_350' title='bbox 546 1326 613 1361; x_wconf 89' lang='lat' dir='ltr'><strong>quid</strong></span> <span class='ocrx_word' id='word_1_351' title='bbox 630 1325 776 1353; x_wconf 89' lang='lat' dir='ltr'><strong>dicebatur</strong></span> <span class='ocrx_word' id='word_1_352' title='bbox 795 1325 924 1360; x_wconf 84' lang='lat' dir='ltr'><strong>passibile</strong></span> <span class='ocrx_word' id='word_1_353' title='bbox 944 1330 1009 1353; x_wconf 87' lang='lat' dir='ltr'><strong>ante</strong></span> 
     </span>
    </p>
   </div>
   <div class='ocr_carea' id='block_1_48' title="bbox 215 1371 1010 1402">
    <p class='ocr_par' dir='ltr' id='par_1_48' title="bbox 215 1371 1010 1402">
     <span class='ocr_line' id='line_1_48' title="bbox 215 1371 1010 1402; baseline -0.005 0"><span class='ocrx_word' id='word_1_354' title='bbox 215 1374 472 1402; x_wconf 80' lang='lat' dir='ltr'><strong>resurrectionem?</strong></span> <span class='ocrx_word' id='word_1_355' title='bbox 497 1373 585 1400; x_wconf 89' lang='lat' dir='ltr'><strong>Nemo</strong></span> <span class='ocrx_word' id='word_1_356' title='bbox 612 1371 690 1399; x_wconf 77' lang='lat' dir='ltr'><strong>vobis</strong></span> <span class='ocrx_word' id='word_1_357' title='bbox 717 1371 835 1399; x_wconf 88' lang='lat' dir='ltr'><strong>asseruit</strong></span> <span class='ocrx_word' id='word_1_358' title='bbox 861 1379 948 1398; x_wconf 90' lang='lat' dir='ltr'><strong>unum</strong></span> <span class='ocrx_word' id='word_1_359' title='bbox 975 1371 1010 1398; x_wconf 87' lang='lat' dir='ltr'><strong>de</strong></span> 
     </span>
    </p>
   </div>
   <div class='ocr_carea' id='block_1_49' title="bbox 214 1416 1011 1452">
    <p class='ocr_par' dir='ltr' id='par_1_49' title="bbox 214 1416 1011 1452">
     <span class='ocr_line' id='line_1_49' title="bbox 214 1416 1011 1452; baseline -0.004 -6"><span class='ocrx_word' id='word_1_360' title='bbox 214 1418 351 1446; x_wconf 84' lang='lat' dir='ltr'><strong>‘l‘rinitate</strong></span> <span class='ocrx_word' id='word_1_361' title='bbox 377 1426 411 1445; x_wconf 80' lang='lat' dir='ltr'><strong>ex</strong></span> <span class='ocrx_word' id='word_1_362' title='bbox 435 1418 582 1444; x_wconf 80' lang='lat' dir='ltr'><strong>divinitate</strong></span> <span class='ocrx_word' id='word_1_363' title='bbox 605 1421 634 1444; x_wconf 89' lang='lat' dir='ltr'><strong>ct</strong></span> <span class='ocrx_word' id='word_1_364' title='bbox 657 1424 740 1444; x_wconf 87' lang='lat' dir='ltr'><strong>carne</strong></span> <span class='ocrx_word' id='word_1_365' title='bbox 773 1416 908 1452; x_wconf 88' lang='lat' dir='ltr'><strong>compleri</strong></span> <span class='ocrx_word' id='word_1_366' title='bbox 932 1417 1011 1451; x_wconf 82' lang='lat' dir='ltr'><strong>juxta</strong></span> 
     </span>
    </p>
   </div>
   <div class='ocr_carea' id='block_1_50' title="bbox 1363 1096 1553 1130">
    <p class='ocr_par' dir='ltr' id='par_1_50' title="bbox 1363 1096 1553 1130">
     <span class='ocr_line' id='line_1_50' title="bbox 1363 1096 1553 1130; baseline 0.005 -8"><span class='ocrx_word' id='word_1_367' title='bbox 1363 1096 1491 1123; x_wconf 81' lang='grc' dir='ltr'>ΚΕΦΛΛ.</span> <span class='ocrx_word' id='word_1_368' title='bbox 1509 1097 1553 1130; x_wconf 74' lang='grc' dir='ltr'><strong>ς’.</strong></span> 
     </span>
    </p>
   </div>
   <div class='ocr_carea' id='block_1_51' title="bbox 1098 1140 1861 1180">
    <p class='ocr_par' dir='ltr' id='par_1_51' title="bbox 1098 1140 1861 1180">
     <span class='ocr_line' id='line_1_51' title="bbox 1098 1140 1861 1180; baseline 0.005 -12"><span class='ocrx_word' id='word_1_369' title='bbox 1098 1142 1130 1168; x_wconf 85' lang='lat' dir='ltr'><strong>El</strong></span> <span class='ocrx_word' id='word_1_370' title='bbox 1155 1142 1186 1168; x_wconf 77' lang='grc' dir='ltr'><strong>τὸ</strong></span> <span class='ocrx_word' id='word_1_371' title='bbox 1205 1140 1249 1175; x_wconf 87' lang='grc' dir='ltr'><strong>εἷς</strong></span> <span class='ocrx_word' id='word_1_372' title='bbox 1270 1141 1326 1176; x_wconf 62' lang='grc' dir='ltr'><strong>τῆξ</strong></span> <span class='ocrx_word' id='word_1_373' title='bbox 1345 1141 1466 1176; x_wconf 80' lang='grc' dir='ltr'><strong>Τριὰὃος</strong></span> <span class='ocrx_word' id='word_1_374' title='bbox 1491 1142 1523 1169; x_wconf 80' lang='grc' dir='ltr'><strong>ἐκ</strong></span> <span class='ocrx_word' id='word_1_375' title='bbox 1545 1142 1671 1178; x_wconf 78' lang='grc' dir='ltr'><strong>θεότητος</strong></span> <span class='ocrx_word' id='word_1_376' title='bbox 1692 1144 1740 1171; x_wconf 74' lang='grc' dir='ltr'><strong>καὶ</strong></span> <span class='ocrx_word' id='word_1_377' title='bbox 1757 1147 1861 1180; x_wconf 48' lang='lat' dir='ltr'><strong>supra;</strong></span> 
     </span>
    </p>
   </div>
   <div class='ocr_carea' id='block_1_52' title="bbox 1062 1187 1862 1223">
    <p class='ocr_par' dir='ltr' id='par_1_52' title="bbox 1062 1187 1862 1223">
     <span class='ocr_line' id='line_1_52' title="bbox 1062 1187 1862 1223; baseline 0.004 -9"><span class='ocrx_word' id='word_1_378' title='bbox 1062 1187 1284 1223; x_wconf 66' lang='grc' dir='ltr'>ἀναπληροῦταυ</span> <span class='ocrx_word' id='word_1_379' title='bbox 1303 1187 1413 1222; x_wconf 81' lang='grc' dir='ltr'><strong>ἀπαθὴς</strong></span> <span class='ocrx_word' id='word_1_380' title='bbox 1427 1187 1456 1214; x_wconf 75' lang='grc' dir='ltr'><strong>δὲ</strong></span> <span class='ocrx_word' id='word_1_381' title='bbox 1470 1188 1487 1222; x_wconf 81' lang='grc' dir='ltr'>ἡ</span> <span class='ocrx_word' id='word_1_382' title='bbox 1500 1187 1586 1222; x_wconf 78' lang='grc' dir='ltr'>Τριὰς</span> <span class='ocrx_word' id='word_1_383' title='bbox 1599 1188 1788 1223; x_wconf 70' lang='grc' dir='ltr'><strong>ὡμολόγηται,</strong></span> <span class='ocrx_word' id='word_1_384' title='bbox 1802 1191 1862 1222; x_wconf 79' lang='grc' dir='ltr'><strong>πῶς</strong></span> 
     </span>
    </p>
   </div>
   <div class='ocr_carea' id='block_1_53' title="bbox 1061 1232 1861 1269">
    <p class='ocr_par' dir='ltr' id='par_1_53' title="bbox 1061 1232 1861 1269">
     <span class='ocr_line' id='line_1_53' title="bbox 1061 1232 1861 1269; baseline 0.004 -10"><span class='ocrx_word' id='word_1_385' title='bbox 1061 1233 1112 1260; x_wconf 84' lang='grc' dir='ltr'><strong>οὐκ</strong></span> <span class='ocrx_word' id='word_1_386' title='bbox 1128 1232 1205 1259; x_wconf 79' lang='grc' dir='ltr'>ἔσται</span> <span class='ocrx_word' id='word_1_387' title='bbox 1232 1232 1341 1268; x_wconf 80' lang='grc' dir='ltr'>ἀπαθὴς</span> <span class='ocrx_word' id='word_1_388' title='bbox 1362 1234 1379 1268; x_wconf 77' lang='grc' dir='ltr'><strong>ἡ</strong></span> <span class='ocrx_word' id='word_1_389' title='bbox 1396 1232 1492 1268; x_wconf 79' lang='grc' dir='ltr'>θεότης</span> <span class='ocrx_word' id='word_1_390' title='bbox 1509 1233 1556 1260; x_wconf 62' lang='lat' dir='ltr'><strong>aut</strong></span> <span class='ocrx_word' id='word_1_391' title='bbox 1572 1233 1685 1269; x_wconf 80' lang='grc' dir='ltr'>ἡσάρξ;</span> <span class='ocrx_word' id='word_1_392' title='bbox 1700 1235 1725 1261; x_wconf 85' lang='grc' dir='ltr'>εί</span> <span class='ocrx_word' id='word_1_393' title='bbox 1739 1235 1768 1262; x_wconf 77' lang='grc' dir='ltr'><strong>δὲ</strong></span> <span class='ocrx_word' id='word_1_394' title='bbox 1786 1236 1861 1264; x_wconf 78' lang='grc' dir='ltr'><strong>ἁπα-</strong></span> 
     </span>
    </p>
   </div>
   <div class='ocr_carea' id='block_1_54' title="bbox 1061 1278 1861 1317">
    <p class='ocr_par' dir='ltr' id='par_1_54' title="bbox 1061 1278 1861 1317">
     <span class='ocr_line' id='line_1_54' title="bbox 1061 1278 1861 1317; baseline 0.004 -12"><span class='ocrx_word' id='word_1_395' title='bbox 1061 1278 1120 1315; x_wconf 75' lang='grc' dir='ltr'>θὴς,</span> <span class='ocrx_word' id='word_1_396' title='bbox 1147 1279 1188 1311; x_wconf 85' lang='grc' dir='ltr'><strong>τίς</strong></span> <span class='ocrx_word' id='word_1_397' title='bbox 1208 1280 1222 1307; x_wconf 80' lang='grc' dir='ltr'>ὁ</span> <span class='ocrx_word' id='word_1_398' title='bbox 1237 1279 1332 1306; x_wconf 87' lang='grc' dir='ltr'>παθὼν</span> <span class='ocrx_word' id='word_1_399' title='bbox 1347 1279 1419 1314; x_wconf 80' lang='grc' dir='ltr'><strong>ὑπὲρ</strong></span> <span class='ocrx_word' id='word_1_400' title='bbox 1436 1279 1532 1314; x_wconf 84' lang='grc' dir='ltr'><strong>ἡμῶν;</strong></span> <span class='ocrx_word' id='word_1_401' title='bbox 1549 1281 1596 1306; x_wconf 73' lang='grc' dir='ltr'>καὶ</span> <span class='ocrx_word' id='word_1_402' title='bbox 1613 1281 1638 1306; x_wconf 87' lang='grc' dir='ltr'>τί</span> <span class='ocrx_word' id='word_1_403' title='bbox 1653 1281 1683 1307; x_wconf 79' lang='grc' dir='ltr'><strong>τὺ</strong></span> <span class='ocrx_word' id='word_1_404' title='bbox 1709 1281 1861 1317; x_wconf 79' lang='grc' dir='ltr'>λεγόμενον</span> 
     </span>
    </p>
   </div>
   <div class='ocr_carea' id='block_1_55' title="bbox 1060 1325 1862 1363">
    <p class='ocr_par' dir='ltr' id='par_1_55' title="bbox 1060 1325 1862 1363">
     <span class='ocr_line' id='line_1_55' title="bbox 1060 1325 1862 1363; baseline 0.004 -12"><span class='ocrx_word' id='word_1_405' title='bbox 1060 1325 1184 1360; x_wconf 76' lang='grc' dir='ltr'>παθητὸν</span> <span class='ocrx_word' id='word_1_406' title='bbox 1207 1325 1260 1360; x_wconf 78' lang='grc' dir='ltr'><strong>πρὸ</strong></span> <span class='ocrx_word' id='word_1_407' title='bbox 1284 1325 1336 1360; x_wconf 75' lang='grc' dir='ltr'><strong>τῆς</strong></span> <span class='ocrx_word' id='word_1_408' title='bbox 1368 1326 1561 1358; x_wconf 81' lang='grc' dir='ltr'>ἀναστάσεως;</span> <span class='ocrx_word' id='word_1_409' title='bbox 1579 1326 1648 1352; x_wconf 78' lang='grc' dir='ltr'><strong>Ἀλλ’</strong></span> <span class='ocrx_word' id='word_1_410' title='bbox 1675 1326 1765 1358; x_wconf 76' lang='grc' dir='ltr'><strong>οὐδεὶς</strong></span> <span class='ocrx_word' id='word_1_411' title='bbox 1796 1328 1862 1363; x_wconf 81' lang='grc' dir='ltr'>ὑμῖν</span> 
     </span>
    </p>
   </div>
   <div class='ocr_carea' id='block_1_56' title="bbox 1061 1370 1863 1409">
    <p class='ocr_par' dir='ltr' id='par_1_56' title="bbox 1061 1370 1863 1409">
     <span class='ocr_line' id='line_1_56' title="bbox 1061 1370 1863 1409; baseline 0.001 -11"><span class='ocrx_word' id='word_1_412' title='bbox 1061 1370 1284 1407; x_wconf 73' lang='grc' dir='ltr'><strong>ἀναπληροῦσθαι</strong></span> <span class='ocrx_word' id='word_1_413' title='bbox 1293 1371 1325 1398; x_wconf 79' lang='grc' dir='ltr'>ἐκ</span> <span class='ocrx_word' id='word_1_414' title='bbox 1340 1370 1468 1405; x_wconf 81' lang='grc' dir='ltr'><strong>θεότητος</strong></span> <span class='ocrx_word' id='word_1_415' title='bbox 1479 1371 1526 1397; x_wconf 76' lang='grc' dir='ltr'><strong>καὶ</strong></span> <span class='ocrx_word' id='word_1_416' title='bbox 1538 1371 1638 1406; x_wconf 77' lang='grc' dir='ltr'>σαρκὸς</span> <span class='ocrx_word' id='word_1_417' title='bbox 1650 1373 1721 1398; x_wconf 82' lang='grc' dir='ltr'><strong>κατὰ</strong></span> <span class='ocrx_word' id='word_1_418' title='bbox 1728 1373 1779 1407; x_wconf 72' lang='grc' dir='ltr'><strong>τὴν</strong></span> <span class='ocrx_word' id='word_1_419' title='bbox 1792 1373 1863 1409; x_wconf 73' lang='grc' dir='ltr'>ὑμε-</span> 
     </span>
    </p>
   </div>
   <div class='ocr_carea' id='block_1_57' title="bbox 1060 1416 1864 1453">
    <p class='ocr_par' dir='ltr' id='par_1_57' title="bbox 1060 1416 1864 1453">
     <span class='ocr_line' id='line_1_57' title="bbox 1060 1416 1864 1453; baseline 0.001 -10"><span class='ocrx_word' id='word_1_420' title='bbox 1060 1417 1143 1452; x_wconf 80' lang='grc' dir='ltr'>τέραν</span> <span class='ocrx_word' id='word_1_421' title='bbox 1157 1417 1271 1452; x_wconf 74' lang='grc' dir='ltr'>ἔκληψιν</span> <span class='ocrx_word' id='word_1_422' title='bbox 1285 1417 1386 1444; x_wconf 75' lang='grc' dir='ltr'>δέδωκε</span> <span class='ocrx_word' id='word_1_423' title='bbox 1398 1416 1444 1443; x_wconf 78' lang='grc' dir='ltr'><strong>τὸν</strong></span> <span class='ocrx_word' id='word_1_424' title='bbox 1460 1417 1507 1443; x_wconf 77' lang='grc' dir='ltr'>ἕνα</span> <span class='ocrx_word' id='word_1_425' title='bbox 1525 1417 1575 1452; x_wconf 82' lang='grc' dir='ltr'><strong>τῆς</strong></span> <span class='ocrx_word' id='word_1_426' title='bbox 1587 1417 1701 1453; x_wconf 81' lang='grc' dir='ltr'>Τριάδος</span> <span class='ocrx_word' id='word_1_427' title='bbox 1711 1426 1717 1434; x_wconf 90' lang='grc'>·</span> <span class='ocrx_word' id='word_1_428' title='bbox 1731 1418 1795 1445; x_wconf 77' lang='grc' dir='ltr'><strong>οὐδὲ</strong></span> <span class='ocrx_word' id='word_1_429' title='bbox 1807 1418 1864 1453; x_wconf 65' lang='grc' dir='ltr'><strong>γὰρ</strong></span> 
     </span>
    </p>
   </div>
   <div class='ocr_carea' id='block_1_58' title="bbox 215 1462 1008 1500">
    <p class='ocr_par' dir='ltr' id='par_1_58' title="bbox 215 1463 1008 1498">
     <span class='ocr_line' id='line_1_58' title="bbox 215 1463 1008 1498; baseline -0.001 -6"><span class='ocrx_word' id='word_1_430' title='bbox 215 1469 334 1492; x_wconf 82' lang='lat' dir='ltr'><strong>vestram</strong></span> <span class='ocrx_word' id='word_1_431' title='bbox 352 1463 622 1498; x_wconf 77' lang='lat' dir='ltr'><strong>interpretationem.</strong></span> <span class='ocrx_word' id='word_1_432' title='bbox 646 1463 742 1498; x_wconf 86' lang='lat' dir='ltr'><strong>Neque</strong></span> <span class='ocrx_word' id='word_1_433' title='bbox 764 1463 840 1490; x_wconf 92' lang='lat' dir='ltr'><strong>cnim</strong></span> <span class='ocrx_word' id='word_1_434' title='bbox 865 1463 1008 1491; x_wconf 86' lang='lat' dir='ltr'><strong>divinitate</strong></span> 
     </span>
    </p>
   </div>
   <div class='ocr_carea' id='block_1_59' title="bbox 1063 1462 1864 1500">
    <p class='ocr_par' dir='ltr' id='par_1_59' title="bbox 1063 1462 1864 1500">
     <span class='ocr_line' id='line_1_59' title="bbox 1063 1462 1864 1500; baseline 0.002 -11"><span class='ocrx_word' id='word_1_435' title='bbox 1063 1463 1098 1494; x_wconf 80' lang='grc' dir='ltr'><strong>ὡς</strong></span> <span class='ocrx_word' id='word_1_436' title='bbox 1116 1462 1242 1494; x_wconf 57' lang='lat' dir='ltr'><strong>mima;</strong></span> <span class='ocrx_word' id='word_1_437' title='bbox 1259 1463 1336 1494; x_wconf 81' lang='grc' dir='ltr'>όντος</span> <span class='ocrx_word' id='word_1_438' title='bbox 1358 1462 1405 1489; x_wconf 83' lang='grc' dir='ltr'><strong>τοῦ</strong></span> <span class='ocrx_word' id='word_1_439' title='bbox 1430 1462 1520 1497; x_wconf 80' lang='grc' dir='ltr'>Λόγου</span> <span class='ocrx_word' id='word_1_440' title='bbox 1541 1463 1591 1498; x_wconf 81' lang='grc' dir='ltr'><strong>τῆς</strong></span> <span class='ocrx_word' id='word_1_441' title='bbox 1624 1463 1753 1499; x_wconf 79' lang='grc' dir='ltr'><strong>θεότητος</strong></span> <span class='ocrx_word' id='word_1_442' title='bbox 1777 1465 1808 1491; x_wconf 83' lang='grc' dir='ltr'>ἐν</span> <span class='ocrx_word' id='word_1_443' title='bbox 1823 1465 1864 1500; x_wconf 77' lang='grc' dir='ltr'><strong>τῷ</strong></span> 
     </span>
    </p>
   </div>
   <div class='ocr_carea' id='block_1_60' title="bbox 213 1509 1008 1542">
    <p class='ocr_par' dir='ltr' id='par_1_60' title="bbox 213 1509 1008 1542">
     <span class='ocr_line' id='line_1_60' title="bbox 213 1509 1008 1542; baseline -0.001 -5"><span class='ocrx_word' id='word_1_444' title='bbox 213 1510 326 1538; x_wconf 85' lang='lat' dir='ltr'><strong>carebat</strong></span> <span class='ocrx_word' id='word_1_445' title='bbox 341 1509 464 1537; x_wconf 87' lang='lat' dir='ltr'><strong>Verbum</strong></span> <span class='ocrx_word' id='word_1_446' title='bbox 477 1509 506 1535; x_wconf 93' lang='lat' dir='ltr'><strong>in</strong></span> <span class='ocrx_word' id='word_1_447' title='bbox 518 1509 600 1542; x_wconf 86' lang='lat' dir='ltr'><strong>Filio,</strong></span> <span class='ocrx_word' id='word_1_448' title='bbox 617 1509 734 1541; x_wconf 83' lang='lat' dir='ltr'><strong>ratione,</strong></span> <span class='ocrx_word' id='word_1_449' title='bbox 749 1513 806 1535; x_wconf 92' lang='lat' dir='ltr'><strong>tum</strong></span> <span class='ocrx_word' id='word_1_450' title='bbox 820 1512 935 1541; x_wconf 54' lang='lat' dir='ltr'><strong>natura,</strong></span> <span class='ocrx_word' id='word_1_451' title='bbox 949 1512 1008 1536; x_wconf 85' lang='lat' dir='ltr'><strong>tum</strong></span> 
     </span>
    </p>
   </div>
   <div class='ocr_carea' id='block_1_61' title="bbox 217 1552 1008 1590">
    <p class='ocr_par' dir='ltr' id='par_1_61' title="bbox 217 1552 1008 1590">
     <span class='ocr_line' id='line_1_61' title="bbox 217 1552 1008 1590; baseline -0.003 -9"><span class='ocrx_word' id='word_1_452' title='bbox 217 1556 405 1590; x_wconf 82' lang='lat' dir='ltr'><strong>hypostaseos,</strong></span> <span class='ocrx_word' id='word_1_453' title='bbox 422 1561 513 1588; x_wconf 85' lang='lat' dir='ltr'><strong>neque</strong></span> <span class='ocrx_word' id='word_1_454' title='bbox 530 1553 685 1588; x_wconf 84' lang='lat' dir='ltr'><strong>respective</strong></span> <span class='ocrx_word' id='word_1_455' title='bbox 706 1553 738 1580; x_wconf 91' lang='lat' dir='ltr'><strong>ad</strong></span> <span class='ocrx_word' id='word_1_456' title='bbox 761 1552 923 1580; x_wconf 89' lang='lat' dir='ltr'><strong>Trinitatem</strong></span> <span class='ocrx_word' id='word_1_457' title='bbox 944 1561 1008 1587; x_wconf 90' lang='lat' dir='ltr'><strong>pcr-</strong></span> 
     </span>
    </p>
   </div>
   <div class='ocr_carea' id='block_1_62' title="bbox 215 1598 1007 1633">
    <p class='ocr_par' dir='ltr' id='par_1_62' title="bbox 215 1598 1007 1633">
     <span class='ocr_line' id='line_1_62' title="bbox 215 1598 1007 1633; baseline -0.003 -6"><span class='ocrx_word' id='word_1_458' title='bbox 215 1607 346 1627; x_wconf 86' lang='lat' dir='ltr'><strong>sonarum</strong></span> <span class='ocrx_word' id='word_1_459' title='bbox 374 1599 417 1626; x_wconf 79' lang='lat' dir='ltr'><strong>Vel</strong></span> <span class='ocrx_word' id='word_1_460' title='bbox 445 1599 478 1626; x_wconf 88' lang='lat' dir='ltr'><strong>ad</strong></span> <span class='ocrx_word' id='word_1_461' title='bbox 510 1599 644 1627; x_wconf 84' lang='lat' dir='ltr'><strong>unitatem</strong></span> <span class='ocrx_word' id='word_1_462' title='bbox 674 1603 781 1625; x_wconf 77' lang='lat' dir='ltr'><strong>natura:</strong></span> <span class='ocrx_word' id='word_1_463' title='bbox 811 1598 1007 1633; x_wconf 89' lang='lat' dir='ltr'><strong>iucompletum</strong></span> 
     </span>
    </p>
   </div>
   <div class='ocr_carea' id='block_1_63' title="bbox 215 1644 1006 1680">
    <p class='ocr_par' dir='ltr' id='par_1_63' title="bbox 215 1644 1006 1680">
     <span class='ocr_line' id='line_1_63' title="bbox 215 1644 1006 1680; baseline -0.003 -7"><span class='ocrx_word' id='word_1_464' title='bbox 215 1651 276 1673; x_wconf 88' lang='lat' dir='ltr'><strong>erat</strong></span> <span class='ocrx_word' id='word_1_465' title='bbox 302 1645 423 1674; x_wconf 77' lang='lat' dir='ltr'><strong>Verbum</strong></span> <span class='ocrx_word' id='word_1_466' title='bbox 447 1645 475 1672; x_wconf 92' lang='lat' dir='ltr'><strong>in</strong></span> <span class='ocrx_word' id='word_1_467' title='bbox 492 1645 584 1680; x_wconf 86' lang='lat' dir='ltr'><strong>seipso</strong></span> <span class='ocrx_word' id='word_1_468' title='bbox 604 1645 664 1672; x_wconf 87' lang='lat' dir='ltr'><strong>sine</strong></span> <span class='ocrx_word' id='word_1_469' title='bbox 682 1652 765 1671; x_wconf 89' lang='lat' dir='ltr'><strong>carne</strong></span> <span class='ocrx_word' id='word_1_470' title='bbox 789 1644 1006 1678; x_wconf 81' lang='lat' dir='ltr'><strong>consideratum,</strong></span> 
     </span>
    </p>
   </div>
   <div class='ocr_carea' id='block_1_64' title="bbox 216 1688 1009 1726">
    <p class='ocr_par' dir='ltr' id='par_1_64' title="bbox 216 1688 1009 1726">
     <span class='ocr_line' id='line_1_64' title="bbox 216 1688 1009 1726; baseline -0.004 -7"><span class='ocrx_word' id='word_1_471' title='bbox 216 1696 363 1726; x_wconf 84' lang='lat' dir='ltr'><strong>antequam</strong></span> <span class='ocrx_word' id='word_1_472' title='bbox 386 1698 451 1718; x_wconf 90' lang='lat' dir='ltr'><strong>caro</strong></span> <span class='ocrx_word' id='word_1_473' title='bbox 472 1691 506 1717; x_wconf 84' lang='lat' dir='ltr'><strong>ab</strong></span> <span class='ocrx_word' id='word_1_474' title='bbox 521 1688 580 1725; x_wconf 79' lang='lat' dir='ltr'><strong>ipso</strong></span> <span class='ocrx_word' id='word_1_475' title='bbox 598 1694 795 1722; x_wconf 86' lang='lat' dir='ltr'><strong>assumeretur,</strong></span> <span class='ocrx_word' id='word_1_476' title='bbox 820 1689 927 1724; x_wconf 85' lang='lat' dir='ltr'><strong>ipsique</strong></span> <span class='ocrx_word' id='word_1_477' title='bbox 947 1697 1009 1724; x_wconf 88' lang='lat' dir='ltr'><strong>pas-</strong></span> 
     </span>
    </p>
   </div>
   <div class='ocr_carea' id='block_1_65' title="bbox 217 1734 1008 1772">
    <p class='ocr_par' dir='ltr' id='par_1_65' title="bbox 217 1734 1008 1772">
     <span class='ocr_line' id='line_1_65' title="bbox 217 1734 1008 1772; baseline -0.006 -7"><span class='ocrx_word' id='word_1_478' title='bbox 217 1737 306 1765; x_wconf 89' lang='lat' dir='ltr'><strong>sibilis</strong></span> <span class='ocrx_word' id='word_1_479' title='bbox 325 1736 487 1772; x_wconf 87' lang='lat' dir='ltr'><strong>impassihili</strong></span> <span class='ocrx_word' id='word_1_480' title='bbox 510 1734 683 1771; x_wconf 72' lang='lat' dir='ltr'><strong>hypostaticc</strong></span> <span class='ocrx_word' id='word_1_481' title='bbox 706 1734 845 1761; x_wconf 88' lang='lat' dir='ltr'><strong>uuiretur.</strong></span> <span class='ocrx_word' id='word_1_482' title='bbox 863 1734 922 1761; x_wconf 82' lang='grc' dir='ltr'>Νοιι</span> <span class='ocrx_word' id='word_1_483' title='bbox 934 1735 1008 1761; x_wconf 85' lang='lat' dir='ltr'><strong>enim</strong></span> 
     </span>
    </p>
   </div>
   <div class='ocr_carea' id='block_1_66' title="bbox 216 1781 1009 1819">
    <p class='ocr_par' dir='ltr' id='par_1_66' title="bbox 216 1781 1009 1819">
     <span class='ocr_line' id='line_1_66' title="bbox 216 1781 1009 1819; baseline -0.006 -8"><span class='ocrx_word' id='word_1_484' title='bbox 216 1784 250 1811; x_wconf 87' lang='lat' dir='ltr'><strong>ad</strong></span> <span class='ocrx_word' id='word_1_485' title='bbox 275 1783 473 1819; x_wconf 77' lang='lat' dir='ltr'><strong>perfectionem</strong></span> <span class='ocrx_word' id='word_1_486' title='bbox 495 1782 540 1809; x_wconf 89' lang='lat' dir='ltr'><strong>vel</strong></span> <span class='ocrx_word' id='word_1_487' title='bbox 560 1781 793 1816; x_wconf 87' lang='lat' dir='ltr'><strong>complementum</strong></span> <span class='ocrx_word' id='word_1_488' title='bbox 820 1781 1009 1815; x_wconf 85' lang='lat' dir='ltr'><strong>assumptione</strong></span> 
     </span>
    </p>
   </div>
   <div class='ocr_carea' id='block_1_67' title="bbox 217 1825 1009 1865">
    <p class='ocr_par' dir='ltr' id='par_1_67' title="bbox 217 1825 1009 1865">
     <span class='ocr_line' id='line_1_67' title="bbox 217 1825 1009 1865; baseline -0.005 -8"><span class='ocrx_word' id='word_1_489' title='bbox 217 1829 354 1865; x_wconf 86' lang='lat' dir='ltr'><strong>passionis</strong></span> <span class='ocrx_word' id='word_1_490' title='bbox 377 1834 406 1856; x_wconf 86' lang='lat' dir='ltr'><strong>et</strong></span> <span class='ocrx_word' id='word_1_491' title='bbox 429 1827 569 1863; x_wconf 90' lang='lat' dir='ltr'><strong>passibilis</strong></span> <span class='ocrx_word' id='word_1_492' title='bbox 592 1827 649 1854; x_wconf 90' lang='lat' dir='ltr'><strong>Deo</strong></span> <span class='ocrx_word' id='word_1_493' title='bbox 672 1832 742 1861; x_wconf 84' lang='lat' dir='ltr'><strong>epus</strong></span> <span class='ocrx_word' id='word_1_494' title='bbox 757 1830 826 1854; x_wconf 87' lang='lat' dir='ltr'><strong>erat.</strong></span> <span class='ocrx_word' id='word_1_495' title='bbox 843 1828 891 1860; x_wconf 91' lang='lat' dir='ltr'><strong>Ac,</strong></span> <span class='ocrx_word' id='word_1_496' title='bbox 907 1825 964 1853; x_wconf 85' lang='lat' dir='ltr'><strong>sive</strong></span> <span class='ocrx_word' id='word_1_497' title='bbox 980 1827 1009 1853; x_wconf 90' lang='lat' dir='ltr'><strong>in</strong></span> 
     </span>
    </p>
   </div>
   <div class='ocr_carea' id='block_1_68' title="bbox 218 1872 1009 1910">
    <p class='ocr_par' dir='ltr' id='par_1_68' title="bbox 218 1872 1009 1910">
     <span class='ocr_line' id='line_1_68' title="bbox 218 1872 1009 1910; baseline -0.005 -8"><span class='ocrx_word' id='word_1_498' title='bbox 218 1875 441 1910; x_wconf 83' lang='lat' dir='ltr'><strong>impassihilitate</strong></span> <span class='ocrx_word' id='word_1_499' title='bbox 463 1882 519 1908; x_wconf 87' lang='lat' dir='ltr'><strong>qua</strong></span> <span class='ocrx_word' id='word_1_500' title='bbox 542 1873 679 1909; x_wconf 80' lang='lat' dir='ltr'><strong>gaudebat</strong></span> <span class='ocrx_word' id='word_1_501' title='bbox 699 1876 728 1900; x_wconf 88' lang='lat' dir='ltr'><strong>ct</strong></span> <span class='ocrx_word' id='word_1_502' title='bbox 749 1876 812 1899; x_wconf 84' lang='lat' dir='ltr'><strong>ante</strong></span> <span class='ocrx_word' id='word_1_503' title='bbox 837 1876 865 1899; x_wconf 90' lang='lat' dir='ltr'><strong>et</strong></span> <span class='ocrx_word' id='word_1_504' title='bbox 883 1877 944 1907; x_wconf 88' lang='lat' dir='ltr'><strong>post</strong></span> <span class='ocrx_word' id='word_1_505' title='bbox 965 1872 1009 1899; x_wconf 89' lang='lat' dir='ltr'><strong>in-</strong></span> 
     </span>
    </p>
   </div>
   <div class='ocr_carea' id='block_1_69' title="bbox 217 1917 1010 1952">
    <p class='ocr_par' dir='ltr' id='par_1_69' title="bbox 217 1917 1010 1952">
     <span class='ocr_line' id='line_1_69' title="bbox 217 1917 1010 1952; baseline -0.003 -5"><span class='ocrx_word' id='word_1_506' title='bbox 217 1919 417 1951; x_wconf 86' lang='lat' dir='ltr'><strong>carnationem,</strong></span> <span class='ocrx_word' id='word_1_507' title='bbox 433 1918 492 1945; x_wconf 85' lang='lat' dir='ltr'><strong>sive</strong></span> <span class='ocrx_word' id='word_1_508' title='bbox 508 1918 535 1944; x_wconf 94' lang='lat' dir='ltr'><strong>in</strong></span> <span class='ocrx_word' id='word_1_509' title='bbox 552 1917 644 1945; x_wconf 88' lang='lat' dir='ltr'><strong>carnis</strong></span> <span class='ocrx_word' id='word_1_510' title='bbox 661 1917 836 1952; x_wconf 85' lang='lat' dir='ltr'><strong>passionihus</strong></span> <span class='ocrx_word' id='word_1_511' title='bbox 850 1917 1010 1945; x_wconf 87' lang='lat' dir='ltr'><strong>considere—</strong></span> 
     </span>
    </p>
   </div>
   <div class='ocr_carea' id='block_1_70' title="bbox 219 1963 1009 1998">
    <p class='ocr_par' dir='ltr' id='par_1_70' title="bbox 219 1963 1009 1998">
     <span class='ocr_line' id='line_1_70' title="bbox 219 1963 1009 1998; baseline -0.004 -6"><span class='ocrx_word' id='word_1_512' title='bbox 219 1969 263 1992; x_wconf 87' lang='lat' dir='ltr'><strong>tur</strong></span> <span class='ocrx_word' id='word_1_513' title='bbox 279 1965 412 1998; x_wconf 84' lang='lat' dir='ltr'><strong>Verbum,</strong></span> <span class='ocrx_word' id='word_1_514' title='bbox 430 1964 503 1991; x_wconf 90' lang='lat' dir='ltr'><strong>idem</strong></span> <span class='ocrx_word' id='word_1_515' title='bbox 519 1971 583 1991; x_wconf 87' lang='lat' dir='ltr'><strong>vere</strong></span> <span class='ocrx_word' id='word_1_516' title='bbox 598 1963 763 1991; x_wconf 88' lang='lat' dir='ltr'><strong>ostenditur.</strong></span> <span class='ocrx_word' id='word_1_517' title='bbox 778 1963 813 1990; x_wconf 84' lang='lat' dir='ltr'><strong>At</strong></span> <span class='ocrx_word' id='word_1_518' title='bbox 830 1963 942 1990; x_wconf 92' lang='lat' dir='ltr'><strong>minime</strong></span> <span class='ocrx_word' id='word_1_519' title='bbox 957 1971 1009 1990; x_wconf 90' lang='lat' dir='ltr'><strong>nos</strong></span> 
     </span>
    </p>
   </div>
   <div class='ocr_carea' id='block_1_71' title="bbox 217 2008 1008 2045">
    <p class='ocr_par' dir='ltr' id='par_1_71' title="bbox 217 2008 1008 2045">
     <span class='ocr_line' id='line_1_71' title="bbox 217 2008 1008 2045; baseline -0.005 -6"><span class='ocrx_word' id='word_1_520' title='bbox 217 2019 251 2039; x_wconf 82' lang='lat' dir='ltr'><strong>ex</strong></span> <span class='ocrx_word' id='word_1_521' title='bbox 274 2010 318 2038; x_wconf 91' lang='lat' dir='ltr'><strong>his</strong></span> <span class='ocrx_word' id='word_1_522' title='bbox 341 2017 402 2045; x_wconf 70' lang='lat' dir='ltr'><strong>qua:</strong></span> <span class='ocrx_word' id='word_1_523' title='bbox 424 2014 484 2036; x_wconf 92' lang='lat' dir='ltr'><strong>tum</strong></span> <span class='ocrx_word' id='word_1_524' title='bbox 508 2012 571 2036; x_wconf 89' lang='lat' dir='ltr'><strong>ante</strong></span> <span class='ocrx_word' id='word_1_525' title='bbox 594 2008 811 2036; x_wconf 86' lang='lat' dir='ltr'><strong>incarnationem</strong></span> <span class='ocrx_word' id='word_1_526' title='bbox 832 2008 927 2041; x_wconf 80' lang='lat' dir='ltr'><strong>Verbi,</strong></span> <span class='ocrx_word' id='word_1_527' title='bbox 951 2011 1008 2035; x_wconf 87' lang='lat' dir='ltr'><strong>tum</strong></span> 
     </span>
    </p>
   </div>
   <div class='ocr_carea' id='block_1_72' title="bbox 218 2055 1008 2093">
    <p class='ocr_par' dir='ltr' id='par_1_72' title="bbox 218 2055 1008 2093">
     <span class='ocr_line' id='line_1_72' title="bbox 218 2055 1008 2093; baseline -0.005 -8"><span class='ocrx_word' id='word_1_528' title='bbox 218 2061 279 2093; x_wconf 86' lang='lat' dir='ltr'><strong>post</strong></span> <span class='ocrx_word' id='word_1_529' title='bbox 294 2057 386 2084; x_wconf 89' lang='lat' dir='ltr'><strong>carnis</strong></span> <span class='ocrx_word' id='word_1_530' title='bbox 409 2056 470 2091; x_wconf 85' lang='lat' dir='ltr'><strong>ejus</strong></span> <span class='ocrx_word' id='word_1_531' title='bbox 492 2055 725 2083; x_wconf 82' lang='lat' dir='ltr'><strong>resurrectionem</strong></span> <span class='ocrx_word' id='word_1_532' title='bbox 741 2055 914 2087; x_wconf 84' lang='lat' dir='ltr'><strong>admisimus,</strong></span> <span class='ocrx_word' id='word_1_533' title='bbox 928 2062 1008 2082; x_wconf 87' lang='lat' dir='ltr'><strong>revo-</strong></span> 
     </span>
    </p>
   </div>
   <div class='ocr_carea' id='block_1_73' title="bbox 217 2100 1007 2136">
    <p class='ocr_par' dir='ltr' id='par_1_73' title="bbox 217 2100 1007 2136">
     <span class='ocr_line' id='line_1_73' title="bbox 217 2100 1007 2136; baseline -0.005 -5"><span class='ocrx_word' id='word_1_534' title='bbox 217 2104 287 2131; x_wconf 86' lang='lat' dir='ltr'><strong>catis</strong></span> <span class='ocrx_word' id='word_1_535' title='bbox 302 2102 421 2130; x_wconf 89' lang='lat' dir='ltr'><strong>dicendo</strong></span> <span class='ocrx_word' id='word_1_536' title='bbox 445 2102 608 2136; x_wconf 87' lang='lat' dir='ltr'><strong>simpliciter</strong></span> <span class='ocrx_word' id='word_1_537' title='bbox 628 2101 825 2136; x_wconf 86' lang='lat' dir='ltr'><strong>impassibilem</strong></span> <span class='ocrx_word' id='word_1_538' title='bbox 841 2108 901 2128; x_wconf 88' lang='lat' dir='ltr'><strong>esse</strong></span> <span class='ocrx_word' id='word_1_539' title='bbox 915 2100 1007 2128; x_wconf 90' lang='lat' dir='ltr'><strong>Trini-</strong></span> 
     </span>
    </p>
   </div>
   <div class='ocr_carea' id='block_1_74' title="bbox 218 2146 1009 2182">
    <p class='ocr_par' dir='ltr' id='par_1_74' title="bbox 218 2146 1009 2182">
     <span class='ocr_line' id='line_1_74' title="bbox 218 2146 1009 2182; baseline -0.005 -7"><span class='ocrx_word' id='word_1_540' title='bbox 218 2153 302 2176; x_wconf 87' lang='lat' dir='ltr'><strong>tatem</strong></span> <span class='ocrx_word' id='word_1_541' title='bbox 318 2157 324 2174; x_wconf 86' lang='lat'>:</span> <span class='ocrx_word' id='word_1_542' title='bbox 344 2148 417 2175; x_wconf 88' lang='lat' dir='ltr'><strong>clare</strong></span> <span class='ocrx_word' id='word_1_543' title='bbox 441 2147 516 2174; x_wconf 85' lang='lat' dir='ltr'><strong>enim</strong></span> <span class='ocrx_word' id='word_1_544' title='bbox 532 2147 696 2182; x_wconf 88' lang='lat' dir='ltr'><strong>prolitemur</strong></span> <span class='ocrx_word' id='word_1_545' title='bbox 709 2150 736 2173; x_wconf 90' lang='lat' dir='ltr'><strong>et</strong></span> <span class='ocrx_word' id='word_1_546' title='bbox 750 2154 812 2179; x_wconf 87' lang='lat' dir='ltr'><strong>nos,</strong></span> <span class='ocrx_word' id='word_1_547' title='bbox 825 2153 858 2172; x_wconf 86' lang='lat' dir='ltr'><strong>ex</strong></span> <span class='ocrx_word' id='word_1_548' title='bbox 873 2153 927 2180; x_wconf 89' lang='lat' dir='ltr'><strong>quo</strong></span> <span class='ocrx_word' id='word_1_549' title='bbox 942 2146 1009 2172; x_wconf 81' lang='lat' dir='ltr'><strong>Ver—</strong></span> 
     </span>
    </p>
   </div>
   <div class='ocr_carea' id='block_1_75' title="bbox 218 2190 1011 2223">
    <p class='ocr_par' dir='ltr' id='par_1_75' title="bbox 218 2190 1011 2223">
     <span class='ocr_line' id='line_1_75' title="bbox 218 2190 1011 2223; baseline -0.004 -3"><span class='ocrx_word' id='word_1_550' title='bbox 218 2193 282 2220; x_wconf 88' lang='lat' dir='ltr'><strong>bum</strong></span> <span class='ocrx_word' id='word_1_551' title='bbox 307 2200 372 2219; x_wconf 89' lang='lat' dir='ltr'><strong>caro</strong></span> <span class='ocrx_word' id='word_1_552' title='bbox 395 2192 497 2219; x_wconf 85' lang='lat' dir='ltr'><strong>factum</strong></span> <span class='ocrx_word' id='word_1_553' title='bbox 524 2191 658 2218; x_wconf 85' lang='lat' dir='ltr'><strong>habitavit</strong></span> <span class='ocrx_word' id='word_1_554' title='bbox 682 2191 710 2218; x_wconf 90' lang='lat' dir='ltr'><strong>in</strong></span> <span class='ocrx_word' id='word_1_555' title='bbox 739 2191 832 2223; x_wconf 89' lang='lat' dir='ltr'><strong>terris,</strong></span> <span class='ocrx_word' id='word_1_556' title='bbox 859 2190 931 2218; x_wconf 91' lang='lat' dir='ltr'><strong>sicut</strong></span> <span class='ocrx_word' id='word_1_557' title='bbox 956 2198 1011 2217; x_wconf 93' lang='lat' dir='ltr'><strong>non</strong></span> 
     </span>
    </p>
   </div>
   <div class='ocr_carea' id='block_1_76' title="bbox 217 2234 1012 2271">
    <p class='ocr_par' dir='ltr' id='par_1_76' title="bbox 217 2234 1012 2271">
     <span class='ocr_line' id='line_1_76' title="bbox 217 2234 1012 2271; baseline -0.006 -6"><span class='ocrx_word' id='word_1_558' title='bbox 217 2239 276 2265; x_wconf 86' lang='lat' dir='ltr'><strong>sine</strong></span> <span class='ocrx_word' id='word_1_559' title='bbox 299 2245 383 2265; x_wconf 86' lang='lat' dir='ltr'><strong>carne</strong></span> <span class='ocrx_word' id='word_1_560' title='bbox 407 2237 460 2263; x_wconf 80' lang='lat' dir='ltr'><strong>fuit</strong></span> <span class='ocrx_word' id='word_1_561' title='bbox 481 2236 613 2264; x_wconf 86' lang='lat' dir='ltr'><strong>universa</strong></span> <span class='ocrx_word' id='word_1_562' title='bbox 631 2243 812 2271; x_wconf 89' lang='lat' dir='ltr'><strong>personarum</strong></span> <span class='ocrx_word' id='word_1_563' title='bbox 827 2234 960 2267; x_wconf 85' lang='lat' dir='ltr'><strong>Trinitas,</strong></span> <span class='ocrx_word' id='word_1_564' title='bbox 975 2234 1012 2261; x_wconf 87' lang='lat' dir='ltr'><strong>ita</strong></span> 
     </span>
    </p>
   </div>
   <div class='ocr_carea' id='block_1_77' title="bbox 217 2282 1010 2318">
    <p class='ocr_par' dir='ltr' id='par_1_77' title="bbox 217 2282 1010 2318">
     <span class='ocr_line' id='line_1_77' title="bbox 217 2282 1010 2318; baseline -0.003 -8"><span class='ocrx_word' id='word_1_565' title='bbox 217 2291 268 2311; x_wconf 88' lang='lat' dir='ltr'><strong>nec</strong></span> <span class='ocrx_word' id='word_1_566' title='bbox 285 2282 485 2318; x_wconf 87' lang='lat' dir='ltr'><strong>impassibilem</strong></span> <span class='ocrx_word' id='word_1_567' title='bbox 509 2282 593 2310; x_wconf 79' lang='lat' dir='ltr'><strong>fuisse</strong></span> <span class='ocrx_word' id='word_1_568' title='bbox 616 2290 725 2309; x_wconf 86' lang='lat' dir='ltr'><strong>onmem</strong></span> <span class='ocrx_word' id='word_1_569' title='bbox 749 2282 832 2317; x_wconf 87' lang='lat' dir='ltr'><strong>hujus</strong></span> <span class='ocrx_word' id='word_1_570' title='bbox 853 2289 1010 2316; x_wconf 86' lang='lat' dir='ltr'><strong>personam,</strong></span> 
     </span>
    </p>
   </div>
   <div class='ocr_carea' id='block_1_78' title="bbox 216 2327 1012 2366">
    <p class='ocr_par' dir='ltr' id='par_1_78' title="bbox 216 2327 1012 2366">
     <span class='ocr_line' id='line_1_78' title="bbox 216 2327 1012 2366; baseline -0.006 -8"><span class='ocrx_word' id='word_1_571' title='bbox 216 2331 281 2366; x_wconf 90' lang='lat' dir='ltr'><strong>quia</strong></span> <span class='ocrx_word' id='word_1_572' title='bbox 298 2329 439 2365; x_wconf 88' lang='lat' dir='ltr'><strong>passibilis</strong></span> <span class='ocrx_word' id='word_1_573' title='bbox 458 2332 501 2356; x_wconf 89' lang='lat' dir='ltr'><strong>est</strong></span> <span class='ocrx_word' id='word_1_574' title='bbox 516 2328 630 2360; x_wconf 86' lang='lat' dir='ltr'><strong>Christi,</strong></span> <span class='ocrx_word' id='word_1_575' title='bbox 652 2328 729 2363; x_wconf 72' lang='lat' dir='ltr'><strong>juxta</strong></span> <span class='ocrx_word' id='word_1_576' title='bbox 745 2327 812 2354; x_wconf 86' lang='lat' dir='ltr'><strong>illud</strong></span> <span class='ocrx_word' id='word_1_577' title='bbox 838 2327 925 2354; x_wconf 85' lang='lat' dir='ltr'><strong>sancti</strong></span> <span class='ocrx_word' id='word_1_578' title='bbox 947 2335 1012 2362; x_wconf 88' lang='lat' dir='ltr'><strong>apo-</strong></span> 
     </span>
    </p>
   </div>
   <div class='ocr_carea' id='block_1_79' title="bbox 216 2373 1008 2410">
    <p class='ocr_par' dir='ltr' id='par_1_79' title="bbox 216 2373 1008 2410">
     <span class='ocr_line' id='line_1_79' title="bbox 216 2373 1008 2410; baseline -0.006 -6"><span class='ocrx_word' id='word_1_579' title='bbox 216 2377 280 2404; x_wconf 86' lang='lat' dir='ltr'><strong>stoli</strong></span> <span class='ocrx_word' id='word_1_580' title='bbox 303 2376 420 2404; x_wconf 88' lang='lat' dir='ltr'><strong>dicentis</strong></span> <span class='ocrx_word' id='word_1_581' title='bbox 435 2385 440 2402; x_wconf 90' lang='lat'>:</span> <span class='ocrx_word' id='word_1_582' title='bbox 461 2385 470 2401; x_wconf 76' lang='grc' dir='ltr'><strong>ι</strong></span> <span class='ocrx_word' id='word_1_583' title='bbox 490 2375 524 2402; x_wconf 84' lang='lat' dir='ltr'><strong>Et</strong></span> <span class='ocrx_word' id='word_1_584' title='bbox 537 2374 645 2410; x_wconf 92' lang='lat' dir='ltr'><strong>primus</strong></span> <span class='ocrx_word' id='word_1_585' title='bbox 665 2382 697 2401; x_wconf 79' lang='lat' dir='ltr'><strong>ex</strong></span> <span class='ocrx_word' id='word_1_586' title='bbox 714 2373 920 2401; x_wconf 87' lang='lat' dir='ltr'><strong>resurrectione</strong></span> <span class='ocrx_word' id='word_1_587' title='bbox 933 2380 1008 2400; x_wconf 89' lang='lat' dir='ltr'><strong>mor-</strong></span> 
     </span>
    </p>
   </div>
   <div class='ocr_carea' id='block_1_80' title="bbox 217 2419 1009 2456">
    <p class='ocr_par' dir='ltr' id='par_1_80' title="bbox 217 2419 1009 2456">
     <span class='ocr_line' id='line_1_80' title="bbox 217 2419 1009 2456; baseline -0.005 -6"><span class='ocrx_word' id='word_1_588' title='bbox 217 2428 327 2450; x_wconf 91' lang='lat' dir='ltr'><strong>tuorum</strong></span> <span class='ocrx_word' id='word_1_589' title='bbox 338 2423 361 2449; x_wconf 77' lang='lat' dir='ltr'><strong>b.</strong></span> <span class='ocrx_word' id='word_1_590' title='bbox 383 2433 392 2449; x_wconf 84' lang='grc'><strong>›</strong></span> <span class='ocrx_word' id='word_1_591' title='bbox 412 2422 462 2450; x_wconf 90' lang='lat' dir='ltr'><strong>llic</strong></span> <span class='ocrx_word' id='word_1_592' title='bbox 475 2422 548 2449; x_wconf 83' lang='lat' dir='ltr'><strong>enim</strong></span> <span class='ocrx_word' id='word_1_593' title='bbox 564 2425 606 2449; x_wconf 85' lang='lat' dir='ltr'><strong>est</strong></span> <span class='ocrx_word' id='word_1_594' title='bbox 619 2421 708 2456; x_wconf 89' lang='lat' dir='ltr'><strong>ipsum</strong></span> <span class='ocrx_word' id='word_1_595' title='bbox 723 2421 845 2448; x_wconf 84' lang='lat' dir='ltr'><strong>Verbum</strong></span> <span class='ocrx_word' id='word_1_596' title='bbox 858 2419 930 2455; x_wconf 90' lang='lat' dir='ltr'><strong>quod</strong></span> <span class='ocrx_word' id='word_1_597' title='bbox 948 2424 1009 2447; x_wconf 87' lang='lat' dir='ltr'><strong>erat</strong></span> 
     </span>
    </p>
   </div>
   <div class='ocr_carea' id='block_1_81' title="bbox 217 2466 1006 2503">
    <p class='ocr_par' dir='ltr' id='par_1_81' title="bbox 217 2466 1006 2503">
     <span class='ocr_line' id='line_1_81' title="bbox 217 2466 1006 2503; baseline -0.006 -7"><span class='ocrx_word' id='word_1_598' title='bbox 217 2469 244 2495; x_wconf 90' lang='lat' dir='ltr'><strong>in</strong></span> <span class='ocrx_word' id='word_1_599' title='bbox 258 2468 406 2503; x_wconf 87' lang='lat' dir='ltr'><strong>principio.</strong></span> <span class='ocrx_word' id='word_1_600' title='bbox 422 2467 605 2502; x_wconf 86' lang='lat' dir='ltr'><strong>lmpassibilis</strong></span> <span class='ocrx_word' id='word_1_601' title='bbox 616 2468 681 2494; x_wconf 86' lang='lat' dir='ltr'><strong>vero</strong></span> <span class='ocrx_word' id='word_1_602' title='bbox 693 2470 735 2493; x_wconf 87' lang='lat' dir='ltr'><strong>est</strong></span> <span class='ocrx_word' id='word_1_603' title='bbox 747 2466 851 2498; x_wconf 88' lang='lat' dir='ltr'><strong>divina,</strong></span> <span class='ocrx_word' id='word_1_604' title='bbox 867 2469 924 2492; x_wconf 87' lang='lat' dir='ltr'><strong>tum</strong></span> <span class='ocrx_word' id='word_1_605' title='bbox 936 2466 1006 2500; x_wconf 87' lang='lat' dir='ltr'><strong>ejus,</strong></span> 
     </span>
    </p>
   </div>
   <div class='ocr_carea' id='block_1_82' title="bbox 217 2511 1007 2548">
    <p class='ocr_par' dir='ltr' id='par_1_82' title="bbox 217 2511 1007 2548">
     <span class='ocr_line' id='line_1_82' title="bbox 217 2511 1007 2548; baseline -0.004 -7"><span class='ocrx_word' id='word_1_606' title='bbox 217 2519 275 2542; x_wconf 89' lang='lat' dir='ltr'><strong>tum</strong></span> <span class='ocrx_word' id='word_1_607' title='bbox 295 2515 396 2547; x_wconf 82' lang='lat' dir='ltr'><strong>Patris,</strong></span> <span class='ocrx_word' id='word_1_608' title='bbox 415 2519 472 2541; x_wconf 94' lang='lat' dir='ltr'><strong>tum</strong></span> <span class='ocrx_word' id='word_1_609' title='bbox 487 2513 609 2548; x_wconf 85' lang='lat' dir='ltr'><strong>Spiritus</strong></span> <span class='ocrx_word' id='word_1_610' title='bbox 629 2512 716 2540; x_wconf 86' lang='lat' dir='ltr'><strong>sancti</strong></span> <span class='ocrx_word' id='word_1_611' title='bbox 736 2516 846 2544; x_wconf 84' lang='lat' dir='ltr'><strong>natura,</strong></span> <span class='ocrx_word' id='word_1_612' title='bbox 870 2519 930 2546; x_wconf 83' lang='lat' dir='ltr'><strong>quae</strong></span> <span class='ocrx_word' id='word_1_613' title='bbox 949 2511 1007 2538; x_wconf 83' lang='lat' dir='ltr'><strong>sive</strong></span> 
     </span>
    </p>
   </div>
   <div class='ocr_carea' id='block_1_83' title="bbox 1061 1508 1863 1546">
    <p class='ocr_par' dir='ltr' id='par_1_83' title="bbox 1061 1508 1863 1546">
     <span class='ocr_line' id='line_1_83' title="bbox 1061 1508 1863 1546; baseline 0.002 -11"><span class='ocrx_word' id='word_1_614' title='bbox 1061 1508 1118 1543; x_wconf 79' lang='grc' dir='ltr'>Υἰῴ</span> <span class='ocrx_word' id='word_1_615' title='bbox 1131 1509 1200 1535; x_wconf 68' lang='grc' dir='ltr'>κατὰ</span> <span class='ocrx_word' id='word_1_616' title='bbox 1214 1508 1295 1543; x_wconf 77' lang='grc' dir='ltr'>φύσιν</span> <span class='ocrx_word' id='word_1_617' title='bbox 1318 1508 1335 1543; x_wconf 81' lang='grc' dir='ltr'>ἢ</span> <span class='ocrx_word' id='word_1_618' title='bbox 1357 1508 1516 1542; x_wconf 82' lang='grc' dir='ltr'>ὑπόστασιν,</span> <span class='ocrx_word' id='word_1_619' title='bbox 1538 1509 1584 1535; x_wconf 71' lang='grc' dir='ltr'><strong>καὶ</strong></span> <span class='ocrx_word' id='word_1_620' title='bbox 1600 1510 1639 1540; x_wconf 78' lang='grc' dir='ltr'><strong>εἰς</strong></span> <span class='ocrx_word' id='word_1_621' title='bbox 1652 1510 1698 1535; x_wconf 72' lang='grc' dir='ltr'><strong>τὸν</strong></span> <span class='ocrx_word' id='word_1_622' title='bbox 1709 1510 1758 1544; x_wconf 78' lang='grc' dir='ltr'><strong>τῆς</strong></span> <span class='ocrx_word' id='word_1_623' title='bbox 1775 1519 1863 1546; x_wconf 71' lang='grc' dir='ltr'>προσ-</span> 
     </span>
    </p>
   </div>
   <div class='ocr_carea' id='block_1_84' title="bbox 1062 1553 1863 1592">
    <p class='ocr_par' dir='ltr' id='par_1_84' title="bbox 1062 1553 1863 1592">
     <span class='ocr_line' id='line_1_84' title="bbox 1062 1553 1863 1592; baseline 0.001 -11"><span class='ocrx_word' id='word_1_624' title='bbox 1062 1555 1170 1589; x_wconf 79' lang='grc' dir='ltr'>ωπικῆς</span> <span class='ocrx_word' id='word_1_625' title='bbox 1183 1554 1298 1590; x_wconf 78' lang='grc' dir='ltr'>Τριάδος</span> <span class='ocrx_word' id='word_1_626' title='bbox 1309 1553 1437 1590; x_wconf 64' lang='grc' dir='ltr'>ἀριθμὸν,</span> <span class='ocrx_word' id='word_1_627' title='bbox 1448 1554 1465 1589; x_wconf 77' lang='grc' dir='ltr'>ἢ</span> <span class='ocrx_word' id='word_1_628' title='bbox 1479 1554 1529 1590; x_wconf 80' lang='grc' dir='ltr'><strong>τῆς</strong></span> <span class='ocrx_word' id='word_1_629' title='bbox 1545 1555 1663 1590; x_wconf 73' lang='grc' dir='ltr'>φυσικῆς</span> <span class='ocrx_word' id='word_1_630' title='bbox 1679 1556 1806 1590; x_wconf 79' lang='grc' dir='ltr'><strong>μονάδος,</strong></span> <span class='ocrx_word' id='word_1_631' title='bbox 1824 1558 1863 1592; x_wconf 78' lang='grc' dir='ltr'><strong>μὴ</strong></span> 
     </span>
    </p>
   </div>
   <div class='ocr_carea' id='block_1_85' title="bbox 1062 1600 1862 1638">
    <p class='ocr_par' dir='ltr' id='par_1_85' title="bbox 1062 1600 1862 1638">
     <span class='ocr_line' id='line_1_85' title="bbox 1062 1600 1862 1638; baseline 0.004 -12"><span class='ocrx_word' id='word_1_632' title='bbox 1062 1600 1253 1632; x_wconf 72' lang='grc' dir='ltr'><strong>συντελοῦντος</strong></span> <span class='ocrx_word' id='word_1_633' title='bbox 1267 1600 1313 1627; x_wconf 75' lang='grc' dir='ltr'><strong>τοῦ</strong></span> <span class='ocrx_word' id='word_1_634' title='bbox 1327 1600 1416 1634; x_wconf 82' lang='grc' dir='ltr'>Λόγου</span> <span class='ocrx_word' id='word_1_635' title='bbox 1440 1601 1520 1634; x_wconf 85' lang='grc' dir='ltr'>μόνον</span> <span class='ocrx_word' id='word_1_636' title='bbox 1536 1601 1598 1628; x_wconf 68' lang='grc' dir='ltr'>γαθ²</span> <span class='ocrx_word' id='word_1_637' title='bbox 1616 1601 1698 1628; x_wconf 75' lang='grc' dir='ltr'>αὑτὸν</span> <span class='ocrx_word' id='word_1_638' title='bbox 1715 1602 1862 1638; x_wconf 69' lang='grc' dir='ltr'><strong>ἁσὰρκως,</strong></span> 
     </span>
    </p>
   </div>
   <div class='ocr_carea' id='block_1_86' title="bbox 1061 1647 1862 1682">
    <p class='ocr_par' dir='ltr' id='par_1_86' title="bbox 1061 1647 1862 1682">
     <span class='ocr_line' id='line_1_86' title="bbox 1061 1647 1862 1682; baseline 0.002 -10"><span class='ocrx_word' id='word_1_639' title='bbox 1061 1647 1078 1681; x_wconf 82' lang='grc' dir='ltr'>ἡ</span> <span class='ocrx_word' id='word_1_640' title='bbox 1094 1647 1242 1680; x_wconf 74' lang='grc' dir='ltr'>πρόσθεσις</span> <span class='ocrx_word' id='word_1_641' title='bbox 1251 1647 1299 1681; x_wconf 81' lang='grc' dir='ltr'><strong>τῆς</strong></span> <span class='ocrx_word' id='word_1_642' title='bbox 1321 1647 1425 1682; x_wconf 78' lang='grc' dir='ltr'>σαρκὸς</span> <span class='ocrx_word' id='word_1_643' title='bbox 1438 1647 1513 1681; x_wconf 84' lang='grc' dir='ltr'><strong>αὐτῷ</strong></span> <span class='ocrx_word' id='word_1_644' title='bbox 1531 1647 1744 1682; x_wconf 71' lang='grc' dir='ltr'><strong>προσείληπται,</strong></span> <span class='ocrx_word' id='word_1_645' title='bbox 1760 1649 1862 1674; x_wconf 71' lang='grc' dir='ltr'><strong>ἐνυπο⁹</strong></span> 
     </span>
    </p>
   </div>
   <div class='ocr_carea' id='block_1_87' title="bbox 1063 1690 1850 1727">
    <p class='ocr_par' dir='ltr' id='par_1_87' title="bbox 1063 1690 1850 1727">
     <span class='ocr_line' id='line_1_87' title="bbox 1063 1690 1850 1727; baseline 0.004 -11"><span class='ocrx_word' id='word_1_646' title='bbox 1063 1691 1148 1716; x_wconf 81' lang='grc' dir='ltr'>στᾶσα</span> <span class='ocrx_word' id='word_1_647' title='bbox 1165 1690 1310 1725; x_wconf 77' lang='grc' dir='ltr'>τῷὰπαθεί</span> <span class='ocrx_word' id='word_1_648' title='bbox 1326 1690 1426 1726; x_wconf 72' lang='grc' dir='ltr'>αὖτῷή</span> <span class='ocrx_word' id='word_1_649' title='bbox 1442 1691 1551 1726; x_wconf 74' lang='grc' dir='ltr'><strong>παθητὴ</strong></span> <span class='ocrx_word' id='word_1_650' title='bbox 1561 1700 1567 1707; x_wconf 83' lang='grc'>·</span> <span class='ocrx_word' id='word_1_651' title='bbox 1581 1692 1611 1717; x_wconf 73' lang='grc' dir='ltr'><strong>οὐ</strong></span> <span class='ocrx_word' id='word_1_652' title='bbox 1623 1691 1678 1727; x_wconf 77' lang='grc' dir='ltr'><strong>γάρ</strong></span> <span class='ocrx_word' id='word_1_653' title='bbox 1693 1693 1735 1723; x_wconf 75' lang='grc' dir='ltr'><strong>εἰς</strong></span> <span class='ocrx_word' id='word_1_654' title='bbox 1748 1693 1850 1719; x_wconf 75' lang='grc' dir='ltr'><strong>τελείω</strong></span> 
     </span>
    </p>
   </div>
   <div class='ocr_carea' id='block_1_88' title="bbox 1062 1736 1863 1773">
    <p class='ocr_par' dir='ltr' id='par_1_88' title="bbox 1062 1736 1863 1773">
     <span class='ocr_line' id='line_1_88' title="bbox 1062 1736 1863 1773; baseline 0.004 -11"><span class='ocrx_word' id='word_1_655' title='bbox 1062 1744 1104 1762; x_wconf 86' lang='grc' dir='ltr'><strong>σιν</strong></span> <span class='ocrx_word' id='word_1_656' title='bbox 1118 1736 1165 1762; x_wconf 80' lang='grc' dir='ltr'><strong>καὶ</strong></span> <span class='ocrx_word' id='word_1_657' title='bbox 1177 1736 1317 1771; x_wconf 74' lang='grc' dir='ltr'>πλήρωσιν</span> <span class='ocrx_word' id='word_1_658' title='bbox 1334 1737 1393 1772; x_wconf 83' lang='grc' dir='ltr'>Θεῷ</span> <span class='ocrx_word' id='word_1_659' title='bbox 1402 1737 1504 1768; x_wconf 80' lang='grc' dir='ltr'>πάθους</span> <span class='ocrx_word' id='word_1_660' title='bbox 1515 1738 1562 1763; x_wconf 76' lang='grc' dir='ltr'>καὶ</span> <span class='ocrx_word' id='word_1_661' title='bbox 1578 1737 1699 1772; x_wconf 52' lang='lat' dir='ltr'><strong>mortui}</strong></span> <span class='ocrx_word' id='word_1_662' title='bbox 1711 1738 1863 1773; x_wconf 73' lang='grc' dir='ltr'>ἐπίκτησις</span> 
     </span>
    </p>
   </div>
   <div class='ocr_carea' id='block_1_89' title="bbox 1061 1780 1862 1816">
    <p class='ocr_par' dir='ltr' id='par_1_89' title="bbox 1061 1780 1862 1816">
     <span class='ocr_line' id='line_1_89' title="bbox 1061 1780 1862 1816; baseline 0.002 -10"><span class='ocrx_word' id='word_1_663' title='bbox 1061 1781 1156 1816; x_wconf 81' lang='grc' dir='ltr'><strong>χρεία·</strong></span> <span class='ocrx_word' id='word_1_664' title='bbox 1175 1781 1222 1807; x_wconf 72' lang='grc' dir='ltr'><strong>καὶ</strong></span> <span class='ocrx_word' id='word_1_665' title='bbox 1235 1781 1269 1807; x_wconf 79' lang='grc' dir='ltr'>τὰ</span> <span class='ocrx_word' id='word_1_666' title='bbox 1285 1780 1350 1816; x_wconf 80' lang='grc' dir='ltr'>γοῦν</span> <span class='ocrx_word' id='word_1_667' title='bbox 1358 1782 1407 1816; x_wconf 77' lang='grc' dir='ltr'><strong>τῆς</strong></span> <span class='ocrx_word' id='word_1_668' title='bbox 1423 1781 1475 1816; x_wconf 81' lang='grc' dir='ltr'><strong>πρὸ</strong></span> <span class='ocrx_word' id='word_1_669' title='bbox 1492 1780 1593 1816; x_wconf 57' lang='grc' dir='ltr'>σαρκὸς</span> <span class='ocrx_word' id='word_1_670' title='bbox 1610 1781 1657 1807; x_wconf 81' lang='grc' dir='ltr'><strong>καὶ</strong></span> <span class='ocrx_word' id='word_1_671' title='bbox 1674 1781 1746 1816; x_wconf 73' lang='grc' dir='ltr'>μετὰ</span> <span class='ocrx_word' id='word_1_672' title='bbox 1767 1783 1862 1816; x_wconf 65' lang='grc' dir='ltr'>σάρκα</span> 
     </span>
    </p>
   </div>
   <div class='ocr_carea' id='block_1_90' title="bbox 1063 1825 1863 1862">
    <p class='ocr_par' dir='ltr' id='par_1_90' title="bbox 1063 1825 1863 1862">
     <span class='ocr_line' id='line_1_90' title="bbox 1063 1825 1863 1862; baseline 0.001 -9"><span class='ocrx_word' id='word_1_673' title='bbox 1063 1825 1198 1857; x_wconf 79' lang='grc' dir='ltr'><strong>ἀπαθείας</strong></span> <span class='ocrx_word' id='word_1_674' title='bbox 1214 1826 1296 1853; x_wconf 78' lang='grc' dir='ltr'>αὑτοῦ</span> <span class='ocrx_word' id='word_1_675' title='bbox 1315 1827 1328 1853; x_wconf 84' lang='grc' dir='ltr'><strong>ὁ</strong></span> <span class='ocrx_word' id='word_1_676' title='bbox 1338 1827 1435 1861; x_wconf 76' lang='grc' dir='ltr'>Λόγος,</span> <span class='ocrx_word' id='word_1_677' title='bbox 1448 1827 1495 1853; x_wconf 71' lang='grc' dir='ltr'><strong>καὶ</strong></span> <span class='ocrx_word' id='word_1_678' title='bbox 1508 1826 1543 1852; x_wconf 76' lang='grc' dir='ltr'>τὰ</span> <span class='ocrx_word' id='word_1_679' title='bbox 1558 1826 1607 1862; x_wconf 72' lang='grc' dir='ltr'><strong>τῆς</strong></span> <span class='ocrx_word' id='word_1_680' title='bbox 1616 1826 1717 1861; x_wconf 80' lang='grc' dir='ltr'>σαρκὸς</span> <span class='ocrx_word' id='word_1_681' title='bbox 1732 1827 1759 1853; x_wconf 72' lang='grc' dir='ltr'><strong>δὲ</strong></span> <span class='ocrx_word' id='word_1_682' title='bbox 1776 1827 1863 1854; x_wconf 70' lang='grc' dir='ltr'>αὐτοῦ</span> 
     </span>
    </p>
   </div>
   <div class='ocr_carea' id='block_1_91' title="bbox 1063 1872 1864 1908">
    <p class='ocr_par' dir='ltr' id='par_1_91' title="bbox 1063 1872 1864 1908">
     <span class='ocr_line' id='line_1_91' title="bbox 1063 1872 1864 1908; baseline 0.001 -10"><span class='ocrx_word' id='word_1_683' title='bbox 1063 1873 1149 1907; x_wconf 81' lang='grc' dir='ltr'>πάθη,</span> <span class='ocrx_word' id='word_1_684' title='bbox 1165 1874 1178 1899; x_wconf 89' lang='grc' dir='ltr'>ὁ</span> <span class='ocrx_word' id='word_1_685' title='bbox 1193 1873 1274 1904; x_wconf 77' lang='grc' dir='ltr'>αὐτὸς</span> <span class='ocrx_word' id='word_1_686' title='bbox 1289 1873 1397 1908; x_wconf 78' lang='grc' dir='ltr'><strong>ἀληθῶς</strong></span> <span class='ocrx_word' id='word_1_687' title='bbox 1413 1873 1611 1899; x_wconf 63' lang='grc' dir='ltr'>ἐπιδείκνυ-ταν</span> <span class='ocrx_word' id='word_1_688' title='bbox 1629 1872 1697 1899; x_wconf 80' lang='grc' dir='ltr'>ἀλλὰ</span> <span class='ocrx_word' id='word_1_689' title='bbox 1722 1873 1864 1908; x_wconf 74' lang='grc' dir='ltr'><strong>μηδαμῶς</strong></span> 
     </span>
    </p>
   </div>
   <div class='ocr_carea' id='block_1_92' title="bbox 1062 1917 1863 1954">
    <p class='ocr_par' dir='ltr' id='par_1_92' title="bbox 1062 1917 1863 1954">
     <span class='ocr_line' id='line_1_92' title="bbox 1062 1917 1863 1954; baseline 0 -10"><span class='ocrx_word' id='word_1_690' title='bbox 1062 1919 1134 1953; x_wconf 66' lang='grc' dir='ltr'><strong>ἡμᾶς</strong></span> <span class='ocrx_word' id='word_1_691' title='bbox 1145 1919 1177 1944; x_wconf 78' lang='grc' dir='ltr'>ἐκ</span> <span class='ocrx_word' id='word_1_692' title='bbox 1190 1917 1244 1944; x_wconf 83' lang='grc' dir='ltr'><strong>τῶν</strong></span> <span class='ocrx_word' id='word_1_693' title='bbox 1261 1918 1313 1952; x_wconf 81' lang='grc' dir='ltr'><strong>πρὸ</strong></span> <span class='ocrx_word' id='word_1_694' title='bbox 1337 1918 1387 1953; x_wconf 73' lang='grc' dir='ltr'>τῆς</span> <span class='ocrx_word' id='word_1_695' title='bbox 1403 1917 1568 1953; x_wconf 80' lang='grc' dir='ltr'>σαρκώσεως</span> <span class='ocrx_word' id='word_1_696' title='bbox 1591 1917 1637 1944; x_wconf 80' lang='grc' dir='ltr'><strong>τοῦ</strong></span> <span class='ocrx_word' id='word_1_697' title='bbox 1660 1917 1759 1951; x_wconf 72' lang='grc' dir='ltr'>Λόγου,</span> <span class='ocrx_word' id='word_1_698' title='bbox 1774 1919 1793 1954; x_wconf 75' lang='grc' dir='ltr'><strong>ἢ</strong></span> <span class='ocrx_word' id='word_1_699' title='bbox 1809 1919 1863 1945; x_wconf 80' lang='grc' dir='ltr'><strong>τῶν</strong></span> 
     </span>
    </p>
   </div>
   <div class='ocr_carea' id='block_1_93' title="bbox 1064 1962 1865 1999">
    <p class='ocr_par' dir='ltr' id='par_1_93' title="bbox 1064 1962 1865 1999">
     <span class='ocr_line' id='line_1_93' title="bbox 1064 1962 1865 1999; baseline 0.002 -10"><span class='ocrx_word' id='word_1_700' title='bbox 1064 1964 1134 1999; x_wconf 81' lang='grc' dir='ltr'>μετὰ</span> <span class='ocrx_word' id='word_1_701' title='bbox 1147 1964 1197 1999; x_wconf 83' lang='grc' dir='ltr'><strong>τὴν</strong></span> <span class='ocrx_word' id='word_1_702' title='bbox 1209 1964 1278 1990; x_wconf 76' lang='grc' dir='ltr'>ἁνάσ</span> <span class='ocrx_word' id='word_1_703' title='bbox 1284 1972 1358 1990; x_wconf 65' lang='lat' dir='ltr'><strong>tactv</strong></span> <span class='ocrx_word' id='word_1_704' title='bbox 1367 1963 1416 1998; x_wconf 75' lang='grc' dir='ltr'><strong>τῆς</strong></span> <span class='ocrx_word' id='word_1_705' title='bbox 1431 1963 1532 1998; x_wconf 69' lang='grc' dir='ltr'>σαρκὸς</span> <span class='ocrx_word' id='word_1_706' title='bbox 1544 1962 1625 1989; x_wconf 75' lang='grc' dir='ltr'><strong>αὑτοῦ</strong></span> <span class='ocrx_word' id='word_1_707' title='bbox 1636 1963 1865 1999; x_wconf 73' lang='grc' dir='ltr'><strong>ὡμολογημένων</strong></span> 
     </span>
    </p>
   </div>
   <div class='ocr_carea' id='block_1_94' title="bbox 1064 2008 1865 2044">
    <p class='ocr_par' dir='ltr' id='par_1_94' title="bbox 1064 2008 1865 2044">
     <span class='ocr_line' id='line_1_94' title="bbox 1064 2008 1865 2044; baseline 0 -8"><span class='ocrx_word' id='word_1_708' title='bbox 1064 2009 1255 2044; x_wconf 82' lang='grc' dir='ltr'>συναρπάζετε</span> <span class='ocrx_word' id='word_1_709' title='bbox 1277 2009 1403 2043; x_wconf 81' lang='grc' dir='ltr'>λέγοντες</span> <span class='ocrx_word' id='word_1_710' title='bbox 1429 2008 1522 2039; x_wconf 76' lang='grc' dir='ltr'>ἁπλῶς</span> <span class='ocrx_word' id='word_1_711' title='bbox 1547 2009 1588 2035; x_wconf 78' lang='grc' dir='ltr'>ὅτι</span> <span class='ocrx_word' id='word_1_712' title='bbox 1614 2008 1725 2043; x_wconf 82' lang='grc' dir='ltr'>ἀπαθὴς</span> <span class='ocrx_word' id='word_1_713' title='bbox 1748 2010 1766 2044; x_wconf 82' lang='grc' dir='ltr'>ἡ</span> <span class='ocrx_word' id='word_1_714' title='bbox 1797 2010 1865 2043; x_wconf 69' lang='grc' dir='ltr'>ἁγία</span> 
     </span>
    </p>
   </div>
   <div class='ocr_carea' id='block_1_95' title="bbox 1063 2053 1864 2090">
    <p class='ocr_par' dir='ltr' id='par_1_95' title="bbox 1063 2053 1864 2090">
     <span class='ocr_line' id='line_1_95' title="bbox 1063 2053 1864 2090; baseline 0 -9"><span class='ocrx_word' id='word_1_715' title='bbox 1063 2055 1163 2090; x_wconf 84' lang='grc' dir='ltr'>Τριάς·</span> <span class='ocrx_word' id='word_1_716' title='bbox 1178 2054 1302 2090; x_wconf 76' lang='grc' dir='ltr'><strong>φανερῶς</strong></span> <span class='ocrx_word' id='word_1_717' title='bbox 1311 2054 1365 2089; x_wconf 85' lang='grc' dir='ltr'><strong>γὰρ</strong></span> <span class='ocrx_word' id='word_1_718' title='bbox 1376 2054 1440 2090; x_wconf 82' lang='grc' dir='ltr'><strong>ὑμῖν</strong></span> <span class='ocrx_word' id='word_1_719' title='bbox 1452 2054 1510 2080; x_wconf 75' lang='grc' dir='ltr'><strong>τόδε</strong></span> <span class='ocrx_word' id='word_1_720' title='bbox 1520 2053 1718 2089; x_wconf 77' lang='grc' dir='ltr'><strong>ὁμολογοῦμεν,</strong></span> <span class='ocrx_word' id='word_1_721' title='bbox 1734 2054 1778 2080; x_wconf 79' lang='grc' dir='ltr'><strong>ὅτι</strong></span> <span class='ocrx_word' id='word_1_722' title='bbox 1791 2055 1864 2081; x_wconf 62' lang='grc' dir='ltr'>κατὰ</span> 
     </span>
    </p>
   </div>
   <div class='ocr_carea' id='block_1_96' title="bbox 1063 2098 1860 2136">
    <p class='ocr_par' dir='ltr' id='par_1_96' title="bbox 1063 2098 1860 2136">
     <span class='ocr_line' id='line_1_96' title="bbox 1063 2098 1860 2136; baseline -0.001 -9"><span class='ocrx_word' id='word_1_723' title='bbox 1063 2101 1108 2127; x_wconf 79' lang='grc' dir='ltr'><strong>τὸν</strong></span> <span class='ocrx_word' id='word_1_724' title='bbox 1124 2100 1219 2136; x_wconf 63' lang='grc' dir='ltr'>καιρόν</span> <span class='ocrx_word' id='word_1_725' title='bbox 1241 2100 1289 2135; x_wconf 81' lang='grc' dir='ltr'><strong>τὴς</strong></span> <span class='ocrx_word' id='word_1_726' title='bbox 1310 2100 1444 2134; x_wconf 81' lang='grc' dir='ltr'>ὲνσάρκου</span> <span class='ocrx_word' id='word_1_727' title='bbox 1468 2098 1617 2133; x_wconf 79' lang='grc' dir='ltr'>ἐπιδημίας</span> <span class='ocrx_word' id='word_1_728' title='bbox 1641 2099 1688 2124; x_wconf 79' lang='grc' dir='ltr'><strong>τοῦ</strong></span> <span class='ocrx_word' id='word_1_729' title='bbox 1702 2099 1796 2132; x_wconf 80' lang='grc' dir='ltr'>Λόγου</span> <span class='ocrx_word' id='word_1_730' title='bbox 1818 2100 1860 2126; x_wconf 74' lang='grc' dir='ltr'><strong>ἐπ’</strong></span> 
     </span>
    </p>
   </div>
   <div class='ocr_carea' id='block_1_97' title="bbox 1024 2142 1850 2181">
    <p class='ocr_par' dir='ltr' id='par_1_97' title="bbox 1024 2142 1850 2181">
     <span class='ocr_line' id='line_1_97' title="bbox 1024 2142 1850 2181; baseline -0.001 -9"><span class='ocrx_word' id='word_1_731' title='bbox 1024 2150 1049 2179; x_wconf 81' lang='grc' dir='ltr'><strong>Ῑ)</strong></span> <span class='ocrx_word' id='word_1_732' title='bbox 1062 2146 1112 2181; x_wconf 78' lang='grc' dir='ltr'><strong>γῆς</strong></span> <span class='ocrx_word' id='word_1_733' title='bbox 1125 2145 1221 2181; x_wconf 80' lang='grc' dir='ltr'>ὥσπερ</span> <span class='ocrx_word' id='word_1_734' title='bbox 1236 2145 1286 2172; x_wconf 79' lang='grc' dir='ltr'><strong>οὐκ</strong></span> <span class='ocrx_word' id='word_1_735' title='bbox 1310 2145 1430 2180; x_wconf 81' lang='grc' dir='ltr'><strong>ἄσαρκος</strong></span> <span class='ocrx_word' id='word_1_736' title='bbox 1445 2142 1478 2179; x_wconf 79' lang='grc' dir='ltr'>ἦν</span> <span class='ocrx_word' id='word_1_737' title='bbox 1494 2145 1569 2170; x_wconf 74' lang='grc' dir='ltr'>πᾶσα</span> <span class='ocrx_word' id='word_1_738' title='bbox 1588 2145 1604 2178; x_wconf 87' lang='grc' dir='ltr'>ἡ</span> <span class='ocrx_word' id='word_1_739' title='bbox 1622 2143 1687 2178; x_wconf 77' lang='grc' dir='ltr'>ἁγία</span> <span class='ocrx_word' id='word_1_740' title='bbox 1704 2144 1798 2178; x_wconf 74' lang='grc' dir='ltr'>Τριὰς</span> <span class='ocrx_word' id='word_1_741' title='bbox 1810 2145 1850 2171; x_wconf 77' lang='grc' dir='ltr'><strong>τῶ</strong></span> 
     </span>
    </p>
   </div>
   <div class='ocr_carea' id='block_1_98' title="bbox 1062 2188 1866 2226">
    <p class='ocr_par' dir='ltr' id='par_1_98' title="bbox 1062 2188 1866 2226">
     <span class='ocr_line' id='line_1_98' title="bbox 1062 2188 1866 2226; baseline -0.002 -8"><span class='ocrx_word' id='word_1_742' title='bbox 1062 2192 1247 2224; x_wconf 78' lang='grc' dir='ltr'><strong>ὑποστάσεων,</strong></span> <span class='ocrx_word' id='word_1_743' title='bbox 1260 2191 1346 2222; x_wconf 72' lang='grc' dir='ltr'><strong>οὕτως</strong></span> <span class='ocrx_word' id='word_1_744' title='bbox 1364 2191 1423 2217; x_wconf 73' lang='grc' dir='ltr'><strong>οὐδὲ</strong></span> <span class='ocrx_word' id='word_1_745' title='bbox 1436 2190 1544 2225; x_wconf 74' lang='grc' dir='ltr'>ἀπαθὴς</span> <span class='ocrx_word' id='word_1_746' title='bbox 1555 2188 1589 2226; x_wconf 76' lang='grc' dir='ltr'>ἦν</span> <span class='ocrx_word' id='word_1_747' title='bbox 1604 2190 1679 2216; x_wconf 79' lang='grc' dir='ltr'>πᾶσα</span> <span class='ocrx_word' id='word_1_748' title='bbox 1692 2190 1784 2225; x_wconf 75' lang='grc' dir='ltr'><strong>αὐτῆς</strong></span> <span class='ocrx_word' id='word_1_749' title='bbox 1797 2192 1866 2217; x_wconf 77' lang='grc' dir='ltr'><strong>ὐπὸ-</strong></span> 
     </span>
    </p>
   </div>
   <div class='ocr_carea' id='block_1_99' title="bbox 1063 2236 1865 2272">
    <p class='ocr_par' dir='ltr' id='par_1_99' title="bbox 1063 2236 1865 2272">
     <span class='ocr_line' id='line_1_99' title="bbox 1063 2236 1865 2272; baseline 0 -8"><span class='ocrx_word' id='word_1_750' title='bbox 1063 2247 1167 2271; x_wconf 79' lang='grc' dir='ltr'>στασις,</span> <span class='ocrx_word' id='word_1_751' title='bbox 1184 2239 1208 2264; x_wconf 84' lang='grc' dir='ltr'>εί</span> <span class='ocrx_word' id='word_1_752' title='bbox 1236 2237 1356 2272; x_wconf 66' lang='grc' dir='ltr'>παθητὸς</span> <span class='ocrx_word' id='word_1_753' title='bbox 1384 2238 1398 2263; x_wconf 88' lang='grc' dir='ltr'><strong>ὁ</strong></span> <span class='ocrx_word' id='word_1_754' title='bbox 1423 2237 1541 2272; x_wconf 81' lang='grc' dir='ltr'>Χριστὸς</span> <span class='ocrx_word' id='word_1_755' title='bbox 1569 2236 1640 2264; x_wconf 83' lang='grc' dir='ltr'>κατά</span> <span class='ocrx_word' id='word_1_756' title='bbox 1657 2236 1703 2262; x_wconf 76' lang='grc' dir='ltr'><strong>τὸν</strong></span> <span class='ocrx_word' id='word_1_757' title='bbox 1733 2239 1865 2272; x_wconf 68' lang='grc' dir='ltr'>φήσαντα</span> 
     </span>
    </p>
   </div>
   <div class='ocr_carea' id='block_1_100' title="bbox 1062 2282 1865 2319">
    <p class='ocr_par' dir='ltr' id='par_1_100' title="bbox 1062 2282 1865 2319">
     <span class='ocr_line' id='line_1_100' title="bbox 1062 2282 1865 2319; baseline 0 -9"><span class='ocrx_word' id='word_1_758' title='bbox 1062 2283 1150 2318; x_wconf 79' lang='grc' dir='ltr'>ἆγιον,</span> <span class='ocrx_word' id='word_1_759' title='bbox 1172 2292 1181 2308; x_wconf 75' lang='grc' dir='ltr'><strong>ι</strong></span> <span class='ocrx_word' id='word_1_760' title='bbox 1197 2283 1244 2310; x_wconf 77' lang='grc' dir='ltr'><strong>καὶ</strong></span> <span class='ocrx_word' id='word_1_761' title='bbox 1256 2283 1364 2319; x_wconf 83' lang='grc' dir='ltr'>πρῶτος</span> <span class='ocrx_word' id='word_1_762' title='bbox 1376 2282 1405 2314; x_wconf 80' lang='grc' dir='ltr'>ἐξ</span> <span class='ocrx_word' id='word_1_763' title='bbox 1418 2283 1592 2313; x_wconf 77' lang='grc' dir='ltr'><strong>ἀναστάσεως</strong></span> <span class='ocrx_word' id='word_1_764' title='bbox 1605 2282 1711 2317; x_wconf 74' lang='grc' dir='ltr'>νεκρῶν</span> <span class='ocrx_word' id='word_1_765' title='bbox 1721 2290 1729 2298; x_wconf 89' lang='grc'><strong>·</strong></span> <span class='ocrx_word' id='word_1_766' title='bbox 1745 2292 1755 2308; x_wconf 66' lang='grc' dir='ltr'>ι</span> <span class='ocrx_word' id='word_1_767' title='bbox 1786 2282 1865 2315; x_wconf 67' lang='grc' dir='ltr'>οὗτος</span> 
     </span>
    </p>
   </div>
   <div class='ocr_carea' id='block_1_101' title="bbox 1062 2328 1865 2365">
    <p class='ocr_par' dir='ltr' id='par_1_101' title="bbox 1062 2328 1865 2365">
     <span class='ocr_line' id='line_1_101' title="bbox 1062 2328 1865 2365; baseline -0.004 -9"><span class='ocrx_word' id='word_1_768' title='bbox 1062 2330 1116 2365; x_wconf 81' lang='grc' dir='ltr'><strong>γάρ</strong></span> <span class='ocrx_word' id='word_1_769' title='bbox 1129 2330 1186 2356; x_wconf 77' lang='grc' dir='ltr'>ἐστι</span> <span class='ocrx_word' id='word_1_770' title='bbox 1202 2330 1249 2356; x_wconf 79' lang='grc' dir='ltr'><strong>καὶ</strong></span> <span class='ocrx_word' id='word_1_771' title='bbox 1263 2331 1276 2356; x_wconf 77' lang='grc' dir='ltr'><strong>ὁ</strong></span> <span class='ocrx_word' id='word_1_772' title='bbox 1293 2329 1378 2364; x_wconf 81' lang='grc' dir='ltr'>Λόγος</span> <span class='ocrx_word' id='word_1_773' title='bbox 1391 2328 1470 2360; x_wconf 79' lang='grc' dir='ltr'>αὐτὸς</span> <span class='ocrx_word' id='word_1_774' title='bbox 1486 2329 1499 2354; x_wconf 82' lang='grc' dir='ltr'>ὁ</span> <span class='ocrx_word' id='word_1_775' title='bbox 1514 2329 1541 2355; x_wconf 76' lang='grc' dir='ltr'>ἐν</span> <span class='ocrx_word' id='word_1_776' title='bbox 1558 2328 1645 2363; x_wconf 80' lang='grc' dir='ltr'>άρχῆ-</span> <span class='ocrx_word' id='word_1_777' title='bbox 1665 2328 1779 2364; x_wconf 76' lang='grc' dir='ltr'>ἀπαθὴς</span> <span class='ocrx_word' id='word_1_778' title='bbox 1793 2330 1824 2357; x_wconf 70' lang='grc' dir='ltr'><strong>δὲ</strong></span> <span class='ocrx_word' id='word_1_779' title='bbox 1833 2331 1865 2357; x_wconf 73' lang='grc' dir='ltr'><strong>ἂν</strong></span> 
     </span>
    </p>
   </div>
   <div class='ocr_carea' id='block_1_102' title="bbox 1062 2374 1865 2412">
    <p class='ocr_par' dir='ltr' id='par_1_102' title="bbox 1062 2374 1865 2412">
     <span class='ocr_line' id='line_1_102' title="bbox 1062 2374 1865 2412; baseline 0.001 -11"><span class='ocrx_word' id='word_1_780' title='bbox 1062 2377 1079 2410; x_wconf 82' lang='grc' dir='ltr'>ὴ</span> <span class='ocrx_word' id='word_1_781' title='bbox 1091 2375 1151 2402; x_wconf 84' lang='grc' dir='ltr'>θεία</span> <span class='ocrx_word' id='word_1_782' title='bbox 1175 2375 1255 2410; x_wconf 82' lang='grc' dir='ltr'>φύσις</span> <span class='ocrx_word' id='word_1_783' title='bbox 1284 2376 1342 2401; x_wconf 75' lang='grc' dir='ltr'><strong>ἐστὶ</strong></span> <span class='ocrx_word' id='word_1_784' title='bbox 1360 2374 1442 2402; x_wconf 79' lang='grc' dir='ltr'>αὐτοῦ</span> <span class='ocrx_word' id='word_1_785' title='bbox 1461 2383 1490 2401; x_wconf 80' lang='grc' dir='ltr'>τε</span> <span class='ocrx_word' id='word_1_786' title='bbox 1505 2375 1552 2401; x_wconf 63' lang='grc' dir='ltr'><strong>καὶ</strong></span> <span class='ocrx_word' id='word_1_787' title='bbox 1566 2374 1613 2400; x_wconf 78' lang='grc' dir='ltr'><strong>τοῦ</strong></span> <span class='ocrx_word' id='word_1_788' title='bbox 1629 2374 1736 2408; x_wconf 76' lang='grc' dir='ltr'>ἀγαθοῦ</span> <span class='ocrx_word' id='word_1_789' title='bbox 1753 2377 1865 2412; x_wconf 61' lang='lat' dir='ltr'><strong>Harpe;</strong></span> 
     </span>
    </p>
   </div>
   <div class='ocr_carea' id='block_1_103' title="bbox 1063 2420 1864 2458">
    <p class='ocr_par' dir='ltr' id='par_1_103' title="bbox 1063 2420 1864 2458">
     <span class='ocr_line' id='line_1_103' title="bbox 1063 2420 1864 2458; baseline 0.002 -12"><span class='ocrx_word' id='word_1_790' title='bbox 1063 2421 1109 2447; x_wconf 81' lang='grc' dir='ltr'><strong>καὶ</strong></span> <span class='ocrx_word' id='word_1_791' title='bbox 1120 2421 1167 2448; x_wconf 80' lang='grc' dir='ltr'><strong>τοῦ</strong></span> <span class='ocrx_word' id='word_1_792' title='bbox 1183 2421 1262 2456; x_wconf 81' lang='grc' dir='ltr'>ἁγίου</span> <span class='ocrx_word' id='word_1_793' title='bbox 1279 2421 1439 2455; x_wconf 80' lang='grc' dir='ltr'>Πνεύματος</span> <span class='ocrx_word' id='word_1_794' title='bbox 1456 2420 1552 2452; x_wconf 75' lang='grc' dir='ltr'>αὐτοῦ,</span> <span class='ocrx_word' id='word_1_795' title='bbox 1574 2421 1634 2455; x_wconf 77' lang='grc' dir='ltr'><strong>ἥτις</strong></span> <span class='ocrx_word' id='word_1_796' title='bbox 1650 2422 1679 2447; x_wconf 84' lang='grc' dir='ltr'>ὲν</span> <span class='ocrx_word' id='word_1_797' title='bbox 1696 2421 1820 2458; x_wconf 81' lang='grc' dir='ltr'>ἀσάρκῳ</span> <span class='ocrx_word' id='word_1_798' title='bbox 1835 2430 1864 2448; x_wconf 75' lang='grc' dir='ltr'>τε</span> 
     </span>
    </p>
   </div>
   <div class='ocr_carea' id='block_1_104' title="bbox 1063 2465 1864 2502">
    <p class='ocr_par' dir='ltr' id='par_1_104' title="bbox 1063 2465 1864 2502">
     <span class='ocr_line' id='line_1_104' title="bbox 1063 2465 1864 2502; baseline 0.002 -10"><span class='ocrx_word' id='word_1_799' title='bbox 1063 2466 1110 2492; x_wconf 72' lang='grc' dir='ltr'>καὶ</span> <span class='ocrx_word' id='word_1_800' title='bbox 1126 2466 1325 2502; x_wconf 77' lang='grc' dir='ltr'>σεσαρκωμένῃ</span> <span class='ocrx_word' id='word_1_801' title='bbox 1337 2468 1369 2501; x_wconf 83' lang='grc' dir='ltr'><strong>τῇ</strong></span> <span class='ocrx_word' id='word_1_802' title='bbox 1386 2466 1455 2501; x_wconf 75' lang='grc' dir='ltr'><strong>αὐτῇ</strong></span> <span class='ocrx_word' id='word_1_803' title='bbox 1467 2465 1616 2492; x_wconf 81' lang='grc' dir='ltr'>ὑποστάσει</span> <span class='ocrx_word' id='word_1_804' title='bbox 1632 2466 1680 2492; x_wconf 77' lang='grc' dir='ltr'><strong>τοῦ</strong></span> <span class='ocrx_word' id='word_1_805' title='bbox 1701 2467 1796 2501; x_wconf 71' lang='grc' dir='ltr'>Λόγου</span> <span class='ocrx_word' id='word_1_806' title='bbox 1815 2468 1864 2502; x_wconf 72' lang='grc' dir='ltr'><strong>τῆς</strong></span> 
     </span>
    </p>
   </div>
   <div class='ocr_carea' id='block_1_105' title="bbox 1062 2511 1347 2547">
    <p class='ocr_par' dir='ltr' id='par_1_105' title="bbox 1062 2511 1347 2547">
     <span class='ocr_line' id='line_1_105' title="bbox 1062 2511 1347 2547; baseline 0.004 -9"><span class='ocrx_word' id='word_1_807' title='bbox 1062 2511 1190 2547; x_wconf 76' lang='grc' dir='ltr'><strong>ἀληθείας</strong></span> <span class='ocrx_word' id='word_1_808' title='bbox 1209 2512 1283 2538; x_wconf 71' lang='grc' dir='ltr'>ἔστιν</span> <span class='ocrx_word' id='word_1_809' title='bbox 1294 2512 1347 2539; x_wconf 84' lang='grc' dir='ltr'><strong>ὰεί.</strong></span> 
     </span>
    </p>
   </div>
   <div class='ocr_carea' id='block_1_106' title="bbox 217 2557 1441 2595">
    <p class='ocr_par' dir='ltr' id='par_1_106' title="bbox 217 2557 1441 2595">
     <span class='ocr_line' id='line_1_106' title="bbox 217 2557 1441 2595; baseline -0.002 -7"><span class='ocrx_word' id='word_1_810' title='bbox 217 2566 279 2588; x_wconf 83' lang='lat' dir='ltr'><strong>ante</strong></span> <span class='ocrx_word' id='word_1_811' title='bbox 290 2561 347 2588; x_wconf 85' lang='lat' dir='ltr'><strong>sive</strong></span> <span class='ocrx_word' id='word_1_812' title='bbox 372 2563 433 2595; x_wconf 88' lang='lat' dir='ltr'><strong>post</strong></span> <span class='ocrx_word' id='word_1_813' title='bbox 457 2559 687 2591; x_wconf 89' lang='lat' dir='ltr'><strong>incarnationem,</strong></span> <span class='ocrx_word' id='word_1_814' title='bbox 711 2559 737 2585; x_wconf 93' lang='lat' dir='ltr'><strong>in</strong></span> <span class='ocrx_word' id='word_1_815' title='bbox 762 2557 859 2585; x_wconf 87' lang='lat' dir='ltr'><strong>eadetn</strong></span> <span class='ocrx_word' id='word_1_816' title='bbox 875 2565 992 2592; x_wconf 87' lang='lat' dir='ltr'><strong>persona</strong></span> <span class='ocrx_word' id='word_1_817' title='bbox 1008 2558 1090 2586; x_wconf 81' lang='lat' dir='ltr'><strong>Verbi</strong></span> <span class='ocrx_word' id='word_1_818' title='bbox 1104 2559 1228 2586; x_wconf 81' lang='lat' dir='ltr'><strong>veritatis</strong></span> <span class='ocrx_word' id='word_1_819' title='bbox 1240 2566 1327 2594; x_wconf 86' lang='lat' dir='ltr'><strong>usque</strong></span> <span class='ocrx_word' id='word_1_820' title='bbox 1341 2562 1441 2586; x_wconf 85' lang='lat' dir='ltr'><strong>manet.</strong></span> 
     </span>
    </p>
   </div>
   <div class='ocr_carea' id='block_1_107' title="bbox 534 2615 686 2644">
    <p class='ocr_par' dir='ltr' id='par_1_107' title="bbox 534 2615 686 2644">
     <span class='ocr_line' id='line_1_107' title="bbox 534 2615 686 2644; baseline -0.013 0"><span class='ocrx_word' id='word_1_821' title='bbox 534 2615 610 2644; x_wconf 82' lang='lat' dir='ltr'><strong>CAP.</strong></span> <span class='ocrx_word' id='word_1_822' title='bbox 630 2615 686 2644; x_wconf 81' lang='lat' dir='ltr'><strong>VII.</strong></span> 
     </span>
    </p>
   </div>
   <div class='ocr_carea' id='block_1_108' title="bbox 252 2672 1007 2704">
    <p class='ocr_par' dir='ltr' id='par_1_108' title="bbox 252 2672 1007 2704">
     <span class='ocr_line' id='line_1_108' title="bbox 252 2672 1007 2704; baseline -0.007 -1"><span class='ocrx_word' id='word_1_823' title='bbox 252 2676 281 2704; x_wconf 89' lang='lat' dir='ltr'><strong>Si</strong></span> <span class='ocrx_word' id='word_1_824' title='bbox 297 2676 344 2703; x_wconf 86' lang='lat' dir='ltr'><strong>ille</strong></span> <span class='ocrx_word' id='word_1_825' title='bbox 360 2683 429 2702; x_wconf 76' lang='lat' dir='ltr'><strong>unus</strong></span> <span class='ocrx_word' id='word_1_826' title='bbox 446 2675 478 2701; x_wconf 85' lang='lat' dir='ltr'><strong>de</strong></span> <span class='ocrx_word' id='word_1_827' title='bbox 496 2674 624 2702; x_wconf 78' lang='lat' dir='ltr'><strong>Trinitate</strong></span> <span class='ocrx_word' id='word_1_828' title='bbox 636 2681 670 2700; x_wconf 85' lang='lat' dir='ltr'><strong>ex</strong></span> <span class='ocrx_word' id='word_1_829' title='bbox 686 2672 787 2700; x_wconf 88' lang='lat' dir='ltr'><strong>deitate</strong></span> <span class='ocrx_word' id='word_1_830' title='bbox 799 2677 827 2699; x_wconf 90' lang='lat' dir='ltr'><strong>et</strong></span> <span class='ocrx_word' id='word_1_831' title='bbox 840 2680 921 2699; x_wconf 85' lang='lat' dir='ltr'><strong>carne</strong></span> <span class='ocrx_word' id='word_1_832' title='bbox 933 2679 1007 2699; x_wconf 90' lang='lat' dir='ltr'><strong>com-</strong></span> 
     </span>
    </p>
   </div>
   <div class='ocr_carea' id='block_1_109' title="bbox 216 2717 1004 2758">
    <p class='ocr_par' dir='ltr' id='par_1_109' title="bbox 216 2717 1004 2758">
     <span class='ocr_line' id='line_1_109' title="bbox 216 2717 1004 2758; baseline -0.006 -9"><span class='ocrx_word' id='word_1_833' title='bbox 216 2723 336 2758; x_wconf 87' lang='lat' dir='ltr'><strong>pleatur,</strong></span> <span class='ocrx_word' id='word_1_834' title='bbox 349 2721 489 2756; x_wconf 84' lang='lat' dir='ltr'><strong>quomodo</strong></span> <span class='ocrx_word' id='word_1_835' title='bbox 505 2728 561 2748; x_wconf 91' lang='lat' dir='ltr'><strong>non</strong></span> <span class='ocrx_word' id='word_1_836' title='bbox 584 2719 638 2747; x_wconf 89' lang='lat' dir='ltr'><strong>crit</strong></span> <span class='ocrx_word' id='word_1_837' title='bbox 660 2719 705 2746; x_wconf 88' lang='lat' dir='ltr'><strong>ille</strong></span> <span class='ocrx_word' id='word_1_838' title='bbox 722 2726 794 2745; x_wconf 87' lang='lat' dir='ltr'><strong>unus</strong></span> <span class='ocrx_word' id='word_1_839' title='bbox 808 2717 843 2745; x_wconf 86' lang='lat' dir='ltr'><strong>de</strong></span> <span class='ocrx_word' id='word_1_840' title='bbox 859 2717 1004 2750; x_wconf 85' lang='lat' dir='ltr'><strong>Trinitate,</strong></span> 
     </span>
    </p>
   </div>
   <div class='ocr_carea' id='block_1_110' title="bbox 216 2763 1005 2801">
    <p class='ocr_par' dir='ltr' id='par_1_110' title="bbox 216 2763 1005 2801">
     <span class='ocr_line' id='line_1_110' title="bbox 216 2763 1005 2801; baseline -0.006 -6"><span class='ocrx_word' id='word_1_841' title='bbox 216 2769 289 2796; x_wconf 83' lang='lat' dir='ltr'><strong>sicut</strong></span> <span class='ocrx_word' id='word_1_842' title='bbox 311 2768 394 2801; x_wconf 80' lang='lat' dir='ltr'><strong>Deus,</strong></span> <span class='ocrx_word' id='word_1_843' title='bbox 418 2767 455 2794; x_wconf 85' lang='lat' dir='ltr'><strong>ita</strong></span> <span class='ocrx_word' id='word_1_844' title='bbox 477 2771 505 2794; x_wconf 88' lang='lat' dir='ltr'><strong>ct</strong></span> <span class='ocrx_word' id='word_1_845' title='bbox 529 2766 634 2794; x_wconf 83' lang='lat' dir='ltr'><strong>homo?</strong></span> <span class='ocrx_word' id='word_1_846' title='bbox 651 2768 680 2792; x_wconf 89' lang='lat' dir='ltr'><strong>et</strong></span> <span class='ocrx_word' id='word_1_847' title='bbox 699 2765 720 2792; x_wconf 87' lang='lat' dir='ltr'><strong>si</strong></span> <span class='ocrx_word' id='word_1_848' title='bbox 737 2764 788 2792; x_wconf 90' lang='lat' dir='ltr'><strong>hoc</strong></span> <span class='ocrx_word' id='word_1_849' title='bbox 799 2768 851 2796; x_wconf 87' lang='lat' dir='ltr'><strong>est,</strong></span> <span class='ocrx_word' id='word_1_850' title='bbox 866 2763 1005 2799; x_wconf 90' lang='lat' dir='ltr'><strong>quomodo</strong></span> 
     </span>
    </p>
   </div>
   <div class='ocr_carea' id='block_1_111' title="bbox 254 2837 483 2872">
    <p class='ocr_par' dir='ltr' id='par_1_111' title="bbox 254 2837 483 2872">
     <span class='ocr_line' id='line_1_111' title="bbox 254 2837 483 2872; baseline -0.004 -7"><span class='ocrx_word' id='word_1_851' title='bbox 254 2837 269 2858; x_wconf 68' lang='grc' dir='ltr'>δ</span> <span class='ocrx_word' id='word_1_852' title='bbox 284 2837 389 2865; x_wconf 89' lang='lat' dir='ltr'><strong>Coloss.</strong></span> <span class='ocrx_word' id='word_1_853' title='bbox 404 2846 422 2872; x_wconf 83' lang='grc' dir='ltr'>ι,</span> <span class='ocrx_word' id='word_1_854' title='bbox 441 2838 483 2865; x_wconf 85' lang='grc'><strong>18.</strong></span> 
     </span>
    </p>
   </div>
   <div class='ocr_carea' id='block_1_112' title="bbox 1364 2615 1552 2642">
    <p class='ocr_par' dir='ltr' id='par_1_112' title="bbox 1364 2615 1552 2642">
     <span class='ocr_line' id='line_1_112' title="bbox 1364 2615 1552 2642; baseline 0.005 -1"><span class='ocrx_word' id='word_1_855' title='bbox 1364 2615 1486 2642; x_wconf 77' lang='grc' dir='ltr'>ΚΕΦΛΛ.</span> <span class='ocrx_word' id='word_1_856' title='bbox 1514 2617 1552 2642; x_wconf 85' lang='grc' dir='ltr'><strong>Ζ’.</strong></span> 
     </span>
    </p>
   </div>
   <div class='ocr_carea' id='block_1_113' title="bbox 1097 2669 1866 2711">
    <p class='ocr_par' dir='ltr' id='par_1_113' title="bbox 1097 2669 1866 2711">
     <span class='ocr_line' id='line_1_113' title="bbox 1097 2669 1866 2711; baseline 0.005 -13"><span class='ocrx_word' id='word_1_857' title='bbox 1097 2672 1129 2698; x_wconf 76' lang='lat' dir='ltr'><strong>Et</strong></span> <span class='ocrx_word' id='word_1_858' title='bbox 1143 2672 1173 2698; x_wconf 78' lang='grc' dir='ltr'><strong>τὸ</strong></span> <span class='ocrx_word' id='word_1_859' title='bbox 1188 2669 1232 2704; x_wconf 77' lang='grc' dir='ltr'><strong>εἷς</strong></span> <span class='ocrx_word' id='word_1_860' title='bbox 1247 2670 1303 2705; x_wconf 67' lang='grc' dir='ltr'><strong>ζῆς</strong></span> <span class='ocrx_word' id='word_1_861' title='bbox 1323 2671 1445 2705; x_wconf 80' lang='grc' dir='ltr'><strong>Τριάδος</strong></span> <span class='ocrx_word' id='word_1_862' title='bbox 1469 2672 1502 2698; x_wconf 79' lang='grc' dir='ltr'><strong>ὲκ</strong></span> <span class='ocrx_word' id='word_1_863' title='bbox 1529 2672 1656 2707; x_wconf 74' lang='grc' dir='ltr'><strong>θεότητος</strong></span> <span class='ocrx_word' id='word_1_864' title='bbox 1677 2674 1726 2700; x_wconf 71' lang='grc' dir='ltr'><strong>καὶ</strong></span> <span class='ocrx_word' id='word_1_865' title='bbox 1757 2674 1866 2711; x_wconf 66' lang='grc' dir='ltr'>σαρκὸς</span> 
     </span>
    </p>
   </div>
   <div class='ocr_carea' id='block_1_114' title="bbox 1060 2717 1865 2756">
    <p class='ocr_par' dir='ltr' id='par_1_114' title="bbox 1060 2717 1865 2756">
     <span class='ocr_line' id='line_1_114' title="bbox 1060 2717 1865 2756; baseline 0.001 -11"><span class='ocrx_word' id='word_1_866' title='bbox 1060 2718 1279 2754; x_wconf 80' lang='grc' dir='ltr'>ἀναπληροῦται,</span> <span class='ocrx_word' id='word_1_867' title='bbox 1307 2718 1366 2750; x_wconf 79' lang='grc' dir='ltr'><strong>πῶς</strong></span> <span class='ocrx_word' id='word_1_868' title='bbox 1379 2719 1429 2744; x_wconf 79' lang='grc' dir='ltr'><strong>οὐκ</strong></span> <span class='ocrx_word' id='word_1_869' title='bbox 1455 2718 1531 2745; x_wconf 75' lang='grc' dir='ltr'>ἔσται</span> <span class='ocrx_word' id='word_1_870' title='bbox 1557 2717 1625 2750; x_wconf 75' lang='grc' dir='ltr'><strong>ὑεῖς</strong></span> <span class='ocrx_word' id='word_1_871' title='bbox 1650 2721 1702 2754; x_wconf 80' lang='grc' dir='ltr'><strong>τῆς</strong></span> <span class='ocrx_word' id='word_1_872' title='bbox 1729 2721 1865 2756; x_wconf 73' lang='grc' dir='ltr'>Τριάδος,</span> 
     </span>
    </p>
   </div>
   <div class='ocr_carea' id='block_1_115' title="bbox 1060 2763 1865 2800">
    <p class='ocr_par' dir='ltr' id='par_1_115' title="bbox 1060 2763 1865 2800">
     <span class='ocr_line' id='line_1_115' title="bbox 1060 2763 1865 2800; baseline 0.004 -10"><span class='ocrx_word' id='word_1_873' title='bbox 1060 2763 1154 2799; x_wconf 76' lang='grc' dir='ltr'>ὥσπερ</span> <span class='ocrx_word' id='word_1_874' title='bbox 1168 2764 1234 2796; x_wconf 82' lang='grc' dir='ltr'>Θεὸς</span> <span class='ocrx_word' id='word_1_875' title='bbox 1247 2763 1333 2795; x_wconf 76' lang='grc' dir='ltr'><strong>οὕτως</strong></span> <span class='ocrx_word' id='word_1_876' title='bbox 1348 2765 1395 2792; x_wconf 77' lang='grc' dir='ltr'><strong>καὶ</strong></span> <span class='ocrx_word' id='word_1_877' title='bbox 1417 2764 1572 2800; x_wconf 72' lang='grc' dir='ltr'>ἄνθρωπος,</span> <span class='ocrx_word' id='word_1_878' title='bbox 1586 2766 1634 2792; x_wconf 76' lang='grc' dir='ltr'><strong>καὶ</strong></span> <span class='ocrx_word' id='word_1_879' title='bbox 1649 2766 1803 2800; x_wconf 61' lang='lat' dir='ltr'><strong>Opes-bam;</strong></span> <span class='ocrx_word' id='word_1_880' title='bbox 1815 2768 1865 2793; x_wconf 75' lang='grc' dir='ltr'><strong>καὶ</strong></span> 
     </span>
    </p>
   </div>
  </div>
