1960 3093
217 138 283 170 1763
296 137 308 157 ⁵

535 198 609 226 CAP.
641 200 687 227 IX.

252 241 353 269 Dicunt
372 243 455 271 etiam
480 253 486 270 :

218 293 329 320 passum
347 292 390 315 est
398 289 530 323 Verbum,
544 291 718 318 manifestum
737 297 778 323 est
791 293 856 320 illud
869 301 923 322 non
939 293 1003 320 sub-

215 334 382 362 stantialiter
404 343 465 363 esse
481 344 607 371 passum;
631 338 653 370 si
674 346 739 366 vero
756 347 810 367 non
837 340 1002 368 substantia-

215 377 290 410 liter,
302 379 414 407 minime
430 388 538 415 passum
550 385 592 409 est
608 390 614 408 :
631 383 792 411 substantia:
807 384 880 412 enim
893 385 1001 420 proprie

215 426 279 449 sunt
303 424 454 458 passiones.
472 425 507 453 At
523 434 640 461 persona
660 428 743 455 etiam
759 429 879 458 Verbum
901 430 1002 457 dicitur

213 477 274 496 esse
292 478 420 505 passum:
437 473 587 508 assumpsit
600 474 674 502 enim
697 476 857 510 passibilem
872 481 1001 504 naturam

213 515 241 542 in
265 523 341 544 suam
360 517 447 551 ipsius
459 518 627 554 hypostasim
639 529 700 548 cum
716 522 827 556 propria
841 530 890 550 sua
904 527 1001 550 natura

213 561 376 596 impassibili
391 567 437 591 :et
453 569 559 593 naturze
580 567 712 600 attributa
730 568 763 595 de
787 576 903 602 persona
927 574 1001 603 recte

213 607 267 634 dici
290 608 391 638 solent.

542 668 617 697 CAP.
643 670 677 698 Χ.

249 718 330 751 Ecce,
341 719 480 754 inquiunt,
497 721 579 750 Pater
590 728 682 751 vester
695 723 823 759 Cyrillus,
835 726 918 752 Deum
933 726 1001 753 Ver-

211 762 277 790 bum
298 771 408 798 passum
431 772 491 793 esse
515 766 622 799 dicens,
646 773 674 795 et
690 770 828 803 quomodo
842 770 908 797 illud
928 771 1002 798 dicat

211 816 273 836 esse
302 811 435 844 possibile
467 812 665 848 interrogatus.
694 822 724 842 se
751 814 875 842 defendit
899 816 1000 851 passim

211 855 406 890 respondendo
430 857 548 884 Verbum
576 867 686 886 carnem
703 864 802 887 natura
825 869 932 895 passam
947 862 1000 889 sibi

211 902 416 937 appropriasse.
441 903 467 930 Si
491 911 557 939 ergo
577 911 626 939 per
650 906 901 940 apprOpriationem
927 907 1001 934 illius

210 947 258 982 qui
283 955 298 975 ιι
318 947 420 976 Judaeis
436 957 534 983 passus
549 954 601 982 est,
618 951 758 985 passibilis
774 956 815 979 est
834 953 905 979 Deus
923 953 951 979 in
967 960 1000 979 eo

211 1000 279 1020 vere
306 995 469 1027 immaneus,
496 1003 561 1030 ergo
579 1001 606 1023 et
623 1003 673 1031 per
698 996 783 1024 solam
800 998 1001 1033 appropriatio-

210 1047 273 1066 nem
297 1039 371 1067 illius
391 1041 436 1074 qui
454 1049 485 1067 ex
511 1041 626 1069 muliere
644 1045 726 1069 natus
744 1046 795 1074 est,
818 1046 899 1070 natus
912 1047 953 1070 est
966 1051 999 1070 cx

211 1085 327 1112 muliere
344 1078 457 1114 mancus
481 1087 508 1113 in
530 1087 588 1122 ipso
609 1088 692 1114 Deus.
709 1087 770 1115 Non
784 1088 867 1123 igitur
883 1093 956 1116 recte
971 1095 1000 1117 ut

210 1130 325 1158 deicidze
336 1131 473 1158 habentur
485 1132 582 1165 JudzL-i,
603 1132 730 1167 quamvis
744 1133 888 1166 dicantur;
909 1142 999 1169 neque

208 1179 252 1203 est
274 1176 390 1210 [)eipara
418 1176 511 1211 Virgo,
539 1177 667 1211 quamvis
689 1178 798 1205 dicatur
824 1187 830 1205 :
857 1186 920 1206 nam
946 1179 997 1207 sibi

208 1221 389 1256 appropriare
410 1229 522 1256 passum
552 1226 579 1250 et
604 1228 776 1258 generatum,
799 1232 854 1251 non
874 1229 916 1252 est
941 1226 998 1259 pati

208 1267 251 1294 vel
276 1267 414 1302 generari.
441 1267 476 1294 At
501 1276 551 1295 nos
577 1269 700 1302 realiter,
725 1278 780 1297 non
805 1278 881 1297 mera
907 1271 999 1298 carnis

208 1313 435 1347 appropriatione
467 1322 576 1349 passum
603 1323 664 1342 esse
690 1316 733 1343 vel
760 1321 855 1343 natum
881 1316 998 1344 dicimus

207 1357 340 1386 Verbum.
359 1359 426 1387 Cum
443 1360 523 1395 plura
540 1361 567 1388 in
589 1362 699 1389 unicam
718 1361 853 1397 integram
868 1363 998 1398 hyposta—

207 1403 260 1430 sim
278 1404 424 1436 uniuntur,
443 1405 576 1432 attributa
593 1405 809 1441 uniuscujusque
825 1407 860 1434 de
876 1411 931 1434 tota
947 1407 998 1434 hac

208 1447 351 1482 liypostasi
378 1449 525 1483 praedicari
552 1455 678 1484 possunt,
700 1452 931 1486 quemadmodum
963 1452 997 1480 de

207 1493 368 1520 hominibus
391 1494 514 1521 dicitur:
533 1504 542 1521 ι
559 1495 670 1523 Videbit
689 1497 780 1524 omnis
796 1504 860 1525 caro
875 1498 996 1525 salutare

608 126 613 128 ό
641 142 794 175 LEONTII
815 146 1016 177 BYZAN’l‘INl
1036 147 1119 180 ADV.
1140 147 1297 178 NESTOR.
1317 149 1388 178 LIB.
1407 148 1475 180 VII.

509 243 537 272 Si
561 245 714 273 secundum
740 247 922 280 subslantiam
947 255 1002 275 non

1751 146 1816 180 1768
1827 146 1840 167 ¹¹

1362 205 1384 230 Κ
1391 204 1488 231 ΕΦΑΛ.
1501 203 1539 231 ϐ’.

1090 251 1173 278 Φασὶν
1187 250 1241 282 ἔτι·
1261 250 1284 276 εἰ
1296 250 1356 276 κατ’
1373 250 1468 277 οὐσίαν
1485 251 1535 276 οὐκ
1549 251 1668 286 ἔπασχεν
1683 250 1698 276 ὸ
1710 250 1794 283 Λόγος
1808 252 1838 285 τῇ

1057 298 1149 333 σαρκὶ,
1162 296 1240 331 δῆλον
1252 296 1293 322 ὅτι
1309 296 1441 327 ἀνουσίως
1453 296 1570 331 ἔπασχεν
1580 305 1587 310 -
1611 296 1634 322 εἰ
1653 296 1682 323 δὲ
1700 295 1839 326 ἀνουσίως,

1056 343 1115 369 οὐδὲ
1139 340 1255 368 ἔπαθεν·
1285 339 1378 371 οὐσίας
1401 339 1456 376 γὰρ
1486 340 1520 366 τὰ
1546 340 1619 375 πάθη
1643 339 1753 375 κυρίως.
1775 339 1841 366 Ἀλλ’

1057 387 1203 414 ὑποστάσει
1213 386 1260 412 καὶ
1278 386 1292 412 ό
1307 385 1392 420 Λόγος
1404 385 1513 420 λέγεται
1528 386 1624 412 παθεῖν
1637 394 1643 400 ·
1661 385 1841 420 προσελάσετο

1055 433 1109 468 γὰρ
1124 431 1246 467 παθητὴν
1267 431 1362 458 οὐσίαν
1387 431 1427 462 εἰς
1452 430 1500 466 τὴν
1516 431 1614 457 ἑαυτοῦ
1632 431 1779 457 ὑπόστασιν
1795 431 1841 456 σὺν

1055 480 1088 514 τῇ
1112 479 1200 513 οἰκείᾳ
1211 479 1244 512 τῇ
1269 477 1387 504 ἀπαθεῖ·
1404 477 1452 503 καὶ
1470 477 1503 503 τὰ
1516 477 1564 511 τῆς
1579 477 1674 508 οὐσίας
1689 476 1841 511 κατηγορή-

1057 533 1128 559 ματα
1146 523 1236 554 εἰώθει
1247 525 1295 559 τῆς
1311 522 1486 554 ὑποστάσεως
1513 523 1725 557 κατηγορεῖσθαι
1743 522 1840 557 ὀρθῶς.

1371 666 1497 694 ΚΕΦΔΛ.
1513 665 1532 694 ῐ’
1538 687 1545 699 ,

1096 717 1172 750 Ἰδοὺ,
1191 717 1285 752 φασὶν,
1313 717 1328 747 ὁ
1355 718 1489 755 ὑμέτερος
1517 719 1608 754 πατὴρ
1635 719 1770 754 Κύριλλος
1798 720 1842 745 τὸν

1055 763 1120 790 Θεὸν
1136 762 1222 797 Λόγον
1233 763 1396 790 πεπονθέναι
1416 764 1499 799 σαρκὶ
1514 763 1613 798 λέγων,
1627 763 1768 790 καὶτοῦτο
1784 765 1841 795 πῶς

1056 817 1121 843 φησι
1135 808 1247 836 δυνατὸν
1260 806 1330 836 εἶναι
1348 808 1522 844 ἀπαιτηθεὶς,
1545 810 1607 836 κατ’
1634 809 1772 836 οἰκείωσιν
1794 810 1841 843 τῆς

1056 854 1221 886 πεπονθυίας
1242 854 1324 889 φύσει
1336 854 1437 890 σαρκὸς
1451 854 1531 881 αὑτοῦ
1549 855 1604 882 ἄνω
1619 855 1667 881 καὶ
1681 855 1757 881 κάτω
1775 855 1840 881 ἀπο·

1053 901 1190 934 λογεῖται·
1218 901 1242 927 εἰ
1271 898 1317 927 οὖν
1339 902 1372 935 τῇ
1404 899 1540 926 οἰκειώσει
1564 899 1610 926 τοῦ
1634 900 1766 932 παθόντος
1789 900 1840 926 ὑπὸ

1052 945 1187 973 Ἰουδαίων
1205 946 1326 981 παθητὸς
1339 946 1353 972 ὁ
1367 945 1433 977 Θεὸς
1449 945 1462 971 ὁ
1476 947 1504 972 ἐν
1521 945 1595 980 αὐτῷ
1611 947 1701 981 μένων
1720 945 1840 980 ἀληθῶς,

1052 992 1106 1026 ἄρα
1119 999 1150 1027 γε
1163 992 1210 1018 καὶ
1226 992 1259 1026 τῇ
1275 990 1412 1018 οἰκειώσει
1434 991 1481 1018 τοῦ
1502 991 1678 1026 γεννηθέντος
1693 992 1726 1018 ὲκ
1743 1000 1840 1025 γυναι-

1052 1038 1109 1070 κὸς,
1126 1037 1255 1072 γεννητὸς
1274 1037 1304 1070 ἐξ
1318 1038 1404 1073 αὐτῆς
1418 1038 1432 1064 ὁ
1453 1039 1482 1064 ἐν
1498 1037 1573 1072 αὺτῷ
1588 1037 1655 1069 θεὸς
1675 1037 1770 1072 μόνον’
1788 1037 1840 1065 οὐκ

1052 1084 1107 1119 ἄρα
1133 1082 1180 1110 οὖν
1214 1083 1321 1118 ἀληθῶς
1350 1083 1473 1110 νοοῦνται
1499 1082 1635 1110 θεοκτόνοι
1652 1083 1784 1116 Ἰουδαῖοι,
1814 1084 1841 1113 ιι

1052 1129 1099 1155 καὶ
1124 1129 1264 1162 λέγονται”
1293 1128 1354 1155 οὐδὲ
1379 1128 1545 1163 Θεοτόκοςὴ
1568 1127 1718 1163 Παρθένος,
1745 1129 1768 1154 εἰ
1792 1128 1840 1155 καὶ

1050 1174 1175 1208 λέγεται’
1190 1175 1218 1200 οὺ
1242 1174 1296 1209 γὰρ
1309 1173 1339 1200 τὸ
1359 1173 1524 1200 οἰκειοῦσθαι
1538 1173 1568 1199 τὸ
1582 1174 1685 1208 πάσχον
1697 1174 1713 1208 ἦ
1731 1174 1762 1200 τὸ
1775 1182 1841 1208 γεν-

1050 1219 1179 1254 νώμενον,
1196 1219 1247 1256 ἠδη
1266 1217 1389 1252 παθεῖνῆ
1410 1216 1574 1252 γεννηθῆναι
1589 1218 1658 1244 ἐστι.
1677 1217 1745 1243 Ἀλλ’
1757 1217 1839 1252 ἡμεῖς

1049 1264 1144 1294 ὅντως.
1168 1265 1218 1299 οὐχ
1234 1264 1328 1296 ἁπλῶς
1349 1262 1484 1290 οἰκειώσει
1512 1264 1561 1298 τῆς
1585 1264 1687 1299 σαρκὸς
1709 1262 1806 1289 παθεῖν
1821 1262 1840 1298 ἢ

1049 1309 1211 1346 γεννηθῆναι
1237 1310 1282 1337 τὸν
1298 1310 1388 1344 Λόγον
1409 1309 1518 1343 φαμέν
1547 1309 1605 1336 ἀλλ’
1627 1307 1720 1344 ἐπειδὴ
1744 1309 1791 1334 ἐπὶ
1806 1310 1839 1343 τῇ

1049 1357 1145 1384 ἑνώσει
1165 1357 1244 1383 τινῶν
1261 1358 1293 1392 τῇ
1309 1358 1349 1388 εἰς
1371 1357 1436 1390 μίαν
1463 1355 1648 1390 ὕποστατικὴν
1664 1355 1782 1390 ὁλότητα
1803 1355 1840 1382 τὰ

1048 1404 1167 1439 ὀνόματα
1192 1403 1306 1429 ἑκάστου
1332 1402 1386 1429 τῶν
1409 1403 1438 1428 ἐν
1457 1402 1524 1437 αὐτῇ
1554 1401 1666 1428 δύναται
1694 1401 1765 1428 κατὰ
1788 1400 1840 1427 τοῦ

1049 1449 1111 1476 ὅλου
1129 1448 1269 1484 φέρεσθαι,
1280 1448 1374 1484 ὥσπερ
1390 1449 1419 1475 τὺ
1432 1449 1494 1481 περὶ
1506 1447 1657 1483 ἀνθρώπων
1672 1447 1821 1481 λεγόμενον
1830 1454 1840 1462 ·

1049 1495 1096 1521 καὶ
1107 1495 1204 1529 ὄψεται
1219 1495 1294 1522 πᾶσα
1311 1495 1377 1530 σὰρξ
1404 1494 1433 1520 τὸ
1453 1495 1585 1530 σωτήριον
1602 1494 1720 1530 Κυρίου·
1746 1495 1796 1522 καὶ
1811 1493 1842 1520 τὸ

208 1539 317 1566 Domini
333 1545 362 1572 c;
384 1549 393 1565 ι
411 1544 439 1567 et
456 1539 506 1567 Lot
523 1540 628 1568 dicitur
644 1550 651 1567 ε
675 1550 684 1567 ι
702 1541 817 1570 Salvans
845 1543 919 1570 salva
942 1544 998 1570 ani-

1053 1540 1197 1576 εἰρημένον
1223 1539 1263 1575 τῷ
1289 1540 1368 1566 Λώτ
1383 1549 1392 1565 ι
1424 1539 1521 1571 Σώζων
1558 1539 1628 1572 σῶζε
1652 1541 1701 1575 τὴν
1722 1539 1840 1567 σεαυτοῦ

208 1592 281 1613 mam
300 1589 372 1612 tuam
395 1585 418 1612 ά.
434 1595 442 1610 ι
463 1585 620 1620 Aliquando
642 1591 734 1614 autem
757 1588 889 1615 attributa
912 1589 996 1617 totius

208 1631 396 1666 praedicantur
425 1632 459 1658 de
471 1633 620 1666 partibus:
644 1633 716 1660 sicut
739 1633 858 1660 dicimus
881 1634 998 1662 fractum

207 1676 294 1704 fuisse
316 1676 391 1704 hunc
412 1678 513 1709 virum,
535 1679 661 1713 quamvis
677 1679 710 1706 de
732 1680 857 1707 membro
875 1682 1000 1715 corporis

208 1723 291 1758 hujus
311 1727 416 1750 tantum
430 1724 512 1751 modo
524 1729 636 1759 agatur;
649 1730 677 1752 et
688 1726 838 1760 superbum
854 1734 914 1754 esse
927 1727 1000 1755 hunc

208 1769 253 1795 vel
270 1769 347 1795 illum
372 1768 523 1801 hominem,
547 1770 675 1804 quamvis
689 1770 715 1797 id
730 1771 816 1798 solius
835 1771 871 1798 sit
889 1773 997 1800 animae.

183 1807 186 1810 λ
207 1813 351 1841 Interdum
366 1822 434 1842 vero
454 1814 528 1849 quod
544 1819 587 1842 est
602 1816 743 1850 proprium
755 1816 802 1843 uni
816 1817 901 1845 totius
916 1818 998 1852 parti,

208 1859 287 1890 alteri
299 1859 383 1887 etiam
395 1860 465 1895 parti
484 1860 887 1894 attribuimus;sicutdicimus
903 1871 910 1890 :
928 1863 1000 1896 Quot

209 1905 308 1932 anima:
336 1905 435 1933 occisa:
461 1909 526 1933 sunt
547 1906 574 1933 in
599 1907 804 1942 expugnatione
827 1908 996 1936 Jerusalem!

208 1951 341 1983 Quamvis
363 1950 392 1978 id
414 1951 578 1986 corporibus
602 1955 708 1979 tantum
736 1958 882 1988 competat.
904 1954 971 1981 Item
991 1962 997 1981 :

210 1995 267 2022 Non
280 1994 332 2022 fert
349 1995 477 2030 injuriam
491 2003 593 2030 corpus
608 1996 745 2030 liberum;
761 1997 826 2025 licet.
838 1999 894 2025 sola
908 1999 998 2026 anima

209 2039 325 2074 pudoris
334 2040 371 2067 sit
382 2047 477 2074 capax.
490 2040 528 2067 Ex
539 2041 583 2068 his
603 2041 734 2069 omnibus
746 2046 822 2077 patet
835 2042 888 2070 dici
906 2051 997 2078 posse,

206 2093 291 2113 carne
316 2085 419 2112 Christi
442 2093 532 2120 passa,
550 2086 638 2121 ipsum
657 2086 777 2115 Verbum
798 2095 859 2116 esse
876 2096 996 2127 passum,

207 2138 258 2165 per
276 2130 417 2162 unionem,
449 2139 504 2158 non
521 2140 571 2167 per
594 2140 698 2160 meram
723 2133 995 2169 approprialionem;

207 2181 370 2213 generatum
385 2185 452 2205 vero
466 2186 525 2210 esse
536 2179 633 2206 eodem
647 2187 740 2213 sensu,
755 2187 787 2207 ac
800 2179 913 2214 insuper
928 2188 997 2215 qua-

207 2228 289 2250 tenus
300 2223 439 2258 propriam
450 2232 526 2251 suam
538 2225 741 2259 generationem
754 2226 922 2261 hypostalice
933 2234 995 2253 cum

207 2275 290 2294 carne
317 2268 464 2302 copulavit,
483 2277 537 2296 non
566 2274 596 2296 ut
612 2270 686 2297 carni
712 2270 810 2298 similis
832 2270 920 2303 ﬁeret,
948 2272 995 2298 sed

207 2317 238 2340 ut
261 2313 340 2341 ﬁeret
363 2314 391 2341 in
419 2322 521 2347 carne;
544 2320 571 2342 et
597 2315 714 2349 formam
736 2316 875 2351 accepisse
900 2317 994 2344 invisi-

206 2358 291 2387 bilem
311 2359 396 2394 ipsius
417 2359 597 2395 hypostasim,
618 2361 728 2396 quando
750 2369 815 2389 caro
833 2370 912 2389 suum
935 2370 995 2390 esse

206 2403 233 2430 in
254 2412 285 2431 ea
313 2405 438 2440 sumpsit.

524 2462 600 2491 CAP.
630 2463 676 2490 XI.

242 2507 295 2535 Per
320 2507 395 2536 aliud
417 2508 525 2542 patiens
547 2509 603 2542 pati
631 2509 699 2536 nihil
726 2517 758 2536 ex
780 2509 813 2537 iis
833 2510 917 2537 etiam
935 2517 995 2545 quae

206 2557 304 2581 natura
322 2558 387 2581 sunt
409 2554 560 2588 possibilia,
581 2559 672 2589 potest
690 2564 695 2582 :
716 2555 807 2590 passio
828 2555 900 2583 enim
919 2556 946 2582 in
962 2564 995 2583 eo

206 2603 312 2627 tantum
326 2599 434 2627 videtur
451 2600 479 2631 in
497 2608 552 2635 quo
563 2601 739 2636 supervenit;
761 2609 816 2628 non
832 2607 923 2638 autem
941 2602 996 2629 ullo

205 2646 288 2675 modo
306 2646 345 2673 illi
369 2646 441 2677 inest
466 2654 514 2680 per
537 2655 617 2682 quem
642 2647 751 2674 accidit.
777 2647 885 2680 Quanto
910 2648 996 2683 magis

207 2691 377 2727 impassibile
401 2692 521 2720 Verbum
552 2700 634 2720 carne
653 2700 713 2720 esse
735 2701 844 2727 passum
863 2693 922 2720 sine
943 2693 994 2720 im-

205 2738 309 2772 pietate
329 2738 382 2765 dici
406 2738 511 2773 nequit.
534 2737 628 2766 Sciant
651 2738 801 2766 adversarii
819 2739 905 2774 magis
934 2746 995 2775 esse

207 2783 283 2823 pium
311 2788 340 2811 et
364 2784 420 2815 Deo
437 2784 548 2819 dignius
577 2784 631 2811 dici
656 2784 775 2812 Verbum
802 2793 911 2820 passum
933 2792 993 2813 esse

244 2855 254 2875 ε
276 2850 343 2888 ζέον).
360 2860 400 2886 ιιι,
427 2853 452 2880 ϐ.
491 2853 504 2874 ιῐ
529 2854 598 2882 (Ian.
627 2862 681 2888 xxx,
703 2855 744 2883 l7.

1051 1586 1155 1621 ψυχήν·
1175 1596 1184 1611 ρ
1199 1585 1265 1612 ποτὲ
1279 1585 1307 1620 δὲ
1323 1586 1369 1618 καὶ
1384 1586 1418 1612 τὰ
1433 1586 1479 1612 τοῦ
1496 1586 1556 1612 ὅλου
1569 1585 1640 1612 κατᾶ
1652 1585 1708 1611 τῶν
1723 1585 1819 1620 μερῶν
1829 1591 1838 1600 ·

1051 1631 1146 1666 ὥσπερ
1162 1630 1253 1666 φαμὲν
1272 1631 1313 1657 ὅτι
1328 1630 1447 1665 ἐκλάσθη
1463 1631 1476 1656 ὁ
1498 1630 1651 1666 ἅνθρωπος,
1671 1630 1762 1656 καίτοι
1791 1629 1842 1665 p.6-

1050 1685 1095 1704 νον
1110 1676 1141 1703 τὸ
1158 1676 1313 1711 σωματικὸν
1331 1677 1411 1711 μέλος
1424 1675 1501 1702 τοῦδε
1513 1683 1520 1690 ”
1547 1677 1643 1702 καὶὸτι
1673 1675 1840 1710 ὑψηλόφρων

1052 1722 1195 1758 ἅνθρωπος
1209 1723 1223 1748 ὁ
1237 1722 1322 1753 δεῖνα,
1347 1721 1435 1748 καίτοι
1459 1721 1527 1756 μόνῃ
1554 1723 1586 1756 τῇ
1605 1721 1693 1756 ψυχῇ·
1716 1720 1783 1747 ποτὲ
1810 1721 1841 1746 δὲ

1052 1768 1100 1794 καὶ
1114 1767 1148 1794 τὰ
1163 1767 1210 1794 τοῦ
1223 1768 1318 1802 ἐτέρου
1337 1767 1392 1794 τῶν
1408 1767 1437 1794 ὲν
1453 1766 1493 1802 τῷ
1509 1767 1549 1793 ἑνὶ
1568 1766 1620 1801 ὅλῳ
1634 1766 1704 1793 κατὰ
1720 1765 1767 1792 τοῦ
1789 1767 1841 1792 σὺν

1051 1812 1124 1848 αὐτῷ
1138 1812 1243 1847 ἐτέρου,
1259 1812 1352 1847 ὥσπερ
1364 1811 1492 1847 λέγομεν·
1509 1812 1593 1838 Πόσαι
1616 1811 1701 1846 ψυχαὶ
1722 1819 1758 1837 κα
1766 1811 1842 1838 τεκό-

1053 1867 1142 1893 πησαν
1172 1858 1201 1885 ἐν
1231 1860 1264 1894 τῇ
1292 1857 1391 1885 ἁλώσει
1431 1858 1638 1894 ’ῐεροσολύμωνε
1676 1858 1765 1884 καίτοι
1806 1858 1841 1884 τὰ

1051 1904 1166 1938 σώματα
1179 1903 1260 1939 μόνον
1271 1912 1277 1918 ”
1294 1904 1341 1930 καὶ
1356 1905 1396 1930 ὅτι
1409 1904 1438 1930 οὗ
1453 1905 1532 1938 φέρει
1549 1904 1598 1938 τὴν
1610 1903 1688 1938 ὓὸριν
1711 1903 1741 1929 τὸ
1758 1903 1842 1936 σῶμα

1051 1949 1080 1976 τὸ
1111 1949 1266 1984 ἐλεύθερον,
1282 1949 1398 1985 καίτοιὴ
1425 1950 1497 1984 ψυχὴ
1520 1948 1713 1984 ὲπαισλύνεται
1742 1950 1841 1984 μόνον·

1055 1995 1134 2030 δῆλον
1149 1995 1188 2027 ὡς
1204 1995 1272 2028 ἐστι,
1291 1996 1337 2021 καὶ
1351 1996 1400 2030 τῆς
1423 1997 1524 2031 σαρκὸς
1541 1995 1660 2030 Χριστοῦ
1684 1995 1842 2030 παθούσης,

1051 2041 1140 2074 λέγειν
1155 2041 1200 2067 τὸν
1217 2041 1309 2076 ἀπαθῆ
1330 2041 1410 2068 αὐτὸν
1428 2041 1513 2076 Λόγον
1529 2042 1626 2069 παθεῖν
1645 2041 1690 2068 διὰ
1705 2041 1757 2077 τὴν
1771 2042 1844 2070 ἐνω-

1051 2095 1105 2113 σιν⁸
1121 2087 1150 2113 οὔ
1163 2087 1195 2113 δι’
1206 2086 1343 2113 οἱκείωσιν
1361 2086 1441 2122 μόνον
1452 2094 1459 2101 ⁸
1472 2088 1637 2122 γεννηθῆναι
1664 2087 1693 2114 δὲ
1725 2088 1776 2114 καὶ
1796 2087 1847 2114 διὰ

1050 2133 1118 2163 τόδε,
1132 2133 1178 2159 καὶ
1203 2132 1240 2164 ὡς
1262 2131 1330 2160 ἰδίαν
1351 2133 1397 2159 καὶ
1424 2132 1507 2160 αὐτὸν
1530 2133 1687 2160 ὑποστάντα⁸
1709 2133 1846 2168 γέννησιν

1052 2179 1099 2204 σὺν
1110 2178 1178 2213 αὐτῇ
1190 2187 1197 2194 ·
1211 2179 1261 2205 οὐκ
1271 2179 1311 2210 εἰς
1327 2179 1356 2205 τὸ
1372 2176 1440 2205 εἷναι
1451 2177 1546 2214 ὥσπερ
1566 2178 1646 2213 αὕτη,
1668 2178 1728 2205 ἀλλ’
1746 2179 1792 2210 εἰς
1814 2178 1847 2206 τὺ

1014 2219 1035 2246 D
1049 2223 1190 2258 ὲνσάρκως
1200 2221 1286 2250 εἶναι·
1316 2224 1363 2250 καὶ
1387 2224 1567 2259 μορφωθῆναι
1595 2224 1644 2258 τὴν
1664 2224 1734 2250 ἰδίαν
1757 2225 1849 2258 ἀόρα-

1049 2278 1095 2296 τον
1109 2270 1257 2301 ὑπόστασιν
1278 2271 1322 2297 ὅτε
1341 2271 1356 2306 ἡ
1376 2270 1443 2306 σὰρξ
1461 2270 1489 2297 τὸ
1508 2269 1577 2297 εἶναι
1606 2272 1634 2297 ὲν
1656 2272 1728 2306 αὐτῇ
1753 2272 1847 2306 ἐλαμ-

1050 2316 1123 2343 ϐανε.

1339 2462 1465 2490 ΚΕΦΑΛ.
1485 2463 1534 2489 1Ᾱ¹.

1081 2507 1120 2534 Δι’
1139 2507 1232 2543 ἑτέρου
1245 2507 1372 2543 πάσχειν,
1386 2510 1461 2544 φησι,
1482 2510 1647 2541 πεπονθότος
1658 2511 1721 2538 οὐδὲ
1737 2520 1765 2538 τι
1790 2511 1847 2538 τῶν

1047 2553 1125 2586 φύσει
1146 2554 1276 2590 παθητῶν
1292 2555 1418 2582 δυνατόν·
1434 2557 1499 2583 αὐτὸ
1521 2557 1576 2592 γὰρ
1593 2557 1624 2592 δὴ
1641 2557 1672 2583 τὸ
1689 2557 1794 2590 πάθος,
1808 2559 1848 2584 ’ἐν

1046 2597 1068 2633 ᾧ
1082 2600 1203 2634 γέγονεν,
1216 2601 1313 2635 ὁρᾶται
1325 2602 1416 2637 μόνον,
1426 2602 1522 2629 οὖτεόὲ
1532 2603 1566 2629 δι’
1579 2600 1610 2630 οὗ
1633 2603 1750 2637 γέγονεν
1766 2603 1846 2638 αὐτῷ

1049 2647 1110 2673 οὔτε
1124 2647 1161 2679 ὡς
1178 2647 1297 2674 ἔνεστιν·
1313 2649 1388 2683 πόσῳ
1408 2646 1454 2675 οὖν
1473 2649 1573 2683 μᾶλλον
1585 2651 1599 2676 ὁ
1617 2651 1728 2685 ἀπαθὴς
1742 2651 1848 2684 Λόγος,

1049 2693 1098 2719 οὐκ
1111 2693 1198 2728 ὀρθῶς
1224 2695 1305 2729 σαρκὶ
1320 2693 1424 2728 λέγοιτο
1454 2696 1548 2722 παθεῖν
1570 2697 1626 2726 τοῖς
1660 2695 1847 2727 Ξύσεῦῦῦςι⁴ι;

1050 2739 1182 2766 Ἴστωσαν
1211 2737 1257 2765 οὖν
1282 2740 1320 2770 ὡς
1342 2740 1441 2774 μᾶλλον
1460 2741 1516 2772 τοῖς
1539 2749 1570 2774 γε
1595 2741 1847 2776 θεοπρεπεστέρως

1048 2784 1190 2812 εὖσεῆοὖτι
1205 2786 1249 2812 τὸν
1265 2785 1350 2820 Λόγον
1364 2785 1458 2812 παθεῖν
1474 2786 1578 2820 λέγοιτο
1595 2787 1677 2822 σαρκὶ
1690 2788 1720 2814 ἐν
1732 2787 1848 2822 Χριστῷ
