3984 6296
242 367 299 430 21
1253 361 1348 419 DE
1391 359 1584 418 REGE
1597 356 1871 416 P'l‘lUN'E
1909 352 2508 415 llERE'l‘lCOIiUM.
3433 356 3506 421 22

249 481 485 553 μαθητὰς
516 474 1006 549 προκηρύττοντας
1033 473 1196 527 αὑτὸν
1235 470 1686 541 προαπέστει)εν.
1717 459 1823 518 (ιῦ-

1936 465 2269 519 nuntiarent.
2329 465 2428 520 llic
2477 482 2600 521 cum
2636 470 2984 538 promisisset
3041 486 3098 525 se
3139 470 3310 524 ﬁlium
3366 475 3512 544 regis

246 589 326 634 τος
377 569 492 622 υἱὸν
540 567 636 620 τοῦ
692 565 966 636 βασιλέως
1022 563 1250 634 Περσῶν
1282 562 1614 616 ἀσθενοῦντα
1652 561 1819 631 θερα-

247 659 424 713 πεύειν
462 657 863 728 ὑποσχόμενος,
899 649 1021 707 εἶτα
1064 653 1260 724 νεκρὸν
1299 650 1698 723 ἐργασάμενος,
1732 667 1820 719 μι-

199 757 216 768 ’
245 751 360 804 σθὸν
395 750 494 804 τοῦ
525 749 804 820 δράματος
835 748 1067 818 ἐκδορὰν
1098 745 1473 816 ἀπηνέγκατο.
1519 744 1632 798 Καὶ
1661 741 1823 795 τοῦτο

243 841 294 893 δὲ
319 841 571 908 λέγουσι·
622 840 722 910 τὴν
751 839 856 908 γῆν
897 838 1006 892 ὑπὸ
1039 837 1224 890 Σάκλα
1272 835 1418 898 τινὸς
1454 831 1822 905 βαστάζεσθαι

241 931 326 984 ἐπὶ
345 931 441 984 τοῦ
475 930 652 1000 ὤμου,
681 931 776 983 καὶ
805 931 936 984 ὅταν
967 929 1229 1000 ἀτονήσῃ,
1265 927 1596 996 μεταιρέρειν
1624 925 1668 956 ¹³
1700 925 1825 978 ταῦ-

240 1041 336 1093 την
363 1024 444 1086 είς
473 1023 565 1076 τὸν
594 1021 755 1076 ἄλλον
793 1015 966 1092 ὦμον·
1005 1020 1100 1072 καὶ
1133 1019 1310 1088 τούτῳ
1343 1022 1422 1088 τῷ
1455 1017 1643 1088 τρόπῳ
1677 1016 1824 1084 γίνε-

243 1111 362 1168 σθαί
399 1131 532 1183 φασι
583 1114 675 1167 τὸν
717 1111 962 1183 σεισμόν.
1011 1111 1124 1165 Καὶ
1170 1110 1332 1162 τοῦτο
1387 1110 1646 1179 εἰρήκασι
1695 1108 1825 1177 περὶ

239 1205 423 1276 duxi-3v
452 1205 520 1238 “'
561 1205 644 1258 ὄτι
676 1207 704 1258 ὁ
737 1203 944 1274 Κύριος
983 1205 1064 1266 είς
1100 1201 1379 1270 σωτηρίαν
1423 1200 1523 1269 τῆς
1559 1198 1744 1268 ψυχῆς
1777 1199 1823 1230 *⁵

241 1297 489 1368 μηχανὴν
544 1295 963 1367 ὲμηχανεύσατο
1019 1295 1254 1364 ἔχουσαν
1313 1293 1525 1346 δώδεκα
1583 1292 1822 1354 κάδους,

237 1383 358 1452 ἥτις
412 1385 518 1438 ὑπὸ
568 1385 668 1454 τῆς
727 1387 966 1456 σφαίρας
1002 1383 1346 1454 στρεφομένη
1399 1383 1666 1451 ἀνιμᾶται
1716 1381 1826 1434 τῶν

240 1475 590 1546 θνησκόντων
616 1475 718 1540 τὰς
759 1476 960 1546 ψυχὰς,
995 1475 1090 1528 καὶ
1107 1475 1310 1537 ταύτας
1339 1475 1367 1526 6
1397 1473 1569 1543 μέγας
1597 1473 1827 1543 φωστὴρ

239 1565 567 1636 προσϐαλὼν
598 1565 644 1596 ²⁶
681 1567 802 1628 ταῖς
833 1567 1016 1618 ἀκτῖσι
1047 1563 1338 1634 καθαρίζει
1369 1564 1463 1616 καὶ
1503 1562 1827 1633 μεταδίδωσι

235 1657 298 1724 τῇ
331 1653 557 1725 σελήνῃ,
593 1655 688 1708 καὶ
725 1652 901 1717 οὕτως
931 1653 1233 1724 πληροῦται
1265 1653 1362 1722 τῆς
1381 1653 1424 1685 ⁸⁷
1470 1653 1703 1724 σελήνης
1731 1655 1759 1706 6
1781 1654 1826 1684 ³³

235 1745 418 1806 δίσκος
438 1744 467 1796 ὀ
497 1744 628 1814 παρ’
657 1745 790 1812 ἡμῖν
822 1743 1389 1813 προσαγορευῦμενος.
1424 1740 1586 1813 [Add.
1619 1740 1827 1798 Count:-

235 1851 422 1901 nsws,
468 1835 708 1890 Historia
753 1834 1251 1899 Monothelitarum,
1293 1835 1388 1889 451

239 1930 604 2000 Παράκλητον
633 1931 660 1982 6
691 1927 888 2000 μιαρὸς
915 1928 1130 1996 Μάνης,
1160 1927 1256 1980 καὶ
1284 1927 1584 1980 ἀπόστολον
1622 1925 1821 1997 Ἰησοῦ,

237 2021 710 2092 προσηγόρευσεν·
756 2019 816 2084 ὃς
860 2019 1119 2073 οὐδέποτε
1157 2018 1335 2087 λόγων
1379 2016 1676 2089 Κυριακῶν
1721 2019 1814 2070 έπ-

242 2112 496 2184 ακηκοὼς
535 2113 880 2184 εὑρίσκεται,
919 2111 1037 2164 ἀλλ’
1077 2112 1199 2165 οὐδὲ
1239 2111 1482 2183 Γραφαῖς
1531 2111 1826 2181 κυριακαῖς

235 2207 544 2277 χρώμενος.
575 2207 733 2277 Παρὰ
761 2205 818 2260 δὲ
842 2207 1196 2278 Μαρκίωνος,
1230 2205 1326 2258 καὶ
1352 2205 1462 2258 τῶν
1485 2203 1592 2274 πρὸ
1614 2205 1824 2256 ἐκείνου

235 2296 628 2368 αἰσχροποιῶν,
665 2299 760 2350 καὶ
787 2297 1093 2358 δυσσεϐὦν,
1122 2297 1220 2349 καὶ
1253 2297 1361 2349 τῶν
1397 2294 1537 2348 κατά
1581 2293 1826 2366 Περσίδα

237 2389 456 2458 μάγων,
490 2390 589 2452 τὰς
617 2390 874 2460 ἀφορμὰς
904 2389 1109 2452 λαὸὼν,
1145 2387 1466 2459 δογματίζει
1497 2387 1592 2440 δύο
1627 2389 1824 2458 ἀρχὰς,

233 2479 308 2542 ὡς
336 2478 482 2550 ἔφην
507 2498 519 2508 ·
550 2481 646 2533 καὶ
686 2481 789 2546 τὴν
823 2480 924 2550 μὲν
971 2481 1122 2550 μίαν,
1151 2479 1298 2548 λέγει
1335 2478 1424 2532 τὸν
1465 2477 1561 2531 ἐπὶ
1607 2477 1826 2531 πάντων

234 2569 393 2624 Θεόν·
423 2572 523 2641 τὴν
553 2571 609 2624 δὲ
637 2571 856 2642 ἑτέραν,
885 2574 1113 2644 κρατεῖν
1142 2571 1232 2624 τὸν
1265 2570 1388 2624 καθ’
1425 2571 1571 2641 ἡμᾶς
1597 2569 1826 2638 κόσμον,

233 2660 338 2723 ἕως
363 2661 557 2732 τρίτης
589 2660 685 2713 τοῦ
718 2661 978 2731 οὐρανοῦ·
1007 2662 1101 2716 καὶ
1127 2661 1318 2714 τοῦτον
1348 2656 1489 2715 εἶναι
1520 2659 1612 2713 τὸν
1643 2658 1826 2713 διάϐο·

232 2755 342 2822 λον,
373 2756 469 2810 τὸν
497 2757 714 2812 διδόντα
738 2759 828 2811 τὸν
851 2759 1015 2828 νόμον
1044 2757 1124 2829 τῷ
1151 2758 1384 2830 Μωῦσῇ·
1415 2757 1509 2811 καὶ
1539 2757 1665 2821 τοὺς
1687 2772 1828 2826 προ-

233 2851 423 2922 φήτας
470 2851 636 2904 αὑτὸν
671 2851 1091 2917 ἀπεσταλκέναι,
1149 2852 1224 2922 μὴ
1259 2851 1553 2922 δεχόμενος
1596 2850 1688 2904 τὸν
1741 2848 1828 2903 διὰ

229 2943 526 3004 Μωϋσέως
567 2941 792 2995 δοθέντα
841 2943 1041 3014 νόμον,
1086 2943 1118 3014 ἦ
1171 2944 1300 3006 τοὺς
1336 2942 1648 3013 προφήτας·
1693 2939 1830 2994 ἀλλὰ

234 3032 608 3106 βλασφημῶν,
636 3035 711 3099 ὡς
738 3037 766 3088 6
794 3036 1086 3107 Μαρκίων,
1110 3038 1206 3089 καὶ
1227 3036 1277 3088 οἱ
1311 3034 1491 3088 λοιποὶ
1527 3035 1830 3105 ὁμόφρονες

1926 556 2220 609 Persarum
2275 565 2634 628 mgrotautem
2691 563 2915 617 sanitati
2980 563 3396 629 restituturum,
3447 581 3511 618 ac

1927 659 2116 716 postea
2161 651 2323 704 morti
2383 652 2726 717 tradidisset,
2783 655 3095 711 mercedem
3130 656 3396 712 facinoris
3427 673 3512 710 re-

1928 741 2054 794 tulit
2107 744 2568 800 cxcoriationem.
2627 747 2682 800 ld
2729 764 2953 818 quoque
2988 750 3180 803 aiunt:
3221 759 3426 804 terram
3480 767 3510 803 a

1926 833 2166 902 quodam
2194 834 2351 890 Sacla
2380 839 2590 907 portari
2617 839 2882 906 humero;
2915 857 3044 895 eum
3075 841 3298 911 quando
3321 841 3512 896 labore

1927 923 2216 1008 defecerit,
2271 926 2576 984 transferre
2625 929 2774 984 illam
2841 931 2897 986 in
2951 931 3121 986 alium
3174 932 3508 994 humerum,

1927 1014 2172 1084 hincque
2238 1017 2375 1072 oriri
2423 1027 2583 1074 terra:
2641 1031 2872 1076 motum.
2927 1023 3006 1078 De
3061 1023 3356 1076 animabus
3408 1022 3514 1076 hoc

1926 1107 2220 1174 dixerunt,
2275 1110 2423 1180 quod
2455 1112 2721 1168 Dominus
2771 1113 2838 1168 ad
2893 1115 3127 1168 salutem
3162 1113 3360 1168 anima:
3391 1128 3509 1167 mo-

1929 1199 2062 1254 litus
2083 1200 2252 1255 fucrit
2287 1203 2599 1258 machinam
2632 1207 2930 1260 habentem
2985 1205 3284 1260 duodecim
3315 1205 3507 1265 cados,

1929 1308 2051 1361 quae
2083 1293 2174 1346 ubi
2209 1310 2239 1348 a
2270 1295 2485 1362 sphaera
2511 1298 2769 1357 vertitur,
2820 1300 3007 1353 haurit
3059 1315 3122 1352 ac
3155 1297 3342 1352 evehit
3391 1297 3512 1350 ani-

1928 1402 2047 1440 mas
2115 1388 2512 1453 morientium;
2591 1407 2795 1458 easque
2878 1399 3190 1458 assumptas
3242 1388 3514 1442 luminare

1930 1494 2187 1549 magnum
2233 1481 2403 1536 radiis
2447 1491 2678 1552 purgat,
2731 1493 2786 1534 et
2847 1481 3015 1536 tradit
3084 1482 3270 1548 lunae;
3323 1481 3515 1550 sicque

1930 1571 2241 1640 completur
2298 1571 2444 1626 luna:
2504 1573 2669 1642 quia
2729 1573 2890 1626 nobis
2941 1572 3253 1642 appellatur
3299 1571 3510 1626 discus.

1933 1659 2131 1731 [Porro
2160 1660 2432 1716 scelestus
2479 1661 2663 1716 Manes
2712 1661 3059 1716 Paracletum
3099 1676 3158 1716 se
3181 1661 3514 1731 appellavit,

1931 1767 1995 1805 ac
2044 1751 2252 1808 Christi
2295 1753 2648 1822 apostolum;
2700 1770 2864 1824 quem
2911 1770 3199 1824 nunquam
3237 1753 3516 1809 audivisse

1442 1851 1455 1887 :
1495 1833 1724 1888 Ἑαυτὸν
1763 1835 1823 1888 δὲ
1858 1815 1898 1872 Β
1928 1844 2096 1897 verba
2147 1815 2430 1898 Domirlica
2459 1884 2473 1908 ,
2521 1859 2586 1899 ac
2618 1815 2688 1899 ne
2718 1815 2906 1899 -usum
2951 1815 3180 1916 quidem
3227 1843 3516 1913 Scriptura

1927 1947 2084 1988 Sacra
2115 1933 2410 2004 repereris.
2457 1933 2698 2004 Accepta
2743 1951 2877 1990 vero
2927 1950 2956 1988 a
3005 1935 3308 1997 Marcione,
3339 1948 3518 2002 eoque

1925 2025 2342 2094 antiquioribus
2375 2026 2623 2096 turpium
2681 2028 3030 2093 auctoribus,
3089 2027 3410 2097 impiisque,
3453 2041 3519 2080 ac

1927 2117 2175 2173 Persidis
2205 2118 2403 2189 magis,
2426 2121 2638 2174 erroris
2669 2122 2923 2186 materia,
2975 2121 3110 2186 duo,
3149 2131 3210 2175 ut
3249 2120 3390 2183 dixi,
3419 2119 3519 2173 do-

1928 2213 2015 2259 cet
2051 2208 2362 2278 principia;
2398 2210 2634 2266 alterum
2670 2211 2918 2280 quidem,
2946 2227 3074 2266 eum
3104 2211 3198 2282 qui
3228 2219 3315 2266 est
3347 2225 3519 2278 super

1928 2300 2136 2359 omnia,
2175 2301 2384 2366 Deum;
2418 2301 2682 2364 alterum,
2717 2303 2866 2372 quod
2899 2311 3092 2357 nostro
3135 2302 3270 2356 huic
3299 2301 3514 2354 mundo

1927 2390 1993 2444 ad
2028 2391 2249 2444 tertiam
2281 2407 2458 2462 usque
2507 2393 2634 2448 coeli
2681 2402 2897 2464 partem
2949 2395 3306 2449 dominetur:
3353 2392 3519 2446 illud-

1928 2498 2058 2551 que,
2088 2482 2376 2538 diabolum
2407 2484 2508 2550 ait,
2543 2485 2796 2540 Mosaicae
2825 2497 3114 2541 auctorem
3151 2485 3311 2556 legis,
3348 2500 3376 2538 a
3409 2499 3521 2552 quo

1929 2575 2082 2628 missi
2119 2577 2232 2628 slnt
2261 2576 2582 2646 prophetae;
2623 2593 2752 2632 cum
2809 2577 2925 2648 ipse
2956 2593 3059 2632 nec
3106 2578 3293 2632 datam
3348 2575 3520 2647 Moysi

1928 2665 2128 2736 legem,
2163 2681 2268 2721 nec
2315 2669 2619 2738 prophetas
2677 2670 2916 2740 accipiat
2951 2689 2963 2723 :
3025 2670 3122 2725 sed
3152 2669 3519 2739 blasphemet,

1935 2759 2014 2813 uti
2051 2759 2320 2823 Marcion,
2352 2761 2584 2830 ejusque
2620 2762 2832 2832 reliqua
2861 2763 3183 2831 sequacium
3209 2759 3521 2832 impurissi—

1929 2867 2016 2906 ma
2033 2850 2252 2906 cohors.
2293 2850 2467 2905 Porro
2505 2867 2617 2906 non
2662 2852 2843 2906 credit
2872 2852 3366 2916 resurrectionem,
3405 2869 3517 2905 non

1929 2941 2130 3011 recipit
2163 2941 2460 3012 baptisma,
2499 2943 2737 3013 magiam
2770 2943 3023 2998 divinum
3056 2945 3190 3014 quid
3219 2945 3520 3007 existimat,

1931 3049 2127 3089 omnes
2159 3034 2439 3089 daemones
2483 3035 2640 3100 colit,
2667 3051 2768 3104 per
2807 3035 2943 3090 deos
2969 3037 3142 3107 jurat,
3199 3045 3524 3090 exsecratur

230 3129 412 3200 αὐτῷ,
448 3129 543 3184 καὶ
573 3127 870 3198 ἑξάγιστοι.
918 3130 1243 3183 Ἀνάστασιν
1273 3128 1333 3182 δὲ
1369 3129 1430 3182 οὐ
1465 3129 1736 3182 πιστεύει·
1767 3127 1830 3179 τὸ

1936 3143 2092 3182 escas
2135 3137 2194 3182 ut
2218 3128 2445 3183 alienas.
2492 3127 2606 3182 Deo
2632 3137 2819 3182 autem
2849 3129 3090 3183 odibiles
3121 3129 3378 3198 discipuli
3403 3130 3524 3200 ejus

233 3219 529 3290 βάπτισμα
553 3220 617 3273 οὐ
657 3220 1046 3290 παραδέχεται·
1085 3221 1319 3292 μαγείαν
1362 3217 1658 3283 ἔκθειάζει·
1690 3219 1830 3272 πάν-

231 3329 332 3374 τας
362 3313 496 3374 τοὺς
525 3311 788 3381 δαίμονας
807 3311 1122 3382 θεραπεύει·
1149 3311 1310 3374 θεοὺς
1333 3309 1554 3380 ὀμνύει·
1585 3311 1656 3364 τὰ
1689 3310 1832 3382 βρὼι-

235 3421 394 3474 ματα
421 3404 498 3467 ὡς
531 3404 792 3474 ἀλλότρια
823 3408 1153 3475 καταρᾶται.
1189 3407 1254 3458 Οἱ
1290 3405 1336 3458 δ’
1376 3405 1472 3460 ἀπ’
1505 3404 1677 3457 αὑτοῦ
1715 3404 1835 3457 θεο-

237 3500 472 3565 στυγεῖς
499 3497 796 3566 Μανιχαῖοι
817 3497 1242 3567 καινοτομοῦσιν
1263 3499 1478 3559 ἑαυτοῖς
1507 3486 1834 3566 δαιμονιώδη

236 3586 454 3659 βιϐλία,
486 3589 631 3659 ειπερ
677 3590 784 3642 εἰσὶ
825 3589 974 3643 τάδε·
1001 3597 1072 3644 α’.
1122 3589 1196 3642 Τὸ
1231 3588 1340 3654 ζῶν
1371 3588 1728 3656 Εὑαγγέλιον·
1767 3585 1832 3658 β’.

237 3680 308 3734 '0
363 3678 648 3751 θησαυρὸς
697 3681 795 3751 τῆς
840 3679 1010 3750 ζωῆς·
1051 3680 1121 3747 γ’.
1196 3679 1263 3734 Ἢ
1325 3680 1435 3732 τῶν
1505 3679 1838 3733 Ἐπιστολῶν

229 3772 406 3842 ὑμᾶς
433 3771 498 3826 δ’.
537 3771 599 3825 Ἠ
625 3771 736 3826 τῶν
778 3772 1118 3844 μυστηρίων·
1153 3778 1214 3827 ε’.
1257 3771 1324 3824 'll
1355 3771 1656 3838 ὲπτάλογος
1699 3771 1840 3826 Ἀλο-

235 3865 386 3932 γίου·
433 3871 509 3930 ς’.
550 3864 616 3917 Ἡ
661 3863 773 3917 τῶν
813 3865 1023 3936 Εὑχῶν·
1049 3862 1114 3930 ζ’.
1155 3865 1219 3918 'H
1249 3863 1358 3918 τῶν
1399 3851 1736 3933 κεφαλαίω¹³ν⁶
1767 3870 1838 3934 η’.

245 3958 314 4011 Ἡ
359 3959 478 4010 τῶν
511 3958 796 4024 Γιγάντων
831 3957 1220 4030 Πραγματεία·
1249 3956 1314 4010 θ’.
1357 3957 1430 4008 Τὺ
1467 3955 1608 4008 κατὰ
1637 3955 1840 4024 θωμᾶν

231 4049 606 4118 Εὖαγγέλιον·
644 4045 696 4102 ι’.
731 4049 803 4101 Τὸ
837 4049 982 4101 κατά
1031 4047 1300 4100 Φίλιππον
1345 4045 1678 4113 Εᾶαγγέλιον
1701 4063 1714 4075 ·
1749 4051 1835 4098 ια’.

233 4145 302 4194 Αἱ
340 4141 588 4212 ιιράξεις
628 4141 883 4212 Ἀνδρέου
920 4141 1014 4194 τοῦ
1041 4140 1367 4193 ἀποστόλου·
1534 4139 1596 4190 'll
1642 4153 1838 4190 πεντε-

236 4236 554 4306 καιδεκάτη
611 4235 750 4308 πρὸς
780 4235 1064 4295 Λαοδικεῖς
1107 4231 1420 4302 Ἐπιστολή·
1466 4237 1553 4300 ιγ’.
1587 4231 1670 4283 Τὰ
1705 4234 1842 4284 Παι-

232 4329 384 4382 δυεὰ
431 4326 854 4398 λεγόμεναοτοῦ
888 4327 1128 4393 Κυρίου,
1161 4325 1196 4378 ἃ,
1226 4323 1523 4388 συνέταξαν
1571 4325 1620 4376 οἱ
1661 4325 1839 4386 αὐτοὶ,

1936 3219 2660 3283 Maniehtei,dzemoniorum
2675 3220 2838 3291 383
2855 3220 3105 3274 doctrina
3133 3221 3326 3290 plenos
3354 3219 3526 3274 libros

1938 3310 2302 3366 eduntzsunt
2331 3327 2464 3367 vero
2520 3313 2650 3368 isti:
2700 3314 2746 3368 l.
2805 3313 3166 3385 Evangelium
3230 3313 3439 3370 vivum.
3469 3314 3523 3368 2.

1940 3401 2260 3458 'l‘hesaurus
2315 3405 2462 3458 vitae.
2508 3404 2563 3458 5.
2614 3406 3012 3474 Apostolorum
3067 3407 3424 3461 universitas.
3469 3407 3522 3461 4.

1940 3492 2345 3562 Mysteriorum.
2373 3495 2430 3555 5.
2453 3494 2790 3567 lleptalogus
2820 3496 3020 3566 Alogii.
3041 3497 3092 3550 6.
3112 3497 3523 3552 Prceationum.

1941 3584 1988 3636 7.
2017 3585 2424 3654 Capitulorum.
2454 3587 2506 3642 8.
2549 3587 2658 3642 Res
2679 3597 2830 3658 gesta
2854 3586 3176 3658 Gigantum.
3217 3589 3274 3641 9.
3301 3587 3528 3642 Thema:

1941 3677 2325 3747 Evangelium.
2384 3677 2468 3733 10.
2517 3678 2756 3750 Philippi
2815 3680 3198 3751 Evangelium.
3256 3679 3340 3734 ll.
3394 3681 3525 3736 Acta

1941 3767 2178 3823 Andreae
2229 3768 2486 3838 apostoli.
2545 3771 2632 3825 1‘2.
2679 3770 3115 3837 Quintadecima
3160 3770 3396 3840 cpistola
3460 3772 3529 3826 ad

1943 3860 2334 3916 Laodicenses.
2364 3860 2448 3914 i5.
2484 3860 2588 3927 Qui
2655 3864 2970 3934 appellatur
3005 3862 3161 3917 Liber
3193 3862 3255 3914 de
3296 3863 3529 3934 infantia

1945 3954 2198 4018 Domini,
2271 3970 2435 4024 quem
2493 3954 2661 4009 iidem
2715 3955 2818 4024 ipsi
2877 3964 3358 4025 composuerunt,
3418 3971 3528 4025 quo

1942 4046 2148 4101 Christi
2199 4046 2662 4120 incarnationem,
2730 4047 2879 4100 inani
2913 4047 3117 4116 specie.
3153 4063 3262 4098 non
3292 4047 3528 4099 veritate

1945 4136 2251 4191 exhibitam
2283 4137 2606 4206 probarent.
2645 4136 2802 4203 Quod
2831 4147 3014 4190 autem
3053 4137 3171 4190 haec
3213 4135 3346 4190 falsa
3391 4135 3526 4200 sint,

1945 4230 2076 4284 audi
2116 4230 2452 4299 apostolicos
2501 4228 2945 4284 Constitutiones
2985 4228 3179 4300 [Liber
3207 4228 3240 4282 6
3291 4227 3528 4284 Constit.

1946 4321 2392 4391 Apostolicarum
2419 4319 2596 4376 Clem.
2642 4335 2694 4374 c.
2725 4319 2815 4392 lli]
2844 4343 2854 4374 :
2888 4319 3066 4374 Videte
3097 4336 3160 4374 ne
3204 4319 3362 4374 libros
3401 4336 3530 4389 quos

237 4419 506 4482 θέλοντες
561 4419 788 4489 δόκησιν
843 4419 1126 4486 ἀποφῆναι
1166 4419 1265 4488 την
1309 4419 1588 4485 σάρκιυσιν
1637 4415 1832 4480 αὑτοῦ1

1950 4415 2102 4484 impii
2129 4415 2298 4468 nostri
2323 4413 2671 4482 inscriptione
2705 4413 3036 4474 utunierunt,
3068 4413 3388 4482 approbetis.
3413 4410 3529 4464 Non

235 4509 338 4564 καὶ
369 4511 482 4564 οῦκ
531 4511 589 4562 ἐν
641 4509 894 4580 ἀληθείᾳ.
959 4509 1083 4561 Ὅτι
1121 4508 1178 4561 δὲ
1218 4507 1393 4560 ταῦτα
1448 4507 1622 4577 ψεύδη
1676 4509 1840 4570 εἰσὶν,

237 4601 414 4654 ἄκουε
451 4601 565 4654 τῶν
592 4599 776 4674 [λείπ.
803 4600 1137 4672 Διατὰξεων]
1189 4599 1588 4653 ἀποστολικῶν·
1634 4598 1842 4666 Ὅμῖτε

235 4694 313 4748 τὰ
353 4695 456 4747 ἐπ’
489 4692 735 4762 ὀνόματι
767 4691 936 4761 ἡμῶν
978 4695 1116 4761 παρ’
1163 4691 1405 4746 ἀσεϐῶν
1439 4689 1847 4757 aquator-oena

231 4785 481 4850 βιϐλία.
525 4785 614 4854 μὴ
647 4785 1114 4855 παραδέχεσθαι.
1153 4785 1235 4838 Οὐ
1278 4783 1388 4852 τὰρ
1420 4783 1545 4848 τοῖς
1592 4764 1847 4850 ὀνόμασι

237 4875 368 4946 χρὴ
421 4874 584 4946 ὗμᾶς
634 4875 964 4944 προσέχειν
1005 4875 1126 4928 τῶν
1169 4873 1552 4936 ἀποστόλων,
1583 4871 1745 4926 ἀλλὰ
1775 4869 1850 4940 τῇ

241 4970 438 5038 φύσει
476 4968 600 5023 τῶν
651 4967 1034 5038 πραγμάτων,
1074 4967 1170 5024 καί
1220 4965 1294 5036 τῇ
1337 4964 1540 5036 γνώμῃ
1577 4964 1653 5033 τῇ
1685 4965 1850 5020 ἀδια-

241 5061 516 5130 στρόφφ·
553 5059 806 5127 οἴδαμεν
863 5058 997 5128 γὰρ,
1049 5059 1140 5113 ὅτι
1199 5061 1254 5113 οἱ
1308 5056 1443 5122 περὶ
1485 5056 1720 5124 Σίμωνα
1751 5057 1849 5110 καὶ

247 5155 571 5218 Κῖεόΰιον,
601 5151 744 5219 ἱὼὃη
777 5151 1198 5216 συντάξαντες
1221 5150 1436 5215 ,βιϐλία
1474 5149 1565 5201 ἐπ’
1607 5148 1853 5216 ὀνόματι

240 5245 544 5311 Χριστοῦ,
587 5245 684 5298 καὶ
729 5243 846 5298 τῶν
865 5242 1151 5312 μαθητῶν
1183 5241 1393 5304 αὑτοῦ,
1423 5240 1855 5320 περιφέρουσιν

1953 4505 2090 4558 enim
2125 4505 2338 4558 nomina
2373 4501 2732 4574 apostolorum
2765 4501 3035 4554 attendere
3077 4502 3288 4565 debetis,
3318 4501 3406 4554 sed
3436 4517 3533 4553 nn—

1955 4606 2130 4650 turnm
2164 4613 2360 4658 rerum,
2394 4607 2443 4650 et
2465 4598 2785 4650 sententiam
2827 4613 3102 4666 nunquam
3141 4615 3171 4650 η
3217 4607 3353 4648 recte
3379 4597 3538 4664 (Ir/Ic-

1949 4703 2097 4741 xam.
2147 4683 2350 4740 Scimus
2388 4688 2528 4740 enim
2555 4683 2823 4740 Simonem
2853 4693 2900 4738 et
2949 4684 3218 4739 Cleobium
3249 4695 3533 4738 venenatos

1955 4779 2113 4834 libros
2137 4781 2353 4833 nomine
2377 4779 2576 4834 Christi
2601 4789 2648 4832 et
2673 4777 3054 4848 discipulorum
3078 4779 3192 4848 ejus
3214 4779 3535 4846 composuis«
3572 4781 3585 4798 "

1950 4889 2026 4936 se,
2055 4889 2184 4944 quos
2210 4873 2279 4926 ad
2300 4889 2386 4926 vos
2407 4869 2740 4940 decipiendos
2762 4870 2853 4938 qui
2879 4867 3146 4924 Christum
3167 4867 3450 4930 dilexistis,
3471 4885 3536 4920 at:

1954 4981 2048 5019 nos
2073 4981 2250 5019 servos
2309 4965 2444 5036 ejus,
2499 4962 2902 5032 circumferunt.
2967 4961 3136 5032 Atque
3161 4962 3320 5014 etiam
3351 4963 3535 5032 priscis

1958 5055 2279 5127 temporibus
2327 5056 2548 5126 quidam
2605 5053 2764 5108 libros
2791 5061 3122 5124 apocryphos
3187 5054 3532 5122 scripserunt,

1955 5147 2170 5218 Moysis,
2207 5146 2410 5212 Enoch,
2443 5144 2639 5209 Adam,
2673 5144 2853 5208 Isaiw,
2892 5143 3086 5209 David,
3107 5143 3260 5205 Elim,
3291 5161 3352 5195 ac
3376 5143 3538 5194 trium

1959 5240 2427 5306 patriarcharum:
2482 5236 2640 5291 libros
2677 5238 2812 5299 dico,
2873 5237 3165 5305 pestiferos,
3215 5251 3278 5288 ac
3324 5235 3536 5286 veritati

1569 5349 1802 5404 VARle
1835 5348 2236 5403 LECTIONES.

318 5451 371 5478 ³³
397 5449 463 5501 (ἒ.
498 5449 819 5516 μεταφέρει.

235 5519 285 5552 ³³
319 5518 388 5573 C.
420 5519 537 5576 sine
557 5520 608 5574 6.

899 5447 945 5478 "’
968 5446 1406 5516 τοῦτο-ψυχῶν.
1456 5446 1656 5498 desunt
1709 5443 1761 5495 in
1800 5443 1862 5498 C.

1815 5582 2037 5638 NOTAE.

237 5680 505 5746 sumpsit,
539 5696 603 5731 ac
637 5687 884 5732 sanctum
911 5675 1164 5747 Spiritum
1196 5679 1496 5740 nominare,
1517 5679 1690 5731 dicens
1732 5679 1856 5728 mis-

239 5767 372 5804 sum
397 5750 562 5814 jua‘ta
598 5751 738 5816 (puni
769 5747 1020 5801 Salvator
1053 5749 1398 5816 promisisset.
1443 5749 1574 5812 Qua:
1612 5757 1856 5800 monstra

242 5820 536 5876 eouliusit
606 5837 846 5889 nequam
901 5819 1084 5884 homo,
1129 5819 1222 5872 ubi
1281 5834 1376 5886 per
1435 5818 1737 5888 discipulos
1791 5819 1855 5872 de

1941 5443 1986 5472 ³⁸
2011 5442 2074 5497 C.
2119 5441 2327 5512 ψυχῶν.
2409 5444 2453 5472 ⁸⁸⁵
2473 5439 2536 5493 C.
2571 5440 2910 5504 προσλαὸὼν.
2995 5437 3124 5491 "C.
3179 5435 3332 5489 addit
3377 5437 3522 5500 φασί.

1958 5677 2195 5729 (luris-tn.
2232 5692 2292 5726 ar
2326 5676 2444 5740 ejus
2471 5673 2722 5726 doctrina
2749 5687 2810 5726 ac
2839 5664 3187 5740 institutione
3205 5667 3533 5740 audivisset,

1963 5748 2076 5814 ipse
2115 5757 2332 5813 μιιηιιιις
2363 5739 2670 5814 τιτυίιιιιιιε,
2721 5758 2783 5795 ac
2820 5739 3105 5814 inﬂChristi
3139 5740 3404 5812 religione
3434 5739 3537 5792 ha-

1960 5811 2106 5884 τίνος,
2140 5816 2215 5869 uti
2241 5811 2434 5869 "auctor
2475 5813 2818 5886 perstringit.
2853 5811 3092 5874 COMBEF.
