3984 6296
231 319 300 386 εδ

1252 332 1349 398 DE
1388 333 1866 400 RECEPTIONE
1902 341 2506 411 HERETICORUM.

3439 354 3508 419 '26

234 437 330 491 καὶ
363 434 655 489 Σαδελλίου
679 439 775 491 τοῦ
804 437 1005 503 Λίϐυος
1036 444 1131 497 καὶ
1167 445 1451 501 Μοντανοῦ
1477 450 1689 520 αἵρεσιν
1722 454 1799 505 άν-

1921 457 2031 511 tani
2070 457 2323 513 haeresim
2348 458 2669 528 renovavit;
2693 461 3008 534 docuitque
3057 464 3231 518 Deum
3253 464 3507 519 Verbqu

238 525 519 581 ενεώσατο·
565 529 666 583 οὐκ
702 530 962 603 ἄναρχον,
1001 535 1123 588 οὐδὲ
1173 528 1393 593 πάντων
1444 542 1552 594 τῶν
1599 543 1818 598 αἰώνων

239 618 483 687 ποιητὴν,
515 619 642 672 οὐδὲ
665 620 850 692 πάσης
868 625 967 695 τῆς
998 626 1229 692 κτίσεως
1263 633 1693 705 προϋπάρχοντα
1723 635 1817 689 τὸν

234 707 362 759 Θεὸν
392 709 567 777 Λόγον
612 711 991 784 ἐδογμάτισεν⁵
1019 716 1156 771 ἀλλά
1196 721 1317 775 νέον
1360 726 1457 778 καὶ
1500 726 1818 797 πρόσφατον

234 798 429 866 καλῶν,
460 802 636 873 ἀρχὴν
673 803 911 861 λαϐόντα
942 810 1008 862 ὲκ
1035 813 1133 880 τῆς
1165 813 1309 867 κατὰ
1338 816 1518 887 σάρκα
1536 818 1643 889 τῆς
1668 820 1816 890 Παρ-

232 890 387 983 θένου
417 895 746 983 γεννήσεως.
764 896 995 954 Ὅντινα
1026 902 1293 958 Φωτεινὸν
1320 908 1352 978 ἡ
1380 908 1438 960 ἐν
1471 909 1692 983 Σερμίῳ
1719 928 1814 980 γε-

230 981 431 1052 νομένη
468 982 726 1052 σύνοδος,
775 989 838 1043 οὐ
897 992 1060 1061 μόνον
1106 995 1206 1065 τῆς
1258 998 1417 1064 ἀξίας
1455 981 1808 1071 ὲγύμνιυσεν,

228 1073 365 1129 ἀλλὰ
414 1074 510 1128 καὶ
541 1076 694 1141 ξένον
743 1078 846 1150 τῆς
887 1081 1182 1154 Ῥωμαίων
1222 1088 1552 1162 Ἐκκλησίας
1590 1094 1811 1164 ἀπεφή-

226 1181 373 1220 νατο.
408 1166 574 1221 Ὅθεν
602 1171 696 1223 καὶ
725 1172 776 1224 oi
806 1173 875 1226 εκ
909 1174 1118 1247 ταύτης
1164 1179 1451 1251 αἱρέσεως,
1497 1184 1592 1238 τοῦ
1640 1186 1800 1254 ἁγίου

223 1258 601 1330 βαπτίσματος
628 1263 925 1335 χρῄζουσιν
956 1269 1020 1322 ⁸⁸.

735 1380 1185 1446 Μαρκελλιανοί
1213 1382 1281 1436 ³⁸.

288 1486 349 1534 Οἱ
396 1484 506 1537 ἀπὸ
538 1486 863 1555 Μαρκέλλου
902 1485 1038 1562 (i7),
1091 1491 1151 1557 ὃς
1212 1495 1512 1562 ἐπίσκοπος
1574 1501 1801 1569 γέγονεν
1898 1482 1901 1487 Ι

228 1576 539 1651 ’Λγκυρῶν.

742 1696 1143 1751 Σαϐελλιανοί
1176 1700 1216 1731 ³¹
1228 1738 1244 1752 .

1923 563 2032 602 ηοη
2085 565 2276 605 carere
2324 551 2505 618 initio,
2546 567 2657 607 non
2706 569 2830 610 esse
2875 556 3227 611 conditorem
3252 557 3507 611 omnium

1921 642 2271 705 saeculorum,
2298 655 2402 696 nec
2449 643 2733 699 exstitisse
2774 653 2902 700 ante
2933 661 3127 702 omnes
3177 656 3505 712 creaturas;

1920 730 2034 785 imo
2066 747 2273 786 novum
2319 748 2447 787 eum
2491 749 2557 788 ac
2580 744 2861 790 recentem
2919 746 3099 801 vocat,
3150 740 3247 808 qui
3278 736 3504 791 initium

1918 826 2086 881 ducat
2122 842 2190 882 ex
2209 828 2446 900 ,garnali
2496 844 2526 882 a
2575 829 2801 900 Virgine
2843 831 3155 885 nativitate.
3201 830 3501 885 Photiuum

1917 918 2086 973 istum
2114 919 2438 974 Sirmieusis
2459 920 2712 993 synodus
2748 939 2859 976 non
2894 923 3059 977 modo
3087 923 3358 993 dignitate
3390 939 3498 976 nu-

1915 1008 2087 1071 davit,
2126 1009 2222 1064 sed
2252 1010 2420 1065 etiam
2475 1013 2864 1081 pronuntiavit
2919 1028 2949 1067 a
2980 1013 3358 1067 Romanorum
3390 1013 3497 1069 Ec-

1914 1102 2078 1156 clesia
2119 1114 2468 1157 extraneum.
2526 1103 2691 1175 335
2721 1105 2877 1161 Unde
2906 1107 3001 1179 qui
3050 1122 3121 1161 ex
3153 1107 3259 1161 hac
3287 1104 3489 1161 haeresi

1912 1192 2166 1259 veniunt,
2198 1192 2452 1265 indigent
2474 1211 2635 1251 sacro
2662 1196 3022 1267 baptismate.

2518 1388 2878 1447 Marcelliani.

1983 1500 2222 1556 Marcelli
2277 1509 2611 1570 sectatores,
2674 1506 2769 1575 qui
2808 1505 3136 1579 Ancyranus
3189 1512 3487 1585 episcopus

1906 1592 2140 1648 exstitit.

2529 1702 2848 1761 Sabelliani.

279 1803 342 1855 Οί
370 1802 484 1856 ἀπὸ
513 1803 804 1860 Σαϐελλίου
850 1806 947 1861 τοῦ
994 1809 1216 1875 Λίϐυος,
1253 1816 1606 1887 υίοπατορίαν
1652 1819 1798 1875 διδά·

1980 1817 2026 1872 Α
2055 1816 2300 1873 Sabellio
2344 1816 2572 1890 Libyco,
2625 1820 2721 1890 qui
2769 1819 2965 1876 docuit
2995 1807 3518 1894 Filio-paternitaQ

212 1909 457 1981 σκοντος,
486 1896 584 1949 καὶ
613 1896 742 1966 μίαν
770 1897 1066 1954 ὑπόστασιν
1112 1904 1206 1957 ἐπὶ
1251 1905 1350 1976 τῆς
1380 1907 1541 1976 ἁγίας
1573 1910 1804 1981 Τριάδος

211 1979 350 2035 εἶναι
378 1983 657 2051 λέγοντος.
704 1987 1071 2060 Παραπλήσια
1104 1993 1333 2058 τούτων,
1375 1998 1471 2051 καὶ
1508 1979 1802 2066 Σαϐελλιος

211 2074 395 2145 ἕτερος
433 2078 548 2148 (l8)
576 2078 878 2144 ἐπίσκοπος
913 2082 1307 2149 Πενταπόλεως
1333 2088 1661 2162 ἐφρόνησεν.
1692 2096 1802 2148 Καὶ

210 2165 374 2221 τοῦτο
405 2169 581 2221 εἰπεῖν
605 2170 930 2243 ἐτόλμησεν,
960 2173 1134 2240 Λόγον
1166 2177 1265 2245 μὲν
1292 2179 1547 2250 εἰρῆσθαι
1573 2184 1667 2238 τὸν
1701 2202 1799 2256 μο-

212 2261 434 2329 νογενῆ,
471 2261 610 2315 κατὰ
641 2262 831 2333 χρείαν
861 2263 955 2316 ἐπὶ
984 2265 1178 2335 καιροῦ
1230 2270 1588 2339 προελθόντα,
1634 2274 1799 2330 πάλιν

207 2347 263 2402 δὲ
311 2352 392 2413 είς
424 2352 518 2405 τὸν
558 2352 681 2406 ὅθεν
711 2353 938 2424 ἐξῆλθεν
973 2358 1492 2430 ἑπαναστρέψαντα,
1525 2363 1653 2419 οὔτε
1689 2366 1799 2438 πρὸ

203 2444 303 2511 τῆς
356 2438 546 2508 ἐξόδου
598 2439 759 2508 εἶναι,
808 2446 928 2501 οὐδὲ
963 2450 1099 2518 μετὰ
1137 2450 1237 2521 τὴν
1266 2452 1526 2509 ἐπάνοδον
1556 2456 1795 2526 ὑφεστά-

206 2549 311 2587 ναι.

811 2653 1192 2721 Σιμωνιανοί.
1532 2714 1533 2719 η

268 2759 331 2811 υἱ
362 2756 479 2811 ἀπὸ
510 2758 757 2828 Σίμωνος
781 2760 875 2814 τοῦ
911 2762 1112 2831 μάγου.
1147 2763 1297 2836 Αὕτη
1333 2764 1526 2840 πρώτη
1558 2769 1790 2839 αἵρεσις,

200 2847 274 2913 ὥς
301 2850 437 2918 φασί
470 2866 621 2915 τινες
643 2888 661 2915 ,
713 2852 824 2906 ἀπὸ
869 2853 1130 2922 Χριστοῦ.
1162 2850 1330 2922 Οὗτος
1362 2861 1391 2912 ό
1428 2860 1614 2929 Σίμων
1661 2861 1794 2931 γόης

200 2934 289 3011 ἦν,
317 2942 427 2996 ἀπὸ
457 2942 680 2996 Γετθῶν
707 2942 765 2997 δὲ
808 2943 1034 3016 ὡρμᾶτο
1071 2950 1170 3019 τῆς
1200 2950 1410 3011 πόλεως
1448 2954 1549 3021 τῆς
1581 2954 1642 3005 ὲν
1687 2954 1793 3006 Σαε-

204 3035 431 3107 μαρείᾳ,
463 3036 818 3107 Σαμαρείτης
851 3036 948 3092 ὥν.
995 3040 1302 3108 Ἐφάνταζε
1327 3043 1385 3098 δὲ
1410 3043 1473 3097 τὸ
1501 3047 1658 3113 γένος
1682 3044 1792 3099 τῶν

1910 1916 2041 1973 tem,
2081 1923 2360 1978 unamque
2414 1908 2756 1980 hypostasim
2796 1910 3023 1967 admisit
3048 1911 3103 1967 in
3131 1923 3323 1971 sancta
3361 1915 3488 1971 Tri-

1905 2000 2101 2055 nitate.
2134 1998 2234 2055 llis
2259 1999 2461 2054 similia
2482 2010 2539 2055 et
2565 2001 2709 2056 alius
2743 2002 2923 2057 sensit
2949 2002 3230 2060 Sabellius
3257 2008 3483 2077 episco-

1904 2107 2007 2162 pus
2045 2091 2386 2161 Pentapolis.
2419 2091 2649 2163 Hocque
2691 2092 2969 2150 aﬂirmare
3006 2112 3175 2152 ausus
3207 2108 3316 2158 est.
3349 2099 3488 2155 Ver-

1903 2181 2037 2237 bum
2076 2181 2288 2236 dictum
2326 2197 2451 2236 esse
2499 2182 2868 2253 unigenitum,
2894 2199 2963 2239 ex
2999 2201 3099 2240 usu
3141 2188 3199 2242 in
3232 2196 3483 2259 tempore

1901 2274 2199 2346 prodiisse,
2252 2290 2558 2344 rursusque
2616 2275 2852 2331 rediisse
2897 2278 3047 2333 unde
3086 2279 3320 2346 exierat,
3378 2296 3484 2338 nec

1901 2376 2029 2422 ante
2064 2366 2279 2421 exitum
2315 2365 2619 2432 exstitisse,
2664 2382 2847 2438 neque
2888 2377 3013 2439 post
3053 2368 3297 2425 reditum
3330 2371 3471 2427 sub-

1899 2459 2116 2517 sistere.

2528 2662 2849 2720 Simoniani.

1967 2777 2068 2843 Qui
2102 2791 2131 2830 a
2164 2775 2393 2832 Simone
2424 2774 2601 2846 Mago.
2640 2775 2768 2830 Haec
2804 2784 2911 2838 est,
2947 2782 3010 2830 ut
3043 2776 3203 2832 aiunt
3223 2775 3473 2847 quidam,

1900 2869 2077 2938 prima
2135 2876 2257 2938 post
2305 2867 2594 2922 Christum
2661 2866 2909 2922 haeresis.
2963 2867 3158 2923 Simon
3209 2871 3313 2924 iste
3360 2879 3482 2925 erat

1900 2959 2285 3029 praestigiator,
2338 2957 2613 3012 oriundus
2669 2973 2701 3013 e
2759 2957 2966 3013 Gittliis
2995 2959 3259 3015 Samaria:
3314 2960 3479 3029 urbe,

1897 3049 2296 3103 Samaritanus.
2323 3046 2635 3100 Fascinavit
2653 3045 3055 3101 Samaritarum
3110 3056 3357 3118 gentem,
3385 3048 3476 3103 di-

197 3125 587 3198 Σαμαρειτῶν,
616 3128 793 3197 λέγων
821 3132 1021 3185 ἑαυτὸν
1064 3127 1206 3187 εἷναί
1240 3151 1364 3189 τινα
1406 3136 1653 3207 μεγάλην
1680 3137 1785 3191 Δύ-

1904 3156 2025 3196 :ens
2053 3157 2109 3197 se
2137 3156 2259 3194 esse
2308 3154 2563 3209 magnam
2593 3138 2866 3193 Virtutem
2898 3139 3016 3205 Dei,
3050 3154 3113 3192 ac
3144 3156 3175 3194 e
3222 3140 3481 3209 superuis

199 3234 369 3289 ναμιν
420 3220 520 3275 τοῦ
576 3222 738 3286 Θεοῦ,
777 3225 869 3278 καὶ
922 3225 1131 3281 ἄνωθεν
1184 3229 1652 3300 καταϐεϐηκὲναι.
1687 3231 1792 3284 Τὺν

198 3313 425 3384 Πατέρα
443 3314 502 3368 δὲ
526 3314 717 3383 ἔλεγεν
742 3318 933 3371 ἑαυτὸν
950 3322 1062 3382 τοῖς
1090 3321 1481 3392 Σαμαρείταις·
1516 3322 1792 3387 Ἰουδαίοις

193 3408 248 3462 δὲ
276 3407 469 3477 ἔλεγεν
501 3404 649 3462 εἶναι
679 3410 872 3463 ἑαυτὸν
903 3411 993 3464 τὸν
1048 3412 1178 3466 Υίόν
1202 3428 1216 3444 ⁸
1252 3412 1496 3468 παθόντα
1550 3413 1668 3484 μὲνν
1713 3415 1787 3486 μὴ

194 3501 533 3556 πεπονθέναι
593 3502 672 3568 δὲ,
727 3501 858 3557 ἀλλὰ
911 3504 1138 3574 δοκήσει
1184 3505 1366 3573 μόνον.
1401 3506 1640 3560 Γυναῖκα
1676 3508 1787 3577 γάρ

190 3610 312 3648 τινα
336 3593 517 3664 ἑαυτῷ
545 3593 852 3665 εὑράμενος
905 3595 1014 3649 ἀπὸ
1055 3597 1155 3665 τῆς
1185 3596 1403 3668 Τυρίων
1449 3597 1660 3660 πόλεως
1690 3597 1785 3651 σύ-

191 3684 352 3755 ζυγον
378 3687 555 3741 αὐτοῦ
593 3686 858 3757 πορνάδα,
890 3687 1116 3759 Πνεῦμα
1150 3688 1309 3756 ἅγιον
1344 3686 1486 3742 εἶναι
1516 3690 1784 3761 τετόλμη-

189 3796 250 3833 κε
281 3780 503 3849 λέγειν,
553 3779 653 3833 καὶ
686 3778 779 3834 διὰ
814 3780 1023 3852 ταύτην
1061 3781 1509 3852 κατεληλυθέναι.
1562 3784 1783 3850 Ταύτην

187 3867 243 3923 δὲ
261 3868 452 3938 ἔλεγεν
473 3867 757 3940 πρόϐατον
786 3869 1210 3941 πεπλανημένον
1237 3868 1400 3937 εἶναι,
1436 3873 1533 3927 καὶ
1561 3875 1618 3926 ἐν
1648 3874 1781 3928 ἑκά·-

189 3975 297 4032 στῳ
324 3960 546 4032 οὐρανῷ
583 3962 1118 4034 μεταμορφουμένην
1155 3965 1296 4019 κατὰ
1319 3964 1417 4037 τὴν
1447 3966 1664 4037 μορφὴν
1684 3966 1780 4020 τοῦ

187 4051 418 4107 ἑκάστου
458 4049 725 4125 οὐρανοῶ
767 4050 854 4104 ἵνα
885 4051 1034 4106 λάθω
1079 4053 1179 4119 τὰς
1221 4054 1520 4124 άγγελικάς
1554 4072 1656 4126 μου
1686 4054 1780 4109 δυ-

186 4142 396 4212 νάμεις,
428 4146 530 4199 καὶ
560 4142 813 4196 κατέλοω
841 4143 937 4196 ἐπὶ
962 4143 1063 4213 τὴν
1092 4144 1325 4213 ἔννοιαν,
1356 4147 1479 4218 ἥτις
1508 4147 1656 4201 ἐστὶν
1683 4146 1783 4203 αὖ-

186 4252 269 4305 τη.
295 4239 328 4309 ἡ
362 4237 460 4293 καὶ
497 4237 732 4309 Πνεῦμα
767 4238 924 4308 ἅγιον
969 4239 1307 4310 καλουμένη,
1335 4239 1404 4294 δι’
1432 4233 1504 4313 ἧς
1528 4240 1654 4303 τοὺς
1679 4240 1781 4307 ἀγ·-

1896 3232 2277 3288 descendisse.
2311 3230 2547 3285 Addidit
2577 3245 2638 3286 se
2667 3229 3035 3284 Samaritanis
3058 3244 3185 3286 esse
3206 3231 3425 3288 Patrem
3444 3273 3463 3300 ,

1892 3323 2098 3381 Judzeis
2123 3337 2259 3379 vero
2280 3322 2517 3387 Filium;
2551 3321 2609 3376 in
2640 3321 2900 3391 passione
2947 3336 3310 3391 nequaquam
3344 3338 3476 3393 pas-

1892 3427 2039 3476 sum,
2062 3412 2163 3468 sed
2192 3412 2549 3468 solummodo
2578 3410 2755 3466 visum
2791 3410 2930 3481 pati.
2967 3410 3258 3467 Inventam
3308 3412 3415 3467 sibi
3444 3427 3477 3468 e

1894 3506 2175 3578 Tyrorum
2210 3505 2440 3561 civitate
2468 3503 2762 3559 mulierem
2793 3502 3147 3558 meretricem
3182 3504 3476 3574 conjugem

1894 3613 2072 3664 suam,
2106 3613 2280 3654 ausus
2306 3606 2392 3654 est
2421 3596 2612 3653 dicere
2652 3596 2820 3668 386
2875 3595 3144 3666 Spiritum
3194 3603 3473 3666 sanctum,

1891 3692 1967 3748 ob
2001 3706 2168 3762 quam
2234 3690 2613 3746 descenderit.
2671 3689 2939 3745 Eamdem
3002 3690 3296 3745 allirmavit
3350 3706 3474 3747 esse

1888 3798 2052 3839 ovem
2091 3782 2468 3839 errabundam
2518 3798 2584 3837 ac
2641 3782 2698 3837 in
2729 3797 3070 3853 unoquoque
3114 3783 3258 3839 caelo
3289 3792 3470 3839 trans«

1888 3874 2184 3930 formatam
2216 3873 2391 3929 fuisse
2438 3874 2596 3944 juxta
2620 3875 2892 3945 cujusque
2922 3873 3050 3930 cmli
3080 3873 3351 3940 formam;
3387 3881 3470 3942 ut,

1882 3965 2088 4037 inquit,
2123 3966 2354 4022 laterem
2391 3966 2674 4037 angelicas
2706 3981 2858 4022 meas
2897 3966 3163 4032 virtutes,
3207 3979 3274 4021 ac
3295 3964 3470 4023 deve-

1856 4052 2068 4114 'nirem
2123 4057 2195 4113 ad
2248 4058 2536 4124 Enumam,
2588 4073 2712 4128 qua
2761 4065 2849 4115 est
2900 4058 3041 4123 haec,
3073 4069 3268 4115 vocata
3298 4058 3471 4119 etiam

1883 4148 2128 4220 Spiritus
2169 4156 2423 4210 sanctus,
2455 4162 2558 4217 per
2613 4161 2781 4215 quam
2830 4148 3018 4202 creavi
3072 4148 3319 4218 angelos.
3378 4148 3471 4215 Ait

1884 4246 2151 4309 praeterea
2189 4236 2337 4307 quod
2373 4237 2551 4308 angeli
2589 4235 2905 4290 creaverim
2935 4235 3205 4290 mundum
3262 4246 3320 4291 ct
3359 4238 3461 4295 i109

168 4464 173 4473 λ
1504 4396 1737 4452 nam
1780 4395 2192 4453 LECTIONES.

167 4486 173 4553 ξ
251 4490 295 4521 ”
326 4491 604 4553 Φωτεινὺς
632 4492 925 4558 ἐπίσκοπος
967 4521 1025 4537 -—-
1055 4492 1603 4566 xpﬁiouctvfdesunt
1635 4494 1690 4548 in
1723 4493 1785 4549 C.
1866 4492 1912 4525 ³⁸
1948 4491 2106 4546 deest
2130 4491 2184 4545 in
2211 4489 2274 4548 C.
2356 4490 2400 4523 “
2425 4489 2581 4545 deest
2608 4488 2664 4543 in
2693 4486 2757 4543 C.

1705 4631 1917 4689 NOTAE
1928 4670 1943 4687 .

247 4720 355 4791 (l7)
388 4723 459 4777 Ol
488 4721 620 4776 ἀπὸ
646 4722 1032 4791 Μαρκέλλου.
1080 4722 1239 4779 Circa
1273 4723 1518 4780 haereses
1567 4738 1762 4791 pauca,

181 4793 408 4864 quando"
447 4793 632 4848 nimis
664 4793 839 4848 multa
883 4801 1015 4849 sunt
1063 4809 1187 4864 qua:
1226 4805 1470 4864 possent
1524 4793 1713 4850 aﬂerri
1749 4811 1762 4848 :

180 4863 510 4933 etquzedam
560 4864 774 4933 protuli
818 4865 954 4935 jam,
1002 4863 1117 4919 tum
1154 4873 1195 4919 t.
1225 4863 1268 4928 Ῐ,
1311 4874 1426 4920 tum
1457 4865 1613 4921 alibi.
1667 4864 1770 4920 llic

1873 4721 2105 4777 turalem
2135 4724 2335 4797 decepit
2383 4724 2479 4777 hoc
2523 4722 3047 4797 uestimentumsed
3079 4725 3135 4778 in
3183 4730 3463 4797 sempiterq,

1874 4809 2024 4864 nium,
2051 4803 2112 4847 ut
2136 4794 2191 4847 id
2223 4793 2385 4848 etiam
2432 4808 2546 4848 suae
2597 4793 2866 4848 divinitati
2913 4796 3114 4864 faceret
3159 4793 3460 4857 consedere.

1876 4862 2038 4934 Eum,
2077 4864 2324 4934 inquam,
2373 4864 2556 4934 locum
2605 4862 2945 4934 proponam;
2977 4865 3110 4934 quia
3138 4866 3463 4934 doctissimo

182 4932 308 4988 vero
379 4932 650 4989 testatam
701 4932 896 5004 primo
963 4935 1272 5004 relinquam
1349 4935 1773 4990 admirationem
1808 4933 2078 4998 Deditori
2110 4932 2289 4988 visum
2341 4941 2431 4988 est
2464 4932 2708 5004 Marcelli
2744 4949 2948 4989 nomen
2991 4932 3197 4991 debere
3249 4932 3458 4994 substi-é

183 5018 369 5066 meam,
409 5019 526 5074 quo
581 5003 751 5059 modo
804 5003 1138 5060 Marcelliani
1177 5006 1500 5061 transierint
1532 5006 1589 5061 in
1628 5005 1771 5060 Mar-

183 5074 434 5130 cionistas
471 5084 588 5130 act.
647 5074 716 5128 16
756 5074 978 5130 concilii
1018 5074 1508 5141 Chalcedonensis,
1554 5076 1651 5130 ubi
1699 5075 1768 5131 de

184 5156 381 5199 canone
414 5144 439 5198 i
484 5144 601 5201 (ΣΡ.
640 5151 697 5201 et
728 5145 782 5198 in
822 5144 1246 5200 Macedonianos
1274 5145 1329 5200 in
1354 5146 1642 5202 nonnullis
1669 5161 1768 5201 co-

184 5211 391 5269 dicibus
416 5215 644 5271 Latinis
675 5215 805 5269 dicti
840 5215 1087 5270 canonis.
1138 5215 1397 5270 Secundo
1442 5225 1627 5271 autem
1684 5217 1768 5271 lo—

183 5298 300 5337 cum
329 5300 656 5355 proponam
689 5284 952 5342 Nestorii.
1001 5301 1167 5340 serm.
1204 5286 1292 5349 12,
1322 5286 1467 5355 apud
1498 5287 1768 5341 Mercato-

182 5367 290 5408 rem
314 5353 578 5427 Carnem
625 5355 660 5410 4
701 5356 757 5427 in
786 5355 1165 5427 subsequente
1194 5356 1331 5411 edit.
1357 5353 1373 5409 Ξ
1403 5356 1697 5427 Propterea
1718 5365 1772 5411 et

180 5425 687 5480 omniumDominus
712 5425 930 5480 indutus
952 5435 1027 5479 est
1059 5432 1298 5481 nostram
1327 5425 1603 5491 naturam,
1631 5444 1769 5481 mm-

179 5510 331 5566 quam
360 5493 654 5566 spoliabile
689 5495 925 5566 videlicet
951 5495 1166 5550 deitatis
1205 5498 1593 5561 vestimentum,
1624 5498 1769 5552 inse-

179 5564 413 5637 parabile
454 5565 831 5622 indumentum
883 5565 1077 5620 divina:
1131 5567 1465 5637 substantia,
1493 5568 1766 5637 speculum

86 5648 90 5653 '
177 5634 385 5708 Domini
419 5637 704 5708 omnium;
733 5638 875 5705 quod
902 5652 1021 5708 cum
1062 5645 1271 5692 natura
1300 5634 1761 5708 (malim'natura)

178 5707 484 5777 dignitatem
518 5707 799 5777 propriam
845 5707 1169 5777 perdidisset,
1199 5709 1407 5762 tametsi
1441 5708 1606 5761 decies
1642 5706 1763 5760 mii-
1802 5706 1805 5707 ⁷

177 5775 264 5845 Ile:
282 5775 561 5847 irascatur
589 5776 814 5831 audiens
843 5775 1183 5845 Manicltmw,
1219 5794 1321 5849 non
1361 5778 1431 5850 qd
1470 5795 1621 5843 usum
1662 5795 1761 5845 nq-

1879 5004 1990 5071 tui;
2046 5018 2173 5060 cum
2220 5012 2402 5058 tamen
2460 5002 2699 5073 celebris
2745 5004 2820 5058 sit
2874 5004 3157 5073 Manichmi
3199 5022 3359 5063 error
3388 5009 3458 5066 de

1872 5087 2040 5147 carne
2063 5074 2282 5147 AChristi
2324 5073 2533 5147 in__so_l_e
2567 5072 2867 5147 deposita,
2886 5081 2949 5129 ut
2978 5075 3182 5147 ridere
3197 5087 3283 5131 est
3313 5095 3456 5147 prte-

1873 5144 2035 5214 cipue
2061 5145 2116 5198 in
2146 5143 2419 5199 Anastasii
2461 5142 2692 5214 Hodeﬁgo,
2720 5160 2772 5212 p.
2805 5146 2875 5200 94
2895 5153 2953 5200 et
2978 5145 3103 5200 252.
3142 5142 3335 5201 Tertio
3359 5149 3456 5203 de.

1871 5213 2040 5284 nique
2073 5214 2279 5270 addere
2308 5214 2444 5268 libet
2469 5229 2537 5267 ex
2567 5213 2881 5285 Nicephoro
2907 5214 3051 5285 Eccl.
3090 5215 3228 5270 Hist.
3259 5217 3357 5272 lib.
3397 5235 3452 5285 κ,

2021 5284 2111 5348 36,
2141 5299 2281 5367 .rem
2327 5291 2519 5367 aperte
2562 5283 2936 5367 falsissimam,
2982 5283 3277 5367 Qrigenem
3317 5283 3457 5343 scri-

1872 5353 2052 5426 psisse
2090 5353 2362 5426 adversus
2399 5353 2817 5426 Marcellumget
2861 5353 3259 5426 Porphyrium;
3292 5370 3451 5410 erro-

1870 5439 2012 5496 rem,
2028 5425 2277 5495 inquam,
2297 5423 2437 5479 adeo
2455 5438 2701 5496 crassum
2728 5423 3165 5496 immanemque,
3187 5435 3249 5480 ut
3271 5428 3456 5496 suspia-

1870 5494 1958 5548 cio
1999 5493 2346 5565 suggeratur,
2386 5509 2418 5565 e
2455 5501 2607 5548 textu
2646 5493 3154 5565 Callistigelaps’um
3185 5508 3307 5549 esse
3353 5493 3453 5553 nos

1871 5579 1996 5621 men
2023 5561 2272 5633 Eusebii,
2305 5562 2402 5633 qui
2436 5571 2735 5633 utrumque
2758 5561 3087 5633 confutarit.

1943 5633 2055 5704 (18)
2095 5631 2423 5704 Σαόᾇλλὶος
2456 5631 2677 5701 ἔτεροςξ.
2703 5632 2854 5688 Duos
2887 5632 3156 5693 Sabellios
3197 5648 3307 5693 non
3339 5652 3452 5704 mn.

1871 5702 2005 5760 mini
2032 5702 2119 5760 me
2144 5702 2274 5759 alibi
2310 5703 2513 5773 legere.
