3984 6296
228 367 301 436 1.9
655 487 677 498 _
1261 388 1359 454 DE
1393 393 1870 464 RECEPTIONE
1910 407 2508 476 meammeam.
3444 396 3528 498 δ’δ’

214 441 225 473 ί

231 484 482 554 χομένων
528 487 843 544 ἀπάθειαν·
884 493 977 548 καὶ
1031 494 1217 567 μόνοις
1252 502 1463 569 γίνεται
1504 507 1673 577 θεατὴ
1716 514 1830 573 τοῖς
1859 517 1900 573 Λ
1933 534 2032 572 ner

232 577 495 643 τοιούτοις
522 578 855 653 ἀνθρώποις,
895 581 1179 659 σαρκικῶς
1204 594 1296 645 ὑπ’
1328 597 1510 651 αὐτῶν
1544 602 1821 673 ὁρωμένη.

312 678 384 735 ς’.
420 672 692 742 Λέγουσιν
738 678 821 730 ὅτι
870 683 1020 751 τρεῖς
1074 684 1439 757 ὑποστάσεις,
1476 694 1686 764 Πατρὸς
1734 698 1825 749 καὶ

234 759 370 815 Υἱοῦ
397 766 492 818 καὶ
526 767 684 835 ἁγίου
721 770 1059 842 Πνεύματος,
1086 777 1166 840 είς
1204 779 1333 848 μίαν
1364 759 1664 839 ὑπόστασιν
1691 790 1826 842 ἀνα-

226 851 456 909 λύονται
492 859 587 911 καὶ
618 861 1089 945 μεταϐάλλονται·
1142 871 1237 924 καὶ
1280 873 1363 926 ὅτι
1410 876 1444 946 ἠ
1490 875 1611 932 θεία
1662 881 1824 948 φύσις

224 947 493 1017 τρέπεται
525 952 619 1005 καὶ
667 955 1068 1025 μεταϐάλλεται
1113 963 1196 1026 είς
1234 965 1372 1036 ὅπερ
1416 968 1482 1022 ἂν
1531 969 1692 1043 ἐθέλῃ
1728 976 1825 1029 καὶ

226 1037 510 1107 βούλεται,
556 1042 645 1098 ἵνα
689 1048 970 1121 συγκραθῇ
1002 1053 1121 1117 ταῖς
1152 1054 1352 1127 ἑαυτῆς
1383 1057 1565 1124 ἀξίαις
1598 1037 1819 1134 ψυγαῖς.

303 1222 371 1287 ζ’.
407 1226 676 1296 Λέγουσιν
728 1232 812 1285 ὅτι
854 1233 1079 1305 σπέρμα
1115 1238 1210 1291 καὶ
1242 1239 1413 1309 Λόγος
1447 1242 1706 1299 ἐνέπεσεν
1742 1250 1820 1313 εἰς

219 1316 332 1387 τὴν
355 1320 598 1390 Μαρίανο
626 1327 722 1377 καὶ
750 1325 832 1379 ὅτι
866 1327 927 1381 τὺ
954 1328 1117 1399 σῶμα
1138 1330 1166 1382 ὃ
1193 1332 1455 1389 ἀνέλαϐεν
1488 1338 1545 1404 ἐξ
1586 1340 1759 1411 αὐτῆς
1793 1344 1821 1395 ὁ

222 1407 455 1479 Κύριος,
486 1412 761 1484 δαιμόνων
787 1413 855 1490 ἦν
883 1420 1336 1494 πεπληρωμένον,
1363 1428 1455 1482 καὶ
1483 1407 1737 1497 ἐξέϐαλεν
1754 1435 1821 1489 τὰ

217 1500 503 1573 δαιμόνια,
540 1508 637 1562 καὶ
664 1508 841 1587 οὕτως
875 1514 1009 1570 αὐτὸ
1044 1518 1355 1575 ἐνεδύσατο.

297 1601 368 1664 η’.
403 1597 670 1665 Λέγουσιν
703 1603 786 1657 ὅτι
812 1604 904 1660 τὸν
925 1608 1214 1681 ἄνθρωπον
1249 1613 1308 1666 ὃν
1332 1614 1593 1672 ἀνέλαϐεν
1627 1618 1691 1673 ἐκ
1720 1620 1819 1686 τῆς

217 1686 449 1758 Μαρίας
477 1690 506 1741 ὁ
539 1693 767 1764 Κύριος,
802 1698 935 1751 ποτὲ
970 1699 1071 1771 μὲν
1115 1704 1280 1757 αὑτὸν
1320 1706 1399 1771 είς
1424 1707 1642 1781 πνεῦμα
1683 1729 1815 1782 μετ-

152 1804 159 1808 -
219 1778 452 1835 έϐαλλεν
474 1784 544 1847 ιτ,
570 1787 702 1840 ποτὲ
728 1788 785 1842 δὲ
825 1791 908 1855 είς
942 1793 1121 1865 σῶμα·
1152 1796 1290 1851 διότι
1319 1799 1366 1832 σε
1398 1801 1533 1854 αὐτὸ
1558 1778 1619 1856 ica
1654 1778 1816 1875 σιῦμα

215 1872 322 1926 τοῦ
356 1875 561 1947 Κυρίου
593 1863 1140 1959 ἀπερίγραπτοντῆν,
1178 1888 1429 1963 καθάπερ
1470 1893 1502 1963 ἡ
1548 1893 1668 1949 θεία
1705 1863 1810 1965 φΙύ-
1852 1863 1891 1918 Β

217 1980 335 2028 σις.

298 2054 367 2109 θ’.
401 2058 667 2127 Λέγουσιν
714 2064 796 2117 ὅτι
844 2068 983 2137 μετᾶ
1032 2069 1131 2142 τὴν
1178 2072 1274 2127 τοῦ
1308 2072 1562 2146 δαίμονος
1615 2080 1811 2134 τούτου

211 2147 324 2202 τοῦ
359 2157 787 2226 συνουσιωμένου
837 2164 950 2226 τοῖς
1004 2165 1315 2237 ἀνθρώποις
1339 2211 1354 2235 ,
1387 2170 1474 2224 διὰ
1507 2171 1608 2243 τῆς
1637 2175 1810 2244 χρέμ-

208 2239 378 2311 ψεὼς
407 2262 468 2298 τε
504 2248 599 2300 καὶ
632 2250 991 2320 ἀποπτύσεως
1040 2259 1338 2332 γινομένης
1369 2239 1577 2330 δίωξιν,
1626 2239 1811 2321 dixe}:

208 2333 406 2389 δεῖται
442 2341 717 2407 νηστείας,
759 2343 790 2415 ἦ
827 2345 994 2418 ἄλλης
1032 2350 1275 2423 ψυχικῆς
1306 2354 1338 2426 ἦ
1371 2359 1695 2429 σωματικῆς
1721 2362 1812 2431 ἐγ-

210 2429 488 2500 κρατείας
513 2435 542 2487 ὁ
571 2433 860 2507 ἄνθρωπος
894 2442 1031 2513 πρὸς
1061 2445 1440 2517 παιδαγωγίαν
1481 2451 1576 2505 τοῦ
1625 2429 1812 2526 σώμα-

224 2539 339 2585 ;ος·
369 2524 485 2576 ἀλλ’
511 2527 633 2581 οὐδὲ
668 2529 1019 2599 διδασκαλίας
1048 2536 1150 2608 τὴν
1186 2537 1366 2611 ψυχὴν
1412 2524 1807 2617 ῥυθμιζούσης·

230 2614 298 2679 τις
344 2618 436 2671 καὶ
460 2618 552 2672 τοῦ
580 2621 833 2693 σώματος
866 2626 1318 2703 ἠλευθερωμένου
1345 2635 1441 2706 τῆς
1482 2637 1590 2690 τῶν
1617 2638 1809 2695 παθῶν

253 2714 607 2782 πικρατείας,
641 2718 735 2771 καὶ
764 2719 865 2788 τῆς
897 2721 1077 2794 ψυχῆς
1106 2726 1314 2797 μηκέτι
1343 2728 1609 2803 δεκτικῆς
1639 2732 1808 2803 οὔσης

224 2801 326 2893 της
354 2803 447 2855 ἐπὶ
467 2804 534 2858 τὰ
567 2807 736 2879 χείρω
776 2812 973 2883 ῥοπῆς
1008 2813 1081 2878 ὡς
1107 2816 1203 2870 καὶ
1232 2817 1334 2887 τῆς
1371 2801 1683 2893 ψυχῆςνκαὶ
1714 2801 1807 2879 τοῦ

224 2890 476 2962 σώματος
504 2899 561 2950 ἐν
600 2898 845 2972 ἀπαθείᾳ
874 2901 1061 2957 λοιπὸν
1094 2907 1418 2978 γινομένων.

294 2991 349 3037 ι’.
386 2987 653 3056 Λέγουσιν
673 2992 754 3046 ὅτι
789 2993 931 3064 μετά
946 2995 1045 3066 τὴν
1076 2996 1380 3072 λεγομένην
1417 3005 1549 3076 παρ’
1580 3006 1808 3061 ἐκείνων

209 3077 524 3148 ἀπάθειαν,
557 3083 745 3141 λοιπὸν
775 3087 870 3141 καὶ
906 3088 975 3143 τὰ
1015 3090 1279 3162 μέλλοντα
1315 3098 1559 3170 προορᾷν
1607 3100 1657 3153 οἱ
1709 3100 1805 3155 άν-

2039 520 2118 573 Ξηι
2164 540 2176 575 :
2219 525 2352 579 solis
2408 525 2682 597 ejusmodi
2744 528 3066 589 hominibus
3119 538 3513 607 aspectabilem

1927 627 2072 676 esse,
2110 624 2165 669 et
2194 618 2492 673 carnaliter
2515 620 2584 675 ab
2610 620 2720 677 illis
2747 627 3015 696 conspici.

2000 702 2052 756 6.
2085 704 2164 758 lta
2199 706 2368 761 etiam
2415 709 2721 779 loquuntur
2752 713 2927 771 :Tres
2957 718 3301 789 liypostases,
3333 725 3514 781 Patris

1929 803 1985 848 et
2012 795 2134 849 Filii
2159 805 2208 850 et
2241 799 2481 869 Spiritus
2501 805 2699 871 sancti,
2723 806 2777 861 in
2805 823 2971 863 unam
3004 813 3363 870 resolvuntur
3390 833 3515 871 mu-

1932 893 2230 955 tanturque
2281 892 2646 961 hypostasim.
2688 895 2757 951 Et
2789 897 2979 953 divina
3014 910 3213 958 natura
3272 907 3511 962 vertitur

1928 987 2090 1048 atque
2151 993 2526 1039 commutatur
2559 987 2615 1041 in
2672 990 2964 1059 quodlibet
3018 995 3256 1051 voluerit
3287 1006 3342 1053 ct
3390 1006 3511 1070 pla-

1927 1068 2126 1135 cuerit,
2180 1082 2239 1127 ut
2290 1076 2719 1133 commisceatur
2765 1098 2890 1136 cum
2923 1083 3213 1142 animabus
3260 1089 3376 1160 ipsa
3422 1090 3508 1145 di-

1927 1159 2070 1230 gnis.
2734 1170 2761 1190 ‘

1996 1253 2047 1307 7.
2071 1256 2341 1313 Asserunt
2386 1275 2576 1317 semen
2634 1280 2697 1320 ac
2726 1266 2969 1324 Verbum
2999 1270 3261 1347 incidisse
3316 1275 3369 1329 in
3402 1275 3511 1330 Ma—

1928 1345 2065 1399 riam
2098 1363 2111 1400 :
2149 1357 2206 1404 et
2229 1366 2434 1423 corpus
2459 1356 2606 1424 quod
2641 1374 2707 1412 ex
2738 1359 2856 1428 ipsa
2895 1361 3167 1418 Dominus
3186 1345 3507 1437 assumpsit,

1923 1435 2148 1505 plenum
2208 1439 2381 1497 fuisse
2444 1444 2822 1513 dannonibus;
2877 1466 3001 1520 qua:
3065 1452 3337 1509 daemonia
3375 1435 3510 1525 ipse

1923 1526 2171 1597 ejecerit,
2199 1530 2389 1602 sicque
2418 1533 2666 1591 induerit
2691 1537 2849 1595 illud.

1994 1618 2046 1672 8.
2076 1617 2364 1677 Aﬂirmant
2390 1625 2549 1694 quod
2579 1626 2864 1683 hominem
2897 1646 3064 1701 quem
3107 1633 3176 1690 de
3217 1634 3384 1690 Maria
3427 1652 3509 1692 as-

1923 1709 2155 1778 sumpsit
2175 1710 2462 1778 Dominus,
2495 1716 2797 1787 aliquando
2824 1719 2882 1774 in
2910 1722 3190 1792 spiritum,
3211 1727 3508 1797 aliquando

1924 1798 1979 1853 in
2013 1815 2214 1871 corpus
2231 1805 2480 1861 mutabat
2522 1824 2536 1860 :
2570 1808 2702 1879 quia
2742 1810 2921 1881 ipsum
2955 1830 3157 1886 corpus
3173 1818 3392 1876 Domini
3417 1820 3504 1876 in-

1922 1888 2409 1965 circumscriptuin
2446 1910 2587 1968 erat,
2624 1901 2769 1958 sicut
2796 1916 2999 1961 natura
3031 1906 3240 1964 divina.
3448 1908 3451 1911 λ

1992 2072 2046 2127 9.
2074 2071 2189 2129 lloc
2217 2076 2511 2145 proferunt
2543 2098 2557 2133 :
2583 2081 2714 2138 Post
2742 2084 3010 2143 daemonis
3043 2088 3210 2160 hujus
3259 2092 3506 2148 homini-

1919 2165 2046 2231 bus,
2070 2175 2130 2221 ut
2157 2167 2229 2223 ita
2259 2169 2461 2237 dicam,
2485 2174 2972 2247 consubstantiati,
3008 2197 3108 2251 per
3130 2182 3291 2255 403
3320 2200 3505 2240 screa~

1920 2267 2038 2313 tum
2071 2276 2135 2316 ac
2182 2271 2407 2331 sputum
2456 2265 2659 2322 factam
2704 2272 3109 2340 cxpulsionem,
3169 2278 3381 2348 jejunio
3407 2290 3506 2332 aut

1918 2349 2027 2404 alia
2050 2352 2248 2408 animae
2273 2355 2357 2409 vel
2379 2359 2633 2427 corporis
2652 2360 2992 2419 abstinentia
3020 2381 3129 2420 non
3160 2369 3400 2439 amplius
3421 2370 3507 2425 in-

1918 2440 2069 2511 diget
2097 2442 2264 2497 homo
2297 2445 2366 2500 ad
2388 2450 2638 2518 corporis
2664 2453 3107 2525 castigationem,
3128 2459 3224 2514 sed
3260 2475 3363 2515 nec
3378 2473 3505 2533 eget

1918 2531 2169 2589 doctrina
2192 2537 2437 2591 animum
2462 2539 2769 2609 formante;
2816 2562 2941 2600 cum
2990 2547 3249 2605 videlicet
3289 2560 3347 2607 et
3376 2569 3502 2608 cor-

1917 2638 2021 2694 pus
2070 2624 2367 2683 liberatum
2408 2628 2579 2686 fuerit
2639 2632 2708 2688 ab
2755 2633 3056 2691 aﬂectuum
3095 2641 3406 2710 tyrannide,
3446 2652 3503 2697 et

1917 2717 2101 2772 anima
2128 2720 2239 2791 jam
2278 2737 2452 2792 capax
2485 2739 2593 2778 non
2627 2725 2701 2780 sit
2758 2726 3154 2787 declinationis
3193 2731 3249 2785 in
3281 2735 3438 2805 pejus
3483 2752 3496 2787 :

1922 2819 2181 2882 tanquam
2213 2824 2328 2869 tum
2361 2816 2545 2871 anima
2569 2825 2685 2873 tum
2716 2834 2951 2891 corpore
2978 2822 3041 2877 in
3072 2833 3324 2880 motuum
3375 2841 3500 2881 om-

1915 2904 2070 2959 nium
2104 2912 2379 2963 vacuitate
2401 2908 2669 2981 deinceps
2684 2915 3028 2972 constitutis.

1988 2998 2077 3052 10.
2112 2998 2262 3053 Istud
2294 3015 2515 3071 quoque
2548 3019 2561 3055 :
2606 3004 2736 3059 Post
2761 3005 2907 3061 illam
2956 3024 3122 3078 quam
3153 3021 3354 3067 vocant
3391 3014 3497 3068 im-

1915 3089 2463 3158 pcrpcssibilitatem,
2482 3091 2684 3147 deinde
2705 3094 2775 3149 ab
2803 3095 3125 3154 hominibus
3154 3098 3340 3154 futura
3360 3117 3500 3170 prte-

210 3170 434 3241 Θρωποι
462 3174 738 3231 δύνανται·
772 3180 865 3234 καὶ
898 3180 997 3246 τὰς
1024 3182 1294 3255 ἀοράτους
1317 3186 1579 3260 δυνάμεις
1613 3193 1805 3263 αίσθη-

1929 3177 2091 3232 videri
2125 3195 2319 3248 posse;
2378 3180 2721 3239 sensibiliter
2754 3185 2922 3240 etiam
2979 3188 3134 3243 cerni
3185 3189 3498 3246 invisibiles

207 3264 328 3328 τῶς
361 3266 661 3339 καθορῶσι.
691 3271 781 3326 Διὸ
802 3275 894 3327 καὶ
920 3274 1181 3350 ἐξαπίνης
1211 3280 1514 3351 πηδῶντες,
1544 3284 1807 3356 δαίμονας

210 3356 576 3427 ὑπερϐαίνειν
596 3365 986 3434 φαντάζονται,
1009 3372 1232 3437 καὶτοῖς
1259 3373 1547 3442 δακτύλοις
1564 3378 1807 3446 τοξεύειν

206 3449 347 3513 τοὺς
381 3449 645 3522 δαίμονας
678 3459 1135 3530 σχηματίζονται.

289 3634 383 3682 ια’.
418 3629 682 3700 Λέγουσιν
705 3633 789 3688 ὅτι
816 3637 849 3707 ἡ
878 3635 1024 3710 ψυχὴ
1060 3639 1154 3693 τοῦ
1183 3641 1311 3714 παρ’
1342 3643 1528 3709 αὐτοῖς
1552 3663 1806 3718 πνευμα-

203 3721 372 3776 τικοῦ
403 3722 717 3795 ἀνθρώπου,
762 3728 903 3797 μετὰ
934 3731 1034 3802 τὴν
1074 3731 1379 3804 λεγομένην
1411 3739 1540 3806 παρ’
1576 3739 1803 3794 ἐκείνων

202 3817 511 3884 ἀπάθειαν,
548 3819 946 3889 μεταϐάλλεται
987 3822 1066 3887 είς
1089 3823 1189 3896 τὴν
1224 3824 1373 3881 θείαν
1405 3829 1498 3881 καὶ
1524 3830 1805 3902 ἀκήρατον

202 3913 403 3983 φύσιν.

285 4006 377 4076 ιβ’.
412 4007 678 4077 Λέγουσιν
723 4008 824 4081 τὴν
852 4009 946 4065 τοῦ
975 4012 1129 4081 ἁγίου
1166 4012 1418 4084 σώματος
1443 4017 1538 4071 καὶ
1568 4016 1803 4087 αἵματος

199 4099 457 4170 Χριστοῦ
498 4101 591 4154 τοῦ
619 4100 875 4173 ἀληθινοῦ
903 4102 1039 4157 Θεοῦ
1071 4105 1227 4176 ἡμῶν
1262 4107 1425 4175 ἁγίαν
1471 4108 1800 4180 μετάληψιν,

204 4189 388 4261 μηδὲν
430 4189 661 4259 ὠφελεῖν
704 4191 739 4263 ἢ
779 4191 1040 4263 βλάπτειν
1094 4196 1220 4258 τοὺς
1268 4194 1435 4261 ἀξίως
1486 4197 1519 4268 ἢ
1563 4198 1802 4267 ἀναξίως

197 4280 420 4335 τούτων
461 4282 1003 4353 μεταλαμϐάνοντας·
1035 4286 1130 4339 καὶ
1158 4287 1241 4340 ὅτι
1288 4286 1378 4341 διὰ
1426 4288 1587 4343 τοῦτο
1638 4291 1801 4362 μόνον

197 4372 314 4442 τῆς
342 4371 808 4445 ἐκκλησιαστικῆς
841 4376 1130 4441 κοινωνίας
1172 4378 1432 4433 οὐδέποτε
1476 4382 1597 4436 δέον
1629 4384 1801 4454 χωρί-

198 4465 424 4531 ζεσθαι,
470 4466 768 4540 ἀδιαφόρου
799 4469 992 4523 τούτου
1031 4471 1420 4541 τυγχάνοντος.
1456 4475 1567 4528 Καὶ
1593 4476 1694 4548 οὐχ
1723 4476 1801 4541 ὡς

1910 3273 2167 3328 virtutes.
2203 3275 2476 3341 Quocirca
2517 3276 2763 3333 haeretici
2797 3278 2864 3333 de
2911 3279 3118 3350 quibus
3142 3280 3493 3347 disserimus,

1909 3362 2211 3434 derepente
2262 3367 2538 3434 saltando,
2583 3369 2865 3425 daemones
2908 3372 3238 3442 supergredi
3304 3372 3498 3446 imagi-

1909 3466 2151 3523 nantur;
2185 3458 2502 3531 digitosque
2529 3469 2873 3532 componunt
2906 3464 3068 3534 quasi
3096 3463 3378 3522 daemones
3402 3482 3495 3523 sa-

1908 3552 2043 3621 gitta
2078 3552 2443 3624 configerent.

1982 3645 2068 3699 ll.
2093 3646 2295 3701 Dicunt
2334 3647 2573 3703 animam
2606 3648 2849 3706 hominis
2880 3649 3025 3720 apud
3053 3651 3202 3723 ipsos
3232 3652 3494 3723 Spiritua-

1906 3739 1996 3803 lis,
2032 3746 2157 3808 post
2182 3738 2387 3794 dictam
2424 3739 2622 3796 iisdem
2662 3742 3147 3814 tranquillitatem,
3183 3746 3386 3801 mutari
3433 3746 3492 3802 in

1906 3830 2151 3886 divinam
2186 3831 2670 3904 immortalcmque
2693 3843 2974 3923 naturam.

1979 4010 2065 4064 12.
2108 4011 2265 4079 Item,
2295 4013 2439 4068 sacri
2461 4014 2717 4086 corporis
2744 4024 2801 4071 et
2829 3996 3115 4089 sanguinis
3142 4006 3349 4076 Christi
3370 4002 3490 4077 veri

1918 4100 2016 4155 Dei
2052 4102 2229 4157 nostri
2262 4112 2513 4158 sanctam
2554 4105 2996 4175 perceptionem,
3027 4108 3168 4163 nihil
3225 4109 3491 4182 adjuvare

1904 4198 2225 4254 autlaedere
2275 4214 2374 4255 eos
2430 4200 2526 4270 qui
2560 4200 2725 4272 digne
2770 4201 2857 4256 vel
2904 4200 3131 4273 indigne
3178 4204 3492 4258 communi-

1904 4301 2030 4347 cant
2052 4310 2066 4359 ;
2092 4292 2354 4364 quodque
2387 4293 2459 4349 ob
2490 4292 2549 4348 id
2590 4294 2770 4349 solum
2801 4308 2969 4349 nemo
3024 4310 3271 4366 unquam
3326 4310 3489 4367 sepa-

1904 4386 2014 4439 rari
2036 4386 2238 4442 debeat
2269 4388 2339 4443 ab
2360 4387 2735 4443 ecclesiastica
2771 4388 3185 4457 communione,
3217 4404 3344 4444 cum
3397 4404 3489 4446 res

1904 4481 1976 4537 sit
2002 4481 2346 4539 inditl‘erens.
2382 4482 2622 4539 Proinde
2677 4483 2768 4538 isti
2825 4498 2890 4538 ea
2923 4499 3036 4538 non
3080 4491 3309 4538 sumunt
3360 4498 3489 4537 eum

200 4556 501 4623 ζωοποιῶν
532 4559 1019 4630 μεταλαμϐάνουσι
1068 4563 1278 4617 τούτων
1312 4564 1450 4635 μετά
1482 4565 1651 4635 φόϐου
1700 4571 1797 4622 καὶ⁹

1930 4576 2102 4630 imore
2131 4591 2197 4630 ac
2224 4573 2352 4640 llde,
2371 4576 2524 4631 velut
2552 4574 2794 4642 viviﬁca,
2821 4573 3337 4648 ettanquamhﬂﬁI
3366 4592 3490 4647 qua:

201 4648 452 4712 πίστεως
485 4650 554 4716 ⁵⁹,
594 4650 671 4715 ὡς
697 4650 835 4705 Θεοῦ
897 4654 1322 4727 σεσαρκωμένου
1369 4655 1544 4725 ρντων
1590 4675 1650 4713 τε
1703 4661 1801 4715 καὶ

202 4742 649 4814 πιστευομένων.

283 4843 369 4906 ιγ’.
402 4838 638 4908 Λέγουσι
673 4838 774 4911 τὴν
807 4839 919 4893 τῶν
962 4840 1164 4911 χειρῶν
1207 4842 1474 4913 ἐργασίαν
1502 4845 1580 4910 ὡς
1613 4846 1800 4918 βδελυ-

208 4929 315 5000 ρὰν
371 4930 839 5002 ἀποστρέφεσθαι.
904 4932 1015 4987 Καὶ
1080 4937 1488 5005 πνευματικοὺς
1544 4939 1799 4996 ἐντεῦθεν

202 5024 441 5088 ἑαυτοὺς
491 5023 894 5092 ὀνομάζουσιν,
936 5026 998 5080 οὐ
1051 5027 1333 5098 κρίνοντες
1377 5030 1606 5087 δυνατὸν
1670 5035 1794 5089 οὐδὲ

199 5117 437 5177 δίκαιον,
480 5117 646 5189 ἔργου
678 5118 867 5173 λοιπὸν
912 5120 1174 5191 αἰσθητοῦ
1204 5124 1332 5188 τοὺς
1371 5126 1652 5193 τοιούτους
1700 5133 1797 5199 ἐφ-

198 5209 504 5264 άπτεσθαιο
538 5209 863 5275 ἀθετοῦντες
889 5212 986 5266 καὶ
1011 5213 1070 5267 ἐν
1096 5212 1273 5285 τούτῳ
1304 5213 1403 5287 τὴν
1429 5215 1794 5273 τῶνάποστό-

197 5302 316 5356 λων
346 5302 669 5375 παράδοσιν.

277 5392 363 5446 ιδ’.
409 5392 677 5460 Λέγουσιν
703 5395 786 5448 ὅτι
819 5394 961 5466 μετά
995 5395 1095 5468 τὴν
1132 5395 1441 5471 λεγομένην
1478 5400 1609 5473 παρ’
1642 5402 1791 5456 ὲκεί-

192 5501 314 5537 νων
367 5482 643 5538 ἀπάθειαν
667 5524 683 5549 ,
722 5484 878 5558 ὕπνῳ
936 5486 1138 5559 πολλῷ·
1169 5487 1473 5555 ἐκδιδόντες
1514 5492 1790 5558 ,ἐαυτοῦς,

196 5581 334 5639 τοὺς
364 5572 491 5628 κατ’
525 5573 815 5631 ἐπίπνοιαν
850 5574 946 5630 τοῦ
980 5577 1335 5648 ἐνεργοῦντος
1382 5579 1573 5644 αὐτοῖς
1622 5598 1791 5666 πονη-

1904 4666 2017 4721 sint
2050 4681 2116 4721 ac
2149 4682 2271 4722 esse
2295 4666 2600 4722 credantur
2623 4666 2899 4729 incarnati
2927 4667 3049 4724 Dei.

1974 4844 2060 4900 15.
2097 4844 2434 4901 Eorumdem
2456 4860 2640 4901 sermo
2663 4853 2773 4911 est,
2796 4861 3061 4902 manuum
3078 4848 3482 4917 operationem,

1902 4945 1964 4992 ut
1990 4936 2190 4993 foedam
2223 4953 2283 4993 se
2323 4937 2588 4993 aversari.
2612 4937 2794 5008 Atque
2829 4938 2961 4994 hinc
2983 4954 3043 4995 se
3065 4948 3270 4996 vocant
3315 4942 3485 5013 spiri-

1902 5031 2101 5098 tuales,
2131 5047 2237 5086 nec
2260 5031 2515 5103 judicant
2557 5029 2675 5087 ﬁeri
2725 5046 2888 5102 posse
2922 5042 3018 5089 aut
3065 5046 3287 5103 aquom
3340 5049 3487 5103 esse,

1902 5133 1962 5177 ut
1991 5122 2255 5195 deinceps
2281 5122 2548 5179 sensibile
2578 5139 2720 5195 opus
2747 5124 3022 5196 attingant
3041 5126 3143 5196 qui
3167 5127 3305 5182 tales
3330 5135 3483 5193 sunt,

1898 5223 1957 5269 et
2003 5214 2060 5269 in
2102 5214 2209 5270 hoc
2250 5214 2418 5269 etiam
2452 5216 2755 5286 repudiant
2794 5217 3175 5287 apostolorum
3222 5218 3483 5273 traditio-

1898 5324 2047 5363 nem.

1971 5402 2058 5455 M.
2093 5400 2170 5456 De
2208 5399 2279 5455 iis
2326 5400 2578 5457 referunt
2627 5400 2799 5471 quod,
2853 5410 2980 5471 post
3035 5409 3286 5456 vocatam
3337 5401 3487 5458 inter

1898 5493 2048 5564 ipsos
2079 5491 2381 5547 affectuum
2413 5492 2768 5559 vacuitatem,
2798 5492 2973 5547 multo
2998 5505 3193 5547 somno
3214 5490 3487 5549 dedentes

1897 5598 1978 5650 se,
1995 5582 2209 5640 somnia
2231 5582 2337 5640 sibi
2367 5582 2614 5639 immissa
2630 5597 2730 5653 per
2748 5582 2954 5637 malum
2973 5581 3283 5639 daemonem
3310 5581 3491 5654 quiin

1503 5736 1744 5795 VARl/E
1786 5740 2198 5799 LECTIONES.

268 5850 318 5883 ⁸⁷
342 5848 433 5906 AJ.
483 5850 773 5923 μετέϐαλε.
847 5853 893 5888 ⁸⁸
924 5853 1009 5912 Al.
1049 5856 1142 5913 md.
1170 5856 1271 5911 ὅτι.

1352 5857 1394 5892 ⁸⁸
1424 5854 1593 5915 Abest
1620 5873 1649 5914 a
1680 5858 1843 5918 Turr.
