3984 6296
429 789 444 828 ι

427 831 442 944 ἓ

525 445 594 513 51
889 433 899 444 '
1651 455 2029 516 TIMOTHEI
2069 455 2544 516 PRESBYTERI
2584 455 2694 514 CP.
3724 451 3793 516 52

523 563 595 623 iis
624 575 904 631 meratur,
937 566 1240 638 praedicant
1279 569 1422 624 sicut
1454 569 1808 640 prophetias;
1839 587 1978 642 quas
2009 570 2098 626 do-

2213 568 2310 640 ροῦ
2338 569 2594 634 δαίμονος
2636 567 2959 640 γινομένους
3007 567 3275 640 ὀνείρους,
3325 569 3402 634 ὡς
3453 571 3788 644 προφητείας

442 725 448 733 θ
523 667 654 711 cent
675 657 824 712 credi
855 655 1061 712 debere
1085 667 1345 727 tanquam
1375 673 1406 713 a
1454 657 1662 728 Spiritu
1696 669 1890 716 sancto
1936 661 2110 732 inspi-

433 739 450 822 ξ
519 755 672 804 ratas
711 749 958 819 :hasque
983 749 1314 816 amationes,
1354 760 1573 806 sanctas
1603 759 1802 822 putant.
1833 761 1892 808 et
1935 755 2108 809 nomi-

523 850 679 908 nant,
719 841 824 911 ipsi
853 841 1198 912 decipientes
1225 857 1290 898 ac
1317 842 1560 915 decepti.

591 1024 680 1081 15.
705 1025 1046 1095 Praecipiunt
1079 1040 1190 1078 non
1217 1023 1351 1078 dare
1384 1024 1794 1097 eleemosynam
1812 1025 2101 1092 mendicis,

427 1131 434 1174 ξ
493 1109 628 1174 ἰιοο
653 1117 840 1173 viduis
874 1127 972 1174 aut
997 1115 1243 1186 pupillis,
1277 1131 1381 1170 nec
1409 1117 1478 1171 iis
1505 1117 1599 1187 qui
1624 1117 1680 1171 in
1713 1119 1882 1173 variis
1906 1134 2104 1174 aerum-

521 1212 612 1268 nis
644 1221 1060 1282 autcorporum
1095 1211 1218 1266 labe
1248 1211 1542 1266 constituti
1577 1218 1728 1276 sunt,
1771 1211 1860 1266 vel
1923 1211 1982 1266 in
2025 1213 2106 1266 la-

522 1311 745 1358 tronum
783 1313 880 1358 aut
933 1303 1301 1359 Barbarorum
1362 1303 1746 1368 incursiones,
1787 1303 1871 1358 vel
1911 1303 2104 1374 hujus—

521 1395 672 1450 modi
723 1395 860 1451 alias
921 1396 1264 1452 calamitates
1319 1395 1639 1450 inciderunt
1687 1414 1702 1448 :
1763 1397 1858 1452 sed
1915 1397 2104 1467 potius

520 1487 658 1558 ipsis
693 1489 798 1546 sibi
827 1501 1027 1546 cuncta
1063 1491 1343 1562 praebere;
1383 1489 1648 1558 quoniam
1674 1489 1779 1560 ipsi
1819 1505 1947 1546 vere
1991 1492 2104 1546 sint

422 1587 438 1660 ;;
519 1596 793 1651 pauperes
817 1583 1038 1652 spiritu.

592 1672 678 1728 16.
719 1673 1081 1751 Arbitrantur
1129 1677 1274 1747 quod
1299 1718 1314 1744 ,
1350 1693 1476 1733 cum
1509 1677 1712 1748 aliquis
1740 1685 1864 1747 post
1899 1676 2101 1731 dictam

423 1741 442 1757 1.
521 1744 1038 1838 imperpessionem'
1069 1741 1332 1824 se—tradit
1361 1741 1694 1824 deliciis—ac
1743 1741 1986 1832 libidini,
2044 1765 2102 1821 id

519 1863 674 1910 caret
697 1858 857 1928 culpa
883 1866 939 1914 et
966 1859 1248 1928 periculo;
1295 1858 1445 1929 quod
1472 1859 1520 1913 is
1559 1871 1669 1912 non
1702 1857 1942 1927 amplius
1965 1855 2100 1911 sub-

512 1949 694 2018 jectus
712 1949 784 2004 sit
824 1949 921 2005 ulli
977 1950 1410 2021 perturbationi,
1445 1949 1543 2005 sed
1572 1948 1853 2004 licentiam
1897 1947 2100 2004 habeat

517 2039 702 2096 vetitis
725 2040 1019 2097 aﬂ‘eetibus
1049 2041 1328 2097 lascivire.

585 2131 748 2205 405
803 2133 890 2188 17.
918 2133 1241 2190 Gloriantur
1267 2133 1412 2190 scire
1450 2149 1512 2189 se
1566 2133 1624 2188 in
1675 2149 1916 2204 quonam
1951 2143 2097 2190 statu

513 2234 864 2280 mortuorum
913 2225 1113 2280 animae
1143 2225 1458 2280 constitutae
1490 2225 1636 2290 sint;
1697 2233 1756 2280 et
1807 2226 1917 2281 sibi
1962 2225 2100 2295 ipsis

513 2317 702 2373 cordis
764 2317 1082 2388 cognitores
1109 2317 1410 2383 videntur;
1469 2316 1610 2370 adeo
1663 2325 1726 2371 ut
1770 2333 1870 2386 per
1914 2318 2100 2388 conje-

511 2421 702 2463 cturas
752 2407 1148 2479 ingeniumque
1183 2417 1336 2463 certo
1384 2405 1576 2462 norint
1624 2406 1914 2466 hominum
1959 2409 2098 2465 ail'e-

511 2509 658 2555 ctus.

583 2589 671 2645 18.
701 2589 798 2645 isti
832 2590 1098 2647 mulieres
1126 2601 1462 2662 promovent
1495 2593 1550 2648 in
1581 2607 1696 2648 sua:
1727 2591 1957 2648 haeresis
1981 2607 2097 2648 ma-
2153 2603 2159 2611 '

510 2683 746 2754 gistras;
773 2699 877 2739 nec
895 2684 1076 2739 solum
1102 2685 1240 2740 viris
1275 2685 1626 2756 simpliciter,
1679 2686 1780 2742 sed
1814 2687 1984 2742 etiam
2013 2702 2095 2741 sa-

509 2775 833 2831 cerdotibus
857 2791 953 2830 eas
981 2789 1217 2847 praeesse
1243 2780 1608 2848 permittunt;
1646 2793 1888 2850 cumque
1929 2786 2096 2848 caput

510 2882 672 2922 suum
700 2867 962 2924 mulieres
988 2867 1223 2934 faciunt,
1248 2884 1384 2926 vero
1415 2869 1581 2940 capiti
1606 2868 1828 2926 Christo
1855 2870 1968 2926 Deo
1991 2885 2094 2924 ηο-

510 2967 626 3021 stro
655 2959 905 3016 inferunt
936 2959 1200 3017 dedecus.

581 3141 668 3200 19.
696 3142 868 3198 iidem
903 3143 1230 3214 interrogati
1261 3143 1330 3199 de
1369 3144 1610 3214 propriis
1671 3145 1789 3200 suis
1827 3146 2096 3217 dogmati-

2209 663 2604 734 κηρύττουσιν·
2641 661 2736 716 καὶ
2783 661 2988 724 ταύτας
3029 659 3106 724 ὡς
3142 661 3252 715 ἀπὸ
3283 661 3378 716 τοῦ
3418 663 3575 732 ἁγίου
3620 663 3791 718 Πνεύ-

2211 771 2383 825 ματος
2424 753 2862 826 ἐμπνευσθείσας
2913 753 3230 808 διδάσκουσι
3277 755 3666 811 πιστεύεσθαι·
3701 757 3789 810 ἐν·

2208 845 2576 918 θουσιασμοὺς
2613 846 2842 910 τούτους
2869 845 3066 914 ἁγίους
3102 845 3417 916 νομίζοντες
3457 848 3554 902 καὶ
3592 847 3790 920 ὀνομά-

2207 935 2410 1000 ζοντες·
2439 935 2760 1000 ἀπατῶντες
2796 939 2890 990 καὶ
2916 935 3290 1008 ἀπατώμενοι.

2283 1034 2363 1082 ιε’.
2391 1029 2627 1098 Λέγουσι
2660 1029 2735 1100 μὴ
2759 1027 2962 1083 διδόναι
2991 1027 3364 1101 ἐλεημοσύνην
3407 1033 3522 1096 τοῖς
3553 1049 3786 1103 προσαι-

2203 1120 2380 1186 τοῦσι,
2417 1122 2556 1192 μήτε
2595 1122 2704 1192 μὴν
2749 1123 2956 1192 χήραις
3009 1121 3044 1192 ἢ
3079 1121 3365 1191 ὀρφανοῖς,
3404 1125 3547 1194 μήτε
3588 1127 3704 1188 τοῖς
3729 1127 3786 1178 ἐν

2203 1211 2488 1281 διαφόροις
2519 1213 2914 1284 περιστάσεσιν
2940 1211 2974 1283 ἢ
3015 1211 3166 1284 λώϐῃ
3217 1212 3488 1284 σωμάτων
3513 1214 3788 1268 καθεστῶ-

2207 1303 2366 1375 σιν,ἢ
2399 1303 2669 1386 λῃστῶνῆ
2706 1303 3002 1375 βαρϐάρων
3032 1305 3360 1376 ἐπιδρομαῖς
3395 1305 3430 1376 ἦ
3465 1321 3576 1360 τισι
3603 1307 3789 1362 τοιαύ-

2204 1411 2326 1458 ταις
2351 1397 2660 1466 συμφοραῖς
2714 1395 3219 1468 περιπεπτωκόσιν·
3253 1395 3368 1449 ἀλλ’
3397 1396 3787 1460 αὐτοῖςᾶπανο

2203 1503 2272 1540 τα
2313 1487 2514 1556 μᾶλλον
2549 1487 2830 1558 παρέχειν*
2867 1487 3002 1545 διότι
3053 1487 3208 1544 αὐτοί
3247 1489 3388 1544 εἰσιν
3444 1489 3521 1554 ὡς
3569 1490 3786 1560 ἀληθῶς

2201 1578 2254 1630 οἱ
2284 1579 2490 1648 πτωχρὶ
2518 1577 2598 1646 τῷ
2625 1578 2918 1650 πνεύματι.

2275 1668 2372 1734 ις’.
2406 1670 2678 1738 Λέγουσιν
2721 1671 2803 1724 ὅτι
2850 1671 2912 1724 τὸ
2957 1669 3224 1726 ἐκδιδόναι
3251 1671 3376 1728 τινά
3417 1673 3612 1729 ἑαυτὸν
3649 1675 3788 1745 μετά

2200 1759 2302 1832 τὴν
2341 1761 2646 1832 λεγομένην
2680 1761 2957 1816 ἀπάθειαν
2982 1764 3063 1826 εἰς
3088 1762 3304 1838 τρυφὴν
3333 1763 3430 1818 καὶ
3461 1763 3784 1832 ἀκολασίαν,

2202 1846 2508 1902 ἀνεύθυνόν
2536 1849 2652 1902 ἐστι
2683 1849 2782 1908 καὶ
2821 1850 3126 1906 ἀκίνδυνον·
3153 1850 3229 1915 ὡς
3259 1851 3459 1922 μηκέτι
3488 1853 3788 1927 ὑποκειμέ-

2203 1955 2296 1992 νου
2328 1936 2492 1992 αύτοῦ
2520 1938 2684 1993 πάθει
2711 1939 2841 1993 τινί·
2867 1940 2986 1994 ἀλλ’
3008 1941 3193 1996 ἄδειαν
3224 1943 3389 1998 αὐτοῦ
3426 1941 3650 2015 ἔχοντος
3672 1948 3785 2012 τοῖς

2201 2031 2681 2104 ἀπηγορευμένοις
2707 2031 2940 2087 πάθεσιν
2969 2033 3408 2090 ἀκολασταίνειν.

2275 2121 2362 2188 ιζ’.
2391 2123 2660 2193 Λέγουσιν
2705 2124 2909 2178 εἰδέναι
2947 2126 3004 2178 ἐν
3047 2126 3176 2196 ποίᾳ
3211 2128 3552 2184 καταστάσει
3587 2128 3648 2186 αἱ
3673 2127 3784 2182 τῶν

2197 2212 2645 2282 τελευτησάντων
2691 2213 2866 2286 ψυχαὶ
2935 2215 3329 2290 καθεστήκασιο
3370 2220 3485 2280 κκαί
3553 2222 3785 2287 ἑαυτοὺς

2201 2306 2642 2378 καρδιογνώστας
2677 2307 3040 2378 φαντάζονται
3066 2329 3078 2342 σ
3111 2311 3256 2366 ὥστε
3290 2313 3488 2369 εἰδέναι
3535 2314 3783 2386 ἀκριόὦς

2197 2399 2288 2454 διά
2328 2399 2650 2471 στοχασμῶν
2681 2401 2776 2459 καὶ
2799 2400 2946 2472 ὴθῶν
2985 2403 3084 2468 τὰς
3127 2403 3236 2458 τῶν
3260 2404 3564 2478 ἀνθρώπων
3597 2406 3782 2461 διαθέ-

2199 2509 2334 2558 σεις.

2273 2587 2366 2659 ιη’.
2409 2583 2572 2642 Οὗτοι
2623 2590 2890 2658 γυναῖκας
2940 2587 3298 2655 διδασκάλους
3339 2588 3448 2644 τῶν
3493 2590 3784 2663 δογμάτων

2196 2679 2298 2751 τῆς
2326 2681 2464 2748 ἰδίας
2497 2681 2765 2754 αἱρέσεως
2808 2681 3229 2754 προϐάλλονται·
3263 2682 3323 2736 οὐ
3371 2683 3531 2750 μόνον
3569 2683 3783 2753 ἀνδρῶν

2195 2770 2406 2836 ἁπλῶς,
2454 2771 2591 2827 ἀλλά
2643 2771 2738 2826 καὶ⁵
2781 2771 2974 2844 ἱερέων
3005 2771 3210 2838 ταύτας
3257 2773 3514 2848 ἐξάρχειν
3556 2775 3782 2847 ἐπιτρέ-

2198 2880 2414 2927 ποντεςο
2453 2863 2698 2934 κεφαλὴν
2731 2863 2944 2918 ἑαυτῶν
2989 2866 3090 2928 τὰς
3127 2867 3398 2934 γυναῖκας
3437 2865 3781 2938 ποιούμενοι,

2196 2953 2294 3008 καὶ
2317 2954 2418 3026 τὴν
2455 2954 2626 3019 ὅντως
2651 2952 2896 3026 κεφαλὴν
2920 2954 3156 3026 Χριστὸν
3190 2955 3281 3010 τὸν
3305 2954 3438 3009 Θεὸν
3465 2955 3624 3028 ἡμῶν
3653 2957 3775 3011 άτι-

2201 3046 2490 3119 μάξοντες.

2267 3137 2354 3194 ιθν.
2378 3129 2538 3192 Οὗτοι
2567 3136 2916 3212 ἐρωτώμενοι
2969 3137 3098 3210 περὶ
3123 3136 3232 3192 τῶν
3264 3137 3411 3194 ἰδίων
3439 3137 3620 3194 αὐτῶν
3651 3139 3783 3210 δογ-

508 3233 635 3299 bus,
671 3248 735 3288 ea
765 3233 1071 3304 abnegant;
1119 3241 1176 3288 et
1221 3233 1504 3303 intrepide
1535 3234 1916 3313 iaiaeriterqne
1963 3251 2094 3290 ana-

2211 3229 2409 3300 μάτων,
2458 3229 2674 3300 ἔξαρνοι
2719 3229 2982 3299 γίνονται·
3015 3231 3316 3296 καὶ’ἀδεῶς
3349 3233 3446 3287 καὶ
3478 3231 3784 3304 προθύμως

511 3325 880 3379 thematizant
909 3331 1148 3381 cunctos
1175 3325 1270 3394 qui
1302 3323 1376 3379 ita
1392 3325 1479 3380 vel
1513 3312 1764 3381 sentiunt
1794 3327 1880 3382 vel
1905 3343 2096 3384 sense-

511 3425 678 3483 runt;
731 3417 1034 3487 jurantque
1083 3417 1292 3488 absque
1345 3417 1566 3484 timore,
1617 3417 1767 3488 quod
1821 3419 2093 3490 ejusmodi

511 3506 772 3578 dogmata
805 3506 1030 3562 oderint
1065 3517 1232 3578 atque
1285 3519 1614 3582 aversentur
1645 3527 1659 3564 :
1695 3511 1854 3580 quasi
1895 3525 2092 3580 nempe

511 3614 692 3670 neque
727 3599 1034 3670 perjurium
1085 3615 1267 3672 neque
1301 3601 1797 3658 anathematismus
1835 3603 1943 3673 jam
2003 3603 2095 3656 lze-

511 3688 644 3746 dere
686 3689 905 3746 valeant
933 3690 1160 3760 eosqui
1191 3699 1316 3760 post
1349 3691 1760 3749 immunitatem
1791 3693 1859 3749 ab
1881 3693 2096 3748 aiiecti-

509 3777 638 3844 bus,
676 3777 756 3832 uti
783 3777 1078 3846 adirmant,
1106 3778 1424 3850 spirituales
1475 3779 1606 3837 facti
1629 3791 1796 3848 sunt;
1854 3793 2092 3852 cumque

509 3887 578 3926 ex
620 3870 913 3926 doctorum
961 3886 1190 3926 suorum
1216 3871 1516 3928 traditione
1565 3873 1732 3931 liceat
1779 3873 1915 3944 ipsis
1945 3875 2094 3946 peje—

509 3977 658 4028 rare,
681 3970 849 4033 atque
875 3963 1346 4019 anathematizare
1375 3979 1456 4020 se.

645 4077 725 4139 De
759 4077 911 4131 sectis
943 4092 1124 4132 eorum
1175 4077 1267 4151 qui
1304 4083 1565 4133 vocantur
1605 4075 1946 4141 Hmitantcs,

576 4257 794 4313 Petiisti
838 4272 870 4312 a
899 4257 1084 4323 nobis,
1143 4255 1346 4312 dilecte
1387 4254 1580 4322 frater,
1636 4263 1699 4311 ut
1737 4254 1838 4310 tibi
1895 4254 2090 4325 paucis

506 4350 814 4406 indicarem
839 4349 1139 4406 schismata
1171 4364 1372 4406 eorum
1397 4349 1493 4420 qui
1516 4365 1575 4406 se
1597 4347 1926 4405 liaesitantes
1947 4364 2091 4403 nun-

505 4451 870 4514 cupaverunt,
909 4450 1044 4514 quot
1088 4441 1183 4498 illa
1220 4443 1351 4508 sint,
1408 4456 1641 4512 quaeque
1697 4440 1936 4496 habeant
1989 4455 2090 4496 no-

505 4533 679 4598 mina,
713 4541 772 4588 et
798 4532 965 4605 406
995 4532 1280 4604 quodnam
1328 4540 1495 4588 sectae
1543 4539 1600 4586 et
1629 4529 1945 4587 schismatis
1991 4547 2090 4587 eu-

2195 3321 2659 3392 ἀναθεματίζουσι
2683 3323 2895 3386 πάντας
2925 3321 3053 3385 τοὺς
3083 3322 3226 3376 οὕτω
3255 3322 3642 3395 φρονοῦνταςῆ
3685 3324 3784 3378 καὶ

2197 3413 2598 3486 φρονήσαντας·
2621 3413 2716 3466 καὶ
2748 3407 3308 3484 ὀμνύουσιν’ἀφόὸως,
3341 3412 3418 3476 ὡς
3451 3413 3521 3466 τά
3547 3411 3775 3466 τοιαῦτα

2193 3504 2443 3576 δόγματα
2491 3504 2714 3576 μισοῦσι
2771 3504 2868 3559 καὶ
2899 3504 3338 3575 ἀποστρέφονται
3359 3519 3371 3532 '
3401 3503 3479 3568 ὡς
3509 3506 3648 3576 μήτε
3677 3506 3782 3576 τῆς

2195 3593 2485 3666 ἐπιορκίας
2513 3593 2650 3666 μήτε
2681 3593 2776 3648 τοῦ
2803 3593 3254 3665 ἀναθεματισμοῦ
3294 3594 3556 3666 βλάπτειν
3585 3595 3782 3655 λοιπὸν

2191 3683 2509 3756 δυναμένων
2557 3683 2685 3748 τοὺς
2732 3686 2873 3755 μετά
2917 3684 3016 3755 τὴν
3059 3682 3355 3749 ἀπάθειαν,
3383 3683 3461 3748 ὡς
3491 3683 3648 3738 αὐτοὶ
3681 3683 3780 3738 λέο

2192 3793 2370 3845 γουσι,
2396 3776 2806 3847 πνευματικοὺς
2850 3775 3214 3845 γενομένους*
3259 3775 3539 3846 ἐπιορκεῖν
3569 3791 3632 3827 τε
3681 3774 3782 3829 καὶ

2191 3867 2618 3938 ἀναθεματίζειν
2645 3869 2876 3932 ἑαυτοὺς
2907 3867 2995 3922 ἐπ’
3017 3867 3202 3931 ἀδείας
3231 3867 3470 3938 ἐχόντων
3499 3867 3682 3921 αὐτῶν
3713 3868 3780 3922 ἐκ

2189 3962 2290 4032 τῆς
2323 3961 2432 4016 τῶν
2458 3959 2800 4016 διδασκάλων
2834 3958 3017 4014 αὐτῶν
3045 3959 3425 4032 παραδόσεως.

2190 4075 2332 4149 Περὶ
2367 4075 2486 4130 τῶν
2517 4073 2872 4146 σχισμάτων
2899 4071 3020 4198 ἓν
3042 4071 3438 4143 καλουμένων
3469 4071 3780 4142 Διακριγο-

2871 4163 2910 4198 ιι
2983 4160 3088 4198 ων.

2865 4160 3088 4214 μενων.

2263 4263 2514 4334 ᾟτησας
2541 4261 2588 4293 σο
2613 4261 2786 4332 ἡμᾶς,
2811 4257 3010 4327 ἀδελφέ
3069 4256 3358 4329 άγαπητὲ,
3389 4255 3658 4328 γνωρίσαι
3691 4273 3779 4310 σοι

2188 4353 2278 4407 διὰ
2305 4351 2555 4424 βραχέων
2582 4352 2653 4404 τά
2675 4349 2956 4420 σχίσματα
2995 4346 3106 4401 τῶν
3139 4346 3369 4410 ἑαυτοὺς
3409 4343 3781 4416 Διακρινομέ-

2189 4461 2316 4508 νους
2345 4441 2678 4507 καλούντων,
2719 4441 2862 4495 πόσα
2889 4457 2948 4494 τε
2981 4439 3157 4496 ταῦτα
3179 4439 3463 4509 τυγχάνει,
3499 4438 3598 4492 καὶ
3627 4435 3780 4500 τίνες

2187 4535 2396 4591 τούτων
2433 4535 2492 4590 αι
2527 4531 2852 4605 ὀνομασίαι,
2885 4532 2976 4586 καὶ
3011 4531 3064 4584 τί
3097 4529 3158 4584 τὸ
3189 4530 3422 4586 ἐκάστου
3470 4527 3781 4599 σχίσματος

499 4595 702 4698 jusque
729 4595 1048 4698 sit-dogma.
1079 4625 1274 4696 Operae
1309 4624 1554 4696 pretium
1608 4622 1780 4695 igitur
1819 4624 1954 4679 duxi
1992 4640 2088 4696 pe-

2211 4630 2371 4699 ῑὸγμα
2415 4625 2587 4680 ἐστίν.
2623 4595 2967 4695 ’Ἀναγκαῖον
3001 4619 3096 4677 οὗν
3129 4621 3429 4694 ἡγησάμην
3465 4595 3781 4682 σπουδαίως

508 4719 760 4774 titionem
801 4728 910 4776 tuae
953 4719 1203 4776 discendi
1239 4716 1455 4787 cupidas
1504 4715 1790 4772 cbaritatis
1839 4716 2088 4774 studiose

503 4812 759 4887 implere.
799 4813 981 4884 Atque
996 4813 1130 4868 hinc
1153 4811 1358 4866 inchoo
1390 4824 1729 4865 sermonem.

574 4906 872 4977 Postquam
919 4911 1109 4962 sancta
1154 4900 1628 4958 Chalcedonensis
1658 4902 1902 4974 synodus
1957 4919 2090 4958 con-

2189 4719 2290 4790 τὴν
2329 4718 2546 4789 αἴτησιν
2575 4717 2674 4787 τῆς
2704 4719 2804 4786 σῆς
2835 4713 3172 4786 φιλομαθοῦς
3208 4713 3430 4784 ἀγάπης
3461 4708 3776 4782 πληρῶσαι,

2189 4811 2494 4884 ἀρχόμενος
2527 4808 2624 4863 τοῦ
2658 4807 2820 4876 λόγου
2847 4806 3122 4861 ἐντεῦθεν.

2263 4904 2376 4974 Τῆς
2406 4903 2569 4974 ἁγίας
2599 4901 2710 4974 (44)
2743 4903 2801 4956 ἐν
2847 4899 3151 4971 Χαλκηδόνι
3199 4898 3418 4954 συνόδου
3471 4911 3779 4967 συγκροτη-

1814 5018 2044 5078 VARle
2081 5018 2485 5078 LECTIONES.

2057 5159 2288 5217 NOTAE.

467 5091 470 5094 ’
576 5090 622 5123 σο
645 5091 977 5164 ᾜτησαμ...
1006 5085 1254 5144 ἐντεῦθεν
1278 5085 1477 5142 desunt
1501 5087 1556 5142 in
1581 5088 1642 5144 C.

579 5253 691 5324 (Ui)
733 5251 848 5324 Τῆς
874 5251 1068 5320 ἁγίας,
1101 5261 1212 5324 etc.
1248 5249 1445 5305 Totum
1479 5250 1628 5324 hunc
1656 5251 1844 5324 locum,
1873 5252 1927 5306 in
1952 5253 2084 5324 pepi-

505 5321 694 5378 tomen
755 5323 1047 5377 redactum
1108 5321 1422 5376 inseruerat
1491 5321 1714 5376 Nieetas
1787 5321 2086 5378 Choniates

505 5393 797 5446 Thesauro
821 5406 945 5457 suo,
976 5392 1125 5447 libro
1151 5406 1322 5456 nono,
1357 5399 1418 5444 nt
1446 5391 1706 5460 colligere
1752 5392 1882 5448 licet
1925 5409 1991 5448 ex
2019 5393 2087 5448 iis

505 5477 630 5531 qnze
666 5461 862 5518 s'cribit
891 5462 1092 5518 Petrus
1123 5461 1451 5519 Lambecius
1501 5459 1876 5517 Commentar.
1901 5462 1976 5531 de
1999 5462 2088 5516 Bi-

504 5530 706 5586 blioth.
754 5531 890 5590 Caes.
933 5532 1031 5588 lib.
1061 5549 1158 5595 vn,
1191 5547 1296 5586 ms.
1351 5531 1475 5597 125,
1511 5547 1568 5585 η.
1605 5531 1895 5586 8εΝἱεειιε
1949 5530 2087 5588 Cho-

506 5603 670 5674 niata:
699 5600 1085 5674 Fragmentum
1117 5602 1450 5674 historicum,
1477 5603 1628 5674 cgijns
1655 5602 1839 5674 titulus
1867 5612 1917 5656 et
1939 5603 2088 5672 prin-

505 5673 736 5742 cipium:
775 5672 886 5728 Τοῦ
937 5672 1260 5738 Χωνεάτου,
1305 5672 1373 5724 ἐκ
1425 5672 1534 5726 τοῦ
1554 5673 1826 5742 γὲννάτου
1871 5673 2080 5742 τόμοιι.

503 5741 698 5812 Χρεὼν
716 5743 772 5796 δέ
803 5743 1020 5808 ειδέναι,
1049 5744 1126 5806 ὼς
1154 5743 1254 5812 τῆς
1285 5741 1446 5812 ἀγίας
1465 5741 1667 5812 ταύτης
1701 5742 1920 5812 συνόδου
1944 5741 2086 5796 καθ-

503 5811 715 5885 αιρέσει
756 5813 1048 5885 Διόσκορον
1095 5811 1474 5885 ὑποϐαλούσης
1501 5811 1594 5885 τόν
1627 5811 1920 5885 γενόμενον
1967 5813 2085 5885 Ἀν-

500 5881 739 5960 τιοχείας
770 5881 1090 5946 ἐπίσκοπον.
1123 5886 1170 5939 oi
1201 5882 1390 5938 τούτου
1429 5881 1950 5952 ἀντιλαμϐανόμενοι
1983 5883 2083 5932 τῆς

789 5991 800 6006 ι
836 5987 896 6004 -.Α
941 5995 961 6003 σ-

2189 5251 2484 5322 καθολικῆς
2530 5250 2859 5322 Ἐκκλησίας
2903 5249 3241 5322 ἀπέστησαν,
3278 5247 3370 5300 καὶ
3409 5245 3774 5322 ᾼιακρινομς.

2189 5341 2312 5387 νους
2341 5315 2632 5390 ὠνόμασαν
2664 5315 2913 5382 ἑαυτούς,
2954 5323 3018 5374 ἐκ
3044 5315 3244 5390 τοῦᾼμὴ
3268 5315 3630 5390 ⁸συντίθεσθαι
3661 5318 3775 5381 τοῖς

2188 5383 2601 5462 δογματισθεῖσι
2632 5391 2787 5462 παρά
2825 5391 2940 5462 τῷν
2967 5391 3026 5442 ἐν
3064 5383 3373 5462 Χαλκηδόνι
3408 5383 3774 5462 συνελθόντων

2192 5455 2475 5534 Πατέρων,
2540 5464 2639 5534 καὶ
2702 5455 2782 5526 ἐίς
2819 5458 3030 5534 δώδεκα
3075 5455 3428 5534 διῃρέθησαν.
3459 5455 3771 5534 τμήματας

2191 5524 2495 5602 ὧνοϊμέι),
2539 5524 2961 5602 Εὑτυχιανισταὶ
3004 5524 3314 5602 λεγόμενοι,
3363 5524 3629 5602 Εὐτύ-χιον
3673 5525 3774 5602 καὶ

2193 5593 2491 5672 Διόσκορον
2529 5593 2776 5673 δέχονται
2798 5619 2810 5632 σ
2845 5600 2894 5673 οἳ
2942 5599 3038 5652 καὶ
3070 5593 3309 5673 λέγουσι,
3334 5603 3443 5650 etc.
3489 5593 3657 5673 Plura

2193 5675 2289 5727 hoc
2311 5665 2819 5744 frdgmentblalias;
2845 5672 2899 5725 in
2923 5665 3166 5744 parseris
3195 5669 3336 5722 enim
3377 5665 3613 5744 nondum
3641 5665 3775 5744 mihi

2191 5733 2322 5797 satis
2377 5733 2560 5813 liquet.
2609 5733 2934 5810 Quanquam
2979 5739 3050 5816 de
3106 5739 3368 5794 Dioscoro
3426 5733 3774 5816 Ἀντιοχείας

2192 5801 2601 5871 crassus'error
2621 5801 2724 5880 cst,
2763 5801 2926 5884 q'ucm
2959 5809 3084 5882 quis
3119 5824 3226 5865 non
3264 5801 3617 5868 sustulisset?
