3984 6296
274 350 343 416 57
1295 366 1392 427 DE
1426 367 1848 428 RECEPTION

1964 366 2062 425 ΙίΕ
2074 367 2216 426 RET
2223 367 2514 428 ICORUM
2525 416 2538 428 .
3237 383 3243 389 '
3461 365 3533 430 58

277 466 437 537 ἑορτῇ
465 465 575 520 τῶν
594 468 770 537 ἁγίων
790 469 1123 540 Θεοφανίων,
1152 475 1319 547 ἤγουν
1344 475 1541 545 φώτων
1564 477 1630 536 ⁸⁷,
1659 475 1853 546 ἀρύον-

1964 474 2057 528 sed
2104 475 2160 530 in
2194 474 2334 530 festo
2384 485 2701 530 sanctorum
2734 474 3249 546 Theophaniorum,
3300 489 3402 530 seu
3444 477 3534 530 lu-

277 572 370 611 ται
401 557 591 625 ὕδατα,
624 562 721 615 καὶ
748 562 923 616 ταῦτα
949 565 1330 633 φυλάττοντες,
1358 570 1415 620 ὲν
1438 569 1624 631 αὐτοῖς
1658 566 1856 636 βαπτί-

277 647 481 712 ζουσιν.
516 648 653 704 Οῦτε
678 652 737 706 δὲ
771 656 1146 727 προσκομιδὴν
1174 651 1319 711 οὗτοι
1347 658 1393 689 ⁸⁸
1423 659 1668 713 ποιοῦσιν
1694 675 1708 691 ο
1739 657 1854 711 ἀλλ’

275 737 490 808 ἔχοντες
534 745 824 801 κοινωνίαν
857 749 1289 821 πεφυλαγμένην
1318 753 1382 805 ἐκ
1412 752 1520 805 τῶν
1565 751 1858 805 παλαιοτέ-

275 841 389 896 ρων
417 835 648 904 χρόνων,
676 839 817 893 κατὰ
848 842 1042 913 ἑορτὴν
1066 841 1163 896 τοῦ
1194 843 1387 915 Πάσχα
1427 846 1624 916 μοῖραν
1660 862 1857 917 μικρυ·

272 919 446 993 τάτην
477 923 538 990 ἐξ
569 928 741 998 αὐτῆς
766 929 1159 1001 λαμϐάνουσιν.

348 1018 418 1080 γ’.
464 1015 863 1084 ’Ῑουλιανισταὶ,
888 1022 1055 1092 ἤγουν
1083 1022 1389 1077 Γαῖανίται·
1424 1023 1624 1087 οἵτινες
1655 1023 1715 1077 τὸ
1747 1023 1856 1078 σῶ-

281 1119 360 1172 μα
407 1105 503 1158 τοῦ
561 1106 838 1163 Δεσπότου
895 1112 1136 1181 Χριστοῦ
1192 1113 1411 1181 λέγουσι
1461 1114 1682 1167 κτιστὸν
1734 1114 1855 1184 μὲν,

276 1194 559 1268 ἄφθαρτον
589 1198 643 1251 δὲ
684 1200 745 1265 ἐξ
785 1203 960 1272 αὐτῆς
993 1204 1095 1271 τῆς
1126 1205 1402 1275 άχράντου
1443 1205 1783 1275 συλλήψεως.

347 1288 409 1343 δ’.
456 1290 678 1362 Ἕτεροι
739 1293 1118 1349 Ἰουλιανισταὶ
1146 1337 1161 1361 ,
1221 1298 1390 1367 ἥγουν
1447 1296 1764 1350 Γαῖανίταιο
1806 1297 1857 1350 οἱ

272 1379 528 1448 λέγοντες
557 1383 616 1436 τὸ
648 1384 807 1454 σῶμα
855 1385 950 1439 τοῦ
980 1386 1220 1457 Χριστοῦ
1264 1389 1327 1441 οὐ
1378 1389 1536 1458 μόνον
1581 1388 1857 1460 ἄφθαρτον

270 1471 334 1536 ἐξ
362 1474 530 1542 αὐτῆς
560 1477 661 1543 τῆς
696 1477 967 1547 άχράντου
1001 1478 1317 1547 συλλήψεως
1338 1512 1355 1543 ς
1387 1479 1523 1533 ἀλλὰ
1563 1480 1657 1534 καὶ
1702 1479 1858 1533 ἄκτι-

272 1580 423 1620 στον.
486 1566 770 1638 Ἑκάτεροι
831 1568 888 1621 δὲ
957 1569 1336 1624 Ἰουλιανισταὶ
1390 1570 1700 1641 ἐκλήθησαν
1750 1572 1858 1625 ἀπὸ

286 1658 576 1713 Ἰουλιανοῦ
630 1661 726 1714 τοῦ
789 1663 1232 1735 Ἀλικαρνασέως
1284 1664 1703 1735 καταρξαμένου
1760 1666 1855 1719 τοῦ

266 1748 544 1819 δόγματος
567 1753 770 1806 αὐτῶν·
798 1754 1079 1808 Γαῖανίται
1108 1755 1163 1808 δὲ
1189 1756 1296 1810 άπὸ
1322 1758 1551 1812 Γαῖανοῦ
1573 1757 1666 1810 τοῦ
1702 1772 1857 1825 γενο-

273 1842 441 1912 μένου
467 1844 648 1898 αὑτῶν
679 1846 840 1899 πάπα
864 1848 922 1899 ὲν
957 1846 1356 1921 Ἀλεξανδρείᾳ,
1391 1848 1687 1918 δεξαμένου
1720 1850 1851 1903 Ἰου-

267 1931 458 1987 λιανδν
497 1935 591 1987 καὶ
633 1935 694 1988 τὸ
724 1936 902 2005 δόγμα
933 1936 1121 1992 αὑτοῦ.
1151 1936 1261 2001 Οὓς
1301 1941 1352 1991 οί
1405 1938 1637 1992 ἐναντίοι
1673 1936 1853 1992 αὐτῶν

268 2027 693 2092 Φαντασιαστὰς
738 2031 831 2082 καὶ
863 2031 1204 2100 Μανιχαίους
1249 2030 1531 2084 καλοῦσιν.
1573 2030 1684 2084 Καὶ
1709 2024 1854 2083 οὗτοι

268 2116 334 2169 δὲ
375 2117 503 2179 τοὺς
533 2117 807 2181 ἐναντίους
827 2118 1028 2183 αὐτῶν,
1053 2119 1478 2190 Φθαρτολάτρας
1508 2121 1602 2173 καὶ
1624 2120 1856 2172 Κτιστο·

266 2207 483 2279 λάτρας
513 2210 863 2279 ὀνομάζουσι.

346 2309 407 2356 ε’.
438 2303 751 2373 Σεσηρίται,
795 2305 844 2357 οἱ
888 2306 981 2358 καὶ
1040 2306 1335 2384 ’ᾼγνοῖταιο
1371 2308 1419 2361 οί
1457 2306 1716 2384 λέγοντες
1760 2308 1854 2364 τὸν

270 2395 377 2467 μὲν
415 2395 550 2448 Θεὸν
579 2396 752 2463 Λόγον
802 2398 981 2451 πάντα
1012 2380 1321 2465 γινώσκειν,
1353 2399 1451 2470 τὴν
1481 2380 1537 2453 δὲ
1568 2400 1855 2471 ἡνωμένην

267 2485 424 2556 αὐτῷ
455 2486 580 2540 καθ’
610 2488 913 2542 ὑπόστασιν
954 2488 1352 2560 ἀνθρωπότητα
1401 2489 1573 2543 πολλὰ
1614 2491 1853 2558 ἀγνοεῖν’

265 2576 470 2640 οῑτινες
523 2578 633 2631 ἀπὸ
681 2580 775 2632 τοῦ
832 2580 1105 2649 δόγματος
1149 2580 1426 2649 Ἀγνοῖται
1455 2579 1855 2652 ὠνομάσθησαν

267 2666 382 2722 ὑπὸ
409 2666 517 2719 τῶν
552 2666 815 2719 ἐναντίων
851 2667 1052 2721 αὐτῶν.

353 2765 427 2824 ς’.
466 2758 687 2827 Ἕτεροι
717 2759 1035 2829 Σεϐηρίται,
1067 2761 1115 2813 οί
1144 2758 1238 2813 καὶ
1273 2759 1691 2814 Κονδοϐαυδίται
1717 2761 1784 2823 ⁸⁸,
1806 2762 1854 2815 οἱ

266 2849 527 2917 λέγοντες
576 2848 672 2902 ἕνα
721 2849 854 2903 Θεὸν
903 2845 1044 2903 εἶναι
1099 2850 1175 2920 τῷ
1223 2850 1465 2922 ἀριθμῷ,
1503 2852 1598 2904 καὶ
1631 2851 1753 2921 οὖχὶ
1789 2854 1854 2924 τῇ

268 2941 688 3012 ἀπαραλλάκτῳ
731 2943 958 3011 ίσότητι’
1002 2943 1094 2995 τὸν
1132 2943 1295 2996 αὑτὸν
1330 2943 1551 3013 Πατέρα
1585 2945 1680 2998 καὶ
1729 2943 1856 2997 Υίὸν

267 3033 378 3088 καὶ
407 3032 630 3102 Πνεῦμα
674 3032 830 3100 ἅγιον
862 3033 1134 3101 λέγοντες.
1175 3034 1383 3096 Οἵτινες
1435 3033 1857 3088 Κονδοόαυδίται

1960 565 2197 629 minum,
2235 580 2430 635 aquam
2463 565 2750 631 hauriunt,
2789 583 2951 637 quam
2987 576 3228 632 servant,
3252 575 3312 622 ut
3340 567 3395 622 in
3418 567 3538 637 ipsa

1956 657 2260 727 haptizent.
2295 657 2416 712 Non
2466 658 2634 713 etiam
2690 658 2902 713 faciunt
2924 659 3260 714 oblationem
3291 677 3304 713 :
3340 674 3535 714 verum

1958 757 2296 802 reservatam
2352 749 2422 803 ab
2462 748 2877 819 antiquioribus
2935 751 3282 820 temporibus
3327 751 3539 806 habent

1955 838 2436 905 Communionem,
2463 856 2527 895 ac
2564 842 2619 895 in
2659 840 2800 896 festo
2827 841 3050 897 Pascha:
3077 842 3365 897 minimam
3410 857 3538 912 par-

1959 933 2180 987 ticulam
2210 949 2278 988 ex
2300 950 2364 988 ea
2391 942 2637 989 sumunt.
3421 922 3428 927 ’

2027 1025 2081 1079 5.
2126 1025 2451 1089 Ιιιιίοηίειτε,
2489 1042 2589 1081 seu
2649 1025 2949 1094 Gaianitae;
2983 1041 3225 1097 quorum
3280 1025 3536 1082 doctrina

1956 1128 2042 1171 est
2066 1157 2080 1181 ,
2112 1131 2313 1186 corpus
2336 1116 2541 1171 Christi
2564 1117 2782 1172 Domini
2829 1133 2952 1172 esse
2981 1116 3206 1186 quidem
3264 1124 3533 1180 creatum,
3589 1160 3592 1163 λ

1957 1217 2015 1264 at
2042 1209 2463 1278 incorruptibile
2497 1225 2563 1264 ex
2595 1209 2711 1280 ipsa
2748 1210 3099 1264 immaculata
3146 1207 3534 1277 conceptione.

2028 1300 2082 1354 4.
2109 1298 2214 1354 Alii
2263 1300 2590 1364 Julianistaa,
2623 1300 3037 1366 autGaianitaa;
3079 1299 3175 1369 qui
3205 1298 3538 1369 proﬁtentur

1959 1407 2162 1461 corpus
2187 1391 2353 1463 410
2379 1391 2583 1447 Christi
2631 1408 2661 1446 a
2694 1402 2977 1447 momento
3004 1391 3283 1461 impolluti
3332 1405 3529 1445 conce-

1957 1487 2084 1549 plus
2128 1496 2237 1533 non
2267 1482 2444 1534 solum
2482 1481 2901 1551 incorruptibile
2940 1497 3082 1548 esse,
3118 1495 3312 1536 verum
3365 1474 3537 1534 etiam

1959 1569 2285 1624 incrcatum.
2317 1570 2548 1640 Utrique
2575 1579 2758 1625 autem
2805 1570 3106 1641 nuncupati
3141 1577 3267 1624 sunt
3300 1566 3537 1623 Iuliani-

1959 1669 2078 1725 stac,
2108 1677 2138 1715 a
2169 1662 2389 1717 Juliano
2421 1663 2911 1725 Halicarnassensi.
2965 1663 3059 1733 qui
3111 1662 3308 1733 dogma
3341 1673 3534 1715 eorum

1959 1752 2325 1822 excogitavit;
2351 1750 2616 1806 Gaianitaa
2642 1765 2795 1813 vero,
2830 1767 2859 1805 a
2891 1750 3120 1815 Gaiano,
3160 1733 3257 1821 qui
3315 1762 3540 1803 eorum-

1958 1845 2084 1899 dem
2118 1860 2257 1914 papa
2306 1845 2651 1900 Alexandriae
2711 1844 2957 1908 ex3titit,.
2998 1843 3206 1913 quique
3256 1840 3537 1896 lulianum

1955 1938 2188 2008 ejusque
2235 1935 2546 1991 doctrinam
2582 1937 2868 2007 amplexus
2923 1942 3027 1990 est.
3082 1935 3191 1989 Hos
3230 1929 3538 1987 adversarii

1956 2042 2149 2083 eorum
2176 2025 2586 2081 Phantasiastas
2618 2033 2818 2079 vocant
2841 2033 2899 2080 et
2920 2023 3271 2077 Manichaaos.
3307 2022 3409 2091 Ipsi
3441 2035 3539 2074 ve-

1956 2133 2021 2173 ro
2075 2118 2181 2173 sibi
2233 2117 2594 2172 adversantes
2648 2117 2935 2171 nominant
2987 2114 3428 2170 Phthartolatras
3481 2120 3539 2167 et

1955 2210 2324 2272 Ctistolatras,
2352 2225 2447 2264 seu
2479 2209 2891 2279 (iorrupticolas
2908 2216 2966 2263 et
2992 2206 3347 2263 Creaticolas.

2027 2306 2081 2358 5.
2155 2303 2450 2366 Severitaa,
2532 2301 2625 2371 qui
2695 2308 2751 2355 et
2826 2300 3092 2371 Agnoitas.
3153 2296 3440 2352 Aﬂirmant
3505 2310 3537 2350 a

1957 2396 2142 2453 Verbo
2202 2393 2426 2464 quidem
2461 2393 2575 2446 Deo
2632 2398 2830 2445 cuncta
2872 2388 3169 2459 cognosci;
3224 2401 3417 2441 verum
3467 2384 3537 2439 ab

1957 2489 2110 2544 unita
2139 2486 2243 2556 ipsi
2268 2485 2573 2541 secundum
2620 2481 2958 2554 hypostasim
2995 2478 3338 2535 humanitate
3384 2477 3540 2548 igno-

1957 2579 2069 2633 rari
2097 2577 2289 2631 multa.
2320 2575 2491 2645 quue
2528 2574 2599 2629 ob
2631 2574 2830 2643 dogma
2858 2571 3162 2627 adversarii
3213 2584 3405 2625 eorum
3430 2582 3535 2623 no—

1957 2685 2084 2724 men
2112 2669 2469 2739 Agnoitarum
2503 2666 2639 2736 ipsis
2667 2665 3071 2736 imposuerunt.

2029 2762 2082 2817 6.
2122 2762 2229 2817 Alii
2258 2760 2544 2822 Severitze,
2578 2758 3016 2816 Condobauditae
3050 2756 3181 2812 dicti
3209 2773 3223 2821 ;
3284 2768 3538 2809 asseren-

1959 2860 2043 2909 tes
2072 2853 2247 2908 Deum
2309 2867 2480 2906 unum
2514 2865 2635 2905 esse
2666 2864 2919 2911 numero,
2974 2863 3085 2902 non
3120 2853 3306 2899 autem
3354 2839 3537 2911 omni-

1959 2944 2119 3000 moda
2137 2943 2450 3014 aequalitate
2471 2960 2485 3007 ;
2506 2941 2762 2997 eumdem
2798 2941 3035 3001 Patrem,
3060 2938 3283 2999 Filium,
3327 2943 3384 2988 et
3413 2930 3542 3001 Spi-

1960 3039 2131 3093 ritum
2186 3043 2437 3091 sanetmn
2489 3034 2755 3089 dicentes.
2808 3032 2892 3087 Ab
2950 3026 3281 3084 adversariis
3332 3039 3531 3080 nomen

265 3124 680 3197 ὠνομάσθησαν
715 3127 822 3179 ὑπὸ
868 3126 977 3179 τῶν
1018 3126 1281 3181 ἐναντίων
1329 3126 1548 3189 αὐτῶν,
1590 3127 1679 3181 διὰ
1712 3127 1771 3179 τὺ
1798 3128 1853 3180 ὲν

1964 3125 2504 3184 Condobauditarum
2561 3136 2846 3192 accepere,
2886 3119 3014 3190 quia
3054 3111 3536 3184 ConstantinOpoli

265 3220 390 3281 τοῖς
424 3215 742 3287 λεγομένοις
776 3216 1147 3271 Κονδοὸαύδου
1196 3218 1256 3270 ὲν
1285 3217 1853 3272 Κωνσταντινουπόλει

267 3309 423 3379 ἔχειν
449 3309 647 3372 αὐτοὺς
677 3311 1058 3379 συνακτήριον,
1082 3309 1244 3361 κάκεῖ
1275 3308 1604 3377 συνάγεσθαι
1631 3308 1753 3373 τοὺς
1786 3309 1855 3364 τὰ

266 3403 471 3471 πρῶτα
519 3403 579 3454 ὲν
628 3401 813 3464 αὐτοῖς
847 3401 1150 3472 φέροντας·
1182 3395 1329 3456 οὗτοι
1363 3402 1419 3455 δὲ
1470 3404 1518 3455 οἱ
1569 3402 1856 3472 λεγόμενοι

265 3494 727 3557 Κονδοϐαυδίται,
753 3495 849 3547 καὶ
869 3496 919 3547 οί
947 3494 1274 3565 καλούμενοι
1315 3496 1606 3562 Ἀγνοΐται,
1640 3494 1856 3566 πρῶτον

269 3584 382 3656 μὲν
420 3584 711 3637 ἐκαλοῦντο
744 3583 1104 3649 Θεοδοσιανοὶ,
1143 3583 1427 3654 δεχόμενοι
1451 3583 1734 3637 Θεοδόσιον
1764 3583 1856 3636 τὸν

266 3678 570 3748 γενόμενον
604 3676 784 3730 αὐτῶν
829 3677 1019 3729 πάπαν
1086 3675 1528 3746 Ἀλεξανδρείας·
1574 3673 1856 3744 ἀναθεμα-

262 3769 540 3838 τίσθησσν
587 3768 643 3822 δὲ
694 3768 826 3838 παρ’
873 3768 1065 3822 αὐτοῦ’
1109 3771 1158 3822 οἱ
1210 3768 1307 3838 μὲν
1345 3767 1618 3835 Ἀγνοΐται
1663 3768 1752 3822 διὰ
1797 3770 1857 3823 τὺ

267 3863 457 3931 δόγμα
494 3862 595 3933 τῆς
623 3863 868 3929 ἀγνοίαςο
891 3863 941 3915 οἱ
991 3862 1048 3915 δὲ
1078 3862 1534 3928 Κονδοὸαυδίται,
1565 3862 1657 3916 διὰ
1685 3864 1746 3916 τὸ
1781 3864 1856 3935 μὴ

264 3952 531 4023 δέξασθαι
568 3952 769 4016 αὐτοὺς
798 3952 893 4005 τὸν
928 3953 1057 4024 περὶ
1087 3952 1189 4022 τῆς
1223 3953 1389 4020 ἁγίας
1433 3953 1665 4023 Τριάδος
1695 3953 1856 4021 λόγον

265 4045 373 4099 τὸν
399 4045 492 4097 ὑπ’
523 4043 694 4098 αὑτοῦ
738 4043 1046 4098 ἐκδοθέντα.
1085 4043 1249 4097 Ὅθεν
1293 4043 1476 4097 οὐκέτι
1516 4044 1858 4099 Θεοδοσιανοὶ

266 4130 567 4192 καλοῦνται
599 4137 704 4190 ὑπὸ
747 4135 859 4189 τῶν
910 4136 1170 4190 ἐναντίων
1206 4136 1404 4189 αὐτῶνθ
1446 4137 1633 4207 ἐπειδὴ
1677 4137 1738 4189 οὗ
1769 4137 1857 4190 δέ-

267 4246 499 4302 χονται,
529 4228 605 4292 ὡς
633 4228 850 4298 εἴρηται
872 4268 887 4292 ,
919 4227 1198 4281 Θεοδόσιον
1227 4242 1241 4257 ⁸
1277 4227 1394 4281 ἀλλ’
1417 4230 1465 4282 οἱ
1515 4228 1615 4297 μὲν
1654 4230 1718 4281 ὲκ
1762 4228 1858 4282 τοῦ

1960 3216 2017 3276 in
2077 3221 2202 3274 loco
2262 3216 2624 3273 Condobaudi
2685 3214 2963 3285 appellato
3018 3211 3225 3266 habent
3291 3207 3536 3263 collecta:

1956 3313 2152 3376 aedem,
2196 3309 2417 3378 illieque
2449 3314 2856 3378 congregantur
2880 3305 2973 3374 qui
3006 3304 3213 3374 primas
3260 3302 3407 3354 inter
3440 3312 3539 3352 eos

1955 3405 2163 3461 ferunt.
2221 3404 2395 3458 Porro
2455 3400 2546 3455 isti
2593 3396 3028 3454 Condobaudita:
3073 3391 3281 3456 vocati,
3336 3399 3393 3445 et
3438 3388 3535 3459 qui

1957 3507 2353 3567 nuncupantur
2378 3493 2647 3564 Agnoitze,
2670 3491 2847 3561 primo
2880 3486 3319 3558 indigitabantur
3351 3481 3532 3537 Theo-

1957 3589 2194 3653 dosiani,
2256 3597 2318 3642 ut
2378 3586 2474 3655 qui
2526 3591 2898 3653 sequerentur
2930 3580 3111 3661 ﬁl],
3162 3575 3536 3632 Theodosium

1957 3681 2302 3738 Alexandria:
2336 3693 2532 3749 papam
2562 3678 2805 3746 ipsorum
2837 3693 2850 3728 :
2879 3673 2974 3729 sed
2999 3679 3193 3742 postea
3218 3669 3286 3724 ab
3307 3682 3375 3722 eo
3408 3681 3541 3721 ana-

1959 3776 2200 3830 themate
2231 3770 2477 3841 percussi
2508 3779 2670 3834 sunt;
2717 3766 2966 3838 Agnoita:
3019 3764 3264 3834 quidem,
3312 3766 3540 3831 propter

1958 3869 2154 3938 dogma
2196 3864 2264 3919 de
2308 3861 2653 3934 ignorantia;
2685 3856 3122 3915 Condobaudita:
3178 3869 3332 3917 vero,
3391 3848 3538 3920 quod

1957 3972 2069 4011 non
2098 3956 2455 4009 admitterent
2482 3950 2790 4006 doctrinam
2824 3948 2893 4002 ab
2930 3947 3050 4016 ipso
3085 3945 3291 4001 editam
3321 3941 3388 3996 de
3412 3954 3535 3992 san.

1960 4057 2043 4104 cta
2081 4045 2370 4101 Trinitate.
2402 4041 2543 4097 Hinc
2570 4055 2681 4094 non
2731 4038 2969 4108 amplius
3023 4030 3394 4090 Theodosiani
3439 4044 3540 4082 vo-

1912 4183 1919 4187 ς
1960 4148 2158 4196 cantur
2200 4138 2268 4191 ab
2299 4133 2634 4190 adversariis
2666 4131 2820 4195 suis;
2853 4126 3330 4199 quandoquidem,
3366 4131 3427 4175 ut
3452 4120 3540 4175 di-

1960 4241 2110 4289 ctum
2154 4236 2258 4291 est,
2292 4241 2405 4281 non
2452 4223 2730 4293 recipiunt
2760 4218 3170 4282 Theodosium;
3211 4214 3309 4270 sed
3352 4211 3538 4283 primi,

266 4321 550 4390 δόγματος
580 4318 856 4387 Ἀγνοῒται
883 4336 898 4351 ·
925 4322 973 4373 0i
1003 4320 1060 4372 δὲ
1084 4320 1147 4371 ὲκ
1176 4319 1268 4372 τοῦ
1298 4319 1462 4373 τόπου
1493 4319 1853 4374 Κονδοὸαυδί-

1964 4340 2028 4380 ex
2057 4323 2331 4392 dogmate,
2353 4316 2635 4389 Agnoitze;
2665 4312 3024 4385 posteriores,
3053 4324 3122 4364 ex
3155 4308 3301 4372 loco,
3344 4303 3543 4359 dicun-

265 4430 389 4468 ται.
427 4411 792 4483 Συμιρωνοῦσι
823 4412 880 4465 δὲ
918 4411 1171 4483 ἀλλήλοις
1208 4411 1463 4482 ἑκάτεροι
1493 4413 1574 4475 εἰς
1603 4412 1696 4465 τὸν
1730 4412 1853 4483 περὶ

1964 4429 2054 4475 tur
2080 4414 2533 4474 Condobauditaa.
2579 4411 2813 4481 Utrique
2871 4419 3058 4464 autem
3105 4403 3446 4462 concordant
3487 4398 3541 4453 in

268 4505 493 4577 Πατρδς
513 4507 608 4559 καὶ
631 4503 761 4558 Υἱοῦ
786 4504 880 4559 καὶ
907 4505 1066 4573 ἁγίου
1097 4504 1414 4574 Πνεύματος
1442 4504 1623 4572 λόγον,
1659 4503 1717 4557 ἓν
1736 4505 1853 4574 δόγ-

1965 4523 2219 4565 sermone
2253 4507 2321 4562 de
2357 4506 2541 4567 Patre,
2578 4502 2740 4566 Filio,
2775 4510 2835 4556 et
2875 4500 3083 4571 Spiritu
3122 4505 3335 4563 sancto,
3390 4506 3543 4547 eam-

274 4614 355 4667 μα
391 4596 609 4667 ἔχοντες
638 4612 652 4626 ο
681 4595 1014 4663 διαφωνοῦσι
1043 4595 1100 4648 δὲ
1130 4596 1210 4658 είς
1240 4593 1302 4648 τὺ
1345 4594 1475 4666 περὶ
1508 4594 1610 4665 τῆς
1636 4596 1853 4664 ἀγνοίας

1965 4602 2091 4657 dem
2127 4597 2433 4654 doctrinam
2481 4603 2779 4658 tenentes;
2844 4590 3183 4646 dissentiunt
3206 4601 3339 4642 vero
3396 4583 3544 4639 circa

270 4689 475 4759 δόγμα.
507 4689 764 4759 Δέχονται
794 4687 888 4740 καὶ
903 4685 1141 4757 Σεῦἦρον
1161 4686 1413 4755 ἑκάτεροι
1446 4685 1539 4740 τὸν
1566 4687 1853 4757 γενόμενον

1964 4693 2161 4764 dogma
2183 4689 2251 4744 de
2276 4686 2607 4759 ignorantia.
2643 4684 2713 4739 At
2758 4684 3030 4740 Severum
3077 4678 3387 4739 Antiochiae
3425 4675 3547 4746 epi-

285 4781 622 4851 Ἀντιοχείας
658 4779 980 4833 ἐπίσκοπον·
1037 4780 1119 4833 διὸ
1158 4779 1256 4833 καὶ
1288 4779 1598 4850 ’Σεδηρίται
1643 4780 1853 4851 ὠνομά-

1967 4799 2195 4854 scopum
2226 4780 2451 4850 utrique
2478 4776 2793 4847 suscipiunt
2827 4792 2840 4831 :
2868 4774 3016 4830 unde
3060 4773 3229 4828 etiam
3286 4769 3549 4826 Severitae

275 4872 510 4942 σθησαν.

1968 4870 2239 4932 nominati
2277 4868 2526 4923 fuerunt.

349 4966 417 5031 ζ’.
470 4964 657 5018 ΙἌλλοι
714 4963 1011 5037 Σεϐηρίται
1070 4964 1120 5019 οί
1181 4962 1279 5018 καὶ
1333 4962 1705 5028 Θεοδοσιανοὶ,
1765 4963 1853 5017 καὶ

2041 4964 2095 5017 7.
2118 4960 2228 5015 Alii
2271 4957 2555 5022 Severian,
2585 4954 2752 5010 iidem
2795 4951 3194 5019 Theodosiani,
3231 4960 3287 5007 et
3334 4947 3552 5005 Paulia-

1580 5096 1817 5152 V'ARUE
1857 5095 2266 5152 LECTIONES.

354 5220 399 5253 "’
424 5219 592 5289 ἤγουν
620 5215 820 5289 φώτων
846 5213 1044 5289 desunt
1076 5210 1226 5289 in‘Q.
1304 5205 1518 5289 “ebant
1537 5210 1695 5289 deest
1723 5210 1789 5289 in
1933 5209 1995 5289 ,σθ
2021 5207 2083 5264 C.
2116 5205 2555 5289 Ιξονδοὸαυδίταιὲ
2589 5203 2638 5289 0i
2680 5203 2929 5289 λέγοντες
2954 5201 3051 5289 ἕνα
3088 5200 3252 5289 galia,
3264 5192 3547 5289 finiuit?)

277 5267 650 5360 ἀριθμξῇ-καί
675 5267 795 5354 odii.
821 5267 1324 5360 άπαίραλλάκτῳ
1362 5283 1587 5360 ἰσότητι.
1652 5279 2092 5360 Κονδοβαυδίται.
2119 5278 2194 5360 δὲ.
2224 5275 2495 5360 λέγονται,ἶ
2527 5267 2614 5328 διὰ
2654 5275 2713 5329 τὸ
2741 5267 2798 5327 ἐν
2839 5275 2951 5337 τοῖς
2984 5268 3348 5325 Κονδοϐαύδου
3391 5267 3543 5337 λεγοο

281 5345 552 5432 μενοὶξέν
592 5345 1158 5410 Κωνστανλὲινουπόλει
1199 5345 1345 5424 ἔχειν
1373 5345 1571 5415 αὐτοὺς
1601 5350 1984 5421 συνακτήριον,
2033 5348 2194 5403 κάκεῖ
2231 5345 2579 5416 συνάγεσθαι.

1800 5487 2037 5546 NOTAE.

278 5593 558 5657 sevinum‘,
604 5599 838 5662 negatur
865 5588 1145 5662 baptizare
1201 5586 1527 5662 Acepbalos,
1567 5583 1648 5662 uti
1695 5584 1864 5662 etiam
1971 5585 2250 5662 sentamus
2278 5591 2345 5631 ex
2373 5571 2835 5662 ⁸ξιοξιιίείιιη,ἱλεῂίη
2861 5568 2990 5662 aliis
3013 5568 3190 5662 multa
3218 5565 3551 5662 Ἧρξέἰνξξῖ

280 5633 1562 5730 gul-.60
1574 5633 1864 5730 "Afeeﬁiiiiii
1973 5633 2052 5711 sa,
2089 5656 2150 5701 ut
2178 5662 2348 5730 opus”
2366 5644 2516 5700 aliud
2547 5633 3552 5730 praeferanthvelucerte‘multis‘di-

281 5707 1264 5799 “éHiLK'S'Eeh"éé’éiﬁéérit'"iiié"£
1288 5707 1863 5799 Néqié'iagg’izém'r,
1973 5707 2189 5799 versam
2217 5707 2649 5799 editionemfag
2664 5711 2946 5799 nonnullis
2963 5709 3290 5777 auctiorem,
3323 5707 3553 5777 quibusve

283 5784 907 5877 ii'odzgd"(;ué,}hau),'
923 5797 1071 5871 quod
1122 5784 1436 5877 ipsumge'st
1474 5784 1622 5869 quod
1670 5784 1866 5868 reptas;
1896 5865 1928 5872 Α,
1977 5788 2102 5846 dam
2134 5786 2571 5845 diminutiorem.
2611 5784 2844 5841 Cancer.
