3984 6296
431 289 498 360 ὸ9
1548 293 1930 355 ΤΙΜΟΤΗΕΙ
1970 295 2015 356 Ρ

2125 294 2446 356 SBYTERI
2487 294 2600 355 ΟΡ.
3631 285 3710 354 60

427 404 618 472 ιιίειαις
648 405 707 459 hi
739 419 904 476 supra
929 403 1108 460 dictos
1139 402 1409 460 Severum
1434 411 1489 458 et
1509 403 1885 460 Theodosium
1925 404 2015 460 ad-

2122 401 2514 458 Παυλιανισταί
2539 401 2608 434 ’θ’
2633 399 2684 454 οἱ
2710 397 3000 469 δεχόμενοι
3020 397 3260 468 Σεδῆρον
3289 398 3386 453 xui
3418 397 3710 456 Θεοδόσιον

429 497 683 558 mittunt,
712 504 876 568 atque
905 511 1030 552 cum
1050 496 1118 552 iis
1139 496 1369 552 Paulum
1411 496 1507 566 qui
1532 511 1562 550 a
1597 497 1886 568 nigredine
1919 513 2013 553 co-

430 589 783 658 gnominatus
807 596 910 644 est.
939 588 1000 642 In
1028 587 1284 642 doctrina
1315 587 1383 642 de
1407 587 1590 650 Patre,
1619 588 1778 654 Filio,
1804 595 1862 643 et
1883 587 2013 658 Spi-

429 681 540 735 ritu
589 688 780 735 sancto
839 681 1202 736 consentiunt
1239 695 1364 735 cum
1415 680 1888 746 Condobauditis;
1943 681 2013 735 ab

429 771 566 842 ipsis
613 787 748 826 vero
797 771 1159 834 dissentiunt,
1215 771 1270 826 in
1312 787 1380 826 eo
1441 771 1590 842 quod
1645 771 1918 840 recipiant
1953 780 2014 827 ut

425 864 719 932 episcopos
744 861 1119 916 Theodosium
1161 871 1218 916 ct
1244 861 1499 927 Paulum,
1537 877 1664 916 cum
1711 869 2014 932 utrumque

427 955 684 1026 rejiciaut
711 953 1168 1010 Condobauditaa.

501 1129 553 1184 8.
583 1131 687 1185 Alii
720 1130 1004 1198 Severitze,
1029 1147 1246 1187 necnon
1291 1131 1688 1196 Theodosiani,
1723 1129 2010 1202 Angelilae,

429 1222 794 1288 Damianitze;
837 1223 929 1292 qui
961 1223 1240 1293 recipiunt
1268 1231 1606 1276 memoratos
1653 1221 1919 1277 Severum
1951 1239 2015 1278 ac

401 1309 846 1374 .Theodosium,
893 1328 1113 1381 unaque
1179 1311 1502 1366 Damianum
1555 1329 1568 1366 :
1613 1313 1819 1382 quique
1858 1312 2016 1366 aiunt

429 1403 599 1458 aiium
667 1403 887 1472 quidem
917 1403 1080 1475 412
1117 1419 1236 1458 esse
1283 1403 1522 1468 Patrem,
1559 1403 1728 1458 alium
1791 1404 2012 1471 Filium,

431 1495 601 1548 alium
628 1495 975 1548 Paraclctum
1009 1495 1276 1564 Spiritum
1311 1503 1594 1560 sanctum;
1629 1511 1740 1549 non
1769 1510 1890 1550 esse
1919 1510 2018 1549 au-

431 1594 544 1640 tem
609 1583 808 1640 horum
849 1601 1126 1656 quemque
1180 1601 1280 1656 per
1302 1601 1360 1640 sc
1408 1587 1583 1640 Deum
1637 1595 1859 1652 natura,
1918 1587 2015 1641 sed

431 1691 784 1730 communem
819 1677 1025 1732 habere
1077 1678 1271 1742 Deum,
1305 1678 1422 1733 sive
1449 1676 1802 1732 divinitatem
1857 1678 2016 1732 inex-

2113 495 2244 557 τοὺς
2273 491 2619 565 εἰρημένους,
2647 489 2742 544 xui
2769 489 2866 543 σὺν
2899 489 3084 551 αὐτοῖς
3107 487 3324 542 Παῦλον
3349 489 3442 542 τὸν
3467 489 3711 564 ἐπίκλην

2111 585 2207 638 τοῦ
2245 583 2494 639 Μελανοῦ
2529 584 2598 638 τι.
2631 581 2842 645 Οἴτινες
2867 582 2925 634 ὲν
2959 579 3059 650 μὲν
3087 578 3164 650 τῷ
3203 579 3332 651 περὶ
3359 581 3572 654 Πατρὸς
3599 583 3709 638 xui

2112 673 2244 728 Υίοῦ
2274 675 2370 728 xui
2401 673 2558 743 ἁγίου
2585 671 2904 743 Πνεῦματος
2930 670 3160 741 δόγματι
3185 671 3536 742 συμφωνοῦσι
3583 675 3709 737 τοῖς

2113 765 2590 830 Κονδοῦαυδίταις,
2624 761 2958 832 διαφωνοῦσι
2991 762 3048 816 δὲ
3093 761 3229 832 πρὸς
3259 762 3505 827 ἐκείνους
3529 765 3588 818 ἐν
3619 765 3710 832 τῷ

2115 857 2310 920 αὐτοὺς
2348 855 2445 924 μὲν
2477 855 2734 926 δέχεσθαι
2763 851 3040 907 Θεοδόσιον
3081 853 3177 906 xui
3209 851 3424 906 Παῦλον
3459 855 3537 918 εἰς
3576 855 3710 908 ἐπι-

2117 947 2374 1011 σκόπους⁶
2393 947 2520 1012 τοὺς
2541 947 2598 1000 δὲ
2618 945 3049 1009 Κονδοϐαυδίτας
3092 947 3438 1016 ἀμφοτέρους
3460 947 3712 1002 ἀποϐάλ-

2114 1037 2332 1092 λεσθαι.

2185 1139 2257 1204 η’.
2295 1132 2481 1186 Ἀλλοι
2507 1130 2824 1204 Σεὸηρίται,
2859 1130 2911 1184 οἱ
2939 1129 3032 1183 xui
3057 1127 3420 1194 Θεοδοσιανοὶ,
3445 1130 3540 1184 xui
3577 1131 3710 1196 ’Δγ-

2115 1227 2332 1294 γελίται
2351 1226 2422 1290 τ’,
2451 1224 2547 1278 xui
2578 1213 2924 1294 Ἀαμιανίται·
2951 1223 3000 1274 οἱ
3019 1221 3302 1292 δεχόμενοι
3331 1221 3573 1292 Σεδῆρον
3601 1223 3708 1276 καὶ

2115 1317 2396 1372 Θεοδόσιον
2426 1317 2552 1380 τοὺς
2589 1313 3087 1386 μνημονευθέντας,
3133 1312 3228 1366 καὶ
3267 1315 3540 1383 Δαμιανὸν
3601 1316 3708 1369 σὺν

2115 1409 2320 1472 αὐτοῖς’
2347 1408 2544 1472 οἵτινες
2573 1405 2825 1473 λέγουσιν
2846 1403 3008 1458 ἄλλον
3041 1404 3140 1475 μὲν
3169 1398 3309 1458 εῖναι
3332 1404 3424 1458 τὸν
3455 1405 3706 1476 Πατέρα,

2117 1499 2211 1553 xui
2262 1498 2422 1554 ἄλλον
2461 1499 2551 1552 τὸν
2578 1497 2729 1560 Υίὸν,
2779 1497 2876 1550 xui
2929 1495 3090 1549 ἄλλον
3117 1494 3210 1550 τὸν
3245 1496 3607 1568 Παράκλητον
3638 1497 3710 1552 τὸ

2116 1587 2343 1659 Πνεῦμα
2367 1589 2428 1642 τὸ
2454 1589 2638 1658 ἅγιον·
2689 1590 2765 1660 μὴ
2813 1585 2955 1642 εἶναι
2987 1588 3043 1642 δὲ
3073 1588 3280 1642 τούτων
3307 1589 3540 1643 ἕκαστον
3575 1591 3708 1642 καθ’

2119 1681 2312 1736 ἑαυτὸν
2369 1680 2504 1735 Θεὸν
2559 1679 2740 1750 φύσει,
2758 1675 2887 1734 ’ἀλλ’
2923 1679 3068 1750 ἔχειν
3123 1679 3302 1734 κοινὸν
3323 1679 3478 1744 Θεὸν,
3533 1681 3710 1750 ἤγουν

432 1767 744 1832 sistentem,
805 1784 906 1838 per
971 1771 1131 1840 cujus
1180 1767 1666 1838 participationem
1720 1767 2015 1822 indivisam

2122 1767 2352 1838 θεότητα
2384 1769 2748 1839 ἐνύπαρκτον,
2794 1769 2888 1823 xui
2925 1769 3130 1840 ταύτης
3183 1769 3480 1841 μετέχοντα
3527 1769 3710 1825 ἀδιαι-

431 1860 924 1931 unusquisque’sit
953 1861 1119 1917 Deus.
1155 1861 1450 1932 Appellant
1479 1876 1613 1916 vero
1650 1861 1891 1924 Patrem,
1930 1860 2019 1914 Fi-

429 1949 592 2016 lium,
621 1960 874 2008 sanetum
904 1952 1196 2022 Spiritum,
1217 1953 1568 2024 hypostases;
1598 1967 1893 2007 commune
1925 1967 2020 2008 eo-

429 2055 554 2095 rum
584 2043 774 2106 Deum,
821 2044 1192 2100 substantiam
1225 2053 1282 2101 et
1318 2053 1596 2098 naturam.
1621 2043 1794 2098 Porro
1841 2043 2018 2115 Ange-

427 2129 538 2186 lltae
562 2131 631 2186 ab
660 2133 1000 2190 adversariis
1029 2136 1209 2190 vocati
1241 2143 1394 2200 sunt,
1431 2151 1498 2189 ex
1518 2135 1644 2189 loco
1671 2133 2018 2190 Alexandriae

428 2221 579 2278 dicto
613 2223 868 2296 Angelio,
907 2226 965 2280 in
989 2242 1100 2296 quo
1127 2227 1374 2282 collectae
1411 2225 1585 2280 aedem
1613 2225 1890 2280 habentes
1921 2225 2018 2294 qui

431 2313 600 2383 primi
625 2315 773 2370 inter
795 2330 896 2370 eos
927 2327 1058 2370 sunt
1076 2323 1505 2386 congregantur.
1553 2315 1889 2385 Nuneupant
1917 2331 2020 2369 au-

429 2411 544 2456 tem
565 2418 664 2460 eos
682 2405 992 2460 adversarii
1012 2404 1424 2461 Sabellianistas
1440 2405 1600 2460 simul
1619 2415 1670 2459 et
1690 2405 2016 2461 Tetraditas.

429 2492 605 2548 Iidem
641 2495 1081 2551 Damianitarum
1106 2498 1332 2552 nomine
1366 2497 1784 2568 insignitishnt,
1817 2514 1885 2553 ex
1914 2499 2021 2552 Da-

431 2584 620 2638 miano
645 2587 910 2658 episcopo
939 2587 1181 2643 illorum.
1208 2589 1372 2644 Initio
1405 2589 1660 2651 Paulum,
1685 2590 1846 2660 cujus
1869 2605 2022 2644 men-

433 2673 641 2729 tionem
687 2675 940 2744 fecimus,
991 2695 1090 2749 pro
1133 2680 1397 2750 episeopo
1448 2680 1762 2748 ducebant;
1817 2682 2019 2740 deinde

432 2763 589 2820 illum
639 2767 976 2838 rejecerunt,
1003 2785 1070 2824 eo
1092 2770 1240 2840 quod
1283 2771 1753 2828 communieasset
1814 2783 2021 2832 sanctae

433 2857 718 2913 catholica:
737 2867 793 2914 et
816 2861 1136 2930 apostolicae
1161 2861 1449 2927 Ecclesiae,
1483 2871 1840 2934 sanctamque
1859 2864 2018 2920 Chal-

431 2949 804 3006 cedonensem
853 2951 1123 3024 synOdum
1157 2952 1552 3024 approbasset;
1606 2953 1824 3008 tametsi
1853 2970 2018 3024 quam

433 3041 670 3096 maxime
697 3051 889 3112 postea
929 3045 1228 3099 recesserit
1277 3059 1308 3098 a
1339 3053 1528 3098 sancta
1562 3043 1836 3099 catholica
1889 3060 2022 3114 apo-
2046 3083 2090 3141 Ο

429 3133 736 3204 stolicaque
790 3135 1056 3196 Ecclesia.
1125 3144 1293 3208 atque
1347 3136 1706 3208 abnegaverit
1757 3145 2013 3191 sanctum

431 3222 883 3282 Chalcedonense
908 3227 1231 3283 concilium.

501 3417 556 3474 9.
582 3419 690 3474 Alii
723 3419 1013 3486 Severitae,
1043 3437 1140 3477 seu
1177 3421 1577 3486 Theodosiani,
1603 3420 1733 3476 item
1765 3421 2010 3477 Petritze.

431 3506 493 3562 In
519 3509 840 3579 episcopum
876 3509 1190 3579 suscipiunt
1217 3521 1562 3580 postremum
1593 3511 1842 3566 Petrum.
1881 3512 2016 3566 Sus-

433 3598 651 3668 cipiunt
689 3615 910 3670 quoque
955 3601 1354 3666 Theodosium,
1406 3601 1693 3668 Severum,
1749 3603 2010 3670 Petrum;

435 3703 786 3761 nequaquam
819 3692 1168 3758 Damianum,
1195 3709 1301 3748 nec
1329 3693 1560 3748 Paulum
1597 3708 1874 3762 :quorum
1917 3692 2014 3747 do-

435 3783 628 3838 ctrime
661 3793 990 3854 repugnant.
1015 3783 1366 3839 Conﬁtentur
1391 3784 1552 3856 413
1579 3785 1726 3839 enim
1753 3786 1922 3840 Deum
1945 3802 2014 3840 ex

435 3875 692 3937 veritate,
751 3877 1062 3931 substantia
1099 3885 1155 3930 et
1205 3884 1402 3931 natura
1447 3892 1726 3947 quemque
1780 3892 1879 3948 per
1909 3893 2010 3932 se:

437 3963 677 4030 Patrem,
705 3965 954 4036 inquam,
976 3967 1199 4030 Filium,
1241 3975 1408 4036 atque
1439 3965 1707 4038 Spiritum
1735 3976 2008 4022 sanetum.

439 4057 573 4113 Item
598 4059 932 4130 proﬁtentur
981 4069 1096 4114 tres
1129 4060 1454 4132 hypostases
1491 4075 1556 4114 ac
1585 4068 1696 4114 tres
1723 4075 2010 4130 personas,

437 4157 493 4204 et
531 4167 974 4222 unamquamque
993 4151 1332 4224 hypostasim
1359 4152 1532 4206 Deum
1555 4167 1677 4206 esse
1699 4167 1848 4216 vere,
1879 4152 2014 4206 sub-

437 4241 784 4307 stantialiter,
831 4243 1183 4296 naturaliter.
1243 4242 1427 4296 Unum
1483 4241 1679 4306 Deum,
1736 4259 2014 4312 unamque

437 4329 800 4393 substantiam
835 4346 900 4386 ac
931 4340 1188 4384 naturam
1209 4331 1426 4385 Patrem
1445 4339 1502 4385 et
1550 4331 1753 4386 Filium
1787 4341 1844 4386 et
1882 4347 2012 4387 san-

2119 1859 2315 1929 ρέτως,
2343 1857 2484 1914 εἶναι
2515 1859 2650 1914 Θεὸν
2679 1859 2932 1914 ἕκαστον.
2977 1859 3220 1914 Καλοῦσι
3245 1860 3302 1912 δὲ
3332 1860 3422 1914 τὸν
3453 1859 3554 1930 μὲν
3581 1861 3707 1914 Πα-

2117 1953 2256 2021 τέρα
2275 1953 2369 2004 xui
2397 1950 2488 2005 τὸν
2508 1951 2637 2004 Υἰὸν
2667 1951 2844 2004 καὶτὸ
2875 1951 3034 2019 ἅγιον
3062 1950 3288 2022 Πνεῦμα
3347 1952 3702 2016 ὑποστάσεις·

2118 2042 2178 2095 τὸ
2197 2043 2252 2095 δὲ
2281 2042 2456 2097 κοινὸν
2487 2042 2669 2096 αὐτῶν
2700 2042 2862 2108 Θεὸν,
2894 2043 3082 2096 οὐσίαν
3111 2043 3206 2097 καὶ
3235 2044 3420 2113 φύσιν.
3447 2043 3705 2112 Ἀγγελί-

2119 2149 2210 2186 ται
2250 2131 2308 2184 δὲ
2351 2131 2666 2202 ἐκλήθησαν
2697 2130 2802 2185 ὑπὸ
2827 2131 2938 2186 τῶν
2967 2131 3228 2187 ἐναντίων
3268 2133 3470 2197 αὐτῶν,
3508 2133 3574 2186 ἐκ
3604 2131 3705 2188 τοῦ

2119 2221 2286 2274 τόπου
2338 2221 2481 2276 οὕτω
2537 2221 2876 2290 καλουμένου
2953 2219 3236 2290 ’Δγγελίου
3323 2223 3381 2274 ὲν
3443 2221 3704 2286 Ἀλεξαν-

2120 2312 2414 2385 δρεῖᾳ(48),
2451 2313 2509 2365 ὲν
2537 2307 2580 2381 ᾧ
2606 2313 2966 2384 συνακτήριον
3000 2313 3218 2384 ἔχοντες
3239 2313 3288 2365 oi
3315 2312 3384 2366 τὰ
3416 2311 3610 2383 πρῶτα
3639 2314 3702 2368 ἐν

2121 2405 2301 2468 αὐτοῖς
2337 2405 2592 2474 φέροντες
2636 2405 2982 2474 συνάγονται.
3014 2402 3262 2458 Καλοῦσι
3304 2403 3361 2458 δὲ
3407 2404 3608 2466 αὐτοὺς
3648 2405 3702 2458 o!

2121 2496 2354 2550 ἐναντίοι
2398 2497 2577 2552 αὐτῶν
2630 2498 3088 2565 Σαϐελλιανιστὰς
3140 2502 3258 2572 ἅμα
3293 2499 3384 2556 xui
3435 2501 3706 2571 Τετραδί-

2120 2600 2223 2648 τας
2254 2583 2389 2656 (49).
2439 2587 2502 2639 0i
2532 2586 2688 2640 αὐτοὶ
2718 2587 2774 2640 δὲ
2807 2588 3134 2660 Δαμιανίται
3165 2588 3566 2660 ὠνομάσθησαν
3589 2591 3706 2643 ἀπὸ

2121 2677 2398 2746 Δαμιανοῦ
2430 2678 2523 2732 τοῦ
2569 2680 2874 2734 ἐπισκόπου
2908 2680 3108 2736 αὐτῶν.
3143 2675 3304 2736 Οὗτοι
3339 2681 3555 2754 πρῶτον
3586 2681 3708 2734 ἐδέ-

2121 2786 2278 2840 χοντο
2313 2770 2404 2824 τὸν
2455 2772 2904 2842 μνημονευθέντα
2956 2773 3174 2828 Παῦλον
3229 2775 3312 2838 είς
3371 2774 3702 2833 ἐπίσκοπον.

2123 2859 2390 2933 Ὕστερον
2419 2863 2476 2916 δὲ
2511 2862 2700 2917 τοῦτον
2741 2863 3106 2931 ἀπεϐάλοντο,
3149 2865 3238 2920 διὰ
3276 2865 3336 2919 τὸ
3366 2856 3708 2934 κοινωνῆσαι

2121 2951 2284 3004 αὐτὸν
2313 2955 2377 3023 τῇ
2409 2952 2540 3024 ἁγίᾳ
2565 2952 2831 3026 καθολικῇ
2867 2955 2964 3009 xui
2997 2954 3332 3026 ἁποστολικῇ
3373 2955 3706 3026 Ἐκκλησία,

2122 3043 2216 3096 καὶ
2239 3041 2496 3110 δέξασθαι
2530 3045 2630 3116 τὴν
2675 3045 2836 3114 ἁγίαν
2869 3047 2928 3101 ὲν
2970 3046 3272 3120 Χαλκηδόνι
3321 3047 3563 3102 σύνοδοψ
3588 3047 3708 3102 κᾶν

2123 3130 2172 3184 εί
2225 3131 2294 3184 τὰ
2335 3133 2572 3202 μάλιστα
2607 3135 2770 3189 πάλιν
2823 3135 3034 3208 ἀπέστη
3063 3137 3164 3208 τῆς
3192 3137 3358 3206 ἁγίας
3401 3137 3710 3206 καθολικῆς

2120 3221 2216 3277 xui
2252 3223 2618 3298 ἁποστολικῆς
2665 3226 2996 3298 Ἐκκλησίας
3020 3269 3036 3293 ,
3069 3227 3166 3282 xui
3195 3227 3552 3300 ἀπηρνήσατο
3596 3224 3710 3294 τὴν

2120 3319 2283 3389 ἁγίαν
2313 3323 2370 3376 ὲν
2408 3321 2711 3393 Χαλκηδόνι
2741 3323 2982 3378 σύνοδον.

2190 3407 2254 3466 θ’.
2289 3409 2472 3462 Ἀλλοι
2507 3410 2803 3482 Σεϐηρὲται
2829 3451 2845 3476 ,
2881 3412 3051 3484 ἤγουν
3105 3413 3451 3468 Θεοδοσιανοὶ
3472 3457 3488 3481 ,
3519 3413 3572 3468 oi
3601 3414 3706 3470 xui

2119 3503 2400 3574 Πετρίταιο
2429 3505 2479 3558 οἱ
2507 3503 2788 3575 δεχόμενοι
2821 3505 2912 3560 τὸν
2943 3505 3175 3577 ἔσχατον
3211 3507 3421 3578 Πέτρον
3455 3509 3536 3571 είς
3572 3507 3704 3561 ἐπί-

2119 3613 2338 3650 σκοπονο
2374 3595 2570 3660 οἵτινες
2600 3599 2886 3669 δεχόμενοι
2930 3597 3212 3652 Θεοδόσιον
3235 3641 3251 3666 ,
3286 3599 3384 3653 xui
3413 3599 3683 3670 Σεϐἧρον,

2117 3687 2212 3740 xui
2243 3687 2469 3760 Πέτρον,
2493 3689 2764 3758 Δαμιανὸν
2793 3689 2855 3742 οὗ
2880 3689 3431 3762 προσδέχονται,οὑδὲ
3458 3689 3696 3744 Παῦλον·

2117 3780 2488 3833 ἐναντιοῦνται
2525 3780 2584 3834 δὲ
2611 3779 2690 3850 τῷ
2725 3780 2960 3852 δόγματι
2996 3780 3297 3852 ἑκατέρων.
3335 3779 3700 3851 Ὀμολογοῦσι

2116 3868 2225 3940 γὰρ
2256 3868 2390 3922 Θεὸν
2419 3869 2561 3923 κατὰ
2592 3869 2878 3941 ἀλήθειαν,
2919 3871 3014 3924 xui
3041 3871 3232 3925 οὐσίαν
3253 3871 3350 3926 xui
3374 3872 3537 3941 φύσιν
3567 3872 3702 3926 ’ἑκα-

2119 3978 2242 4018 στον
2273 3963 2395 4016 καθ’
2427 3963 2652 4016 ἑαυτόν*
2689 3963 2782 4017 τὸν
2820 3963 3046 4034 Πατέρα
3071 3965 3218 4034 φημὶ
3245 4004 3260 4029 ,
3314 3965 3412 4018 xui
3443 3963 3532 4018 τὸν
3567 3964 3696 4018 rem

2116 4052 2212 4106 xui
2243 4052 2306 4106 τὸ
2347 4053 2502 4120 ἆγιον
2553 4053 2810 4124 Πνεῦμαο
2867 4058 3020 4126 τρεῖς
3055 4055 3383 4118 ὑποστάσεις
3425 4055 3520 4108 xui
3569 4055 3699 4124 τρία

2117 4141 2387 4211 πρόσωπα
2415 4142 2826 4212 ὁμολογοῦντες,
2850 4145 2945 4198 xui
2964 4144 3204 4215 ἑκάστην
3237 4145 3534 4198 ὑπόστασιν
3564 4143 3698 4197 Θεὸν

2117 4227 2259 4286 εἶναι
2303 4233 2444 4286 κατᾶ
2487 4233 2778 4304 ἀλήθειαν,
2825 4235 2920 4288 xui
2975 4235 3166 4288 οὐσίαν
3204 4236 3298 4288 xui
3345 4234 3526 4305 φύσιν.
3560 4233 3698 4287 Ἕνα

2117 4321 2250 4376 Θεὸν
2277 4323 2370 4376 xui
2403 4325 2532 4393 μίαν
2560 4324 2750 4378 οὐσίαν
2775 4325 2868 4378 xui
2903 4323 3064 4394 φύσιν
3093 4324 3186 4378 τὸν
3215 4326 3440 4396 Πατέρα
3482 4325 3574 4378 xui
3604 4325 3698 4377 τὸν

436 4433 584 4476 etum
605 4421 875 4492 Spiritum
907 4422 1124 4486 dicunt,
1169 4437 1280 4476 non
1313 4438 1566 4486 numero,
1615 4423 1712 4478 sed
1761 4422 2011 4492 perfecta

2122 4415 2245 4468 Υἱὸν
2271 4415 2362 4469 xui
2387 4417 2446 4468 τὸ
2471 4416 2626 4485 ἅγιον
2657 4417 2884 4488 Πνεῦμα
2905 4417 3174 4486 λέγουσιν,
3195 4418 3295 4471 οὐκ
3317 4416 3702 4490 ἀριθμῷ,ἀλλὰ

436 4513 772 4584 inqualitate.
795 4512 906 4569 Hos
927 4515 1192 4586 Angelita:
1225 4523 1282 4570 et
1313 4515 1666 4570 Paulianistae
1711 4514 2013 4570 Tritheitas

437 4605 756 4660 nominant:
786 4605 889 4675 ipsi
909 4621 1041 4661 vero
1080 4605 1199 4660 vice
1232 4621 1394 4660 versa
1424 4607 1568 4672 illos,
1603 4603 1881 4660 interdum
1915 4604 2014 4660 Sa-

441 4695 730 4760 bellianos,
757 4696 1035 4752 interdum
1059 4696 1399 4752 Tetraditas.

509 4787 594 4842 10.
633 4787 741 4843 Alii
777 4788 1060 4853 Severitaa,
1101 4805 1200 4844 seu
1237 4787 1632 4845 Theodosiani.
1665 4802 1885 4842 necnon
1917 4787 2018 4843 Co-

2118 4509 2184 4576 τῇ
2215 4507 2622 4580 ἀπαραλλάκτῳ
2672 4509 2900 4580 ἰσότητι.
2927 4510 3036 4575 Οὓς
3087 4513 3136 4564 οἱ
3178 4509 3493 4579 Ἀγγελίται
3525 4512 3616 4564 xui
3641 4510 3696 4564 οι

2121 4601 2511 4656 Παυλιανισταὶ
2545 4603 2832 4673 Τριθεῒτας
2855 4605 3210 4675 ὀνομάζουσι’
3237 4605 3332 4658 xui
3359 4597 3505 4658 οὗτοι
3533 4603 3697 4656 πάλιν

2113 4693 2352 4756 ἐκείνους
2397 4693 2528 4746 ποτὲ
2557 4693 2656 4766 μὲν
2673 4693 3084 4760 Σαϐελλιανοὺς,
3103 4695 3234 4748 ποτὲ
3256 4695 3314 4748 δὲ
3339 4695 3693 4766 Τετραδίτας.

2188 4793 2242 4839 ι’.
2283 4785 2470 4840 ’Ἄλλοι
2514 4786 2836 4856 Σεόηρίται,
2877 4788 3048 4858 ήγουν
3096 4786 3460 4842 Θεοδοσιανοὶ.
3497 4786 3546 4838 οἱ
3593 4785 3693 4838 xui

440 4879 674 4948 nonitae;
702 4881 795 4952 qui
830 4897 936 4951 una
963 4897 1091 4943 cum
1121 4878 1438 4945 Theodosio
1471 4888 1528 4934 et
1549 4877 1756 4932 Severo
1780 4877 2015 4947 probant

2122 4879 2449 4932 Κονωνίται·
2483 4881 2532 4933 οι
2568 4879 2850 4950 δεχόμενοι
2873 4879 3154 4933 Θεοδόσιον
3187 4877 3281 4931 xui
3311 4876 3576 4946 Σεϐἦρον,
3599 4875 3696 4928 xui

1711 4990 1945 5046 VAlilE
1984 4991 2388 5050 LECTIONES.

504 5085 552 5157 '_°
572 5083 632 5141 C.
668 5083 708 5140 ε’
741 5087 1144 5144 Παυλιανισταὶ.
1165 5088 1219 5157 οἱ
1244 5085 1519 5157 δεχόμενοι
1553 5083 1875 5157 Παῦλοντὸν
1909 5085 2104 5157 ἐπίκλη

2109 5104 2135 5137 ν
2166 5086 2256 5139 τὸν
2279 5087 2544 5142 Μελανόν.

2621 5089 2660 5120 '"
2689 5086 2792 5142 Ed.
2823 5085 2914 5140 τὸν
2937 5085 3203 5142 Μελανόν.
3279 5085 3324 5116 τ’
3363 5081 3693 5151 Ἀγγελίται,

443 5155 492 5206 oi
516 5155 785 5226 λέγοντες,
816 5157 974 5212 ἄλλον
1005 5159 1102 5228 μὲν
1137 5153 1272 5210 εἶναι
1301 5153 1391 5209 τὸν
1425 5156 1662 5226 Πατέρα,
1697 5156 1792 5209 καὶ
1822 5155 1914 5208 τὸν
1944 5153 2103 5217 Υίὸν,
2132 5157 2226 5210 xui
2252 5159 2310 5211 τὸ
2339 5159 2493 5227 ἆγιον
2519 5158 2766 5227 Πνεῦμα.

1957 5251 2183 5306 NOTAE.

510 5345 622 5412 (48)
665 5346 968 5414 Ἀγγελίου
995 5345 1065 5397 ἐν
1104 5342 1549 5411 Ἀλεξανδρείᾳ.
1605 5342 1915 5414 Dorotheus
1957 5343 2014 5399 in
2118 5343 2255 5414 Hist.
2287 5343 2449 5410 εει-1.,
2485 5343 2581 5399 lib.
2615 5359 2768 5408 xvm,
2805 5359 2926 5414 cap.
2981 5344 3070 5410 49,
3107 5343 3201 5414 qui
3249 5358 3316 5398 ex
3365 5341 3473 5396 hoc
3521 5338 3696 5394 nostri

443 5411 690 5485 Synopsi.
719 5411 789 5471 de
843 5415 1007 5469 Marci
1037 5414 1406 5485 evangelista:
1469 5413 1732 5485 martyrio
1779 5413 2015 5485 Alexan-
2115 5413 2238 5468 loco
2275 5429 2373 5485 sua
2399 5415 2591 5484 procul
2621 5415 2790 5470 dubio
2817 5411 3120 5485 mutuatur.

441 5475 604 5556 glria;
622 5475 811 5556 capt-1i;
850 5486 956 5556 ἀπὸ
983 5484 1088 5556 τῶν
1109 5475 1475 5556 ,κανουμένων
1507 5475 1778 5556 Βουᾷιόλου
1799 5483 2008 5556 τόπων,

441 5555 545 5624 ἓως
564 5555 671 5624 τῷν
694 5552 1044 5624 καλουμένων
1075 5554 1366 5622 Ἀγγέλων,
1393 5554 1690 5624 ὲκεῖέκάτι.
1715 5553 1758 5606 Α
1787 5552 1898 5606 loco
1919 5555 2012 5623 qui

440 5622 668 5678 Bucolus
703 5622 914 5694 dicitur,
941 5639 1104 5692 usque
1128 5625 1198 5678 ad
1226 5641 1342 5678 eum
1377 5625 1468 5694 qui
1493 5623 1822 5694 Angelorunt
1856 5622 2012 5676 voea-

443 5705 550 5760 tur,
576 5701 796 5762 tractus,
830 5693 901 5748 ibi
943 5695 1239 5751 combustus
1297 5693 1396 5751 cst.
1433 5693 1587 5750 Adde
1637 5693 2011 5763 Nicephorum

2189 5484 2302 5554 (£9)
2339 5483 2850 5549 Σάὅελλεανιστὰς
2876 5483 2996 5552 ἅμα
3013 5483 3112 5536 καὶ
3140 5483 3506 5554 Τετρτιδίτας.
3536 5484 3695 5551 Quod

2153 5553 2314 5608 artiin
2340 5554 2680 5609 confundere
2718 5568 3000 5624 personas,
3039 5553 3236 5622 partim
3264 5556 3693 5624 quaternitateau

2135 5639 2236 5680 oco
2271 5625 2556 5680 Trinitatis
2586 5623 2844 5680 invehere
2873 5622 3210 5678 viderentur.
