3984 6296
281 338 351 408 61
1314 344 1411 405 DE
1449 344 1925 407 RECEPTIONE
1966 348 2565 415 HERETICORUM.
3479 355 3553 419 62

289 453 390 508 σὺν
425 452 617 518 αὐτοῖς
665 452 896 507 Κόνωνα
942 452 1277 507 ἐπίσκοπον·
1318 454 1516 518 οἵτινες
1560 455 1657 507 καὶ
1713 454 1869 508 αὐτοὶ⁵

1971 457 2254 516 Cononem
2308 462 2664 533 episcopum;
2716 462 2926 533 quique
2983 460 3321 517 conﬁtentur
3372 463 3550 518 Deum

292 544 616 615 ὁμολογοῦσι
656 546 791 600 Θεὸν
836 544 979 601 εἶναι
1032 544 1177 599 κατὰ
1221 544 1504 615 ἀλήθειαν,
1539 547 1631 598 καὶ
1680 546 1873 600 οὐσίαν

294 637 389 690 καὶ
418 636 579 706 φύσιν
610 637 842 691 ἕκαστον
862 655 876 669 ·
909 636 999 691 τὸν
1026 636 1248 707 Πατέρα
1280 635 1446 704 λέγω,
1476 636 1570 689 καὶ
1600 635 1694 689 τὸν
1723 635 1871 700 Υῐὸν,

290 728 480 783 καὶτὸ
512 728 669 799 ἀγιον
710 729 939 800 Πνεῦμα
1007 730 1161 799 τρεῖς
1204 727 1532 791 ὑποστάσεις
1568 728 1667 800 τὴν
1710 728 1874 795 ἁγίαν

290 817 500 888 Τριάδα
548 819 645 870 καὶ
672 818 799 888 τρία
824 819 1093 889 πρόσωπα
1115 833 1127 846 ⁸
1165 816 1243 870 ἔτι
1282 815 1389 888 μὴν
1412 817 1505 871 καὶ
1533 820 1683 884 τρεῖς
1717 833 1872 879 τινας

289 907 372 978 τῷ
405 907 628 980 ἀριθμῷ
665 909 855 971 οὐσίας
903 909 996 961 καὶ
1043 907 1237 977 φύσεις
1276 909 1397 971 ίσας
1435 908 1872 978 ἀπαραλλάκτως

290 1001 438 1052 κατὰ
481 999 580 1070 τὴν
635 1000 865 1071 θεότητα
909 999 1179 1068 λέγοντες.
1211 1000 1358 1054 Μίαν
1382 998 1435 1053 δὲ
1471 1002 1678 1064 οὐσίαν,
1705 1000 1872 1071 ἤγουν

293 1089 482 1160 φύσιν,
509 1091 603 1143 καὶ
633 1091 761 1161 μίαν
790 1090 1041 1161 θεότητα,
1072 1092 1239 1163 ἤγουν
1278 1091 1411 1145 Θεὸν
1450 1091 1547 1161 τὴν
1584 1093 1745 1159 ἁγίαν
1776 1095 1871 1145 καὶ

291 1182 584 1252 ὁμοούσιον
630 1181 840 1252 Τριάδα
885 1165 1264 1251 ὁμολογοῦσιν,
1315 1182 1417 1234 οὐκ
1464 1181 1705 1252 ἀριθμῷ,
1734 1181 1871 1235 ἀλλὰ

290 1275 360 1344 τῇ
409 1273 822 1343 ἀπαραλλάκτῳ
869 1273 968 1342 τῆς
1016 1272 1278 1343 θεότητος
1340 1273 1653 1341 ταυτότητι.
1707 1274 1871 1344 Τρεῖς

291 1364 349 1417 δὲ
374 1364 532 1428 θεοὺς
564 1364 597 1436 ἢ
622 1364 886 1435 θεότητας
919 1364 1099 1433 λέγειν
1126 1363 1546 1434 παραιτοῦνται.
1580 1365 1691 1419 Καὶ
1721 1360 1869 1419 οὗτοι

291 1455 348 1508 δὲ
376 1455 619 1525 Σεὸἧρον
641 1455 735 1508 καὶ
767 1455 1047 1508 Θεοδόσιον
1068 1454 1370 1525 δεχόμενοι,
1403 1454 1526 1508 οὔτε
1571 1456 1866 1526 Δαμιανὸν,

291 1546 413 1600 οὔτε
434 1546 670 1612 Παῦλον,
704 1546 827 1601 οὔτε
854 1548 944 1601 τὸν
968 1546 1195 1617 ἔσχατον
1220 1546 1428 1618 Πέτρον
1449 1547 1720 1618 δέχονται.
1749 1550 1867 1601 Κα-

289 1638 444 1692 λοῦσι
473 1638 531 1693 δὲ
559 1638 654 1692 καὶ
687 1638 910 1700 τούτους
948 1640 999 1692 oi
1026 1637 1303 1707 Δαμιανοῦ
1334 1638 1428 1692 καὶ
1460 1638 1698 1704 Παύλου,
1735 1639 1869 1709 Τρι-

292 1728 475 1793 θεϊτας
494 1747 509 1763 ο
537 1731 632 1783 καί⁵
660 1722 814 1783 οὗτοι
852 1730 909 1783 δὲ
938 1730 1185 1796 ἐκείνους
1218 1726 1566 1801 ὀνομάζουσι,
1601 1729 1733 1782 ποτὲ
1769 1730 1868 1801 μὲν

288 1820 688 1887 Σαϐελλιανοὺς
716 1821 811 1875 καὶ
830 1821 1206 1886 Μοντανιστάς
1229 1822 1323 1875 καὶ
1353 1823 1749 1886 Φωτεινιανοὺς
1774 1824 1870 1876 καὶ¹

285 1912 626 1983 Νοητιανοῦς
670 1913 767 1966 καὶ
805 1911 1282 1983 Ἀρτεμονιάστας,
1336 1911 1469 1965 ποτὲ
1496 1912 1553 1965 δὲ
1595 1913 1870 1982 Τετραδί-

289 2017 391 2064 τας
422 2002 619 2065 αὐτοὺς
655 2000 1146 2074 προσαγορεύουσι.
1196 2000 1513 2055 Διίστανται
1545 2003 1600 2056 δὲ
1633 2004 1739 2056 άπὸ
1766 2004 1870 2057 Πέ-

290 2109 424 2162 τρου
462 2092 557 2146 τοῦ
598 2093 826 2163 ἐσχάτου
852 2094 945 2147 καὶ
979 2093 1087 2146 τῶν
1130 2094 1229 2147 σὺν
1266 2093 1437 2163 αὐτῷ,
1485 2093 1621 2147 διότι
1662 2096 1864 2149 ἐκεῖνοι

291 2185 396 2257 μὲν
433 2187 861 2258 παραιτούμενοι
892 2190 1040 2258 τρεῖς
1088 2187 1270 2257 λέγειν
1318 2187 1498 2251 θεοὺς,
1531 2189 1701 2258 ἤγουν
1746 2190 1868 2243 θεό-

285 2296 461 2349 τητας
490 2282 663 2351 τρεῖς,
695 2281 786 2333 τὸν
820 2281 1037 2351 Πατέρα
1068 2281 1161 2334 καὶ
1189 2280 1280 2334 τὸν
1317 2282 1447 2335 Υἰὸν
1488 2282 1583 2334 καὶ
1613 2282 1675 2334 τὸ
1708 2282 1868 2350 ἅγιον

281 2368 533 2441 Πνεῦμα,
571 2372 968 2440 παραιτοῦνται
991 2372 1087 2427 καὶ
1119 2373 1180 2426 τὸ
1209 2372 1388 2442 λέγειν
1418 2375 1569 2442 τρεῖς
1594 2373 1672 2444 τῷ
1706 2374 1866 2444 ἀριθ-

284 2457 375 2529 μῷ
409 2460 600 2524 οὐσίας
628 2461 798 2531 ἤγουν
833 2461 1025 2531 φύσεις
1068 2462 1217 2523 τινας
1250 2462 1372 2524 ίσας
1404 2462 1863 2532 ἀπαραλλάκτως.

210 2568 219 2577 ·
282 2543 445 2602 υῦτοι
478 2550 533 2601 δὲ
563 2551 626 2602 τὸ
672 2551 771 2621 μὲν
806 2552 987 2620 λέγειν
1042 2556 1194 2622 τρεῖς
1224 2552 1381 2616 θεοὺς
1406 2552 1582 2623 ’ἤγουν
1603 2554 1867 2625 θεότητας

282 2640 723 2711 παραιτοῦνται·
768 2646 917 2713 τρεῖς
950 2642 1008 2695 δὲ
1058 2642 1137 2713 τῷ
1186 2642 1407 2714 άριθμῷ
1468 2645 1659 2707 οὐσίας
1702 2647 1867 2717 ἤγουν

283 2732 482 2802 φύσεις
503 2733 659 2796 τινας
700 2734 823 2798 ἴσας
850 2735 1228 2806 ὁμολογοῦσιν.
1256 2728 1440 2800 Οὗτοι,
1464 2738 1512 2789 οἱ
1537 2737 1643 2790 ἀπὸ
1678 2738 1867 2791 Κόνωο

282 2844 398 2888 νος,
456 2827 633 2897 φημί,
677 2827 950 2898 πρότερον
991 2827 1274 2898 δεχόμενοι
1326 2826 1397 2881 τὰ
1456 2828 1865 2898 συγγράμματα

295 2918 548 2973 Ἰωάννου
586 2919 681 2972 τοῦ
729 2918 1136 2990 ’Δλεξανδρείας
1165 2918 1583 2990 γραμματικοῦ,
1616 2919 1710 2973 τοῦ
1742 2921 1865 2974 ὲπί-

280 3008 425 3077 κλην
444 3008 761 3074 Φιλοπόνου,
790 3010 858 3063 τὰ
881 3013 1023 3064 κατὰ
1060 3012 1329 3083 Ἑλλήνων
1353 3012 1592 3064 αὐτῶν⁷³
1615 3028 1786 3082 γεγρα
1796 3030 1865 3083 μ-

1973 562 2095 603 esse
2142 550 2448 605 secundum
2476 553 2788 614 veritatem,
2818 551 3180 606 substantiam
3210 560 3266 605 et
3296 562 3550 608 naturam

1974 652 2249 708 quemque
2289 640 2550 695 :Patrem
2578 639 2722 705 dico,
2756 640 2977 704 Filium,
3018 648 3075 695 et
3120 639 3390 709 Spiritum
3418 655 3549 695 san-

1974 737 2122 783 ctum
2160 747 2174 783 :
2209 737 2324 786 tres
2356 730 2677 802 hypostases
2697 740 2938 785 sanctam
2966 730 3314 794 Trinitatem,
3346 747 3411 786 ac
3437 740 3551 787 tres

1972 835 2240 889 personas
2271 840 2284 875 :
2319 822 2531 877 addunt
2553 837 2685 877 vero
2714 831 2827 877 tres
2876 838 2998 877 esse
3022 838 3257 878 numero
3291 824 3550 879 substan-

1973 911 2078 965 tias
2104 919 2160 965 ct
2179 920 2406 967 naturas
2430 912 2637 982 absque
2660 910 3107 965 dissimilitudine
3126 910 3365 980 aequales
3391 912 3547 981 juxta

1972 999 2341 1055 divinitatem.
2372 1001 2546 1057 Unam
2571 1015 2704 1055 vero
2727 998 3113 1062 substantiam,
3142 1014 3239 1053 seu
3270 1006 3545 1064 naturam,

1964 1107 2250 1162 unamque
2282 1092 2626 1147 divinitatem
2672 1091 2789 1147 sive
2841 1092 3013 1145 Deum
3054 1099 3297 1144 sanctam
3328 1099 3385 1143 et
3415 1105 3550 1144 con-

1972 1185 2393 1241 substantialem
2419 1185 2749 1240 Trinitatem
2774 1183 3130 1247 conﬁtentur,
3159 1197 3271 1236 non
3291 1196 3544 1243 numero,

1972 1277 2068 1331 sed
2104 1276 2413 1330 invariabili
2464 1275 2775 1330 divinitatis
2822 1273 3134 1329 idcntitate.
3162 1273 3233 1327 At
3265 1281 3380 1327 tres
3411 1272 3547 1327 deos

1969 1376 2067 1421 aut
2087 1366 2404 1422 divinitates
2435 1366 2618 1421 dicere
2660 1373 2940 1421 recusant.
2972 1365 3150 1432 Atque
3178 1364 3235 1418 bi
3280 1363 3547 1418 Severum
3574 1388 3577 1393 ί

1969 1477 2034 1515 ac
2070 1460 2442 1514 Theodosium
2476 1459 2853 1524 admittentes,
2910 1472 3016 1511 nec
3054 1455 3403 1520 Damianum,
3442 1471 3547 1511 nec

1969 1553 2223 1618 Paulum,
2274 1567 2379 1607 nec
2428 1552 2685 1606 ultimum
2739 1550 2963 1604 Petrum
3011 1546 3175 1619 414
3213 1547 3544 1616 suscipiunt.

1970 1642 2207 1698 Eosdem
2256 1641 2507 1697 Damiani
2560 1641 2826 1710 Paulique
2855 1639 3079 1694 asseclae
3126 1636 3426 1693 'l‘ritbeitas
3450 1652 3548 1691 vo-

1969 1741 2115 1788 cant.
2166 1733 2273 1803 lpsi
2308 1734 2434 1787 illos
2474 1738 2797 1801 nuncupant
2837 1729 3134 1799 aliquando
3180 1728 3545 1791 Sabellianos,

1969 1824 2351 1887 Montanistas,
2398 1823 2780 1889 Pbotinianos,
2834 1822 3132 1878 Noetianos
3188 1826 3246 1875 et
3285 1822 3546 1873 Artemo-

1970 1916 2197 1981 niastas,
2243 1914 2540 1985 aliquando
2586 1913 2917 1969 Tetraditas.
2976 1912 3247 1969 Caeterum
3304 1926 3334 1965 a
3381 1911 3548 1965 Petro

1969 2015 2271 2077 postremo,
2308 2008 2488 2077 iisque
2517 2006 2612 2076 qui
2643 2005 2695 2059 ei
2724 2006 3028 2071 adhaerent,
3069 2005 3125 2059 in
3160 2019 3229 2057 eo
3275 2002 3549 2057 dissident

1969 2099 2118 2168 quod
2151 2098 2253 2161 illi,
2289 2115 2414 2153 cum
2459 2098 2639 2153 nolint
2692 2106 2807 2153 tres
2851 2096 2986 2152 deos
3038 2109 3270 2168 ponere,
3294 2110 3393 2149 seu
3432 2102 3549 2149 tres

1969 2190 2313 2255 divinitatcs,
2349 2191 2591 2255 Patrem,
2625 2198 2681 2244 et
2730 2188 2954 2253 Filium,
2996 2196 3054 2243 et
3101 2186 3369 2258 Spiritum
3421 2201 3549 2241 san-

1971 2295 2145 2349 ctum,
2205 2281 2491 2352 refugiunt
2529 2280 2695 2335 etiam
2723 2280 2975 2350 proferre
3000 2287 3114 2334 tres
3149 2292 3382 2332 numero
3417 2276 3551 2332 sub-

1972 2375 2206 2430 stantias
2253 2389 2352 2428 seu
2403 2378 2633 2427 naturas
2676 2370 2943 2441 quasdam
2984 2370 3123 2424 citra
3164 2367 3549 2423 diversitatem

1970 2465 2232 2535 aequales.
2268 2464 2334 2518 Hi
2373 2477 2507 2518 vero
2555 2462 2929 2532 deprecantur
2982 2459 3209 2529 quidem
3259 2467 3370 2513 tres
3414 2458 3549 2513 deos

1968 2571 2066 2611 seu
2110 2554 2428 2608 divinitates
2465 2552 2850 2623 pronuntiare,
2890 2558 2945 2606 at
2994 2558 3109 2605 tres
3146 2564 3380 2604 numero
3412 2548 3549 2602 sub-

1967 2646 2199 2702 stantias
2244 2646 2328 2700 vel
2374 2652 2604 2699 naturas
2631 2644 2873 2714 aequales
2905 2642 3265 2698 conﬁtentur.
3298 2642 3414 2705 Isti,
3441 2640 3548 2710 qui

1967 2755 1999 2794 a
2022 2738 2269 2802 Conone,
2300 2738 2546 2809 inquam,
2580 2751 2705 2792 cum
2729 2735 2886 2807 prius
2919 2736 3322 2806 approbassent
3345 2733 3551 2803 scripta

1966 2827 2193 2884 Joannis
2236 2826 2582 2883 Alexandriae
2611 2825 2972 2881 Grammatici
3011 2832 3378 2896 cognomento
3423 2821 3553 2877 Phi-

1966 2919 2176 2990 loponi,
2229 2927 2343 2974 tum
2394 2935 2518 2989 qua:
2541 2918 2719 2974 edidit
2743 2919 3012 2974 adversus
3039 2916 3257 2972 Graecos
3285 2929 3384 2969 seu
3413 2928 3551 2982 gen-

1979 3012 2125 3073 tiles,
2193 3019 2309 3065 tum
2358 3011 2488 3074 alia,
2537 3010 2757 3065 tandem
2812 3008 3069 3065 eumdem
3117 3005 3551 3062 Grammaticum

287 3099 450 3174 μένα,
483 3100 620 3171 μετά
660 3102 754 3154 καὶ
795 3101 902 3155 τῶν
942 3100 1115 3156 ἄλλων
1164 3101 1330 3156 αὑτοῦ
1385 3105 1860 3174 συγγραμμάτων,

1970 3104 2196 3173 ejusque
2215 3118 2382 3169 opera
2404 3102 2748 3169 abjccerunt.
2786 3101 2839 3156 Is
2861 3099 3066 3171 quippe
3089 3098 3332 3155 Joannes
3358 3097 3553 3153 Gram-

287 3191 455 3246 αὐτόν
477 3209 535 3245 τε
563 3192 656 3245 τὸν
689 3193 1084 3263 γραμματικὸν
1129 3192 1356 3265 ἔσχατον
1384 3193 1739 3260 ἀπεὸάλοντο,
1770 3194 1865 3247 καὶ

279 3281 360 3337 τὰ
393 3282 809 3354 συγγράμματα
842 3283 1028 3341 αὑτοῦ.
1071 3284 1131 3337 Ὀ
1160 3285 1271 3355 γὰρ
1294 3285 1587 3356 εἰρημένος
1606 3304 1867 3357 γραμμα-

278 3373 445 3436 τικὸς
496 3376 752 3445 Ἰωάννης
781 3377 839 3430 ἐν
877 3378 991 3441 τοῖς
1016 3376 1154 3447 πρὸς
1184 3376 1453 3446 Ἕλληνας
1489 3378 1737 3447 βιϐλίοις,
1773 3380 1867 3433 καὶ

281 3467 349 3520 ὲν
379 3469 493 3530 τοῖς
532 3466 716 3530 ἄλλοις
743 3465 909 3520 αὐτοῦ
942 3484 1373 3539 συγγράμμασιν
1392 3470 1642 3538 ἐπήγαγε
1667 3468 1863 3537 λέγων,

280 3557 364 3612 τὰ
395 3557 628 3629 σώματα
658 3558 726 3612 τὰ
759 3558 995 3630 αἰσθητὰ
1040 3560 1214 3614 ταῦτα
1258 3561 1437 3617 πάντα
1470 3560 1565 3613 καὶ
1594 3559 1864 3631 ὁρώμενα,

283 3649 437 3703 κατά
467 3666 529 3702 τε
557 3648 690 3720 ὓλην
716 3649 807 3702 καὶ
835 3645 974 3714 εἶδος
1004 3653 1068 3707 ἐκ
1108 3651 1204 3713 τοῦ
1236 3652 1312 3724 μὴ
1343 3651 1495 3716 ὄντος
1520 3652 1601 3716 είς
1630 3652 1689 3704 τὸ
1728 3646 1867 3707 εἶναι

284 3741 642 3812 παραχθῆναι
660 3742 766 3795 ὑπὸ
786 3742 880 3795 τοῦ
897 3741 1033 3797 Θεοῦ
1051 3758 1064 3771 ·
1084 3742 1301 3815 φθαρτά
1322 3762 1381 3797 τε
1399 3744 1575 3798 ταῦτα
1588 3745 1867 3813 γενέσθαι,

286 3831 390 3887 καὶ
413 3832 730 3905 φθείρεσθαι
756 3834 896 3888 κατά
924 3853 982 3890 τε
1016 3834 1149 3906 ὓλην
1178 3838 1269 3889 καὶ
1297 3832 1459 3901 εἶδος,
1485 3837 1578 3891 καὶ
1598 3839 1717 3891 ἀντὶ
1745 3839 1870 3892 τού-

284 3943 403 3979 των
438 3927 601 3998 ἔτερα
624 3926 853 3997 σώματα
880 3929 1169 4001 κρείττονα
1195 3929 1405 3983 τούτων
1432 3929 1543 3984 τῶν
1573 3931 1870 4001 ὁρωμένων

286 4010 565 4087 ἄφθαρτα
592 4020 685 4072 καὶ
731 4019 925 4073 αἰώνια
951 4020 1056 4074 ὑπὸ
1079 4020 1174 4074 τοῦ
1208 4020 1344 4075 Θεοῦ
1367 4021 1828 4092 δημωυργείσθαι
1851 4039 1864 4054 ο

290 4110 612 4164 συντέλειαν
644 4109 821 4178 λέγων
847 4109 941 4164 τοῦ
981 4111 1259 4183 ὁρωμένου
1282 4112 1491 4183 κόσμου
1528 4115 1697 4185 ἤγουν
1724 4131 1871 4186 nap-

289 4201 528 4267 ἐλευσιν,
569 4204 667 4256 καὶ
710 4201 1137 4273 καινοῦαόσμου
1168 4204 1406 4271 γένεσιν.
1452 4189 1777 4260 ’Δνάστασίν
1809 4223 1870 4265 τε

286 4293 504 4368 νεκρῶν
528 4293 769 4365 ὁρίζεται
799 4290 937 4347 εἶναι
985 4299 1082 4365 τὴν
1119 4294 1228 4347 τῶν
1257 4294 1492 4364 λογικῶν
1526 4295 1712 4366 ψυχῶν
1735 4296 1872 4367 πρὸς

289 4387 455 4457 σῶμα
491 4387 772 4457 ἄφθαρτον
817 4385 1013 4440 ἕνωσιν
1050 4385 1358 4440 ἀδιάλυτον.
1399 4385 1590 4440 Κόνων
1619 4386 1677 4441 δὲ
1705 4388 1799 4440 καὶ
1822 4389 1870 4441 οί

288 4482 392 4533 σὺν
427 4477 598 4547 αὐτῷ,
628 4478 705 4542 ώς
749 4477 1002 4548 εἴπομεν,
1047 4481 1314 4548 πρότερον
1344 4477 1624 4549 δεχόμενοι
1646 4477 1717 4532 τά
1743 4495 1874 4547 συγ-

288 4566 601 4638 γράμματα
634 4567 691 4618 ὲν
726 4559 805 4628 οἷς
831 4564 1005 4619 ταῦτα
1050 4565 1395 4636 ἐδογμάτισε,
1442 4567 1537 4618 καὶ
1577 4565 1738 4620 αὑτὸν
1779 4565 1873 4620 τὸν

287 4657 590 4710 Φιλόπονον
630 4656 813 4720 ζῶντά
860 4672 920 4708 τε
957 4656 1053 4710 καὶ
1099 4656 1238 4725 μετὰ
1280 4655 1537 4726 τελευτὴν
1577 4656 1873 4727 ἐγγράφως

289 4749 387 4803 καὶ
455 4747 724 4818 ἀγράφως
772 4747 1188 4817 μακαρίζοντες,
1238 4747 1547 4801 τελευταῖον
1602 4748 1767 4802 αὐτόν
1811 4765 1871 4801 τε

290 4842 506 4893 ἐκεῖνον
552 4838 648 4891 καὶ
689 4838 758 4891 τὰ
802 4839 1432 4909 συγγράμματαεαὺτοῦ
1488 4840 1865 4894 ἀπεϐάλοντο’

288 4933 486 4999 λόγους
519 4930 815 5001 ἐγγράφως
846 4931 1227 4995 ὲκδεδωκότες,
1262 4933 1319 4985 ὲν
1353 4927 1434 4996 οἷς
1484 4932 1757 5001 λέγουσιν,
1788 4934 1870 4987 δτι

289 5022 361 5075 τά
402 5019 635 5089 σώματα
669 5019 740 5073 τά
782 5019 1021 5090 αἰσθητά
1064 5020 1237 5074 ταῦτα
1278 5021 1372 5075 καὶ
1414 5021 1690 5092 ὁρώμενα,
1727 5021 1873 5075 κατὰ

294 5110 396 5185 μὲν
440 5110 541 5178 τὴν
583 5106 717 5178 ὓλην
760 5109 823 5161 οὗ
865 5101 1170 5180 ᾧθείρεται,
1208 5109 1344 5163 ἀλλὰ
1382 5109 1602 5181 μένουσι
1638 5112 1706 5164 τὰ
1731 5110 1871 5165 αὐτὰ

289 5199 392 5253 καὶ
432 5197 691 5271 ὁρώμενα
739 5201 820 5263 εἰς
871 5201 959 5254 ἀεὶ
994 5200 1069 5273 μὴ
1121 5202 1495 5273 φθειρόμενα·
1533 5204 1673 5257 κατά
1712 5204 1771 5256 δὲ
1811 5203 1873 5257 τὸ

291 5289 436 5357 εἶδος
489 5293 651 5363 μόνον
700 5293 1034 5365 φθείρονται.
1065 5296 1178 5349 Καὶ
1220 5295 1384 5350 πάλιν
1417 5295 1875 5367 άναμορφοῦσθαι

289 5385 396 5455 τὴν
446 5384 619 5455 αὐτὴν
656 5383 792 5454 ὓλην
839 5384 1081 5454 λέγουσι,
1117 5388 1369 5457 κρεῖττον
1410 5383 1547 5452 εἶδος
1580 5387 1878 5459 δεχομένην

290 5476 576 5547 ἄφθαρτον
617 5475 715 5529 καὶ
746 5476 985 5533 αἰώνιον.
1045 5478 1085 5530 Γ
1089 5479 1268 5531 ἑνεσιν
1309 5480 1411 5550 μὲν
1449 5477 1545 5533 τοῦ
1599 5478 1877 5550 ὁρωμένου

234 5614 239 5619 .
292 5567 505 5638 κόσμου
551 5566 795 5635 λέγουσι,
826 5569 968 5624 κατά
996 5585 1055 5624 τε
1096 5568 1227 5642 ὕλην
1257 5570 1352 5625 καὶ
1392 5566 1552 5638 εἶδος,
1585 5570 1792 5642 φθοράν
1823 5570 1880 5624 δὲ

1967 3193 2203 3246 maticus
2244 3193 2302 3245 in
2350 3191 2510 3246 libris
2545 3190 2812 3245 adversus
2854 3197 3047 3260 gentes
3084 3204 3149 3244 ac
3184 3187 3238 3241 in
3277 3187 3404 3242 aliis
3435 3186 3553 3242 suis

1966 3280 2346 3336 voluminibus
2378 3281 2481 3336 ista
2509 3280 2728 3335 induxit
2754 3298 2766 3332 :
2797 3278 2993 3335 Omnia
3022 3293 3255 3348 corpora
3279 3277 3555 3332 haec'sen-

1968 3371 2125 3426 sibus
2151 3379 2207 3425 et
2239 3370 2490 3441 aspectui
2521 3371 2794 3441 exposita,
2830 3370 3134 3426 secundum
3171 3369 3460 3423 materiam
3486 3383 3555 3424 ac

1967 3463 2200 3518 formam
2243 3479 2311 3517 ex
2361 3477 2472 3517 non
2514 3471 2766 3518 exstante
2800 3463 2869 3517 ad
2903 3461 3281 3517 exsistentiam
3314 3460 3554 3516 adducta

1967 3570 2090 3609 esse
2144 3569 2245 3623 per
2287 3554 2495 3621 Deum;
2545 3554 2934 3624 corruptibilia
2964 3562 3150 3608 autem
3183 3553 3327 3608 facta
3358 3552 3553 3618 fuisse,

1969 3654 2027 3699 et
2067 3644 2349 3715 corrumpi
2391 3645 2546 3715 juxta
2608 3645 2897 3699 materiam
2944 3650 3001 3699 et
3053 3644 3325 3709 formam;
3386 3650 3555 3712 atque

1972 3736 2031 3791 in
2074 3737 2259 3791 locum
2302 3752 2497 3791 eorum
2531 3736 2639 3791 alia
2668 3752 2905 3807 corpora
2948 3736 3038 3792 bis
3087 3751 3212 3806 qua:
3242 3742 3556 3791 cernuntur

1971 3829 2361 3899 praestantiora
2416 3829 2866 3899 incorruptibilia
2923 3838 3243 3898 aeternaque
3291 3828 3469 3883 creari
3522 3843 3556 3882 a

1971 3919 2134 3992 415
2157 3921 2271 3976 Deo
2301 3936 2316 3974 :
2339 3922 2872 3976 consummationem
2898 3921 3212 3991 intelligens
3234 3936 3332 3976 seu
3368 3929 3555 3974 trans-

1972 4012 2110 4066 itum
2182 4012 2467 4081 conspicui
2511 4012 2727 4078 mundi,
2760 4012 3001 4081 novique
3058 4022 3265 4067 ortum.
3316 4011 3398 4066 Ad
3439 4011 3558 4065 haec

1972 4103 2441 4165 resurrectionem
2465 4113 2814 4158 mortuorum
2847 4103 3042 4157 deﬁnit
3063 4118 3210 4167 esse,
3245 4102 3558 4157 animarum

1973 4194 2328 4251 rationalium
2370 4209 2495 4251 cum
2540 4209 2777 4264 corpore
2820 4192 3236 4263 incorruptibili
3292 4192 3557 4247 unionem

1974 4287 2439 4344 indissolubilem.
2471 4286 2663 4343 Conon
2694 4302 2829 4343 vero
2854 4286 3061 4357 quique
3097 4300 3223 4341 cum
3254 4284 3373 4354 ipso
3402 4291 3554 4345 sunt,

1974 4379 2442 4450 quemadmodum
2515 4378 2779 4443 diximus,
2841 4378 2973 4433 licet
3034 4376 3192 4449 prius
3239 4375 3557 4431 laudassent

1909 4458 2413 4523 l)commentarios
2458 4467 2514 4522 in
2566 4467 2772 4537 quibus
2825 4466 2942 4522 haec
2996 4465 3254 4536 dogmata
3304 4462 3555 4529 tradidit,

1973 4559 2269 4630 ipsumque
2315 4558 2686 4628 Pliiloponum
2745 4556 3101 4627 superstitem
3148 4570 3212 4611 ac
3275 4560 3557 4609 mortuum

1972 4667 2073 4721 per
2091 4660 2256 4720 atque
2277 4659 2431 4705 extra
2446 4650 2651 4719 scripta
2664 4649 2886 4704 beatum
2910 4647 3321 4718 praedicassent,
3334 4645 3558 4701 demum

1971 4743 2230 4798 eumdem
2250 4742 2404 4796 illum
2429 4741 2715 4811 ipsiusque
2737 4740 2942 4808 scripta
2966 4738 3367 4809 repudiarunt:
3395 4736 3556 4790 libris
3639 4728 3647 4741 “

1973 4836 2161 4901 editis,
2188 4835 2241 4889 in
2276 4834 2481 4905 quibus
2522 4831 2868 4888 contendunt
2901 4847 3133 4902 corpora
3167 4831 3285 4887 haec
3310 4837 3560 4900 aspecta.

1976 4928 2108 4984 bilia
2137 4936 2194 4982 ct
2228 4924 2534 4990 sensibilia,
2560 4925 2713 4995 juxta
2740 4922 3023 4978 materiam
3046 4922 3270 4993 quidem
3294 4938 3403 4985 non
3430 4936 3557 4976 cor.

1976 5019 2180 5089 rumpi,
2204 5016 2300 5073 sed
2327 5030 2552 5070 manere
2567 5015 2782 5079 eadem,
2806 5022 2861 5069 et
2881 5021 3198 5083 conspecta,
3228 5029 3560 5086 semperque

1976 5111 2328 5179 incorrupta;
2362 5106 2666 5162 secundum
2696 5120 2829 5160 vero
2865 5105 3098 5161 formam
3140 5105 3403 5161 duntaxat
3432 5122 3557 5161 cor-

1976 5200 2179 5272 rumpi.
2234 5200 2554 5269 Rursusque
2606 5198 2895 5254 reformari
2959 5198 3208 5253 eamdem
3271 5198 3559 5259 materiam

1975 5301 2192 5363 putant,
2250 5278 2586 5362 recipiendo.
2626 5291 3062 5361 praestantiorem
3109 5290 3339 5344 formam
3372 5290 3559 5344 incor-

1976 5387 2299 5457 ruptibilem
2329 5401 2394 5441 ac
2418 5386 2831 5456 sempiternam.
2857 5382 3140 5455 Adjiciunt
3176 5389 3358 5435 ortum
3400 5381 3561 5437 istius

1975 5481 2153 5535 oculis
2186 5477 2457 5551 propositi
2483 5477 2635 5533 orbis
2679 5476 2999 5547 contingere
3042 5473 3349 5530 secundum
3383 5482 3559 5529 mate-

1979 5571 2116 5625 riam
2157 5577 2213 5625 et
2236 5570 2491 5636 formam,
2539 5568 2788 5640 ejusdem
2836 5574 3023 5623 autem
3060 5565 3350 5622 interitum
3383 5575 3560 5625 transp:

1580 5683 1816 5741 VARUE
1851 5682 2261 5741 LECTIONES.

368 5750 524 5823 "An
553 5750 741 5823 αῠτῷἳ
