3984 6296
461 303 534 370 ετ
1573 297 1951 362 TIMOTHEI
1989 297 2466 362 PRESBYTERI
2503 301 2616 363 cr.
3661 281 3740 369 63

458 412 702 472 aemulati
750 410 998 468 facinora
1041 409 1156 467 Arii
1189 411 1421 483 ejusque
1466 409 1890 480 discipulorum,
1919 410 2028 482 pari

2145 409 2359 474 Οἴτινες
2393 409 2466 464 τὰ
2517 409 2929 482 ἐπιτηδεύματα
2981 408 3194 482 ’Δρείου
3222 428 3284 466 τε
3324 411 3422 468 καὶ
3449 412 3560 468 τῶν
3587 413 3741 470 ὲκεί-

459 519 585 561 cum
624 505 694 560 iis
733 503 966 566 ratione,
1007 513 1163 558 extra
1197 501 1575 556 ecclesiastica
1608 507 1764 570 septa
1807 499 2043 555 colloca-

459 604 592 650 runt
626 609 706 650 se.
737 593 821 648 Illi
869 593 1074 663 quippe
1113 591 1272 645 mille
1317 589 1606 644 machinas
1651 589 2039 654 admoverunt,

457 686 644 742 studio
695 683 1068 756 propellendae
1097 683 1166 738 ab
1191 681 1439 737 Ecclesia
1471 689 1674 736 sanctae
1712 688 1769 736 et
1795 695 2042 736 (acume-

456 777 596 832 nieaa
635 775 873 830 Nicaeum
940 772 1159 845 synodi.
1219 772 1312 828 isti
1360 788 1494 828 vero
1538 771 1816 827 consimili
1875 770 2041 826 modo

457 867 782 938 multiplicia
832 867 1277 922 machinamenta
1305 874 1361 921 et
1409 865 1708 920 verborum
1739 865 2042 920 certamina

455 962 860 1031 excogitarunt,
915 959 1206 1028 cupientes
1257 958 1328 1012 ab
1375 957 1622 1012 Ecclesia
1653 957 1860 1028 ejicere
1889 971 2041 1012 aecu-

456 1053 732 1108 menieam
787 1060 1032 1108 sanctam
1064 1049 1336 1122 synodum
1364 1048 1900 1105 Cha-lcedonensem.
1937 1049 2043 1104 Ve-

456 1159 578 1198 rum
623 1142 771 1212 quod
821 1151 1014 1198 contra
1061 1150 1280 1197 sanctos
1329 1141 1522 1196 Patres
1560 1139 1736 1194 moliti
1780 1147 1929 1205 sunt,
1981 1139 2040 1194 in

456 1235 607 1306 ipsos
623 1234 872 1290 divinum
902 1235 1132 1288 immisit
1159 1234 1546 1301 convertitque
1568 1231 1864 1302 judicium,
1889 1230 2040 1300 quod

453 1340 552 1382 eos
582 1333 742 1381 extra
767 1324 1040 1379 Ecclesias
1057 1322 1370 1378 constituit.
1394 1321 1663 1375 Acuerunt
1691 1318 1864 1385 enim,
1881 1319 2038 1390 juxta

454 1416 755 1487 Scriptum
775 1417 1085 1480 oraculum,
1113 1415 1350 1484 linguam
1377 1428 1530 1467 suam
1552 1413 1688 1466 sicut
1713 1409 2035 1480 serpentis‘.

453 1509 803 1564 Intenderunt
850 1525 1036 1562 arcum
1079 1523 1188 1560 rem
1233 1521 1522 1570 amaram;
1568 1512 1626 1558 ut
1667 1505 1918 1574 sagittent
1979 1505 2038 1558 in

451 1601 666 1656 occultis
713 1601 1138 1656 immaculatum.
1185 1596 1565 1652 Firmaverunt
1611 1595 1712 1650 sibi
1741 1611 2036 1650 sermonem

451 1709 722 1768 nequam:
759 1701 1117 1749 narraverunt
1161 1698 1219 1744 ut
1267 1689 1642 1745 absconderem
1673 1687 1908 1760 laqueos.
1941 1687 2036 1742 Di-

2145 517 2238 554 vou
2273 501 2532 572 μαθητῶν
2567 500 2934 572 ζηλώσαντες,
2967 504 3172 574 ὁμοίως
3214 505 3446 570 ἐκείνοις
3475 506 3582 574 ἔξω
3621 507 3740 562 τῶν

2144 590 2616 661 ὲκκλησιαστικῶν
2663 592 2972 663 περιϐόλων
3021 597 3252 659 ἑαυτοὺς
3283 598 3576 670 ἐποίησαν.
3617 601 3742 655 Κάι-

2144 683 2315 735 κεϊνοι
2347 683 2458 754 γάρ
2513 684 2722 756 μυρίας
2759 686 3010 756 μηχανάς
3061 689 3430 757 ἐπεδείξαντο,
3463 691 3741 764 ὲξωθῆσαι

2142 771 2242 842 τῆς
2284 771 2614 842 Ἐκκλησίας
2649 775 3058 840 σπουδάσαντες
3091 779 3192 848 τὴν
3227 779 3392 848 ἁγίαν
3423 783 3518 834 καὶ
3550 784 3743 836 οίκουω

2147 865 2375 936 μενικὴν
2426 867 2490 918 ἐν
2545 866 2754 938 Νικαία
2813 867 3052 922 σύνοδον.
3086 871 3198 924 Καὶ
3245 867 3392 926 οὗτοι
3438 873 3497 926 δὲ
3526 876 3740 944 ὁμοίοις

2145 956 2528 1028 πολυτρόπους
2567 960 2908 1030 μαγγανείας
2953 961 3050 1015 καὶ
3073 961 3411 1035 λογομαχίας
3439 959 3743 1038 ἐπετήδευ-

2144 1065 2265 1115 σαν,
2298 1047 2550 1114 ἐξελάσαι
2571 1051 2673 1121 τῆς
2717 1052 3046 1124 Ἐκκλησίας
3069 1052 3392 1124 προθέμενοι
3419 1057 3516 1128 τὴν
3544 1061 3740 1114 οἰκου-

2145 1140 2374 1212 μενικην
2427 1141 2590 1210 ἁγίαν
2643 1144 2703 1195 ἐν
2754 1143 3060 1214 Χαλκηδόνι
3113 1144 3354 1200 σύνοδον.
3420 1148 3562 1200 Ἀλλ’
3591 1151 3738 1221 ὅπερ

2141 1233 2285 1286 κατὰ
2323 1232 2430 1286 τῶν
2467 1233 2642 1302 ἁγίων
2669 1235 2932 1304 Πατέρων
2960 1234 3379 1302 ἐδουλεύσαντο,
3415 1241 3496 1303 είς
3525 1241 3738 1306 αὐτοὺς

2142 1324 2175 1394 ἡ
2204 1323 2324 1377 θεία
2353 1324 2687 1396 περιέστησε
2717 1324 2920 1397 ψῆφος,
2949 1325 3057 1390 ἔξω
3106 1345 3211 1380 που
3241 1327 3350 1382 τῶν
3389 1329 3736 1402 Ἐκκλησιῶν

2141 1415 2340 1480 αὐτοὺς
2375 1418 2792 1487 καταστήσασα.
2837 1418 3178 1486 Ἠκόνησαν
3196 1420 3326 1491 γάρ,
3369 1421 3510 1475 κατὰ
3543 1425 3602 1476 τὸ
3641 1441 3736 1490 γε-

2139 1508 2495 1578 γραμμένον,
2545 1509 2662 1574 τὴν
2715 1508 3016 1578 γλῶσσαν
3055 1510 3258 1566 αὐτῶν
3321 1514 3466 1568 ὡσεί
3512 1515 3732 1584 ὄφεως.

2152 1600 2490 1658 Ἐνέτειναν
2547 1602 2730 1668 τόξον
2777 1603 3018 1675 πρᾶγμα
3055 1605 3291 1674 πικρὸν,
3323 1608 3429 1662 τοῦ
3473 1625 3732 1666 κατατο-

2141 1693 2354 1758 ξεῦσαι
2381 1695 2453 1749 ἐν
2469 1696 2843 1766 ἀποκρύφοις
2859 1695 3104 1766 ἄμωμον
3120 1714 3134 1729 ·
3158 1697 3568 1766 ἐκραταίωσαν
3582 1701 3732 1756 ἐαυ-

450 1797 663 1852 xerunt,
689 1786 815 1853 Quis
855 1785 1041 1841 uidebit
1069 1784 1195 1838 eos?
1221 1781 1461 1838 Scrutati
1485 1788 1610 1836 sunt
1639 1781 2018 1852 iniquitatem;

2131 1787 2249 1854 τοῖς
2305 1790 2494 1858 λόγον
2550 1788 2852 1856 πονηρόν*
2891 1786 3296 1856 διηγήσαντο·
3327 1789 3436 1844 τοῦ
3496 1793 3730 1861 κρύψαι

449 1883 750 1952 defecerunt
782 1887 1074 1935 scrutantes
1099 1876 1266 1961 419
1293 1875 1552 1930 scrutinia
1586 1875 1632 1927 Β.
1663 1873 1867 1933 Verum
1900 1887 2030 1942 per-

448 1975 528 2044 git
569 1972 792 2028 divinus
833 1985 1017 2028 seimo
1050 1987 1064 2023 :
1105 1969 1328 2040 Sagitta:
1354 1965 1696 2038 parvulorum
1721 1965 1878 2035 facta
1905 1975 2030 2019 sunt

446 2065 622 2136 plagae
663 2081 844 2119 eorum
878 2080 898 2118 :
934 2072 984 2117 et
1015 2060 1306 2132 inﬁrmata:
1333 2066 1456 2113 sunt
1481 2068 1668 2112 contra
1707 2073 1793 2112 eos
1835 2057 2030 2128 lingua:

445 2171 629 2209 eorum
673 2154 724 2208 ιι.
764 2153 1024 2223 Dissipati
1068 2158 1215 2215 sunt,
1263 2165 1356 2204 nec
1403 2149 1703 2218 compuncti
1753 2145 1796 2200 ί.
1823 2147 2030 2204 ιαξῑοια

445 2254 630 2302 autem
669 2252 756 2299 est
802 2243 900 2324 Dei
941 2241 1208 2302 Ecclesia,
1259 2254 1383 2308 quze
1427 2245 1748 2292 sal‘ictorum
1801 2237 2029 2292 Patrum

445 2335 747 2390 vindictam
799 2333 1000 2386 intuita
1045 2331 1118 2386 sit
1160 2348 1173 2383 :
1218 2338 1275 2384 ct
1303 2329 1578 2384 exaltatus
1619 2339 1706 2384 est
1739 2329 1905 2394 Deus,
1936 2345 2032 2384 ve-

447 2427 608 2480 ritate
630 2423 1135 2480 ecclesiasticorum
1167 2421 1486 2492 dogmatum
1511 2420 1854 2476 conﬁrmata.
1884 2420 2029 2488 Qua-

446 2525 674 2590 prepter
724 2517 1000 2588 fugiamus
1047 2515 1290 2570 hostium
1341 2512 1601 2569 Ecclesia:
1633 2511 1742 2568 Dei
1786 2515 2030 2584 argutias

445 2621 506 2667 et
537 2611 999 2682 disceptationes;
1035 2609 1540 2678 amplectamurque
1582 2614 1827 2662 sanetam
1862 2617 2029 2676 atque

447 2703 846 2759 meumenicam
865 2701 1132 2773 synodum
1151 2699 1503 2756 Chalcedone
1530 2699 1777 2754 habitam
1800 2716 1815 2766 ;
1835 2713 2026 2771 quem-

445 2795 743 2851 admodum
782 2794 1130 2849 etNicaznam
1166 2801 1483 2848 sanctorum
1507 2792 1734 2846 Patrum
1775 2807 2022 2859 cccxvm,

442 2897 498 2944 et
521 2886 1189 2958 Constantinopolitanam
1222 2901 1284 2940 οι.
1311 2886 1557 2948 Patrum,
1589 2899 1652 2939 ac
1691 2884 2022 2954 Ephesinam

442 2981 697 3052 primam,
751 2981 910 3052 cujus
959 2979 1225 3048 praesides
1293 2977 1626 3034 exstiterunt
1687 2967 2046 3034 sanctissimi

441 3073 776 3130 Caelestinus
837 3072 1120 3127 Romanus
1163 3077 1221 3126 et
1272 3070 1509 3144 Cyrillus
1559 3069 2020 3127 Alexandrinus:

2133 1879 2393 1950 παγίδας
2413 1897 2427 1910 ·
2471 1875 2674 1945 εἶπαν,
2713 1879 2810 1945 Τίς
2839 1879 3050 1948 ὄψεται
3103 1881 3362 1946 αὐτούς;
3394 1881 3730 1953 ἐξηρεύνη-

2131 1985 2255 2022 σαν
2287 1969 2550 2040 ἀνομίαν
2569 1985 2582 2000 ο
2640 1968 2930 2034 ἐξέλιπον
2992 1969 3427 2040 ἐξερευνῶντες
3481 1973 3728 2043 ἐξερευο

2130 2057 2346 2128 νήσεις
2367 2058 2502 2130 (54).
2571 2056 2732 2112 Ἀλλὰ
2789 2058 2934 2113 κατὰ
2985 2058 3077 2112 τὸν
3137 2059 3282 2114 θεῖον
3321 2061 3500 2132 λόγον,
3527 2066 3724 2132 Βέλος

2127 2151 2365 2217 νηπίων
2401 2149 2782 2219 ἐγενήθησαν
2827 2152 2890 2204 αἱ
2943 2151 3172 2222 πληγαὶ
3218 2151 3436 2220 αὐτῶν,
3476 2155 3575 2208 καί
3621 2155 3724 2220 ἐξ·

2129 2241 2488 2311 ησθένησαν
2512 2243 2610 2296 ἐπ’
2637 2241 2864 2308 αὐτοὺς
2905 2245 2967 2296 al
3023 2241 3300 2314 γλῶσσαι
3348 2244 3573 2302 αὐτῶν.
3626 2248 3724 2300 Δι-

2128 2332 2538 2402 οσχίσθησαν,
2582 2333 2684 2388 καὶ
2727 2335 2800 2389 οὐ
2849 2337 3296 2408 κατενύγησαν.
3328 2337 3630 2410 Ηύφρὰνθη
3661 2339 3724 2392 δὲ

2127 2425 2224 2478 τοῦ
2263 2425 2468 2498 Θεοῦή
2518 2424 2845 2496 Ἐκκλησία,
2897 2427 3000 2499 τὴν
3064 2428 3176 2484 τῶν
3225 2430 3399 2498 ἁγίων
3454 2431 3724 2502 Πατάρων

2127 2517 2413 2588 ἐκδίκησιν
2449 2517 2808 2590 θεωρήσασα⁹
2844 2519 2938 2574 καὶ
2988 2519 3176 2593 ὑψώθη
3210 2523 3238 2576 ό
3265 2521 3418 2589 Θεὸς,
3451 2525 3553 2594 τῆς
3579 2523 3724 2596 άλη-

2129 2607 2280 2673 θείας
2345 2607 2458 2662 τῶν
2526 2609 3003 2682 ἐκκλησιαστικῶν
3054 2609 3341 2682 δογμάτων
3397 2611 3724 2682 βεϐαιωθεί-

2127 2717 2249 2772 σης.
2275 2700 2542 2772 Φύγωμεν
2570 2697 2664 2756 οὖν
2709 2701 2810 2764 τὰς
2840 2701 3174 2772 λογομαχίας
3202 2702 3312 2756 τῶν
3342 2703 3558 2774 ἐχθρῶν
3608 2705 3717 2776 τῆς

2139 2794 2470 2864 Ἐκκλησίας
2510 2795 2607 2848 τοῦ
2639 2794 2777 2848 Θεοῦ
2799 2809 2812 2826 ·
2850 2793 3225 2866 ἀσπαζόμενοι
3274 2795 3375 2867 τὴν
3421 2795 3584 2865 ἁγίαν
3619 2797 3722 2850 καὶ

2123 2885 2514 2957 οἰκουμενικὴν
2571 2888 2630 2940 ὲν
2684 2884 2992 2956 Χαλκηδόνι
3047 2885 3302 2940 σύνοδον⁴
3371 2886 3562 2959 ὥσπερ
3620 2890 3724 2943 καὶ

2123 2977 2223 3048 τὴν
2250 2979 2309 3033 ὲν
2341 2977 2550 3050 Nucan
2577 2977 2687 3031 τῶν
2713 2984 2818 3048 τιη¹
2852 2977 3023 3046 ἁγίων
3067 2978 3362 3048 Πατέρων,
3395 2980 3490 3032 καὶ
3512 2979 3612 3049 τὴν
3655 2981 3721 3033 ὲν

2125 3070 2698 3126 Κωνσταντινουπὸλει
2744 3069 2854 3126 τῶν
2891 3077 2988 3142 pv',
3029 3071 3124 3124 καὶ
3170 3073 3270 3142 τὴν
3296 3074 3354 3126 ἐν
3407 3073 3622 3144 Ἐφέσῳ
3651 3073 3721 3128 τὸ

441 3174 819 3237 praetereaque
841 3165 988 3220 illam
1013 3162 1490 3232 Constantinopoli
1513 3170 1896 3233 congregatam
1917 3161 2022 3217 sub

2131 3163 2342 3234 πρῶτον
2387 3162 2898 3234 συναθροισθεῖσαν,
2931 3158 3001 3234 ἦς
3045 3163 3313 3234 ἡγεμόνες
3367 3164 3616 3237 ὑπῆρχον
3663 3169 3722 3222 οἱ

441 3259 644 3313 divina:
681 3258 964 3312 memoriae
989 3257 1324 3328 imperatore
1351 3254 1666 3310 Justiniano
1696 3263 1942 3310 sanctam
1967 3263 2024 3310 et

443 3349 813 3405 universalem
869 3349 1162 3421 synodum,
1213 3362 1336 3418 quae
1400 3346 1603 3401 robore
1642 3361 1709 3402 ac
1759 3345 2022 3401 ﬁrmitate

443 3443 599 3499 auxit
636 3449 856 3498 sanctas
882 3440 1278 3512 generalesque
1305 3447 1546 3508 quatuor
1577 3437 1819 3509 synodos
1846 3437 2022 3507 ipsam

441 3535 836 3608 praecedentes,
881 3547 1184 3602 earumque
1239 3531 1512 3602 dogmata.
1567 3529 1852 3601 Siquidem
1905 3529 2024 3586 haec

442 3628 678 3684 concilia
709 3625 1004 3698 complexi,
1052 3625 1385 3695 illorumque
1431 3623 1656 3680 decreta
1693 3623 2020 3678 inconcussa

443 3720 736 3786 servando,
791 3735 912 3775 cum
964 3727 1233 3774 a-ternum
1288 3715 1625 3786 supplicium
1661 3715 2017 3780 evitabimus,

442 3821 559 3867 tum
599 3811 953 3866 interminata
984 3824 1391 3878 consequemur
1413 3807 1557 3863 bona
1590 3806 2022 3870 :intereessione

440 3913 646 3960 sanctae
699 3904 1069 3975 gloriosmque
1101 3902 1350 3958 Dominae
1391 3909 1600 3956 nostras
1643 3915 1864 3970 semper
1908 3901 2021 3955 vir-

440 3995 586 4066 ginis
639 4011 706 4052 ac
759 4012 950 4052 revera
1006 3997 1256 4068 Deipara:
1304 3994 1492 4050 Mariae
1545 4010 1560 4047 :
1620 4008 1745 4064 quae
1807 3993 2020 4048 utinam

439 4087 816 4159 adipiscamur
848 4089 1036 4145 cuncti
1084 4104 1206 4155 nos,
1237 4087 1414 4158 gratia
1465 4093 1633 4155 atque
1677 4082 2020 4154 benignitate

439 4181 624 4252 magni
644 4182 742 4236 Dei
771 4181 1194 4253 Servatorisque
1222 4179 1396 4234 nostri
1427 4176 1593 4249 420
1619 4176 1752 4232 Jesu
1778 4175 2016 4242 Christi;

440 4289 566 4328 eum
591 4289 702 4344 quo
719 4273 890 4341 Patri,
918 4291 1028 4329 una
1051 4289 1176 4328 cum
1205 4281 1399 4327 sancto
1422 4269 1752 4340 viviﬁcoque
1780 4267 2017 4338 Spiritu,

439 4363 618 4420 honor
642 4373 698 4421 et
721 4366 918 4436 gloria,
947 4380 1097 4420 nunc
1121 4373 1178 4418 et
1204 4376 1424 4432 semper
1452 4370 1510 4417 et
1539 4361 1596 4416 in
1615 4361 1816 4417 saecula
1847 4376 2019 4418 saecu-

438 4455 642 4512 lorum.
685 4447 882 4510 Amen.

2122 3253 2407 3308 όσιὼτατοι
2440 3253 2769 3317 Κελεστίνος
2795 3255 2826 3307 ό
2866 3253 2970 3323 τῆς
3008 3247 3322 3324 Ῥωμαίων,
3363 3257 3460 3310 καὶ
3511 3257 3723 3328 Κύριλ-

2123 3345 2216 3410 λος
2245 3349 2274 3398 ὁ
2304 3345 2405 3417 τῆς
2443 3344 2871 3418 Ἀλεξανδρέων*
2913 3349 3012 3402 σὺν
3043 3349 3238 3413 αὐταῖς
3278 3349 3336 3404 δὲ
3376 3350 3472 3404 καὶ
3516 3349 3617 3422 τὴν
3652 3353 3722 3406 ἐν

2123 3437 2698 3492 Κωνσταντινουπόλει
2745 3439 3240 3510 συναγηγερμένην
3298 3439 3393 3494 ἐπὶ
3452 3437 3546 3493 τοῦ
3611 3439 3721 3509 τῆς

2123 3525 2276 3590 θείας
2322 3525 2531 3598 λήξεως
2585 3525 2851 3597 βασιλέως
2893 3527 3282 3583 ’ἰουστινιανοῦ
3315 3528 3480 3598 ἁγίαν
3512 3529 3608 3582 καὶ
3625 3530 3722 3582 οί.‹ι⁵

2123 3616 2456 3690 κουμενικὴν
2485 3617 2726 3684 σύνοδον,
2771 3619 2874 3692 τὴν
2917 3618 3252 3690 κυρώσαοαν
3280 3623 3377 3674 καὶ
3401 3620 3720 3691 βεϐαιῶσαι-

2124 3725 2224 3764 σαν
2259 3711 2358 3774 τὰς
2391 3708 2499 3782 πρὸ
2544 3709 2720 3780 αὐτῆς
2762 3710 2929 3780 άγίας
2973 3711 3070 3764 καὶ
3097 3711 3486 3782 οίκουμενικὰς
3513 3709 3555 3765 δ’
3581 3729 3718 3764 συν-

2119 3799 2300 3863 όδους,
2334 3799 2431 3852 καὶ
2475 3801 2545 3853 τά
2576 3799 2784 3854 τούτων
2833 3800 3108 3872 δόγματα.
3143 3801 3360 3866 Ταύτας
3396 3801 3506 3872 γάρ
3545 3817 3712 3872 περι-

2123 3891 2508 3963 πτυσσόμενοι,
2569 3892 2668 3946 καὶ
2730 3894 2858 3956 τοὺς
2903 3891 3112 3957 τύπους
3158 3893 3340 3947 αὐτῶν
3375 3893 3718 3957 ἁσαλεύτους

2121 3984 2504 4052 φυλάττοντες,
2529 3984 2628 4055 τῆς
2658 3984 2756 4055 μὲν
2786 3984 3008 4038 αἰωνίου
3041 3985 3318 4052 κολάσεως
3345 3986 3504 4048 ἐκτὸς
3535 4003 3715 4056 γενη-

2122 4075 2352 4146 σόμεθα,
2385 4074 2784 4146 ἑπιτευξόμεθα
2819 4077 2878 4130 δὲ
2915 4075 3026 4131 τῶν
3058 4077 3428 4149 ἁτελευτήτων
3451 4077 3708 4146 ἀγαθῶν⁴

2121 4167 2436 4239 πρεσϐείαις
2454 4167 2557 4238 τῆς
2574 4167 2735 4236 ἁγίας
2751 4167 2963 4236 ἐνδόξου
2979 4170 3277 4242 Δεσποίνης
3292 4170 3450 4241 ἡμῶν
3469 4172 3712 4242 ὰειπαρε

2121 4259 2274 4314 θένου
2293 4263 2387 4314 καὶ
2410 4260 2552 4314 κατὰ
2577 4259 2837 4332 ἀλήθειαν
2854 4261 3120 4316 Θεοτόκου
3141 4262 3384 4334 Μαρίας·
3401 4256 3477 4316 ὧν
3493 4262 3710 4332 γένοιτο

2119 4353 2330 4418 πάντας
2352 4355 2502 4426 ἡμᾶς
2524 4355 2824 4425 ἐπιτυχεῖν,
2848 4355 3034 4426 χάριτι
3055 4355 3153 4409 καὶ
3183 4355 3566 4426 φιλανθρωπίᾳ
3601 4355 3708 4410 τοῦ

2121 4446 2360 4518 μεγάλου
2393 4445 2528 4500 Θεοῦ
2569 4447 2666 4501 καὶ
2707 4447 2962 4518 Σωτῆρος
3003 4447 3157 4518 ἡμῶν
3207 4445 3386 4518 Ἰησοῦ
3427 4446 3700 4518 Χριστοῦ,

2047 4529 2098 4589 D
2125 4534 2247 4606 μεθ’
2275 4527 2337 4589 οὗ
2369 4534 2448 4606 τῷ
2479 4535 2678 4606 Πατρὶ,
2717 4535 2814 4590 σὺν
2840 4533 2919 4606 τῷ
2952 4535 3090 4607 ἁγίῳ
3125 4535 3222 4589 καὶ
3249 4534 3501 4606 ζωοποιῷ
3530 4533 3708 4590 Πνεύι

2129 4643 2262 4698 ματι
2293 4627 2432 4697 τιμὴ
2464 4626 2560 4681 καὶ
2603 4626 2753 4694 δόξα,
2790 4624 2888 4682 νῦν
2919 4629 3016 4682 καὶ
3045 4625 3136 4682 ἀεὶ
3164 4628 3258 4682 καὶ
3295 4629 3378 4692 εἰς
3412 4626 3538 4692 τοὺς
3569 4628 3707 4681 αἰῶ-ι

2121 4731 2221 4780 νας
2249 4715 2360 4769 τῶν
2387 4715 2620 4770 αἰώνων.
2657 4714 2854 4788 ’Δμήν.

513 4866 536 4909 ί
569 4865 714 4924 Psal.
743 4881 957 4937 cxxnx,
988 4867 1043 4923 4.
1123 4871 1150 4912 ε
1189 4867 1332 4924 Psal.
1359 4882 1505 4934 Lnn,
1535 4867 1656 4924 4-7.
1729 4869 1760 4912 Ιι
1783 4867 1923 4926 ibid.
1943 4876 2028 4946 8,1

2153 4869 2299 4928 Psal.
2325 4887 2507 4937 xxnv,
2535 4870 2622 4927 l6.

1963 5023 2206 5084 ΝΟΤιΕ.

511 5174 624 5246 (54)
668 5168 1612 5246 ‘EEepsurciirrsc_é£epevr1jgeic.
1657 5169 1821 5246 Apud
1832 5167 2008 5246 Δῐέξιῐζιφ
2111 5163 2582 5246 ΙεκτούιτῳΙ-πλετον
2609 5167 2904 5246 ἀγνοεῖται,
2943 5172 3077 5235 etc.,
3099 5167 3490 5246 ἀνεξεράνητος
3517 5167 3627 5246 γάρ
3661 5169 3697 5242 ἡ

439 5239 772 5310 becium,De
797 5239 1103 5296 bibliotheca
1137 5239 1404 5310 Caesarea,
1438 5241 1535 5295 lib.
1560 5257 1674 5308 vm,
1704 5239 1918 5310 p.427,
1949 5241 2008 5295 in

439 5316 549 5371 tlne
597 5309 1148 5384 operisDamasceni
1195 5309 1606 5384 Deltwresibus,
1635 5309 2006 5384 οὐίζητησει,

435 5386 560 5441 οὐδὲ
589 5380 928 5458 ὲξερανήσει,
971 5383 1032 5436 οὐ
1073 5380 1411 5452 φανερώσει*
1444 5381 1554 5452 ὅσῳ
1585 5382 1696 5452 γὰρ
1725 5382 2008 5449 ὲρανᾶται,

2121 5237 2623 5313 Τμριὰςίϐοτιιιηῃα
2669 5237 2964 5313 scriptura,
3007 5255 3110 5313 pro
3136 5237 3500 5312 ἐξερευνήσει,
3532 5237 3700 5313 span;

2115 5307 2291 5378 νᾶται,
2315 5307 2756 5380 ἁνεξερεύνητος,
2780 5307 2844 5364 ut
2877 5307 3052 5365 cuivis
3071 5307 3322 5380 apparet.
