3984 6296
476 295 546 366 ἠ
1598 297 1978 360 TIMOTHEI
2017 299 2062 360 ιι

2172 299 2494 363 SBYTERI
2533 300 2642 363 CP.

3675 289 3758 357 72

545 411 602 467 3.
640 406 749 476 Qui
769 414 956 465 autem
981 411 1269 478 unguntur
1289 419 1447 462 sacro
1480 417 1787 476 unguento,
1820 406 1876 461 hi
1906 414 2062 474 sunt;

2239 409 2312 480 γ’.
2353 411 2418 464 Oi
2448 410 2506 464 δὲ
2548 407 2826 480 χριόμενοι
2857 407 2936 482 τῷ
2971 408 3112 480 ἁγίῳ
3161 407 3342 480 μύρῳ,
3376 408 3517 464 είσὶν
3559 399 3714 464 οὗτοι
3737 425 3755 440 ·

471 498 1096 566 Tessareskzedecatitae,
1119 515 1217 556 seu
1245 499 1579 566 Tetraditae;
1606 497 1918 564 Novatiani,
1941 499 2058 556 sive

476 595 834 662 Sabbatiani;
869 592 1100 660 Ariani;
1144 591 1558 658 Macedoniam;
1591 591 2020 663 Apollinaristae.

545 777 602 832 4.
639 775 744 844 Qui
769 791 905 832 vero
947 791 1054 831 nec
1083 783 1388 847 unguntur,
1412 791 1518 831 nec
1543 775 1925 845 baptizantur.
1959 774 2058 830 sed

479 865 858 922 tantummodo
927 866 1207 936 propriam
1259 867 1515 922 haeresim
1563 866 2058 932 anathematizant,

476 961 565 1018 isti
603 970 735 1017 sunt
764 979 777 1016 :
811 960 1090 1015 Meletiani
1142 960 1518 1026 schismatici;
1566 959 1623 1014 bi
1653 960 1877 1030 quidem
1907 960 2062 1016 nullo

397 1119 418 1142 θ
474 1070 666 1110 errore
695 1053 1042 1118 detinentur,
1063 1069 1258 1108 verum
1287 1053 1639 1108 anathemate
1657 1052 1866 1110 feriunt
1897 1069 2061 1109 suum

476 1147 756 1203 schisma:
806 1142 1122 1201 Nestoriani
1177 1162 1190 1198 :
1239 1143 1700 1217 Eutychianistaa,
1755 1161 2062 1216 eorumque

476 1239 666 1294 socius
691 1238 1010 1303 Dioscorus,
1043 1237 1302 1300 Severus,
1337 1237 1597 1302 Jacobus,
1623 1247 1682 1294 et
1703 1238 1889 1293 caeteri
1919 1237 2060 1292 Ace-

476 1331 625 1402 phali
663 1349 676 1385 :
713 1329 1097 1395 Marcianistae,
1131 1330 1228 1400 qui
1277 1345 1310 1384 a
1348 1329 1630 1385 Marciano
1681 1329 1970 1400 trapezita,
2004 1337 2062 1384 et

478 1417 1712 1492 Messaliani,Eutycliitaa,&.22Enthusiastaa,
1744 1422 2056 1486 Choreutze,

476 1515 846 1589 Lampetiani,
887 1513 1240 1585 Adelphiani,
1276 1528 1342 1568 ac
1391 1513 1762 1569 Eustathiani.

893 1713 1073 1772 Scalae
1112 1714 1306 1787 synodi
1349 1729 1523 1769 canon
1553 1713 1642 1770 95.

649 1831 758 1886 Eos
793 1831 883 1902 qui
926 1830 1180 1884 accedunt
1225 1829 1295 1882 ad
1335 1839 1532 1884 rectam
1565 1828 1746 1912 (idem,
1780 1837 1890 1884 etc.

553 1946 606 2002 5.
645 1945 784 2002 Cum
833 1945 987 2000 hisce
1016 1943 1294 2015 praedictis
1315 1942 1810 2000 constitutionibus
1831 1957 2064 1998 concor-

476 2040 610 2096 dant
635 2054 898 2104 canones,
933 2046 1164 2094 octavus
1199 2038 1458 2094 Nicmnus
1489 2045 1546 2092 et
1572 2037 1826 2094 decimus
1853 2053 2062 2106 nonus,

475 2131 772 2187 Laodiceni
805 2129 1078 2201 septimus
1103 2137 1158 2184 et
1189 2137 1438 2196 octavus,
1469 2128 1664 2201 synodi
1783 2127 2060 2184 Constan-

477 2223 862 2294 tinopolitanae
894 2221 1091 2292 prima
1116 2221 1410 2290 septimus,
1449 2236 1516 2276 ac
1540 2219 1775 2276 Nicena:
1804 2220 2065 2276 secundae

475 2320 729 2374 octavus.
752 2311 824 2366 Et
843 2324 975 2366 vero
998 2310 1151 2380 leges
1170 2310 1366 2364 civiles
1397 2309 1473 2364 ita
1495 2310 1805 2364 decernunt
1830 2327 1843 2362 :
1875 2307 1933 2364 Si
1964 2309 2064 2365 Ju-

477 2401 630 2456 dteus
657 2407 720 2455 ut
749 2399 972 2470 ell‘ugiat
1023 2398 1438 2454 accusationem
1464 2399 1554 2454 vel
1591 2399 1866 2460 debitum,
1899 2397 2063 2454 Chri-

477 2493 716 2548 stianam
740 2489 1003 2560 amplecti
1025 2489 1268 2546 voluerit
1298 2489 1650 2560 religionem,
1675 2489 1969 2545 admittere
1995 2490 2064 2546 il-

477 2583 594 2638 lum
639 2597 752 2636 non
783 2589 1022 2651 oportet,
1063 2579 1243 2634 donec
1276 2580 1548 2634 innocens
1578 2579 1733 2635 visus
1779 2579 1969 2644 fuerit,
2001 2595 2065 2634 ac

479 2673 730 2730 debitum
778 2672 1031 2728 solverit.
1071 2671 1389 2742 lterumque
1430 2671 1550 2726 vult
1590 2672 1681 2727 lex
1707 2672 1944 2743 gentiles
1970 2673 2067 2727 ba-

480 2763 707 2836 ptizari,
737 2773 796 2819 et
827 2778 1021 2820 eorum
1045 2763 1257 2818 liberos
1283 2763 1340 2817 in
1391 2770 1584 2818 tenera
1620 2771 1804 2830 aetate,
1856 2763 2066 2834 absque

478 2871 670 2921 mora;
711 2855 922 2911 liberos
948 2869 1083 2910 vero
1111 2854 1358 2921 adultos,
1391 2863 1522 2910 ante
1571 2853 1760 2910 doceri
1790 2855 1946 2926 juxta
1975 2871 2068 2910 ca-

478 2949 715 3004 nonicas
742 2947 1083 3018 Scripturas.
1116 2947 1344 3003 Necnon
1364 2962 1559 3002 rursus
1583 2947 1744 3018 jubet
1765 2947 2068 3004 Samaritas

479 3039 822 3112 huiusmodi,
867 3055 969 3110 per
1006 3039 1296 3096 biennium
1343 3039 1634 3097 Catechesi
1685 3042 1936 3098 institui:
1968 3059 2067 3099 eos

2161 497 2844 574 Τεσσαρεσκαιδεκατίται,
2881 500 3054 572 ἤγουν
3078 500 3404 572 Τετραδίται
3421 513 3437 528 ⁸
3466 499 3762 553 Ναυατια-

2159 593 2262 658 vol,
2293 592 2462 664 ἧγουν
2509 590 2876 646 Σαϐϐατιανοί
2895 607 2910 622 ·
2961 591 3265 666 Ἀρειανοί’
3318 589 3759 646 Μακεδονιανοί·

2141 684 2670 758 ’Δπολλιναριασταί.

2233 777 2295 832 δ’.
2320 781 2382 831 οἱ
2411 777 2468 831 δὲ
2495 777 2638 850 μήτε
2670 777 2973 849 χριόμενοι,
3005 777 3145 848 μήτε
3168 775 3578 848 βαπτιζόμενοι,
3611 773 3764 832 ἀλλὰ

2166 869 2329 938 μόνον
2370 869 2867 940 άναθεματίζοντες
2918 870 3020 941 τὴν
3053 871 3190 923 ίὸίαν
3221 870 3456 942 αἵρεσιν,
3488 870 3628 923 εἰσὶν
3660 865 3766 925 οὗ·

2160 977 2275 1014 τοιο
2339 960 2669 1015 Μελετιανοὶ
2716 962 2768 1015 οἱ
2821 961 3212 1032 σχισματικοίο
3258 957 3407 1016 οὗτοι
3464 961 3762 1028 κακόδοξοι

2167 1053 2264 1123 μὲν
2300 1053 2402 1106 οὐκ
2441 1054 2601 1118 εἰσὶν,
2653 1053 2792 1113 ἀλλὰ
2833 1053 3298 1124 ἀναθεματίξουσι
3357 1055 3419 1108 τὸ
3455 1055 3766 1125 ίδιονισχί-

2164 1164 2278 1218 σμα
2294 1164 2307 1177 ·
2332 1146 2689 1219 Νεστοριανοί
2708 1163 2722 1178 ο
2753 1147 3196 1220 Εὑτυχιανισταὶ,
3223 1147 3318 1202 irai.
3341 1149 3370 1202 ό
3394 1146 3602 1202 τούτων
3627 1165 3759 1202 κοι-

2163 1240 2332 1304 me;
2373 1240 2689 1310 Διόσκορος,
2737 1240 2998 1310 Σευῆρος,
3031 1239 3310 1304 Ἰάκωϐος,
3342 1241 3437 1294 καὶ
3484 1241 3536 1292 oi
3574 1239 3761 1294 λοιποὶ

2175 1333 2505 1402 Ἀκέφαλον
2537 1332 2967 1404 Μαρκιανισταὶ,
3019 1332 3070 1385 οἱ
3115 1331 3227 1386 ἀπὸ
3285 1331 3607 1402 Μαρκιανοῦ
3650 1330 3758 1386 τοῦ

2161 1427 2521 1500 τραπεζίτου,
2546 1428 2640 1481 καὶ
2675 1425 3065 1490 Μεσσαλιανοὶ,
3093 1425 3188 1479 xal
3235 1425 3532 1495 Εὑτυχίται
3553 1423 3622 1490 ⁷⁸,
3655 1426 3758 1477 καὶ

2173 1521 2608 1585 Ἑνθουσιασταὶ,
2641 1521 2737 1574 καὶ
2763 1520 3056 1592 Χορευταὶ,
3083 1519 3174 1572 καὶ
3218 1519 3619 1590 Λαμπετιανοὶ,
3653 1519 3758 1573 καὶ

2175 1613 2538 1686 Ἀδελφιανοὶ,
2565 1612 2661 1667 καὶ
2691 1610 3074 1666 Εὑσταθιανοί.

2549 1724 2664 1797 Τῆς
2687 1721 2740 1792 ς’
2774 1722 2992 1778 συνόδου
3023 1721 3203 1778 κανὼν
3242 1727 3341 1791 ῐιιέ.

2257 1838 2406 1906 Τοὺς
2443 1837 2957 1907 προστιθεμένους
2981 1834 3056 1906 τῇ
3091 1835 3427 1906 ὀρθοδοξίᾳ,
3457 1854 3511 1891 κ.
3530 1836 3654 1891 τ.λ.

2233 1931 2296 1987 ε’.
2335 1932 2577 1996 Ταύταις
2603 1933 2726 1994 ταῖς
2761 1929 3192 2002 προειρημέναις
3211 1928 3487 1994 διατάξεσι
3514 1946 3754 2001 συμφω-

2163 2023 2364 2085 νοῦσιν,
2391 2023 2421 2076 ὅ
2463 2038 2524 2075 τε
2559 2021 2662 2092 τῆς
2689 2022 2748 2073 έν
2777 2018 2984 2091 Nimia
3013 2018 3198 2074 κανὼν
3234 2026 3308 2092 η’,
3343 2021 3440 2074 καὶ
3472 2020 3559 2088 ιθ’,
3593 2022 3696 2075 καὶ
3718 2023 3749 2075 6

2161 2115 2262 2187 τῆς
2300 2115 2360 2168 ὲν
2404 2111 2702 2184 Λαοδικείᾳ
2745 2109 2928 2166 κανὼν
2953 2109 3020 2177 ζ’,
3049 2110 3144 2166 καὶ
3169 2109 3243 2183 η’,
3269 2110 3362 2166 καὶ
3389 2111 3418 2164 ὁ
3449 2111 3551 2183 τῆς
3580 2112 3756 2165 ’Κων-

2165 2202 2668 2266 σταντινουπόλεως
2707 2201 2768 2255 τὸ
2798 2201 3018 2270 πρῶτον
3049 2199 3229 2256 κανὼν
3253 2201 3320 2268 ζ’,
3351 2201 3447 2256 καὶ
3483 2203 3514 2255 ὀ
3557 2204 3660 2273 τῆς
3692 2204 3754 2256 ἒν

2163 2293 2372 2366 Νικαίᾳ
2406 2292 2469 2346 τὸ
2507 2293 2765 2363 δεύτερον
2794 2290 2978 2346 κανὼν
3017 2291 3226 2360 δγδοος,
3265 2292 3363 2346 καὶ
3395 2293 3445 2345 οἱ
3476 2291 3756 2346 πολιτικοὶ

2162 2385 2220 2439 δὲ
2246 2386 2399 2458 νόμοι
2427 2385 2840 2457 διαγορεύουσιν
2869 2383 3068 2450 οὕτως,
3097 2384 3182 2438 ὅτι
3209 2383 3342 2439 Ἐὰν
3381 2382 3634 2448 Ἰουδαῖος
3660 2383 3757 2440 διὰ

2162 2479 2224 2533 τὸ
2265 2481 2456 2548 φυγεῖν
2501 2477 2819 2550 ἔγκλημαῆ
2863 2477 3045 2549 χρέος,
3091 2477 3298 2550 θελήσῃ
3333 2477 3753 2548 χριστιανῆσαι,

2162 2571 2222 2624 ού
2251 2571 2333 2625 δεῖ
2363 2569 2528 2625 αὐτὸν
2554 2569 2972 2641 προσδέχεσθαι,
3007 2569 3111 2633 ἕως
3142 2569 3209 2624 ἂν
3253 2568 3546 2632 ἀνεύθυνος
3579 2571 3754 2640 φανῇ,

2166 2665 2346 2720 καὶτὸ
2387 2667 2550 2736 χρέος
2593 2663 2903 2736 κατασάλῃ.
2939 2665 3049 2718 Καὶ
3087 2662 3251 2717 πάλιν
3286 2661 3430 2716 θέλει
3463 2663 3590 2727 τοὺς
3619 2663 3757 2715 "El.

2163 2759 2333 2830 ληνας
2393 2755 2774 2828 βαπτίζεσθαι,
2831 2755 2926 2810 καὶ
2983 2755 3052 2808 τὰ
3103 2754 3267 2808 τέκνα
3331 2753 3511 2808 αὐτῶν
3578 2754 3759 2827 χωρὶς

2166 2851 2431 2923 ἀναϐολῆς
2469 2851 2646 2924 μικρὰ
2666 2851 2796 2906 ὄντα
2816 2866 2828 2880 ·
2869 2851 2938 2904 τα
2970 2849 3028 2902 δὲ
3060 2848 3244 2903 τέλεια
3282 2848 3757 2920 προδιδάσκεσθαι

2167 2944 2310 3001 κατὰ
2329 2944 2428 3008 τὰς
2453 2943 2748 3008 κανονικὰς
2772 2941 3020 3015 Γραφάς.
3066 2942 3178 2996 Kal
3213 2939 3377 2995 πάλιν
3419 2940 3514 2994 ἐπὶ
3545 2939 3759 2993 διετίαν

2167 3036 2311 3091 θέλει
2337 3036 2464 3102 τοὺς
2509 3037 2788 3100 τοιούτους
2825 3033 3175 3106 Σαμαρείτας
3205 3031 3564 3104 κατηχείσθαι
3583 3045 3599 3060 ⁸
3623 3033 3760 3097 τοὺς

477 3147 614 3188 vero
651 3131 746 3202 qui
788 3131 858 3186 ab
911 3131 1220 3188 basresibus
1268 3140 1402 3187 sunt
1451 3133 1838 3200 convertendi,
1871 3135 2063 3191 decem

2172 3133 2226 3186 δὲ
2267 3131 2560 3202 μέλλοντας
2585 3129 2695 3185 ἀπὸ
2739 3129 3008 3201 αἱρέσεων
3027 3128 3407 3199 ἐπιστρέφειν,
3439 3125 3572 3180 δέκα
3607 3125 3761 3196 ἠμί-

478 3231 578 3277 aut
601 3221 925 3291 quindecim
966 3221 1088 3276 dies
1131 3221 1388 3291 jejunare
1419 3221 1737 3286 hortantur,
1783 3232 1842 3278 et
1869 3239 2066 3282 vacare

479 3312 743 3385 precibus
764 3327 926 3368 mane
947 3327 1012 3367 ac
1041 3311 1286 3382 vesperi,
1320 3312 1681 3384 Psalmosque
1706 3313 1944 3371 discere.

553 3502 609 3559 6.
643 3504 824 3574 Atque
845 3502 964 3558 haec
989 3501 1060 3557 ab
1092 3503 1161 3558 iis
1197 3509 1544 3559 statuuntur.
1587 3501 1854 3560 Videmus
1899 3519 2066 3575 porro

479 3609 634 3651 nunc
663 3594 721 3648 in
749 3595 963 3664 magnis
1015 3600 1073 3649 et
1099 3593 1508 3649 universalibus
1531 3594 1815 3658 Ecclesiis,
1852 3595 2068 3650 scilicet

481 3685 542 3741 in
597 3685 1066 3755 patriarcliatibus
1111 3685 1848 3759 et.metropolibus,ﬁ23
1905 3695 2069 3742 caete-

482 3777 696 3846 risque,
725 3777 874 3848 quod
903 3777 1218 3841 Armenios,
1241 3778 1545 3844 Jacobitas,
1573 3779 1958 3844 Nestorianos,
1983 3797 2071 3836 re-

482 3869 667 3940 liquos
695 3870 1024 3941 Acephalos,
1052 3871 1246 3942 eisque
1303 3871 1535 3938 similes,
1566 3872 1791 3943 quando
1829 3888 2069 3928 conver—

484 3969 680 4016 tuntur
698 3961 768 4018 ad
807 3962 1172 4018 orthodoxam
1197 3961 1381 4026 ﬁdem,
1423 3965 1721 4036 inungunt,
1758 3974 1816 4020 et
1839 3979 1948 4019 non
1973 3963 2072 4020 ba-

483 4050 734 4123 ptizant;
769 4051 866 4108 sed
905 4051 1153 4108 eﬂiciunt
1199 4061 1262 4106 ut
1307 4051 1556 4122 ipsorum
1579 4053 1752 4108 duces
1779 4062 2069 4109 auctores-

484 4158 591 4214 que
617 4145 1107 4200 anathematizent.
1139 4143 1321 4214 Atque
1354 4144 1462 4201 hoc
1492 4145 1658 4200 modo
1678 4143 1967 4201 definitum
1982 4153 2070 4202 est

482 4244 712 4307 propter
749 4238 928 4309 justas
958 4238 1414 4306 necessariasque
1436 4252 1652 4293 causas.

553 4327 604 4380 7.
638 4327 709 4382 At
739 4327 1000 4381 nonnulli
1027 4327 1258 4382 omnino
1283 4326 1565 4394 baptizant
1594 4326 1905 4393 Armenios,
1973 4340 2069 4380 oc-

481 4417 708 4472 casione
726 4429 976 4488 accepta,
1012 4433 1122 4472 non
1153 4432 1186 4471 α
1206 4416 1422 4488 magnis
1445 4417 1724 4476 ecclesiis.
1768 4417 1866 4473 sed
1897 4434 1967 4474 ex
1989 4419 2063 4473 li-
2093 4447 2140 4508 ο

483 4508 584 4564 bro
615 4509 845 4564 Joannis
893 4509 1261 4579 metropoliue
1307 4507 1537 4575 Nirmni,
1568 4509 1664 4580 qui
1711 4511 1966 4568 scribens
1990 4511 2061 4567 ad

481 4600 804 4655 Zachariam
832 4615 1041 4670 magna:
1065 4599 1343 4655 Armeniae
1368 4600 1728 4667 catholicum,
1755 4603 1830 4657 ita
1859 4601 1928 4658 de
1952 4602 2062 4660 illis

481 4689 732 4760 loquitur
768 4707 781 4744 :
819 4689 971 4755 Quod
1000 4706 1166 4761 neque
1212 4691 1570 4746 ordinationes
1603 4692 1850 4756 habeant,
1876 4693 1966 4747 sed
1997 4693 2062 4748 ab

482 4781 629 4834 omni
683 4779 846 4835 alieni
873 4781 979 4835 sint
1041 4783 1376 4837 ordinatione
1407 4799 1426 4838 :
1455 4783 1512 4838 id
1561 4797 1682 4838 rero
1721 4785 1841 4838 hinc
1877 4783 2060 4856 liquet.

481 4869 624 4925 Nam
642 4879 855 4926 sanctus
881 4871 1162 4945 Gregorius
1187 4875 1452 4929 Armenia:
1491 4877 1783 4948 episcopus,
1814 4887 1864 4933 et
1893 4878 2063 4934 Leon-

481 4962 939 5018 tius'beatissimus
958 4967 1378 5037 archiepiscopus
1413 4965 1670 5025 Caesarea:
1691 4968 2062 5042 Cappadociae,

481 5054 574 5120 qui
599 5064 845 5108 sanctum
875 5055 1185 5126 Gregorium
1209 5058 1474 5112 ordinavit
1504 5061 1827 5132 episcopum,
1849 5069 2066 5132 pactum

2171 3242 2290 3297 ρας,
2320 3225 2354 3298 ἢ
2381 3223 2680 3278 δεκαπέντε
2711 3220 3020 3294 νηστεύειν,
3049 3220 3148 3274 καὶ
3175 3219 3458 3290 σχολάζειν
3504 3221 3630 3282 ταῖς
3660 3219 3762 3272 εὖ·

2167 3321 2290 3392 χαῖς
2310 3315 2456 3390 πρωῒ
2485 3315 2579 3372 καὶ
2596 3316 2854 3386 ἑσπέρας,
2877 3314 2973 3368 καὶ
2999 3313 3296 3386 μανθάνειν
3320 3312 3587 3385 Ψαλμοὺς
3617 3329 3763 3385 προ-

2167 3411 2483 3482 τρέπονται.

2239 3505 2316 3570 ς’.
2355 3505 2467 3559 Καὶ
2501 3501 2676 3558 ταῦτα
2718 3501 2819 3572 μὲν
2862 3494 3012 3555 οὗτοι
3057 3500 3462 3556 διατάσσονται.
3504 3498 3762 3572 Ὀρῶμεν

2167 3597 2224 3652 δὲ
2249 3597 2343 3652 νῦν
2365 3597 2424 3650 ὲν
2455 3599 2575 3659 ταῖς
2602 3593 2867 3666 μεγάλαις
2896 3593 2989 3646 καὶ
3011 3591 3334 3656 καθολικαῐς
3370 3590 3754 3662 Ἐκκλησίαις,

2169 3692 2338 3760 {now
2375 3692 2434 3742 έν
2472 3690 2586 3752 τοῖς
2631 3685 3053 3758 πατριαρχείοις
3084 3683 3182 3738 καὶ
3209 3685 3333 3747 ταῖς
3367 3681 3754 3755 μητροπόλεσι

2170 3781 2265 3833 καί
2291 3781 2413 3842 ταῖς
2449 3778 2686 3842 λοιπαῖς,
2715 3778 2800 3832 ὅτι
2837 3777 2969 3840 τοὺς
3011 3775 3335 3847 Ἀρμενίους
3358 3776 3454 3829 καὶ
3496 3773 3756 3829 Ἰακωϐί-

2169 3887 2267 3934 τας
2291 3869 2385 3922 καὶ
2413 3868 2810 3939 Νεστοριανοὺς
2838 3871 2944 3923 ’καὶ
2971 3869 3100 3932 τοὺς
3133 3868 3354 3933 λοιποὺς
3392 3868 3754 3938 ’Ᾱκεφάλους,

2169 3963 2264 4016 καὶ
2289 3961 2416 4024 τοὺς
2447 3961 2670 4032 ὁμοίους
2699 3961 2905 4025 αὐτοῖς.
2954 3961 3392 4034 ἐπιστρέφοντας
3416 3963 3498 4024 είς
3527 3961 3626 4031 τὴν
3654 3961 3758 4028 ὀρ·-

2169 4053 2386 4119 θόδοξον
2435 4053 2644 4115 πίστιν,
2693 4050 3113 4117 καταξιοΰσιτν
3142 4053 3240 4107 καὶ
3271 4053 3330 4107 οὐ
3384 4051 3754 4124 βαπτίζουσι,

2169 4143 2385 4198 ποιοῦσι
2410 4143 2466 4197 δὲ
2505 4142 2934 4213 ἀναθεματίζειν
2957 4145 3086 4207 τοὺς
3115 4143 3380 4215 ἐξάρχους
3411 4145 3610 4200 αὐτῶν.
3639 4145 3756 4199 Καὶ

2098 4254 2107 4263 ·
2168 4235 2329 4290 τοῦτο
2365 4235 2619 4306 ἐτυπώθη
2655 4235 2802 4309 ἄρτι,
2833 4236 2902 4290 δι’
2933 4237 3114 4300 αἰτίας
3135 4235 3392 4305 εὐλόγους
3417 4236 3750 4305 ἀναγκαίας.

2241 4325 2307 4392 ζ’.
2331 4327 2486 4391 Τινὲς
2503 4326 2559 4380 δὲ
2579 4327 2800 4392 τελείως
2819 4325 3139 4398 βαπτίζουσι
3156 4327 3280 4391 τοὺς
3299 4326 3636 4398 ’Δρμενίους,
3651 4326 3756 4397 τὴν

2169 4420 2428 4491 ἀφορμὴν
2463 4418 2836 4489 λαμϐάνοντες
2870 4419 2972 4472 οὐκ
2997 4419 3105 4474 ἀπὸ
3128 4418 3239 4472 τῶν
3269 4419 3523 4490 μεγάλων
3545 4419 3756 4490 ἐκκλη-

2171 4509 2324 4572 σιῶν,
2357 4508 2475 4563 ἀλλ’
2503 4508 2728 4563 ἀπὸτοῦ
2759 4509 2922 4580 λόγου
2953 4509 3046 4564 τοῦ
3078 4509 3481 4580 μητροπολίτου
3515 4508 3757 4574 Νικαίας

2183 4601 2430 4656 Ἰωάννου
2465 4601 2603 4670 (57),
2639 4598 2699 4664 ὃς
2725 4601 2956 4672 γράφων
2995 4601 3132 4672 πρὸς
3181 4600 3463 4670 Ζαχαρίαν
3489 4598 3582 4652 τὸν
3616 4598 3760 4652 καθ-

2169 4693 2352 4748 ολικὺν
2382 4695 2481 4763 τῆς
2531 4693 2777 4764 μεγάλης
2812 4692 3132 4764 Ἀρμενίας,
3183 4690 3355 4755 οὕτως
3406 4693 3540 4762 περὶ
3569 4690 3757 4744 αὐτῶν

2173 4798 2339 4855 φησιν
2364 4802 2378 4817 ·
2429 4785 2560 4838 Ὀτι
2613 4783 2758 4839 οὐδὲ
2801 4785 3232 4854 χειροτονίαςπ
3283 4785 3558 4855 ἔχουσιν,
3613 4783 3759 4837 ἀλλ’

2171 4877 2482 4946 ἀλλότριοι
2527 4879 2646 4932 εισι
2695 4875 2904 4943 πάσης
2943 4877 3329 4948 -χειροτονίας
3350 4875 3398 4909 ⁷⁸
3417 4894 3430 4907 ο
3459 4875 3657 4943 δῆλον
3685 4873 3760 4927 δὲ

2171 4969 2487 5026 ἐντεῦθεν·
2553 4971 2586 5022 ὁ
2642 4969 2754 5040 γὰρ
2813 4969 2982 5040 ἅγιος
3030 4971 3360 5040 Γίηγόριος
3417 4971 3760 5034 ἐπίσκοπος

2187 5061 2511 5130 Ἀρμενίας,
2551 5060 2651 5115 καί
2701 5063 2979 5128 Λεόντιος
3007 5065 3040 5116 ὁ
3079 5063 3528 5132 μακαριώτατος
3557 5061 3762 5132 ἀρχιε-

1781 5189 2016 5246 νΑιιιΑε
2049 5188 2348 5248 LECTION
2359 5189 2461 5245 ES.

556 5281 604 5314 ”
625 5281 688 5338 In
735 5281 972 5338 Balsam.
1020 5281 1272 5355 Εὑχίται.
1346 5283 1626 5340 "'Deest
1679 5283 1876 5357 μύρου.
1953 5285 2001 5318 ⁷³
2030 5283 2136 5340 Ed.
2191 5283 2554 5358 χειροτονίαν.
2633 5284 2808 5340 "Ed.
2843 5285 3167 5358 ἱερωσύνης.

1991 5427 2040 5485 Ν
2051 5426 2231 5485 ΟΤᾹεῙ.

553 5515 684 5590 (57)»
738 5515 1043 5590 Ἰωάννου.
1095 5517 1192 5572 Est
1243 5517 1547 5588 ἁμάρτημα
1591 5517 1946 5590 μνημονικὸν,
2009 5527 2070 5574 ut

480 5584 616 5640 dixi.
647 5584 840 5657 'Atque
886 5588 1064 5644 simile
1111 5584 1318 5643 notabo
1354 5584 1770 5660 i'nl‘ei'ius'adv'p.
1817 5589 1940 5645 455.
1988 5590 2066 5646 Ita

481 5667 665 5713 mitem
711 5675 925 5713 errasse
960 5660 1222 5714 videntur
1259 5661 1581 5715 Anastasius
1619 5659 1976 5715 Caesariensis
2010 5671 2066 5714 vt

480 5725 640 5795 Nico,
698 5730 844 5799 quod
897 5730 1125 5785 Joannis
1195 5731 1436 5803 Epistula
1498 5741 1555 5785 et
1605 5732 1895 5785 lnvectivuz
1940 5731 2065 5785 duae

2170 5521 2342 5593 Isaaci
2389 5519 2456 5576 ad
2486 5521 2894 5576 Armenismum
2919 5521 3129 5591 pariter
3151 5529 3485 5593 Spectarent,
3523 5537 3587 5577 ac
3618 5523 3760 5581 form

2171 5591 2334 5663 simul
2386 5593 2662 5662 compingi
2710 5594 2976 5647 solerent.
3025 5591 3206 5648 Habes
3255 5609 3320 5648 ea
3361 5593 3638 5663 Opuscula
3718 5596 3775 5650 in

2169 5662 2434 5718 Auetario
2457 5663 2492 5716 2
2519 5663 2943 5720 Combclisiano.
