3984 6296
495 363 575 428 π,
1795 355 2116 416 JOANXIS
2147 354 2526 414 MAXENTII
2755 424 2763 428 A
3701 362 3779 428 ηδ

498 481 795 538 veterum
836 470 1074 533 Latinis
1107 470 1184 531 de
1228 485 1354 528 una
1389 481 1660 546 persona
1691 474 1751 528 et
1781 467 2032 528 duabus
2067 465 2314 528 naturis
2354 464 2638 540 Domini,
2675 424 2898 544 Tigur.
2933 466 3106 541 1571,
3153 468 3288 544 fol.,
3323 473 3474 534 etin
3523 474 3779 538 Biblio-

503 573 710 636 thecis
746 574 1021 641 Patrum,
1061 567 1258 629 Paris.
1289 565 1463 640 1575,
1499 574 1649 628 tom.
1688 567 1762 640 ν,
1798 572 1860 628 et
1889 563 2068 638 1589,
2105 572 2258 629 tom.
2292 569 2400 640 ιν,
2435 572 2496 628 et
2529 563 2894 642 lolii-1654,
2928 575 3082 631 tom.
3113 570 3222 644 Ill,
3253 579 3314 634 et
3337 571 3561 634 Colon.
3595 576 3774 648 1618,

505 687 659 739 tom.
703 674 810 746 Vl,
845 681 906 732 et
951 671 1152 750 Lugd.
1203 671 1380 743 1672,
1425 676 1578 733 tum.
1637 670 1754 733 IX.
1807 671 1996 732 Hunc
2047 685 2193 731 cum
2242 671 2490 732 Joanne
2536 669 3067 750 ScythOpolitano
3125 674 3420 755 plerique
3475 678 3776 751 eumdem

507 775 772 837 faciunt.
819 775 972 854 Ejus
1025 773 1266 852 stylum
1321 773 1534 836 laudat
1585 773 1850 836 Photius
1901 774 2042 836 cod.
2089 773 2190 847 95,
2235 789 2349 851 pro
2380 775 2632 852 synodo
2663 773 3198 852 Chalcedonensi,
3234 780 3398 842 bene
3433 779 3777 860 scripsisse

508 880 778 938 testatus
817 874 959 936 cod.
1015 873 1156 935 231.
1472 864 1510 938 δ

1617 1237 2552 1332 saaTESTIMONIA

1247 1437 1352 1497 DE
1400 1433 1714 1496 JOANNE
1760 1432 2199 1496 MAXENTIO
2241 1427 2592 1504 EJUSQUE
2643 1429 3058 1492 OPERIBUS.

569 1741 842 1800 Ioannem
888 1738 1220 1795 Maxentium
1267 1744 1326 1793 et
1358 1736 1540 1793 socios
1569 1736 1690 1806 ejus
1723 1734 2024 1791 monachos
2065 1733 2300 1806 Scythas
2330 1734 2589 1805 (quorum
2645 1735 2892 1802 nomina,
2937 1745 2998 1790 ut
3021 1735 3375 1795 Justinianus
3419 1737 3476 1793 in
3508 1738 3676 1810 epist.
3709 1735 3780 1796 ad

509 1837 854 1896 Hormisdam
881 1851 1079 1909 papam
1115 1842 1370 1900 testatur,
1403 1841 1554 1900 sunt,
1589 1832 1850 1898 Achilles,
1879 1831 2140 1898 Joannes,
2167 1831 2454 1896 Leontius,
2482 1829 2809 1903 Maxentius)
2839 1831 3011 1890 fuisse
3040 1831 3218 1901 palam
3247 1832 3620 1904 Eutychianos
3649 1849 3782 1906 pem

507 1935 668 1999 fidos,
699 1932 991 1988 damnatos
1022 1947 1052 1986 a
1083 1931 1328 1988 Romana
1353 1928 1600 1986 Ecclesia
1641 1935 1698 1984 et
1735 1927 1987 2000 ingentes
2011 1927 2204 1983 turbas
2231 1926 2286 1982 in
2324 1927 2573 1984 Ecclesia
2600 1926 2872 1987 catholica
2905 1927 3194 1993 excitasse,
3227 1942 3352 1983 cum
3381 1927 3782 1988 Constantino-

506 2025 768 2098 poli,tum
797 2027 1003 2092 Romae,
1021 2040 1089 2080 ex
1112 2023 1298 2080 multis
1327 2022 1689 2080 relationibus
1719 2029 1775 2076 et
1794 2020 2044 2092 epistolis
2075 2022 2381 2090 legatorum
2400 2019 2705 2078 llormisdae
2725 2035 2881 2090 papa:
2899 2035 3024 2091 qua
3045 2020 3323 2076 habentur
3355 2028 3490 2075 tom.
3515 2020 3534 2074 l
3558 2021 3782 2092 Episto-

507 2117 680 2174 larum
736 2120 1108 2175 Romanorum
1171 2117 1514 2189 pontiﬁcum,
1557 2125 1614 2176 et
1672 2132 1742 2172 ex
1780 2114 1950 2170 variis
1979 2114 2230 2184 epistolis
2261 2113 2510 2184 ejusdem
2542 2113 2598 2169 S.
2632 2111 2958 2178 Hormisdae,
2994 2113 3087 2168 illa
3119 2115 3432 2184 praesertim
3463 2112 3532 2168 ad
3549 2113 3781 2169 Posses-

501 2225 687 2266 sorem
719 2210 1068 2284 episcopum,
1100 2209 1450 2282 apertissime
1498 2209 1864 2280 intelligitur:
1894 2205 2478 2280 proﬁtebantursnim
2522 2205 2709 2276 specie
2746 2212 2909 2264 unus
2957 2220 3017 2261 se
3048 2205 3270 2261 concilii
3311 2203 3788 2263 Chalcedonensis

501 2309 835 2368 assertores,
861 2311 926 2356 ut
949 2302 1142 2356 videre
1175 2309 1260 2356 est
1288 2302 1345 2355 in
1371 2310 1487 2356 toto
1541 2301 1648 2356 hoc
1673 2314 1860 2369 opere,
1891 2313 1956 2354 ac
2010 2297 2361 2368 potissimum
2410 2297 2465 2352 in
2520 2297 2804 2368 praemissa
2857 2295 2984 2352 fidei
3041 2297 3405 2367 professione,
3429 2313 3556 2353 cum
3585 2311 3784 2352 revera

508 2391 672 2448 ﬁdem
730 2391 949 2447 concilii
1001 2389 1467 2447 Chalcedonensis
1509 2399 1626 2445 arte
1665 2389 1920 2455 subdola,
1953 2404 2017 2445 ac
2045 2389 2263 2444 vafritie
2296 2389 2570 2444 haereticis
2598 2389 2762 2445 insita
2793 2388 3122 2446 labefactare
3152 2390 3466 2446 niterentur
3675 2389 3780 2458 (Cf.

507 2486 736 2551 Raram,
767 2495 808 2542 t.
836 2487 926 2543 VII
979 2485 1176 2542 Annal.
1202 2487 1402 2543 eccles.
1440 2487 1510 2542 ad
1544 2503 1674 2541 ann.
1710 2486 1834 2554 519,
1869 2503 1990 2556 cap.
2035 2484 2097 2540 81
2131 2502 2294 2556 usque
2337 2485 2407 2539 ad
2447 2485 2535 2550 89,
2569 2494 2618 2540 et
2651 2503 2696 2540 c.
2734 2483 2802 2542 9'7
2831 2501 2994 2558 usque
3023 2486 3094 2540 ad
3138 2485 3262 2552 126,
3295 2494 3344 2539 et
3386 2485 3456 2540 ad
3489 2501 3616 2541 ann.
3653 2483 3783 2552 5%),

509 2599 626 2654 cap.
667 2583 736 2638 i2
763 2598 926 2651 usque
957 2583 1030 2637 ad
1061 2581 1176 2652 28.)

579 2674 854 2743 Quocirca
898 2673 1086 2730 omnia
1113 2689 1456 2746 quaecunque
1490 2675 1584 2730 hic
1613 2682 1898 2746 ponuntur
1931 2688 2098 2744 opera
2124 2671 2381 2728 Maxentii
2415 2674 2731 2730 cautissime
2763 2673 3016 2746 legenda,
3053 2688 3158 2730 nec
3175 2673 3286 2728 illis
3319 2672 3623 2740 fidendum,
3653 2675 3783 2728 cuin

505 2770 683 2824 lateat
723 2766 1081 2840 Eutychianae
1113 2768 1389 2824 haereseos
1419 2783 1716 2823 venenum.
1765 2766 2237 2838 Excusandusque
2266 2768 2518 2835 Cocleus,
2550 2771 2644 2839 qui
2681 2783 2850 2840 opera
2880 2768 3138 2826 Maxentii
3183 2769 3288 2825 sub
3329 2769 3554 2824 nomine
3584 2769 3786 2824 orthoo
3861 2825 3868 2832 ,

508 2859 638 2916 doxi
669 2860 848 2917 Patris
879 2859 1093 2932 primus
1119 2859 1314 2926 edidit,
1343 2857 1388 2915 si
1425 2861 1652 2916 technas
1691 2871 1748 2916 et
1772 2861 2110 2932 imposturas
2135 2862 2320 2917 callidi
2355 2863 2684 2936 Eutychiani
2711 2864 2800 2920 vir
2832 2863 3040 2934 probus
3081 2872 3138 2918 et
3170 2863 3422 2918 sincerus
3447 2877 3559 2916 non
3603 2861 3786 2918 intro-

511 2953 780 3024 opexerit,
805 2968 930 3009 cum
957 2952 1224 3024 epistolas
1253 2961 1502 3024 tempore
1537 2952 1841 3009 liormisdze
1868 2968 2023 3024 papae
2047 2953 2194 3008 ultro
2221 2953 2472 3024 citroque
2497 2953 2670 3019 datas,
2701 2955 2756 3010 in
2788 2955 2994 3025 quibus
3020 2955 3132 3009 doli
3162 2953 3496 3026 fraudesque
3523 2953 3786 3010 Maxentii

507 3059 580 3102 ac
621 3045 900 3100 sociorum
945 3044 1370 3116 detegebantnr,
1407 3045 1475 3101 ad
1513 3061 1748 3102 manum
1778 3061 1890 3102 non
1921 3045 2200 3101 habuerit.
2233 3045 2356 3100 Vide
2402 3049 2641 3103 eumdem
2689 3057 2822 3106 tom.
2853 3048 2946 3104 VII
3001 3047 3220 3114 Annal.,
3254 3063 3384 3105 unm
3427 3045 3622 3103 Christi
3655 3033 3786 3114 519,

519 3154 566 3192 ρ.
603 3132 726 3201 105,
758 3143 807 3190 et
841 3151 982 3190 anno
1015 3133 1138 3201 520,
1171 3151 1218 3188 ι’.
1250 3134 1341 3190 27.
1386 3149 1394 3157 ·

1323 3359 1423 3420 Ex
1469 3357 1856 3422 Bellarmino
1902 3361 1989 3422 De
2025 3361 2450 3443 scriptoribus
2501 3360 2967 3424 ecclesiasticis.

592 3477 834 3558 Joannes
869 3468 1198 3546 Maxentius,
1229 3480 1553 3548 monachus,
1585 3464 1660 3548 ei,
1690 3490 1751 3538 ut
1783 3483 2051 3552 credittn',
2084 3464 2374 3556 presbyter
2399 3485 2803 3551 Antiochenus,
2833 3485 2970 3540 vixit
2997 3492 3246 3556 tempore
3273 3482 3582 3540 Hormisdae
3603 3499 3784 3556 papa,

525 3580 716 3628 contra
754 3570 915 3640 cujus
957 3570 1242 3639 epistolam
1289 3571 1530 3642 scripsit.
1573 3575 1704 3647 Ejus
1745 3591 1910 3647 opera
1947 3586 2164 3632 exstant
2193 3578 2248 3632 in
2279 3586 2480 3648 quarto
2526 3585 2676 3632 tomo
2718 3577 3069 3633 Bibliotheca:
3115 3577 3214 3633 SS.
3260 3578 3504 3633 Patrum.
3553 3575 3794 3650 Scripsit

526 3672 708 3719 autem
740 3661 1027 3718 Catholica?
1067 3662 1192 3732 ﬁdei
1235 3663 1629 3735 professionem,
1662 3665 1792 3722 item
1825 3667 2083 3722 Libellum
2120 3677 2310 3722 contra
2337 3667 2650 3740 Acephaios,
2686 3668 2818 3723 item
2853 3666 3200 3740 Dialogorum
3229 3676 3416 3723 contra
3446 3667 3794 3726 Nestor-ianos

526 3759 686 3814 libros
716 3759 869 3824 duos,
897 3759 1028 3813 item
1057 3757 1463 3829 Responsionem
1489 3763 1559 3814 ad
1583 3761 1883 3834 Epistolam
1911 3779 2064 3834 papa:
2086 3763 2403 3829 Hormisdw,
2440 3763 2492 3818 in
2521 3763 2723 3833 quibus
2758 3763 3002 3832 disputat
3031 3763 3297 3818 adversus
3327 3761 3707 3831 Nestorianos,
3737 3772 3797 3820 et

521 3848 796 3905 adversus
823 3850 1085 3905 Faustum
1123 3849 1448 3920 Regienscm
1495 3852 2016 3925 Semipelagianum.
2059 3856 2129 3910 Et
2165 3855 2388 3925 quidem
2438 3854 2698 3909 Faustum
2727 3861 2784 3908 et
2837 3853 3160 3924 Pelagianos
3188 3852 3408 3924 egregie
3452 3851 3688 3917 refellit,
3725 3869 3794 3908 ex

521 3939 683 3996 libris
715 3941 772 3997 S.
806 3942 1091 4014 Augustini
1120 3960 1132 3996 :
1160 3951 1214 3998 at
1234 3943 1590 4000 Nestorianos
1618 3944 1694 4000 ita
1727 3943 1948 4011 refellit,
1975 3946 2228 4002 scribens
2265 3955 2458 4002 contra
2492 3946 2870 4002 Possessorem
2897 3945 3216 4016 episcopum
3250 3943 3592 4009 Africanum,
3625 3954 3690 3999 ut
3724 3944 3795 4000 ad

529 4038 902 4110 Eutychianos
929 4039 1210 4096 declinare
1249 4041 1522 4097 videatur.
1558 4040 1730 4098 'Ccrte
1768 4041 1826 4098 S.
1869 4042 2343 4114 Hormisdaspapa
2371 4043 2752 4098 Possessorem
2783 4040 3052 4104 defendit,
3096 4048 3153 4095 ct
3196 4039 3466 4095 Joannem
3501 4053 3628 4093 cum
3675 4040 3797 4094 suis

527 4129 815 4185 monachis
839 4130 1044 4186 acriter
1065 4130 1366 4188 insectatus
1390 4141 1494 4188 est.
1527 4131 1763 4204 Scripsit
1791 4141 1972 4190 autem
2005 4133 2312 4190 Maxentius
2340 4143 2532 4188 contra
2561 4133 2848 4203 epistolam
2876 4130 3038 4204 535
3065 4130 3372 4186 Hormisdae
3403 4144 3609 4200 negans
3639 4129 3795 4186 illam

524 4235 643 4278 esse
673 4222 994 4285 llormisdaa,
1031 4237 1100 4279 ne
1128 4221 1411 4278 videretur
1439 4231 1630 4279 contra
1665 4239 1940 4280 summum
1975 4222 2300 4280 Pontiﬁcem
2341 4221 2619 4288 scribere;
2647 4221 2744 4278 sed
2775 4237 2833 4277 re
2879 4235 3006 4275 vera
3050 4220 3241 4292 negari
3282 4233 3394 4274 non
3433 4225 3618 4288 potest
3667 4219 3794 4289 epi-

527 4321 719 4376 stolam
755 4321 904 4378 illam
929 4339 1062 4380 vere
1089 4337 1210 4380 esse
1242 4321 1564 4377 liormisdte.

1387 4682 2050 4815 JOANNIS
2144 4681 2940 4814 MAXENTII

845 4937 1431 5034 EPISTOLA
1499 4937 1651 5029 AD
1726 4937 2258 5032 LEGATOS
2328 4937 2663 5029 SEDIS
2717 4935 3524 5035 APOSTOLICIE.

1629 5145 1640 5178 ,
2137 5149 2205 5162 ..-

541 5288 774 5342 Dominis
811 5283 936 5339 viris
975 5281 1306 5345 beatissimis,
1353 5281 1616 5338 Germano
1658 5289 1707 5334 et
1751 5277 1971 5342 Joanni,
2007 5279 2115 5347 epi—
2217 5277 2330 5332 eilii
2361 5276 2526 5331 ﬁdem
2551 5275 2806 5330 nituntur
2826 5284 3101 5342 evertere,
3143 5276 3368 5331 Patrum
3400 5274 3646 5346 proferre
3671 5291 3805 5332 sen-

608 5355 797 5426 sropis,
831 5351 1006 5439 -Felici
1030 5361 1079 5405 et
1103 5351 1634 5439 Dioscorodiac‘onis,
1661 5349 2112 5439 Blando‘prfsby:

2229 5370 2439 5434 Lentias,
2470 5376 2526 5424 et
2556 5368 2714 5424 novis
2744 5384 3034 5438 pravorum
3071 5369 3644 5439 argumentationibus
3667 5385 3802 5424 ver-

609 5433 1152 5531 13221.."‘.}‘.".‘1’f.'f.“’
1205 5419 2112 5531 Ἕθστξξεζξὲἑίάῗ..εσνέἱὶῗξζῖίῗη,ῗίῗ
2220 5463 2306 5516 bis
2338 5460 2624 5516 catholicis
2667 5459 2913 5524 obviare.
2945 5467 3300 5531 augmentum
3347 5459 3569 5530 aliquod
3605 5474 3708 5514 nos
3744 5458 3806 5514 ῡι

607 5497 793 5562 exiguo
857 5491 1149 5558 Maxentio,
1213 5491 1260 5546 et
1310 5491 1548 5546 omnibus
1593 5491 1684 5562 qui
1737 5506 1934 5543 mecum
1967 5499 2112 5551 simi,
2220 5491 2306 5562 ξιξ»
2338 5491 2913 5562 τῗιιίυηυίδὶιυνιῗιιυ,

607 5548 858 5620 salutem.
1137 5548 1148 5558 ’
1605 5548 1616 5562 ’
2099 5548 2106 5551 ⁷
2219 5553 2327 5608 fide
2363 5553 2542 5608 facere
2567 5551 2838 5623 judicent,
2861 5558 2958 5606 aut
2981 5561 3134 5606 certe
3156 5559 3349 5606 contra
3372 5557 3576 5606 statuta
3607 5548 3807 5604 venire

608 5657 876 5723 Quoniam
923 5655 1172 5714 nonnulli
1214 5655 1464 5717 videntes
1501 5668 1604 5712 nos
1647 5660 1840 5708 contra
1873 5664 1970 5706 eos
2021 5647 2116 5719 qui
2219 5645 2460 5711 concilii,
2495 5643 2867 5700 necessarium
2902 5642 3181 5699 credimus
3219 5641 3600 5712 probabilibus
3625 5636 3809 5696 docu-

539 5746 764 5804 inimico
795 5749 1082 5823 proposito
1113 5747 1441 5818 venerabilis
1469 5741 1938 5805 Chalcedonensis
1981 5754 2118 5797 con-
2201 5736 2424 5793 -mentis
2463 5736 2606 5791 hanc
2638 5734 3118 5792 inconvenientem
3157 5733 3228 5790 ab
3255 5747 3448 5790 eorum
3481 5729 3678 5788 animis
3704 5741 3810 5784 ex-
