3984 6296
219 356 288 418 Π
1091 347 1334 408 EPIST.
1374 346 1475 405 AD
1508 340 1850 405 LEGATOS
1886 340 2108 402 SEDIS
2145 338 2646 401 APOSTOLICIE.
2723 385 2741 415 κ
3248 304 3253 309 ’
3422 338 3493 403 rs

220 478 459 537 purgare
493 461 832 532 opinionem,
865 461 1129 517 docentes
1165 460 1483 515 nullatenus
1508 471 1631 512 esse
1659 468 1805 509 con-
1834 458 1876 513 Α
1907 451 2147 522 propriae
2178 449 2307 506 ﬁdei
2352 451 2667 521 explanare,
2700 448 2776 505 ita
2816 447 2885 504 de
2933 463 2992 505 se
3033 450 3323 508 manifesta
3357 468 3494 511 voce

221 557 475 618 trarium,
517 554 565 609 si
596 570 664 608 cx
694 569 889 608 eorum
921 554 1147 607 Patrum
1178 550 1489 615 sententiis,
1521 562 1660 618 quas
1687 546 1808 616 ipsa

220 648 422 717 recipit
464 645 725 717 synodus,
777 644 969 699 falsam
1020 642 1372 698 docuerimus
1418 639 1805 695 haereticorum

219 754 343 793 esse
389 739 748 799 sententiam,
795 753 903 807 qua
945 752 1067 791 eam
1115 735 1273 807 quasi
1316 733 1594 790 contraria
1637 738 1805 800 atque

218 827 670 883 inconvenientia
706 827 901 881 docere
926 842 1049 896 qua:
1078 835 1206 880 ante
1241 841 1299 880 se
1341 824 1587 885 fuerunt,
1609 820 1804 877 conci-

206 919 309 973 liis
339 928 555 974 tentant
582 926 849 973 astruere.
890 918 961 972 Et
994 919 1174 987 primo
1205 917 1428 988 quidem
1477 915 1803 970 catholicam

214 1007 381 1064 ﬁdem
402 1017 757 1078 augmentum
781 1007 1003 1077 aliquod
1020 1021 1190 1076 posse
1220 1006 1329 1062 reci
1338 1021 1467 1075 pere
1492 1002 1802 1074 improbum

212 1104 303 1151 est
329 1097 579 1162 credere,
613 1096 741 1166 quia
771 1111 898 1151 cum
930 1097 1004 1150 sit
1036 1096 1280 1166 perfecta
1321 1105 1378 1151 et
1404 1096 1565 1164 plena
1598 1093 1654 1148 in
1686 1108 1804 1147 om-

215 1189 409 1255 nibus,
455 1198 811 1259 augmentum
853 1189 1102 1259 recipere
1135 1203 1244 1243 non
1279 1196 1480 1258 potest.
1512 1187 1627 1241 Hoc
1655 1187 1800 1241 enim

215 1282 342 1337 sine
388 1282 559 1337 dubio
601 1290 958 1353 augmentum
995 1280 1213 1350 recipit,
1241 1279 1388 1350 quod
1416 1288 1502 1333 est
1544 1277 1804 1348 imperfe-

213 1383 388 1431 ctum.
427 1374 482 1431 Si
532 1384 717 1429 autem
768 1389 880 1429 non
915 1373 984 1430 de
1032 1373 1398 1443 intelligentia
1430 1371 1582 1437 ﬁdei,
1612 1370 1707 1426 sed
1732 1370 1801 1424 de

200 1467 402 1522 verbis
428 1467 632 1536 agitur,
658 1468 764 1523 hoc
796 1483 904 1521 non
934 1475 1018 1521 est
1042 1482 1261 1536 semper
1286 1465 1647 1529 contrarium,
1673 1465 1803 1537 quia

198 1563 515 1633 aliquando
556 1564 1000 1634 explanationem
1044 1562 1173 1617 ﬁdei
1217 1562 1513 1617 verborum
1542 1560 1671 1615 facit
1707 1559 1803 1613 ad-

207 1656 405 1725 jectio,
441 1656 741 1725 aliquando
766 1655 1184 1726 corruptionem
1215 1653 1363 1725 quod
1396 1670 1506 1708 non
1536 1668 1799 1723 augmen-

215 1757 359 1810 tum,
392 1747 488 1801 sed
519 1748 911 1803 detrimentum
946 1755 1027 1802 est
1064 1748 1248 1818 potius
1274 1746 1419 1802 ﬁdei.
1452 1745 1800 1816 Quapropter

1898 549 2205 605 testentur,
2256 541 2508 597 dicentes
2535 559 2548 594 :
2581 539 2892 609 Sequentes
2924 538 3094 611 igitur
3124 548 3180 599 et
3223 556 3329 597 nos
3361 559 3492 601 san-

1904 635 2188 690 ctissimos
2216 635 2432 697 Patres,
2470 633 2824 698 conﬁtemur,
2865 641 2973 688 etc.
3014 633 3126 701 .Qui
3174 645 3360 691 autem
3400 651 3493 689 re-

1905 722 2290 776 tractationem
2329 722 2550 777 concilii
2596 737 2719 778 esse
2758 722 3010 793 iudicant
3038 731 3230 779 contra
3264 726 3493 781 haereti-

1903 828 2096 867 eorum
2126 830 2299 869 novas
2332 815 2757 870 adinventiones
2780 816 3063 885 quippiam
3093 817 3150 872 in
3177 818 3338 872 libris
3361 835 3496 889 pro-

1902 902 2054 962 ferre
2101 914 2441 972 sanctorum,
2475 918 2573 963 aut
2619 909 2673 963 id
2696 908 2848 978 quod
2887 911 3241 966 convenienti
3275 914 3492 967 ratione

1892 997 2201 1054 collectum
2243 998 2433 1063 fuerit,
2469 1000 2652 1068 primo
2681 1012 2938 1071 arguant,
2972 1001 3032 1054 Β.
3069 1000 3358 1073 Cyrillum,
3393 1002 3488 1073 qui

1904 1087 2075 1159 (sicut
2095 1093 2353 1161 superius
2373 1093 2720 1164 edocuimus)
2742 1094 3059 1163 perfectoet
3072 1095 3250 1163 primo
3271 1105 3494 1150 saneto-

1904 1198 2025 1236 rum
2067 1184 2294 1239 Patrum
2332 1195 2596 1241 manente
2625 1185 2923 1257 Symbolo,
2971 1186 3040 1241 ad
3087 1187 3487 1244 destruendam

1904 1274 2130 1344 impiam
2177 1277 2690 1347 interpretationem
2727 1278 2968 1334 Nestorii
3012 1279 3357 1335 diversorum
3391 1283 3493 1337 Pa-

1906 1375 2049 1422 trum
2069 1370 2372 1426 sententias
2398 1371 2653 1441 protulit,
2672 1371 2810 1426 etB.
2832 1371 3095 1438 Leonem,
3111 1374 3206 1443 qui
3233 1374 3493 1431 similiter

1903 1468 2223 1514 sanctorum
2258 1463 2485 1517 Patrum
2528 1464 2869 1519 testimoniis
2913 1473 3119 1521 statuta
3154 1467 3493 1524 venerabilis

1896 1550 2371 1609 Chalcedonensis
2414 1556 2609 1626 synodi
2641 1572 2765 1611 cum
2798 1556 2907 1612 ﬁde
2937 1558 3161 1613 Patrum
3182 1561 3492 1621 convenire

1902 1642 2111 1699 docuit.
2142 1645 2209 1700 Et
2236 1652 2351 1699 tum
2380 1645 2603 1701 demum
2633 1662 2736 1702 nos
2759 1649 2913 1719 quasi
2942 1658 3335 1706 retractatores
3359 1668 3494 1707 con-

1902 1735 2015 1789 cilii
2050 1752 2284 1807 arguere
2319 1747 2601 1807 poterunt,
2639 1740 2733 1811 qui
2770 1757 2867 1810 per
2913 1751 3234 1797 sanctorum
3267 1744 3490 1802 Patrum

196 1845 349 1891 ,ωηο
391 1838 626 1907 adiectio
668 1839 968 1895 verborum
1017 1805 1243 1895 νίίειηάο
1285 1844 1390 1901 ρει,
1432 1836 1653 1911 quando
1688 1850 1797 1891 ῃοη
1830 1805 1872 1860 Β
1901 1825 2043 1882 bene
2074 1829 2316 1898 prolatas
2354 1833 2681 1901 sententias,
2729 1833 3055 1903 repellimus
3100 1834 3491 1893 haereticorum

188 1928 682 1999 explanationem,
714 1930 811 1985 sed
851 1929 1399 2001 corruptionem,aut
1432 1929 1797 1985 contrarieta-

209 2029 330 2073 tem
377 2019 500 2074 ﬁdei
535 2030 813 2090 operatur.
845 2019 1001 2088 Quod
1037 2019 1082 2075 si
1119 2019 1298 2075 omnis
1331 2019 1567 2091 adjectio
1603 2018 1800 2072 verbo-

209 2127 346 2165 rum
380 2111 665 2167 catbolicaa
696 2111 820 2166 ﬁdei
845 2112 1007 2167 noxia
1039 2111 1304 2177 creditur,
1330 2127 1430 2166 cur
1452 2111 1512 2166 Β.
1536 2108 1795 2181 Cyrillus,

205 2206 286 2263 ad
326 2206 719 2261 destruendam
753 2207 987 2262 Nestorii
1023 2206 1244 2279 impiam
1283 2206 1798 2276 interpretationem

207 2297 395 2351 sancti
446 2295 711 2367 Symboli,
744 2297 797 2352 in
831 2298 1066 2358 concilio
1110 2297 1410 2369 Ephesino,
1443 2307 1551 2351 tam
1598 2286 1799 2351 multas

205 2396 534 2442 sanctorum
581 2389 801 2443 Patrum
854 2391 1159 2445 sententias
1205 2388 1531 2459 proferens,
1581 2386 1798 2442 nullum

190 2480 663 2550 reprehensionis
693 2482 919 2552 dignum
959 2482 1208 2552 recipere
1237 2490 1593 2551 augmentum
1620 2478 1799 2534 credi—

208 2573 345 2626 tur?
376 2573 532 2640 Quod
568 2574 613 2628 si
656 2574 780 2629 ideo
808 2583 1166 2645 augmentum
1200 2574 1585 2644 rccipere~non
1617 2572 1799 2626 credi-

210 2670 333 2725 tur,
356 2662 484 2731 quia
506 2678 619 2717 non
659 2665 780 2733 ipso
809 2665 982 2718 sancti
998 2663 1253 2735 'Symboli
1289 2663 1619 2717 mathematc
1640 2652 1799 2732 ‘ipsas

205 2761 538 2809 sanctorum
576 2755 802 2809 Patrum
832 2756 1137 2810 sententias
1169 2754 1431 2823 inseruit,
1463 2753 1560 2809 sed
1585 2769 1679 2808 eas
1705 2769 1799 2809 cx-

198 2845 493 2903 4rinsccus
518 2846 807 2915 proferens
834 2847 1273 2901 sincerissimum
1305 2861 1528 2901 sensum
1549 2844 1797 2915 ejusdem

200 2936 393 2993 sancti
418 2934 660 3007 Symboli
691 2935 935 2993 reddidit
980 2936 1333 2992 manifestum
1361 2953 1375 2989 :
1401 2951 1556 3005 aeque
1583 2949 1715 3005 ergo
1741 2942 1798 2991 et

195 3023 288 3078 de
322 3032 507 3079 nostra
536 3026 807 3095 parvitate
846 3025 1113 3082 convenit
1138 3025 1417 3097 judicare,
1447 3025 1542 3094 qui
1584 3039 1696 3079 non
1738 3023 1796 3079 in

1898 1916 2194 1975 fallaciam.
2225 1921 2399 1984 Nemo
2422 1923 2580 1983 enim
2628 1933 2780 1979 recte
2820 1925 3260 1995 reprehendatur
3308 1938 3492 1982 retra-

1899 2020 2051 2067 ctare
2074 2014 2366 2084 synodum,
2394 2016 2503 2070 nisi
2534 2016 2629 2086 qui
2661 2016 2729 2070 de
2760 2017 2933 2086 ipsius
2965 2017 3487 2088 statutisjudicans,

1901 2118 2009 2159 non
2048 2119 2149 2173 pro
2197 2105 2314 2175 ipsa
2365 2106 2461 2162 sed
2498 2117 2703 2162 contra
2754 2108 2929 2178 ipsam
2968 2109 3190 2164 Patrum
3232 2110 3491 2181 proferre

1900 2200 2077 2246 tentat
2109 2194 2438 2257 sententias,
2485 2195 2631 2251 sicut
2664 2197 2911 2252 haeretici
2957 2197 3186 2253 faciunt.
3232 2199 3336 2266 Qui
3386 2216 3489 2255 au-

1902 2293 2011 2345 tem
2042 2299 2153 2341 non
2183 2294 2376 2340 contra
2411 2285 2607 2356 ipsam,
2652 2289 2749 2344 sed
2782 2304 2884 2358 pro
2917 2290 3056 2359 ipsa,
3090 2290 3313 2344 Patrum
3346 2307 3488 2346 scn-

1902 2376 2104 2430 tcntias
2131 2377 2442 2446 proferunt,
2480 2378 2803 2434 defensores
2834 2390 2985 2446 sunt,
3020 2398 3130 2436 non
3164 2391 3491 2439 retractato-

1903 2480 1994 2521 res
2036 2469 2282 2523 concilii.
2335 2470 2565 2526 Frustra
2611 2487 2747 2542 ergo
2796 2472 3025 2527 omnino
3068 2490 3171 2529 nos
3216 2476 3488 2546 synodum

1901 2568 2204 2615 retractare
2230 2570 2503 2631 arguunt,
2531 2578 2670 2633 quos
2700 2563 2896 2618 vident
2920 2580 3029 2619 non
3066 2573 3257 2620 contra
3287 2566 3484 2636 ipsam,

1901 2648 1997 2703 sed
2028 2665 2125 2719 pro
2148 2650 2265 2720 ipsa
2292 2652 2518 2707 Patrum
2542 2652 2791 2723 proferre
2814 2655 3140 2710 sententias.
3157 2655 3297 2723 Quia
3319 2672 3490 2729 syno-

1900 2739 2006 2794 dus
2030 2741 2260 2797 alteram
2280 2741 2444 2797 ﬁdem
2464 2751 2560 2798 aut
2584 2743 2922 2800 mathemata
2939 2754 3141 2815 praeter
3160 2758 3485 2806 sanctorum

1894 2833 2127 2888 Patrum
2152 2835 2372 2890 tradere
2395 2834 2484 2890 his
2500 2836 2605 2905 qui
2629 2836 2698 2891 ad
2746 2837 3074 2893 catholicam
3102 2838 3264 2897 ﬁdem
3276 2840 3488 2897 confu-

1895 2925 2079 2995 giunt,
2126 2925 2456 2994 prohibuit:
2490 2942 2600 2985 non
2645 2935 2829 2982 autem
2864 2928 3256 2985 haereticorum
3298 2931 3488 3000 pravi.

1902 3016 2023 3081 tati,
2066 3026 2165 3071 aut
2211 3017 2293 3071 eis
2325 3018 2420 3087 qui
2453 3033 2681 3074 sensum
2716 3020 2851 3090 pejus
2886 3020 3206 3075 anoliuntur
3235 3037 3489 3077 corrum-

198 3116 339 3184 :ipst)
382 3118 617 3172 termino
666 3118 998 3175 venerabilis
1052 3118 1519 3175 Chalcedonensis
1575 3118 1795 3175 concilii
1825 3142 1867 3201 ο
1900 3122 2054 3176 pere,
2085 3108 2514 3164 rationabilibus
2537 3108 2885 3173 documentis
2909 3111 3488 3170 velitobviare.:Unde

198 3207 516 3264 inserimus
554 3212 783 3267 pan-um
814 3212 1140 3278 “manu”,
1188 3212 1285 3267 sed
1328 3212 1413 3267 eis
1450 3213 1798 3267 ειινίηςεωε
1898 3201 2242 3269 superfluum
2285 3210 2371 3256 est
2403 3202 2571 3259 etiam
2601 3201 2737 3256 illud
2773 3203 2921 3273 quod
2967 3203 3132 3260 nobis
3177 3205 3485 3277 obiicitur;

210 3302 413 3356 contra
451 3301 707 3358 inimicos
749 3318 850 3373 pro
882 3302 1057 3372 ipsius
1094 3303 1414 3360 defensione
1442 3303 1795 3375 proferimus.

196 3390 315 3446 ‘Sic
340 3391 582 3463 denique
623 3394 685 3449 B.
736 3410 877 3465 papa
909 3394 1024 3450 Leo
1065 3396 1231 3455 etiam
1265 3403 1390 3466 post
1418 3395 1798 3459 defensionem

211 3485 727 3555 ejusdemeoncilii
756 3495 1000 3553 coactus,
1033 3487 1393 3553 diversorum,
1408 3488 1641 3543 Patrum
1678 3502 1801 3542 sen-

194 3577 430 3637 tentiis.
474 3594 576 3648 per
611 3579 703 3633 illa
747 3594 870 3649 qua:
903 3579 1164 3635 dicuntur
1201 3580 1483 3652 Encyclia,
1520 3579 1802 3635 contradi—

190 3669 463 3725 ~centium
503 3685 600 3726 ora
629 3671 937 3737 obstruere,
984 3679 1059 3747 et,
1085 3686 1382 3741 pravorum
1420 3686 1602 3727 novas
1634 3670 1802 3726 .adin.

194 3761 510 3817 wentiones
538 3770 704 3832 atque
726 3761 1030 3818 calumnias
1052 3761 1340 3832 dissipare.
1368 3760 1615 3829 Quorum
1632 3762 1800 3817 etiam

208 3864 328 3905 nos
368 3851 615 3921 exempla
659 3859 978 3922 sequentes,
1022 3852 1108 3907 his
1150 3850 1247 3921 qui
1277 3866 1522 3906 errorem
1558 3852 1803 3922 propria:

217 3942 520 4012 impietatis
545 3958 613 3998 ex
654 3944 981 3999 auctoritate
1008 3944 1202 4016 synodi
1239 3942 1579 3999 conﬁrmare
1610 3943 1805 3997 nitun-

202 4043 333 4100 .tur,
368 4044 427 4091 et
467 4036 634 4090 verba
680 4035 1013 4106 simpliciter
1054 4047 1220 4107 atque
1262 4036 1477 4108 integre
1513 4052 1555 4091 Δ
1598 4035 1804 4091 sanctis

214 4124 483 4181 Patr-ibus
501 4125 670 4187 edita,
696 4124 764 4181 ad
792 4140 945 4180 suam
974 4125 1302 4194 pravitatem
1330 4132 1606 4180 conantur
1626 4130 1802 4177 retor—

196 4232 414 4287 quere,
450 4217 720 4286 compulsi
761 4231 953 4271 sumus
972 4224 1295 4271 sanctorum
1320 4214 1565 4270 virorum
1596 4212 1803 4282 proba-

210 4306 671 4377 tissimorumque
711 4312 1000 4364 doctorum
1042 4308 1336 4363 sententiis
1374 4307 1571 4362 armati
1611 4320 1806 4361 oecur-

214 4415 367 4465 rere,
396 4408 455 4456 et
482 4400 681 4469 impias
710 4401 1054 4457 assertiones
1092 4415 1286 4456 eorum
1315 4414 1416 4470 per
1438 4399 1536 4454 Dei
1570 4397 1803 4469 gratiam

1894 3293 2036 3362 quia
2071 3293 2216 3361 quod
2259 3293 2503 3364 synodus
2540 3309 2653 3350 non
2692 3294 2852 3361 dicit,
2890 3295 3207 3352 nullatenus
3237 3298 3346 3354 diei
3385 3298 3487 3354 de-

1901 3383 2056 3439 bere.
2087 3384 2223 3451 Quia
2258 3387 2430 3442 multa
2454 3396 2584 3441 sunt
2613 3402 2733 3457 quae
2762 3402 2875 3443 non
2894 3387 3167 3443 dicuntur
3195 3390 3485 3461 asynodo,

1901 3492 2005 3532 nec
2034 3479 2089 3530 in
2121 3478 2231 3533 ulla
2272 3479 2547 3548 scriptura
2576 3480 2865 3545 canonica,
2893 3489 2950 3535 et
2979 3490 3161 3535 tamen
3189 3496 3315 3539 cum
3348 3482 3487 3538 ratio

1900 3569 2284 3638 postulaverit,
2327 3586 2393 3625 ea
2440 3573 2762 3629 nullatenus
2798 3572 3054 3643 proferre
3102 3574 3435 3645 ambigimus
3470 3593 3485 3629 :

1900 3658 2048 3714 sicut
2084 3668 2170 3714 est
2207 3659 2470 3725 Trinitas,
2506 3671 2611 3717 aut
2639 3677 2765 3717 cum
2798 3663 2867 3717 de
2892 3663 3054 3718 Patre
3087 3664 3326 3721 dicimus
3356 3667 3487 3737 quia

1902 3751 2184 3821 ingenitus
2205 3760 2311 3818 est,
2337 3761 2394 3808 et
2413 3753 2520 3808 alia
2549 3753 2728 3823 plura.
2758 3755 2873 3810 Nec
2896 3756 3044 3811 enim
3078 3756 3134 3813 in
3161 3756 3328 3815 rebus
3352 3774 3489 3815 con.

1896 3842 2258 3905 siderandum
2301 3853 2387 3901 est
2438 3844 2606 3915 (sicut
2647 3846 2786 3903 dicit
2821 3846 3176 3904 beatissimus
3219 3848 3487 3921 Augusti-

1894 3932 2030 4005 nus)
2065 3934 2198 4005 quid
2215 3934 2311 3990 'vel
2342 3936 2493 3995 sinat
2522 3936 2610 3991 vel
2640 3952 2751 3995 non
2781 3937 2928 3995 sinat
2954 3938 3063 3994 dici
3092 3955 3234 3997 usus
3271 3956 3489 3998 seruam

1902 4027 1992 4081 nis
2025 4027 2222 4092 nostri,
2249 4028 2346 4089 sed
2376 4028 2502 4097 quis
2530 4043 2714 4091 rerum
2749 4030 2992 4099 ipsarum
3026 4032 3342 4090 intellectus
3363 4035 3490 4089 elu-

1898 4125 2044 4175 ceat.
2090 4115 2195 4171 llis
2228 4117 2304 4172 ita
2351 4133 2409 4173 se
2440 4117 2797 4184 habentibus,
2848 4119 3156 4177 beatissimi
3204 4121 3274 4176 ad
3317 4139 3491 4193 expu-

1900 4208 2177 4279 gnandam
2212 4217 2270 4263 et
2306 4208 2663 4266 auferendam
2699 4211 2767 4266 ab
2795 4211 3042 4267 onmium
3075 4212 3275 4270 animis
3301 4218 3490 4286 suspi.

1905 4305 2146 4370 sionem,
2194 4305 2338 4363 sicut
2366 4304 2479 4375 iam
2528 4306 2784 4379 superius
2822 4305 3039 4378 praefati
3087 4322 3299 4372 sumus,
3340 4326 3491 4367 nune

1903 4398 2012 4468 jam
2064 4397 2304 4471 qualiter
2365 4397 2434 4452 de
2491 4397 2870 4457 incarnatione
2928 4408 3145 4459 tantum
3202 4400 3490 4462 Dominica

213 4493 504 4547 refutare:
550 4492 838 4547 evidenter
866 4499 1188 4563 arguentes,
1230 4506 1328 4546 eos
1361 4506 1393 4546 a
1436 4490 1542 4545 ﬁde
1583 4499 1804 4547 saneto-
1837 4480 1881 4535 D
1913 4488 2240 4554 sentiamus,
2272 4489 2388 4545 sive
2412 4489 2544 4559 quid
2575 4490 2645 4545 de
2685 4491 2859 4561 gratia
2884 4492 3005 4557 Dei,
3050 4508 3162 4548 non
3200 4510 3315 4565 qua
3335 4510 3491 4551 creu-

208 4600 345 4640 arunt
382 4585 604 4639 Patrum
637 4583 996 4654 ejusdemque
1022 4583 1244 4639 concilii
1273 4598 1395 4639 esse
1414 4582 1644 4652 penitus
1671 4580 1804 4636 alie-

208 4693 342 4733 nos.
367 4676 511 4747 Quid
540 4677 688 4732 enim
718 4686 909 4732 contra
948 4675 1217 4748 synodum
1250 4683 1319 4729 et
1351 4689 1464 4730 non
1500 4673 1674 4744 magis
1702 4688 1801 4742 pro

199 4769 433 4839 synodo
452 4779 568 4832 est,
592 4770 642 4825 si
662 4778 865 4824 contra
902 4770 1156 4825 inimicos
1177 4766 1649 4824 Chalcedonensis
1672 4780 1802 4820 con-

206 4860 334 4914 cilii
372 4860 467 4930 qui
507 4877 635 4917 eum
665 4870 857 4918 contra
899 4870 1217 4916 sanctorum
1246 4860 1472 4915 Patrum
1510 4857 1673 4913 ﬁdem
1708 4871 1802 4912 ve-

210 4951 369 5007 nisse
396 4953 823 5020 calumniantur,
864 4963 1183 5009 sanctorum
1214 4952 1463 5006 virorum
1511 4948 1626 5020 (qui
1672 4955 1800 5004 ante

216 5039 397 5108 ipsam
423 5040 481 5094 in
521 5041 770 5097 Ecclesia
803 5041 1143 5113 claruerunt)
1174 5039 1478 5097 sententias
1519 5037 1806 5108 proferen-

230 5145 306 5188 εεε
330 5148 346 5185 :
370 5131 730 5191 docuerimus
767 5133 907 5187 nihil
955 5146 1184 5195 novum,
1216 5139 1313 5186 aut
1351 5138 1667 5185 sanctorum
1708 5129 1807 5184 Pa-

228 5238 368 5278 .rum
412 5223 541 5279 ﬁdei
568 5225 906 5283 contrarium
951 5240 984 5279 a
1028 5232 1334 5279 merueram
1369 5222 1538 5277 fuisse
1568 5220 1804 5275 concilio

214 5323 486 5372 statutum
519 5317 881 5373 ?Prtesertim
930 5330 1056 5370 eum
1120 5314 1450 5384 incipientes
1502 5310 1807 5366 beatissimi

208 5405 409 5467 Patres
448 5411 545 5485 qui
586 5412 648 5473 in
710 5409 832 5481 ipsa
875 5407 1087 5482 synodo
1127 5413 1527 5472 convenerunt,
1578 5420 1804 5461 sensum

1902 4595 2057 4645 mur,
2096 4581 2199 4638 sed
2240 4596 2306 4638 ea
2336 4596 2445 4651 qua
2485 4598 2824 4649 recreemur,
2853 4585 3153 4654 sapiamus,
3173 4589 3491 4644 necessario

1904 4673 2067 4729 vobis
2084 4674 2368 4731 credimus
2386 4674 2568 4730 facere
2589 4675 2963 4732 manifestum.
2989 4676 3127 4743 Quia
3150 4680 3299 4734 nulla
3327 4680 3493 4739 nobis

1905 4778 2057 4818 nunc
2069 4762 2273 4820 deFilii
2299 4764 2392 4820 Dei
2415 4764 2723 4829 divinitate,
2747 4781 2853 4835 qua
2875 4775 3091 4823 constat
3112 4778 3168 4823 et
3192 4770 3381 4827 unitus
3407 4780 3493 4833 est

1906 4855 2055 4911 Patri
2100 4864 2158 4911 et
2203 4855 2434 4925 Spiritui
2465 4865 2678 4923 sancto,
2713 4857 2989 4915 dubietas.
3020 4859 3078 4914 Si
3105 4860 3238 4930 quid
3269 4878 3400 4933 ergo
3433 4863 3491 4918 in

1907 4947 2012 5003 hac
2033 4947 2405 5004 satisfactione
2435 4948 2561 5003 ﬁdei
2592 4959 2814 5016 nostrae,
2839 4952 3179 5008 contrarium
3204 4954 3492 5009 catholicae

1909 5038 2060 5104 ﬁdei,
2104 5047 2200 5094 aut
2244 5049 2562 5097 sanctorum
2608 5041 2833 5098 Patrum
2868 5042 3260 5100 traditionibus
3301 5053 3490 5105 vestra

1909 5128 2170 5185 sanctitas
2192 5129 2547 5199 judicavctit,
2578 5130 2855 5188 instruere
2882 5140 2940 5187 et
2971 5135 3269 5190 emendare
3296 5134 3489 5207 dignea

1912 5228 2003 5274 tur
2036 5240 2049 5274 :
2088 5222 2136 5276 si
2180 5232 2364 5277 autem
2410 5222 2833 5281 convenientem
2855 5263 2870 5292 ,
2904 5225 3128 5295 propria
3163 5225 3489 5292 auctoritate

1910 5312 2150 5370 ﬁrmare.
