  <div class='ocr_page' id='page_1' title='image "/cluster/home/n/w/nwhite01/storage/ocr_20150623/86 pars.1/pst.000005712878/047.png"; bbox 0 0 3984 6296; ppageno 0'>
   <div class='ocr_carea' id='block_1_1' title="bbox 430 1335 458 1430">
    <p class='ocr_par' dir='ltr' id='par_1_1' title="bbox 430 1335 458 1430">
     <span class='ocr_line' id='line_1_1' title="bbox 430 1335 458 1430; baseline 0 -32"><span class='ocrx_word' id='word_1_1' title='bbox 430 1335 458 1430; x_wconf 55' lang='grc' dir='ltr'><strong><em>ε</em></strong></span> 
     </span>
    </p>
   </div>
   <div class='ocr_carea' id='block_1_2' title="bbox 539 569 2612 608">
    <p class='ocr_par' dir='ltr' id='par_1_2' title="bbox 539 569 2612 608">
     <span class='ocr_line' id='line_1_2' title="bbox 539 569 2612 608; baseline 0.002 -27"><span class='ocrx_word' id='word_1_2' title='bbox 539 569 2612 608; x_wconf 72' lang='lat'><strong><em>_____________________________...__..________</em></strong></span> 
     </span>
    </p>
   </div>
   <div class='ocr_carea' id='block_1_3' title="bbox 501 354 2097 440">
    <p class='ocr_par' dir='ltr' id='par_1_3' title="bbox 501 357 2097 440">
     <span class='ocr_line' id='line_1_3' title="bbox 501 357 2097 440; baseline -0.016 0"><span class='ocrx_word' id='word_1_3' title='bbox 501 369 576 440; x_wconf 77' lang='lat'><strong>79</strong></span> <span class='ocrx_word' id='word_1_4' title='bbox 1801 357 2097 419; x_wconf 69' lang='lat' dir='ltr'><strong><em>JOANNIE</em></strong></span> 
     </span>
    </p>
   </div>
   <div class='ocr_carea' id='block_1_4' title="bbox 2201 354 3808 440">
    <p class='ocr_par' dir='ltr' id='par_1_4' title="bbox 2201 354 3808 418">
     <span class='ocr_line' id='line_1_4' title="bbox 2201 354 3808 418; baseline 0.002 -4"><span class='ocrx_word' id='word_1_5' title='bbox 2201 355 2538 417; x_wconf 73' lang='lat' dir='ltr'><strong><em>liiXENTIi</em></strong></span> <span class='ocrx_word' id='word_1_6' title='bbox 3734 354 3808 418; x_wconf 84' lang='lat'><strong><em>80</em></strong></span> 
     </span>
    </p>
   </div>
   <div class='ocr_carea' id='block_1_5' title="bbox 1863 755 2404 850">
    <p class='ocr_par' dir='ltr' id='par_1_5' title="bbox 1863 755 2404 850">
     <span class='ocr_line' id='line_1_5' title="bbox 1863 755 2404 850; baseline -0.006 -4"><span class='ocrx_word' id='word_1_7' title='bbox 1863 759 1987 846; x_wconf 85' lang='lat' dir='ltr'><strong><em>EJ</em></strong></span> <span class='ocrx_word' id='word_1_8' title='bbox 2017 755 2404 850; x_wconf 83' lang='lat' dir='ltr'><strong><em>USDEM</em></strong></span> 
     </span>
    </p>
   </div>
   <div class='ocr_carea' id='block_1_6' title="bbox 1143 999 3149 1133">
    <p class='ocr_par' dir='ltr' id='par_1_6' title="bbox 1143 999 3149 1133">
     <span class='ocr_line' id='line_1_6' title="bbox 1143 999 3149 1133; baseline -0.002 -4"><span class='ocrx_word' id='word_1_9' title='bbox 1143 1005 1344 1129; x_wconf 89' lang='lat' dir='ltr'><strong>DE</strong></span> <span class='ocrx_word' id='word_1_10' title='bbox 1446 1001 2141 1133; x_wconf 83' lang='lat' dir='ltr'><strong><em>CHRISTO</em></strong></span> <span class='ocrx_word' id='word_1_11' title='bbox 2239 999 3149 1131; x_wconf 80' lang='lat' dir='ltr'><strong><em>PROFESSIO.</em></strong></span> 
     </span>
    </p>
   </div>
   <div class='ocr_carea' id='block_1_7' title="bbox 577 1395 3809 1473">
    <p class='ocr_par' dir='ltr' id='par_1_7' title="bbox 577 1395 3809 1473">
     <span class='ocr_line' id='line_1_7' title="bbox 577 1395 3809 1473; baseline -0 -10"><span class='ocrx_word' id='word_1_12' title='bbox 577 1408 736 1463; x_wconf 83' lang='lat' dir='ltr'><strong><em>Totus</em></strong></span> <span class='ocrx_word' id='word_1_13' title='bbox 783 1414 860 1459; x_wconf 89' lang='lat' dir='ltr'><strong><em>est</em></strong></span> <span class='ocrx_word' id='word_1_14' title='bbox 894 1403 1194 1458; x_wconf 69' lang='lat' dir='ltr'><strong><em>Maxentius</em></strong></span> <span class='ocrx_word' id='word_1_15' title='bbox 1237 1405 1290 1456; x_wconf 87' lang='lat' dir='ltr'><strong><em>in</em></strong></span> <span class='ocrx_word' id='word_1_16' title='bbox 1327 1403 1424 1456; x_wconf 89' lang='lat' dir='ltr'><strong><em>hac</em></strong></span> <span class='ocrx_word' id='word_1_17' title='bbox 1448 1415 1558 1456; x_wconf 68' lang='lat' dir='ltr'><strong><em>sua:</em></strong></span> <span class='ocrx_word' id='word_1_18' title='bbox 1589 1398 1716 1469; x_wconf 84' lang='lat' dir='ltr'><strong><em>ﬁdei</em></strong></span> <span class='ocrx_word' id='word_1_19' title='bbox 1745 1395 2098 1468; x_wconf 78' lang='lat' dir='ltr'><strong><em>Professione,</em></strong></span> <span class='ocrx_word' id='word_1_20' title='bbox 2132 1407 2180 1452; x_wconf 82' lang='lat' dir='ltr'><strong><em>et</em></strong></span> <span class='ocrx_word' id='word_1_21' title='bbox 2210 1399 2265 1452; x_wconf 86' lang='lat' dir='ltr'><strong><em>in</em></strong></span> <span class='ocrx_word' id='word_1_22' title='bbox 2311 1397 2434 1453; x_wconf 90' lang='lat' dir='ltr'><strong><em>aliis</em></strong></span> <span class='ocrx_word' id='word_1_23' title='bbox 2475 1400 2717 1470; x_wconf 76' lang='lat' dir='ltr'><strong><em>operibus</em></strong></span> <span class='ocrx_word' id='word_1_24' title='bbox 2751 1401 2884 1466; x_wconf 90' lang='lat' dir='ltr'><strong><em>suis,</em></strong></span> <span class='ocrx_word' id='word_1_25' title='bbox 2915 1415 3035 1472; x_wconf 65' lang='lat' dir='ltr'><strong><em>quer</em></strong></span> <span class='ocrx_word' id='word_1_26' title='bbox 3058 1403 3178 1458; x_wconf 87' lang='lat' dir='ltr'><strong><em>huic</em></strong></span> <span class='ocrx_word' id='word_1_27' title='bbox 3208 1414 3346 1459; x_wconf 82' lang='lat' dir='ltr'><strong><em>tome</em></strong></span> <span class='ocrx_word' id='word_1_28' title='bbox 3381 1407 3716 1473; x_wconf 86' lang='lat' dir='ltr'><strong><em>inseruntur,</em></strong></span> <span class='ocrx_word' id='word_1_29' title='bbox 3744 1418 3809 1464; x_wconf 82' lang='lat' dir='ltr'><strong><em>ut</em></strong></span> 
     </span>
    </p>
   </div>
   <div class='ocr_carea' id='block_1_8' title="bbox 508 1491 3810 1575">
    <p class='ocr_par' dir='ltr' id='par_1_8' title="bbox 508 1491 3810 1575">
     <span class='ocr_line' id='line_1_8' title="bbox 508 1491 3810 1575; baseline 0 -18"><span class='ocrx_word' id='word_1_30' title='bbox 508 1512 724 1575; x_wconf 79' lang='lat' dir='ltr'><strong><em>propter</em></strong></span> <span class='ocrx_word' id='word_1_31' title='bbox 751 1500 1127 1571; x_wconf 75' lang='lat' dir='ltr'><strong><em>professionem</em></strong></span> <span class='ocrx_word' id='word_1_32' title='bbox 1154 1504 1202 1550; x_wconf 90' lang='lat' dir='ltr'><strong><em>et</em></strong></span> <span class='ocrx_word' id='word_1_33' title='bbox 1231 1494 1663 1566; x_wconf 74' lang='lat' dir='ltr'><strong><em>approbationem</em></strong></span> <span class='ocrx_word' id='word_1_34' title='bbox 1692 1494 1816 1564; x_wconf 84' lang='lat' dir='ltr'><strong><em>fidei</em></strong></span> <span class='ocrx_word' id='word_1_35' title='bbox 1845 1493 2052 1547; x_wconf 77' lang='lat' dir='ltr'><strong><em>concilii</em></strong></span> <span class='ocrx_word' id='word_1_36' title='bbox 2085 1491 2521 1548; x_wconf 74' lang='lat' dir='ltr'><strong><em>Chalcedonensis</em></strong></span> <span class='ocrx_word' id='word_1_37' title='bbox 2561 1502 2746 1548; x_wconf 88' lang='lat' dir='ltr'><strong><em>contra</em></strong></span> <span class='ocrx_word' id='word_1_38' title='bbox 2778 1493 3126 1550; x_wconf 82' lang='lat' dir='ltr'><strong><em>Nestorianos</em></strong></span> <span class='ocrx_word' id='word_1_39' title='bbox 3161 1507 3208 1550; x_wconf 88' lang='lat' dir='ltr'><strong><em>et</em></strong></span> <span class='ocrx_word' id='word_1_40' title='bbox 3239 1496 3598 1568; x_wconf 78' lang='lat' dir='ltr'><strong><em>Eutychianos</em></strong></span> <span class='ocrx_word' id='word_1_41' title='bbox 3626 1504 3810 1558; x_wconf 88' lang='lat' dir='ltr'><strong><em>stabi-</em></strong></span> 
     </span>
    </p>
   </div>
   <div class='ocr_carea' id='block_1_9' title="bbox 513 1587 3810 1665">
    <p class='ocr_par' dir='ltr' id='par_1_9' title="bbox 513 1587 3810 1665">
     <span class='ocr_line' id='line_1_9' title="bbox 513 1587 3810 1665; baseline 0.001 -15"><span class='ocrx_word' id='word_1_42' title='bbox 513 1597 702 1650; x_wconf 86' lang='lat' dir='ltr'><strong><em>liretur</em></strong></span> <span class='ocrx_word' id='word_1_43' title='bbox 731 1596 839 1650; x_wconf 68' lang='lat' dir='ltr'><strong><em>haec</em></strong></span> <span class='ocrx_word' id='word_1_44' title='bbox 865 1592 1151 1665; x_wconf 76' lang='lat' dir='ltr'><strong><em>pfopositio</em></strong></span> <span class='ocrx_word' id='word_1_45' title='bbox 1179 1604 1197 1645; x_wconf 91' lang='lat'><strong><em>:</em></strong></span> <span class='ocrx_word' id='word_1_46' title='bbox 1228 1589 1464 1646; x_wconf 74' lang='lat' dir='ltr'><strong><em>Christus</em></strong></span> <span class='ocrx_word' id='word_1_47' title='bbox 1500 1607 1638 1644; x_wconf 87' lang='lat' dir='ltr'><strong><em>unus</em></strong></span> <span class='ocrx_word' id='word_1_48' title='bbox 1667 1590 1732 1644; x_wconf 90' lang='lat' dir='ltr'><strong><em>de</em></strong></span> <span class='ocrx_word' id='word_1_49' title='bbox 1757 1589 2016 1645; x_wconf 82' lang='lat' dir='ltr'><strong><em>Trinitate</em></strong></span> <span class='ocrx_word' id='word_1_50' title='bbox 2041 1605 2226 1660; x_wconf 89' lang='lat' dir='ltr'><strong><em>passus</em></strong></span> <span class='ocrx_word' id='word_1_51' title='bbox 2250 1587 2332 1642; x_wconf 82' lang='lat' dir='ltr'><strong><em>vel</em></strong></span> <span class='ocrx_word' id='word_1_52' title='bbox 2363 1587 2644 1658; x_wconf 78' lang='lat' dir='ltr'><strong><em>cruciﬁxus</em></strong></span> <span class='ocrx_word' id='word_1_53' title='bbox 2667 1596 2766 1657; x_wconf 85' lang='lat' dir='ltr'><strong><em>est,</em></strong></span> <span class='ocrx_word' id='word_1_54' title='bbox 2791 1605 2910 1661; x_wconf 73' lang='lat' dir='ltr'><strong><em>qua:</em></strong></span> <span class='ocrx_word' id='word_1_55' title='bbox 2938 1590 3056 1645; x_wconf 87' lang='lat' dir='ltr'><strong><em>licet</em></strong></span> <span class='ocrx_word' id='word_1_56' title='bbox 3088 1591 3152 1645; x_wconf 89' lang='lat' dir='ltr'><strong><em>de</em></strong></span> <span class='ocrx_word' id='word_1_57' title='bbox 3173 1608 3230 1646; x_wconf 88' lang='lat' dir='ltr'><strong><em>se</em></strong></span> <span class='ocrx_word' id='word_1_58' title='bbox 3258 1593 3496 1665; x_wconf 79' lang='lat' dir='ltr'><strong><em>alioquin</em></strong></span> <span class='ocrx_word' id='word_1_59' title='bbox 3528 1613 3724 1653; x_wconf 87' lang='lat' dir='ltr'><strong><em>sanum</em></strong></span> <span class='ocrx_word' id='word_1_60' title='bbox 3755 1609 3810 1654; x_wconf 84' lang='lat' dir='ltr'><strong><em>et</em></strong></span> 
     </span>
    </p>
   </div>
   <div class='ocr_carea' id='block_1_10' title="bbox 513 1683 3810 1759">
    <p class='ocr_par' dir='ltr' id='par_1_10' title="bbox 513 1683 3810 1759">
     <span class='ocr_line' id='line_1_10' title="bbox 513 1683 3810 1759; baseline 0 -13"><span class='ocrx_word' id='word_1_61' title='bbox 513 1691 828 1746; x_wconf 87' lang='lat' dir='ltr'><strong><em>catholicum</em></strong></span> <span class='ocrx_word' id='word_1_62' title='bbox 853 1705 1064 1744; x_wconf 85' lang='lat' dir='ltr'><strong><em>sensum</em></strong></span> <span class='ocrx_word' id='word_1_63' title='bbox 1099 1688 1238 1758; x_wconf 80' lang='lat' dir='ltr'><strong><em>ferre</em></strong></span> <span class='ocrx_word' id='word_1_64' title='bbox 1260 1687 1446 1758; x_wconf 89' lang='lat' dir='ltr'><strong><em>possit,</em></strong></span> <span class='ocrx_word' id='word_1_65' title='bbox 1478 1694 1655 1741; x_wconf 85' lang='lat' dir='ltr'><strong><em>tamen</em></strong></span> <span class='ocrx_word' id='word_1_66' title='bbox 1682 1685 1842 1757; x_wconf 87' lang='lat' dir='ltr'><strong><em>legati</em></strong></span> <span class='ocrx_word' id='word_1_67' title='bbox 1871 1683 1929 1740; x_wconf 89' lang='lat' dir='ltr'><strong><em>S.</em></strong></span> <span class='ocrx_word' id='word_1_68' title='bbox 1957 1684 2255 1740; x_wconf 69' lang='lat' dir='ltr'><strong><em>Hormisdte</em></strong></span> <span class='ocrx_word' id='word_1_69' title='bbox 2289 1699 2442 1754; x_wconf 71' lang='lat' dir='ltr'><strong><em>papa:</em></strong></span> <span class='ocrx_word' id='word_1_70' title='bbox 2472 1685 2616 1755; x_wconf 90' lang='lat' dir='ltr'><strong><em>apud</em></strong></span> <span class='ocrx_word' id='word_1_71' title='bbox 2641 1683 3156 1756; x_wconf 84' lang='lat' dir='ltr'><strong><em>Constantinopolim</em></strong></span> <span class='ocrx_word' id='word_1_72' title='bbox 3180 1687 3290 1759; x_wconf 85' lang='lat' dir='ltr'><strong><em>ipse</em></strong></span> <span class='ocrx_word' id='word_1_73' title='bbox 3313 1686 3370 1742; x_wconf 92' lang='lat' dir='ltr'><strong><em>S.</em></strong></span> <span class='ocrx_word' id='word_1_74' title='bbox 3402 1689 3723 1746; x_wconf 83' lang='lat' dir='ltr'><strong><em>Hormisdas</em></strong></span> <span class='ocrx_word' id='word_1_75' title='bbox 3755 1702 3810 1748; x_wconf 77' lang='lat' dir='ltr'><strong><em>et</em></strong></span> 
     </span>
    </p>
   </div>
   <div class='ocr_carea' id='block_1_11' title="bbox 509 1775 3810 1854">
    <p class='ocr_par' dir='ltr' id='par_1_11' title="bbox 509 1775 3810 1854">
     <span class='ocr_line' id='line_1_11' title="bbox 509 1775 3810 1854; baseline 0.001 -20"><span class='ocrx_word' id='word_1_76' title='bbox 509 1781 732 1854; x_wconf 77' lang='lat' dir='ltr'><strong><em>plurimi</em></strong></span> <span class='ocrx_word' id='word_1_77' title='bbox 758 1780 854 1835; x_wconf 90' lang='lat' dir='ltr'><strong><em>alii</em></strong></span> <span class='ocrx_word' id='word_1_78' title='bbox 878 1780 1050 1835; x_wconf 88' lang='lat' dir='ltr'><strong><em>sancti</em></strong></span> <span class='ocrx_word' id='word_1_79' title='bbox 1077 1787 1126 1833; x_wconf 90' lang='lat' dir='ltr'><strong><em>et</em></strong></span> <span class='ocrx_word' id='word_1_80' title='bbox 1157 1777 1436 1832; x_wconf 74' lang='lat' dir='ltr'><strong><em>orthodoxi&quot;</em></strong></span> <span class='ocrx_word' id='word_1_81' title='bbox 1463 1779 1564 1833; x_wconf 83' lang='lat' dir='ltr'><strong><em>viri</em></strong></span> <span class='ocrx_word' id='word_1_82' title='bbox 1593 1777 1833 1832; x_wconf 87' lang='lat' dir='ltr'><strong><em>eamdem</em></strong></span> <span class='ocrx_word' id='word_1_83' title='bbox 1861 1779 2193 1831; x_wconf 79' lang='lat' dir='ltr'><strong><em>vehementer</em></strong></span> <span class='ocrx_word' id='word_1_84' title='bbox 2217 1775 2587 1846; x_wconf 85' lang='lat' dir='ltr'><strong><em>improbabant</em></strong></span> <span class='ocrx_word' id='word_1_85' title='bbox 2616 1785 2663 1830; x_wconf 88' lang='lat' dir='ltr'><strong><em>et</em></strong></span> <span class='ocrx_word' id='word_1_86' title='bbox 2695 1785 2952 1848; x_wconf 84' lang='lat' dir='ltr'><strong><em>tanquam</em></strong></span> <span class='ocrx_word' id='word_1_87' title='bbox 2971 1794 3164 1833; x_wconf 85' lang='lat' dir='ltr'><strong><em>nouom</em></strong></span> <span class='ocrx_word' id='word_1_88' title='bbox 3194 1787 3245 1833; x_wconf 83' lang='lat' dir='ltr'><strong><em>et</em></strong></span> <span class='ocrx_word' id='word_1_89' title='bbox 3273 1779 3577 1834; x_wconf 70' lang='lat' dir='ltr'><strong><em>(«creticum</em></strong></span> <span class='ocrx_word' id='word_1_90' title='bbox 3609 1783 3810 1853; x_wconf 70' lang='lat' dir='ltr'><strong><em>explo-</em></strong></span> 
     </span>
    </p>
   </div>
   <div class='ocr_carea' id='block_1_12' title="bbox 503 1869 3808 1956">
    <p class='ocr_par' dir='ltr' id='par_1_12' title="bbox 503 1869 3808 1956">
     <span class='ocr_line' id='line_1_12' title="bbox 503 1869 3808 1956; baseline -0 -24"><span class='ocrx_word' id='word_1_91' title='bbox 503 1878 727 1942; x_wconf 81' lang='lat' dir='ltr'><strong><em>debant,</em></strong></span> <span class='ocrx_word' id='word_1_92' title='bbox 764 1877 901 1948; x_wconf 88' lang='lat' dir='ltr'><strong><em>quod</em></strong></span> <span class='ocrx_word' id='word_1_93' title='bbox 931 1878 987 1930; x_wconf 89' lang='lat' dir='ltr'><strong><em>in</em></strong></span> <span class='ocrx_word' id='word_1_94' title='bbox 1015 1891 1077 1930; x_wconf 90' lang='lat' dir='ltr'><strong><em>ea</em></strong></span> <span class='ocrx_word' id='word_1_95' title='bbox 1105 1875 1200 1929; x_wconf 86' lang='lat' dir='ltr'><strong><em>sub</em></strong></span> <span class='ocrx_word' id='word_1_96' title='bbox 1231 1872 1386 1928; x_wconf 90' lang='lat' dir='ltr'><strong><em>melle</em></strong></span> <span class='ocrx_word' id='word_1_97' title='bbox 1412 1889 1672 1928; x_wconf 81' lang='lat' dir='ltr'><strong><em>venenum</em></strong></span> <span class='ocrx_word' id='word_1_98' title='bbox 1696 1871 2093 1944; x_wconf 79' lang='lat' dir='ltr'><strong><em>Eutychianum</em></strong></span> <span class='ocrx_word' id='word_1_99' title='bbox 2127 1869 2506 1925; x_wconf 83' lang='lat' dir='ltr'><strong><em>occultaretur.</em></strong></span> <span class='ocrx_word' id='word_1_100' title='bbox 2533 1869 2737 1926; x_wconf 89' lang='lat' dir='ltr'><strong><em>Causas</em></strong></span> <span class='ocrx_word' id='word_1_101' title='bbox 2771 1887 2866 1926; x_wconf 89' lang='lat' dir='ltr'><strong><em>cur</em></strong></span> <span class='ocrx_word' id='word_1_102' title='bbox 2893 1887 3012 1926; x_wconf 88' lang='lat' dir='ltr'><strong><em>eam</em></strong></span> <span class='ocrx_word' id='word_1_103' title='bbox 3043 1873 3250 1956; x_wconf 79' lang='lat' dir='ltr'><strong><em>merito_</em></strong></span> <span class='ocrx_word' id='word_1_104' title='bbox 3270 1875 3613 1944; x_wconf 83' lang='lat' dir='ltr'><strong><em>repudiarent</em></strong></span> <span class='ocrx_word' id='word_1_105' title='bbox 3647 1879 3808 1932; x_wconf 71' lang='lat' dir='ltr'><strong><em>exhi-</em></strong></span> 
     </span>
    </p>
   </div>
   <div class='ocr_carea' id='block_1_13' title="bbox 513 1963 3810 2038">
    <p class='ocr_par' dir='ltr' id='par_1_13' title="bbox 513 1963 3810 2038">
     <span class='ocr_line' id='line_1_13' title="bbox 513 1963 3810 2038; baseline -0 -14"><span class='ocrx_word' id='word_1_106' title='bbox 513 1971 632 2024; x_wconf 84' lang='lat' dir='ltr'><strong><em>bent</em></strong></span> <span class='ocrx_word' id='word_1_107' title='bbox 677 1977 780 2023; x_wconf 90' lang='lat' dir='ltr'><strong><em>tres</em></strong></span> <span class='ocrx_word' id='word_1_108' title='bbox 829 1970 968 2022; x_wconf 86' lang='lat' dir='ltr'><strong><em>inter</em></strong></span> <span class='ocrx_word' id='word_1_109' title='bbox 1009 1967 1148 2022; x_wconf 89' lang='lat' dir='ltr'><strong><em>alias</em></strong></span> <span class='ocrx_word' id='word_1_110' title='bbox 1177 1965 1482 2022; x_wconf 84' lang='lat' dir='ltr'><strong><em>Ferrandus</em></strong></span> <span class='ocrx_word' id='word_1_111' title='bbox 1513 1964 1949 2038; x_wconf 85' lang='lat' dir='ltr'><strong><em>Carthaginensis</em></strong></span> <span class='ocrx_word' id='word_1_112' title='bbox 1992 1964 2268 2029; x_wconf 85' lang='lat' dir='ltr'><strong><em>diaconus,</em></strong></span> <span class='ocrx_word' id='word_1_113' title='bbox 2303 1963 2518 2018; x_wconf 88' lang='lat' dir='ltr'><strong><em>celebris</em></strong></span> <span class='ocrx_word' id='word_1_114' title='bbox 2559 1964 2674 2034; x_wconf 82' lang='lat' dir='ltr'><strong><em>eius</em></strong></span> <span class='ocrx_word' id='word_1_115' title='bbox 2725 1965 2973 2033; x_wconf 86' lang='lat' dir='ltr'><strong><em>temporis</em></strong></span> <span class='ocrx_word' id='word_1_116' title='bbox 2994 1966 3241 2036; x_wconf 87' lang='lat' dir='ltr'><strong><em>scriptor,</em></strong></span> <span class='ocrx_word' id='word_1_117' title='bbox 3277 1965 3455 2036; x_wconf 88' lang='lat' dir='ltr'><strong><em>Epist.</em></strong></span> <span class='ocrx_word' id='word_1_118' title='bbox 3487 1967 3554 2021; x_wconf 86' lang='lat' dir='ltr'><strong><em>ad</em></strong></span> <span class='ocrx_word' id='word_1_119' title='bbox 3585 1968 3810 2023; x_wconf 81' lang='lat' dir='ltr'><strong><em>Anato-</em></strong></span> 
     </span>
    </p>
   </div>
   <div class='ocr_carea' id='block_1_14' title="bbox 505 2059 3808 2131">
    <p class='ocr_par' dir='ltr' id='par_1_14' title="bbox 505 2059 3808 2131">
     <span class='ocr_line' id='line_1_14' title="bbox 505 2059 3808 2131; baseline 0 -12"><span class='ocrx_word' id='word_1_120' title='bbox 505 2065 644 2120; x_wconf 83' lang='lat' dir='ltr'><strong><em>lium</em></strong></span> <span class='ocrx_word' id='word_1_121' title='bbox 695 2065 925 2119; x_wconf 76' lang='lat' dir='ltr'><strong><em>Roman.</em></strong></span> <span class='ocrx_word' id='word_1_122' title='bbox 962 2062 1114 2118; x_wconf 88' lang='lat' dir='ltr'><strong><em>Eccl.</em></strong></span> <span class='ocrx_word' id='word_1_123' title='bbox 1148 2063 1464 2120; x_wconf 85' lang='lat' dir='ltr'><strong><em>diaconum.</em></strong></span> <span class='ocrx_word' id='word_1_124' title='bbox 1508 2061 1695 2116; x_wconf 89' lang='lat' dir='ltr'><strong><em>Prima</em></strong></span> <span class='ocrx_word' id='word_1_125' title='bbox 1742 2070 1880 2128; x_wconf 89' lang='lat' dir='ltr'><strong><em>erat,</em></strong></span> <span class='ocrx_word' id='word_1_126' title='bbox 1925 2077 1990 2114; x_wconf 90' lang='lat' dir='ltr'><strong><em>ne</em></strong></span> <span class='ocrx_word' id='word_1_127' title='bbox 2038 2059 2256 2114; x_wconf 86' lang='lat' dir='ltr'><strong><em>dicendo</em></strong></span> <span class='ocrx_word' id='word_1_128' title='bbox 2301 2077 2438 2114; x_wconf 87' lang='lat' dir='ltr'><strong><em>unus</em></strong></span> <span class='ocrx_word' id='word_1_129' title='bbox 2468 2059 2532 2113; x_wconf 90' lang='lat' dir='ltr'><strong><em>de</em></strong></span> <span class='ocrx_word' id='word_1_130' title='bbox 2562 2059 2842 2125; x_wconf 85' lang='lat' dir='ltr'><strong><em>Trinitate,</em></strong></span> <span class='ocrx_word' id='word_1_131' title='bbox 2875 2067 3158 2131; x_wconf 89' lang='lat' dir='ltr'><strong><em>putaretur</em></strong></span> <span class='ocrx_word' id='word_1_132' title='bbox 3188 2061 3337 2116; x_wconf 88' lang='lat' dir='ltr'><strong><em>aliud</em></strong></span> <span class='ocrx_word' id='word_1_133' title='bbox 3379 2079 3488 2116; x_wconf 83' lang='lat' dir='ltr'><strong><em>esse</em></strong></span> <span class='ocrx_word' id='word_1_134' title='bbox 3526 2080 3715 2130; x_wconf 86' lang='lat' dir='ltr'><strong><em>unum,</em></strong></span> <span class='ocrx_word' id='word_1_135' title='bbox 3752 2075 3808 2119; x_wconf 82' lang='lat' dir='ltr'><strong><em>et</em></strong></span> 
     </span>
    </p>
   </div>
   <div class='ocr_carea' id='block_1_15' title="bbox 511 2148 3807 2227">
    <p class='ocr_par' dir='ltr' id='par_1_15' title="bbox 511 2148 3807 2227">
     <span class='ocr_line' id='line_1_15' title="bbox 511 2148 3807 2227; baseline 0 -17"><span class='ocrx_word' id='word_1_136' title='bbox 511 2155 660 2212; x_wconf 86' lang='lat' dir='ltr'><strong><em>aliud</em></strong></span> <span class='ocrx_word' id='word_1_137' title='bbox 692 2154 1025 2226; x_wconf 82' lang='lat' dir='ltr'><strong><em>Trinitatem.</em></strong></span> <span class='ocrx_word' id='word_1_138' title='bbox 1055 2151 1297 2209; x_wconf 88' lang='lat' dir='ltr'><strong><em>Secunda</em></strong></span> <span class='ocrx_word' id='word_1_139' title='bbox 1327 2169 1391 2207; x_wconf 88' lang='lat' dir='ltr'><strong><em>ne</em></strong></span> <span class='ocrx_word' id='word_1_140' title='bbox 1415 2153 1681 2208; x_wconf 82' lang='lat' dir='ltr'><strong><em>videretur</em></strong></span> <span class='ocrx_word' id='word_1_141' title='bbox 1707 2151 1855 2221; x_wconf 77' lang='lat' dir='ltr'><strong><em>ﬁlius</em></strong></span> <span class='ocrx_word' id='word_1_142' title='bbox 1889 2151 2184 2217; x_wconf 86' lang='lat' dir='ltr'><strong><em>Trinitatis,</em></strong></span> <span class='ocrx_word' id='word_1_143' title='bbox 2213 2149 2296 2205; x_wconf 80' lang='lat' dir='ltr'><strong><em>vel</em></strong></span> <span class='ocrx_word' id='word_1_144' title='bbox 2326 2149 2468 2205; x_wconf 89' lang='lat' dir='ltr'><strong><em>Deus</em></strong></span> <span class='ocrx_word' id='word_1_145' title='bbox 2500 2149 2795 2205; x_wconf 85' lang='lat' dir='ltr'><strong><em>Trinitatis.</em></strong></span> <span class='ocrx_word' id='word_1_146' title='bbox 2825 2148 3051 2206; x_wconf 90' lang='lat' dir='ltr'><strong><em>Consule</em></strong></span> <span class='ocrx_word' id='word_1_147' title='bbox 3078 2153 3251 2222; x_wconf 87' lang='lat' dir='ltr'><strong><em>ipsum</em></strong></span> <span class='ocrx_word' id='word_1_148' title='bbox 3292 2152 3453 2208; x_wconf 88' lang='lat' dir='ltr'><strong><em>latius</em></strong></span> <span class='ocrx_word' id='word_1_149' title='bbox 3491 2155 3593 2208; x_wconf 84' lang='lat' dir='ltr'><strong><em>ista</em></strong></span> <span class='ocrx_word' id='word_1_150' title='bbox 3627 2157 3807 2227; x_wconf 74' lang='lat' dir='ltr'><strong><em>expli-</em></strong></span> 
     </span>
    </p>
   </div>
   <div class='ocr_carea' id='block_1_16' title="bbox 507 2243 3806 2329">
    <p class='ocr_par' dir='ltr' id='par_1_16' title="bbox 507 2243 3806 2329">
     <span class='ocr_line' id='line_1_16' title="bbox 507 2243 3806 2329; baseline -0 -23"><span class='ocrx_word' id='word_1_151' title='bbox 507 2260 740 2318; x_wconf 83' lang='lat' dir='ltr'><strong><em>cantem,</em></strong></span> <span class='ocrx_word' id='word_1_152' title='bbox 767 2259 817 2305; x_wconf 85' lang='lat' dir='ltr'><strong><em>et</em></strong></span> <span class='ocrx_word' id='word_1_153' title='bbox 848 2249 1120 2321; x_wconf 82' lang='lat' dir='ltr'><strong><em>Epistolas</em></strong></span> <span class='ocrx_word' id='word_1_154' title='bbox 1147 2249 1464 2315; x_wconf 82' lang='lat' dir='ltr'><strong><em>llormisdcc,</em></strong></span> <span class='ocrx_word' id='word_1_155' title='bbox 1493 2257 1542 2303; x_wconf 88' lang='lat' dir='ltr'><strong><em>et</em></strong></span> <span class='ocrx_word' id='word_1_156' title='bbox 1572 2247 1870 2319; x_wconf 86' lang='lat' dir='ltr'><strong><em>legatorum</em></strong></span> <span class='ocrx_word' id='word_1_157' title='bbox 1901 2247 2015 2317; x_wconf 88' lang='lat' dir='ltr'><strong><em>ejus</em></strong></span> <span class='ocrx_word' id='word_1_158' title='bbox 2044 2255 2178 2308; x_wconf 85' lang='lat' dir='ltr'><strong><em>tom.</em></strong></span> <span class='ocrx_word' id='word_1_159' title='bbox 2205 2245 2229 2300; x_wconf 91' lang='grc' dir='ltr'>ι</span> <span class='ocrx_word' id='word_1_160' title='bbox 2255 2245 2430 2316; x_wconf 85' lang='lat' dir='ltr'><strong><em>Epist.</em></strong></span> <span class='ocrx_word' id='word_1_161' title='bbox 2465 2245 2626 2300; x_wconf 82' lang='lat' dir='ltr'><strong><em>Rom.</em></strong></span> <span class='ocrx_word' id='word_1_162' title='bbox 2654 2243 2854 2316; x_wconf 77' lang='lat' dir='ltr'><strong><em>pontii.</em></strong></span> <span class='ocrx_word' id='word_1_163' title='bbox 2883 2244 3114 2329; x_wconf 68' lang='lat' dir='ltr'><strong><em>insuper</em></strong></span> <span class='ocrx_word' id='word_1_164' title='bbox 3141 2262 3264 2316; x_wconf 75' lang='lat' dir='ltr'><strong><em>qua:</em></strong></span> <span class='ocrx_word' id='word_1_165' title='bbox 3288 2257 3542 2302; x_wconf 80' lang='lat' dir='ltr'><strong><em>accurate</em></strong></span> <span class='ocrx_word' id='word_1_166' title='bbox 3568 2249 3806 2305; x_wconf 86' lang='lat' dir='ltr'><strong><em>adnotat</em></strong></span> 
     </span>
    </p>
   </div>
   <div class='ocr_carea' id='block_1_17' title="bbox 512 2334 3806 2408">
    <p class='ocr_par' dir='ltr' id='par_1_17' title="bbox 512 2334 3806 2408">
     <span class='ocr_line' id='line_1_17' title="bbox 512 2334 3806 2408; baseline -0.001 -12"><span class='ocrx_word' id='word_1_167' title='bbox 512 2343 786 2397; x_wconf 82' lang='lat' dir='ltr'><strong><em>Baronius</em></strong></span> <span class='ocrx_word' id='word_1_168' title='bbox 813 2352 948 2395; x_wconf 89' lang='lat' dir='ltr'><strong><em>tom.</em></strong></span> <span class='ocrx_word' id='word_1_169' title='bbox 979 2340 1068 2396; x_wconf 80' lang='lat' dir='ltr'><strong><em>VII</em></strong></span> <span class='ocrx_word' id='word_1_170' title='bbox 1095 2339 1292 2393; x_wconf 84' lang='lat' dir='ltr'><strong><em>Annal.</em></strong></span> <span class='ocrx_word' id='word_1_171' title='bbox 1327 2353 1474 2393; x_wconf 88' lang='lat' dir='ltr'><strong><em>anno</em></strong></span> <span class='ocrx_word' id='word_1_172' title='bbox 1499 2338 1624 2403; x_wconf 83' lang='grc'><strong><em>519,</em></strong></span> <span class='ocrx_word' id='word_1_173' title='bbox 1653 2353 1775 2408; x_wconf 89' lang='lat' dir='ltr'><strong><em>cap.</em></strong></span> <span class='ocrx_word' id='word_1_174' title='bbox 1809 2337 1900 2402; x_wconf 82' lang='lat'><strong><em>85,</em></strong></span> <span class='ocrx_word' id='word_1_175' title='bbox 1927 2346 1984 2392; x_wconf 89' lang='lat' dir='ltr'><strong><em>et</em></strong></span> <span class='ocrx_word' id='word_1_176' title='bbox 2015 2336 2135 2401; x_wconf 81' lang='grc'>106,</span> <span class='ocrx_word' id='word_1_177' title='bbox 2163 2345 2219 2391; x_wconf 90' lang='lat' dir='ltr'><strong><em>et</em></strong></span> <span class='ocrx_word' id='word_1_178' title='bbox 2249 2337 2371 2391; x_wconf 71' lang='lat'><strong><em>“2.</em></strong></span> <span class='ocrx_word' id='word_1_179' title='bbox 2405 2334 2758 2401; x_wconf 83' lang='lat' dir='ltr'><strong><em>Quamobrem</em></strong></span> <span class='ocrx_word' id='word_1_180' title='bbox 2787 2349 3043 2406; x_wconf 85' lang='lat' dir='ltr'><strong><em>suspenso</em></strong></span> <span class='ocrx_word' id='word_1_181' title='bbox 3075 2337 3206 2407; x_wconf 90' lang='lat' dir='ltr'><strong><em>pede</em></strong></span> <span class='ocrx_word' id='word_1_182' title='bbox 3235 2346 3284 2390; x_wconf 89' lang='lat' dir='ltr'><strong><em>et</em></strong></span> <span class='ocrx_word' id='word_1_183' title='bbox 3320 2339 3433 2391; x_wconf 90' lang='lat' dir='ltr'><strong><em>acri</em></strong></span> <span class='ocrx_word' id='word_1_184' title='bbox 3453 2339 3658 2408; x_wconf 81' lang='lat' dir='ltr'><strong><em>judicio</em></strong></span> <span class='ocrx_word' id='word_1_185' title='bbox 3687 2340 3806 2394; x_wconf 78' lang='lat' dir='ltr'><strong><em>ha&#39;c</em></strong></span> 
     </span>
    </p>
   </div>
   <div class='ocr_carea' id='block_1_18' title="bbox 514 2431 3807 2506">
    <p class='ocr_par' dir='ltr' id='par_1_18' title="bbox 514 2431 3807 2506">
     <span class='ocr_line' id='line_1_18' title="bbox 514 2431 3807 2506; baseline 0.001 -18"><span class='ocrx_word' id='word_1_186' title='bbox 514 2451 675 2506; x_wconf 84' lang='lat' dir='ltr'><strong><em>opera</em></strong></span> <span class='ocrx_word' id='word_1_187' title='bbox 702 2433 926 2488; x_wconf 82' lang='lat' dir='ltr'><strong><em>Joannis</em></strong></span> <span class='ocrx_word' id='word_1_188' title='bbox 954 2433 1207 2488; x_wconf 77' lang='lat' dir='ltr'><strong><em>Maxentii</em></strong></span> <span class='ocrx_word' id='word_1_189' title='bbox 1250 2441 1508 2504; x_wconf 88' lang='lat' dir='ltr'><strong><em>tanquam</em></strong></span> <span class='ocrx_word' id='word_1_190' title='bbox 1535 2433 1764 2489; x_wconf 71' lang='lat' dir='ltr'><strong><em>hazretici</em></strong></span> <span class='ocrx_word' id='word_1_191' title='bbox 1796 2431 2135 2505; x_wconf 84' lang='lat' dir='ltr'><strong><em>Eutychiani,</em></strong></span> <span class='ocrx_word' id='word_1_192' title='bbox 2166 2447 2225 2486; x_wconf 88' lang='lat' dir='ltr'><strong><em>eo</em></strong></span> <span class='ocrx_word' id='word_1_193' title='bbox 2250 2432 2641 2503; x_wconf 85' lang='lat' dir='ltr'><strong><em>perniciosioris</em></strong></span> <span class='ocrx_word' id='word_1_194' title='bbox 2671 2448 2774 2503; x_wconf 88' lang='lat' dir='ltr'><strong><em>quo</em></strong></span> <span class='ocrx_word' id='word_1_195' title='bbox 2803 2431 3042 2486; x_wconf 88' lang='lat' dir='ltr'><strong><em>cultioris</em></strong></span> <span class='ocrx_word' id='word_1_196' title='bbox 3074 2431 3167 2486; x_wconf 87' lang='lat' dir='ltr'><strong><em>tibi</em></strong></span> <span class='ocrx_word' id='word_1_197' title='bbox 3190 2431 3407 2504; x_wconf 89' lang='lat' dir='ltr'><strong><em>legenda</em></strong></span> <span class='ocrx_word' id='word_1_198' title='bbox 3441 2451 3696 2506; x_wconf 84' lang='lat' dir='ltr'><strong><em>propone,</em></strong></span> <span class='ocrx_word' id='word_1_199' title='bbox 3733 2452 3807 2490; x_wconf 75' lang='lat' dir='ltr'><strong><em>ne</em></strong></span> 
     </span>
    </p>
   </div>
   <div class='ocr_carea' id='block_1_19' title="bbox 517 2548 804 2603">
    <p class='ocr_par' dir='ltr' id='par_1_19' title="bbox 517 2548 804 2603">
     <span class='ocr_line' id='line_1_19' title="bbox 517 2548 804 2603; baseline 0.003 -18"><span class='ocrx_word' id='word_1_200' title='bbox 517 2548 804 2603; x_wconf 74' lang='lat' dir='ltr'><strong><em>impingas.</em></strong></span> 
     </span>
    </p>
   </div>
   <div class='ocr_carea' id='block_1_20' title="bbox 542 2755 3806 2832">
    <p class='ocr_par' dir='ltr' id='par_1_20' title="bbox 542 2755 3806 2832">
     <span class='ocr_line' id='line_1_20' title="bbox 542 2755 3806 2832; baseline 0.001 -20"><span class='ocrx_word' id='word_1_201' title='bbox 542 2759 759 2830; x_wconf 58' lang='lat' dir='ltr'><strong><em>ﬂgitur</em></strong></span> <span class='ocrx_word' id='word_1_202' title='bbox 801 2765 1099 2827; x_wconf 74' lang='lat' dir='ltr'><strong><em>sequentes</em></strong></span> <span class='ocrx_word' id='word_1_203' title='bbox 1138 2756 1199 2813; x_wconf 89' lang='lat' dir='ltr'><strong><em>in</em></strong></span> <span class='ocrx_word' id='word_1_204' title='bbox 1240 2757 1499 2814; x_wconf 84' lang='lat' dir='ltr'><strong><em>omnibus</em></strong></span> <span class='ocrx_word' id='word_1_205' title='bbox 1553 2757 1719 2814; x_wconf 86' lang='lat' dir='ltr'><strong><em>ﬁdem</em></strong></span> <span class='ocrx_word' id='word_1_206' title='bbox 1784 2769 2101 2814; x_wconf 87' lang='lat' dir='ltr'><strong><em>sanctorum</em></strong></span> <span class='ocrx_word' id='word_1_207' title='bbox 2133 2773 2174 2828; x_wconf 78' lang='grc' dir='ltr'>Α</span> <span class='ocrx_word' id='word_1_208' title='bbox 2205 2768 2522 2824; x_wconf 87' lang='lat' dir='ltr'><strong><em>carnem,et</em></strong></span> <span class='ocrx_word' id='word_1_209' title='bbox 2543 2755 2674 2830; x_wconf 79' lang='lat' dir='ltr'><strong><em>quia</em></strong></span> <span class='ocrx_word' id='word_1_210' title='bbox 2701 2759 2850 2815; x_wconf 86' lang='lat' dir='ltr'><strong><em>Deus</em></strong></span> <span class='ocrx_word' id='word_1_211' title='bbox 2875 2757 3047 2814; x_wconf 86' lang='lat' dir='ltr'><strong><em>homo</em></strong></span> <span class='ocrx_word' id='word_1_212' title='bbox 3064 2757 3243 2814; x_wconf 80' lang='lat' dir='ltr'><strong><em>factus</em></strong></span> <span class='ocrx_word' id='word_1_213' title='bbox 3271 2758 3395 2814; x_wconf 83' lang='lat' dir='ltr'><strong><em>est?</em></strong></span> <span class='ocrx_word' id='word_1_214' title='bbox 3419 2758 3522 2816; x_wconf 83' lang='lat' dir='ltr'><strong><em>llis</em></strong></span> <span class='ocrx_word' id='word_1_215' title='bbox 3546 2774 3806 2832; x_wconf 79' lang='lat' dir='ltr'><strong><em>congrue</em></strong></span> 
     </span>
    </p>
   </div>
   <div class='ocr_carea' id='block_1_21' title="bbox 506 2849 3807 2921">
    <p class='ocr_par' dir='ltr' id='par_1_21' title="bbox 506 2849 3807 2921">
     <span class='ocr_line' id='line_1_21' title="bbox 506 2849 3807 2921; baseline 0.001 -13"><span class='ocrx_word' id='word_1_216' title='bbox 506 2853 763 2914; x_wconf 74' lang='lat' dir='ltr'><strong><em>Patrum,</em></strong></span> <span class='ocrx_word' id='word_1_217' title='bbox 789 2850 1122 2904; x_wconf 77' lang='lat' dir='ltr'><strong><em>conﬁtemur</em></strong></span> <span class='ocrx_word' id='word_1_218' title='bbox 1155 2865 1326 2905; x_wconf 87' lang='lat' dir='ltr'><strong><em>unum</em></strong></span> <span class='ocrx_word' id='word_1_219' title='bbox 1354 2851 1724 2921; x_wconf 90' lang='lat' dir='ltr'><strong><em>eumdcmquc</em></strong></span> <span class='ocrx_word' id='word_1_220' title='bbox 1760 2851 1960 2906; x_wconf 85' lang='lat' dir='ltr'><strong><em>Filium</em></strong></span> <span class='ocrx_word' id='word_1_221' title='bbox 2001 2851 2101 2907; x_wconf 92' lang='lat' dir='ltr'><strong><em>Dei</em></strong></span> <span class='ocrx_word' id='word_1_222' title='bbox 2203 2850 2585 2906; x_wconf 85' lang='lat' dir='ltr'><strong><em>sanctissimus</em></strong></span> <span class='ocrx_word' id='word_1_223' title='bbox 2611 2850 2904 2921; x_wconf 72' lang='lat' dir='ltr'><strong><em>theologus</em></strong></span> <span class='ocrx_word' id='word_1_224' title='bbox 2927 2849 3166 2921; x_wconf 85' lang='lat' dir='ltr'><strong><em>Cyrillus</em></strong></span> <span class='ocrx_word' id='word_1_225' title='bbox 3189 2851 3258 2906; x_wconf 87' lang='lat' dir='ltr'><strong><em>ad</em></strong></span> <span class='ocrx_word' id='word_1_226' title='bbox 3281 2851 3600 2907; x_wconf 77' lang='lat' dir='ltr'><strong><em>Nestorium</em></strong></span> <span class='ocrx_word' id='word_1_227' title='bbox 3628 2870 3643 2907; x_wconf 91' lang='lat'>:</span> <span class='ocrx_word' id='word_1_228' title='bbox 3672 2854 3807 2913; x_wconf 86' lang='lat' dir='ltr'><strong><em>Non</em></strong></span> 
     </span>
    </p>
   </div>
   <div class='ocr_carea' id='block_1_22' title="bbox 507 2940 3800 3014">
    <p class='ocr_par' dir='ltr' id='par_1_22' title="bbox 507 2940 3800 3014">
     <span class='ocr_line' id='line_1_22' title="bbox 507 2940 3800 3014; baseline 0.002 -18"><span class='ocrx_word' id='word_1_229' title='bbox 507 2940 813 2997; x_wconf 80' lang='lat' dir='ltr'><strong><em>Dominum</em></strong></span> <span class='ocrx_word' id='word_1_230' title='bbox 882 2950 1134 2996; x_wconf 83' lang='lat' dir='ltr'><strong><em>nostrum</em></strong></span> <span class='ocrx_word' id='word_1_231' title='bbox 1183 2942 1380 2998; x_wconf 60' lang='lat' dir='ltr'><strong><em>desum</em></strong></span> <span class='ocrx_word' id='word_1_232' title='bbox 1443 2942 1728 2998; x_wconf 83' lang='lat' dir='ltr'><strong><em>Christum</em></strong></span> <span class='ocrx_word' id='word_1_233' title='bbox 1791 2943 2099 3013; x_wconf 82' lang='lat' dir='ltr'><strong><em>perfectum</em></strong></span> <span class='ocrx_word' id='word_1_234' title='bbox 2200 2943 2372 3009; x_wconf 89' lang='lat' dir='ltr'><strong><em>enim,</em></strong></span> <span class='ocrx_word' id='word_1_235' title='bbox 2410 2944 2610 3013; x_wconf 84' lang='lat' dir='ltr'><strong><em>inquit,</em></strong></span> <span class='ocrx_word' id='word_1_236' title='bbox 2646 2943 2887 2999; x_wconf 89' lang='lat' dir='ltr'><strong><em>dicimus</em></strong></span> <span class='ocrx_word' id='word_1_237' title='bbox 2920 2943 3070 3014; x_wconf 87' lang='lat' dir='ltr'><strong><em>quod</em></strong></span> <span class='ocrx_word' id='word_1_238' title='bbox 3111 2944 3210 2998; x_wconf 88' lang='lat' dir='ltr'><strong><em>Dei</em></strong></span> <span class='ocrx_word' id='word_1_239' title='bbox 3255 2955 3476 3011; x_wconf 87' lang='lat' dir='ltr'><strong><em>natura,</em></strong></span> <span class='ocrx_word' id='word_1_240' title='bbox 3521 2961 3800 3003; x_wconf 81' lang='lat' dir='ltr'><strong><em>conversa</em></strong></span> 
     </span>
    </p>
   </div>
   <div class='ocr_carea' id='block_1_23' title="bbox 504 3033 2104 3106">
    <p class='ocr_par' dir='ltr' id='par_1_23' title="bbox 504 3033 2104 3106">
     <span class='ocr_line' id='line_1_23' title="bbox 504 3033 2104 3106; baseline -0.001 -16"><span class='ocrx_word' id='word_1_241' title='bbox 504 3033 772 3090; x_wconf 73' lang='lat' dir='ltr'><strong><em>eumdem</em></strong></span> <span class='ocrx_word' id='word_1_242' title='bbox 821 3033 878 3088; x_wconf 89' lang='lat' dir='ltr'><strong><em>in</em></strong></span> <span class='ocrx_word' id='word_1_243' title='bbox 921 3033 1572 3106; x_wconf 80' lang='lat' dir='ltr'><strong><em>divinitatc,~perfectum</em></strong></span> <span class='ocrx_word' id='word_1_244' title='bbox 1609 3035 1866 3092; x_wconf 88' lang='lat' dir='ltr'><strong><em>eumdem</em></strong></span> <span class='ocrx_word' id='word_1_245' title='bbox 1900 3035 1956 3090; x_wconf 91' lang='lat' dir='ltr'><strong><em>in</em></strong></span> <span class='ocrx_word' id='word_1_246' title='bbox 1999 3035 2104 3088; x_wconf 81' lang='lat' dir='ltr'><strong><em>ltu-</em></strong></span> 
     </span>
    </p>
   </div>
   <div class='ocr_carea' id='block_1_24' title="bbox 514 3127 2100 3192">
    <p class='ocr_par' dir='ltr' id='par_1_24' title="bbox 514 3127 2100 3192">
     <span class='ocr_line' id='line_1_24' title="bbox 514 3127 2100 3192; baseline -0.001 -10"><span class='ocrx_word' id='word_1_247' title='bbox 514 3127 803 3192; x_wconf 87' lang='lat' dir='ltr'><strong><em>manitate,</em></strong></span> <span class='ocrx_word' id='word_1_248' title='bbox 833 3127 1008 3182; x_wconf 87' lang='lat' dir='ltr'><strong><em>Deum</em></strong></span> <span class='ocrx_word' id='word_1_249' title='bbox 1037 3143 1232 3182; x_wconf 87' lang='lat' dir='ltr'><strong><em>verum</em></strong></span> <span class='ocrx_word' id='word_1_250' title='bbox 1272 3135 1330 3182; x_wconf 90' lang='lat' dir='ltr'><strong><em>et</em></strong></span> <span class='ocrx_word' id='word_1_251' title='bbox 1363 3127 1646 3183; x_wconf 86' lang='lat' dir='ltr'><strong><em>hominem</em></strong></span> <span class='ocrx_word' id='word_1_252' title='bbox 1680 3143 1895 3192; x_wconf 87' lang='lat' dir='ltr'><strong><em>verum,</em></strong></span> <span class='ocrx_word' id='word_1_253' title='bbox 1940 3141 2100 3182; x_wconf 90' lang='lat' dir='ltr'><strong><em>eum-</em></strong></span> 
     </span>
    </p>
   </div>
   <div class='ocr_carea' id='block_1_25' title="bbox 507 3219 2102 3290">
    <p class='ocr_par' dir='ltr' id='par_1_25' title="bbox 507 3219 2102 3290">
     <span class='ocr_line' id='line_1_25' title="bbox 507 3219 2102 3290; baseline 0 -16"><span class='ocrx_word' id='word_1_254' title='bbox 507 3221 656 3276; x_wconf 74' lang='lat' dir='ltr'><strong><em>dem-</em></strong></span> <span class='ocrx_word' id='word_1_255' title='bbox 691 3235 757 3275; x_wconf 79' lang='lat' dir='ltr'><strong><em>ex</em></strong></span> <span class='ocrx_word' id='word_1_256' title='bbox 812 3219 996 3274; x_wconf 87' lang='lat' dir='ltr'><strong><em>anima</em></strong></span> <span class='ocrx_word' id='word_1_257' title='bbox 1049 3219 1308 3274; x_wconf 84' lang='lat' dir='ltr'><strong><em>rationali</em></strong></span> <span class='ocrx_word' id='word_1_258' title='bbox 1369 3227 1426 3274; x_wconf 91' lang='lat' dir='ltr'><strong><em>et</em></strong></span> <span class='ocrx_word' id='word_1_259' title='bbox 1463 3234 1730 3290; x_wconf 85' lang='lat' dir='ltr'><strong><em>corpore,</em></strong></span> <span class='ocrx_word' id='word_1_260' title='bbox 1771 3219 2102 3274; x_wconf 90' lang='lat' dir='ltr'><strong><em>homousion</em></strong></span> 
     </span>
    </p>
   </div>
   <div class='ocr_carea' id='block_1_26' title="bbox 505 3310 2102 3376">
    <p class='ocr_par' dir='ltr' id='par_1_26' title="bbox 505 3310 2102 3376">
     <span class='ocr_line' id='line_1_26' title="bbox 505 3310 2102 3376; baseline -0.003 -8"><span class='ocrx_word' id='word_1_261' title='bbox 505 3311 666 3368; x_wconf 69' lang='lat' dir='ltr'><strong><em>Patri</em></strong></span> <span class='ocrx_word' id='word_1_262' title='bbox 701 3310 1041 3366; x_wconf 66' lang='lat' dir='ltr'><strong><em>secundum</em></strong></span> <span class='ocrx_word' id='word_1_263' title='bbox 1105 3310 1474 3376; x_wconf 81' lang='lat' dir='ltr'><strong><em>divinitatem,</em></strong></span> <span class='ocrx_word' id='word_1_264' title='bbox 1537 3310 1877 3365; x_wconf 87' lang='lat' dir='ltr'><strong><em>homousion</em></strong></span> <span class='ocrx_word' id='word_1_265' title='bbox 1941 3310 2102 3365; x_wconf 89' lang='lat' dir='ltr'><strong><em>nobis</em></strong></span> 
     </span>
    </p>
   </div>
   <div class='ocr_carea' id='block_1_27' title="bbox 519 3399 2100 3470">
    <p class='ocr_par' dir='ltr' id='par_1_27' title="bbox 519 3399 2100 3470">
     <span class='ocr_line' id='line_1_27' title="bbox 519 3399 2100 3470; baseline -0.001 -13"><span class='ocrx_word' id='word_1_266' title='bbox 519 3401 776 3457; x_wconf 82' lang='lat' dir='ltr'><strong><em>eumdem</em></strong></span> <span class='ocrx_word' id='word_1_267' title='bbox 811 3399 1114 3455; x_wconf 88' lang='lat' dir='ltr'><strong><em>secundum</em></strong></span> <span class='ocrx_word' id='word_1_268' title='bbox 1159 3399 1582 3466; x_wconf 83' lang='lat' dir='ltr'><strong><em>humanitatem,</em></strong></span> <span class='ocrx_word' id='word_1_269' title='bbox 1609 3415 1709 3470; x_wconf 88' lang='lat' dir='ltr'><strong><em>per</em></strong></span> <span class='ocrx_word' id='word_1_270' title='bbox 1732 3401 1916 3456; x_wconf 83' lang='lat' dir='ltr'><strong><em>omnia</em></strong></span> <span class='ocrx_word' id='word_1_271' title='bbox 1946 3401 2100 3456; x_wconf 82' lang='lat' dir='ltr'><strong><em>simi-</em></strong></span> 
     </span>
    </p>
   </div>
   <div class='ocr_carea' id='block_1_28' title="bbox 507 3491 2101 3563">
    <p class='ocr_par' dir='ltr' id='par_1_28' title="bbox 507 3491 2101 3563">
     <span class='ocr_line' id='line_1_28' title="bbox 507 3491 2101 3563; baseline 0.001 -16"><span class='ocrx_word' id='word_1_272' title='bbox 507 3492 628 3547; x_wconf 35' lang='lat' dir='ltr'><strong><em>slent</em></strong></span> <span class='ocrx_word' id='word_1_273' title='bbox 660 3493 866 3562; x_wconf 88' lang='lat' dir='ltr'><strong><em>absque</em></strong></span> <span class='ocrx_word' id='word_1_274' title='bbox 893 3502 1140 3563; x_wconf 89' lang='lat' dir='ltr'><strong><em>peccato.</em></strong></span> <span class='ocrx_word' id='word_1_275' title='bbox 1173 3491 1316 3547; x_wconf 83' lang='lat' dir='ltr'><strong><em>Ante</em></strong></span> <span class='ocrx_word' id='word_1_276' title='bbox 1349 3493 1550 3548; x_wconf 60' lang='lat' dir='ltr'><strong><em>saecula</em></strong></span> <span class='ocrx_word' id='word_1_277' title='bbox 1578 3492 1802 3562; x_wconf 84' lang='lat' dir='ltr'><strong><em>quidem</em></strong></span> <span class='ocrx_word' id='word_1_278' title='bbox 1827 3493 1901 3548; x_wconf 86' lang='lat' dir='ltr'><strong><em>de</em></strong></span> <span class='ocrx_word' id='word_1_279' title='bbox 1937 3493 2101 3548; x_wconf 86' lang='lat' dir='ltr'><strong><em>Patre</em></strong></span> 
     </span>
    </p>
   </div>
   <div class='ocr_carea' id='block_1_29' title="bbox 507 3583 2098 3649">
    <p class='ocr_par' dir='ltr' id='par_1_29' title="bbox 507 3583 2098 3649">
     <span class='ocr_line' id='line_1_29' title="bbox 507 3583 2098 3649; baseline -0.001 -9"><span class='ocrx_word' id='word_1_280' title='bbox 507 3592 707 3640; x_wconf 72' lang='lat' dir='ltr'><strong><em>natum</em></strong></span> <span class='ocrx_word' id='word_1_281' title='bbox 753 3583 1060 3639; x_wconf 85' lang='lat' dir='ltr'><strong><em>secundum</em></strong></span> <span class='ocrx_word' id='word_1_282' title='bbox 1085 3583 1454 3649; x_wconf 80' lang='lat' dir='ltr'><strong><em>divinitatem,</em></strong></span> <span class='ocrx_word' id='word_1_283' title='bbox 1484 3583 1541 3637; x_wconf 89' lang='lat' dir='ltr'><strong><em>in</em></strong></span> <span class='ocrx_word' id='word_1_284' title='bbox 1568 3583 1885 3645; x_wconf 83' lang='lat' dir='ltr'><strong><em>novissimis</em></strong></span> <span class='ocrx_word' id='word_1_285' title='bbox 1913 3593 2098 3638; x_wconf 89' lang='lat' dir='ltr'><strong><em>autem</em></strong></span> 
     </span>
    </p>
   </div>
   <div class='ocr_carea' id='block_1_30' title="bbox 508 3674 2097 3746">
    <p class='ocr_par' dir='ltr' id='par_1_30' title="bbox 508 3674 2097 3746">
     <span class='ocr_line' id='line_1_30' title="bbox 508 3674 2097 3746; baseline -0.001 -16"><span class='ocrx_word' id='word_1_286' title='bbox 508 3676 724 3732; x_wconf 80' lang='lat' dir='ltr'><strong><em>diebus</em></strong></span> <span class='ocrx_word' id='word_1_287' title='bbox 744 3675 1024 3741; x_wconf 82' lang='lat' dir='ltr'><strong><em>eutndem,</em></strong></span> <span class='ocrx_word' id='word_1_288' title='bbox 1053 3683 1281 3746; x_wconf 85' lang='lat' dir='ltr'><strong><em>propter</em></strong></span> <span class='ocrx_word' id='word_1_289' title='bbox 1307 3689 1408 3728; x_wconf 89' lang='lat' dir='ltr'><strong><em>nos</em></strong></span> <span class='ocrx_word' id='word_1_290' title='bbox 1427 3714 1442 3739; x_wconf 92' lang='lat'><strong><em>,</em></strong></span> <span class='ocrx_word' id='word_1_291' title='bbox 1472 3681 1531 3729; x_wconf 88' lang='lat' dir='ltr'><strong><em>et</em></strong></span> <span class='ocrx_word' id='word_1_292' title='bbox 1561 3681 1808 3728; x_wconf 88' lang='lat' dir='ltr'><strong><em>nostram</em></strong></span> <span class='ocrx_word' id='word_1_293' title='bbox 1823 3674 2097 3740; x_wconf 71' lang='lat' dir='ltr'><strong><em>salutem,</em></strong></span> 
     </span>
    </p>
   </div>
   <div class='ocr_carea' id='block_1_31' title="bbox 515 3765 2098 3838">
    <p class='ocr_par' dir='ltr' id='par_1_31' title="bbox 515 3765 2098 3838">
     <span class='ocr_line' id='line_1_31' title="bbox 515 3765 2098 3838; baseline -0.001 -16"><span class='ocrx_word' id='word_1_294' title='bbox 515 3783 584 3822; x_wconf 82' lang='lat' dir='ltr'><strong><em>ex</em></strong></span> <span class='ocrx_word' id='word_1_295' title='bbox 617 3767 1038 3838; x_wconf 71' lang='lat' dir='ltr'><strong><em>Maria-Virgine</em></strong></span> <span class='ocrx_word' id='word_1_296' title='bbox 1065 3767 1162 3821; x_wconf 87' lang='lat' dir='ltr'><strong><em>Dei</em></strong></span> <span class='ocrx_word' id='word_1_297' title='bbox 1197 3765 1479 3821; x_wconf 87' lang='lat' dir='ltr'><strong><em>Genitrice</em></strong></span> <span class='ocrx_word' id='word_1_298' title='bbox 1505 3765 1806 3821; x_wconf 89' lang='lat' dir='ltr'><strong><em>secundum</em></strong></span> <span class='ocrx_word' id='word_1_299' title='bbox 1839 3765 2098 3820; x_wconf 88' lang='lat' dir='ltr'><strong><em>humani-</em></strong></span> 
     </span>
    </p>
   </div>
   <div class='ocr_carea' id='block_1_32' title="bbox 515 3843 2099 3926">
    <p class='ocr_par' dir='ltr' id='par_1_32' title="bbox 515 3843 2099 3926">
     <span class='ocr_line' id='line_1_32' title="bbox 515 3843 2099 3926; baseline 0 -15"><span class='ocrx_word' id='word_1_300' title='bbox 515 3867 709 3911; x_wconf 86' lang='lat' dir='ltr'><strong><em>tatem.</em></strong></span> <span class='ocrx_word' id='word_1_301' title='bbox 758 3857 940 3912; x_wconf 88' lang='lat' dir='ltr'><strong><em>Unum</em></strong></span> <span class='ocrx_word' id='word_1_302' title='bbox 999 3855 1368 3926; x_wconf 77' lang='lat' dir='ltr'><strong><em>eamdemque</em></strong></span> <span class='ocrx_word' id='word_1_303' title='bbox 1419 3843 1702 3912; x_wconf 80' lang='lat' dir='ltr'><strong><em>Christum</em></strong></span> <span class='ocrx_word' id='word_1_304' title='bbox 1749 3856 1951 3910; x_wconf 89' lang='lat' dir='ltr'><strong><em>Filium</em></strong></span> <span class='ocrx_word' id='word_1_305' title='bbox 2000 3855 2099 3911; x_wconf 86' lang='lat' dir='ltr'><strong><em>Dei</em></strong></span> 
     </span>
    </p>
   </div>
   <div class='ocr_carea' id='block_1_33' title="bbox 517 3946 2099 4020">
    <p class='ocr_par' dir='ltr' id='par_1_33' title="bbox 517 3946 2099 4020">
     <span class='ocr_line' id='line_1_33' title="bbox 517 3946 2099 4020; baseline 0 -18"><span class='ocrx_word' id='word_1_306' title='bbox 517 3948 888 4020; x_wconf 79' lang='lat' dir='ltr'><strong><em>unigenitum,</em></strong></span> <span class='ocrx_word' id='word_1_307' title='bbox 924 3947 1083 4020; x_wconf 80' lang='lat'><strong><em>535</em></strong></span> <span class='ocrx_word' id='word_1_308' title='bbox 1106 3948 1181 4003; x_wconf 61' lang='lat' dir='ltr'><strong><em>in</em></strong></span> <span class='ocrx_word' id='word_1_309' title='bbox 1222 3949 1362 4004; x_wconf 84' lang='lat' dir='ltr'><strong><em>duas</em></strong></span> <span class='ocrx_word' id='word_1_310' title='bbox 1385 3958 1643 4014; x_wconf 83' lang='lat' dir='ltr'><strong><em>naturas,</em></strong></span> <span class='ocrx_word' id='word_1_311' title='bbox 1676 3946 1982 4014; x_wconf 80' lang='lat' dir='ltr'><strong><em>inconfuse,</em></strong></span> <span class='ocrx_word' id='word_1_312' title='bbox 2013 3947 2099 4002; x_wconf 92' lang='lat' dir='ltr'><strong><em>in-</em></strong></span> 
     </span>
    </p>
   </div>
   <div class='ocr_carea' id='block_1_34' title="bbox 515 4040 2098 4112">
    <p class='ocr_par' dir='ltr' id='par_1_34' title="bbox 515 4040 2098 4112">
     <span class='ocr_line' id='line_1_34' title="bbox 515 4040 2098 4112; baseline -0.001 -16"><span class='ocrx_word' id='word_1_313' title='bbox 515 4041 1014 4110; x_wconf 84' lang='lat' dir='ltr'><strong><em>commutabiliter,</em></strong></span> <span class='ocrx_word' id='word_1_314' title='bbox 1067 4041 1338 4107; x_wconf 83' lang='lat' dir='ltr'><strong><em>indivise,</em></strong></span> <span class='ocrx_word' id='word_1_315' title='bbox 1393 4040 1846 4111; x_wconf 80' lang='lat' dir='ltr'><strong><em>inseparabiliter</em></strong></span> <span class='ocrx_word' id='word_1_316' title='bbox 1891 4055 2098 4112; x_wconf 87' lang='lat' dir='ltr'><strong><em>cogno-</em></strong></span> 
     </span>
    </p>
   </div>
   <div class='ocr_carea' id='block_1_35' title="bbox 2203 3033 3803 3104">
    <p class='ocr_par' dir='ltr' id='par_1_35' title="bbox 2203 3033 3803 3104">
     <span class='ocr_line' id='line_1_35' title="bbox 2203 3033 3803 3104; baseline 0.003 -16"><span class='ocrx_word' id='word_1_317' title='bbox 2203 3041 2299 3088; x_wconf 90' lang='lat' dir='ltr'><strong><em>aut</em></strong></span> <span class='ocrx_word' id='word_1_318' title='bbox 2326 3033 2634 3098; x_wconf 88' lang='lat' dir='ltr'><strong><em>immutata,</em></strong></span> <span class='ocrx_word' id='word_1_319' title='bbox 2669 3033 2812 3088; x_wconf 76' lang='lat' dir='ltr'><strong><em>facta</em></strong></span> <span class='ocrx_word' id='word_1_320' title='bbox 2838 3033 2912 3087; x_wconf 89' lang='lat' dir='ltr'><strong><em>sit</em></strong></span> <span class='ocrx_word' id='word_1_321' title='bbox 2935 3047 3086 3099; x_wconf 90' lang='lat' dir='ltr'><strong><em>caro,</em></strong></span> <span class='ocrx_word' id='word_1_322' title='bbox 3115 3033 3202 3088; x_wconf 87' lang='lat' dir='ltr'><strong><em>vel</em></strong></span> <span class='ocrx_word' id='word_1_323' title='bbox 3227 3035 3376 3104; x_wconf 88' lang='lat' dir='ltr'><strong><em>quod</em></strong></span> <span class='ocrx_word' id='word_1_324' title='bbox 3404 3036 3458 3090; x_wconf 88' lang='lat' dir='ltr'><strong><em>iu</em></strong></span> <span class='ocrx_word' id='word_1_325' title='bbox 3489 3045 3666 3092; x_wconf 83' lang='lat' dir='ltr'><strong><em>totum</em></strong></span> <span class='ocrx_word' id='word_1_326' title='bbox 3695 3037 3803 3092; x_wconf 61' lang='lat' dir='ltr'><strong><em>ho»</em></strong></span> 
     </span>
    </p>
   </div>
   <div class='ocr_carea' id='block_1_36' title="bbox 2203 3123 3801 3196">
    <p class='ocr_par' dir='ltr' id='par_1_36' title="bbox 2203 3123 3801 3196">
     <span class='ocr_line' id='line_1_36' title="bbox 2203 3123 3801 3196; baseline 0.003 -18"><span class='ocrx_word' id='word_1_327' title='bbox 2203 3123 2430 3190; x_wconf 88' lang='lat' dir='ltr'><strong><em>minem,</em></strong></span> <span class='ocrx_word' id='word_1_328' title='bbox 2466 3124 2562 3194; x_wconf 91' lang='lat' dir='ltr'><strong><em>qui</em></strong></span> <span class='ocrx_word' id='word_1_329' title='bbox 2592 3135 2677 3180; x_wconf 86' lang='lat' dir='ltr'><strong><em>est</em></strong></span> <span class='ocrx_word' id='word_1_330' title='bbox 2704 3140 2772 3178; x_wconf 80' lang='lat' dir='ltr'><strong><em>ex</em></strong></span> <span class='ocrx_word' id='word_1_331' title='bbox 2813 3125 2996 3180; x_wconf 90' lang='lat' dir='ltr'><strong><em>anima</em></strong></span> <span class='ocrx_word' id='word_1_332' title='bbox 3025 3135 3082 3181; x_wconf 88' lang='lat' dir='ltr'><strong><em>et</em></strong></span> <span class='ocrx_word' id='word_1_333' title='bbox 3112 3140 3367 3196; x_wconf 88' lang='lat' dir='ltr'><strong><em>corpore,</em></strong></span> <span class='ocrx_word' id='word_1_334' title='bbox 3399 3127 3801 3184; x_wconf 77' lang='lat' dir='ltr'><strong><em>transformata</em></strong></span> 
     </span>
    </p>
   </div>
   <div class='ocr_carea' id='block_1_37' title="bbox 2203 3211 3802 3283">
    <p class='ocr_par' dir='ltr' id='par_1_37' title="bbox 2203 3211 3802 3283">
     <span class='ocr_line' id='line_1_37' title="bbox 2203 3211 3802 3283; baseline 0.003 -15"><span class='ocrx_word' id='word_1_335' title='bbox 2203 3214 2295 3277; x_wconf 89' lang='lat' dir='ltr'><strong><em>sit,</em></strong></span> <span class='ocrx_word' id='word_1_336' title='bbox 2322 3213 2418 3268; x_wconf 91' lang='lat' dir='ltr'><strong><em>sed</em></strong></span> <span class='ocrx_word' id='word_1_337' title='bbox 2454 3212 2590 3267; x_wconf 89' lang='lat' dir='ltr'><strong><em>illud</em></strong></span> <span class='ocrx_word' id='word_1_338' title='bbox 2625 3213 2799 3283; x_wconf 84' lang='lat' dir='ltr'><strong><em>magis</em></strong></span> <span class='ocrx_word' id='word_1_339' title='bbox 2827 3211 2978 3282; x_wconf 89' lang='lat' dir='ltr'><strong><em>quod</em></strong></span> <span class='ocrx_word' id='word_1_340' title='bbox 3005 3227 3232 3269; x_wconf 88' lang='lat' dir='ltr'><strong><em>carnem</em></strong></span> <span class='ocrx_word' id='word_1_341' title='bbox 3257 3215 3554 3270; x_wconf 87' lang='lat' dir='ltr'><strong><em>animatam</em></strong></span> <span class='ocrx_word' id='word_1_342' title='bbox 3585 3227 3644 3272; x_wconf 91' lang='lat' dir='ltr'><strong><em>et</em></strong></span> <span class='ocrx_word' id='word_1_343' title='bbox 3669 3217 3802 3272; x_wconf 82' lang='lat' dir='ltr'><strong><em>ani-</em></strong></span> 
     </span>
    </p>
   </div>
   <div class='ocr_carea' id='block_1_38' title="bbox 2203 3303 3800 3374">
    <p class='ocr_par' dir='ltr' id='par_1_38' title="bbox 2203 3303 3800 3374">
     <span class='ocr_line' id='line_1_38' title="bbox 2203 3303 3800 3374; baseline 0.003 -14"><span class='ocrx_word' id='word_1_344' title='bbox 2203 3320 2345 3360; x_wconf 88' lang='lat' dir='ltr'><strong><em>mam</em></strong></span> <span class='ocrx_word' id='word_1_345' title='bbox 2379 3304 2706 3360; x_wconf 89' lang='lat' dir='ltr'><strong><em>rationalem</em></strong></span> <span class='ocrx_word' id='word_1_346' title='bbox 2735 3303 2842 3360; x_wconf 90' lang='lat' dir='ltr'><strong><em>sibi</em></strong></span> <span class='ocrx_word' id='word_1_347' title='bbox 2868 3305 3217 3374; x_wconf 88' lang='lat' dir='ltr'><strong><em>copulaverit</em></strong></span> <span class='ocrx_word' id='word_1_348' title='bbox 3245 3307 3511 3373; x_wconf 74' lang='lat' dir='ltr'><strong><em>Verbum,</em></strong></span> <span class='ocrx_word' id='word_1_349' title='bbox 3535 3318 3592 3362; x_wconf 89' lang='lat' dir='ltr'><strong><em>et</em></strong></span> <span class='ocrx_word' id='word_1_350' title='bbox 3615 3308 3800 3365; x_wconf 80' lang='lat' dir='ltr'><strong><em>Filius</em></strong></span> 
     </span>
    </p>
   </div>
   <div class='ocr_carea' id='block_1_39' title="bbox 2201 3397 3800 3470">
    <p class='ocr_par' dir='ltr' id='par_1_39' title="bbox 2201 3397 3800 3470">
     <span class='ocr_line' id='line_1_39' title="bbox 2201 3397 3800 3470; baseline 0.002 -17"><span class='ocrx_word' id='word_1_351' title='bbox 2201 3398 2301 3453; x_wconf 91' lang='lat' dir='ltr'><strong><em>Dei</em></strong></span> <span class='ocrx_word' id='word_1_352' title='bbox 2340 3397 2852 3464; x_wconf 83' lang='lat' dir='ltr'><strong><em>subsistentialiter,</em></strong></span> <span class='ocrx_word' id='word_1_353' title='bbox 2897 3397 3277 3464; x_wconf 76' lang='lat' dir='ltr'><strong><em>ineﬁ‘abiliter,</em></strong></span> <span class='ocrx_word' id='word_1_354' title='bbox 3314 3399 3800 3470; x_wconf 84' lang='lat' dir='ltr'><strong><em>incomprehensi-</em></strong></span> 
     </span>
    </p>
   </div>
   <div class='ocr_carea' id='block_1_40' title="bbox 2203 3490 3798 3564">
    <p class='ocr_par' dir='ltr' id='par_1_40' title="bbox 2203 3490 3798 3564">
     <span class='ocr_line' id='line_1_40' title="bbox 2203 3490 3798 3564; baseline 0.003 -19"><span class='ocrx_word' id='word_1_355' title='bbox 2203 3490 2393 3546; x_wconf 86' lang='lat' dir='ltr'><strong><em>biliter</em></strong></span> <span class='ocrx_word' id='word_1_356' title='bbox 2435 3491 2614 3546; x_wconf 82' lang='lat' dir='ltr'><strong><em>factus</em></strong></span> <span class='ocrx_word' id='word_1_357' title='bbox 2659 3491 2733 3546; x_wconf 87' lang='lat' dir='ltr'><strong><em>sit</em></strong></span> <span class='ocrx_word' id='word_1_358' title='bbox 2765 3491 2954 3556; x_wconf 89' lang='lat' dir='ltr'><strong><em>homo,</em></strong></span> <span class='ocrx_word' id='word_1_359' title='bbox 2999 3499 3056 3546; x_wconf 92' lang='lat' dir='ltr'><strong><em>et</em></strong></span> <span class='ocrx_word' id='word_1_360' title='bbox 3102 3502 3454 3564; x_wconf 89' lang='lat' dir='ltr'><strong><em>nuncupatus</em></strong></span> <span class='ocrx_word' id='word_1_361' title='bbox 3495 3494 3568 3548; x_wconf 89' lang='lat' dir='ltr'><strong><em>sit</em></strong></span> <span class='ocrx_word' id='word_1_362' title='bbox 3611 3494 3798 3550; x_wconf 83' lang='lat' dir='ltr'><strong><em>Filius</em></strong></span> 
     </span>
    </p>
   </div>
   <div class='ocr_carea' id='block_1_41' title="bbox 2197 3579 3796 3647">
    <p class='ocr_par' dir='ltr' id='par_1_41' title="bbox 2197 3579 3796 3647">
     <span class='ocr_line' id='line_1_41' title="bbox 2197 3579 3796 3647; baseline 0.004 -15"><span class='ocrx_word' id='word_1_363' title='bbox 2197 3579 2464 3634; x_wconf 89' lang='lat' dir='ltr'><strong><em>hominis.</em></strong></span> <span class='ocrx_word' id='word_1_364' title='bbox 2489 3579 2604 3634; x_wconf 81' lang='lat' dir='ltr'><strong><em>Nec</em></strong></span> <span class='ocrx_word' id='word_1_365' title='bbox 2645 3579 2792 3635; x_wconf 88' lang='lat' dir='ltr'><strong><em>nuda</em></strong></span> <span class='ocrx_word' id='word_1_366' title='bbox 2836 3589 3052 3636; x_wconf 90' lang='lat' dir='ltr'><strong><em>tantum</em></strong></span> <span class='ocrx_word' id='word_1_367' title='bbox 3095 3581 3398 3647; x_wconf 87' lang='lat' dir='ltr'><strong><em>voluntate,</em></strong></span> <span class='ocrx_word' id='word_1_368' title='bbox 3427 3599 3529 3638; x_wconf 92' lang='lat' dir='ltr'><strong><em>nec</em></strong></span> <span class='ocrx_word' id='word_1_369' title='bbox 3567 3597 3796 3639; x_wconf 83' lang='lat' dir='ltr'><strong><em>assum-</em></strong></span> 
     </span>
    </p>
   </div>
   <div class='ocr_carea' id='block_1_42' title="bbox 2198 3671 3797 3744">
    <p class='ocr_par' dir='ltr' id='par_1_42' title="bbox 2198 3671 3797 3744">
     <span class='ocr_line' id='line_1_42' title="bbox 2198 3671 3797 3744; baseline 0.004 -19"><span class='ocrx_word' id='word_1_370' title='bbox 2198 3671 2390 3742; x_wconf 82' lang='lat' dir='ltr'><strong><em>ptione</em></strong></span> <span class='ocrx_word' id='word_1_371' title='bbox 2423 3688 2693 3743; x_wconf 57' lang='lat' dir='ltr'><strong><em>personae,</em></strong></span> <span class='ocrx_word' id='word_1_372' title='bbox 2725 3672 2824 3728; x_wconf 88' lang='lat' dir='ltr'><strong><em>sed</em></strong></span> <span class='ocrx_word' id='word_1_373' title='bbox 2856 3673 3004 3742; x_wconf 91' lang='lat' dir='ltr'><strong><em>quod</em></strong></span> <span class='ocrx_word' id='word_1_374' title='bbox 3051 3673 3282 3729; x_wconf 64' lang='lat' dir='ltr'><strong><em>diversae</em></strong></span> <span class='ocrx_word' id='word_1_375' title='bbox 3317 3673 3541 3744; x_wconf 87' lang='lat' dir='ltr'><strong><em>quidem</em></strong></span> <span class='ocrx_word' id='word_1_376' title='bbox 3575 3685 3797 3732; x_wconf 75' lang='lat' dir='ltr'><strong><em>natura:</em></strong></span> 
     </span>
    </p>
   </div>
   <div class='ocr_carea' id='block_1_43' title="bbox 2201 3767 3795 3840">
    <p class='ocr_par' dir='ltr' id='par_1_43' title="bbox 2201 3767 3795 3840">
     <span class='ocr_line' id='line_1_43' title="bbox 2201 3767 3795 3840; baseline 0.003 -20"><span class='ocrx_word' id='word_1_377' title='bbox 2201 3767 2260 3820; x_wconf 90' lang='lat' dir='ltr'><strong><em>in</em></strong></span> <span class='ocrx_word' id='word_1_378' title='bbox 2291 3782 2463 3822; x_wconf 89' lang='lat' dir='ltr'><strong><em>unum</em></strong></span> <span class='ocrx_word' id='word_1_379' title='bbox 2491 3768 2874 3834; x_wconf 77' lang='lat' dir='ltr'><strong><em>convenerint,</em></strong></span> <span class='ocrx_word' id='word_1_380' title='bbox 2901 3783 3048 3824; x_wconf 88' lang='lat' dir='ltr'><strong><em>unus</em></strong></span> <span class='ocrx_word' id='word_1_381' title='bbox 3071 3779 3256 3824; x_wconf 86' lang='lat' dir='ltr'><strong><em>tamen</em></strong></span> <span class='ocrx_word' id='word_1_382' title='bbox 3279 3781 3346 3824; x_wconf 77' lang='lat' dir='ltr'><strong><em>ex</em></strong></span> <span class='ocrx_word' id='word_1_383' title='bbox 3371 3779 3600 3840; x_wconf 86' lang='lat' dir='ltr'><strong><em>utraque</em></strong></span> <span class='ocrx_word' id='word_1_384' title='bbox 3620 3770 3795 3825; x_wconf 81' lang='lat' dir='ltr'><strong><em>Chri-</em></strong></span> 
     </span>
    </p>
   </div>
   <div class='ocr_carea' id='block_1_44' title="bbox 2201 3858 3796 3934">
    <p class='ocr_par' dir='ltr' id='par_1_44' title="bbox 2201 3858 3796 3934">
     <span class='ocr_line' id='line_1_44' title="bbox 2201 3858 3796 3934; baseline 0.003 -22"><span class='ocrx_word' id='word_1_385' title='bbox 2201 3868 2321 3914; x_wconf 89' lang='lat' dir='ltr'><strong><em>stus</em></strong></span> <span class='ocrx_word' id='word_1_386' title='bbox 2340 3858 2619 3924; x_wconf 75' lang='lat' dir='ltr'><strong><em>etFilius,</em></strong></span> <span class='ocrx_word' id='word_1_387' title='bbox 2653 3873 2764 3914; x_wconf 89' lang='lat' dir='ltr'><strong><em>non</em></strong></span> <span class='ocrx_word' id='word_1_388' title='bbox 2790 3867 3058 3914; x_wconf 86' lang='lat' dir='ltr'><strong><em>evacuata</em></strong></span> <span class='ocrx_word' id='word_1_389' title='bbox 3089 3869 3185 3914; x_wconf 88' lang='lat' dir='ltr'><strong><em>aut</em></strong></span> <span class='ocrx_word' id='word_1_390' title='bbox 3215 3860 3430 3918; x_wconf 80' lang='lat' dir='ltr'><strong><em>sublata</em></strong></span> <span class='ocrx_word' id='word_1_391' title='bbox 3457 3869 3796 3934; x_wconf 82' lang='lat' dir='ltr'><strong><em>naturarum</em></strong></span> 
     </span>
    </p>
   </div>
   <div class='ocr_carea' id='block_1_45' title="bbox 2199 3946 3078 4018">
    <p class='ocr_par' dir='ltr' id='par_1_45' title="bbox 2199 3946 3078 4018">
     <span class='ocr_line' id='line_1_45' title="bbox 2199 3946 3078 4018; baseline 0.001 -16"><span class='ocrx_word' id='word_1_392' title='bbox 2199 3946 2521 4004; x_wconf 85' lang='lat' dir='ltr'><strong><em>diversitate</em></strong></span> <span class='ocrx_word' id='word_1_393' title='bbox 2547 3958 2773 4018; x_wconf 85' lang='lat' dir='ltr'><strong><em>propter</em></strong></span> <span class='ocrx_word' id='word_1_394' title='bbox 2798 3947 3078 4003; x_wconf 87' lang='lat' dir='ltr'><strong><em>unionem.</em></strong></span> 
     </span>
    </p>
   </div>
   <div class='ocr_carea' id='block_1_46' title="bbox 2272 4037 3798 4109">
    <p class='ocr_par' dir='ltr' id='par_1_46' title="bbox 2272 4037 3798 4109">
     <span class='ocr_line' id='line_1_46' title="bbox 2272 4037 3798 4109; baseline 0.006 -16"><span class='ocrx_word' id='word_1_395' title='bbox 2272 4038 2480 4093; x_wconf 83' lang='lat' dir='ltr'><strong><em>llorum</em></strong></span> <span class='ocrx_word' id='word_1_396' title='bbox 2525 4037 2695 4109; x_wconf 87' lang='lat' dir='ltr'><strong><em>igitur</em></strong></span> <span class='ocrx_word' id='word_1_397' title='bbox 2741 4048 3058 4096; x_wconf 85' lang='lat' dir='ltr'><strong><em>sanctorum</em></strong></span> <span class='ocrx_word' id='word_1_398' title='bbox 3089 4041 3315 4096; x_wconf 85' lang='lat' dir='ltr'><strong><em>Patrum</em></strong></span> <span class='ocrx_word' id='word_1_399' title='bbox 3359 4042 3665 4099; x_wconf 85' lang='lat' dir='ltr'><strong><em>doctrinam</em></strong></span> <span class='ocrx_word' id='word_1_400' title='bbox 3700 4061 3798 4102; x_wconf 86' lang='lat' dir='ltr'><strong><em>se-</em></strong></span> 
     </span>
    </p>
   </div>
   <div class='ocr_carea' id='block_1_47' title="bbox 502 4129 3795 4202">
    <p class='ocr_par' dir='ltr' id='par_1_47' title="bbox 502 4129 3795 4202">
     <span class='ocr_line' id='line_1_47' title="bbox 502 4129 3795 4202; baseline 0.002 -14"><span class='ocrx_word' id='word_1_401' title='bbox 502 4133 802 4189; x_wconf 73' lang='lat' dir='ltr'><strong><em>scendum.</em></strong></span> <span class='ocrx_word' id='word_1_402' title='bbox 861 4133 923 4190; x_wconf 88' lang='lat' dir='ltr'><strong><em>In</em></strong></span> <span class='ocrx_word' id='word_1_403' title='bbox 974 4133 1129 4188; x_wconf 91' lang='lat' dir='ltr'><strong><em>nullo</em></strong></span> <span class='ocrx_word' id='word_1_404' title='bbox 1171 4141 1498 4187; x_wconf 85' lang='lat' dir='ltr'><strong><em>naturarum</em></strong></span> <span class='ocrx_word' id='word_1_405' title='bbox 1535 4131 1922 4187; x_wconf 87' lang='lat' dir='ltr'><strong><em>diversitatem</em></strong></span> <span class='ocrx_word' id='word_1_406' title='bbox 1968 4146 2101 4202; x_wconf 91' lang='lat' dir='ltr'><strong><em>pro-</em></strong></span> <span class='ocrx_word' id='word_1_407' title='bbox 2130 4129 2174 4188; x_wconf 84' lang='grc' dir='ltr'><strong>Β</strong></span> <span class='ocrx_word' id='word_1_408' title='bbox 2205 4139 2460 4202; x_wconf 86' lang='lat' dir='ltr'><strong><em>quentes,</em></strong></span> <span class='ocrx_word' id='word_1_409' title='bbox 2509 4130 2897 4186; x_wconf 84' lang='lat' dir='ltr'><strong><em>abominamur</em></strong></span> <span class='ocrx_word' id='word_1_410' title='bbox 2949 4133 3135 4188; x_wconf 86' lang='lat' dir='ltr'><strong><em>omnia</em></strong></span> <span class='ocrx_word' id='word_1_411' title='bbox 3181 4148 3375 4188; x_wconf 91' lang='lat' dir='ltr'><strong><em>eorum</em></strong></span> <span class='ocrx_word' id='word_1_412' title='bbox 3423 4135 3795 4195; x_wconf 84' lang='lat' dir='ltr'><strong><em>deliramenta</em></strong></span> 
     </span>
    </p>
   </div>
   <div class='ocr_carea' id='block_1_48' title="bbox 500 4224 2098 4298">
    <p class='ocr_par' dir='ltr' id='par_1_48' title="bbox 500 4224 2098 4298">
     <span class='ocr_line' id='line_1_48' title="bbox 500 4224 2098 4298; baseline 0.001 -20"><span class='ocrx_word' id='word_1_413' title='bbox 500 4225 928 4296; x_wconf 60' lang='lat' dir='ltr'><strong><em>-pter.unitatem</em></strong></span> <span class='ocrx_word' id='word_1_414' title='bbox 955 4225 1354 4298; x_wconf 87' lang='lat' dir='ltr'><strong><em>perimendam,</em></strong></span> <span class='ocrx_word' id='word_1_415' title='bbox 1380 4225 1530 4280; x_wconf 81' lang='lat' dir='ltr'><strong><em>salva</em></strong></span> <span class='ocrx_word' id='word_1_416' title='bbox 1555 4224 1740 4294; x_wconf 88' lang='lat' dir='ltr'><strong><em>potius</em></strong></span> <span class='ocrx_word' id='word_1_417' title='bbox 1761 4224 2098 4294; x_wconf 87' lang='lat' dir='ltr'><strong><em>proprietate</em></strong></span> 
     </span>
    </p>
   </div>
   <div class='ocr_carea' id='block_1_49' title="bbox 517 4315 2099 4389">
    <p class='ocr_par' dir='ltr' id='par_1_49' title="bbox 517 4315 2099 4389">
     <span class='ocr_line' id='line_1_49' title="bbox 517 4315 2099 4389; baseline -0.001 -17"><span class='ocrx_word' id='word_1_418' title='bbox 517 4321 808 4389; x_wconf 88' lang='lat' dir='ltr'><strong><em>utriusque</em></strong></span> <span class='ocrx_word' id='word_1_419' title='bbox 851 4327 1066 4372; x_wconf 73' lang='lat' dir='ltr'><strong><em>natura:</em></strong></span> <span class='ocrx_word' id='word_1_420' title='bbox 1113 4318 1169 4371; x_wconf 89' lang='lat' dir='ltr'><strong><em>in</em></strong></span> <span class='ocrx_word' id='word_1_421' title='bbox 1214 4331 1324 4371; x_wconf 88' lang='lat' dir='ltr'><strong><em>una</em></strong></span> <span class='ocrx_word' id='word_1_422' title='bbox 1371 4331 1609 4386; x_wconf 83' lang='lat' dir='ltr'><strong><em>persona</em></strong></span> <span class='ocrx_word' id='word_1_423' title='bbox 1649 4330 1869 4384; x_wconf 82' lang='lat' dir='ltr'><strong><em>unaque</em></strong></span> <span class='ocrx_word' id='word_1_424' title='bbox 1915 4315 2099 4370; x_wconf 84' lang='lat' dir='ltr'><strong><em>subsi-</em></strong></span> 
     </span>
    </p>
   </div>
   <div class='ocr_carea' id='block_1_50' title="bbox 513 4405 2096 4477">
    <p class='ocr_par' dir='ltr' id='par_1_50' title="bbox 513 4405 2096 4477">
     <span class='ocr_line' id='line_1_50' title="bbox 513 4405 2096 4477; baseline -0.001 -13"><span class='ocrx_word' id='word_1_425' title='bbox 513 4409 717 4464; x_wconf 82' lang='lat' dir='ltr'><strong><em>stentia</em></strong></span> <span class='ocrx_word' id='word_1_426' title='bbox 750 4416 1135 4462; x_wconf 87' lang='lat' dir='ltr'><strong><em>concurrente.</em></strong></span> <span class='ocrx_word' id='word_1_427' title='bbox 1159 4407 1280 4462; x_wconf 83' lang='lat' dir='ltr'><strong><em>Non</em></strong></span> <span class='ocrx_word' id='word_1_428' title='bbox 1310 4406 1366 4460; x_wconf 91' lang='lat' dir='ltr'><strong><em>in</em></strong></span> <span class='ocrx_word' id='word_1_429' title='bbox 1400 4405 1539 4460; x_wconf 89' lang='lat' dir='ltr'><strong><em>duas</em></strong></span> <span class='ocrx_word' id='word_1_430' title='bbox 1580 4420 1844 4476; x_wconf 81' lang='lat' dir='ltr'><strong><em>personas</em></strong></span> <span class='ocrx_word' id='word_1_431' title='bbox 1884 4407 2096 4477; x_wconf 89' lang='lat' dir='ltr'><strong><em>patien-</em></strong></span> 
     </span>
    </p>
   </div>
   <div class='ocr_carea' id='block_1_51' title="bbox 503 4493 2096 4566">
    <p class='ocr_par' dir='ltr' id='par_1_51' title="bbox 503 4493 2096 4566">
     <span class='ocr_line' id='line_1_51' title="bbox 503 4493 2096 4566; baseline 0 -14"><span class='ocrx_word' id='word_1_432' title='bbox 503 4498 654 4552; x_wconf 73' lang='lat' dir='ltr'><strong><em>dum</em></strong></span> <span class='ocrx_word' id='word_1_433' title='bbox 676 4509 773 4552; x_wconf 88' lang='lat' dir='ltr'><strong><em>aut</em></strong></span> <span class='ocrx_word' id='word_1_434' title='bbox 813 4495 1199 4560; x_wconf 88' lang='lat' dir='ltr'><strong><em>dividendum,</em></strong></span> <span class='ocrx_word' id='word_1_435' title='bbox 1239 4493 1336 4548; x_wconf 84' lang='lat' dir='ltr'><strong><em>sed</em></strong></span> <span class='ocrx_word' id='word_1_436' title='bbox 1385 4509 1556 4548; x_wconf 90' lang='lat' dir='ltr'><strong><em>unum</em></strong></span> <span class='ocrx_word' id='word_1_437' title='bbox 1594 4494 1960 4566; x_wconf 88' lang='lat' dir='ltr'><strong><em>eumdemque</em></strong></span> <span class='ocrx_word' id='word_1_438' title='bbox 2003 4497 2096 4552; x_wconf 83' lang='lat' dir='ltr'><strong><em>Fi-</em></strong></span> 
     </span>
    </p>
   </div>
   <div class='ocr_carea' id='block_1_52' title="bbox 425 4586 2092 4662">
    <p class='ocr_par' dir='ltr' id='par_1_52' title="bbox 425 4586 2092 4662">
     <span class='ocr_line' id='line_1_52' title="bbox 425 4586 2092 4662; baseline 0.004 -21"><span class='ocrx_word' id='word_1_439' title='bbox 425 4611 434 4662; x_wconf 68' lang='grc' dir='ltr'><strong>ς</strong></span> <span class='ocrx_word' id='word_1_440' title='bbox 503 4588 1031 4658; x_wconf 67' lang='grc' dir='ltr'><strong><em>-ιίυιηνωιίδειιίῑιιιη</em></strong></span> <span class='ocrx_word' id='word_1_441' title='bbox 1066 4587 1238 4641; x_wconf 91' lang='lat' dir='ltr'><strong><em>Deum</em></strong></span> <span class='ocrx_word' id='word_1_442' title='bbox 1261 4586 1528 4654; x_wconf 73' lang='lat' dir='ltr'><strong><em>Verbum,</em></strong></span> <span class='ocrx_word' id='word_1_443' title='bbox 1560 4587 1851 4644; x_wconf 84' lang='lat' dir='ltr'><strong><em>Dominum</em></strong></span> <span class='ocrx_word' id='word_1_444' title='bbox 1877 4590 2092 4657; x_wconf 82' lang='lat' dir='ltr'><strong><em>Jesum,</em></strong></span> 
     </span>
    </p>
   </div>
   <div class='ocr_carea' id='block_1_53' title="bbox 426 4671 2098 4754">
    <p class='ocr_par' dir='ltr' id='par_1_53' title="bbox 426 4671 2098 4754">
     <span class='ocr_line' id='line_1_53' title="bbox 426 4671 2098 4754; baseline 0.001 -20"><span class='ocrx_word' id='word_1_445' title='bbox 502 4679 660 4734; x_wconf 67' lang='lat' dir='ltr'><strong><em>sicut</em></strong></span> <span class='ocrx_word' id='word_1_446' title='bbox 685 4678 756 4732; x_wconf 85' lang='lat' dir='ltr'><strong><em>ab</em></strong></span> <span class='ocrx_word' id='word_1_447' title='bbox 787 4677 948 4731; x_wconf 78' lang='lat' dir='ltr'><strong><em>initio</em></strong></span> <span class='ocrx_word' id='word_1_448' title='bbox 975 4676 1136 4730; x_wconf 90' lang='lat' dir='ltr'><strong><em>nobis</em></strong></span> <span class='ocrx_word' id='word_1_449' title='bbox 1177 4676 1462 4746; x_wconf 63' lang='lat' dir='ltr'><strong><em>prophetae</em></strong></span> <span class='ocrx_word' id='word_1_450' title='bbox 1489 4676 1769 4744; x_wconf 77' lang='lat' dir='ltr'><strong><em>dixerunt,</em></strong></span> <span class='ocrx_word' id='word_1_451' title='bbox 1795 4679 1863 4735; x_wconf 90' lang='lat' dir='ltr'><strong><em>de</em></strong></span> <span class='ocrx_word' id='word_1_452' title='bbox 1892 4681 2004 4736; x_wconf 89' lang='lat' dir='ltr'><strong><em>Deo</em></strong></span> <span class='ocrx_word' id='word_1_453' title='bbox 2038 4690 2098 4735; x_wconf 86' lang='lat' dir='ltr'><strong><em>et</em></strong></span> 
     </span>
    </p>
   </div>
   <div class='ocr_carea' id='block_1_54' title="bbox 505 4768 2096 4842">
    <p class='ocr_par' dir='ltr' id='par_1_54' title="bbox 505 4768 2096 4842">
     <span class='ocr_line' id='line_1_54' title="bbox 505 4768 2096 4842; baseline 0.003 -18"><span class='ocrx_word' id='word_1_454' title='bbox 505 4768 1043 4841; x_wconf 72' lang='lat' dir='ltr'><strong><em>ipse-nos&#39;Christus</em></strong></span> <span class='ocrx_word' id='word_1_455' title='bbox 1073 4769 1335 4825; x_wconf 83' lang='lat' dir='ltr'><strong><em>erudivit.</em></strong></span> <span class='ocrx_word' id='word_1_456' title='bbox 1370 4770 1478 4826; x_wconf 83' lang='lat' dir='ltr'><strong><em>llas</em></strong></span> <span class='ocrx_word' id='word_1_457' title='bbox 1511 4771 1679 4842; x_wconf 89' lang='lat' dir='ltr'><strong><em>igitur</em></strong></span> <span class='ocrx_word' id='word_1_458' title='bbox 1707 4772 1844 4829; x_wconf 89' lang='lat' dir='ltr'><strong><em>duas</em></strong></span> <span class='ocrx_word' id='word_1_459' title='bbox 1870 4781 2096 4829; x_wconf 88' lang='lat' dir='ltr'><strong><em>naturas</em></strong></span> 
     </span>
    </p>
   </div>
   <div class='ocr_carea' id='block_1_55' title="bbox 507 4859 2094 4932">
    <p class='ocr_par' dir='ltr' id='par_1_55' title="bbox 507 4859 2094 4932">
     <span class='ocr_line' id='line_1_55' title="bbox 507 4859 2094 4932; baseline 0.002 -15"><span class='ocrx_word' id='word_1_460' title='bbox 507 4863 611 4918; x_wconf 78' lang='lat' dir='ltr'><strong><em>Dei</em></strong></span> <span class='ocrx_word' id='word_1_461' title='bbox 640 4861 794 4916; x_wconf 83' lang='lat' dir='ltr'><strong><em>verbi</em></strong></span> <span class='ocrx_word' id='word_1_462' title='bbox 823 4859 1040 4915; x_wconf 89' lang='lat' dir='ltr'><strong><em>Domini</em></strong></span> <span class='ocrx_word' id='word_1_463' title='bbox 1073 4861 1247 4916; x_wconf 88' lang='lat' dir='ltr'><strong><em>nostri</em></strong></span> <span class='ocrx_word' id='word_1_464' title='bbox 1277 4862 1405 4918; x_wconf 88' lang='lat' dir='ltr'><strong><em>Jesu</em></strong></span> <span class='ocrx_word' id='word_1_465' title='bbox 1439 4863 1664 4932; x_wconf 88' lang='lat' dir='ltr'><strong><em>Christi,</em></strong></span> <span class='ocrx_word' id='word_1_466' title='bbox 1698 4865 1805 4920; x_wconf 93' lang='lat' dir='ltr'><strong><em>hoc</em></strong></span> <span class='ocrx_word' id='word_1_467' title='bbox 1835 4873 1920 4920; x_wconf 88' lang='lat' dir='ltr'><strong><em>est</em></strong></span> <span class='ocrx_word' id='word_1_468' title='bbox 1951 4865 2094 4920; x_wconf 74' lang='lat' dir='ltr'><strong><em>divi-</em></strong></span> 
     </span>
    </p>
   </div>
   <div class='ocr_carea' id='block_1_56' title="bbox 513 4951 2096 5024">
    <p class='ocr_par' dir='ltr' id='par_1_56' title="bbox 513 4951 2096 5024">
     <span class='ocr_line' id='line_1_56' title="bbox 513 4951 2096 5024; baseline 0.003 -18"><span class='ocrx_word' id='word_1_469' title='bbox 513 4951 704 5007; x_wconf 86' lang='lat' dir='ltr'><strong><em>nitatis</em></strong></span> <span class='ocrx_word' id='word_1_470' title='bbox 727 4960 784 5006; x_wconf 89' lang='lat' dir='ltr'><strong><em>et</em></strong></span> <span class='ocrx_word' id='word_1_471' title='bbox 808 4951 1190 5018; x_wconf 79' lang='lat' dir='ltr'><strong><em>humanitatis,</em></strong></span> <span class='ocrx_word' id='word_1_472' title='bbox 1219 4955 1568 5024; x_wconf 86' lang='lat' dir='ltr'><strong><em>naturaliter,</em></strong></span> <span class='ocrx_word' id='word_1_473' title='bbox 1595 4955 2096 5012; x_wconf 69' lang='lat' dir='ltr'><strong><em>secundumtradi-</em></strong></span> 
     </span>
    </p>
   </div>
   <div class='ocr_carea' id='block_1_57' title="bbox 512 5045 2096 5104">
    <p class='ocr_par' dir='ltr' id='par_1_57' title="bbox 512 5045 2096 5104">
     <span class='ocr_line' id='line_1_57' title="bbox 512 5045 2096 5104; baseline 0.003 -6"><span class='ocrx_word' id='word_1_474' title='bbox 512 5045 720 5098; x_wconf 87' lang='lat' dir='ltr'><strong><em>tionem</em></strong></span> <span class='ocrx_word' id='word_1_475' title='bbox 762 5053 1082 5100; x_wconf 83' lang='lat' dir='ltr'><strong><em>sanctorum</em></strong></span> <span class='ocrx_word' id='word_1_476' title='bbox 1109 5047 1333 5102; x_wconf 85' lang='lat' dir='ltr'><strong><em>Patrum</em></strong></span> <span class='ocrx_word' id='word_1_477' title='bbox 1365 5048 1647 5104; x_wconf 86' lang='lat' dir='ltr'><strong><em>credimus</em></strong></span> <span class='ocrx_word' id='word_1_478' title='bbox 1685 5058 1742 5104; x_wconf 90' lang='lat' dir='ltr'><strong><em>et</em></strong></span> <span class='ocrx_word' id='word_1_479' title='bbox 1767 5049 2096 5104; x_wconf 86' lang='lat' dir='ltr'><strong><em>conﬁtemur</em></strong></span> 
     </span>
    </p>
   </div>
   <div class='ocr_carea' id='block_1_58' title="bbox 509 5135 2096 5207">
    <p class='ocr_par' dir='ltr' id='par_1_58' title="bbox 509 5135 2096 5207">
     <span class='ocr_line' id='line_1_58' title="bbox 509 5135 2096 5207; baseline 0.004 -18"><span class='ocrx_word' id='word_1_480' title='bbox 509 5135 722 5201; x_wconf 85' lang='lat' dir='ltr'><strong><em>unitas,</em></strong></span> <span class='ocrx_word' id='word_1_481' title='bbox 741 5151 928 5207; x_wconf 82' lang='lat' dir='ltr'><strong><em>eoque</em></strong></span> <span class='ocrx_word' id='word_1_482' title='bbox 951 5146 1154 5194; x_wconf 71' lang='lat' dir='ltr'><strong><em>natura</em></strong></span> <span class='ocrx_word' id='word_1_483' title='bbox 1190 5139 1524 5195; x_wconf 80' lang='lat' dir='ltr'><strong><em>inviolabilis</em></strong></span> <span class='ocrx_word' id='word_1_484' title='bbox 1555 5141 1652 5196; x_wconf 91' lang='lat' dir='ltr'><strong><em>Dei</em></strong></span> <span class='ocrx_word' id='word_1_485' title='bbox 1679 5141 2096 5206; x_wconf 72' lang='lat' dir='ltr'><strong><em>Verbi,naturte</em></strong></span> 
     </span>
    </p>
   </div>
   <div class='ocr_carea' id='block_1_59' title="bbox 506 5227 2095 5302">
    <p class='ocr_par' dir='ltr' id='par_1_59' title="bbox 506 5227 2095 5302">
     <span class='ocr_line' id='line_1_59' title="bbox 506 5227 2095 5302; baseline 0.004 -20"><span class='ocrx_word' id='word_1_486' title='bbox 506 5235 595 5283; x_wconf 86' lang='lat' dir='ltr'><strong><em>est</em></strong></span> <span class='ocrx_word' id='word_1_487' title='bbox 628 5227 781 5283; x_wconf 85' lang='lat' dir='ltr'><strong><em>unita</em></strong></span> <span class='ocrx_word' id='word_1_488' title='bbox 813 5228 1097 5298; x_wconf 82' lang='lat' dir='ltr'><strong><em>.passibili,</em></strong></span> <span class='ocrx_word' id='word_1_489' title='bbox 1139 5229 1460 5286; x_wconf 88' lang='lat' dir='ltr'><strong><em>beatissimo</em></strong></span> <span class='ocrx_word' id='word_1_490' title='bbox 1501 5230 1666 5287; x_wconf 87' lang='lat' dir='ltr'><strong><em>simul</em></strong></span> <span class='ocrx_word' id='word_1_491' title='bbox 1693 5241 1860 5302; x_wconf 89' lang='lat' dir='ltr'><strong><em>atque</em></strong></span> <span class='ocrx_word' id='word_1_492' title='bbox 1887 5233 2095 5288; x_wconf 87' lang='lat' dir='ltr'><strong><em>doctis-</em></strong></span> 
     </span>
    </p>
   </div>
   <div class='ocr_carea' id='block_1_60' title="bbox 510 5319 2094 5391">
    <p class='ocr_par' dir='ltr' id='par_1_60' title="bbox 510 5319 2094 5391">
     <span class='ocr_line' id='line_1_60' title="bbox 510 5319 2094 5391; baseline 0.004 -17"><span class='ocrx_word' id='word_1_493' title='bbox 510 5321 653 5376; x_wconf 86' lang='lat' dir='ltr'><strong><em>sitno</em></strong></span> <span class='ocrx_word' id='word_1_494' title='bbox 701 5319 1004 5376; x_wconf 85' lang='lat' dir='ltr'><strong><em>Athanasio</em></strong></span> <span class='ocrx_word' id='word_1_495' title='bbox 1051 5321 1271 5378; x_wconf 88' lang='lat' dir='ltr'><strong><em>dicente</em></strong></span> <span class='ocrx_word' id='word_1_496' title='bbox 1301 5341 1313 5376; x_wconf 95' lang='lat'>:</span> <span class='ocrx_word' id='word_1_497' title='bbox 1341 5323 1581 5379; x_wconf 77' lang='lat' dir='ltr'><strong><em>Verbum</em></strong></span> <span class='ocrx_word' id='word_1_498' title='bbox 1621 5340 1774 5391; x_wconf 90' lang='lat' dir='ltr'><strong><em>caro,</em></strong></span> <span class='ocrx_word' id='word_1_499' title='bbox 1818 5340 1930 5380; x_wconf 88' lang='lat' dir='ltr'><strong><em>non</em></strong></span> <span class='ocrx_word' id='word_1_500' title='bbox 1963 5340 2094 5380; x_wconf 88' lang='lat' dir='ltr'><strong><em>caro</em></strong></span> 
     </span>
    </p>
   </div>
   <div class='ocr_carea' id='block_1_61' title="bbox 508 5413 2094 5472">
    <p class='ocr_par' dir='ltr' id='par_1_61' title="bbox 508 5413 2094 5472">
     <span class='ocr_line' id='line_1_61' title="bbox 508 5413 2094 5472; baseline 0.003 -4"><span class='ocrx_word' id='word_1_501' title='bbox 508 5413 748 5469; x_wconf 74' lang='lat' dir='ltr'><strong><em>Verbum</em></strong></span> <span class='ocrx_word' id='word_1_502' title='bbox 797 5413 1002 5468; x_wconf 83' lang='lat' dir='ltr'><strong><em>factum</em></strong></span> <span class='ocrx_word' id='word_1_503' title='bbox 1036 5423 1152 5469; x_wconf 74' lang='lat' dir='ltr'><strong><em>est.</em></strong></span> <span class='ocrx_word' id='word_1_504' title='bbox 1199 5415 1438 5471; x_wconf 81' lang='lat' dir='ltr'><strong><em>Verbum</em></strong></span> <span class='ocrx_word' id='word_1_505' title='bbox 1483 5426 1668 5471; x_wconf 88' lang='lat' dir='ltr'><strong><em>autem</em></strong></span> <span class='ocrx_word' id='word_1_506' title='bbox 1714 5433 1846 5472; x_wconf 90' lang='lat' dir='ltr'><strong><em>caro</em></strong></span> <span class='ocrx_word' id='word_1_507' title='bbox 1889 5417 2094 5472; x_wconf 80' lang='lat' dir='ltr'><strong><em>factum</em></strong></span> 
     </span>
    </p>
   </div>
   <div class='ocr_carea' id='block_1_62' title="bbox 513 5506 2094 5580">
    <p class='ocr_par' dir='ltr' id='par_1_62' title="bbox 513 5506 2094 5580">
     <span class='ocr_line' id='line_1_62' title="bbox 513 5506 2094 5580; baseline 0.003 -21"><span class='ocrx_word' id='word_1_508' title='bbox 513 5506 738 5570; x_wconf 87' lang='lat' dir='ltr'><strong><em>dicitur,</em></strong></span> <span class='ocrx_word' id='word_1_509' title='bbox 771 5507 902 5576; x_wconf 86' lang='lat' dir='ltr'><strong><em>quia</em></strong></span> <span class='ocrx_word' id='word_1_510' title='bbox 928 5507 1093 5561; x_wconf 84' lang='lat' dir='ltr'><strong><em>Verbi</em></strong></span> <span class='ocrx_word' id='word_1_511' title='bbox 1138 5507 1282 5562; x_wconf 78' lang='lat' dir='ltr'><strong><em>facta</em></strong></span> <span class='ocrx_word' id='word_1_512' title='bbox 1325 5521 1411 5562; x_wconf 87' lang='lat' dir='ltr'><strong><em>cst</em></strong></span> <span class='ocrx_word' id='word_1_513' title='bbox 1439 5523 1586 5575; x_wconf 88' lang='lat' dir='ltr'><strong><em>caro,</em></strong></span> <span class='ocrx_word' id='word_1_514' title='bbox 1620 5520 1675 5564; x_wconf 86' lang='lat' dir='ltr'><strong><em>et</em></strong></span> <span class='ocrx_word' id='word_1_515' title='bbox 1720 5525 1830 5562; x_wconf 89' lang='lat' dir='ltr'><strong><em>non</em></strong></span> <span class='ocrx_word' id='word_1_516' title='bbox 1860 5510 2094 5580; x_wconf 84' lang='lat' dir='ltr'><strong><em>alicujus</em></strong></span> 
     </span>
    </p>
   </div>
   <div class='ocr_carea' id='block_1_63' title="bbox 513 5597 2093 5664">
    <p class='ocr_par' dir='ltr' id='par_1_63' title="bbox 513 5597 2093 5664">
     <span class='ocr_line' id='line_1_63' title="bbox 513 5597 2093 5664; baseline 0.003 -14"><span class='ocrx_word' id='word_1_517' title='bbox 513 5597 776 5663; x_wconf 89' lang='lat' dir='ltr'><strong><em>hominis,</em></strong></span> <span class='ocrx_word' id='word_1_518' title='bbox 805 5598 910 5652; x_wconf 87' lang='lat' dir='ltr'><strong><em>hoc</em></strong></span> <span class='ocrx_word' id='word_1_519' title='bbox 949 5606 1053 5663; x_wconf 87' lang='lat' dir='ltr'><strong><em>est,</em></strong></span> <span class='ocrx_word' id='word_1_520' title='bbox 1087 5599 1228 5652; x_wconf 80' lang='lat' dir='ltr'><strong><em>Deus</em></strong></span> <span class='ocrx_word' id='word_1_521' title='bbox 1255 5597 1419 5651; x_wconf 81' lang='lat' dir='ltr'><strong><em>homo</em></strong></span> <span class='ocrx_word' id='word_1_522' title='bbox 1460 5597 1638 5653; x_wconf 81' lang='lat' dir='ltr'><strong><em>factus</em></strong></span> <span class='ocrx_word' id='word_1_523' title='bbox 1660 5609 1768 5664; x_wconf 87' lang='lat' dir='ltr'><strong><em>cst,</em></strong></span> <span class='ocrx_word' id='word_1_524' title='bbox 1798 5609 1853 5654; x_wconf 92' lang='lat' dir='ltr'><strong><em>et</em></strong></span> <span class='ocrx_word' id='word_1_525' title='bbox 1891 5600 2093 5656; x_wconf 78' lang='lat' dir='ltr'><strong><em>dicitur</em></strong></span> 
     </span>
    </p>
   </div>
   <div class='ocr_carea' id='block_1_64' title="bbox 509 5689 2093 5762">
    <p class='ocr_par' dir='ltr' id='par_1_64' title="bbox 509 5689 2093 5762">
     <span class='ocr_line' id='line_1_64' title="bbox 509 5689 2093 5762; baseline 0.003 -20"><span class='ocrx_word' id='word_1_526' title='bbox 509 5703 662 5752; x_wconf 80' lang='lat' dir='ltr'><strong><em>caro,</em></strong></span> <span class='ocrx_word' id='word_1_527' title='bbox 695 5705 764 5743; x_wconf 89' lang='lat' dir='ltr'><strong><em>ue</em></strong></span> <span class='ocrx_word' id='word_1_528' title='bbox 803 5689 1143 5758; x_wconf 70' lang='lat' dir='ltr'><strong><em>praetcreatis</em></strong></span> <span class='ocrx_word' id='word_1_529' title='bbox 1187 5690 1370 5744; x_wconf 87' lang='lat' dir='ltr'><strong><em>carnis</em></strong></span> <span class='ocrx_word' id='word_1_530' title='bbox 1417 5706 1636 5744; x_wconf 86' lang='lat' dir='ltr'><strong><em>nomen.</em></strong></span> <span class='ocrx_word' id='word_1_531' title='bbox 1666 5693 1779 5747; x_wconf 85' lang='lat' dir='ltr'><strong><em>Cur</em></strong></span> <span class='ocrx_word' id='word_1_532' title='bbox 1808 5709 1942 5762; x_wconf 81' lang='lat' dir='ltr'><strong><em>ergo</em></strong></span> <span class='ocrx_word' id='word_1_533' title='bbox 1981 5707 2093 5746; x_wconf 86' lang='lat' dir='ltr'><strong><em>non</em></strong></span> 
     </span>
    </p>
   </div>
   <div class='ocr_carea' id='block_1_65' title="bbox 498 5779 2092 5864">
    <p class='ocr_par' dir='ltr' id='par_1_65' title="bbox 498 5779 2092 5864">
     <span class='ocr_line' id='line_1_65' title="bbox 498 5779 2092 5864; baseline 0.001 -27"><span class='ocrx_word' id='word_1_534' title='bbox 498 5779 712 5838; x_wconf 55' lang='lat' dir='ltr'><strong><em>indicit</em></strong></span> <span class='ocrx_word' id='word_1_535' title='bbox 757 5780 919 5837; x_wconf 87' lang='lat' dir='ltr'><strong><em>nobis</em></strong></span> <span class='ocrx_word' id='word_1_536' title='bbox 963 5781 1230 5836; x_wconf 83' lang='lat' dir='ltr'><strong><em>naturalis</em></strong></span> <span class='ocrx_word' id='word_1_537' title='bbox 1271 5781 1451 5837; x_wconf 87' lang='lat' dir='ltr'><strong><em>unitio</em></strong></span> <span class='ocrx_word' id='word_1_538' title='bbox 1497 5782 1660 5838; x_wconf 76' lang='lat' dir='ltr'><strong><em>Verbi</em></strong></span> <span class='ocrx_word' id='word_1_539' title='bbox 1705 5784 1771 5838; x_wconf 88' lang='lat' dir='ltr'><strong><em>ad</em></strong></span> <span class='ocrx_word' id='word_1_540' title='bbox 1813 5783 2092 5864; x_wconf 75' lang='lat' dir='ltr'><strong><em>propriam</em></strong></span> 
     </span>
    </p>
   </div>
   <div class='ocr_carea' id='block_1_66' title="bbox 2200 4221 3792 4292">
    <p class='ocr_par' dir='ltr' id='par_1_66' title="bbox 2200 4221 3792 4292">
     <span class='ocr_line' id='line_1_66' title="bbox 2200 4221 3792 4292; baseline 0.006 -17"><span class='ocrx_word' id='word_1_541' title='bbox 2200 4221 2294 4291; x_wconf 92' lang='lat' dir='ltr'><strong><em>qui</em></strong></span> <span class='ocrx_word' id='word_1_542' title='bbox 2325 4221 2498 4276; x_wconf 87' lang='lat' dir='ltr'><strong><em>ﬁlium</em></strong></span> <span class='ocrx_word' id='word_1_543' title='bbox 2521 4221 2634 4276; x_wconf 88' lang='lat' dir='ltr'><strong><em>ﬁlio</em></strong></span> <span class='ocrx_word' id='word_1_544' title='bbox 2653 4221 2992 4292; x_wconf 83' lang='lat' dir='ltr'><strong><em>copulatum,</em></strong></span> <span class='ocrx_word' id='word_1_545' title='bbox 3007 4231 3104 4278; x_wconf 88' lang='lat' dir='ltr'><strong><em>aut</em></strong></span> <span class='ocrx_word' id='word_1_546' title='bbox 3121 4222 3357 4280; x_wconf 89' lang='lat' dir='ltr'><strong><em>alterum</em></strong></span> <span class='ocrx_word' id='word_1_547' title='bbox 3379 4225 3792 4284; x_wconf 81' lang='lat' dir='ltr'><strong><em>inhabitantem</em></strong></span> 
     </span>
    </p>
   </div>
   <div class='ocr_carea' id='block_1_67' title="bbox 2199 4313 3791 4388">
    <p class='ocr_par' dir='ltr' id='par_1_67' title="bbox 2199 4313 3791 4388">
     <span class='ocr_line' id='line_1_67' title="bbox 2199 4313 3791 4388; baseline 0.005 -20"><span class='ocrx_word' id='word_1_548' title='bbox 2199 4313 2256 4368; x_wconf 90' lang='lat' dir='ltr'><strong><em>in</em></strong></span> <span class='ocrx_word' id='word_1_549' title='bbox 2277 4313 2472 4380; x_wconf 88' lang='lat' dir='ltr'><strong><em>altero,</em></strong></span> <span class='ocrx_word' id='word_1_550' title='bbox 2495 4314 2728 4368; x_wconf 89' lang='lat' dir='ltr'><strong><em>alterum</em></strong></span> <span class='ocrx_word' id='word_1_551' title='bbox 2758 4321 2944 4368; x_wconf 87' lang='lat' dir='ltr'><strong><em>autem</em></strong></span> <span class='ocrx_word' id='word_1_552' title='bbox 2968 4314 3128 4369; x_wconf 88' lang='lat' dir='ltr'><strong><em>alteri</em></strong></span> <span class='ocrx_word' id='word_1_553' title='bbox 3183 4315 3520 4372; x_wconf 84' lang='lat' dir='ltr'><strong><em>conﬁtentur</em></strong></span> <span class='ocrx_word' id='word_1_554' title='bbox 3541 4321 3791 4388; x_wconf 86' lang='lat' dir='ltr'><strong><em>unitum,</em></strong></span> 
     </span>
    </p>
   </div>
   <div class='ocr_carea' id='block_1_68' title="bbox 2192 4393 3801 4482">
    <p class='ocr_par' dir='ltr' id='par_1_68' title="bbox 2192 4393 3801 4482">
     <span class='ocr_line' id='line_1_68' title="bbox 2192 4393 3801 4482; baseline 0.004 -19"><span class='ocrx_word' id='word_1_555' title='bbox 2192 4407 2508 4464; x_wconf 75' lang='lat' dir='ltr'><strong><em>secundum</em></strong></span> <span class='ocrx_word' id='word_1_556' title='bbox 2565 4407 2824 4462; x_wconf 78' lang='lat' dir='ltr'><strong><em>aﬁ&#39;ectum</em></strong></span> <span class='ocrx_word' id='word_1_557' title='bbox 2871 4417 2968 4462; x_wconf 82' lang='lat' dir='ltr'><strong><em>aut</em></strong></span> <span class='ocrx_word' id='word_1_558' title='bbox 3011 4409 3268 4479; x_wconf 78' lang='lat' dir='ltr'><strong><em>gratiam,</em></strong></span> <span class='ocrx_word' id='word_1_559' title='bbox 3317 4419 3415 4465; x_wconf 91' lang='lat' dir='ltr'><strong><em>aut</em></strong></span> <span class='ocrx_word' id='word_1_560' title='bbox 3455 4393 3801 4482; x_wconf 23' lang='lat' dir='ltr'><strong><em>dignitatem.</em></strong></span> 
     </span>
    </p>
   </div>
   <div class='ocr_carea' id='block_1_69' title="bbox 2199 4499 3795 4570">
    <p class='ocr_par' dir='ltr' id='par_1_69' title="bbox 2199 4499 3795 4570">
     <span class='ocr_line' id='line_1_69' title="bbox 2199 4499 3795 4570; baseline 0.003 -14"><span class='ocrx_word' id='word_1_561' title='bbox 2199 4509 2294 4556; x_wconf 92' lang='lat' dir='ltr'><strong><em>aut</em></strong></span> <span class='ocrx_word' id='word_1_562' title='bbox 2340 4501 2606 4570; x_wconf 68' lang='lat' dir='ltr'><strong><em>aequalem</em></strong></span> <span class='ocrx_word' id='word_1_563' title='bbox 2632 4499 2902 4555; x_wconf 88' lang='lat' dir='ltr'><strong><em>honorem</em></strong></span> <span class='ocrx_word' id='word_1_564' title='bbox 2952 4500 3070 4556; x_wconf 84' lang='lat' dir='ltr'><strong><em>sive</em></strong></span> <span class='ocrx_word' id='word_1_565' title='bbox 3115 4503 3523 4568; x_wconf 88' lang='lat' dir='ltr'><strong><em>auctoritatem,</em></strong></span> <span class='ocrx_word' id='word_1_566' title='bbox 3557 4515 3654 4560; x_wconf 89' lang='lat' dir='ltr'><strong><em>aut</em></strong></span> <span class='ocrx_word' id='word_1_567' title='bbox 3693 4520 3795 4561; x_wconf 84' lang='lat' dir='ltr'><strong><em>se-</em></strong></span> 
     </span>
    </p>
   </div>
   <div class='ocr_carea' id='block_1_70' title="bbox 2198 4581 3792 4662">
    <p class='ocr_par' dir='ltr' id='par_1_70' title="bbox 2198 4581 3792 4662">
     <span class='ocr_line' id='line_1_70' title="bbox 2198 4581 3792 4662; baseline 0.004 -15"><span class='ocrx_word' id='word_1_568' title='bbox 2198 4591 2442 4648; x_wconf 91' lang='lat' dir='ltr'><strong><em>cundum</em></strong></span> <span class='ocrx_word' id='word_1_569' title='bbox 2486 4592 3086 4662; x_wconf 84' lang='lat' dir='ltr'><strong><em>connuncupationetn,</em></strong></span> <span class='ocrx_word' id='word_1_570' title='bbox 3133 4602 3229 4648; x_wconf 84' lang='lat' dir='ltr'><strong><em>aut</em></strong></span> <span class='ocrx_word' id='word_1_571' title='bbox 3261 4581 3636 4660; x_wconf 83' lang='lat' dir='ltr'><strong><em>concordiam,</em></strong></span> <span class='ocrx_word' id='word_1_572' title='bbox 3685 4607 3792 4654; x_wconf 81' lang='lat' dir='ltr'><strong><em>aut</em></strong></span> 
     </span>
    </p>
   </div>
   <div class='ocr_carea' id='block_1_71' title="bbox 2196 4683 3786 4756">
    <p class='ocr_par' dir='ltr' id='par_1_71' title="bbox 2196 4683 3786 4756">
     <span class='ocr_line' id='line_1_71' title="bbox 2196 4683 3786 4756; baseline 0.005 -17"><span class='ocrx_word' id='word_1_573' title='bbox 2196 4683 2646 4748; x_wconf 88' lang='lat' dir='ltr'><strong><em>illustrationem,</em></strong></span> <span class='ocrx_word' id='word_1_574' title='bbox 2691 4686 2806 4738; x_wconf 85' lang='lat' dir='ltr'><strong><em>sive</em></strong></span> <span class='ocrx_word' id='word_1_575' title='bbox 2853 4683 3156 4739; x_wconf 86' lang='lat' dir='ltr'><strong><em>secundum</em></strong></span> <span class='ocrx_word' id='word_1_576' title='bbox 3191 4685 3655 4756; x_wconf 81' lang='lat' dir='ltr'><strong><em>inoperationem,</em></strong></span> <span class='ocrx_word' id='word_1_577' title='bbox 3683 4701 3786 4747; x_wconf 83' lang='lat' dir='ltr'><strong><em>aut</em></strong></span> 
     </span>
    </p>
   </div>
   <div class='ocr_carea' id='block_1_72' title="bbox 2191 4774 3790 4853">
    <p class='ocr_par' dir='ltr' id='par_1_72' title="bbox 2191 4774 3790 4853">
     <span class='ocr_line' id='line_1_72' title="bbox 2191 4774 3790 4853; baseline 0.007 -25"><span class='ocrx_word' id='word_1_578' title='bbox 2191 4774 2542 4845; x_wconf 86' lang='lat' dir='ltr'><strong><em>personalem</em></strong></span> <span class='ocrx_word' id='word_1_579' title='bbox 2587 4775 2784 4828; x_wconf 82' lang='lat' dir='ltr'><strong><em>factam</em></strong></span> <span class='ocrx_word' id='word_1_580' title='bbox 2797 4775 3032 4830; x_wconf 90' lang='lat' dir='ltr'><strong><em>eredunt</em></strong></span> <span class='ocrx_word' id='word_1_581' title='bbox 3047 4777 3374 4844; x_wconf 83' lang='lat' dir='ltr'><strong><em>unitionem,</em></strong></span> <span class='ocrx_word' id='word_1_582' title='bbox 3396 4779 3556 4835; x_wconf 82' lang='lat' dir='ltr'><strong><em>beato</em></strong></span> <span class='ocrx_word' id='word_1_583' title='bbox 3573 4780 3790 4853; x_wconf 76' lang='lat' dir='ltr'><strong><em>Cyrillo</em></strong></span> 
     </span>
    </p>
   </div>
   <div class='ocr_carea' id='block_1_73' title="bbox 2197 4856 3788 4938">
    <p class='ocr_par' dir='ltr' id='par_1_73' title="bbox 2197 4856 3788 4938">
     <span class='ocr_line' id='line_1_73' title="bbox 2197 4856 3788 4938; baseline 0.006 -16"><span class='ocrx_word' id='word_1_584' title='bbox 2197 4867 2254 4922; x_wconf 89' lang='lat' dir='ltr'><strong><em>in</em></strong></span> <span class='ocrx_word' id='word_1_585' title='bbox 2299 4856 2542 4938; x_wconf 69' lang='lat' dir='ltr'><strong><em>capitulo</em></strong></span> <span class='ocrx_word' id='word_1_586' title='bbox 2591 4867 2754 4922; x_wconf 87' lang='lat' dir='ltr'><strong><em>tertio</em></strong></span> <span class='ocrx_word' id='word_1_587' title='bbox 2798 4877 2990 4922; x_wconf 88' lang='lat' dir='ltr'><strong><em>contra</em></strong></span> <span class='ocrx_word' id='word_1_588' title='bbox 3029 4869 3347 4925; x_wconf 75' lang='lat' dir='ltr'><strong><em>Nestorium</em></strong></span> <span class='ocrx_word' id='word_1_589' title='bbox 3395 4871 3616 4929; x_wconf 85' lang='lat' dir='ltr'><strong><em>dicente</em></strong></span> <span class='ocrx_word' id='word_1_590' title='bbox 3663 4892 3676 4928; x_wconf 88' lang='lat'>:</span> <span class='ocrx_word' id='word_1_591' title='bbox 3720 4875 3788 4932; x_wconf 90' lang='lat' dir='ltr'><strong><em>Si</em></strong></span> 
     </span>
    </p>
   </div>
   <div class='ocr_carea' id='block_1_74' title="bbox 2197 4957 3785 5036">
    <p class='ocr_par' dir='ltr' id='par_1_74' title="bbox 2197 4957 3785 5036">
     <span class='ocr_line' id='line_1_74' title="bbox 2197 4957 3785 5036; baseline 0.005 -23"><span class='ocrx_word' id='word_1_592' title='bbox 2197 4959 2322 5030; x_wconf 82' lang='lat' dir='ltr'><strong><em>quis</em></strong></span> <span class='ocrx_word' id='word_1_593' title='bbox 2357 4959 2415 5013; x_wconf 90' lang='lat' dir='ltr'><strong><em>in</em></strong></span> <span class='ocrx_word' id='word_1_594' title='bbox 2446 4974 2558 5014; x_wconf 91' lang='lat' dir='ltr'><strong><em>uno</em></strong></span> <span class='ocrx_word' id='word_1_595' title='bbox 2589 4957 2808 5015; x_wconf 88' lang='lat' dir='ltr'><strong><em>Christo</em></strong></span> <span class='ocrx_word' id='word_1_596' title='bbox 2847 4958 3048 5015; x_wconf 82' lang='lat' dir='ltr'><strong><em>dividit</em></strong></span> <span class='ocrx_word' id='word_1_597' title='bbox 3098 4961 3435 5019; x_wconf 81' lang='lat' dir='ltr'><strong><em>substantias</em></strong></span> <span class='ocrx_word' id='word_1_598' title='bbox 3484 4974 3610 5036; x_wconf 91' lang='lat' dir='ltr'><strong><em>post</em></strong></span> <span class='ocrx_word' id='word_1_599' title='bbox 3649 4967 3785 5022; x_wconf 90' lang='lat' dir='ltr'><strong><em>uni-</em></strong></span> 
     </span>
    </p>
   </div>
   <div class='ocr_carea' id='block_1_75' title="bbox 2198 5051 3786 5116">
    <p class='ocr_par' dir='ltr' id='par_1_75' title="bbox 2198 5051 3786 5116">
     <span class='ocr_line' id='line_1_75' title="bbox 2198 5051 3786 5116; baseline 0.005 -10"><span class='ocrx_word' id='word_1_600' title='bbox 2198 5059 2391 5116; x_wconf 80' lang='lat' dir='ltr'><strong><em>tatem,</em></strong></span> <span class='ocrx_word' id='word_1_601' title='bbox 2429 5051 2543 5106; x_wconf 88' lang='lat' dir='ltr'><strong><em>sola</em></strong></span> <span class='ocrx_word' id='word_1_602' title='bbox 2566 5066 2660 5107; x_wconf 84' lang='lat' dir='ltr'><strong><em>eas</em></strong></span> <span class='ocrx_word' id='word_1_603' title='bbox 2689 5051 2954 5108; x_wconf 85' lang='lat' dir='ltr'><strong><em>societate</em></strong></span> <span class='ocrx_word' id='word_1_604' title='bbox 2984 5063 3324 5110; x_wconf 90' lang='lat' dir='ltr'><strong><em>eonnectens</em></strong></span> <span class='ocrx_word' id='word_1_605' title='bbox 3354 5058 3660 5114; x_wconf 87' lang='lat' dir='ltr'><strong><em>secundum</em></strong></span> <span class='ocrx_word' id='word_1_606' title='bbox 3694 5059 3786 5114; x_wconf 86' lang='lat' dir='ltr'><strong><em>di-</em></strong></span> 
     </span>
    </p>
   </div>
   <div class='ocr_carea' id='block_1_76' title="bbox 2197 5143 3784 5228">
    <p class='ocr_par' dir='ltr' id='par_1_76' title="bbox 2197 5143 3784 5228">
     <span class='ocr_line' id='line_1_76' title="bbox 2197 5143 3784 5228; baseline 0.006 -30"><span class='ocrx_word' id='word_1_607' title='bbox 2197 5143 2484 5215; x_wconf 81' lang='lat' dir='ltr'><strong><em>gnitatem,</em></strong></span> <span class='ocrx_word' id='word_1_608' title='bbox 2517 5152 2613 5198; x_wconf 89' lang='lat' dir='ltr'><strong><em>aut</em></strong></span> <span class='ocrx_word' id='word_1_609' title='bbox 2635 5145 3022 5200; x_wconf 85' lang='lat' dir='ltr'><strong><em>auctoritatem</em></strong></span> <span class='ocrx_word' id='word_1_610' title='bbox 3050 5157 3148 5202; x_wconf 88' lang='lat' dir='ltr'><strong><em>aut</em></strong></span> <span class='ocrx_word' id='word_1_611' title='bbox 3196 5149 3522 5228; x_wconf 76' lang='lat' dir='ltr'><strong><em>potentiam,</em></strong></span> <span class='ocrx_word' id='word_1_612' title='bbox 3566 5161 3623 5206; x_wconf 89' lang='lat' dir='ltr'><strong><em>et</em></strong></span> <span class='ocrx_word' id='word_1_613' title='bbox 3663 5169 3784 5209; x_wconf 89' lang='lat' dir='ltr'><strong><em>non</em></strong></span> 
     </span>
    </p>
   </div>
   <div class='ocr_carea' id='block_1_77' title="bbox 2189 5235 3785 5306">
    <p class='ocr_par' dir='ltr' id='par_1_77' title="bbox 2189 5235 3785 5306">
     <span class='ocr_line' id='line_1_77' title="bbox 2189 5235 3785 5306; baseline 0.008 -18"><span class='ocrx_word' id='word_1_614' title='bbox 2189 5235 2374 5306; x_wconf 78' lang='lat' dir='ltr'><strong><em>magis</em></strong></span> <span class='ocrx_word' id='word_1_615' title='bbox 2403 5246 2680 5292; x_wconf 89' lang='lat' dir='ltr'><strong><em>convento</em></strong></span> <span class='ocrx_word' id='word_1_616' title='bbox 2716 5237 2784 5292; x_wconf 90' lang='lat' dir='ltr'><strong><em>ad</em></strong></span> <span class='ocrx_word' id='word_1_617' title='bbox 2817 5238 3086 5292; x_wconf 87' lang='lat' dir='ltr'><strong><em>unitatem</em></strong></span> <span class='ocrx_word' id='word_1_618' title='bbox 3114 5239 3444 5305; x_wconf 88' lang='lat' dir='ltr'><strong><em>naturalem,</em></strong></span> <span class='ocrx_word' id='word_1_619' title='bbox 3483 5243 3785 5302; x_wconf 84' lang='lat' dir='ltr'><strong><em>anathema</em></strong></span> 
     </span>
    </p>
   </div>
   <div class='ocr_carea' id='block_1_78' title="bbox 2197 5327 3787 5402">
    <p class='ocr_par' dir='ltr' id='par_1_78' title="bbox 2197 5327 3787 5402">
     <span class='ocr_line' id='line_1_78' title="bbox 2197 5327 3787 5402; baseline 0.007 -22"><span class='ocrx_word' id='word_1_620' title='bbox 2197 5327 2289 5380; x_wconf 89' lang='lat' dir='ltr'><strong><em>sit.</em></strong></span> <span class='ocrx_word' id='word_1_621' title='bbox 2326 5327 2594 5382; x_wconf 91' lang='lat' dir='ltr'><strong><em>Similiter</em></strong></span> <span class='ocrx_word' id='word_1_622' title='bbox 2631 5328 2827 5384; x_wconf 86' lang='lat' dir='ltr'><strong><em>beatus</em></strong></span> <span class='ocrx_word' id='word_1_623' title='bbox 2867 5329 3169 5401; x_wconf 76' lang='lat' dir='ltr'><strong><em>Gregorius</em></strong></span> <span class='ocrx_word' id='word_1_624' title='bbox 3213 5329 3270 5384; x_wconf 92' lang='lat' dir='ltr'><strong><em>in</em></strong></span> <span class='ocrx_word' id='word_1_625' title='bbox 3303 5331 3547 5402; x_wconf 86' lang='lat' dir='ltr'><strong><em>Epistola</em></strong></span> <span class='ocrx_word' id='word_1_626' title='bbox 3581 5335 3650 5389; x_wconf 88' lang='lat' dir='ltr'><strong><em>ad</em></strong></span> <span class='ocrx_word' id='word_1_627' title='bbox 3685 5337 3787 5390; x_wconf 89' lang='lat' dir='ltr'><strong><em>Di-</em></strong></span> 
     </span>
    </p>
   </div>
   <div class='ocr_carea' id='block_1_79' title="bbox 2190 5417 3784 5494">
    <p class='ocr_par' dir='ltr' id='par_1_79' title="bbox 2190 5417 3784 5494">
     <span class='ocr_line' id='line_1_79' title="bbox 2190 5417 3784 5494; baseline 0.007 -23"><span class='ocrx_word' id='word_1_628' title='bbox 2190 5417 2429 5472; x_wconf 75' lang='lat' dir='ltr'><strong><em>donium</em></strong></span> <span class='ocrx_word' id='word_1_629' title='bbox 2461 5437 2474 5472; x_wconf 90' lang='lat'><strong>:</strong></span> <span class='ocrx_word' id='word_1_630' title='bbox 2511 5418 2569 5474; x_wconf 90' lang='lat' dir='ltr'><strong><em>Si</em></strong></span> <span class='ocrx_word' id='word_1_631' title='bbox 2599 5421 2750 5490; x_wconf 87' lang='lat' dir='ltr'><strong><em>quis,</em></strong></span> <span class='ocrx_word' id='word_1_632' title='bbox 2785 5421 2988 5490; x_wconf 85' lang='lat' dir='ltr'><strong><em>inquit,</em></strong></span> <span class='ocrx_word' id='word_1_633' title='bbox 3021 5421 3168 5476; x_wconf 88' lang='lat' dir='ltr'><strong><em>sicut</em></strong></span> <span class='ocrx_word' id='word_1_634' title='bbox 3189 5421 3245 5476; x_wconf 89' lang='lat' dir='ltr'><strong><em>in</em></strong></span> <span class='ocrx_word' id='word_1_635' title='bbox 3269 5423 3540 5494; x_wconf 87' lang='lat' dir='ltr'><strong><em>propheta</em></strong></span> <span class='ocrx_word' id='word_1_636' title='bbox 3572 5440 3784 5481; x_wconf 80' lang='lat' dir='ltr'><strong><em>secun-</em></strong></span> 
     </span>
    </p>
   </div>
   <div class='ocr_carea' id='block_1_80' title="bbox 2199 5509 3790 5584">
    <p class='ocr_par' dir='ltr' id='par_1_80' title="bbox 2199 5509 3790 5584">
     <span class='ocr_line' id='line_1_80' title="bbox 2199 5509 3790 5584; baseline 0.009 -23"><span class='ocrx_word' id='word_1_637' title='bbox 2199 5509 2332 5562; x_wconf 83' lang='lat' dir='ltr'><strong><em>dum</em></strong></span> <span class='ocrx_word' id='word_1_638' title='bbox 2371 5509 2601 5580; x_wconf 86' lang='lat' dir='ltr'><strong><em>gratiam</em></strong></span> <span class='ocrx_word' id='word_1_639' title='bbox 2693 5511 2830 5568; x_wconf 87' lang='lat' dir='ltr'><strong><em>dicit</em></strong></span> <span class='ocrx_word' id='word_1_640' title='bbox 2865 5511 3183 5582; x_wconf 83' lang='lat' dir='ltr'><strong><em>ineperasse</em></strong></span> <span class='ocrx_word' id='word_1_641' title='bbox 3224 5513 3399 5568; x_wconf 86' lang='lat' dir='ltr'><strong><em>Deum</em></strong></span> <span class='ocrx_word' id='word_1_642' title='bbox 3431 5514 3695 5584; x_wconf 79' lang='lat' dir='ltr'><strong><em>Verbum,</em></strong></span> <span class='ocrx_word' id='word_1_643' title='bbox 3723 5530 3790 5576; x_wconf 87' lang='lat' dir='ltr'><strong><em>et</em></strong></span> 
     </span>
    </p>
   </div>
   <div class='ocr_carea' id='block_1_81' title="bbox 2200 5601 3790 5677">
    <p class='ocr_par' dir='ltr' id='par_1_81' title="bbox 2200 5601 3790 5677">
     <span class='ocr_line' id='line_1_81' title="bbox 2200 5601 3790 5677; baseline 0.009 -23"><span class='ocrx_word' id='word_1_644' title='bbox 2200 5616 2310 5654; x_wconf 88' lang='lat' dir='ltr'><strong><em>non</em></strong></span> <span class='ocrx_word' id='word_1_645' title='bbox 2334 5601 2774 5658; x_wconf 89' lang='lat' dir='ltr'><strong><em>substantialiter</em></strong></span> <span class='ocrx_word' id='word_1_646' title='bbox 2799 5604 2999 5658; x_wconf 84' lang='lat' dir='ltr'><strong><em>iactam</em></strong></span> <span class='ocrx_word' id='word_1_647' title='bbox 3027 5603 3324 5659; x_wconf 86' lang='lat' dir='ltr'><strong><em>conﬁtetur</em></strong></span> <span class='ocrx_word' id='word_1_648' title='bbox 3347 5606 3676 5677; x_wconf 86' lang='lat' dir='ltr'><strong><em>unitionetn,</em></strong></span> <span class='ocrx_word' id='word_1_649' title='bbox 3709 5613 3790 5668; x_wconf 74' lang='lat' dir='ltr'><strong><em>sit</em></strong></span> 
     </span>
    </p>
   </div>
   <div class='ocr_carea' id='block_1_82' title="bbox 2204 5696 3788 5772">
    <p class='ocr_par' dir='ltr' id='par_1_82' title="bbox 2204 5696 3788 5772">
     <span class='ocr_line' id='line_1_82' title="bbox 2204 5696 3788 5772; baseline 0.008 -26"><span class='ocrx_word' id='word_1_650' title='bbox 2204 5708 2408 5748; x_wconf 81' lang='lat' dir='ltr'><strong><em>vacuus</em></strong></span> <span class='ocrx_word' id='word_1_651' title='bbox 2425 5696 2673 5751; x_wconf 88' lang='lat' dir='ltr'><strong><em>melioris</em></strong></span> <span class='ocrx_word' id='word_1_652' title='bbox 2705 5697 3128 5767; x_wconf 87' lang='lat' dir='ltr'><strong><em>inoperationis,</em></strong></span> <span class='ocrx_word' id='word_1_653' title='bbox 3166 5697 3338 5768; x_wconf 79' lang='lat' dir='ltr'><strong><em>magis</em></strong></span> <span class='ocrx_word' id='word_1_654' title='bbox 3368 5709 3550 5754; x_wconf 86' lang='lat' dir='ltr'><strong><em>autem</em></strong></span> <span class='ocrx_word' id='word_1_655' title='bbox 3577 5713 3633 5756; x_wconf 91' lang='lat' dir='ltr'><strong><em>ct</em></strong></span> <span class='ocrx_word' id='word_1_656' title='bbox 3661 5703 3788 5772; x_wconf 84' lang='lat' dir='ltr'><strong><em>ple-</em></strong></span> 
     </span>
    </p>
   </div>
   <div class='ocr_carea' id='block_1_83' title="bbox 2202 5787 3793 5850">
    <p class='ocr_par' dir='ltr' id='par_1_83' title="bbox 2202 5787 3793 5850">
     <span class='ocr_line' id='line_1_83' title="bbox 2202 5787 3793 5850; baseline 0.008 -12"><span class='ocrx_word' id='word_1_657' title='bbox 2202 5801 2307 5841; x_wconf 88' lang='lat' dir='ltr'><strong><em>nus</em></strong></span> <span class='ocrx_word' id='word_1_658' title='bbox 2325 5787 2641 5843; x_wconf 86' lang='lat' dir='ltr'><strong><em>deterioris.</em></strong></span> <span class='ocrx_word' id='word_1_659' title='bbox 2677 5789 2850 5845; x_wconf 88' lang='lat' dir='ltr'><strong><em>Unam</em></strong></span> <span class='ocrx_word' id='word_1_660' title='bbox 2877 5804 3015 5845; x_wconf 89' lang='lat' dir='ltr'><strong><em>vero</em></strong></span> <span class='ocrx_word' id='word_1_661' title='bbox 3041 5789 3276 5846; x_wconf 84' lang='lat' dir='ltr'><strong><em>duarum</em></strong></span> <span class='ocrx_word' id='word_1_662' title='bbox 3300 5802 3622 5847; x_wconf 84' lang='lat' dir='ltr'><strong><em>naturarum</em></strong></span> <span class='ocrx_word' id='word_1_663' title='bbox 3651 5795 3793 5850; x_wconf 81' lang='lat' dir='ltr'><strong><em>sub-</em></strong></span> 
     </span>
    </p>
   </div>
  </div>
