3984 6296
186 342 250 412 81
1368 347 1468 407 DE
1518 344 1849 408 CHRISTI)
1902 348 2334 413 PliUFESSlO.

3397 364 3469 427 82

185 460 517 522 sistentiam,
544 457 662 512 sive
690 472 1009 527 personam,
1059 474 1223 528 quam
1258 458 1417 515 nobis
1463 461 1775 517 veneranda
1808 471 1849 525 Α
1881 463 2030 519 urbis
2044 465 2358 534 episcOpus,
2380 480 2541 535 quem
2569 466 2732 521 etiam
2765 469 3079 526 veneranda
3106 474 3312 544 recepit
3338 491 3465 546 syn-

182 549 658 605 Chalcedonensis
706 551 952 622 synodus
1001 551 1254 617 tradidit,
1296 552 1501 608 nullius
1541 555 1771 610 alterius

186 642 295 697 nisi
345 643 438 697 Dei
465 643 630 699 Verbi
667 642 941 699 inearnati
977 651 1034 698 et
1080 644 1324 700 hominis
1368 645 1497 701 facti
1547 647 1778 703 conﬁte-

185 751 334 789 mur.
379 736 614 805 Propter
659 736 810 807 quod
852 750 957 790 nec
1005 736 1158 791 illam
1205 738 1560 804 sententiam,
1608 755 1774 810 quam

182 827 343 895 quasi
387 828 722 884 contrariam
754 829 977 899 quidam
1009 829 1220 901 synodo
1245 832 1539 897 aestimant,
1582 833 1637 888 id
1667 843 1772 901 est,

184 936 355 974 uuam
401 929 659 975 naturam
686 922 803 985 _Dei
839 921 1003 977 Verbi
1036 922 1399 990 incarnatum,
1445 925 1770 991 avertimus,

181 1012 316 1081 quia
361 1011 499 1066 nihil
533 1012 684 1068 aliud
711 1012 816 1068 nisi
844 1029 1010 1068 unam
1040 1013 1461 1070 subsistentiam
1505 1015 1621 1071 sive
1642 1030 1773 1086 per-

180 1119 375 1157 sonam
407 1104 463 1158 in
492 1104 711 1160 duabus
739 1105 955 1161 naturis
980 1104 1143 1161 docet
1187 1105 1378 1162 unitis.

257 1196 411 1252 Unde
446 1204 505 1251 et
543 1197 745 1253 beatus
769 1197 1064 1254 Flavianus
1098 1199 1263 1270 hujus
1289 1199 1445 1256 urbis
1475 1202 1772 1274 episcopus

178 1287 243 1341 in
304 1287 489 1342 libello
532 1304 696 1357 quem
759 1288 833 1343 De
871 1288 978 1359 ﬁde
1031 1289 1379 1346 Theodosius
1427 1292 1767 1363 imperator,

177 1375 253 1429 ad
308 1377 685 1434 excludendos
752 1393 848 1434 eos
893 1395 1014 1450 qm,
1099 1381 1244 1435 sicut
1302 1380 1443 1447 duas
1516 1390 1766 1450 naturas,

178 1467 261 1523 ita
337 1469 477 1525 duas
562 1470 895 1547 praedicant
940 1471 1377 1539 subsistentias,
1433 1490 1597 1529 unam
1670 1475 1768 1530 Dei

177 1557 349 1613 Verbi
398 1569 655 1615 naturam
716 1562 1058 1618 incarnatum
1107 1563 1360 1619 conﬁteri
1424 1580 1537 1620 non
1608 1564 1771 1620 dubi-

177 1649 338 1715 tavit,
393 1650 587 1706 dicens
630 1670 644 1707 :
696 1653 915 1708 Etenim
960 1669 1027 1709 ex
1084 1654 1302 1711 duabus
1337 1656 1554 1712 naturis
1607 1655 1769 1711 Chri-

174 1753 323 1809 stum
349 1744 921 1812 postinearnationem
946 1762 1011 1802 ex
1038 1747 1258 1818 Virgine
1283 1755 1473 1803 sancta
1505 1748 1621 1803 sive
1642 1757 1767 1819 post

1876 554 2018 611 odus
2058 555 2548 622 Chalcedonensis,
2603 560 2671 614 ad
2729 561 3053 627 Armenios,
3099 581 3227 620 eum
3273 576 3464 624 contra
3510 621 3514 627 .

1878 645 2152 703 Theodori
2195 649 2600 720 blasphemias,
2626 668 2790 722 quam
2818 653 2901 725 [F.
2931 657 3175 731 quando]
3203 661 3463 729 quaterni

1878 746 2043 793 tatem
2061 754 2160 810 pro
2185 741 2453 797 Trinitate
2474 742 2638 812 impie
2659 744 3064 815 dogmatizavit,
3091 758 3372 819 peteretur
3395 752 3464 806 ab

1876 829 1992 900 ipsa
2039 841 2203 902 gente
2237 840 2299 887 ut
2338 833 2609 890 scriberet
2639 875 2653 901 ,
2685 836 3044 908 ejusdemque
3088 840 3464 912 blasphemias
3501 836 3511 873 ί

1875 921 2159 988 refutaret,
2182 922 2252 978 de
2290 924 2395 980 hac
2440 927 2716 983 sententia
2739 938 2823 985 est
2843 930 3082 997 loeutus,
3103 932 3327 989 dicens:
3348 934 3458 990 Sed

1871 1006 2172 1067 sciscitaris
2208 1028 2297 1069 me
2328 1013 2588 1071 fortassis
2619 1017 2776 1073 illum
2814 1019 3097 1075 novicium
3136 1037 3456 1095 vanumque
3503 1022 3507 1027 ’

1870 1095 2095 1160 sensum
2133 1118 2231 1159 seu
2286 1106 2665 1176 vaniloquum,
2720 1108 2954 1167 dicens:
3000 1111 3141 1179 Quia
3175 1113 3271 1183 qui
3307 1128 3458 1170 con-

1870 1192 2060 1249 ﬁtetur
2102 1209 2231 1249 eum
2281 1196 2377 1266 qui
2427 1198 2727 1256 cruciﬁxus
2771 1208 2875 1268 est,
2920 1201 3203 1259 Christum
3255 1206 3452 1272 Deum,

1868 1291 1925 1339 et
1962 1284 2180 1340 Patrem
2236 1296 2293 1342 et
2336 1287 2603 1358 Spiritum
2654 1301 2906 1348 sanctum
2955 1297 3281 1352 cruciﬁxum
3316 1314 3451 1353 eon-

1870 1372 2079 1441 ﬁtetur,
2130 1376 2177 1432 si
2226 1393 2333 1432 una
2377 1387 2463 1435 est
2511 1380 2804 1439 Trinitatis
2837 1395 3055 1441 natura.
3108 1388 3222 1459 Ego
3267 1397 3451 1444 autem

1866 1481 1897 1522 e
1940 1471 2221 1524 contrario
2266 1470 2469 1542 obiicio
2511 1472 2634 1539 tibi,
2688 1482 2746 1531 et
2770 1492 3001 1546 qumro:
3039 1479 3191 1536 Unus
3219 1495 3285 1536 ex
3321 1480 3448 1535 Tri-

1868 1558 2040 1613 nitate
2074 1565 2181 1626 est,
2210 1562 2306 1631 qui
2333 1563 2633 1621 cruciﬁxus
2660 1575 2766 1633 est,
2801 1581 2869 1623 an
2894 1570 3035 1625 alius
3060 1571 3262 1642 aliquis
3290 1582 3457 1627 extra

1869 1646 2235 1706 Trinitatem?
2278 1662 2335 1707 et
2384 1653 2659 1725 siquidem
2714 1673 2878 1727 unus,
2920 1661 3161 1716 solutum
3205 1669 3291 1717 est
3328 1663 3450 1734 jur-

1868 1739 2041 1809 gium.
2089 1742 2147 1798 Si
2182 1753 2365 1800 autem
2411 1747 2554 1803 alius
2609 1750 2812 1821 aliquis
2850 1761 3050 1823 pra-ter
3090 1754 3445 1820 Trinitatem,

172 1844 517 1905 assumptam
564 1845 822 1892 naturam
851 1838 1170 1905 humanam,
1209 1839 1265 1895 in
1307 1855 1417 1894 una
1459 1840 1764 1896 subsisten-
1794 1826 1837 1885 Β
1865 1841 2098 1901 quartus
2139 1843 2225 1890 est
2255 1837 2376 1893 sine
2423 1840 2597 1896 dubio
2625 1843 2813 1913 gloriae
2843 1844 3132 1912 Dominus,
3169 1856 3226 1903 et
3254 1848 3323 1904 ab
3356 1850 3451 1905 illa

172 1927 252 1980 tia
286 1927 404 1982 sive
443 1944 702 1998 persona,
753 1946 923 1985 unum
952 1930 1259 1998 Christum,
1312 1947 1486 1987 unum
1535 1932 1757 1999 Filium,

171 2035 351 2074 unum
395 2021 691 2077 Dominum
726 2022 1097 2090 conﬁtemur;
1127 2032 1184 2079 et
1212 2039 1379 2079 unam
1413 2023 1636 2095 quidem
1659 2040 1760 2079 na-

170 2123 360 2166 turam
402 2112 504 2168 Dei
538 2113 700 2169 Verbi
749 2115 1085 2171 incarnatam
1114 2116 1264 2171 unde
1311 2117 1597 2171 reuuimus
1627 2132 1761 2172 con-

165 2201 363 2256 literi?
397 2201 747 2273 Quapropter
771 2206 932 2276 impie
960 2207 1185 2276 quidam
1216 2222 1506 2277 personam
1534 2208 1757 2278 quidem

164 2291 415 2356 homini,
462 2293 880 2349 subsistentiam
921 2312 1052 2351 vero
1090 2298 1202 2352 Deo
1232 2298 1414 2353 Verbo
1458 2298 1695 2354 credunt
1726 2314 1758 2353 a

162 2385 386 2455 synodo
416 2385 757 2455 deputatam.
786 2388 905 2442 Non
934 2389 1085 2458 quod
1130 2390 1383 2445 nesciant
1413 2392 1557 2461 apud
1596 2406 1759 2463 syno-

161 2476 304 2530 dum
352 2476 594 2547 idipsum
625 2494 746 2534 esse
781 2479 1198 2536 subsistentiam
1221 2482 1367 2552 quod
1402 2491 1458 2538 et
1496 2499 1754 2553 persona,

162 2569 269 2623 sed
316 2584 381 2624 ne
426 2579 618 2639 aperte
669 2570 964 2628 videantur
1011 2573 1150 2629 duas
1206 2574 1618 2642 subsistentias,
1662 2586 1756 2632 aut

164 2660 311 2715 duas
351 2676 618 2731 personas
645 2662 1024 2730 introducere,
1052 2664 1157 2719 hoc
1179 2666 1420 2735 pessimo
1450 2666 1758 2722 abutuntur

164 2761 517 2823 argumento.
562 2752 674 2809 Nos
724 2763 907 2810 autem
941 2770 1115 2811 unum
1160 2767 1218 2812 et
1263 2756 1409 2812 idem
1447 2758 1755 2815 sentientes

163 2846 587 2902 subsistentiam
610 2862 733 2903 esse
766 2848 914 2918 quod
941 2857 998 2905 et
1020 2865 1336 2920 personam,
1373 2868 1484 2908 non
1515 2853 1756 2909 dicimus

162 2932 496 2988 Trinitatem
530 2934 589 2989 in
614 2934 838 2990 Christo
880 2936 1216 3005 inhabitare,
1259 2940 1404 2997 sicut
1435 2956 1757 2998 consueve-

162 3034 304 3080 runt
324 3025 599 3081 Theodori
649 3027 1043 3098 Mopsuestien.
1079 3041 1136 3086 et
1164 3032 1404 3089 Nestorii
1430 3044 1752 3104 sectatores,

158 3116 324 3185 quasi
353 3117 484 3187 quid
504 3126 662 3173 extra
681 3119 1008 3177 Trinitatem
1030 3123 1103 3179 sit
1134 3124 1389 3183 Christus
1413 3145 1427 3193 ;
1452 3129 1549 3184 sed
1578 3131 1751 3186 Deum

158 3182 409 3261 Verbum
454 3209 798 3280 unigenitum
832 3213 1030 3269 Filium
1074 3216 1272 3283 Patris,
1308 3220 1600 3275 Dominum
1640 3238 1744 3277 no-
1775 3182 1819 3242 α

156 3310 341 3355 strum
373 3302 562 3357 Iesum
592 3303 895 3373 Christum,
936 3309 1030 3378 qui
1065 3325 1165 3379 pro
1210 3311 1373 3367 nobis
1409 3328 1605 3383 passus
1631 3323 1739 3382 est,

154 3407 351 3459 carne,
374 3411 542 3449 unum
555 3396 622 3450 de
651 3397 826 3452 tribus
842 3399 1215 3458 subsistentiis
1249 3404 1412 3460 unius
1437 3405 1742 3463 divinitatis

152 3499 288 3540 esse
313 3486 614 3542 credimus.
639 3488 751 3544 Nec
775 3491 922 3545 enim
957 3495 1188 3550 verendi
1235 3505 1384 3562 sunt,
1405 3498 1462 3552 hi
1494 3499 1588 3569 qui
1641 3515 1744 3555 nos

154 3573 572 3642 reprehendere
596 3585 811 3634 tentant
833 3621 848 3646 ,
875 3581 1122 3640 dicentes
1142 3603 1155 3638 :
1173 3585 1283 3657 Ego
1321 3585 1491 3660 [Nego
1518 3588 1564 3662 Ἰ]
1593 3590 1742 3660 quod

153 3662 493 3719 Trinitatem
552 3666 821 3735 dividere,
864 3680 950 3727 est
1002 3672 1281 3730 Chrismm
1333 3678 1518 3734 dicere
1573 3696 1740 3735 unum

152 3752 232 3807 de
266 3753 559 3822 Trinitate,
604 3774 731 3812 cum
764 3776 833 3814 ex
872 3760 1165 3833 Trinitate,
1218 3776 1275 3822 et
1308 3769 1455 3837 quod
1504 3770 1742 3840 amplius

149 3853 267 3906 est,
320 3861 463 3902 unus
513 3849 705 3914 trimn,
752 3868 782 3906 a
832 3853 998 3909 beato
1053 3856 1267 3912 dictum
1301 3859 1374 3915 sit
1404 3860 1736 3932 Augustino.

151 3934 412 4005 DBnique
451 3937 505 3991 in
548 3939 693 3993 libro
726 3942 1033 4000 Enchiridii
1079 3949 1121 4014 ί,
1158 3948 1290 4003 dum
1337 3960 1526 4021 ageret
1559 3953 1627 4008 de
1673 3968 1740 4008 eo

148 4026 307 4096 quod
339 4026 547 4083 dictum
586 4039 671 4084 est
708 4048 723 4084 :
779 4031 985 4103 Natum.
1022 4037 1194 4092 Deum
1242 4038 1482 4095 Verbum
1522 4056 1589 4096 ex
1620 4041 1742 4111 Spi-

152 4117 269 4171 ritu
303 4129 498 4175 sancto
527 4129 583 4175 et
613 4122 780 4177 Maria
813 4124 1056 4198 Virgine,
1090 4128 1237 4184 inter
1261 4137 1456 4187 caetera
1484 4133 1561 4187 ait
1591 4151 1603 4186 :
1632 4133 1741 4188 Sed

148 4223 287 4264 eum
321 4210 467 4263 illam
497 4222 829 4279 creaturam,
876 4231 1040 4285 quam
1068 4218 1232 4290 Virgo
1277 4222 1535 4291 concepit
1562 4230 1619 4276 et
1646 4239 1742 4294 pe-

148 4302 325 4371 perit,
368 4303 622 4370 quamvis
673 4304 740 4359 ad
782 4306 953 4360 solam
1002 4307 1098 4362 ﬁlii
1130 4325 1420 4379 personam
1453 4313 1740 4382 pertinen-

148 4403 264 4447 tem
317 4403 429 4449 tota
465 4394 711 4450 Trinitas
755 4397 953 4453 fecerit
982 4398 1188 4470 (neque
1219 4402 1368 4457 enim
1401 4406 1744 4474 separabilia

1861 1921 2280 1992 gloriﬁcatione,
2308 1943 2417 1998 qua
2446 1929 2735 2001 Seraphim
2763 1934 3093 2004 glorilieant,
3112 1938 3326 1993 exsistit
3351 1953 3446 1993 ex-

1864 2020 2106 2070 traneus.
2159 2017 2252 2071 Illa
2282 2028 2470 2074 autem
2512 2023 2773 2079 animalia
2827 2025 3156 2084 'h‘initatem
3192 2029 3441 2095 laudant,

1859 2112 1916 2159 et
1937 2106 2206 2163 unitatem
2250 2111 2607 2169 conﬁtentur.
2646 2115 2769 2171 Hoc
2805 2120 3082 2174 autemvsi
3132 2136 3243 2175 non
3286 2137 3443 2177 men-

1859 2195 2069 2251 daciter
2096 2197 2258 2255 docet
2291 2217 2395 2257 vox
2434 2203 2545 2270 illa,
2575 2207 2855 2275 quomodo
2879 2220 3131 2279 qua-rtus,
3160 2228 3299 2282 quos
3328 2228 3441 2269 non

1858 2287 2148 2358 plasmavit
2201 2293 2433 2348 salvavit
2482 2313 2492 2346 :
2549 2306 2645 2352 aut
2691 2299 3126 2371 chirographum
3178 2315 3439 2373 peccato-

1858 2393 1982 2432 rum
2031 2380 2304 2439 destruxit
2337 2385 2391 2440 in
2439 2403 2624 2457 cruce,
2672 2392 2768 2461 qui
2818 2407 2929 2447 non
2980 2393 3148 2450 habet
3195 2407 3442 2466 potesta-

1857 2478 1967 2526 tem
2010 2485 2247 2543 peccata.
2288 2476 2601 2547 dimittere,
2651 2482 2697 2537 si
2749 2499 2862 2539 non
2909 2493 2996 2541 est
3044 2489 3348 2545 secundum
3388 2500 3447 2549 te

1857 2565 2042 2621 Deus?

1926 2656 1995 2711 Et
2027 2657 2223 2715 iterum
2246 2672 2371 2733 post
2388 2665 2668 2736 aliquanta
2689 2668 2783 2733 :_Si
2803 2679 2986 2727 autem
3009 2673 3256 2744 proferas
3278 2676 3436 2744 mihi,

1855 2743 2056 2815 inquit,
2076 2747 2267 2805 dicens
2292 2769 2304 2804 :
2325 2751 2461 2819 Quia
2484 2756 2579 2824 qui
2600 2757 2898 2815 conﬁtetur
2920 2743 3243 2819 cruciﬁxum
3264 2743 3439 2822 Deum

1855 2837 2077 2905 Filium,
2114 2850 2170 2896 et
2196 2843 2412 2900 Patrem
2438 2857 2494 2902 et
2525 2847 2794 2919 Spiritum
2820 2862 3072 2910 sanctum
3107 2859 3432 2925 conﬁtetur,

1855 2943 2023 3000 super
2071 2927 2269 3003 aquam
2320 2937 2542 3005 scribis,
2592 2951 2650 2996 et
2693 2957 2862 3014 super
2892 2961 3117 3002 arenam
3168 2950 3432 3007 aediﬁcas.

1852 3020 2091 3079 Attende
2117 3025 2285 3096 igitur
2312 3031 2598 3087 catholicae
2628 3033 2754 3090 ﬁdei
2791 3052 3014 3104 nervos,
3054 3049 3111 3095 et
3136 3041 3433 3098 ablueim-

1853 3112 2207 3182 prudentiam
2255 3127 2426 3175 tuam.
2477 3121 2621 3190 Quid
2666 3127 2817 3182 enim
2857 3137 2943 3185 est
3001 3132 3149 3201 quod
3195 3151 3297 3191 nos
3341 3152 3433 3192 sa-

1854 3204 2036 3274 pimus
2063 3208 2088 3262 ?
2116 3208 2174 3263 In
2196 3210 2301 3267 hac
2330 3212 2449 3282 ipsa
2477 3217 2739 3281 essentia,
2772 3235 2879 3291 qua
2909 3232 3126 3279 constat
3156 3236 3211 3282 et
3243 3229 3432 3285 unita.)

1845 3307 1931 3353 est
1962 3298 2136 3357 Filius
2164 3304 2313 3359 Patri
2362 3316 2420 3362 et
2453 3306 2709 3379 Spiritui,
2740 3328 2852 3368 non
2885 3315 3122 3372 dicimus
3147 3334 3273 3374 eum
3310 3336 3432 3392 pas-

1842 3405 1985 3458 sum,
2010 3394 2105 3449 sed
2129 3411 2292 3453 carne
2318 3415 2441 3469 quae
2463 3416 2529 3455 ex
2549 3402 2709 3459 nobis
2734 3411 2791 3459 et
2813 3422 2915 3476 pro
2934 3410 3095 3465 nobis
3118 3424 3201 3468 est
3230 3415 3427 3472 factus.

1844 3482 1967 3539 Non
2013 3497 2200 3544 autem
2229 3490 2375 3547 alius
2402 3503 2486 3548 est
2515 3496 2694 3553 factus
2718 3499 2824 3554 nisi
2855 3517 2997 3558 unus
3032 3503 3100 3558 de
3135 3506 3427 3577 Trinitate,

1844 3583 1901 3629 et
1946 3579 2243 3637 cruciﬁxus
2265 3593 2374 3649 est,
2405 3600 2572 3641 carne
2600 3603 2708 3657 qua
2755 3588 2934 3647 factus
2961 3602 3065 3659 est,
3101 3605 3158 3651 et
3201 3614 3311 3654 non
3341 3611 3426 3656 est

1845 3682 2044 3737 passus
2077 3671 2399 3741 divinitate,
2431 3693 2538 3749 qua
2563 3681 2755 3737 unitus
2780 3692 2867 3755 est
2893 3685 3041 3741 Patri
3074 3698 3129 3743 et
3165 3689 3425 3760 Spiritui,

1845 3768 1905 3815 ut
1952 3770 2007 3817 et
2049 3764 2200 3835 ipsos
2239 3770 2645 3828 concruciﬁxos
2697 3773 2962 3832 dicamus.
3015 3779 3069 3834 Si
3115 3790 3299 3837 autem
3337 3786 3425 3840 di-

1843 3868 2092 3913 ceremus
2132 3874 2261 3915 eum
2287 3862 2583 3920 divinitate
2607 3867 2958 3935 cruciﬁxum,
2996 3888 3186 3929 revera
3220 3876 3274 3930 in
3309 3878 3440 3933 Tri-

1840 3947 2013 4013 nitate
2045 3953 2359 4021 passionem
2397 3956 2807 4014 induceremus.
2838 3960 2893 4016 Si
2925 3973 3111 4019 autem
3163 3967 3438 4035 dicimus,

1842 4041 1988 4109 quod
2016 4043 2070 4097 in
2096 4058 2261 4101 carne
2285 4063 2381 4102 sua
2412 4049 2697 4119 passiones
2718 4052 2959 4107 Verbum
2994 4058 3260 4127 suscepit,
3293 4076 3425 4114 con-

1842 4131 2063 4187 ﬁtemur
2102 4137 2230 4205 quia
2279 4148 2337 4192 et
2413 4155 2556 4194 unus
2590 4150 2677 4207 est
2702 4142 2768 4197 de
2798 4145 3069 4200 Trinitate
3103 4149 3195 4217 qui
3228 4165 3433 4218 passus

1840 4231 1946 4285 est,
1972 4224 2039 4278 de
2064 4223 2164 4297 [et]
2196 4225 2484 4283 Trinitatis
2503 4238 2696 4285 natura
2724 4233 3076 4304 impassibilis
3106 4241 3327 4295 mansit.
3349 4243 3425 4298 Et

1844 4313 2043 4369 iterum
2085 4333 2098 4368 :
2142 4315 2198 4371 Si
2233 4326 2416 4373 autem
2470 4321 2806 4388 incarnatus,
2861 4325 3060 4396 inquit,
3112 4345 3237 4385 non-
3275 4343 3426 4389 esset

1841 4420 2056 4474 passus,
2111 4407 2341 4465 haberet
2391 4410 2642 4469 fortassis
2705 4416 2976 4472 rationem
3031 4423 3423 4480 versutissima

145 4494 285 4540 sunt
328 4505 497 4558 opera
535 4489 870 4561 Trinitatis),
893 4507 994 4545 cur
1047 4492 1101 4546 in
1153 4509 1218 4548 ea
1269 4496 1520 4551 facienda
1586 4499 1737 4553 solus
1770 4517 1818 4575 υ
1843 4496 2101 4566 obiectio.
2134 4495 2189 4554 Si
2217 4510 2407 4556 autem
2431 4503 2973 4579 incarnatus,passus
2999 4522 3084 4568 est
3108 4515 3417 4582 evidenter,

142 4579 413 4636 Christus
441 4583 761 4638 nominatus
793 4585 919 4639 est?
945 4586 1029 4640 An
1058 4594 1115 4641 et
1143 4589 1366 4657 quando
1392 4606 1538 4645 unus
1565 4592 1737 4646 trium

145 4671 343 4740 aliquo
368 4689 537 4742 opere
558 4674 894 4741 nominatur,
923 4677 1194 4733 universae
1217 4695 1383 4749 opera
1409 4680 1734 4752 intelligitur

147 4765 491 4820 Trinitatis?
515 4767 728 4822 Rursus
749 4768 806 4822 in
840 4769 986 4824 libro
1015 4771 1261 4827 secundo
1276 4771 1351 4825 De
1373 4773 1626 4828 Trinitate
1659 4776 1680 4806 ²
1717 4792 1731 4827 :

148 4855 375 4920 Utrum,
418 4856 617 4926 inquit,
656 4857 953 4915 indiscrete
976 4860 1123 4915 Deus
1142 4862 1462 4930 apparuerit
1484 4864 1734 4933 patribus
1761 4866 1767 4871 '

146 4947 379 5013 nostris,
437 4960 730 5019 antequam
765 4949 1020 5007 Christus
1044 4954 1262 5009 venerit
1309 4953 1364 5008 in
1405 4956 1617 5009 carne?
1645 4956 1727 5010 An

143 5039 337 5108 aliqua
381 5055 451 5094 ex
492 5040 764 5096 Trinitate
796 5058 1050 5113 persona,
1099 5060 1166 5100 an
1197 5046 1536 5115 singulatim,
1567 5047 1725 5115 quasi

141 5147 251 5202 per
282 5135 435 5187 vices
473 5136 773 5204 appareat?
805 5136 872 5190 Et
899 5137 1101 5192 iterum
1132 5146 1255 5207 post
1287 5153 1464 5208 pauca
1495 5155 1510 5192 :
1538 5138 1728 5209 Neque

140 5224 241 5279 hic
272 5239 427 5294 ergo,
462 5225 667 5296 inquit,
705 5228 993 5282 evidenter
1040 5239 1269 5299 apparet
1312 5238 1495 5282 utrum
1541 5230 1723 5300 aliqua

138 5330 210 5369 ex
237 5313 510 5369 Trinitate
550 5330 809 5385 persona,
833 5333 903 5371 an
926 5317 1192 5373 Dominus
1219 5318 1336 5388 ipse
1363 5317 1605 5373 Trinitas
1635 5319 1723 5389 (de

138 5416 260 5472 quo
306 5402 518 5457 dictum
561 5414 647 5459 est
675 5422 689 5458 :
714 5404 1002 5460 Dominum
1048 5406 1217 5461 Deum
1259 5415 1413 5461 tuum
1452 5407 1719 5473 adorabis,

137 5499 191 5543 et
237 5490 324 5545 illi
353 5492 453 5545 soli
504 5494 696 5547 servies
717 5493 761 5563 ³)
800 5496 953 5550 visus
992 5495 1158 5550 fuerit
1185 5496 1440 5550 Ahrahaa.

210 5579 319 5635 Sed
358 5582 447 5638 his
488 5583 658 5653 paulo
691 5585 1039 5641 manifestius
1070 5587 1264 5643 beatus
1301 5589 1532 5645 Proetus
1557 5590 1729 5662 hujus

1841 4588 2101 4656 quoniam
2144 4604 2308 4646 causa
2362 4593 2761 4652 incarnationis
2809 4609 2894 4654 est
2931 4617 3087 4669 crux,
3126 4605 3239 4661 hoc
3286 4623 3416 4664 cru-

1837 4678 2058 4733 ciﬁxum
2096 4691 2182 4737 est
2238 4684 2391 4753 quod
2420 4687 2765 4745 incarnatum
2798 4700 2902 4746 est.
2944 4693 2999 4749 Si
3040 4706 3222 4753 autem
3268 4703 3417 4771 quod

1835 4769 2183 4827 incarnatum
2213 4784 2320 4840 est,
2371 4779 2698 4835 cruciﬁxum
2757 4792 2862 4849 est,
2905 4786 3081 4841 Pater'
3120 4769 3305 4846 autem
3361 4801 3420 4849 et

1837 4861 2078 4932 Spiritus
2112 4880 2220 4920 non
2245 4875 2330 4922 est
2358 4871 2681 4938 cruciﬁxus,
2716 4890 2862 4930 unus
2881 4891 3013 4948 ergo
3043 4878 3111 4935 de
3138 4881 3412 4942 Trinitate

1835 4963 1921 5009 est
1957 4957 2275 5014 cruciﬁxus.
2332 4960 2687 5019 Divinitatem
2721 4981 2853 5022 vero
2894 4986 3003 5038 qua
3038 4978 3412 5035 communicat

1834 5045 1983 5102 Patri
2018 5058 2075 5104 et
2117 5048 2373 5120 Spiritui,
2406 5056 2647 5110 servavit
2672 5056 3089 5128 impassibilem,
3118 5080 3284 5122 carne
3315 5084 3415 5123 au-

1835 5146 1967 5205 tem,
1989 5155 2097 5211 qua
2122 5142 2236 5212 ipse
2258 5144 2414 5200 solus
2437 5155 2522 5226 est
2543 5146 2739 5213 factus,
2764 5151 2876 5221 ipsa
2897 5162 2953 5208 et
2979 5158 3131 5212 solus
3161 5159 3302 5213 idem
3323 5170 3410 5216 est

1834 5245 2045 5299 passus.
2079 5235 2447 5305 Quapropter,
2480 5240 2525 5293 si
2567 5242 2696 5310 quis
2725 5244 2869 5300 hanc
2896 5246 3061 5317 hujus
3102 5250 3405 5308 beatissimi

1831 5319 2013 5377 Patris
2052 5339 2220 5393 super
2278 5327 2631 5395 splendorem
2682 5334 2814 5389 solis
2857 5336 3135 5394 lucentem
3190 5351 3414 5397 senten-

1832 5412 1963 5466 tiam
2008 5416 2418 5485 reprehendere
2447 5421 2635 5486 audet,
2687 5440 2851 5480 unam
2901 5430 3073 5485 totius
3114 5430 3415 5488 Trinitatis

1830 5501 2269 5569 subsistentiam,
2327 5508 2380 5562 id
2434 5520 2521 5565 est
2570 5513 2748 5567 Patris
2796 5525 2852 5571 et
2904 5517 3025 5571 Filii
3074 5528 3129 5574 et
3165 5519 3409 5589 Spiritus

1829 5596 2029 5661 sancti,
2073 5598 2362 5656 manifeste
2405 5617 2531 5656 eum
2563 5603 2802 5661 Sabellio
2836 5608 3063 5667 credere
3101 5614 3410 5685 reprehen-

212 5759 231 5793 ⁸
268 5760 398 5834 Cap.
435 5764 531 5830 '58,
564 5771 604 5816 t.
647 5763 739 5819 lll.
813 5767 832 5796 ³
874 5764 1004 5834 Cap.
1058 5767 1137 5820 10.
1218 5771 1235 5800 ³
1275 5770 1433 5826 Deut.
1470 5787 1540 5838 vi,
1594 5773 1683 5839 l5;
1728 5772 1916 5827 Matth.
1963 5790 2036 5842 tv,
2091 5778 2174 5835 10.
