3984 6296
539 329 616 398 83
1126 310 1132 319 ’
1780 338 2104 402 JOANNIS
2152 293 2534 405 MAXENTII
2651 353 2656 359 -
3720 321 3799 388 85

532 442 703 503 ditur.
732 445 872 518 Quia
903 445 970 510 si,
1003 443 1308 501 secundum
1335 441 1842 514 ipsos,quicunque
1881 445 2104 506 dixerit,
2135 448 2182 496 Α
2211 445 2340 500 dum
2389 447 2710 511 veritatem,
2758 459 2885 502 eum
2941 442 3038 515 qui
3080 450 3166 499 est
3225 439 3572 504 Emmanuel,
3616 446 3676 494 et
3715 439 3794 494 ob

531 551 704 593 unum
741 553 810 593 ex
847 536 1119 593 Trinitate
1159 536 1469 601 Christum,
1521 535 1618 605 qui
1664 550 1764 605 pro
1810 536 1974 592 nobis
2026 545 2106 592 est

530 645 696 685 carne
745 645 972 700 passus,
1021 628 1354 694 divisionem
1435 627 1620 684 facere
1673 627 2109 698 deprehenditur

529 716 846 785 Trinitatis,
879 735 1013 792 ergo
1054 727 1112 775 et
1145 719 1310 790 536
1341 718 1658 790 quicunque
1698 719 1872 774 Deum
1898 735 1966 774 ex
1994 717 2115 773 Deo

527 809 733 879 dicere,
781 811 1116 867 divisionem
1153 810 1323 866 edicit
1368 810 1613 867 deitatis.
1649 809 1806 877 Quod
1851 810 1900 865 si
1933 809 2112 864 Deum

522 916 591 955 ex
637 902 749 957 Deo
799 902 989 958 dicere
1035 903 1366 958 divisionem
1431 918 1547 958 non.
1590 902 1723 958 facit
1771 901 2102 968 divinitatis,

521 995 830 1063 praesertim
883 1011 1010 1050 cum
1041 1011 1149 1051 una
1178 995 1252 1051 sit
1283 995 1548 1050 divinitas
1582 993 1895 1060 Trinitatis,
1927 993 2110 1048 multo

523 1088 695 1158 magis
736 1105 910 1145 unum
954 1105 1022 1146 ex
1067 1091 1340 1146 Trinitate
1377 1091 1586 1158 dicere,
1621 1089 1952 1146 divisionem
1989 1104 2104 1144 non

512 1174 656 1247 iacit
681 1174 992 1234 Trinitatis.
1017 1177 1156 1245 Quia
1187 1195 1298 1234 non
1335 1179 1642 1235 secundum
1675 1178 1728 1234 id
1779 1177 1929 1250 quod
1957 1193 2110 1234 uitus

523 1278 611 1322 est
654 1267 927 1340 Deuswet
975 1286 1084 1326 una
1133 1271 1398 1328 divinitas
1428 1271 1736 1336 Trinitatis,
1773 1271 1871 1328 sed
1901 1287 2103 1328 secun-

522 1359 655 1413 dum
690 1359 746 1415 id
781 1361 930 1432 quod
954 1369 1074 1417 tres
1091 1362 1316 1429 sunt,id
1343 1372 1448 1426 est,
1467 1365 1630 1419 Pater
1658 1371 1716 1418 et
1751 1363 2102 1430 Christus-,et

522 1451 762 1521 Spiritus
782 1463 1005 1510 sanctus
1042 1471 1186 1511 unus
1213 1457 1378 1520 Deus,
1397 1454 1652 1512 Christus
1677 1455 1818 1512 dicit
1841 1454 2100 1528 [dicitur]

516 1556 663 1599 unus
692 1545 761 1600 de
778 1545 1068 1613 Trinitate,
1093 1547 1187 1617 qui
1218 1562 1318 1618 pro
1348 1547 1510 1604 nobis
1553 1563 1748 1619 passus
1794 1557 1878 1605 est
1909 1563 2096 1604 carne.

518 1636 812 1704 Verum,si
857 1637 1062 1692 vellent
1125 1639 1416 1696 advertere
1467 1639 1525 1696 bi
1575 1640 1670 1712 qui
1723 1641 1869 1696 hanc
1927 1640 2100 1697 tctius

517 1725 777 1784 Ecclesia:
794 1742 1010 1794 vocem,
1039 1737 1096 1784 et
1117 1729 1441 1800 apostolicis
1469 1731 1862 1788 traditionibus
1889 1746 2096 1787 conve-

518 1819 781 1885 nientem,
811 1829 1018 1876 temere
1050 1821 1262 1878 audent
1311 1823 1724 1893 reprehendere
1769 1841 1784 1880 :
1829 1825 2093 1895 quoniam

515 1928 661 1968 unus
707 1913 862 1969 Deus
889 1913 1152 1979 Trinitas,
1187 1921 1246 1968 et
1287 1915 1551 1988 quoniam
1584 1916 1732 1973 Deus
1759 1931 1828 1972 ex
1869 1917 2005 1982 Deo,
2037 1924 2095 1972 et

512 2020 659 2062 unus
701 2022 770 2062 es
809 2021 941 2072 uno,
981 2007 1306 2064 nullatenus
1349 2007 1673 2065 dubitarent
1700 2009 1890 2065 dicere
1918 2026 2091 2066 unum

508 2113 580 2154 ex
627 2098 900 2155 Trinitate
940 2099 1246 2165 Christum,
1293 2100 1389 2170 qui
1437 2116 1538 2170 pro
1573 2102 1735 2158 nobis
1781 2117 1978 2172 passus
2006 2111 2092 2158 est

507 2203 696 2246 carne.
726 2189 863 2258 Quia
896 2191 941 2246 si
971 2207 1080 2246 non
1113 2191 1462 2256 Trinitatem,
1483 2207 1608 2262 quae
1632 2208 1776 2248 unus
1807 2201 1893 2248 est
1919 2193 2088 2260 Deus,

505 2282 605 2338 sed
638 2283 833 2346 Deum,
875 2281 970 2350 qui
1029 2283 1475 2338 substantialiter
1505 2300 1574 2338 ex
1622 2283 1736 2339 Deo
1768 2293 1872 2346 est.
1897 2285 2090 2355 genuit

507 2374 814 2430 secundum
861 2387 1091 2427 carnem
1127 2373 1289 2443 virgo
1330 2373 1500 2429 Maria
1530 2415 1546 2440 ,
1591 2373 1712 2430 sine
1743 2375 1915 2430 dubio
1945 2392 2090 2432 unus

505 2485 577 2525 ex
607 2466 882 2523 Trinitate
945 2475 1032 2523 est
1085 2465 1187 2537 qui
1231 2467 1540 2523 secundum
1583 2483 1807 2524 carnem
1856 2483 1925 2523 ex
1971 2467 2088 2536 ipsa

504 2568 674 2617 natus
699 2569 804 2616 est.
841 2559 949 2616 Aut
972 2574 1106 2629 ergo
1139 2559 1512 2616 conﬁteantur
1539 2560 1620 2624 hi,
1663 2560 1762 2630 qui
1815 2559 1958 2615 hanc
1988 2575 2086 2615 vo-

505 2665 627 2710 cem
649 2660 849 2724 putant
879 2655 1167 2711 catholica
1207 2653 1334 2709 ﬁdei
1363 2669 1488 2709 esse
1519 2653 1880 2716 contrariam,
1911 2651 2085 2706 Deum

505 2745 602 2815 qui
638 2753 724 2802 est
747 2743 990 2802 Trinitas
1019 2755 1210 2802 natum
1259 2761 1329 2801 ex
1360 2743 1604 2810 femina;
1637 2751 1734 2798 aut
1763 2743 1810 2798 si
1841 2743 1947 2798 hoc
1971 2757 2084 2798 non

505 2837 713 2893 audent
766 2837 975 2904 dicere,
1033 2836 1222 2893 dicant
1252 2835 1400 2892 unde
1427 2844 1515 2890 est
1542 2835 1690 2890 Deus
1745 2833 1848 2904 qui
1873 2833 1944 2890 de
1962 2833 2086 2888 Vir-

503 2928 630 2998 gine
659 2937 824 2984 natus
872 2936 980 2994 est,
1012 2928 1058 2984 si
1087 2943 1200 2984 non
1221 2935 1308 2983 est
1335 2925 1405 2981 de
1449 2925 1741 2991 Trinitate,
1781 2941 1908 3000 cum
1939 2941 2080 2996 prae-

504 3027 589 3074 ter
645 3017 972 3075 Trinitatem
1036 3018 1252 3073 nullum
1309 3016 1481 3072 alium
1541 3015 1716 3071 Deum
1782 3024 2083 3087 agnoscant

2210 537 2315 594 hoc
2351 539 2522 608 ipsam
2563 537 2661 595 Dei
2691 537 3028 595 Genitrieem
3072 545 3317 592 sanctam
3349 532 3635 605 Virginem
3671 531 3795 601 (pe-

2208 629 2353 698 perit
2390 629 2539 685 enim
2587 629 2890 686 carnaliter
2919 628 3184 694 Verbum,
3235 624 3387 696 quod
3439 639 3509 678 ex
3557 624 3671 678 Deo
3702 633 3793 680 est

2207 736 2336 776 caro
2378 721 2607 788 factum,
2631 722 2937 778 secundum
2983 721 3131 792 quod
3175 719 3443 790 scriptum
3493 723 3580 772 est
3616 733 3629 768 :
3663 715 3794 769 Ver-

2207 813 2328 868 bum
2361 831 2486 869 caro
2514 815 2717 886 factum
2753 822 2830 869 est
2860 814 2926 885 ⁸),
2979 813 3276 868 anathema
3309 811 3401 866 sit.
3435 809 3792 880 Quapmpter

2205 901 2344 961 duas
2373 905 2540 961 etiam
2574 906 2892 961 nativitates
2934 905 3031 960 Dei
3074 903 3266 968 Verbi,
3317 918 3482 956 unam
3522 909 3650 955 ante
3681 915 3790 954 επε-
3821 943 3834 952 .

2205 997 2328 1052 cuia
2365 1013 2396 1052 a
2440 997 2602 1053 Patre
2649 998 2952 1054 secundum
2985 995 3356 1060 divinitatem,
3388 993 3617 1048 alteram
3651 1007 3790 1046 vero

2203 1087 2522 1143 novissimis
2567 1087 2934 1158 temporibus,
2974 1086 3280 1142 secundum
3316 1083 3722 1138 humanitatem
3757 1097 3790 1136 a

2207 1178 2424 1250 Virgine
2448 1187 2658 1245 sancta,
2693 1178 3048 1234 conﬁtemur.
3073 1175 3212 1244 Quia
3230 1192 3340 1230 non
3369 1175 3540 1230 alium
3568 1173 3786 1238 matris,

2201 1271 2372 1327 alium
2409 1271 2580 1342 patris
2625 1271 2800 1326 ﬁlium
2825 1271 3127 1335 credimus,
3167 1267 3264 1325 sed
3297 1282 3464 1322 unum
3497 1265 3790 1320 eumdem-

2201 1379 2308 1436 que
2353 1347 2666 1420 naturalem
2692 1363 2865 1418 ﬁlium
2890 1363 3084 1434 patris,
3120 1359 3428 1416 naturalem
3461 1358 3634 1412 ﬁlium
3661 1372 3788 1411 ma-

2203 1455 2302 1510 tris
2339 1455 2711 1526 agnoscimus,
2742 1455 2908 1510 beato
2952 1469 3094 1525 papa
3125 1453 3308 1508 Leone
3347 1450 3417 1505 ad
3457 1449 3786 1504 Flavianum

2200 1545 2420 1601 dicente
2457 1563 2470 1600 :
2505 1545 2645 1601 Cum
2672 1545 2822 1602 enim
2866 1545 3014 1600 Deus
3052 1552 3108 1600 et
3136 1543 3513 1611 omnipotens,
3537 1549 3790 1594 mternus

2199 1637 2362 1693 Pater
2411 1637 2680 1704 creditur,
2718 1636 3200 1707 consempiternus
3226 1633 3406 1690 eidem
3441 1647 3663 1702 quoque
3693 1630 3792 1685 Fi-

2201 1728 2311 1786 lius
2334 1728 2766 1794 demonstratur,
2809 1727 2866 1783 in
2895 1727 3051 1782 nullo
3081 1741 3110 1781 a
3135 1726 3300 1782 Patre
3330 1721 3621 1788 diﬁ'erens,
3647 1722 3796 1792 quia.

2129 1789 2268 1877 Bde
2308 1813 2436 1893 .Deo
2489 1822 2668 1886 Deus,
2715 1789 2784 1876 de
2831 1820 3213 1890 omnipotente
3275 1789 3798 1886 orunipolens,_dc

2195 1922 2405 1971 aeterno
2420 1923 2583 1970 natus
2598 1925 2686 1970 est
2706 1921 3035 1969 coaeternus.
3055 1912 3173 1968 Non
3195 1910 3472 1980 posterior
3503 1918 3792 1977 tempore,

2194 2022 2306 2062 non
2356 2005 2587 2062 inferior
2619 2014 2915 2077 potestate,
2965 2019 3078 2059 non
3113 2001 3404 2058 dissimilis
3437 2001 3632 2071 gloria,
3659 2015 3782 2053 non

2192 2100 2404 2155 divisus
2443 2098 2686 2154 essentia
2717 2113 2730 2150 :
2759 2097 2905 2152 idem
2952 2111 3086 2150 vero
3131 2092 3456 2164 sempiterni
3495 2091 3787 2147 Genitoris

2190 2189 2520 2260 Unigenitus
2561 2189 2960 2258 sempiternus.
3003 2185 3178 2240 Natus
3215 2183 3283 2239 de
3318 2181 3524 2253 Spiritu
3581 2187 3782 2235 sancto

2189 2297 2257 2337 ex
2303 2281 2474 2336 Maria
2517 2280 2743 2351 Virgine
2781 2293 2946 2349 :quze
2987 2276 3248 2332 nativilas
3305 2274 3644 2344 temporalis,
3693 2273 3778 2327 illi

2188 2373 2464 2429 nativitati
2497 2372 2700 2427 divina:
2725 2380 2782 2426 et
2809 2369 3182 2440 sempiternae,
3212 2368 3352 2423 nihil
3382 2367 3602 2428 minuit,
3627 2364 3789 2420 nihil.

2187 2461 2444 2528 contulit,
2491 2460 2588 2516 sed
2627 2469 2794 2515 totam
2819 2475 2877 2515 se
2909 2459 3215 2530 reparando
3250 2457 3483 2522 homini,
3526 2455 3621 2526 qui
3647 2462 3782 2510 erat

2187 2554 2475 2624 deceptus,
2496 2553 2785 2624 impendit.
2838 2551 3156 2607 Secundum
3198 2551 3366 2622 hujus
3407 2550 3552 2604 beati
3585 2549 3778 2604 Patris

2185 2646 2535 2710 sententiam,
2579 2646 2722 2701 Dens
2751 2645 2930 2700 factus
2956 2643 3240 2709 Christus,
3259 2658 3366 2697 non
3393 2651 3576 2696 autem
3607 2640 3780 2696 Chri-

2185 2747 2302 2794 stus
2347 2739 2493 2793 Deus
2541 2736 2719 2792 factus
2751 2737 3007 2800 docetur,
3039 2735 3185 2790 sicut
3229 2733 3424 2789 dicunt
3465 2741 3780 2789 sectatores

2186 2829 2466 2885 Theodori
2517 2828 2820 2898 Mopsuest.
2876 2825 3127 2898 magistri
3171 2823 3444 2893 ,Ncstorii,
3499 2822 3594 2892 qui
3663 2839 3774 2892 per

2183 2921 2492 2992 profectum
2535 2919 2818 2975 Christum
2867 2918 3040 2972 Deum
3075 2915 3282 2971 factum
3334 2913 3588 2970 credunt.
3621 2913 3782 2980 Quia.

2183 3029 2294 3068 non
2327 3029 2452 3069 cum
2487 3024 2635 3068 esset
2682 3026 2914 3082 pauper,
2943 3010 3099 3065 dives
3132 3008 3311 3064 factus
3351 3016 3459 3072 est,
3505 3006 3603 3060 sed
3635 3023 3771 3061 cum

503 3109 792 3174 Catholici.
833 3110 943 3168 Sed
991 3112 1040 3167 si
1089 3125 1212 3166 eam
1264 3124 1396 3165 vere
1440 3118 1498 3165 et
1547 3109 1768 3178 proprie
1823 3107 1918 3164 Dei
1959 3107 2340 3200 ere-cdives
2381 3114 2567 3172 esset,
2635 3120 2845 3176 pauper
2885 3103 3063 3158 factus
3111 3110 3346 3162 estvut
3404 3117 3508 3156 nos
3561 3100 3776 3157 divites

503 3199 702 3256 derent
745 3199 1105 3264 Genitrieem,
1156 3201 1353 3270 utique
1403 3199 1579 3254 Deum
1608 3199 1851 3254 Verbum
1903 3215 2077 3254 unum

503 3305 623 3347 esse
655 3291 951 3346 crederent
989 3289 1058 3345 de
1083 3289 1355 3345 Trinitate
1393 3307 1406 3343 :
1435 3289 1566 3360 quia
1602 3304 1714 3344 non
1745 3305 1812 3344 ex
1845 3304 1908 3343 ea
1934 3290 2080 3346 Deus

502 3385 596 3456 qui
638 3391 725 3440 est
776 3381 1020 3438 Trinitas
1064 3391 1231 3438 natus
1267 3389 1372 3437 est.
1421 3383 1582 3444 Nam,
1617 3398 1745 3438 cum
1784 3382 2084 3453 Apostolus

501 3472 787 3529 Christum
835 3479 1063 3529 testetur
1107 3472 1129 3504 ι
1167 3487 1334 3542 super
1367 3472 1552 3527 omnia
1603 3473 1800 3538 Deum,
1837 3471 2079 3530 Trinitas

501 3573 693 3620 autem
732 3579 881 3618 unus
923 3573 1011 3619 est
1039 3563 1208 3628 Deus,
1238 3578 1348 3618 non
1377 3563 1678 3634 incongrue
1724 3564 1792 3618 ab
1823 3565 1905 3618 eis
1931 3580 2081 3634 quae-

501 3657 648 3711 ritur
694 3662 881 3711 utrum
931 3654 1175 3710 Trinitas
1197 3653 1454 3710 Christus
1499 3655 1591 3719 sit,
1625 3665 1726 3716 aut
1765 3656 1904 3711 alter
1930 3671 2076 3726 prae.-

499 3757 586 3802 ter
636 3747 966 3804 Trinitatem
1009 3748 1174 3810 Deus,
1217 3746 1475 3803 Christus
1499 3748 1591 3802 sit.
1622 3749 1692 3804 At
1723 3747 1865 3804 forte
1905 3748 2074 3803 etiam

498 3855 667 3910 super
687 3837 1014 3895 Trinitatem
1044 3840 1192 3896 Deus
1217 3848 1301 3895 est
1319 3838 1594 3904 Christus,
1613 3840 1741 3910 quia
1773 3854 1940 3910 super
1961 3855 2078 3894 om-

500 3933 592 3987 nia
632 3947 759 3986 eum
791 3931 964 3987 Deum
1006 3940 1242 3988 testatur
1263 3932 1582 4002 Apostolus.
1622 3933 1780 4000 Quod
1804 3933 1848 3987 si
1877 3933 2074 3989 horum

500 4023 666 4078 trium
703 4024 993 4094 quodlibet
1014 4024 1200 4081 dicere
1229 4033 1316 4081 est
1343 4026 1598 4096 impium.
1640 4036 1810 4082 restat
1839 4038 1900 4082 ut
1929 4043 2074 4084 unus

496 4115 564 4170 de
593 4115 867 4171 Trinitate
894 4115 966 4170 sit
993 4116 1254 4180 Verbum,
1279 4118 1374 4188 qui
1405 4117 1474 4173 de
1502 4117 1726 4190 Virgine
1766 4121 2072 4174 secundum

495 4223 720 4264 carnem
767 4217 930 4264 natus
981 4217 1087 4273 est,
1145 4217 1204 4265 et
1250 4210 1418 4265 homo
1479 4210 1678 4274 factus,
1730 4226 1931 4281 passus
1989 4221 2074 4267 est

495 4316 659 4356 carne
704 4315 804 4370 pro
829 4301 1008 4357 nobis.
1052 4300 1193 4358 llinc
1221 4309 1308 4356 est
1355 4303 1504 4372 quod
1535 4302 1754 4356 beatam
1791 4303 2070 4371 Virginem

495 4391 742 4458 Mariam,
767 4401 994 4464 propter
1042 4394 1312 4449 honorem
1364 4402 1574 4449 tantum
1622 4393 1862 4448 hominis
1898 4394 2068 4460 illius,

2181 3200 2392 3255 faceret
2421 3201 2462 3254 °.
2497 3198 2650 3254 Sicut
2673 3209 2728 3252 et
2751 3196 3040 3252 Psalmista
3075 3204 3312 3250 testatur
3341 3193 3532 3248 dicens
3564 3211 3577 3246 :
3605 3192 3774 3248 Sedes

2184 3299 2300 3356 tua,
2329 3291 2490 3355 Deus,
2521 3292 2576 3344 in
2601 3289 2850 3344 saxulum
2873 3287 3077 3352 surculi,
3108 3289 3257 3358 virga
3291 3287 3577 3356 aequitatis,
3612 3287 3778 3358 virga

2183 3385 2330 3456 regni
2377 3385 2472 3438 tui.
2518 3382 2761 3438 Dilrxisti
2801 3383 3095 3454 justitiam,
3124 3389 3174 3434 et
3204 3381 3360 3435 odisti
3401 3381 3772 3450 iniquitatem,

2180 3485 2456 3549 prapterea
2491 3477 2639 3529 unxit
2667 3482 2716 3528 te
2750 3473 2909 3538 Deus,
2943 3472 3078 3527 Deus
3119 3479 3241 3526 tuus
3277 3471 3390 3525 oleo
3425 3471 3624 3525 (milia:
3651 3487 3776 3539 pra:

2179 3567 2501 3623 consortibus
2537 3567 2639 3620 tuis
2674 3565 2718 3619 '.
2764 3564 3053 3632 Quomodo
3085 3571 3270 3618 autem
3314 3563 3458 3616 Deus
3485 3563 3616 3632 ungi
3661 3579 3774 3633 po-

2179 3659 2287 3714 tuit
2334 3667 2430 3713 aut
2473 3657 2679 3712 habere
2722 3665 3032 3719 consortes,
3079 3653 3184 3708 nisi
3232 3653 3386 3708 ﬁeret
3427 3652 3638 3707 homo?
3693 3653 3776 3709 Et

2179 3753 2304 3808 ideo
2338 3760 2487 3806 recte
2517 3751 2682 3804 unius
2721 3748 3081 3820 ejusdemque
3126 3747 3224 3802 Dei
3259 3745 3426 3802 Verbi
3461 3745 3764 3812 incarnati,

2176 3851 2234 3900 et
2266 3842 2509 3898 hominis
2546 3840 2674 3896 facti
2719 3821 3025 3896 creduntur
3056 3855 3178 3894 esse
3215 3837 3490 3891 mirabilia
3530 3845 3588 3891 et
3631 3853 3770 3908 pas-

2175 3937 2385 3999 siones,
2424 3935 2556 4005 quia
2602 3949 2714 3988 non
2757 3941 2842 3988 est
2869 3932 3010 3987 alter
3048 3932 3216 3994 Deus,
3251 3931 3392 3985 alter
3440 3929 3630 3994 homo,
3663 3933 3767 3987 sed

2177 4029 2325 4084 idem
2369 4029 2536 4090 Dens,
2589 4026 2736 4080 idem
2784 4025 2972 4090 homo,
3038 4023 3344 4079 secundum
3398 4025 3550 4079 illam
3605 4039 3770 4094 papae

2173 4121 2376 4176 Leonis
2399 4119 2729 4174 sententiam
2754 4117 2990 4174 dicentis
3017 4135 3030 4172 :
3052 4116 3191 4184 Quia
3223 4116 3585 4188 impassibilis
3611 4117 3774 4172 Deus

2172 4229 2286 4268 non
2331 4222 2416 4266 est
2461 4211 2792 4282 dedignatus
2841 4211 2960 4265 ﬁeri
3007 4210 3175 4265 homo
3226 4209 3528 4280 passibilis,
3559 4217 3614 4263 et
3651 4209 3764 4264 im-

2173 4305 2423 4360 mortalis
2471 4304 2666 4359 mortis
2707 4304 2924 4374 legibus
2961 4303 3269 4374 subiacere.
3306 4302 3402 4356 llis
3446 4317 3767 4371 congruens

2172 4398 2337 4452 etiam
2385 4397 2582 4452 beatus
2621 4395 2858 4467 Cyrillus
2908 4404 3101 4451 contra
3127 4394 3441 4449 Nestorium
3479 4392 3578 4448 :Si
3606 4394 3762 4462 quis,

493 4481 588 4552 (illi
632 4497 700 4537 ex
751 4481 866 4553 ipsa
897 4492 1061 4539 “alus
1105 4493 1211 4548 εει,
1253 4499 1420 4553 quem
1464 4484 1662 4554 gratia,
1711 4499 1822 4538 non
1873 4493 2068 4538 nalllra
2101 4473 2147 4534 Ι)
2175 4491 2374 4561 inquit,
2437 4505 2544 4545 non
2623 4488 2921 4545 conﬁtetur
2974 4489 3148 4543 Deum
3214 4487 3462 4542 Verbum
3529 4501 3770 4556 passum

495 4572 664 4628 Deum
705 4573 1062 4640 conﬁtentur,
1106 4576 1208 4631 Dei
1249 4583 1509 4631 asserunt
1552 4575 1911 4632 Genitrieem.
1956 4576 2068 4632 Nos

491 4672 677 4721 autem
713 4683 844 4724 vere
876 4674 934 4724 et
982 4668 1206 4740 proprie
1254 4668 1353 4723 Dei
1400 4667 1740 4724 Genitrieem
1787 4669 2066 4725 credimus

481 4763 544 4813 et
577 4758 926 4815 conﬁtemur.
973 4759 1114 4826 Quia
1157 4775 1390 4838 puerum
1433 4760 1588 4816 illum
1619 4776 1784 4831 quem
1819 4763 1935 4832 ipsa
1969 4777 2066 4832 pe-

488 4853 654 4922 perit,
700 4863 898 4909 natura
951 4853 1126 4907 Deum
1173 4847 1578 4924 cogtfoscimus,
1635 4860 1695 4909 et
1746 4870 1846 4928 per
1882 4854 2063 4924 ipsum

489 4944 630 5000 facta
661 4953 794 5001 sunt
819 4944 1025 5011 omnia,
1059 4945 1366 5000 secundum
1417 4945 1640 5001 beatum
1687 4944 1952 5018 Cyrillum
1979 4946 2063 5002 di-

489 5045 748 5092 centem:
789 5036 970 5092 Homo
1015 5045 1182 5092 natus
1226 5045 1334 5102 est,
1379 5054 1507 5093 cum
1542 5039 1615 5095 sit
1665 5049 1867 5096 natura
1913 5043 2062 5098 Deus

487 5128 581 5182 Dei
617 5127 796 5182 Patris
827 5127 1092 5182 Verbum.
1135 5127 1271 5194 Quia
1302 5129 1557 5186 similiter
1584 5142 1645 5186 ut
1671 5147 1775 5184 nos
1805 5133 2060 5204 sanguini

487 5218 916 5274 communicavit
941 5227 998 5274 et
1024 5221 1197 5274 carni.
1225 5220 1315 5276 Sic
1335 5221 1482 5276 enim
1518 5223 1756 5278 terrenis
1785 5224 2060 5294 apparuit,

487 5321 593 5361 non
616 5305 880 5364 amittens
897 5308 1043 5378 quod
1061 5317 1202 5372 erat,
1220 5309 1318 5364 sed
1343 5309 1676 5364 assumendo
1697 5309 2062 5368 humanitatis

487 5406 738 5454 naturam
783 5399 839 5456 in
887 5416 985 5456 sua
1033 5401 1248 5457 ratione
1290 5402 1613 5471 perfectam.

553 5489 626 5547 Et
651 5490 852 5548 iterum
899 5493 956 5548 in
983 5493 1164 5565 primo
1187 5493 1430 5564 capitulo
1475 5502 1668 5551 contra
1701 5496 2017 5552 Nestorium
2045 5513 2060 5552 :

483 5578 548 5642 Si
587 5583 736 5656 quis,
779 5585 985 5656 inquit,
1035 5601 1148 5643 non
1175 5585 1472 5644 conﬁtetur
1502 5587 1678 5644 Deum
1705 5603 1829 5646 esse
1862 5603 2064 5646 secun-

2175 4598 2361 4647 earne,
2381 4581 2706 4637 cruciﬁxum
2748 4596 2914 4636 carne
2943 4589 2999 4634 et
3027 4589 3260 4635 mortem
3291 4595 3457 4634 carne
3485 4588 3763 4650 gustasse,

2173 4675 2488 4744 factumque
2533 4673 2960 4744 primogenitum
3016 4687 3085 4727 ex
3139 4671 3392 4734 mortuis,
3449 4667 3767 4724 secundum

2172 4765 2319 4835 quod
2356 4773 2442 4820 est
2483 4765 2595 4818 vita
2630 4773 2688 4818 et
2725 4763 2970 4818 viviﬁcat
3003 4779 3106 4818 nos
3140 4770 3399 4832 tanquam
3429 4762 3595 4824 Deus,
3624 4777 3770 4816 ana-

2173 4858 2358 4914 thema
2387 4858 2480 4913 sit.
2534 4856 2850 4912 Secundum
2887 4857 3085 4911 horum
3122 4854 3293 4926 igitur
3331 4855 3482 4909 hunc
3504 4853 3765 4910 omnium

2170 4957 2488 5006 sanctorum
2535 4950 2756 5004 Patrum
2786 4948 3119 5004 catholicum
3149 4962 3376 5003 sensum
3417 4945 3764 5016 suscipimus

2169 5049 2408 5111 quatuor
2467 5039 2730 5112 synodos,
2779 5039 2832 5094 id
2879 5048 2985 5105 est,
3039 5038 3318 5094 Nicacnam
3369 5045 3762 5094 trecentorum

2169 5133 2361 5188 decem
2433 5141 2490 5187 et
2529 5141 2678 5196 octo,
2729 5141 2786 5186 et
2829 5139 3051 5186 centum
3083 5130 3485 5202 quinquaginta
3570 5129 3668 5200 qui
3703 5131 3762 5188 in

2171 5222 2274 5276 hac
2300 5222 2436 5276 urbe
2459 5221 2608 5293 regia
2627 5231 3032 5284 convenerunt,
3059 5231 3113 5277 et
3147 5237 3268 5277 eam
3292 5237 3414 5292 quae
3445 5221 3499 5276 in
3535 5221 3765 5290 Epheso

2170 5321 2498 5383 congregata
2537 5319 2642 5376 est,
2678 5312 2770 5368 cui
2803 5311 3144 5382 praefuerunt
3189 5309 3525 5366 leestinus
3564 5315 3622 5363 et
3649 5308 3766 5381 Cy-

2169 5409 2330 5464 rillus
2363 5408 2666 5464 beatissimi
2699 5407 3046 5478 patriarchae,
3077 5422 3204 5462 cum
3227 5403 3488 5462 omnibus
3520 5417 3642 5474 quae
3677 5403 3766 5460 ibi

2171 5511 2367 5556 contra
2409 5500 2726 5556 Nestorium
2765 5501 2884 5557 sive
2933 5507 3128 5556 contra
3161 5498 3468 5570 quamlibet
3499 5495 3765 5552 htercsim

2170 5600 2294 5648 acta
2339 5600 2472 5648 sunt
2525 5608 2631 5649 nec
2665 5607 2778 5649 non
2808 5593 2998 5661 etiam,
3029 5608 3196 5664 quam
3233 5591 3521 5663 sequimur
3549 5596 3606 5646 et
3632 5603 3766 5646 am-

555 5765 574 5796 ⁸
615 5767 775 5824 Rom.
815 5784 890 5836 Ix,
930 5770 984 5828 5.
1060 5771 1261 5828 'Joan.
1301 5788 1342 5838 ι,
1387 5769 1514 5828 M.‘
1589 5774 1636 5828 ll
1665 5771 1792 5829 Cor.
1832 5789 1946 5840 vm,
1987 5774 2042 5830 9.

2185 5774 2318 5831 Psal.
2358 5791 2503 5843 κων,
2547 5778 2599 5844 7,
2640 5777 2695 5833 8.

3967 5569 3969 5699 |

3963 6169 3965 6275 ι
