3984 6296
192 301 257 366 85
1233 295 1532 357 CONTRA
1565 293 2094 357 NESTORIANOS
2127 270 2532 359 CAPITULA:
3384 284 3458 361 ’35

193 392 503 488 plectimur,
536 407 908 463 venerandam
935 406 1205 478 synodum
1233 408 1764 474 Chalcedonensem,
1797 408 1842 465 Α
1869 407 2101 463 homines
2122 425 2263 464 mors
2283 408 2638 480 pertransivit,
2657 409 2710 462 in
2736 424 2836 481 quo
2857 424 3033 462 omnes
3052 408 3454 479 peccauerunt‘.

196 506 482 575 omniaque
517 501 726 571 scripta
763 502 986 555 Patrum
1014 512 1353 567 sanctorum,
1385 503 1481 573 qui
1516 518 1688 557 unum
1716 509 1774 557 et

198 601 336 656 idem
378 595 686 654 secundum
744 596 946 651 horum
992 596 1358 659 conciliorum
1421 595 1773 651 definitiones

196 698 481 749 senserunt
514 686 1091 755 ;anathematizamus
1111 696 1295 744 autem
1323 702 1540 753 omnes,
1574 687 1619 742 si
1647 686 1772 757 quis

193 783 422 847 dubitat,
460 792 558 837 aut
601 787 886 845 retractat,
936 788 1035 835 aut
1068 781 1386 851 imperfecta
1412 779 1649 851 iudicat,
1677 786 1770 834 aut

192 874 282 944 qui
320 890 388 930 ea
422 889 455 928 a
493 872 604 929 ﬁde
643 882 975 929 sanctorum.
1016 871 1243 927 Patrum
1288 873 1525 927 aestimat
1567 871 1769 926 aliena.

192 964 455 1021 Similiter
510 964 681 1034 igitur
734 961 1269 1031 anathematizamus
1309 962 1517 1018 omnia
1565 961 1769 1032 scripta

192 1056 464 1114 Theodori
509 1055 831 1127 Mopsuesti,
879 1063 935 1111 ct
963 1055 1205 1111 Nestorii
1246 1054 1507 1127 discipuli
1537 1057 1678 1128 ejus,
1714 1065 1770 1111 et

190 1165 379 1206 omnes
421 1149 518 1220 qui
554 1148 814 1204 similiter
861 1148 970 1203 illis
1013 1148 1259 1229 sapiunt.
1310 1148 1409 1205 llis
1443 1148 1770 1221 adjicientes

190 1243 511 1314 Eutychem,
555 1240 902 1304 Dioscorum,
933 1240 1311 1307 Timotheum,
1358 1241 1630 1304 Elusium,
1668 1241 1770 1296 Pe-

191 1343 333 1389 trum
378 1333 922 1399 Alexandrinum,.et
954 1332 1178 1387 Petrum
1214 1331 1624 1388 Antiochenum
1648 1373 1662 1398 ,
1710 1342 1768 1389 et

187 1421 442 1478 Acacium
466 1421 1171 1493 Constantinopolitanum,
1214 1438 1341 1479 cum
1383 1423 1650 1479 erunibus
1675 1439 1765 1479 se-

188 1514 493 1572 ctatoribus
525 1530 743 1580 eorum,
795 1522 853 1571 et
897 1515 1339 1583 successoribus,
1385 1521 1769 1575 communica-

188 1619 332 1665 tores
353 1616 410 1664 et
449 1607 772 1680 compliees,
795 1615 897 1664 aut
910 1608 1006 1680 qui
1030 1623 1364 1679 quacunque
1387 1619 1537 1666 sorte
1569 1626 1767 1667 eorum

188 1700 533 1756 maculantur
576 1700 927 1773 contagione,
972 1710 1070 1757 aut
1111 1701 1407 1756 memorias
1447 1717 1643 1757 eorum
1674 1718 1765 1757 ce—

187 1791 398 1847 lebrant
425 1791 521 1861 qui
577 1790 635 1846 in
679 1791 800 1863 ipsa
828 1791 1185 1849 damnatione
1213 1791 1459 1848 defuncti
1491 1800 1640 1859 sunt,
1669 1803 1764 1850 aut

186 1881 505 1939 innocentes
551 1881 881 1939 defendunt.

253 1972 352 2029 llis
383 1973 460 2029 ita
493 1988 553 2030 se
580 1974 937 2039 habentibus,
966 1975 1277 2032 beatissimi
1306 1993 1457 2032 nunc
1486 1977 1622 2047 quid
1647 1978 1761 2048 jam

186 2066 254 2121 de
295 2065 468 2138 gratia
496 2067 616 2131 Dei,
664 2083 775 2123 non
819 2083 927 2139 qua
971 2084 1246 2135 creamur,
1291 2070 1388 2127 sed
1434 2070 1504 2125 de
1544 2085 1608 2125 ea
1654 2086 1762 2140 qua

185 2174 507 2215 mereamur
556 2168 611 2215 et
644 2176 998 2229 renovamur,
1024 2163 1350 2231 sentiamus,
1390 2164 1638 2220 breviter
1665 2178 1764 2219 ex-

185 2260 475 2320 ponentes,
490 2250 971 2312 sanctitativestraa
1015 2258 1334 2313 necessario
1361 2257 1642 2321 credimus
1682 2257 1768 2312 fa-

184 2354 313 2396 cere
361 2340 563 2397 debere
606 2342 980 2399 manifestum.
1028 2345 1109 2401 Eo
1144 2346 1289 2415 quod
1335 2347 1501 2402 etiam
1550 2347 1605 2401 in
1660 2347 1764 2402 hac

181 2442 339 2503 parte
379 2433 589 2490 inimici
630 2436 821 2508 gratia
864 2438 984 2504 Dei,
1033 2439 1087 2494 id
1133 2447 1238 2504 est,
1278 2441 1486 2511 Pelagii
1524 2448 1583 2497 et
1630 2440 1760 2496 Coe-

181 2522 326 2579 lestii
348 2528 910 2592 seclatores,nimium
936 2530 1102 2587 nobis
1125 2531 1307 2597 infesti
1331 2548 1453 2589 esse
1475 2532 1755 2587 videntur.

181 2614 350 2687 Igitur
384 2616 720 2674 confitemur
758 2629 970 2676 rectum
1002 2624 1057 2677 in
1109 2623 1370 2679 omnibus
1402 2639 1433 2678 a
1466 2625 1581 2679 Deo
1605 2639 1761 2681 erea-

183 2715 294 2761 tum
339 2707 534 2775 Adam,
583 2725 696 2765 non
731 2712 1021 2767 mortalem
1068 2729 1173 2769 nec
1219 2714 1609 2781 immortalem,
1660 2716 1759 2772 sed

182 2798 467 2868 utriusque
504 2802 1107 2871 capacem,babentem
1151 2806 1208 2860 in
1261 2806 1468 2877 proprii
1498 2806 1759 2864 facultate

181 2890 412 2956 arbitrii,
450 2901 510 2947 et
562 2894 705 2949 velle
741 2904 799 2950 et
833 2910 998 2965 posse
1038 2897 1106 2952 ad
1158 2900 1364 2964 omnia,
1417 2899 1525 2954 hoc
1570 2910 1656 2955 est
1703 2910 1759 2956 et

178 2980 243 3036 ad
290 2982 496 3038 bonum
542 2992 600 3038 et
645 2985 714 3040 ad
762 2987 968 3042 malum
1003 2984 1195 3054 jbunc
1255 2989 1438 3045 callidi
1486 2994 1758 3062 serpentis

1872 500 2194 570 Propterea,
2236 509 2494 557 recentes
2527 501 2597 556 ab
2645 512 2807 556 utero
2848 501 3133 572 parvulos,
3188 516 3297 554 non
3336 510 3456 557 tan-

1873 601 1991 648 tum
2072 600 2134 648 ut
2215 594 2570 664 adoptionem
2632 603 2952 649 mereantur
3020 593 3295 657 ﬁliorum,
3356 603 3452 647 aut

1871 695 2097 756 propter
2128 701 2358 756 regnum
2378 688 2643 742 eceteram
2679 685 2846 759 (sicut
2867 686 3070 758 Pelagii
3096 694 3153 741 et
3182 686 3449 760 leestii,

1870 779 1988 834 sive
2019 778 2300 834 Theodori
2336 779 2634 850 Mopsuest.
2690 778 2972 849 discipuli,
3031 780 3126 850 qui
3179 793 3353 834 unum
3391 788 3450 834 et
3490 844 3495 849 _

1870 870 2025 926 idem
2048 872 2302 927 naturale
2326 881 2385 927 et
2412 872 2683 943 originale
2709 880 2998 940 peccatum
3019 887 3142 927 esse
3176 871 3448 927 affirmare

1869 963 2197 1034 conantur),
2256 963 2360 1019 sed
2396 964 2453 1018 in
2508 963 2897 1019 remissionem
2952 971 3306 1033 peccatorum
3352 977 3450 1018 eos

1869 1052 2152 1109 credimus
2186 1053 2478 1124 baptizari,
2526 1068 2595 1110 ne
2625 1062 2859 1125 pereant
2892 1054 2948 1109 in
2973 1061 3264 1109 aeternum.
3294 1054 3448 1108 Inar—

1869 1154 2052 1203 matus
2094 1147 2261 1219 igitur
2285 1154 2502 1202 naturas
2543 1147 2701 1218 vigor
2739 1160 2839 1218 per
2866 1146 3073 1201 malum
3120 1144 3451 1216 praevarica-

1868 1240 2058 1305 tionis,
2104 1240 2425 1295 nullatenus
2455 1240 2629 1295 valuit
2664 1254 2763 1310 per
2805 1238 3164 1309 semetipsum
3201 1235 3329 1292 inde
3359 1251 3449 1291 re-

1868 1342 2117 1399 surgere,
2145 1343 2257 1397 quo
2285 1343 2384 1398 per
2402 1328 2687 1398 propriam
2714 1328 3055 1392 voluntatem
3089 1335 3210 1382 erat
3241 1327 3450 1397 lapsus.

1868 1419 2213 1491 Quapmpter
2256 1420 2569 1476 nullum'ab
2616 1420 2789 1475 Adam
2824 1436 2972 1476 nunc
2997 1435 3175 1491 usque
3218 1434 3318 1490 per
3346 1435 3448 1474 na-

1869 1524 2009 1569 tura:
2044 1512 2290 1584 vigorem
2335 1512 2613 1569 credimus
2653 1528 2776 1569 esse
2820 1513 3113 1578 salvatum,
3152 1513 3260 1569 nisi
3300 1512 3461 1569 dono

1866 1607 2057 1678 gratiae
2110 1606 2351 1677 Spiritus
2392 1606 2568 1663 sancti
2597 1607 2655 1661 in
2699 1606 2807 1662 (ide
2834 1605 3085 1662 nominis
3127 1604 3277 1662 Jesu.
3308 1604 3465 1672 Quia.

1866 1713 1976 1753 non
2018 1705 2103 1753 est
2132 1696 2282 1752 aliud
2332 1711 2534 1752 nomen
2565 1696 2754 1751 datum
2788 1695 3112 1752 hominibus
3145 1696 3250 1751 sub
3284 1696 3447 1761 cmlo,

1865 1790 1920 1846 in
1968 1805 2079 1861 quo
2141 1798 2399 1860 oporteat
2438 1789 2598 1861 537
2631 1802 2731 1845 nos
2769 1788 2950 1844 salvos
2991 1787 3108 1843 fieri
3156 1787 3200 1853 ',
3234 1787 3344 1842 nisi
3390 1788 3447 1841 in

1865 1885 2090 1940 nomine
2139 1884 2269 1940 Iesu
2301 1882 2533 1939 Christi.
2570 1882 2835 1938 Liberum
2860 1889 3045 1937 autem
3074 1879 3329 1936 naturale
3355 1894 3463 1934 ar-

1863 1977 2093 2033 bitrium
2124 1975 2191 2032 ad
2238 1975 2379 2030 nihil
2433 1974 2581 2030 aliud
2638 1975 2821 2031 valere
2875 1972 3175 2038 credimus,
3224 1969 3331 2026 nisi
3374 1972 3443 2026 ad

1862 2068 2233 2126 discernenda
2281 2074 2494 2123 tantum
2542 2074 2601 2121 et
2625 2065 2993 2122 desideranda
3030 2064 3294 2123 carnalia.
3329 2064 3444 2117 sive

1863 2161 2171 2226 sazcularia,
2201 2175 2322 2230 quae
2346 2175 2460 2214 non
2489 2158 2634 2229 apud
2663 2157 2861 2222 Deum,
2890 2155 2987 2213 sed
3019 2155 3164 2226 apud
3193 2154 3455 2211 homines

1860 2261 2095 2325 possunt
2128 2251 2381 2307 fortassis
2406 2250 2587 2306 videri
2639 2250 2900 2320 gloriosa.
2942 2249 3026 2303 Ad
3065 2263 3130 2303 ea
3158 2263 3292 2305 vero
3324 2264 3467 2318 quin»

1861 2347 1931 2401 ad
1954 2346 2143 2415 ;vitam
2191 2352 2456 2399 arternam
2508 2342 2813 2412 pertinent,
2870 2353 2977 2395 nec
3026 2341 3292 2411 cogitare,
3345 2354 3461 2394 nec-

1862 2438 2030 2502 velle,
2083 2451 2190 2492 nee
2237 2435 2579 2501 desiderare,
2628 2448 2733 2490 nec
2794 2431 3065 2504 perﬁcere
3104 2446 3289 2501 posse,
3339 2430 3445 2486 nisi

1862 2549 1962 2603 per
1995 2531 2331 2586 infusionem
2389 2537 2445 2584 et
2499 2527 2881 2599 operationem
2934 2524 3273 2580 intrinsecus
3317 2523 3451 2593 Spi-

1862 2625 2006 2679 ritus
2031 2621 2228 2686 sancti,
2275 2619 2371 2690 qui
2411 2628 2498 2675 est
2540 2621 2709 2674 etiam
2738 2619 2979 2689 Spiritus
3011 2618 3241 2674 Christi.
3271 2617 3447 2689 Spiri-

1862 2724 1976 2775 tum
2029 2714 2179 2773 enim
2207 2712 2415 2769 Christi
2457 2712 2551 2782 qui
2578 2726 2691 2765 non
2712 2710 2903 2774 habet,
2933 2710 3026 2766 hic
3054 2705 3443 2776 non’°estejus,

1859 2807 2015 2876 Quod
2052 2796 2097 2863 si
2124 2806 2249 2878 quis
2279 2804 2458 2861 credit
2477 2806 2532 2860 in
2559 2802 2800 2869 Christo,
2826 2804 2939 2875 jam
2965 2802 3174 2859 Christi
3202 2810 3305 2857 est.
3324 2802 3445 2858 Sici-

1864 2909 1926 2956 ut
1984 2909 2039 2955 et
2088 2915 2283 2955 verum
2322 2908 2427 2963 est,
2457 2912 2570 2951 non
2611 2896 2802 2966 utique
2830 2912 2932 2966 per
2959 2895 3165 2951 donum
3205 2903 3441 2959 naturae,

1861 2993 1956 3050 sed
1980 3009 2079 3064 per
2109 2991 2374 3061 Spiritum
2415 2998 2669 3044 sanctum
2695 2993 2800 3052 est,
2830 2986 2925 3056 qui
2956 2985 3165 3041 Christi
3197 2994 3301 3040 cst.
3338 2984 3461 3050 Qui-

178 3073 460 3145 deceptum
519 3078 721 3133 astutia
770 3078 992 3149 propria
1039 3088 1235 3152 sponte
1276 3081 1754 3153 praevaricatorem
1782 3104 1829 3163 ο
1857 3087 1968 3158 jam
2007 3083 2188 3139 credit
2222 3082 2279 3136 in
2315 3095 2444 3136 eum
2499 3078 2594 3149 qui
2627 3075 2897 3150 justiﬂcat
2919 3076 3173 3146 impium,
3211 3084 3273 3130 ut
3311 3092 3442 3131 con-

177 3168 445 3224 exstitisse
491 3168 673 3224 divini
702 3171 984 3243 praecepti,
1016 3181 1180 3244 atque
1222 3172 1294 3230 ob
1339 3174 1444 3229 hoc
1481 3176 1632 3246 justo
1661 3178 1753 3247 ju-

178 3257 318 3313 dicio
346 3259 465 3325 Dei,
500 3276 616 3315 non
648 3260 824 3316 solum
852 3270 1030 3318 morte
1065 3265 1336 3336 corporis,
1372 3282 1563 3322 verum
1588 3269 1754 3322 etiam

177 3350 365 3407 anima:
412 3351 683 3409 effectum
765 3354 1090 3422 obnoxium,
1140 3367 1196 3412 et
1250 3358 1488 3429 pristino
1544 3358 1756 3416 honore

173 3443 456 3511 nudatum,
495 3446 774 3516 iumentis
818 3446 1053 3504 similem
1080 3448 1308 3516 factum,
1337 3466 1448 3505 non
1498 3452 1647 3523 quod
1677 3454 1755 3507 ir-

174 3535 518 3591 rationabilis
558 3536 632 3591 sit
685 3535 937 3604 effectus,
968 3537 1062 3594 sed
1097 3539 1228 3609 quia
1277 3540 1569 3598 rationalis
1601 3541 1757 3613 vigor

173 3627 288 3697 eius
324 3630 543 3684 carnali
589 3629 958 3685 delectatione
1000 3638 1086 3687 est
1115 3631 1410 3704 obligatus,
1456 3635 1631 3690 sensit
1657 3635 1755 3691 de-

172 3714 334 3788 nique
366 3733 494 3773 mox
550 3717 946 3775 inobedientia:
972 3720 1173 3777 merito
1212 3723 1390 3794 legem
1418 3726 1755 3781 contrariam

173 3806 225 3863 in
254 3809 491 3879 propriis
518 3809 816 3875 membris,
840 3820 1238 3882 repugnantem
1255 3811 1360 3883 legi
1388 3813 1590 3868 mentis
1619 3830 1753 3879 suae,

170 3900 532 3970 captivantem
587 3915 647 3956 se
680 3901 738 3955 in
792 3901 913 3973 lege
960 3904 1194 3974 peccati.
1241 3903 1401 3971 Quod
1453 3906 1658 3960 malum
1700 3918 1756 3964 et

168 4005 381 4059 poenam
444 3994 585 4049 mali
643 3993 700 4048 in
750 3995 1071 4050 universum
1122 3995 1402 4052 credimus
1484 3998 1753 4054 transisse

170 4100 337 4157 genus
363 4088 706 4144 humanum.
741 4088 856 4145 Nec
895 4089 1044 4143 enim
1076 4097 1313 4145 mortem
1358 4092 1611 4162 corporis
1633 4101 1751 4148 tan-

173 4187 303 4246 tum,
355 4196 480 4252 qua:
523 4198 697 4253 paena
744 4183 959 4252 peccati
1000 4191 1107 4251 est,
1139 4184 1286 4240 sicut
1313 4185 1539 4254 quidam
1567 4186 1755 4242 dicere

168 4271 375 4338 volunt,
415 4273 521 4329 sed
542 4285 603 4331 et
643 4273 899 4329 aculeum
927 4273 1141 4340 mortis,
1170 4274 1277 4329 hoc
1305 4283 1410 4339 est,
1442 4284 1751 4346 peccatum,

169 4362 470 4432 ingressum
513 4367 573 4420 in
608 4365 904 4421 mundum.
954 4364 1094 4432 Quia
1136 4382 1247 4422 non
1284 4365 1427 4432 istis,
1476 4366 1573 4421 sed
1604 4365 1753 4435 Apo-

1860 3177 2084 3232 ﬁteatur
2130 3172 2262 3244 quia
2318 3171 2587 3227 Dominus
2626 3176 2713 3224 est
2745 3167 2929 3232 Jesus,
2962 3165 3111 3237 quod
3146 3182 3310 3222 nemo
3338 3181 3440 3237 po-

1861 3279 1969 3326 test
2010 3268 2222 3333 dicere,
2268 3264 2378 3320 nisi
2410 3263 2465 3319 in
2498 3261 2707 3334 Spiritu
2742 3268 2934 3316 sancto
2985 3260 3049 3313 ¹¹.
3096 3258 3443 3330 Quapropter

1859 3334 2399 3417 anathematizamus
2430 3372 2528 3413 eos
2590 3355 2686 3426 qui
2731 3354 2985 3409 naturale
3040 3361 3137 3409 aut
3179 3352 3442 3408 substan-

1861 3455 1992 3510 tiam
2027 3454 2266 3522 aliquam
2311 3450 2509 3505 dicuut
2541 3462 2665 3505 esse
2697 3455 3011 3518 peccatum.
3041 3446 3443 3501 Abominantes

1858 3548 2027 3605 etiam
2081 3561 2180 3603 eos
2217 3544 2313 3615 qui
2356 3550 2550 3599 contra
2601 3554 2792 3596 vocem
2821 3538 3072 3609 Apostoli
3118 3538 3327 3594 audent
3359 3537 3446 3593 di-

1858 3657 1983 3698 cere
2016 3661 2027 3695 :
2058 3640 2322 3696 Nostrum
2358 3646 2446 3694 est
2476 3635 2639 3701 velle,
2686 3633 2785 3689 Dei
2812 3648 2946 3689 vero
2983 3630 3276 3704 perﬁcere,
3313 3646 3440 3686 cum

1856 3734 2005 3789 idem
2057 3731 2250 3787 doctor
2277 3737 2336 3785 et
2382 3727 2522 3783 velle
2563 3734 2622 3782 et
2671 3724 2941 3795 perficere
2973 3723 3181 3778 donum
3206 3729 3442 3778 testetur

1856 3841 1980 3883 esse
2002 3824 2274 3887 divinum,
2302 3822 2422 3892 ipso
2445 3819 2665 3875 dicente
2703 3835 2717 3871 :
2751 3816 2893 3872 Deus
2914 3816 3056 3870 enim
3087 3821 3164 3868 est
3195 3814 3285 3886 qui
3312 3829 3439 3884 ope-
3474 3844 3477 3849 ·

1858 3929 2012 3973 ratur
2043 3919 2099 3972 in
2133 3916 2272 3971 vobis
2315 3924 2364 3969 et
2398 3912 2530 3969 uelle
2558 3919 2608 3965 et
2643 3909 2913 3982 perficere,
2946 3925 3043 3980 pro
3076 3908 3213 3963 bona
3250 3906 3441 3961 volun:

1859 4019 1966 4065 tate
2013 4011 2079 4064 η.
2108 4007 2416 4063 Credentes
2450 4004 2617 4061 etiam
2650 4018 2845 4058 omnes
2877 4001 2948 4056 ab
2973 4000 3110 4056 Abel
3154 4014 3330 4068 usque
3368 3997 3453 4052 ad”

1856 4103 2161 4166 Christum,
2205 4100 2253 4155 si
2300 4098 2396 4168 qui
2436 4095 2633 4153 salvati
2678 4101 2828 4159 sunt,
2873 4108 2939 4147 ea
2994 4091 3168 4161 gratia
3218 4104 3325 4159 qua
3382 4096 3439 4143 et

1857 4210 1961 4250 nos
1994 4208 2117 4249 esse
2151 4190 2413 4254 salvatus,
2448 4183 2757 4241 secundum
2783 4195 2974 4236 vocem
3008 4180 3154 4234 beati
3186 4176 3436 4248 Apostoli

1857 4285 2006 4343 Petri
2056 4281 2295 4339 dicentis
2328 4296 2341 4333 :
2373 4276 2512 4343 Quid
2561 4274 2776 4331 (eruatis
2816 4271 3004 4337 Deum,
3052 4270 3324 4339 imponere
3346 4268 3433 4337 iu-

1858 4390 1984 4445 gum
2018 4386 2177 4442 super
2204 4367 2426 4423 ceruices
2464 4362 2869 4436 discipulorum,
2900 4359 3040 4432 quod
3062 4375 3228 4429 neque
3260 4365 3436 4429 patres

168 4453 299 4509 stolo
322 4458 513 4526 potius
540 4456 975 4527 acquiescimus,
997 4457 1091 4527 qui
1120 4464 1177 4511 et
1201 4466 1488 4528 peccatum
1518 4466 1575 4513 et
1605 4474 1751 4513 mor—
1784 4448 1828 4504 υ
1856 4466 2037 4530 vestri,
2080 4478 2249 4535 neque
2283 4477 2375 4516 nos
2417 4467 2631 4531 portare
2680 4456 2944 4528 potuimus
2975 4454 3000 4508 ?
3029 4452 3120 4507 sed
3174 4468 3268 4522 per
3305 4466 3435 4521 gra-

167 4550 270 4600 tem
315 4546 372 4603 in
412 4563 618 4605 omnes
672 4548 927 4604 homines
951 4549 1319 4620 pertransisse
1368 4556 1622 4617 testatur,
1673 4549 1750 4604 di-

168 4650 338 4694 cens:
387 4640 498 4697 Per
549 4657 725 4696 unum
780 4642 1052 4696 hominem
1088 4649 1360 4712 peccatum
1416 4641 1643 4695 intravit
1693 4644 1750 4696 in

168 4733 438 4801 mundum,
476 4742 535 4789 et
569 4749 671 4806 per
714 4741 985 4804 peccatum
1036 4750 1198 4800 mors,
1239 4742 1290 4787 et
1342 4733 1419 4787 ita
1474 4734 1527 4787 in
1573 4750 1749 4788 omnes

1857 4560 1990 4613 tiam
2040 4555 2249 4609 Domini
2275 4552 2398 4608 Iesu
2429 4550 2690 4606 credimus
2730 4545 2954 4610 salvari,
2994 4541 3435 4614 quemadmodum

1855 4650 1938 4705 illi
1985 4649 2049 4704 ”.

2224 4868 3392 4896 Μ

1530 4992 2073 5094 EJUSDEM

419 5201 1071 5334 CONTRA
1131 5200 2231 5391 NESTORIANOS
2312 5174 3157 5332 CAPITULA.

229 5487 517 5546 Duodecim
551 5492 689 5546 istos
722 5492 1188 5545 anathematismos
1223 5506 1335 5544 esse
1363 5488 1490 5544 illas
1522 5492 1924 5545 contestationcs
1988 5506 2120 5560 quas
2158 5489 2399 5543 monachi
2433 5485 2638 5557 Scythae
2673 5484 2876 5555 publice
2906 5480 3086 5535 Roma:
3121 5479 3428 5549 oﬁixerant,

167 5593 275 5635 cum
299 5599 362 5638 ex
392 5585 556 5651 urbe,
588 5585 650 5638 in
683 5599 787 5652 qua
824 5591 1009 5637 sancto
1040 5584 1326 5638 Hormisda
1359 5584 1604 5654 pontiﬁce
1635 5586 1880 5640 custoditi
1909 5584 2278 5647 servabantur,
2310 5580 2449 5635 clam
2485 5580 2837 5649 aufugerunt,
2872 5592 2976 5629 non
3011 5589 3225 5644 prorsus
3261 5570 3434 5624 aliene

242 5696 262 5727 '
299 5697 459 5785 lium.
515 5713 572 5762 ν,
621 5695 711 5748 12.
786 5696 807 5728 ⁹
845 5694 963 5750 Act.
1008 5712 1081 5761 tv,
1126 5696 1208 5750 12.
1290 5697 1330 5728 ¹⁰
1372 5696 1529 5752 Rom.
1574 5713 1684 5765 vtu,
1729 5698 1760 5754 9

1863 5698 1900 5731 “
1945 5696 1965 5751 l
2014 5694 2138 5751 Cor.
2178 5709 2271 5760 xu,
2314 5692 2366 5747 5.
2448 5691 2488 5721 ¹²
2527 5687 2767 5758 Philipp.
2808 5701 2866 5751 η,
2922 5683 3009 5738 i5.
3087 5684 3132 5716 ¹³
3165 5682 3287 5737 Act.
3338 5696 3430 5745 xv,

175 5764 254 5834 l0,
294 5766 381 5823 ll.
