3984 6296
435 236 504 304 87
621 251 637 256 -
1715 239 2038 316 ΙΟᾼΝΝἹΞ
2073 240 2457 302 MAXENTII
3617 240 3694 304 ss

435 351 770 422 mujectatur
783 349 1045 406 Baronius
1076 355 1218 406 tomo
1250 348 1368 414 VII,
1399 365 1542 404 anno
1577 347 1703 414 520,
1733 348 1960 419 cap.‘2.5.
1991 347 2054 402 In
2085 351 2258 422 primo
2293 349 2739 404 ariathematismo
2775 364 2894 403 cum
2927 349 3074 404 αὔτε(
3102 347 3272 404 Unam
3307 357 3558 404 naturain
3599 349 3698 404 Dei

434 446 584 501 Verbi
600 449 992 501 incarnatum.»
1018 445 1159 500 Nota
1188 443 1431 516 fraudem
1450 441 1957 506 7ucreticam,lector
1969 459 1988 508 ;
2007 449 2082 496 est
2111 443 2321 514 quidem
2349 443 2459 497 lucc
2493 441 2714 496 assertio
2730 442 2794 496 de
2819 457 2874 495 se
2903 457 3027 496 vera
3051 448 3101 494 et
3129 441 3421 496 orthodoxa
3441 458 3459 496 :
3477 440 3696 496 Natura

436 539 607 607 Verbi,
635 539 716 595 uel
754 541 1003 595 divinitas
1049 547 1126 594 est
1166 541 1473 594 incuruata.
1505 536 1592 592 Sic
1633 539 1773 592 enim
1815 536 2014 592 locutos
2054 545 2260 592 constat
2284 545 2529 592 sanctum
2565 537 2941 602 Athanasium,
2971 545 3215 591 sanctum
3255 535 3536 608 Cyrillum,
3562 555 3696 608 quos

429 635 558 688 citat
581 647 794 690 sanctus
816 634 1048 689 Joannes
1075 635 1436 690 Damasceuus
1467 613 1556 686 lib.
1585 649 1640 688 ιιι
1662 631 1740 686 De
1762 631 1889 702 ﬁde,
1914 649 2033 703 cap.
2059 631 2128 699 6;
2151 641 2396 688 sanctum
2413 631 2746 703 Fulgentium
2771 630 2998 702 qutest.2
3025 633 3096 684 ad
3111 629 3442 701 Ferrandum
3468 648 3486 694 ;
3519 633 3696 685 conci-

433 727 561 780 lium
577 726 931 781 Lateranense
955 727 1050 780 sub
1065 725 1298 780 Μαι-ϋηο
1328 725 1374 792 ι,
1399 725 1668 791 canonel;
1691 732 1934 778 sanctum
1955 724 2173 778 Petrum
2205 724 2512 792 diaconum,
2539 723 2672 778 libro
2701 724 2778 778 De
2799 724 3188 789 incarnatione,
3217 739 3336 792 cap.
3367 723 3424 776 2.
3447 731 3493 776 et
3532 723 3690 778 alios.

431 816 699 888 Siquidem
723 821 860 874 hunc
887 836 1100 874 sensum
1127 819 1443 874 catholicum
1471 819 1684 889 accipit.
1710 817 1923 873 Natura
1953 818 2134 872 diuina
2161 827 2238 874 est
2263 819 2568 886 incarnata,
2599 819 2656 874 id
2686 826 2760 872 est
2789 819 2941 873 unita
2969 819 3140 882 carni,
3167 817 3248 871 uel
3277 818 3403 889 quia
3437 825 3691 870 naturain
3726 813 3744 858 ἀ

432 913 607 966 carnis
638 911 941 981 assumpsit.
969 909 1230 966 Craterum
1262 911 1388 980 quia
1421 909 1742 980 Eutychiaui
1774 927 1893 964 eam
1922 911 2350 982 propositionem,
2375 927 2539 966 unam
2569 917 2823 966 naturam
2848 909 2947 965 Dei
2975 909 3125 964 Verbi
3151 911 3494 965 incarnatam
3527 927 3696 981 prave

433 1012 484 1056 ct
509 1001 750 1057 ha'retico
776 1017 932 1055 sensu
957 1001 1368 1074 detorquebant;
1394 1002 1548 1072 quasi
1573 1001 1629 1056 in
1659 999 1864 1056 Christo
1896 1017 2002 1056 non
2031 1010 2162 1056 esset
2186 1003 2289 1058 nisi
2313 1010 2513 1058 natura
2537 1003 2738 1070 divina,
2759 1003 2816 1056 in
2843 1019 3004 1075 quam
3029 1018 3280 1058 conversa
3309 1003 3466 1072 fuerit
3492 1011 3702 1057 natura

433 1096 693 1161 humana,
723 1094 870 1150 nullo
903 1105 1056 1166 pacto
1091 1093 1310 1164 ferenda
1347 1101 1424 1148 est
1456 1093 1513 1146 in
1550 1092 1884 1162 Eutychiano
1918 1093 2149 1161 homine,
2181 1093 2356 1164 qualis
2394 1093 2494 1164 fuit
2531 1092 2851 1148 Maxentius.
2880 1093 3021 1148 Nam
3058 1095 3220 1148 etiam
3256 1092 3538 1148 Dioscorus
3573 1109 3698 1148 cum

433 1188 738 1243 orthodoxis
764 1187 1014 1258 episcOpis
1039 1203 1096 1240 se
1120 1183 1406 1250 divelleret,
1432 1183 1566 1238 dixit
1590 1184 1646 1237 in
1677 1182 1896 1238 concilio
1925 1181 2338 1238 Chalcedonensi
2363 1185 2434 1240 ad
2455 1184 2617 1254 ﬁnem
2641 1186 2862 1240 actionis
2886 1186 2940 1253 l,
2970 1195 3096 1241 ante
3127 1187 3386 1240 actionem
3420 1186 3456 1240 2
3485 1185 3702 1239 concilii

433 1281 1046 1354 Constantinopolitani:
1077 1281 1192 1352 Ego
1233 1289 1412 1336 autem
1439 1263 1740 1334 testimonia
1781 1279 1946 1334 habeo
1988 1276 2086 1334 SS.
2121 1278 2347 1334 Patrum
2393 1280 2687 1349 Athanasii,
2720 1283 2982 1354 Gregorii,
3018 1282 3209 1356 Cyrilli
3239 1284 3295 1338 in
3326 1282 3504 1336 multis
3541 1282 3698 1350 locis,

433 1377 564 1447 quia
593 1393 698 1432 non
729 1385 934 1447 oportet
959 1375 1130 1430 dicere
1154 1382 1268 1446 post
1295 1375 1675 1428 adunationem
1706 1374 1838 1428 duas
1865 1383 2113 1440 naturas,
2135 1375 2224 1430 sed
2249 1390 2414 1429 unam
2439 1384 2692 1430 naturam
2719 1376 2995 1432 Dei-Verbi
3023 1380 3384 1433 incarnatam.
3413 1377 3496 1431 En
3521 1386 3702 1447 poste-

434 1469 582 1524 riora
619 1469 774 1524 verba
811 1469 1073 1540 ipsissima
1108 1475 1234 1522 sunt
1258 1465 1515 1521 Maxentii
1545 1466 1770 1537 ;priora
1811 1466 1933 1521 dolo
1969 1467 2176 1538 perﬁdo
2207 1469 2400 1534 omisit,
2428 1468 2511 1522 uel
2553 1469 2726 1539 potius
2761 1469 3063 1534 occultavit,
3093 1485 3212 1542 qua:
3250 1479 3428 1524 tamen
3466 1467 3705 1538 intelligi

433 1562 621 1618 uoluit.
647 1560 848 1616 Eodem
867 1571 1020 1632 pacto
1039 1558 1258 1615 Armeni
1279 1565 1516 1613 errantes
1540 1557 1909 1630 loquebantur,
1932 1560 2024 1630 qui
2050 1567 2230 1614 tamen
2249 1557 2496 1614 nolebant
2513 1559 2680 1616 uideri
2699 1559 3038 1630 Eutychiani,
3058 1577 3186 1631 quos
3215 1569 3392 1614 tamen
3421 1561 3709 1631 redarguit

435 1655 832 1714 Theodoriauus
845 1655 1014 1726 infra.
1179 1641 1189 1651 ’

509 1744 768 1812 Quocirca
795 1745 1078 1817 prudenter
1097 1749 1314 1798 sanctus
1338 1741 1699 1796 Damuscenus
1721 1741 2178 1813 Entychianorum
2205 1745 2523 1821 imposturas
2551 1744 2792 1815 detegens
2822 1741 3070 1799 libFidei
3095 1743 3302 1800 orthod.
3326 1763 3445 1816 cap.
3473 1746 3560 1808 ll,
3585 1747 3711 1800 haec

436 1838 642 1894 monuit
670 1838 779 1892 :At
799 1835 940 1908 quod
963 1835 1212 1890 diuinitas
1243 1835 1398 1889 homo
1431 1833 1598 1904 facta,
1623 1834 1908 1887 incarnata
1935 1834 2146 1900 sit,‘aut
2173 1836 2506 1890 humanitate
2539 1852 2594 1890 se
2624 1835 2876 1902 induerit,
2907 1851 3168 1906 nusquam
3203 1836 3520 1890 audivimus.
3550 1835 3713 1891 Illud

435 1939 576 1986 certe
601 1929 895 1994 didicimus,
925 1928 1254 1983 divinitatem
1285 1923 1608 1980 humanitati
1633 1925 1690 1978 in
1716 1940 1826 1978 una
1854 1941 2076 1979 suarum
2104 1940 2453 1996 personarum
2482 1927 2692 1980 unitam
2723 1942 2852 1980 esse.
2881 1925 2951 1981 Et
2979 1925 3192 1982 Nicetas
3225 1927 3316 1982 lib.
3339 1943 3396 1982 ιιι
3421 1926 3702 1994 Thesauri,

433 2039 557 2096 cap.
585 2022 680 2089 li,
707 2020 880 2093 inquit
911 2035 930 2075 :
962 2018 1162 2074 Errare
1195 2032 1303 2071 non
1333 2020 1510 2080 caret,
1535 2013 1581 2068 si
1615 2022 1869 2069 naturam
1897 2014 2136 2070 divinam
2169 2017 2512 2072 incarnatam
2543 2032 2654 2072 esse
2687 2017 2954 2083 dicamus,
2982 2017 3066 2072 uel
3095 2020 3142 2073 si
3173 2035 3398 2077 carnem
3429 2036 3463 2072 a
3497 2028 3705 2074 natura

434 2117 616 2174 divina
645 2120 974 2186 assumptam
1003 2111 1166 2182 fuisse
1191 2110 1499 2165 dixerimus.
1525 2105 1650 2163 ch
1676 2107 1872 2162 idcirco
1901 2110 2003 2180 ipsi
2031 2126 2096 2164 ne
2121 2109 2398 2180 fraudibus
2423 2099 2878 2184 Entychianorum
2905 2113 3208 2167 orthodoxis
3234 2110 3614 2184 imponeretur,
3637 2122 3704 2166 ut

433 2213 494 2266 in
525 2207 698 2280 primo
732 2221 830 2262 suo
865 2203 1310 2259 anathematismo
1339 2201 1422 2256 hic
1455 2200 1575 2269 fecit
1601 2198 1839 2253 Joannes
1864 2200 2184 2256 Maxentius.
2215 2200 2282 2256 In
2313 2202 2348 2255 5
2381 2204 2830 2260 anathematismo
2863 2203 2984 2258 dolo
3021 2219 3126 2258 non
3159 2211 3341 2258 carent
3372 2204 3527 2259 verba
3563 2203 3663 2258 illa
3684 2247 3702 2271 ,

399 2304 402 2308 ’
434 2295 845 2356 substantialem
881 2293 990 2348 sive
1029 2289 1338 2346 naturalem
1375 2290 1660 2354 unitatem,
1693 2295 1808 2358 post
1849 2291 2098 2344 unionem
2142 2289 2373 2344 duarum
2415 2300 2736 2346 naturarum
2777 2292 2833 2346 in
2877 2291 3084 2348 Christo
3124 2291 3406 2347 resultasse
3440 2295 3706 2348 unitatem
3783 2343 3792 2348 -

436 2389 730 2462 quamdam
753 2385 1065 2442 substantia:
1092 2381 1176 2436 vel
1201 2387 1430 2448 natura,
1454 2381 1510 2435 id
1535 2391 1633 2443 est,
1657 2397 1763 2436 non
1789 2381 1892 2434 nisi
1921 2389 2194 2447 naturam,
2219 2397 2336 2452 quae
2366 2391 2443 2437 est
2467 2383 2801 2454 Eutychiana
2829 2383 3064 2440 heresis.
3088 2384 3151 2440 In
3175 2385 3358 2440 eodem
3383 2387 3706 2440 anathema-

441 2486 596 2542 tismo
615 2483 770 2538 verba
798 2480 951 2546 illa,s
983 2479 1078 2534 sed
1105 2475 1574 2542 subsistentialem,
1598 2477 1706 2531 sive
1739 2475 2070 2548 personalem
2101 2477 2227 2532 dicit
2259 2479 2570 2544 unitatem,»
2592 2479 2750 2533 sinon
2769 2465 2950 2550 palam
2970 2480 3238 2544 hatretica,
3253 2485 3380 2533 sunt
3410 2487 3586 2535 tamen
3604 2483 3708 2536 ab-

439 2577 628 2641 surda,
655 2583 708 2630 et
737 2576 1052 2646 impropria.
1094 2573 1253 2644 Docet
1287 2573 1430 2626 enim
1457 2570 1590 2640 ﬁdes
1623 2571 1883 2627 catholica
1917 2576 2166 2629 unionem
2203 2575 2437 2630 duarum
2472 2586 2794 2631 naturarum
2833 2576 2888 2629 in
2929 2575 3137 2630 Christo
3174 2575 3618 2632 subsistentialem
3651 2585 3714 2630 et

442 2667 778 2745 personalcm
814 2684 944 2732 esse,
973 2667 1100 2738 quia
1136 2667 1400 2721 uniuutur
1439 2666 1559 2722 diue
1595 2673 1808 2738 natura:
1842 2667 1898 2722 in
1941 2684 2052 2724 una
2088 2670 2427 2726 subsistentia
2462 2681 2514 2726 et
2550 2669 2934 2742 personalitate
2973 2669 3144 2725 Verbi.
3176 2669 3325 2742 (Vide
3363 2668 3420 2727 S.
3451 2671 3716 2729 Thomam

440 2781 502 2827 ιιι
529 2769 699 2838 part,
731 2767 918 2834 qua’st.
945 2760 1005 2828 2,
1029 2767 1137 2814 art.
1165 2758 1246 2832 2.)

2049 2889 2118 2904 ~

515 2955 574 3014 Si
602 2956 728 3028 quis
755 2954 1053 3013 conﬁtetur
1078 2955 1133 3010 in
1163 2953 1398 3010 Domino
1425 2955 1616 3010 noStro
1638 2944 1767 3012 Iesu
1800 2956 2024 3014 Christo
2055 2966 2100 3022 Α
2198 2961 2254 3018 Si
2283 2964 2408 3034 quis
2435 2963 2572 3020 dicit
2598 2959 2880 3020 Christum
2910 2975 3133 3034 passum
3161 2977 3348 3027 carne,
3371 2961 3545 3019 Deum
3570 2979 3718 3023 vero

444 3052 583 3108 duas
619 3059 846 3108 naturas
879 3049 1084 3116 unitas,
1118 3048 1226 3104 hoc
1257 3055 1363 3114 est,
1395 3047 1707 3104 divinitatis
1739 3057 1796 3104 et
1825 3049 2022 3105 buma-

443 3144 656 3210 nitatis,
681 3159 746 3199 ac
778 3143 824 3198 si
855 3157 1021 3197 unam
1051 3149 1308 3197 naturam
1337 3140 1436 3195 Dei
1461 3140 1626 3196 Verbi
1657 3142 2022 3210 incarnatam,

444 3235 586 3292 sicut
616 3235 756 3290 duas
783 3233 968 3289 unitas
997 3233 1054 3287 in
1089 3247 1201 3287 una
1229 3231 1541 3288 substantia
1573 3241 1738 3302 atque
1768 3249 2022 3304 persona,

445 3326 753 3384 secundum
790 3325 938 3396 quod
975 3323 1139 3380 nobis
1173 3323 1402 3380 tradidit
1429 3325 1746 3380 veneranda
1783 3327 2029 3398 synodus

443 3417 944 3481 Chalcedonensis,
972 3417 1268 3472 anathema
1297 3416 1390 3472 sit.

519 3510 576 3568 Si
615 3511 742 3582 quis
780 3526 892 3566 non
933 3509 1228 3566 conﬁtetur
1260 3509 1484 3580 proprie
1520 3523 1578 3565 et
1609 3522 1761 3566 vere
1783 3517 2028 3566 sanctam

446 3603 676 3660 Mariam
705 3604 802 3659 Dei
832 3603 1194 3668 Genitricem,
1223 3602 1321 3658 sed
1353 3611 1580 3674 propter
1606 3603 1874 3658 honorem
1908 3614 2030 3658 Ian-

449 3705 568 3750 tum
601 3694 709 3750 hoc
740 3695 790 3749 ei
827 3709 1029 3750 nomen
1065 3694 1280 3754 tribuit,
1311 3694 1440 3764 quia
1475 3695 1693 3766 peperit
1747 3695 2029 3749 hominem

449 3785 548 3856 qui
590 3783 898 3841 secundum
946 3783 1177 3855 gratiam
1223 3782 1430 3839 dicitur
1471 3784 1647 3848 Deus,
1688 3798 1798 3838 non
1846 3792 2032 3838 autem

450 3877 582 3947 quia
605 3876 822 3947 peperit
846 3877 1020 3932 Deum
1045 3876 1391 3931 incarnatum
1419 3883 1476 3932 et
1497 3876 1776 3932 hominem
1801 3875 2030 3942 factum,

448 3969 746 4025 anathema
772 3969 863 4024 sit.

521 4061 578 4118 Si
619 4063 746 4132 quis
781 4078 894 4119 non
933 4063 1230 4119 conﬁtetur
1263 4057 1686 4117 substantialem
1719 4059 1835 4115 sive
1868 4067 2033 4114 natu-

451 4155 624 4212 ralem
658 4156 948 4223 unitatem,
980 4155 1286 4213 secundum
1318 4153 1373 4208 id
1399 4152 1548 4224 quod
1576 4168 1808 4208 manens
1835 4159 2034 4207 natura

451 4246 600 4306 Deus
648 4249 892 4305 Verbum
917 4257 1132 4302 natura:
1155 4254 1242 4302 est
1265 4245 1456 4299 unitus
1483 4245 1760 4308 humanae,
1782 4243 1878 4298 sed
1903 4242 2034 4298 sub-

453 4339 818 4397 sistentialem
865 4339 982 4394 sive
1027 4336 1378 4410 personalem
1422 4333 1560 4390 dicit
1601 4335 1902 4398 unitatem,
1937 4343 2035 4390 aut

453 4431 760 4488 secundum
797 4429 1255 4492 illustrationem,
1286 4425 1404 4482 sive
1434 4426 1744 4482 secundum
1779 4426 2035 4484 dilectio-

453 4539 604 4586 nem,
631 4532 728 4578 aut
755 4521 1061 4578 secundum
1089 4519 1464 4583 ail'ectionem,
1488 4519 1780 4576 anathema
1811 4520 1899 4576 sit.

530 4613 589 4670 Si
649 4614 776 4684 quis
853 4628 966 4667 non
1027 4610 1346 4682 acquiescat
1429 4609 1684 4666 conﬁteri
1753 4609 2034 4667 Christum

457 4723 631 4763 unum
666 4706 735 4762 de
766 4705 1072 4770 Trinitate,
1097 4703 1264 4759 etiam
1297 4719 1424 4760 cum
1459 4718 1622 4758 carne
1656 4705 1909 4774 propria,
1941 4706 2036 4776 qui

458 4817 564 4873 pro
596 4801 760 4856 nobis
791 4813 987 4870 passus
1017 4808 1104 4854 est
1136 4797 1193 4852 in
1229 4813 1414 4864 carne,
1445 4797 1697 4868 quamvis
1728 4797 2035 4852 secundum

457 4909 681 4950 carnem
731 4909 843 4948 non
891 4891 965 4948 sit
1003 4890 1072 4946 de
1117 4890 1427 4946 substantia
1468 4889 1786 4957 'Jrinitatis,
1819 4889 1914 4945 sed
1964 4889 2039 4944 sit

459 4985 606 5041 idem
633 5001 702 5041 ex
727 4984 917 5050 nobis,
950 4983 1244 5038 anathema
1269 4982 1361 5038 sit.

531 5080 589 5138 Si
625 5081 751 5152 quis
785 5095 1017 5150 puerum
1057 5077 1210 5132 illum
1255 5092 1422 5147 quem
1457 5085 1648 5133 sancta
1675 5075 1840 5145 Virgo
1867 5073 2036 5129 Maria

460 5175 680 5246 genuit,
717 5189 830 5229 non
877 5170 1174 5227 conﬁtetur
1213 5179 1424 5227 naturae
1464 5172 1669 5235 Deum,
1711 5185 1808 5240 per
1855 5167 2036 5238 ipsum

461 5267 606 5324 facta
639 5267 823 5323 omnia
851 5263 1089 5320 visibilia
1121 5273 1179 5318 et
1207 5261 1530 5326 invisibilia,
1561 5260 1830 5324 caelestia,
1859 5268 2038 5314 terre-

461 5360 617 5426 Stria,
637 5357 1120 5426 conditionemque
1148 5354 1418 5418 omnium,
1445 5355 1618 5408 Deum
1643 5352 1866 5417 fortem,
1890 5349 2043 5420 prin-

461 5451 639 5523 cipem
669 5450 842 5522 pacis,
870 5455 1085 5519 patrem
1112 5444 1282 5499 futuri
1315 5443 1526 5508 saeculi,
1555 5441 1845 5498 anathema
1872 5440 1966 5496 sit.

537 5598 604 5631 ¹³⁶
633 5605 790 5663 Rom.
821 5625 872 5673 γ,
911 5607 996 5661 l2.

2129 3071 2348 3126 passum
2386 3072 2553 3112 carne
2589 3055 2776 3112 dicere
2813 3071 2924 3111 non
2967 3055 3297 3126 acquiescit,
3331 3057 3480 3126 quod
3523 3058 3712 3127 ipsum

2127 3145 2476 3217 intelligitur,
2501 3145 2783 3202 Christum
2817 3160 3041 3220 passum
3074 3161 3262 3210 carne,
3289 3145 3578 3201 anathema
3611 3148 3708 3204 sit.

2199 3236 2254 3292 Si
2285 3239 2410 3308 quis
2435 3237 2598 3292 dicit:
2623 3238 2770 3293 Deus
2799 3253 2911 3292 non
2938 3245 3024 3293 est
3047 3237 3224 3292 factus
3251 3236 3526 3306 Christus,
3547 3239 3715 3296 Chri-

2127 3338 2246 3386 stus
2275 3339 2460 3385 autem
2487 3331 2633 3386 Deus
2659 3329 2838 3386 factus
2864 3335 2981 3395 est,
3007 3329 3296 3385 anathema
3329 3329 3423 3386 sit.
3671 3398 3689 3404 _

2200 3421 2255 3477 Si
2299 3423 2426 3494 quis
2472 3440 2581 3480 non
2623 3423 2920 3480 conﬁtetur
2959 3423 3460 3479 duasnativitales
3501 3423 3558 3478 in
3599 3440 3716 3481 uno

2127 3516 2270 3572 Filio
2298 3516 2417 3585 Dei,
2447 3517 2560 3572 Deo
2593 3516 2800 3581 Verbo,
2828 3524 2955 3572 ante
2987 3515 3186 3571 saecula
3216 3514 3441 3586 quidem
3479 3524 3609 3570 nato
3641 3515 3712 3570 de

2129 3610 2313 3675 Patre,
2347 3611 2402 3664 in
2443 3609 2757 3666 novissimis
2797 3617 2983 3664 autem
3026 3607 3370 3678 temporibus
3405 3607 3603 3663 eodem
3643 3607 3714 3664 de

2129 3711 2305 3757 matre
2335 3703 2544 3774 genito,
2574 3703 2864 3758 anathema
2891 3701 2982 3758 sit.

2202 3793 2258 3849 Si
2286 3794 2412 3865 quis
2433 3811 2546 3850 non
2571 3795 2866 3850 conﬁtetur
2889 3795 3258 3866 compositum
3281 3794 3562 3852 Christum
3589 3799 3718 3864 post

2131 3886 2594 3963 incarnationem,
2623 3887 2916 3944 anathema
2944 3890 3037 3944 sit.

2204 3977 2261 4033 Si
2281 3979 2406 4048 quis
2431 3977 2548 4051 (ait)
2573 3979 2824 4034 naturale
2844 3996 2964 4035 esse
2985 3988 3295 4051 peccatum,
3317 3977 3528 4050 peccati
3578 3993 3720 4034 cau-

2133 4086 2250 4127 sam
2305 4083 2630 4128 naturarum
2697 4072 2972 4130 conditori
3035 4073 3326 4130 dementer
3391 4071 3719 4138 ascribens,

2132 4165 2424 4221 anathema
2455 4167 2547 4222 sit.
2673 4166 2688 4224 .1
3557 4211 3566 4217 -

2207 4259 2264 4315 Si
2306 4259 2433 4330 quis
2471 4276 2582 4315 non
2630 4257 2928 4317 conﬁtetur
2970 4260 3235 4333 originale
3281 4266 3568 4330 peccatum
3613 4271 3726 4327 per

2133 4352 2646 4424 praevaricationem
2691 4349 2824 4409 Adae
2862 4353 3170 4424 ingressum
3217 4352 3272 4407 in
3312 4350 3582 4410 mundum
3625 4364 3725 4404 se-

2135 4444 2378 4500 cundum
2409 4443 2658 4514 Apostoli
2683 4459 2873 4500 vocem
2899 4444 3136 4500 dicentis
3167 4461 3182 4497 :
3223 4443 3324 4498 Per
3353 4459 3518 4496 unum
3542 4443 3727 4495 homi-

2139 4553 2258 4590 nem
2293 4547 2566 4608 peccatum
2606 4535 2830 4592 intravit
2873 4538 2929 4591 in
2977 4535 3255 4598 mundum,
3299 4543 3352 4588 et
3385 4550 3480 4605 per
3527 4549 3712 4604 pecca-

2137 4635 2252 4680 tum
2297 4643 2461 4688 mors.
2485 4635 2534 4680 et
2581 4627 2658 4681 ita
2689 4628 2744 4681 in
2791 4641 2970 4681 omnes
3017 4625 3250 4680 homines
3271 4623 3632 4697 pertransiuit,
3657 4624 3727 4678 in

2097 4737 2240 4791 ~quo
2273 4736 2453 4774 omnes
2479 4728 2830 4789 peccauerunt
2860 4719 2950 4784 η’,
2976 4718 3269 4774 anathema
3299 4717 3393 4772 sit.

2212 4813 2347 4868 Item
2381 4830 2396 4866 :
2423 4811 2964 4866 Anathematizamus
2990 4825 3208 4866 omnem
3237 4823 3461 4864 sensum
3487 4805 3723 4875 Pelagii,

2142 4917 2200 4966 et
2236 4909 2513 4974 leestii,
2547 4918 2604 4963 et
2644 4909 2890 4963 omnium
2937 4907 3032 4977 qui
3079 4906 3188 4960 illis
3228 4905 3426 4960 similia
3469 4902 3726 4972 sapiunt,

2143 4999 2510 5069 suscipientes
2555 4997 2742 5054 omnia
2785 5014 2907 5068 qum
2953 4997 3008 5052 in
3059 4996 3294 5052 diversis
3343 4995 3481 5050 locis
3526 5001 3727 5048 contra

2142 5092 2292 5161 ipsos
2323 5099 2448 5146 acta
2479 5099 2608 5146 sunt
2633 5101 2690 5147 et
2718 5091 2924 5160 scripta
2956 5106 2986 5146 a
3019 5089 3350 5161 praesulibus
3407 5085 3730 5158 apostolicae

2141 5183 2333 5247 Sedis,
2362 5183 2416 5238 id
2443 5192 2549 5247 est,
2567 5183 2914 5248 Innocentio,
2938 5181 3244 5246 Bouil‘acio,
3265 5179 3510 5242 Zosimo,
3537 5176 3726 5232 Caele-

2143 5275 2313 5339 stino,
2344 5273 2546 5340 Leone,
2573 5273 2756 5329 Attico
2793 5275 2960 5328 etiam
2997 5269 3632 5340 Constantinopolitano,
3664 5276 3728 5322 ct

2145 5367 2476 5438 Augustino,
2505 5366 2604 5438 (et)
2635 5365 2906 5422 Africaine
2937 5363 3234 5436 provinciae
3257 5361 3552 5434 episcopis.
