3984 6296
257 291 330 356 εις)
1274 289 1507 350 RATIO
1524 283 2072 355 'ADUNATIONIS
2109 296 2344 358 VERBI
2384 296 2541 358 DEI.
2568 269 2589 289 ”
3463 302 3549 376 eo,

1629 666 2174 758 EJUSDEM

955 880 1332 1013 ALIA
1418 885 1851 1013 FIDEI

1942 888 2851 1021 PBOFESSIO.

337 1278 433 1336 Est
457 1280 603 1336 Deus
631 1280 817 1344 Pater,
840 1279 987 1335 Deus
1017 1279 1210 1346 Filius,
1232 1281 1380 1335 Deus
1408 1277 1575 1335 etiam
1602 1275 1844 1346 Spiritus
1874 1277 1921 1333 Α
1947 1275 2228 1332 Christum
2291 1279 2489 1334 Filium
2550 1279 2793 1335 hominis
2856 1280 2973 1336 sive
3036 1279 3314 1335 hominem
3337 1321 3351 1345 ,
3407 1293 3531 1340 ante

265 1379 510 1436 sanctus,
540 1385 654 1426 non
697 1380 834 1435 tres,
864 1369 957 1425 sed
1006 1386 1149 1425 unus
1188 1371 1355 1434 Deus,
1388 1384 1497 1424 una
1544 1365 1849 1423 substantia

265 1462 383 1516 sive
412 1449 649 1527 natura,
675 1477 786 1515 una
820 1461 1090 1532 sapientia
1109 1501 1122 1527 ,
1154 1476 1263 1515 una
1292 1460 1499 1527 virtus,
1527 1474 1640 1513 una
1669 1448 1848 1512 domi-

264 1552 437 1617 natio,
458 1567 633 1606 unum
659 1567 914 1623 regnum,
937 1567 1046 1607 una
1072 1550 1492 1622 omnipotentia,
1518 1565 1626 1605 una
1654 1548 1848 1620 gloria,

266 1653 383 1700 tres
424 1652 608 1699 tamen
643 1645 1019 1700 subsistentia:
1051 1645 1165 1700 sive
1198 1659 1466 1715 personae.
1496 1642 1851 1712 Unaquaeque

266 1749 502 1804 persona
547 1736 1082 1791 incommutabiliter
1132 1749 1352 1806 semper
1394 1734 1656 1789 obtinens
1699 1729 1848 1801 quod

264 1827 548 1897 proprium
574 1837 679 1895 est,
707 1828 781 1882 ita
808 1835 869 1883 ut
892 1843 995 1883 nec
1017 1829 1178 1882 Pater
1200 1827 1274 1881 sit
1297 1826 1471 1881 Filius
1493 1833 1588 1879 aut
1611 1823 1852 1893 Spiritus

265 1927 510 1984 sanctus,
541 1934 647 1975 nec
679 1919 852 1974 Filius
888 1918 961 1973 sit
998 1919 1161 1974 Pater
1193 1927 1291 1973 aut
1323 1916 1566 1987 Spiritus
1604 1923 1848 1979 sanctus,

265 2022 372 2062 nec
423 2008 665 2078 Spiritus
709 2022 936 2067 sanctus
978 2011 1143 2066 Pater
1185 2011 1259 2065 sit
1299 2017 1393 2064 aut
1437 2008 1628 2063 Filius.
1676 2006 1852 2061 Filius

266 2107 478 2165 autem,
507 2100 673 2172 538
707 2102 760 2156 id
794 2112 898 2168 est,
925 2103 1170 2159 Verbum
1196 2102 1290 2157 Dei
1331 2101 1650 2172 unigenitus
1683 2100 1849 2162 Deus,

237 2193 763 2266 _consuhstantialis
799 2196 978 2260 Patri,
1014 2210 1246 2250 manens
1294 2195 1351 2249 in
1401 2193 1623 2264 propria
1668 2190 1851 2247 subsi-

266 2285 473 2339 stentia
519 2285 685 2352 Deus,
715 2287 770 2341 in
820 2288 1138 2343 novissimis
1183 2286 1382 2342 diebus
1429 2302 1497 2341 ex
1541 2284 1851 2340 visceribus

262 2375 441 2431 beata
473 2376 714 2448 Virginis
744 2378 928 2435 Mariae
961 2388 1220 2434 naturam
1253 2378 1499 2448 suscepit
1528 2378 1850 2441 humanam,

265 2474 324 2523 et
350 2468 456 2523 sibi
487 2484 711 2526 carnem
739 2472 1080 2538 coadunans,
1108 2472 1276 2527 homo
1304 2471 1484 2527 factus
1511 2480 1616 2536 est,
1644 2471 1853 2527 habens

267 2562 506 2635 animam
537 2564 861 2620 rationalem
888 2566 974 2620 vcl
1000 2565 1454 2621 intellectualem.
1481 2563 1849 2631 Quamobrem

266 2649 551 2710 fatendum
606 2665 692 2712 est
744 2657 918 2713 Deum
971 2668 1162 2712 natum
1208 2672 1278 2712 ex
1316 2656 1555 2722 femina,
1599 2672 1712 2711 non
1758 2671 1848 2713 se-

269 2748 513 2804 cundum
549 2749 922 2815 divinitatem,
954 2750 1051 2805 sed
1085 2749 1394 2806 secundum
1427 2749 1847 2816 humanitatem,

267 2840 445 2896 Deum
490 2842 548 2896 in
579 2842 740 2896 cunis
762 2840 1022 2912 iacuisse,
1047 2856 1377 2912 pannosum,
1407 2840 1665 2896 sordibus
1696 2840 1852 2895 invo-

265 2932 471 2997 lutum,
496 2933 738 2989 crevisse
771 2941 827 2987 et
856 2933 1158 3003 profecisse
1187 2941 1348 2988 aetate
1383 2943 1440 2988 et
1466 2933 1733 3003 sapientia
1768 2946 1853 2988 sc-

266 3028 512 3083 cundum
544 3027 966 3093 humanitatem,
990 3041 1103 3082 non
1130 3027 1435 3083 secundum
1459 3027 1806 3082 divinitatem
1835 3046 1848 3082 :

262 3119 443 3174 Deum
471 3120 736 3183 esurisse,
763 3119 967 3184 sitisse,
991 3120 1197 3174 lassum
1224 3135 1293 3174 ex
1323 3120 1521 3175 itinere
1548 3120 1850 3190 quievisse,

263 3226 382 3267 non
416 3198 720 3267 secundum
756 3212 1141 3277 divinitatem,
1174 3212 1271 3267 sed
1310 3213 1617 3268 secundum
1652 3214 1852 3269 huma-

266 3304 503 3360 nitatem
554 3323 569 3359 :
616 3306 791 3361 Deum
838 3305 1298 3376 comprehensum
1344 3307 1605 3362 manibus
1652 3306 1852 3378 impio-

266 3412 431 3464 rum,
484 3398 795 3468 judicatum
817 3440 833 3464 ,
887 3398 1207 3453 damnatum
1229 3439 1244 3464 ,
1295 3392 1658 3465 crucifixum,
1708 3399 1855 3455 latus

263 3488 461 3543 lancea
496 3488 855 3557 perforatum,
887 3503 999 3549 non
1032 3487 1338 3543 secundum
1372 3488 1738 3556 divinitatem,
1756 3490 1854 3546 sed

266 3579 576 3636 secundum
596 3580 996 3635 humanitatem
1022 3598 1036 3633 :
1062 3580 1232 3636 Deum
1260 3583 1853 3652 mortuum,sepultum

268 3670 790 3735 resurrexisse,non
817 3670 1120 3725 secundum
1145 3669 1517 3735 divinitatem,
1537 3671 1632 3726 sed
1659 3687 1857 3739 secun-

268 3761 409 3817 dum
447 3762 850 3818 humanitatem
888 3781 902 3818 :
935 3764 1107 3819 Deum
1142 3779 1267 3818 cum
1306 3763 1423 3834 ipsa
1458 3780 1625 3820 carne
1657 3780 1856 3821 ascen-

265 3851 421 3907 disse
460 3852 516 3907 in
554 3853 779 3920 coelum,
812 3854 1019 3910 sedisse
1056 3854 1124 3909 ad
1162 3853 1449 3910 dexteram
1490 3855 1691 3920 Patris,
1726 3856 1856 3913 inde

1950 1369 2149 1424 saecula
2180 1370 2251 1424 de
2282 1371 2443 1425 Patre
2472 1379 2664 1426 natum
2699 1388 2871 1425 unum
2904 1388 2973 1426 ex
3006 1372 3302 1437 Trinitate,
3328 1381 3384 1427 et
3408 1388 3531 1442 per-

1938 1460 2453 1529 ipsumfactaomnia
2480 1463 2720 1518 visibilia
2747 1473 2803 1518 et
2828 1463 3152 1529 invisibilia,
3178 1473 3235 1519 et
3262 1465 3381 1519 sine
3414 1466 3533 1535 ipso

1948 1547 2156 1604 factum
2196 1567 2318 1607 esse
2357 1552 2517 1616 nihil,
2547 1568 2658 1608 non
2702 1563 2885 1610 tamen
2928 1553 3233 1610 secundum
3274 1555 3533 1610 humani-

1953 1648 2151 1709 tatem,
2185 1644 2281 1697 sed
2321 1644 2628 1699 secundum
2660 1646 3006 1700 divinitatem
3049 1664 3064 1713 ;
3098 1647 3247 1701 hunc
3276 1646 3534 1700 eumdem

1951 1734 2235 1789 hominem
2265 1736 2585 1813 esse'vitam
2618 1746 2910 1799 aeternam,
2945 1738 3304 1807 sapientiam,
3339 1749 3395 1792 et
3426 1738 3538 1791 vir-

1952 1834 2126 1881 tutem
2159 1827 2365 1893 Patris,
2395 1844 2505 1882 non
2546 1837 2727 1884 tamen
2762 1829 3069 1883 secundum
3103 1830 3533 1895 humanitatem,

1950 1918 2045 1974 sed
2079 1919 2383 1974 secundum
2400 1920 2744 1975 divinitatem
2769 1938 2783 1987 ;
2804 1921 2951 1976 hunc
2976 1921 3231 1976 eumdem
3256 1920 3538 1975 hominem

1950 2025 2072 2066 esse
2113 2011 2343 2082 figuram
2384 2013 2711 2068 substantiae
2753 2014 2870 2068 sive
2915 2014 3208 2084 imaginem
3248 2013 3448 2078 Patris,
3482 2019 3541 2067 et

1951 2105 2357 2159 emanationem
2397 2105 2668 2160 claritatis
2705 2105 2827 2170 Dei,
2855 2121 2965 2160 non
3009 2114 3192 2160 tamen
3231 2104 3537 2158 secundum

1953 2195 2388 2263 humanitatem,
2426 2197 2522 2252 sed
2567 2197 2873 2253 secundum
2913 2197 3287 2254 divinitatem.
3324 2198 3540 2251 Rursus

1953 2289 2251 2345 dicendum
2287 2296 2373 2344 est
2405 2304 2558 2352 eum,
2589 2289 2686 2359 qui
2718 2298 2804 2344 est
2831 2290 2945 2343 vita
2974 2296 3209 2354 aeterna,
3236 2287 3537 2357 sapientia,

1953 2380 2134 2435 virtus
2163 2381 2363 2445 Patris,
2391 2389 2583 2435 natum
2618 2381 2924 2435 secundum
2955 2395 3181 2436 carnem
3215 2394 3282 2433 ex
3310 2379 3538 2444 femina,

1953 2472 2122 2527 vitam
2149 2479 2432 2538 aeternam,
2460 2472 2782 2542 sapientiam
2810 2480 2867 2526 et
2888 2472 3151 2526 virtutem
3182 2470 3379 2536 Patris,
3406 2486 3540 2539 pan-

1954 2564 2045 2619 nis
2088 2563 2400 2618 involutum
2446 2564 2502 2619 in
2542 2563 2703 2619 cunis
2739 2563 3007 2635 iacuisse,
3041 2562 3212 2618 vitam
3252 2569 3538 2626 aeternam,

1944 2657 2285 2727 sapientiam
2313 2665 2372 2712 et
2396 2657 2661 2712 virtutem
2690 2655 2892 2721 Patris,
2920 2670 3165 2725 passum,
3190 2652 3539 2718 crucifixum,

1951 2758 2235 2804 mortuum
2284 2748 2593 2805 secundum
2642 2764 2885 2804 carnem.
2917 2748 3050 2814 Quae
3096 2762 3225 2802 cum
3276 2747 3351 2800 ita
3398 2745 3540 2809 sint,

1952 2854 2117 2895 nemo
2151 2846 2332 2909 potest
2359 2854 2483 2894 esse
2515 2838 2853 2903 catholicus,
2883 2836 2990 2892 nisi
3023 2836 3118 2906 qui
3146 2835 3202 2889 in
3230 2834 3412 2891 Verbo
3442 2835 3539 2890 Dei

1953 2932 2096 2986 Filio
2131 2931 2439 3001 uni'genito,
2468 2931 2608 2986 duas
2645 2929 2814 2984 fuerit
2849 2928 3135 2999 professus
3166 2937 3292 2998 post
3326 2927 3540 2982 aduna-

1956 3024 2162 3078 tionem
2193 3038 2411 3092 semper
2441 3022 2907 3077 indissolubiliter
2938 3035 3162 3075 manere
3196 3028 3447 3083 naturas,
3484 3019 3538 3073 id

1953 3127 2059 3182 est,
2087 3117 2250 3173 Verbi
2288 3125 2345 3172 et
2374 3116 2580 3182 carnis,
2606 3115 2703 3169 Dei
2739 3122 2796 3169 et
2827 3113 3104 3175 hominis,
3135 3111 3448 3167 divinitatis
3483 3122 3539 3166 et

1956 3209 2336 3265 humanitatis.
2367 3208 2506 3275 Quia
2533 3207 2680 3263 sicut
2703 3221 2849 3261 unus
2876 3206 2945 3261 de
2974 3205 3242 3259 Trinitate
3268 3212 3372 3269 est,
3400 3212 3457 3258 et
3486 3204 3539 3257 in

1954 3302 2230 3374 principio
2266 3301 2504 3357 Verbum
2532 3301 2682 3372 Deus
2710 3308 2817 3365 est,
2845 3300 2921 3353 ita
2954 3298 3119 3352 etiam
3156 3296 3303 3351 idem
3326 3296 3443 3366 ipse
3474 3311 3538 3350 ex

1953 3396 2118 3451 nobis
2157 3403 2263 3459 est,
2300 3394 2468 3449 homo
2507 3391 2791 3463 perfectus
2828 3399 2887 3446 et
2924 3405 3111 3444 verus.
3147 3388 3250 3455 Qui
3288 3389 3437 3443 enim
3474 3402 3538 3442 ex

1955 3484 2159 3539 lumbis
2187 3483 2427 3538 Abrahae
2454 3490 2513 3538 et
2542 3498 2612 3537 ex
2642 3481 2856 3537 semine
2882 3477 3055 3534 David
3090 3493 3230 3547 puer
3258 3475 3420 3532 datus
3453 3485 3538 3531 est

1954 3578 2137 3644 nobis,
2158 3578 2308 3633 Deus
2335 3575 2460 3632 cceli
2489 3582 2595 3639 est,
2624 3582 2683 3629 et
2708 3572 2970 3644 princeps
2998 3570 3172 3641 pacis,
3197 3578 3253 3623 et
3279 3568 3404 3622 ideo
3429 3584 3539 3622 non

1936 3670 2101 3732 'duze,
2124 3668 2222 3723 sed
2248 3682 2356 3722 una
2382 3665 2587 3722 Christi
2617 3679 2852 3735 persona
2879 3670 2984 3726 est,
3008 3660 3138 3732 quia
3163 3674 3326 3714 nemo
3349 3673 3533 3713 ascen-

1957 3759 2040 3815 dit
2076 3759 2133 3813 in
2171 3758 2403 3822 cadum,
2442 3756 2549 3811 nisi
2589 3755 2685 3825 qui
2723 3753 2792 3808 de
2829 3752 2971 3808 coelo
3010 3749 3331 3815 descendit,
3366 3747 3540 3803 Filius

1957 3851 2230 3915 hominis,
2260 3851 2356 3921 qui
2397 3857 2483 3904 est
2519 3848 2574 3902 in
2617 3847 2791 3911 coelo,
2820 3845 2982 3902 Jesus
3027 3842 3284 3901 Christus
3320 3842 3440 3897 heri
3484 3850 3536 3898 et

267 3960 493 4000 rursum
520 3961 648 4000 cum
675 3945 794 4016 ipsa
820 3961 985 4001 carne
1010 3946 1067 4000 in
1090 3945 1264 4017 gloria
1286 3954 1582 4001 venturum
1603 3947 1855 4018 judicare
1881 3966 1926 4026 α
1958 3947 2144 4013 hodie,
2165 3945 2284 4016 ipse
2311 3951 2368 3999 et
2398 3943 2454 3997 in
2482 3940 2699 3997 sazcula.

262 4034 429 4091 vivos
457 4046 513 4092 et
542 4046 818 4093 mortuos.
851 4038 1068 4095 Rursus
1106 4037 1482 4109 proﬁtendum
1523 4047 1637 4104 est,
1663 4038 1854 4095 Jesum

286 4223 3517 4259 Μ

1097 4409 1815 4541 EJUSDEM
1926 4402 2726 4534 MAXENTII

393 4660 1233 4758 ADUNATIONIS
1288 4664 1652 4761 VERBI
1732 4661 1933 4752 DEI
2011 4608 2162 4751 AD
2223 4652 2847 4752 PBOPRIAM
2922 4649 3404 4743 CARNEM

1758 4853 2032 4917 RATIO.

345 5161 522 5219 Filius
569 5159 670 5216 Dei
722 5158 962 5215 Verbum
999 5157 1200 5224 Patris,
1254 5173 1402 5215 unus
1440 5171 1510 5211 ex
1551 5155 1853 5223 Trinitate,
1884 5159 1931 5214 D
1959 5162 2155 5210 natura
2176 5154 2323 5209 Deus
2345 5150 2513 5205 homo
2536 5149 2716 5206 factus
2736 5154 2845 5215 est,
2867 5145 3081 5202 habens
3105 5142 3346 5200 animam
3372 5141 3543 5197 ratio-

258 5253 766 5313 consubstantialis
799 5252 980 5320 Patri,
1014 5259 1181 5307 natus
1213 5252 1297 5308 de'
1317 5252 1433 5307 Deo
1466 5256 1595 5304 ante
1631 5249 1858 5316 saecula,

1956 5248 2142 5303 nalem
2168 5246 2284 5301 sive
2309 5243 2766 5307 intellectualem,
2787 5249 2845 5296 et
2868 5228 2944 5295 ita
2967 5237 3243 5307 completo
3271 5244 3540 5303 tempore,

257 5348 588 5408 subsistens
625 5346 683 5401 in
720 5345 946 5417 propria
982 5359 1219 5415 persona
1253 5344 1406 5398 Deus
1446 5341 1504 5395 in
1542 5340 1863 5396 novissimis
1956 5337 2268 5393 secundum
2296 5336 2474 5407 legem
2501 5334 2759 5389 humanae
2780 5340 2993 5386 natum
3020 5326 3293 5417 processit
3315 5326 3385 5380 de
3415 5326 3540 5417 tha—

262 5440 622 5512 temporihus
652 5455 783 5494 mox
815 5439 962 5494 inter
994 5435 1427 5508 evangelizantis
1459 5432 1641 5503 angeli
1666 5432 1860 5496 verba,

1955 5427 2105 5482 lamo
2128 5425 2417 5498 virginali.
2434 5421 2549 5479 Hac
2575 5422 2645 5479 de
2673 5436 2843 5477 causa
2870 5416 3159 5481 naturalis,
3182 5430 3291 5469 non
3318 5414 3541 5470 socialis

257 5540 328 5588 et
355 5503 830 5586 accommodantis
852 5525 1083 5599 virginis
1114 5503 1308 5589 fidem,
1332 5521 1571 5594 propria:
1600 5521 1862 5592 potentia:
1959 5517 2223 5573 adunatio
2254 5517 2372 5573 sive
2406 5512 2586 5571 unitio
2620 5512 2678 5567 iu
2710 5510 2935 5567 Christo
2966 5506 3276 5599 rectissime
3308 5503 3537 5599 dicitur,

260 5624 504 5689 virtute,
530 5638 600 5679 ex
626 5621 941 5677 visceribus
966 5618 1217 5692 ejusdem
1242 5616 1476 5689 virginis
1502 5613 1622 5669 sine
1647 5613 1861 5669 semine

263 5715 380 5773 viri
425 5728 658 5773 carnem
704 5713 812 5771 sibi
859 5711 1213 5780 coadunans,
1256 5722 1489 5765 manens
1532 5708 1589 5760 in
1635 5703 1859 5775 prapria

1956 5609 2233 5680 quianon
2282 5609 2436 5664 carni
2486 5606 2735 5661 formatas
2783 5610 2878 5657 aut
2920 5598 3174 5654 animatae
3203 5638 3218 5665 ,
3244 5597 3391 5668 quod
3427 5596 3540 5665 jam

1964 5702 2204 5759 hominis
2269 5698 2567 5775 cuiuslibet
2623 5701 2806 5766 potest
2844 5692 3225 5750 demonstrare
3282 5702 3538 5761 persona,
