3984 6296
482 215 550 284 Si
1294 227 1314 233 ’
1733 214 2056 282 JOANNIS
2095 211 2479 276 ΜΑΧΕΝΤΙΙ
3686 207 3770 272 92

483 331 732 389 Verbum
761 344 820 386 se
848 327 1278 384 univitin'utero
1293 325 1669 398 Virgi‘nis,sed
1687 343 1754 383 ex
1791 329 1925 399 ipsis
1941 329 2064 400 ejus
2093 334 2135 389 A
2162 338 2281 396 est;
2313 328 2410 384 sed
2447 327 2554 381 hoc
2587 325 2680 395 qui
2717 323 2930 389 dicunt,
2962 337 3154 378 errore
3185 319 3770 378 Ncsteriitraducun-

481 423 794 484 visceribus
816 421 1094 494 Sapientia
1123 421 1230 478 sibi
1259 421 1484 478 domum
1511 421 1820 476 aediﬁcavit.
1839 421 2060 491 Alioqui

483 521 532 576 si
570 519 816 574 formatae
857 523 952 570 aut
975 515 1230 568 animata:
1273 513 1426 568 carni
1471 521 1647 568 semel
1679 513 1920 568 Verbum
1962 513 2059 570 Dei

485 609 720 668 inseruit.
754 609 810 662 in
843 615 1003 661 utero
1031 605 1319 676 virginali,
1352 619 1463 668 non
1489 605 1602 675 jam
1636 604 1935 669 naturalis,
1962 605 2060 660 sed

487 699 750 754 societate
785 695 902 750 haec
941 693 1129 764 potius
1163 693 1340 747 unitio
1376 691 1491 747 sive
1523 691 1796 746 adunatio.
1828 691 2062 749 dicenda

488 801 574 846 est
602 808 616 844 :
650 803 754 844 nec
781 801 1027 859 persona
1053 785 1222 842 Verbi
1254 785 1320 839 ad
1352 794 1604 840 naturam
1623 785 1830 850 carnis,
1862 785 1958 840 sed
1993 785 2068 840 ad'

486 897 778 955 personam
825 877 1064 948 alicujus
1106 875 1352 934 hominis
1386 876 1742 933 concurrisse
1786 876 2071 934 credenda.

2169 434 2280 480 tur.
2306 424 2589 480 Catholica
2620 431 2803 478 autem
2839 420 2975 475 ﬁdes
3009 435 3118 474 non
3157 432 3452 489 personam
3477 415 3648 471 Verbi
3685 415 3768 470 ad

2167 532 2458 590 personam
2487 515 2718 586 alicujus
2742 515 2854 586 jam
2882 511 3103 568 formati
3129 509 3396 572 hominis,
3425 507 3522 562 sed
3551 508 3620 562 ad
3657 525 3766 562 na-

2169 617 2348 662 turam
2377 607 2562 661 carnis
2590 605 2917 661 convenisse
2947 603 3126 657 credit
3151 610 3209 656 et
3231 600 3514 670 praedicat,
3537 608 3596 653 et
3623 599 3767 654 ideo

2167 715 2281 754 non
2331 696 2765 764 socialem,sod
2811 695 3123 751 naturalem
3174 692 3372 746 factam
3421 690 3586 745 docet
3628 703 3766 744 esse

2169 790 2500 847 u-uitionem.

501 1073 3738 1116 a_________,_________.______________—_.

1425 1237 2297 1410 HORMISD/E
2387 1235 2840 1366 mm

1106 1491 1260 1583 AD
1364 1491 2190 1594 POSSESSOBEM
2281 1487 2866 1621 EPISTO‘LA
2967 1483 3091 1576 (ί).

1404 1682 1824 1746 Dilectissimo
1859 1686 2058 1760 fratri
2093 1683 2455 1746 Possessori
2484 1681 2856 1743 Harmisda.

561 1986 716 2043 Sicut
740 1985 948 2042 rationi
972 1985 1230 2057 congruit
1265 1994 1328 2042 ut
1375 1986 1670 2042 consulant
1691 1959 2058 2057 ambigentes.
2096 1988 2138 2046 Β
2165 1982 2379 2038 liditate
2409 1981 2712 2047 versutias,
2743 1987 2800 2036 et
2833 1980 2938 2036 sub
2976 1979 3264 2051 religionis
3306 1982 3540 2040 obtentu
3573 1985 3765 2040 famu-

488 2078 565 2134 ita
595 2093 694 2150 par
717 2087 802 2134 est
827 2078 1164 2150 respondere
1189 2079 1494 2144 consultos,
1520 2080 1651 2148 quia
1682 2078 1798 2149 ipse
1830 2077 2066 2148 impellit

462 2171 546 2245 in
570 2184 841 2238 errorem,
859 2171 954 2242 qui
993 2187 1105 2226 non
1127 2171 1736 2242 instruitignorantem.
1767 2171 1880 2224 Nec
1897 2169 2064 2239 quid-

485 2277 652 2333 quam
668 2272 754 2319 est
777 2261 1228 2332 aptiusstudioso
1251 2260 1556 2330 religionis,
1574 2275 1743 2329 quam
1777 2259 2067 2329 inquisitio

483 2353 770 2417 veritatis,
827 2351 1050 2421 quando
1087 2350 1306 2406 facilius
1344 2351 1568 2406 devium
1627 2350 1796 2414 vitat,
1825 2349 1922 2418 qui
1962 2349 2069 2403 iter

487 2443 638 2514 quod
672 2443 958 2514 gradiatur
991 2449 1168 2512 rogat.
1198 2441 1304 2496 Sed
1341 2441 1660 2511 priusquam
1695 2439 2068 2510 respondendi

486 2545 684 2590 curam
735 2532 804 2588 de
832 2532 919 2588 his
943 2549 1066 2604 quae
1089 2532 1316 2587 dilectio
1346 2539 1438 2586 tua
1470 2540 1829 2602 percontatur
1877 2547 2070 2603 aggre-

488 2627 642 2693 diar,
674 2627 913 2682 libenter
950 2626 1006 2680 in
1047 2625 1251 2680 litteris
1293 2623 1408 2678 tuis
1451 2622 1577 2678 ﬁdei
1623 2631 1728 2678 tua!
1769 2639 1856 2678 me
1891 2623 2070 2679 fateor

489 2718 772 2775 invenisse
805 2716 1114 2781 fervorem,
1145 2718 1309 2788 cujus
1337 2717 1522 2771 calore
1556 2731 1888 2781 succensus,
1918 2717 2072 2772 redi-

488 2811 672 2866 vivam
723 2811 779 2864 in
829 2811 944 2866 illis
992 2807 1244 2880 partibus
1292 2807 1599 2862 inﬁdelium
1649 2809 2069 2878 perversitatem

487 2903 674 2975 vigere
697 2901 964 2974 suspiras.
998 2899 1364 2969 Dignissimus
1397 2898 1580 2962 dolor,
1612 2899 1708 2968 qui
1743 2899 1928 2955 dedita
1958 2900 2070 2956 Deo

488 2995 659 3051 corda
683 2994 996 3050 contristat.
1020 2990 1136 3046 Nec
1163 2989 1310 3044 enim
1337 2995 1423 3044 est
1445 2988 1591 3058 apud
1619 3003 1718 3044 eos
1743 2987 1930 3059 lapsus
1954 2989 2073 3043 illa-

489 3086 825 3152 mcntabilis,
846 3085 992 3155 apud
1017 3097 1160 3155 quos
1181 3088 1266 3137 est
1293 3081 1568 3152 igniculus
1593 3080 1916 3146 cbaritatis;
1940 3081 2072 3150 quia

490 3193 664 3234 unum
697 3178 1033 3248 spiritalium
1054 3185 1246 3230 votum
1275 3182 1362 3230 est
1409 3174 1562 3228 salus
1585 3172 1912 3229 inconcussa
1935 3189 2073 3229 eun-

490 3276 730 3326 ctorum.
757 3269 864 3324 Sed
898 3284 1008 3323 non
1035 3276 1120 3323 est
1151 3268 1335 3337 ignota
1367 3265 1626 3322 Ecclesia:
1657 3266 1752 3321 Dei
1778 3265 1848 3321 de
1874 3267 2072 3338 hujus-

493 3361 640 3414 modi
675 3356 950 3430 procellis,
984 3367 1080 3414 aut
1135 3359 1353 3412 insueta
1390 3365 1706 3428 tempestas,
1731 3365 1788 3413 et
1819 3359 2071 3428 quamvis
2097 3342 2140 3401 α

2172 2073 2341 2130 lautia
2375 2074 2518 2129 odiis
2554 2074 2674 2130 suis
2699 2087 2912 2128 venena
2945 2073 3304 2142 pertulimus,
3333 2075 3628 2131 studentes
3657 2091 3765 2131 eos

2172 2166 2242 2221 ab
2265 2167 2486 2222 interno
2502 2162 2729 2221 vulnere
2750 2162 3096 2221 medicabilis
3118 2167 3392 2236 patientia:
3411 2168 3762 2223 moderatio-

2175 2273 2244 2326 ne
2287 2273 2486 2312 sanare
2501 2299 2516 2323 ,
2545 2257 2694 2312 beati
2713 2257 2866 2312 Pauli
2890 2255 3101 2310 monita
3125 2273 3236 2312 non
3261 2265 3514 2314 tenentes
3532 2259 3762 2330 [tacen-

2175 2347 2280 2421 tes]
2297 2347 2446 2405 :Noli
2459 2349 2626 2403 verbis
2643 2347 2987 2413 contendere;
3004 2348 3074 2402 ad
3093 2348 3226 2403 nihil
3241 2350 3380 2404 enim
3398 2349 3525 2404 utile
3541 2357 3639 2414 est,
3653 2351 3765 2406 nisi

2175 2441 2246 2496 ad
2283 2441 2668 2495 subversionem
2708 2439 3122 2493 audientium".
3153 2437 3261 2495 Sed
3304 2441 3528 2511 quando
3593 2443 3761 2498 virus

2175 2533 2324 2604 quod
2373 2533 2584 2588 viscera
2639 2531 2952 2602 penetravit
3006 2531 3552 2602 evellitur?'quando
3587 2532 3763 2588 corda

2174 2625 2317 2680 male
2347 2625 2453 2680 sibi
2480 2623 2730 2688 credula,
2757 2621 3012 2676 veritatis
3040 2622 3428 2693 obtemperant
3455 2624 3768 2680 institutis?

2175 2716 2398 2787 quando
2441 2715 2623 2770 induit
2650 2714 2982 2770 obedientias
3049 2712 3443 2782 humilitatem,
3473 2715 3765 2786 opinioni-

2177 2810 2282 2866 bus
2311 2810 2426 2866 suis
2451 2809 2650 2864 vallata
2675 2807 3204 2879 superbia?quando
3233 2809 3593 2879 acquiescunt
3613 2810 3763 2879 paci,

2177 2901 2599 2958 contentionum
2663 2900 2906 2955 stimulis
2965 2901 3209 2963 assueti,
3273 2901 3391 2956 sola
3453 2903 3763 2958 certamina

2177 3002 2405 3050 aventes
2421 2994 2488 3048 de
2513 2992 2782 3064 religione
2807 3000 3050 3062 captare,
3075 2999 3132 3046 et
3154 2991 3412 3048 mandata
3441 2993 3767 3064 negligere?

2177 3088 2472 3157 Nunquam
2527 3085 2672 3156 apud
2724 3099 2823 3138 eos
2879 3083 3124 3138 charitas
3176 3099 3322 3138 novo
3373 3085 3764 3140 commendata

2178 3185 2474 3251 praecepto,
2499 3190 2777 3247 nunquam
2805 3191 2912 3246 pax
2931 3175 3217 3231 Dominico
3241 3176 3435 3230 relicta
3463 3176 3717 3232 discessu
3744 3194 3760 3244 ;

2181 3287 2290 3326 una
2331 3270 2631 3341 pertinacis
2670 3283 2804 3323 cura
2845 3268 3115 3338 propositi
3157 3269 3356 3324 rationi
3398 3269 3540 3324 velle
3581 3268 3764 3339 impe~

2172 3377 2316 3426 rare,
2335 3377 2446 3416 non
2471 3361 2718 3416 credere.
2739 3361 3166 3429 Contemptores
3189 3359 3582 3414 auetoritatum
3602 3370 3764 3415 vete-

494 3451 752 3506 Rectoris
767 3446 1591 3520 suigubernaculoinconeussa
1607 3449 1886 3519 persistat,
1905 3449 2077 3504 variis
2173 3470 2318 3518 rum,
2348 3468 2616 3508 novarum
2651 3452 2842 3522 cupidi
2874 3452 3265 3523 quaestionum,
3294 3452 3466 3506 solam
3499 3462 3764 3522 putantes

495 3541 1116 3612 tatnen’insnrgenlium
1145 3540 1412 3596 ﬂuctuum
1441 3540 1655 3596 laborat
1682 3549 1874 3596 vexata
1902 3541 2076 3595 lurbi-
2171 3547 2420 3604 scientiae
2443 3555 2648 3602 rectam
2695 3547 2861 3616 viam,
2881 3547 3128 3617 quaiibet
3149 3555 3466 3615 conceptam
3494 3545 3762 3603 facilitate

493 3633 680 3688 nibus.
709 3632 842 3686 Nam
875 3631 1024 3686 unde
1051 3640 1137 3688 est
1163 3633 1472 3702 psalmidici
1509 3649 1616 3689 vox
1644 3633 1952 3704 prephetm,
1976 3633 2072 3704 qui

2175 3640 2536 3706 sententiam;
2564 3654 2808 3708 eousque
2841 3639 3074 3694 tumoris
3106 3639 3255 3706 elati,
3275 3645 3332 3692 ut
3369 3639 3435 3693 ad
3466 3639 3761 3694 arbitrium

495 3723 670 3794 ipsius
690 3721 949 3778 Ecclesiae
969 3737 1258 3792 personam
1286 3723 1493 3794 Spiritu
1513 3740 1624 3795 quo
1647 3723 2072 3794 implebatur(a)

2174 3749 2346 3790 stium
2387 3735 2680 3804 utriusque
2737 3733 2890 3788 orbis
2950 3741 3150 3803 putent
3202 3733 3581 3788 inclinandum
3634 3747 3762 3788 esse

497 3827 823 3869 assumens:
850 3813 1020 3884 Saepe.
1048 3813 1250 3882 inquit.
1271 3821 1707 3884 expugnaverunt
1731 3815 2076 3884 meajuven-
2110 3895 2116 3905 ι
2168 3825 2436 3897 judicium
2461 3843 2481 3892 ;
2505 3839 2610 3880 nec
2648 3823 2703 3879 in
2742 3840 2980 3903 numero
3016 3824 3258 3880 ﬁdelium
3302 3825 3632 3894 dcputantes
3669 3841 3762 3882 se-

498 3912 608 3957 tute
640 3920 778 3967 mea,
805 3905 995 3958 etenim
1029 3919 1132 3956 non
1168 3912 1446 3974 potuerunt
1479 3903 1606 3959 mihi
1628 3905 1690 3958 ³⁸.
1714 3904 2071 3974 Concutiunt,

498 3992 596 4048 sed
635 3992 692 4048 in
729 3993 905 4046 nihilo
941 3995 1338 4063 praevalebunt.
1371 3995 1566 4050 Adhuc
1603 3995 1660 4049 in
1697 4011 1824 4050 area
1858 4011 2071 4062 sumus,

499 4083 663 4140 mista
693 4091 824 4139 sunt
847 4083 1124 4140 frumenta
1154 4101 1280 4142 cum
1311 4087 1505 4156 paleis,
1531 4097 1758 4158 gemunt
1785 4087 1915 4142 boni
1943 4101 2074 4142 eon-

497 4177 670 4232 sortia
687 4175 985 4232 malorum:
999 4177 1094 4232 sed
1109 4187 1363 4247 superest
1373 4178 1590 4232 ﬂamma
1601 4193 1713 4232 non
1723 4179 1998 4234 necessari
2007 4179 2073 4244 is,

499 4275 556 4322 et
569 4275 759 4338 parata
778 4276 910 4322 sunt
929 4268 1128 4324 horrea
1145 4269 1256 4340 jam
1280 4270 1546 4340 probatis.
1561 4269 1668 4326 Sed
1692 4271 1785 4326 ubi
1805 4281 2076 4326 terrarum

499 4375 610 4414 nou
645 4359 747 4414 ista
781 4359 1094 4430 permistio?
1127 4361 1238 4416 Nos
1274 4361 1393 4416 lixis
1424 4361 1582 4417 decet
1610 4359 2074 4436 starelinsistere]

499 4449 770 4521 vestigiis.
822 4451 1182 4508 Proliciemus
1233 4453 1380 4508 inter
1413 4453 1769 4510 adversantes
1829 4455 2072 4524 propriis

503 4537 689 4604 bonis,
715 4539 760 4593 si
791 4541 1076 4598 erroribus
1113 4557 1221 4598 non
1256 4543 1606 4598 involvamur
1632 4543 1848 4600 alienis.
1873 4545 2077 4601 Probat

2173 3929 2402 3986 quaeem
2427 3915 2743 3970 traditionis
2765 3924 3031 3986 paternae,
3055 3915 3100 3970 si
3126 3931 3237 3970 sua:
3259 3915 3502 3970 viderint
3527 3915 3762 3972 credere

2175 4009 2324 4063 nolle
2360 4007 2683 4072 sententiae;
2713 4005 2865 4063 docti
2886 4007 3126 4064 crimina
3161 4023 3370 4072 serere,
3395 4009 3760 4064 obtrectatio-

2175 4116 2306 4155 num
2335 4115 2549 4156 venena
2581 4115 2934 4171 componere,
2964 4101 3240 4172 integrum
3253 4101 3530 4156 Ecclesia:
3557 4117 3762 4172 corpus

2175 4190 2391 4254 odisse,
2429 4189 2732 4246 seditiones
2778 4199 3026 4258 struere,
3062 4191 3328 4246 invidiam
3374 4193 3678 4258 concitare,
3705 4202 3764 4249 et

2174 4297 2275 4352 pro
2305 4282 2619 4337 obedientia
2649 4281 2794 4353 (quae
2821 4286 2876 4339 in
2903 4284 3172 4340 coenobiis
3198 4284 3568 4354 principatum
3595 4301 3763 4355 regu-

2175 4372 2309 4426 laris
2349 4369 2566 4428 obtinct
2601 4372 2940 4444 disciplina)
2982 4372 3414 4428 obstinationem
3457 4373 3764 4443 pertinacis

2177 4479 2365 4520 amare
2405 4465 2699 4535 superbiai.
2729 4465 2849 4521 Non
2887 4465 3015 4520 illos
3048 4466 3332 4536 potuimus
3363 4465 3614 4529 monitis,
3646 4481 3763 4520 non

2178 4558 2634 4624 mansuetudine,
2685 4574 2797 4614 non
2865 4559 3195 4615 auctoritate
3255 4560 3641 4629 comprimere.
3699 4558 3763 4612 In

502 4631 650 4736 enim
677 4633 901 4690 virtutis
929 4651 1042 4736 sua:
1066 4636 1312 4736 validum
1340 4633 1531 4736 robur,
1559 4635 1658 4707 qui
1686 4653 1812 4736 cum
1843 4638 2077 4736 impelli:
2107 4677 2153 4736 ι)
2178 4649 2460 4718 publicum
2520 4663 2696 4720 usque
2748 4651 2910 4722 539
2961 4649 3222 4720 prodiere
3272 4660 3604 4706 conventum
3625 4690 3639 4710 .
3687 4649 3761 4704 ad

504 4726 616 4783 tur,
636 4737 743 4776 non
769 4734 1044 4780 movetur.
1067 4724 1170 4780 Ubi
1197 4741 1310 4780 non
1329 4726 1498 4782 variae
1521 4727 1844 4785 tentationis
1867 4730 2078 4786 aculei?

502 4813 704 4880 Quales
764 4833 864 4887 per
918 4818 1066 4874 hunc
1113 4819 1230 4874 fere
1259 4821 1446 4890 jugem
1476 4836 1682 4876 annum
1708 4825 2074 4892 quorumdam

505 4903 852 4978 Scytharum,
877 4911 972 4980 qui
1009 4910 1310 4967 monachos
1339 4913 1705 4982 praeferebant
1733 4919 1936 4986 specie,
1961 4936 2071 4975 non

503 4999 755 5068 veritate,
783 5002 1148 5073 professione,
1173 5019 1285 5059 non
1312 5020 1508 5076 opere,
1541 5006 1732 5063 subtili
1763 5017 1936 5066 tectas
1965 5012 2075 5067 cal-

579 5139 625 5172 “
647 5139 789 5196 Psal.
814 5155 1028 5206 cxxvm,
1081 5139 1139 5195 2.
1215 5141 1260 5176 ¹⁸
1282 5139 1327 5199 Π
1353 5139 1498 5200 Tim.
1522 5164 1581 5212 ιι,
1605 5145 1693 5202 14.

2181 4740 2598 4795 concussionem
2650 4741 2855 4811 quietis
2902 4742 3048 4797 circa
3097 4755 3286 4812 regum
3334 4742 3499 4796 etiam
3547 4749 3763 4796 statuas

2183 4831 2658 4896 inclamantes,et
2690 4833 2794 4886 nisi
2829 4831 3006 4889 fidelis
3035 4835 3227 4906 pOpuli
3257 4833 3564 4890 constantia
3592 4833 3762 4886 resti-

2182 4922 2369 4982 tisset.
2399 4937 2499 4991 per
2528 4923 2816 4980 diabolica:
2849 4925 3062 4980 semina
3093 4925 3328 4981 nefanda
3361 4923 3584 4978 zizania:
3613 4923 3760 4992 apud

2180 5013 2303 5070 illos
2328 5013 2732 5070 dissensionem
2756 5025 2814 5072 et
2831 5016 3166 5072 discordiam
3196 5016 3642 5078 commovissem,
3663 5031 3762 5085 per

577 5283 656 5353 (1)
688 5281 929 5366 gocleus
963 5290 1023 5337 et
1057 5287 1308 5366 nonnulli
1347 5288 1510 5366 αἰξί-ε
1545 5291 1760 5347 Joanne
1799 5293 2073 5366 Maxentio
2173 5293 2395 5366 tiﬁcum)
2420 5295 2510 5352 vel
2532 5293 3054 5366 leviterlegerit,ex
3075 5308 3222 5349 nexu
3243 5307 3432 5348 rerum
3458 5298 3758 5366 gestarum,

507 5351 724 5435 decepti
759 5351 1142 5435 existimarunt
1173 5357 1321 5435 hanc
1345 5361 1412 5414 ad
1449 5361 1828 5435 Possessorcm
1865 5365 2073 5435 episto-
2171 5351 2414 5435 eistylo,
2437 5351 2506 5435 es
2529 5351 2837 5435 verberoni
2851 5351 3367 5435 sententiarumque
3393 5351 3757 5435 proprietate.

507 5421 616 5506 lam
649 5421 772 5504 non
805 5437 926 5477 esse
953 5421 1257 5506 ll_ormjsda:
1287 5427 1518 5506 Romani
1549 5431 1847 5506 pontificis,
1875 5421 1970 5490 sed
2004 5435 2074 5489 ab
2175 5451 2243 5506 ex
2271 5421 2412 5492 aliis,
2432 5433 2672 5506 denique
2705 5433 3036 5506 certissimis
3069 5421 3292 5504 signis:
3305 5421 3762 5506 manifestissime

507 5489 696 5575 aliquo
717 5490 837 5575 eius
861 5495 1085 5575 nomine
1114 5495 1250 5575 (also
1279 5489 1637 5575 suppositam.
1664 5505 1733 5558 At
1758 5489 1851 5574 qui
1883 5489 2077 5561 omnes
2176 5489 2339 5560 hanc”
2367 5489 2682 5575 germanam
2715 5489 2791 5561 ac
2832 5489 3150 5572 genuina":
3180 5489 3302 5557 esse
3322 5573 3328 5575 Α
3350 5501 3405 5556 S.
3456 5489 3764 5575 [Inniiisdae

510 5557 813 5634 llormisdze
839 5564 1099 5634 epistolas
1125 5567 1179 5622 in
1205 5557 1504 5626 caus'a'ista
1533 5557 1858 5634 Scytharum
1889 5557 2074 5630 inuisi

510 5625 738 5686 chorum
773 5625 914 5704 (qua:
942 5635 1212 5694 habentur
1238 5648 1368 5696 tom.
1399 5641 1415 5696 l
1445 5625 2076 5716 Eﬁiiat.”nbh{iuifiiziﬁ-

2174 5569 2462 5646 epistolam
2503 5586 2782 5646 agnoscet.
2811 5569 2970 5638 (Vide
3015 5575 3263 5646 tom._Yll
3301 5572 3496 5627 Annal.
3547 5569 3760 5634 ccclesq

2177 5645 2299 5712 520,
2324 5661 2446 5716 cap.
2469 5643 2672 5718 22.,l-
2703 5645 2779 5718 la)
2813 5645 2982 5702 Labb.
3017 5643 3408 5714 impellebatur.
