3984 6296
391 264 460 326 95
1107 214 1112 218 ’
1671 243 1986 309 IOANNIS
2045 243 2420 306 MAXENTII
3579 235 3650 299 93

393 375 632 443 denique
657 387 752 428 eos
783 385 922 440 quos
957 367 1023 423 ad
1066 367 1152 422 sui
1183 365 1394 422 erroris
1430 362 1674 418 dedecus
1707 361 1973 439 inclinare
2003 358 2048 414 Δ
2075 356 2144 410 ab
2178 358 2454 414 haereticis
2501 359 2646 426 ﬁcta,
2689 357 2786 429 qui
2829 355 2899 412 ad
2929 352 3343 412 conturbandos
3401 349 3650 443 ﬁdelium

394 465 768 536 nequiverint,
803 459 1162 530 irreligiosos,
1187 455 1457 527 superbos
1475 462 1531 510 et
1561 453 1779 509 invidos
1803 466 1968 506 accu-

395 575 516 615 sare
549 574 656 612 non
681 563 933 612 metuunt
965 572 978 606 :
1019 567 1144 608 cum
1167 551 1283 604 haec
1301 547 1370 603 de
1395 548 1504 603 illis
1539 547 1724 617 potius
1757 545 1970 614 integro

394 657 450 703 et
481 663 609 704 vero
647 654 1034 703 asseverentur
1075 640 1308 712 judicio,
1355 639 1450 708 qui
1478 637 1686 694 erroris
1730 636 1974 692 tenebris

395 739 758 804 delectantur,
797 753 909 791 non
931 735 1000 790 de
1033 733 1142 786 illis
1173 730 1269 800 qui
1293 729 1418 784 ﬁxis
1449 737 1776 799 permanent
1794 727 1850 782 in
1883 743 1976 782 ve-

398 831 558 884 ritate
599 829 866 900 vcstigiis.
898 828 1036 882 Nam
1069 843 1194 882 cum
1231 843 1346 885 suae
1389 821 1766 894 perversitatis
1798 822 1976 876 luere-

399 919 492 973 tici
514 917 868 988 nequiverint
925 915 1154 971 reddere
1207 916 1516 977 rationem,
1565 912 1635 966 ad
1685 909 1976 966 maledicta

398 1015 830 1072 convertuntur,
873 1015 930 1062 et
972 1007 1196 1078 propria
1226 1007 1284 1060 in
1305 1021 1404 1061 eos
1432 1004 1575 1059 mala
1616 1001 1974 1072 trajicicntes,

397 1115 540 1170 quos
569 1099 827 1169 pravitati
867 1113 980 1170 suae
1024 1099 1277 1156 sentiunt
1314 1097 1590 1162 inimicos,
1623 1094 1836 1150 aditum
1870 1091 1976 1147 sibi

399 1207 499 1262 per
519 1191 714 1246 hoc'ad
745 1191 1108 1260 decipiendos
1139 1189 1419 1260 simplices
1444 1189 1718 1243 azstimant
1737 1184 1975 1255 aperire.

399 1278 587 1348 Agunt
607 1279 755 1334 enim
791 1281 974 1335 omnia
1000 1281 1198 1336 callide
1219 1296 1331 1350 quo
1363 1277 1676 1334 infamando
1701 1285 1757 1332 et
1788 1276 1979 1331 obtre-

403 1367 603 1422 ctando
629 1366 965 1434 Catholicos,
1017 1384 1176 1424 suam
1203 1369 1424 1424 valeant
1459 1377 1648 1424 tenere
1675 1364 1980 1436 turpitudi-

402 1473 552 1522 nem,
587 1457 853 1530 ﬁngentes
885 1461 1051 1515 etiam
1078 1459 1345 1517 adversus
1371 1475 1468 1515 eos
1493 1459 1742 1529 quaedam
1773 1457 1981 1528 scripta

401 1549 507 1606 sub
543 1565 739 1604 eorum
788 1551 1013 1606 nomine
1070 1551 1165 1621 qui
1197 1551 1454 1606 videntur
1479 1549 1535 1604 in
1559 1547 1806 1604 Ecclesia
1839 1547 1978 1602 emi-

402 1657 558 1706 nere,
587 1649 864 1712 quatenus
914 1643 1162 1696 omnium
1195 1641 1410 1698 animos
1443 1649 1634 1697 contra
1676 1639 1780 1694 hos
1819 1637 1980 1692 facile

403 1735 624 1788 valeant
668 1735 968 1790 concitare.
1017 1734 1394 1805 Quapropter,
1438 1733 1698 1804 quoniam
1726 1729 1976 1801 quaedam

401 1825 584 1880 fertur
603 1825 672 1881 ab
697 1826 938 1883 inimicis
963 1827 1172 1898 ubique
1188 1826 1453 1898 Epistula,
1487 1825 1643 1896 quasi
1669 1841 1700 1878 a
1730 1825 1979 1879 Romano

401 1917 663 1988 episcopo
701 1917 994 1984 destinata,
1031 1919 1086 1973 in
1145 1935 1254 1988 qua
1290 1918 1464 1975 multa
1503 1917 1744 1972 inaniter
1785 1923 1980 1970 contra

404 2007 730 2080 Scytharum
764 2009 1063 2064 monachos
1087 2009 1296 2080 digesta
1324 2009 1698 2078 reperiuntur,
1721 2020 1978 2062 necessa-

402 2097 490 2153 rio
515 2097 862 2154 consideravi
891 2097 1065 2170 ipsius
1109 2097 1370 2168 Epistulae
1411 2097 1576 2153 dictis
1619 2094 1977 2166 respondere,

401 2189 741 2260 eosdemque
773 2193 1078 2246 monachos
1104 2191 1352 2245 omnium
1383 2187 1700 2260 hujusmodi
1728 2189 1888 2256 culpa
1911 2185 1980 2240 li-

402 2281 569 2338 heros
612 2281 945 2352 approbare.
997 2281 1110 2335 Nec
1141 2297 1226 2334 me
1256 2279 1491 2350 quilibet
1518 2279 1624 2334 rite
1663 2277 1865 2348 arguit,
1911 2275 1980 2330 ad

402 2371 765 2427 scribendum
817 2384 920 2440 pro
961 2370 1043 2424 eis
1073 2369 1270 2423 leviter
1296 2367 1642 2438 prosiluisse,
1677 2382 1803 2421 cum
1845 2365 1984 2420 sciat

404 2477 509 2518 nos
521 2461 802 2517 debitores
811 2475 933 2515 esse
953 2476 1054 2530 pro
1065 2458 1329 2518 fratribus
1342 2459 1509 2514 etiam
1527 2457 1738 2512 animas
1751 2471 1978 2526 ponere.

475 2553 633 2610 Unde
659 2567 890 2608 securus
922 2553 1036 2624 jam
1079 2551 1230 2607 hunc
1257 2551 1524 2616 laborem,
1553 2551 1668 2606 Deo
1701 2563 1790 2604 me
1823 2547 1979 2618 adju-

407 2649 572 2697 vante
595 2681 612 2707 ,
644 2641 991 2713 aggrediens,
1023 2643 1199 2712 primo
1229 2643 1460 2698 obsecro
1499 2658 1568 2696 an
1629 2641 1823 2696 eadem
1853 2641 1982 2712 Epi-

407 2729 551 2783 stula
579 2743 610 2782 a
647 2729 873 2784 Pastore
913 2730 1192 2810 Ecclesitc,
1225 2746 1295 2785 an
1331 2730 1608 2800 sitpotius
1633 2730 1703 2786 ab
1741 2730 1982 2786 inimicis

407 2820 716 2889 videamus,
741 2823 1067 2892 composita.
1108 2822 1340 2894 Ambigo
1365 2823 1512 2880 enim
1560 2824 1836 2894 quomodo
1873 2823 1982 2878 illa:

407 2911 782 2967 sacerdotales
824 2912 1024 2968 littera:
1065 2913 1437 2984 approbandae
1479 2913 1612 2980 sint,
1662 2929 1784 2984 quae
1828 2913 1979 2968 nulla

407 3001 533 3057 luce
575 3000 793 3058 radiant
825 3001 1097 3068 veritatis,
1132 3018 1237 3058 nec
1271 3003 1510 3073 aliquam
1541 3003 1598 3058 in
1627 3017 1685 3058 se
1714 3002 1981 3057 doctrina:
2011 3045 2054 3102 ϐ

410 3095 704 3150 continent
735 3094 1028 3152 rationem.
1079 3095 1215 3150 Nam
1245 3095 1340 3166 qui
1368 3095 1672 3166 quemlibet
1700 3094 1858 3166 quasi
1892 3110 1984 3149 er-

411 3192 627 3238 rantem
657 3183 932 3254 objurgat,
978 3199 1081 3239 nec
1123 3185 1355 3240 instruit
1382 3185 1514 3254 quid
1556 3193 1840 3256 sequatur,
1876 3201 1989 3239 non

412 3272 720 3328 benevolus
741 3273 940 3329 doctor
979 3274 1319 3340 ostenditur,
1368 3275 1464 3329 sed
1491 3274 1877 3329 incriminator
1913 3274 1991 3328 in-

413 3363 578 3419 vidus
620 3363 940 3420 denotatur.
975 3365 1134 3422 Unde
1181 3381 1293 3421 non
1329 3374 1415 3421 est
1460 3365 1620 3421 facile
1653 3365 1988 3422 credendum

413 3455 560 3510 hanc
581 3469 703 3510 esse
736 3455 1040 3526 Epistulam
1087 3457 1248 3528 cujus
1291 3455 1469 3512 fertur
1495 3458 1717 3513 nomine
1751 3459 1988 3523 titulata,

413 3545 721 3617 pricsertim
775 3561 901 3600 cum
953 3546 1010 3600 in
1039 3561 1104 3601 ea
1123 3546 1284 3613 nihil,
1316 3555 1378 3602 ut
1411 3546 1653 3602 diximus
1681 3587 1696 3612 ,
1761 3546 1992 3602 rationis

413 3647 510 3693 aut
528 3637 940 3708 consequentiae
961 3639 1288 3708 reperiatur,
1313 3639 1411 3694 sed
1447 3649 1559 3696 tota
1591 3639 1996 3695 criminationi-

416 3731 522 3786 bus
543 3731 1154 3802 obtrectationibusque
1191 3733 1346 3788 vanis
1391 3732 1533 3804 (quae
1557 3733 1739 3788 solent
1765 3747 1834 3788 ex
1866 3747 1994 3786 ran-

415 3837 542 3877 core
559 3821 904 3877 adversantis
924 3823 1226 3892 procedere
1263 3825 1455 3892 animi)
1483 3825 1740 3880 videatur
1763 3823 1989 3878 referta.

413 3914 552 3968 Nam
585 3913 630 3968 si
665 3913 747 3982 (ut
770 3914 1015 3969 haeretici
1045 3915 1259 3988 volunt)
1281 3933 1412 3972 vere
1435 3916 1610 3986 ipsius
1641 3923 1749 3982 est,
1777 3931 1844 3970 ex
1873 3915 1993 3986 ipso

415 4010 503 4064 sui
536 4009 812 4080 principio
834 4011 1062 4082 proprio
1097 4013 1311 4068 auctori
1335 4011 1616 4068 contraria
1648 4012 1872 4084 penitus
1892 4027 1991 4080 ap-

416 4107 884 4178 probat.Denique
911 4106 985 4160 ita
1009 4107 1239 4178 incipit:
1265 4125 1284 4157 ι
1311 4105 1466 4161 Sicut
1490 4105 1692 4161 rationi
1742 4105 1994 4178 congruit

418 4209 478 4254 ut
507 4201 802 4255 consulant
850 4199 1215 4268 ambigentes,
1261 4197 1337 4251 ita
1384 4213 1484 4267 par
1528 4205 1614 4252 est
1659 4196 1993 4267 respondere

415 4293 732 4357 consultos,
777 4291 906 4361 quia
949 4290 1068 4360 ipse
1097 4288 1327 4358 impellit
1351 4287 1406 4341 in
1439 4303 1709 4353 errorem,
1756 4287 1851 4358 qui
1882 4302 1992 4342 non

2067 449 2302 515 animos,
2335 461 2392 506 et
2428 449 2494 504 ad
2541 446 2996 506 commovendam
3027 451 3332 502 memorato
3362 444 3482 498 viro
3508 442 3656 498 invi-

2069 543 2236 606 diam,
2267 543 2441 613 ipsam
2466 543 2570 598 sub
2596 543 2716 613 ejus
2739 541 2963 596 nomine
2991 539 3266 594 titulatam
3287 536 3494 606 ubique
3521 549 3658 606 pro-

2067 633 2281 699 ferunt,
2341 642 2664 704 perpetuam
2705 634 2957 690 volentes
3005 630 3154 685 inter
3199 628 3478 684 Ecclesias
3523 642 3654 682 esse

2070 722 2429 778 discordiam.
2467 723 2728 794 Alioquin
2775 723 2823 777 si
2875 723 2966 794 (ut
3023 720 3114 776 isti
3167 719 3481 786 aliirmant)
3535 717 3660 771 haec

2071 812 2303 868 Romani
2325 813 2569 882 episcopi
2606 813 2808 883 scripta
2843 813 3123 868 credenda
3151 820 3300 874 sunt,
3319 809 3500 880 qualis
3538 809 3660 878 jam

2071 906 2176 962 iste
2211 905 2284 962 sit
2304 906 2399 976 qui
2431 905 2500 960 ad
2519 905 2808 961 haereticos
2830 889 3132 976 Epistulam
3165 902 3375 974 dirigit,
3401 911 3458 957 et
3493 900 3663 956 factis

2074 997 2189 1054 suis
2217 997 2491 1053 contraria
2520 998 2766 1053 scribere
2804 1012 2915 1052 non
2938 993 3326 1058 confunditur,
3353 1007 3462 1048 non
3486 994 3603 1064 jam
3627 1008 3662 1045 a

2074 1106 2163 1146 me
2191 1091 2318 1146 volo
2347 1100 2578 1160 quaerat,
2601 1090 2696 1146 sed
2717 1088 2942 1160 proprio
2955 1087 3165 1160 judicio
3204 1084 3454 1156 prudens
3479 1083 3664 1137 let-tur

2077 1181 2364 1253 intelligat.
2393 1181 2528 1236 Nam
2559 1182 2628 1245 si,
2656 1191 2716 1236 ut
2739 1181 2895 1261 dicit,
2923 1179 3123 1234 rationi
3149 1179 3405 1250 congruit
3427 1193 3666 1247 respon-

2077 1273 2210 1328 dere
2239 1273 2542 1340 consultos,
2573 1288 2672 1328 cur
2703 1273 2820 1342 ipse
2857 1272 3174 1326 nullatenus
3212 1269 3491 1341 acquievit
3520 1269 3664 1322 dare

2079 1383 2410 1438 responsum
2458 1365 2871 1437 interrogatus?
2948 1364 3120 1429 Unde,
3159 1365 3314 1434 juxta
3377 1361 3666 1432 propriam

2079 1456 2481 1532 deﬁnitionem,
2505 1455 2621 1526 ipse
2647 1456 2962 1526 ignorantes
2977 1453 3194 1524 plenius
3219 1453 3500 1524 impulisse
3527 1467 3668 1506 cun—

2080 1551 2323 1606 vincitur
2353 1549 2409 1604 in
2441 1563 2711 1614 errorem,
2743 1549 2838 1617 qui
2861 1547 2996 1602 recti
3031 1545 3272 1600 tramitis
3308 1545 3511 1599 indicia
3538 1545 3670 1598 nul—

2082 1645 2302 1700 latenus
2323 1641 2600 1712 acquievi
2642 1639 3060 1710 requirentibus
3092 1639 3492 1700 demonstrare,
3530 1651 3670 1690 cos-

2087 1750 2194 1805 que
2219 1749 2359 1803 quos
2388 1733 2602 1803 legatus
2663 1747 2796 1786 suus
2835 1730 3132 1785 Dioscorus
3171 1727 3506 1782 Nestorianzc
3532 1741 3669 1796 per-

2086 1829 2230 1884 ﬁdiae
2247 1826 2460 1898 laqueis
2484 1823 2836 1904 compedivit,
2858 1823 3059 1878 Filium
3087 1821 3185 1876 Dei
3215 1835 3382 1876 unum
3414 1817 3671 1888 negando

2085 1935 2207 1978 csse
2230 1935 2298 1976 ex
2319 1927 2508 1974 sancta
2535 1925 2593 1972 et
2617 1915 2902 1971 individua
2925 1913 3217 1978 Trinitate,
3251 1910 3403 1966 nullo
3423 1908 3669 1964 salubris

2087 2007 2350 2062 doctrinae
2381 2005 2642 2076 suffragio
2683 2003 2942 2058 liberare.
2969 2002 3202 2067 Rursus,
3232 1999 3298 2064 si,
3332 2006 3392 2052 ut
3426 2012 3672 2066 sequens

2086 2097 2357 2169 adjunxit,
2390 2096 2529 2150 nihil
2563 2103 2648 2150 est
2673 2094 2856 2165 aptius
2885 2091 3136 2148 studioso
3165 2087 3469 2160 religionis,
3498 2101 3668 2156 quam

2087 2189 2374 2258 inquisitio
2397 2185 2668 2252 veritatis,
2698 2183 2975 2254 quomodo
3009 2181 3243 2236 inferius
3268 2193 3534 2234 novarum
3562 2193 3668 2232 cu-

2086 2279 2246 2350 pidos
2265 2277 2630 2348 quaestionum
2655 2281 2880 2350 accusat
2902 2271 3156 2328 veritatis
3175 2265 3585 2340 inquisitores?
3611 2274 3671 2320 et

2087 2349 2134 2426 si
2157 2371 2316 2426 devia
2335 2369 2474 2424 vitat
2502 2368 2584 2438 (ut
2614 2349 2771 2438 dicit)
2801 2367 2892 2436 qui
2929 2365 3034 2419 iter
3070 2379 3170 2433 per
3227 2359 3374 2431 quod
3419 2359 3670 2431 graditur

2087 2471 2264 2533 rugat,
2287 2477 2386 2516 cur
2401 2461 2562 2515 devia
2578 2461 2752 2515 vitare
2770 2459 3040 2520 volentes,
3066 2454 3170 2508 iter
3185 2469 3284 2524 per
3303 2451 3452 2523 quod
3473 2449 3671 2522 grade-

2087 2536 2302 2620 rentur,
2326 2550 2792 2608 noluitedocere?
2823 2551 2904 2604 An
2921 2550 3070 2603 forte
3094 2546 3208 2601 illis
3239 2545 3366 2600 ideo
3403 2544 3538 2600 dare
3567 2559 3666 2598 re-

2087 2661 2351 2716 sponsum
2391 2644 2672 2700 distulisse
2717 2641 3028 2696 credendus
3054 2649 3162 2706 est,
3195 2639 3290 2711 qui
3316 2637 3670 2708 percontanti

2087 2739 2142 2793 in
2173 2738 2278 2793 hac
2303 2737 2596 2808 pollicetur
2613 2733 2859 2805 Epistula
2880 2733 3236 2802 respondere,
3254 2731 3384 2802 quia
3401 2745 3513 2784 sua:
3537 2727 3670 2784 ﬁdei

2085 2845 2182 2885 eos
2197 2825 2614 2900 judicavit?Sed
2637 2833 2820 2881 utrum
2846 2825 2921 2879 ita
2941 2823 3095 2880 sitde
3117 2825 3367 2880 Romano
3386 2821 3670 2892 episcopo,

2087 2936 2190 2976 suo
2217 2918 2532 2974 videbimus
2580 2916 2726 2971 loco.
2774 2915 2934 2970 Nunc
2966 2923 3117 2970 certe
3167 2922 3454 2968 auctorem
3501 2911 3672 2982 hujus

2087 3011 2344 3080 Epistulae
2364 3009 2683 3065 haereticum
2717 3023 2860 3073 esse,
2882 3005 3136 3077 quisquis
3157 3005 3247 3060 ille
3265 3012 3372 3068 est,
3400 3015 3458 3060 et
3483 3003 3675 3057 inimi-

2087 3119 2215 3158 cum
2264 3101 2550 3156 catholicae
2581 3099 2836 3154 veritatis
2863 3139 2880 3165 ,
2926 3113 3037 3152 non
3069 3105 3155 3152 est
3190 3095 3421 3151 dubium
3448 3134 3464 3160 ,
3513 3093 3668 3166 quod

2088 3211 2216 3251 mox
2249 3209 2317 3250 ex
2352 3194 2530 3264 ipsius
2557 3191 2724 3248 dictis
2752 3191 3079 3246 docebimus

2157 3285 2404 3355 Denique
2426 3286 2502 3340 ita
2530 3284 2782 3354 sequitur
2819 3299 2832 3336 :
2863 3301 2883 3334 ‹
2935 3281 3042 3337 Sed
3070 3281 3388 3352 priusquam
3435 3295 3676 3350 respon-

2090 3378 2258 3435 dendi
2304 3393 2496 3433 curam
2523 3377 2592 3432 de
2637 3377 2725 3431 Itis
2751 3391 2874 3446 quae
2898 3373 3124 3429 dilectio
3177 3383 3270 3428 tua
3311 3377 3675 3443 percontatur

2089 3469 2395 3540 aggrediar,
2411 3468 2650 3523 libenter
2665 3467 2721 3522 in
2745 3466 2947 3521 litteris
2959 3465 3070 3520 tuis
3095 3463 3223 3520 ﬁdei
3250 3474 3357 3519 tuae
3381 3478 3468 3518 me
3491 3463 3677 3518 fateor

2092 3560 2369 3617 invenisse
2403 3561 2696 3624 fervorem,
2716 3559 2876 3630 cujus
2897 3557 3081 3612 calore
3107 3569 3430 3618 succensus,
3461 3555 3671 3610 redivi-

2091 3670 2214 3708 vam
2249 3655 2305 3708 in
2337 3653 2446 3708 illis
2485 3653 2738 3724 partibus
2780 3649 3090 3706 inﬁdelium
3128 3648 3552 3718 perversitatem
3586 3649 3676 3702 vi-

2090 3758 2218 3814 gere
2253 3743 2517 3812 susltiras.
2574 3740 2940 3812 Dignissimus
2967 3739 3150 3803 dolor,
3189 3739 3286 3810 qui
3321 3737 3507 3794 dedita
3552 3739 3676 3794 Deo

2091 3835 2259 3892 corda
2291 3835 2606 3891 contristat.
2659 3834 2773 3890 Nec
2817 3833 2966 3889 enim
3012 3841 3100 3889 est
3133 3831 3278 3902 apud
3331 3847 3432 3888 eos
3481 3831 3677 3901 lapsus

2092 3925 2522 3990 illamcntabilis,
2561 3923 2708 3994 apud
2739 3938 2878 3993 quos
2911 3931 2996 3978 est
3035 3921 3311 3994 igniculus
3362 3920 3672 3985 charitatis,

2092 4018 2222 4088 quia
2243 4034 2414 4074 unum
2455 4017 2785 4087 spiritalium
2817 4025 3002 4071 votum
3037 4023 3120 4070 est
3165 4015 3316 4070 salus
3344 4015 3676 4070 inconcussa

2091 4116 2468 4176 cunctorum,t
2492 4109 2898 4165 Catholicorum
2928 4117 3092 4178 atque
3123 4106 3386 4162 ﬁdelium.

2161 4201 2223 4255 In
2267 4200 2372 4255 hac
2419 4200 2578 4266 urbe,
2601 4213 2795 4255 eorum
2825 4198 3091 4254 duntaxat
3135 4198 3229 4268 qui
3300 4212 3435 4253 vere
3479 4196 3674 4252 ﬁdeles

2092 4299 2242 4357 sunt,
2264 4291 2492 4362 ambigit
2521 4303 2704 4355 nemo,
2747 4289 3154 4350 Pussessurem,
3195 4288 3265 4343 ad
3309 4303 3474 4358 quem
3507 4295 3564 4342 et
3599 4288 3671 4342 de

416 4380 642 4437 instruit
665 4383 1061 4462 ignorantem.»
1081 4377 1496 4446 Doetoriscerte
1525 4377 1670 4434 dicta
1695 4377 1854 4433 factis
1867 4379 1987 4450 ejus
2016 4377 2065 4436 D
2091 4399 2201 4455 quo
2227 4385 2344 4440 [me
2374 4385 2478 4438 iste
2509 4383 2723 4447 scribit,
2751 4398 2860 4438 non
2883 4382 3061 4438 solum
3083 4395 3194 4436 non
3230 4379 3482 4436 conﬁteri
3502 4380 3672 4436 ειη-ί.

416 4489 529 4530 non
553 4475 758 4530 debent
805 4487 926 4526 esse
957 4471 1254 4526 contraria.
1285 4469 1422 4536 Quia
1453 4479 1587 4524 tunc
1630 4485 1880 4542 magnam
1917 4469 1987 4525 ad

417 4565 726 4619 docendum
756 4561 1064 4632 probantur
1094 4560 1302 4615 habere
1335 4561 1743 4625 auctoritatem,
1765 4561 1988 4631 quando

419 4655 657 4710 invicem
675 4669 732 4708 se
755 4668 866 4708 non
895 4652 1210 4708 destruunt.
1242 4653 1500 4722 Alioquin
1534 4669 1640 4708 non
1662 4653 1729 4708 ad
1753 4655 1988 4709 aliorum

419 4745 842 4802 instructionem
869 4743 1184 4816 proﬁciunt,
1239 4744 1334 4800 sed
1377 4744 1462 4798 sui
1489 4745 1676 4816 potius
1711 4747 1989 4802 confusio-

417 4853 546 4894 nem
577 4836 976 4891 demonstrant.
996 4834 1153 4902 Quod
1178 4835 1464 4890 monachis
1485 4850 1810 4906 responsum
1836 4851 1988 4904 qum-

420 4925 693 4988 rentibus,
731 4925 1012 4980 Romanus
1053 4923 1348 4994 episcopus
1379 4923 1511 4979 dare
1541 4925 1766 4980 omnino
1806 4924 1986 4980 distu-

415 5019 564 5083 lerit,
589 5017 920 5086 eosdemque
949 5025 1074 5087 post
1105 5019 1272 5074 multa
1307 5017 1474 5072 maris
1504 5017 1779 5086 pericula,
1813 5016 1989 5087 lungi-

415 5125 524 5180 que
557 5108 776 5164 itineris
795 5108 1156 5172 vexationem,
1188 5123 1292 5164 nec
1311 5124 1421 5162 non
1447 5109 1612 5163 etiam
1634 5097 1987 5163 afﬂictionein

416 5199 614 5269 prolixi
653 5199 934 5268 temporis,
961 5213 1072 5269 quo
1099 5213 1196 5254 eos
1219 5199 1361 5269 apud
1407 5213 1466 5254 se
1499 5197 1760 5263 detinuit,
1788 5212 1990 5253 vacuus

413 5300 470 5346 et
489 5292 608 5346 sine
640 5293 752 5345 ullo
767 5291 966 5346 eﬁ'ectu
991 5291 1058 5346 ad
1084 5291 1184 5347 has
1206 5300 1391 5361 partes
1410 5291 1602 5344 venire
1631 5289 1986 5360 compulerit,

413 5379 560 5447 quod
603 5379 863 5434 omnibus
890 5395 1028 5450 pene
1055 5379 1353 5435 Catholicis
1381 5385 1572 5432 notum
1615 5385 1720 5444 est,
1752 5393 1856 5434 nec
1885 5379 1987 5449 ipsi

412 5477 623 5537 queunt
671 5469 912 5526 haeretici
939 5471 1210 5542 denegare
1239 5512 1256 5536 ,
1297 5469 1578 5542 quomodo
1615 5485 1722 5524 non
1750 5469 1856 5526 sibi
1884 5470 1987 5540 ipsi

414 5561 688 5630 reperitur
714 5561 767 5616 in
790 5563 893 5616 hac
909 5563 1151 5630 Epistula
1175 5561 1337 5633 54.0
1353 5561 1643 5629 scripsisse
1671 5569 1776 5616 con'
1784 5562 1988 5616 traria?

406 5653 459 5726 ‘si
495 5661 676 5708 tamen
707 5669 816 5709 non
856 5661 935 5709 cst
969 5653 1134 5722 (quod
1177 5654 1351 5724 magis
1382 5653 1719 5710 credendum
1753 5653 1986 5724 aestimo)

2093 4487 2241 4534 stum
2275 4477 2475 4532 Filium
2501 4475 2599 4530 Dei
2627 4475 2739 4530 vivi
2769 4491 2940 4530 unum
2963 4491 3030 4530 ex
3061 4474 3348 4530 individua
3375 4475 3669 4536 Trinitate,

2093 4570 2188 4625 sed
2217 4578 2274 4624 et
2305 4568 2584 4624 adversari
2609 4568 2692 4624 eis
2706 4567 2800 4639 qui
2827 4567 2932 4622 hoc
2961 4567 3292 4623 ﬁducialiter
3312 4566 3672 4634 conﬁtentur,

2094 4667 2260 4729 atque
2288 4657 2538 4714 inﬁdeles
2555 4665 2623 4713 .et
2653 4657 2896 4726 perfidus
2937 4655 3174 4711 nefanda
3207 4671 3471 4710 accusare
3495 4665 3672 4710 teme-

2095 4749 2276 4803 ritate.
2315 4748 2470 4804 Unde
2501 4746 2740 4817 denique
2793 4745 2860 4802 ad
2912 4747 3018 4802 hoc
3063 4746 3270 4815 ubique
3317 4746 3461 4800 hanc
3496 4745 3670 4815 ipsam

2095 4837 2447 4907 impudenter
2474 4836 2763 4906 proferunt
2783 4836 3106 4906 Epistulam,
3134 4845 3409 4906 quatenus
3429 4844 3486 4890 et
3512 4835 3668 4890 Chri-

2095 4939 2214 4985 stus
2243 4929 2418 4983 Filius
2437 4929 2532 4982 Dei
2557 4943 2700 4982 unus
2735 4935 2964 4998 negetur
2995 4942 3117 4983 esse
3149 4943 3218 4983 ex
3237 4938 3427 4982 sancta
3460 4934 3516 4982 ct
3556 4935 3670 4981 ter-

2096 5019 2240 5073 ribili
2277 5017 2980 5082 Trinitate,etNestoriana
3015 5009 3304 5088 pravitasa
3335 5018 3452 5073 suis
3496 5017 3671 5072 fauto-

2097 5111 2252 5166 ribus
2281 5110 2453 5164 libere
2486 5108 2663 5164 valeat
2680 5109 2986 5177 praedicari.
3007 5108 3142 5176 Quis
3166 5125 3296 5179 ergo
3321 5109 3432 5180 jam
3454 5109 3672 5164 dubitet

2095 5203 2260 5267 hunc,
2281 5199 2454 5272 quise
2481 5199 2646 5270 hujus
2663 5197 2788 5252 ﬁdei
2820 5197 3088 5253 fervorem
3107 5199 3344 5254 libenter
3360 5198 3416 5252 in
3436 5199 3555 5270 ejus
3577 5198 3671 5252 lit-

2097 5292 2230 5347 teris
2260 5291 2536 5346 invenisse
2573 5297 2834 5354 testatur,
2874 5304 3048 5344 unum
3079 5305 3147 5345 cx
3195 5302 3388 5343 eorum
3437 5303 3672 5344 numero

2094 5384 2217 5440 c'ssc
2259 5384 2352 5452 qui
2386 5381 2516 5438 huic
2531 5392 2736 5438 sancta:
2757 5381 3044 5436 sententiae
3068 5381 3234 5452 impie
3251 5379 3674 5436 contradicunt?

2095 5474 2347 5544 Suspirat
2379 5489 2616 5544 namque
2635 5473 2779 5529 idem
2811 5473 3118 5539 Possessor,
3141 5491 3254 5528 non
3279 5473 3404 5528 ﬁdei
3433 5474 3515 5543 (ut
3568 5471 3672 5527 iste

2094 5564 2384 5629 dicit),sed
2429 5566 2514 5634 (ut
2545 5563 2748 5618 veritas
2783 5563 2968 5632 docet)
3024 5564 3288 5618 haereticu
3321 5564 3504 5617 calore
3542 5577 3673 5618 suc-

2099 5670 2338 5722 census;
2375 5669 2476 5711 ncc
2503 5653 2631 5725 quia
2678 5653 2980 5709 inﬁdelium
3023 5654 3440 5724 perversitatem
3482 5653 3670 5723 vigere
