3984 6296
260 374 327 440 9Ἲ
1155 380 1255 441 ΑΙ)
1294 378 1714 442 EPISTOLAM
1768 380 2188 443 HORMISDA‘I
2227 384 2668 446 RESPONSIO.
3460 399 3532 463 93

264 501 320 540 in
351 482 441 537 bis
499 482 667 551 videt,
707 484 805 539 sed
857 487 984 556 quia
1025 488 1266 545 ﬁdelium
1324 491 1658 545 assertiones
1708 492 1852 545 ferre
1882 499 1926 554 Α
1957 500 2280 559 amatorem,
2315 493 2361 547 si
2395 494 2450 548 in
2493 496 2653 550 malis
2678 497 2943 567 operibus
2973 510 3354 571 conversetur,
3384 508 3530 570 inter

174 584 181 593 ‘
262 590 371 629 non
395 581 597 643 potest,
616 574 935 644 ingemiscit
968 594 980 630 :
1014 577 1161 633 unde
1195 579 1307 650 jam
1335 595 1445 633 non
1471 580 1850 650 dignissimus,

262 664 357 719 sed
402 664 562 719 valde
601 666 961 738 turpissimus
996 668 1158 723 dolor
1206 669 1400 724 talium
1435 670 1848 740 comprobatur,

260 753 353 820 qui
391 768 503 808 non
538 754 673 818 Deo,
698 755 796 810 sed
815 757 996 812 errori
1016 757 1206 813 dedita
1225 758 1392 814 corda
1417 758 1659 815 ﬁdelium
1683 775 1852 814 aemu-

260 843 468 898 latione
499 845 815 901 eontristat.
847 846 961 902 Nec
977 848 1124 918 apud
1155 864 1253 904 eos
1271 850 1558 905 ebaritatis
1576 840 1853 921 igniculus

260 934 499 988 inveniri
524 950 687 1004 posse
710 936 1024 992 credendus
1041 945 1147 1003 est,
1176 939 1572 1010 quipravitatis
1598 956 1710 995 sum
1737 956 1852 995 ma-

258 1024 382 1079 litia
406 1025 691 1091 excaecati,
724 1026 911 1096 lapsos
941 1036 999 1082 et
1034 1027 1421 1085 lamentabiles
1475 1029 1723 1085 indicant
1757 1046 1853 1086 eos

259 1116 357 1185 qui
398 1117 570 1171 armis
612 1117 901 1172 catholicae
933 1119 1185 1174 veritatis
1234 1119 1513 1188 instructi,
1554 1121 1850 1177 haeretico~

261 1219 386 1257 rum
425 1203 648 1259 inimica
688 1205 987 1263 destruunt
1038 1218 1383 1279 argumenta.
1424 1211 1610 1276 Quare
1659 1226 1851 1268 revera

261 1312 435 1350 unum
457 1297 795 1367 spiritalium
812 1340 828 1365 ,
850 1314 964 1354 non
987 1309 1172 1355 autem
1207 1301 1594 1371 haereticorum
1611 1344 1626 1370 ,
1659 1312 1850 1361 votum

260 1395 346 1441 est
376 1387 525 1442 salus
548 1388 875 1445 inconcussa
908 1399 1255 1446 cunctorum.

331 1480 463 1534 Post
481 1480 598 1535 hate
619 1481 691 1535 ita
707 1481 958 1551 sequitur
986 1499 999 1536 :
1023 1500 1040 1534 ι
1070 1482 1179 1539 Sed
1206 1498 1314 1538 non
1338 1485 1850 1556 est,inquit,ignota

263 1569 523 1625 Ecclesiae
544 1571 641 1625 Dei
655 1571 723 1626 de
737 1571 1052 1644 hujusmodi
1071 1574 1349 1643 procellis,
1364 1586 1461 1631 aut
1483 1577 1698 1634 insueta
1714 1588 1851 1634 tem-

263 1670 469 1731 pestas,
500 1674 559 1718 et
587 1665 839 1733 quamvis
872 1666 1124 1722 Rectoris
1145 1668 1229 1723 sui
1259 1668 1631 1739 gubernaculo
1658 1670 1849 1726 incon.

262 1770 422 1810 cussa
441 1757 721 1827 persistat,
751 1759 919 1813 variis
935 1767 1119 1815 tamen
1154 1761 1556 1816 incursantium
1578 1761 1847 1819 ﬂuctuum

1952 597 2065 637 non
2099 584 2440 640 necessarias
2478 587 2665 656 paleas
2699 588 2972 659 deputari.
3020 592 3311 665 Nunquam
3342 612 3529 662 autem

1951 674 2221 730 fautorem
2271 676 2421 732 falsae
2456 678 2817 748 professionis
2864 697 3027 752 posse
3068 685 3217 741 inter
3266 683 3528 748 frumenti

1952 766 2161 835 Optima
2186 782 2354 837 grana
2378 773 2789 838 connumerari,
2817 774 3036 830 etiamsi
3076 776 3240 835 bonis
3276 779 3536 837 videatur

1952 858 2217 928 cperibus
2271 860 2607 930 decoratus;
2658 866 2788 935 quia
2839 867 3157 926 nullatenus
3209 873 3300 928 illa
3362 889 3530 944 opera

1952 951 2097 1006 bona
2123 962 2253 1007 sunt
2274 952 2596 1023 iudicanda,
2628 956 2831 1027 quibus
2854 972 2970 1014 non
3000 968 3084 1015 est
3100 962 3305 1019 veritas
3331 963 3525 1022 funda.

1952 1059 2003 1097 m
2011 1055 2138 1098 entu
2147 1060 2197 1099 m
2207 1086 2221 1100 .

2020 1132 2118 1189 His
2161 1136 2430 1209 adjungit,
2459 1149 2516 1194 et
2544 1139 2686 1195 dicit
2725 1157 2738 1194 :
2775 1158 2793 1191 ι
2835 1139 2943 1197 Sed
2974 1142 3067 1197 ubi
3096 1152 3365 1200 terrarum
3419 1162 3525 1203 non

1955 1225 2061 1279 ista
2091 1229 2412 1296 permistio?
2437 1231 2551 1286 Nos
2576 1232 2697 1287 ﬁxis
2718 1232 2878 1289 decet
2913 1241 3061 1290 stare
3094 1237 3361 1307 vestigiis.
3395 1238 3525 1293 Pro.

1952 1315 2203 1374 ﬁciemus
2236 1319 2381 1375 inter
2416 1321 2779 1379 adversantes
2815 1325 3058 1395 prepriis
3102 1327 3285 1395 bonis,
3338 1330 3383 1383 si
3418 1346 3527 1386 non

1950 1404 2300 1463 involvamur
2343 1411 2631 1467 erroribus
2664 1413 2884 1469 alienis.
2928 1434 2947 1466 ι
2992 1415 3129 1471 Cum
3159 1417 3367 1488 ubique
3414 1429 3524 1475 ter-

1950 1513 2138 1553 rarum
2164 1501 2580 1570 permistionem
2626 1504 2785 1560 istam
2829 1521 2950 1562 esse
2981 1522 3092 1562 non
3121 1509 3367 1580 ambigas
3390 1551 3405 1575 ,
3433 1526 3534 1566 cur

1949 1590 2005 1645 in
2058 1606 2165 1661 qua
2212 1603 2370 1661 parte
2400 1593 2523 1649 ﬁxis
2557 1596 2753 1651 deceat
2800 1607 2945 1653 stare
2987 1601 3269 1671 vestigiis,
3305 1603 3533 1659 omnino

1949 1697 2060 1736 non
2091 1684 2370 1753 explicas?
2400 1688 2708 1755 praesertim
2738 1704 2864 1743 cum
2904 1690 3013 1745 hoc
3048 1691 3317 1748 doctrinae
3351 1693 3534 1764 exigat

1951 1774 2111 1840 ratio,
2148 1791 2217 1829 ne
2256 1776 2439 1831 minus
2462 1776 2718 1841 instructi
2745 1781 2841 1850 qui
2870 1790 2923 1837 te
2960 1782 3195 1837 audiunt
3223 1785 3417 1840 alienis
3450 1787 3530 1840 in-

261 1847 475 1903 laboral
496 1857 690 1904 vexata
717 1849 1055 1942 turbinibus-
1079 1851 1217 1907 Nam
1238 1853 1386 1908 unde
1415 1862 1499 1909 est
1533 1855 1844 1924 psalmidici
1879 1870 1920 1929 Β
1948 1868 2241 1923 volvantur
2270 1870 2556 1925 erroribus
2577 1911 2592 1934 ,
2628 1871 2734 1926 nisi
2764 1847 2895 1942 quia
2928 1873 3127 1929 callide
3156 1883 3304 1931 tuam
3339 1877 3534 1932 niteris

262 1954 373 1993 vox
415 1940 721 2010 pr0pheta3,
749 1941 844 2011 qui
870 1936 1057 2012 ipsius
1102 1942 1364 2000 Ecclesia:
1388 1960 1682 2014 personam
1719 1947 1845 2017 Spi-

266 2029 383 2083 ritu
414 2045 522 2099 quo
572 2025 903 2101 implebatur
945 2047 1235 2089 assumens
1271 2053 1285 2088 :
1320 2033 1499 2106 Smpe,
1530 2037 1729 2107 inquit,
1758 2053 1849 2091 ea:-

267 2131 642 2192 pugnaverunt
667 2140 746 2177 me
775 2143 807 2179 a
838 2126 1116 2195 juvenlute
1145 2142 1284 2193 mea,
1311 2130 1501 2183 etenim
1527 2147 1632 2183 non
1660 2139 1845 2201 potue-

267 2222 401 2265 runt
426 2214 547 2267 mihi
568 2213 984 2284 “.Concutiunt,
1009 2217 1104 2272 sed
1131 2218 1187 2273 in
1212 2219 1388 2274 nihilo
1415 2222 1840 2290 praevalebunt.)

269 2302 415 2355 Vera
438 2302 530 2358 Dei
556 2303 816 2372 Ecclesia,
840 2308 930 2362 cui
954 2324 1065 2363 non
1081 2318 1212 2365 sunt
1237 2312 1620 2368 hmreticorum
1647 2314 1846 2385 ignota:

264 2392 540 2461 procellae,
564 2408 675 2448 non
697 2405 781 2450 est
806 2396 897 2451 illa
946 2414 1069 2468 qua:
1090 2399 1373 2457 Christum
1388 2404 1587 2474 gratia.
1608 2420 1719 2459 non
1749 2420 1847 2460 na-

260 2494 391 2539 tura
414 2486 593 2541 Deum
615 2488 950 2553 conﬁtetur.
992 2494 1089 2549 sed
1124 2496 1217 2551 illa
1254 2478 1377 2567 qua:
1414 2498 1587 2553 Deum
1622 2516 1840 2567 verum,

258 2581 317 2629 ct
342 2576 417 2630 ob
447 2576 552 2633 hoc
580 2595 750 2635 unum
789 2598 856 2638 ex
900 2584 1169 2641 Trinitate
1208 2590 1469 2657 praedicat
1496 2591 1840 2649 Emmanuel.

261 2665 562 2736 Propterea
589 2671 830 2743 denique
852 2676 1018 2732 variis
1042 2678 1412 2736 incusantium
1459 2682 1728 2738 fluctuum
1759 2685 1843 2740 la-

260 2756 423 2814 borat
463 2761 691 2831 quidem
737 2777 934 2822 vexata
983 2770 1323 2845 turbinibus,
1353 2774 1449 2828 sed
1483 2775 1634 2829 nullo
1682 2786 1843 2846 pacto

259 2852 579 2909 subruitur.
610 2856 792 2914 Manet
824 2875 1063 2932 namque
1105 2879 1325 2936 semper
1354 2866 1672 2934 immobilis,
1713 2869 1843 2939 quia

262 2959 294 2997 a
328 2946 443 3000 veri
495 2947 594 3002 Dei
655 2951 867 3021 regitur
922 2955 1319 3024 gubernaculo.
1365 2958 1646 3015 Adversus
1698 2960 1843 3017 hanc

259 3050 454 3092 omnes
503 3039 754 3095 haeretici
777 3082 791 3107 ,
827 3051 937 3097 tam
975 3046 1070 3116 qui
1100 3046 1169 3102 ab
1205 3063 1270 3103 ea
1302 3049 1589 3105 manifeste
1611 3050 1842 3106 abscissi

256 3134 423 3197 atque
466 3127 637 3184 divisi
668 3138 817 3198 sunt,
855 3148 1019 3202 quam
1072 3134 1129 3190 hi
1172 3137 1268 3207 qui
1316 3138 1463 3192 intra
1502 3155 1622 3194 eam
1652 3140 1838 3210 positi,

255 3217 632 3286 spiritualiter
654 3221 724 3275 ab
752 3237 814 3277 ea
845 3223 1183 3280 dissentiunt
1223 3227 1381 3299 (quos
1404 3228 1624 3284 fortiter
1654 3240 1842 3287 sancta
1868 3216 1923 3301 α

255 3306 511 3364 ﬁdelium
556 3311 755 3367 tolerat
780 3313 1066 3388 charitas),
1092 3331 1310 3388 semper
1338 3334 1489 3374 arma
1514 3321 1840 3391 corripiunt,

256 3411 421 3473 atque
452 3419 561 3459 eos
584 3419 725 3474 quos
747 3406 862 3460 suis
880 3408 1163 3476 potuerint
1189 3410 1497 3477 erroribus,
1525 3412 1582 3466 in
1605 3413 1726 3483 ejus
1755 3413 1844 3467 ni-

255 3505 452 3552 tuntur
472 3499 747 3553 invidiam
774 3501 1073 3557 concitare.
1108 3502 1217 3558 Sed
1232 3503 1288 3558 in
1313 3505 1490 3559 nihilo
1523 3505 1841 3574 praevalent,

254 3589 383 3660 quia
406 3590 697 3647 veraciter
719 3607 750 3646 a
774 3593 886 3647 Deo
929 3609 1082 3660 vero,
1108 3612 1274 3666 quem
1307 3597 1439 3651 colit
1464 3607 1522 3651 et
1557 3597 1841 3666 praedicat,

254 3682 332 3736 illi
355 3682 708 3753 promissum
735 3691 820 3737 est
848 3684 1165 3741 nullatenus
1209 3686 1478 3742 adversus
1504 3703 1626 3742 eam
1657 3696 1844 3759 portas

253 3773 413 3828 inferi
437 3773 834 3845 prmvalituras
852 3775 915 3829 ’⁸.
944 3774 1083 3832 lluic
1102 3776 1344 3851 denique
1370 3778 1502 3833 illud
1523 3781 1715 3851 procul
1736 3780 1841 3836 du-

250 3867 343 3923 bio
381 3868 784 3940 prepbeticum
826 3870 1222 3930 convenientia
1267 3876 1531 3945 competit
1596 3875 1844 3931 testimo-

251 3960 426 4025 nium,
454 3976 529 4031 qu
544 3960 616 4017 od
638 3961 796 4032 quasi
820 3979 888 4018 ex
920 3979 1154 4034 persona
1179 3965 1424 4037 ejusdem
1449 3965 1710 4022 Ecclesia:
1739 3968 1841 4024 iste

250 4050 505 4119 protulit,
534 4051 736 4106 dicens
774 4069 787 4106 :
824 4051 975 4124 Swpe
1014 4064 1443 4126 expugnaverunt
1480 4073 1561 4111 me
1595 4074 1628 4112 a
1650 4058 1843 4129 juven-

250 4151 359 4196 tute
380 4160 521 4211 mea,
549 4128 746 4198 etenim
774 4162 876 4198 non
910 4155 1195 4217 potuerunt
1223 4149 1369 4203 mihi.

324 4237 434 4291 Sed
455 4239 579 4309 jam
604 4252 758 4291 nunc
789 4252 854 4291 ea
884 4253 1005 4308 quae
1037 4248 1365 4309 sequuntur,
1403 4240 1837 4298 consideremus.

253 4347 273 4381 ς
299 4330 806 4400 Adhue,inquit,in
828 4346 957 4385 area
983 4346 1195 4397 sumus,
1223 4332 1386 4388 mista
1414 4343 1545 4389 sunt
1564 4333 1841 4390 frumenta

246 4438 374 4478 cum
405 4426 611 4495 paleis,
647 4432 875 4495 gemunt
902 4425 1032 4480 boni
1062 4425 1340 4481 consortia
1377 4426 1648 4481 malorum
1693 4443 1707 4480 :
1741 4426 1839 4480 sed

246 4527 504 4588 superest
550 4518 777 4572 ﬂamma
810 4533 922 4573 non
970 4518 1301 4574 necessariis
1326 4558 1342 4585 ,
1384 4528 1441 4574 et
1477 4527 1667 4589 parata
1707 4526 1838 4573 sunt
1868 4559 1912 4614 Β

245 4608 442 4664 horrea
458 4610 582 4681 jam
639 4609 941 4679 probatis.»
973 4609 1033 4663 ln
1084 4625 1144 4664 re
1176 4608 1382 4663 morari
1410 4608 1619 4664 diutius
1648 4624 1840 4679 super-

244 4699 416 4757 ﬂuum
459 4702 708 4757 aestimo.
746 4698 881 4768 Quis
925 4702 1071 4756 enim
1104 4703 1337 4768 nesciat,
1378 4701 1520 4757 sicut
1542 4701 1839 4779 frumentis

247 4790 466 4859 horrea,
500 4793 583 4846 ita
618 4791 796 4862 paleis
824 4791 1100 4846 ﬂammam
1139 4808 1261 4848 esse
1299 4793 1594 4863 paratam?
1620 4792 1728 4847 Sed
1777 4793 1835 4847 in

246 4883 343 4938 hac
371 4900 506 4940 area
570 4884 720 4956 (hoc
749 4891 834 4938 est
868 4884 923 4937 in
963 4882 1267 4953 Ecclesia),
1291 4884 1348 4937 in
1373 4899 1481 4954 qua
1508 4885 1669 4939 mista
1704 4895 1836 4941 sunt

244 4974 523 5030 frumenta
540 4988 675 5030 cum
698 4974 892 5043 paleis,
911 4985 967 5027 et
982 4983 1212 5044 gemunt
1228 4974 1355 5029 boni
1372 4974 1650 5030 consortia
1663 4976 1834 5030 malo-

244 5081 384 5135 rum,
418 5067 552 5138 quis
615 5080 715 5119 eos
757 5064 1128 5131 necessarios,
1174 5072 1271 5118 aut
1308 5072 1456 5119 certe
1499 5079 1611 5118 non
1651 5064 1834 5134 paleas

242 5167 511 5226 perpetuo
553 5154 674 5227 igni
714 5153 1045 5209 cremandos
1077 5170 1199 5210 esse
1229 5154 1458 5226 judicet,
1488 5154 1584 5224 qui
1614 5170 1711 5209 ore
1747 5169 1834 5208 sa-

243 5245 467 5317 crilego,
501 5256 707 5301 natura
732 5246 904 5299 Deum
934 5253 1222 5315 negantes,
1247 5260 1278 5298 a
1308 5245 1575 5300 catholica
1601 5244 1831 5300 veritate

240 5322 584 5401 desciscunt,
615 5346 675 5392 et
697 5347 962 5407 apostatae
997 5337 1213 5402 eﬂ‘ecti,
1259 5337 1426 5392 armis
1461 5337 1699 5407 proprias
1726 5337 1829 5389 im-

238 5429 463 5497 pietatis
492 5428 772 5483 adversus
814 5444 958 5493 eam,
989 5445 1112 5498 quae
1134 5443 1231 5482 eos
1267 5429 1478 5499 genuit,
1517 5416 1828 5482 dimicant?

240 5515 546 5572 Sciendum
589 5526 777 5571 tamen
850 5533 1010 5588 posse
1059 5517 1226 5572 etiam
1275 5534 1419 5572 vera:
1469 5519 1829 5588 professionis

309 5718 352 5748 ’⁷
382 5717 531 5772 Psal.
564 5731 792 5780 cxxvm,
906 5718 957 5771 ‘2.

239 5784 281 5820 ⁸⁸
306 5789 450 5845 Ral.
483 5802 593 5840 xxx
605 5802 656 5853 v,
692 5787 775 5841 12.

1076 5719 1117 5750 ⁸⁸
1138 5719 1332 5774 Matth.
1361 5735 1470 5785 1m,
1510 5720 1591 5774 l8.

1711 5722 1753 5752 ‘9
1773 5720 1915 5776 Psal.
1949 5736 2059 5787 si'l,
2093 5722 2145 5776 5.

1952 1961 2233 2015 occultare
2276 1962 2611 2031 perfidiam?
2634 1963 2742 2018 Sed
2776 1972 2833 2018 te
2864 1965 3157 2036 splendore
3192 1982 3294 2023 suo
3324 1968 3534 2040 detegit

1949 2050 2224 2105 catholica
2250 2052 2475 2117 veritas,
2517 2064 2572 2108 et
2608 2054 2762 2125 juxta
2794 2064 2994 2111 caetera
3022 2058 3195 2124 mala,
3229 2059 3397 2114 etiam
3449 2070 3544 2109 su—

1947 2139 2290 2209 perbissimae
2316 2143 2619 2214 Pelagiana:
2646 2146 2889 2215 perﬁdiae
2906 2149 3214 2204 involutum
3241 2152 3533 2209 erroribus

1949 2239 2280 2286 cunctorum
2312 2236 2490 2290 oculis
2518 2238 2837 2307 anteponit,
2875 2240 2970 2309 qui
3009 2241 3155 2297 inter
3174 2243 3532 2301 adversantes

1946 2337 2059 2376 non
2089 2323 2185 2378 Dei
2222 2340 2472 2392 munere,
2501 2327 2597 2383 sed
2623 2331 2867 2399 propriis
2890 2332 3050 2388 bonis
3079 2334 3347 2404 proﬁcere
3370 2344 3539 2407 posse

1949 2412 2158 2468 tumida
2187 2414 2426 2471 elatione
2461 2418 2714 2475 conﬁdis.
2745 2419 2885 2486 Quia
2914 2421 2959 2477 si
2986 2423 3226 2493 propriis
3266 2424 3449 2491 bonis,
3473 2436 3577 2484 Ctx

1945 2519 2055 2559 non
2086 2505 2183 2559 Dei
2209 2507 2416 2562 auxilio
2461 2508 2610 2563 inter
2638 2510 2995 2567 adversantes
3028 2525 3214 2582 posset
3255 2514 3531 2585 proﬁcere

1944 2603 2140 2649 natura
2169 2595 2432 2661 humana,
2460 2613 2745 2668 nunquam
2772 2598 3048 2672 Propheta
3071 2601 3280 2672 Spiritu
3313 2604 3412 2659 Dei
3439 2621 3529 2660 re-

1943 2688 2126 2758 pletus
2158 2699 2346 2745 oraret
2364 2690 2556 2747 dicens
2590 2710 2603 2746 :
2629 2692 2834 2761 Perﬁce
2853 2710 3061 2764 gressus
3089 2712 3230 2750 meos
3250 2699 3307 2751 in
3329 2699 3529 2755 semitis

1943 2780 2076 2855 tuis,
2104 2790 2161 2834 ut
2187 2797 2292 2835 non
2325 2790 2643 2836 moveantur
2665 2786 2888 2855 vestigia
2931 2803 3048 2842 mea
3067 2788 3130 2843 “.
3168 2788 3366 2844 Adhuc
3395 2805 3528 2847 sane

1943 2874 2234 2930 antedictze
2280 2876 2563 2933 haereseos
2592 2879 2793 2949 spiritu
2842 2881 3140 2948 animatus,
3180 2886 3430 2955 sequeris
3471 2897 3530 2943 e:

1942 2965 2081 3021 dicis
2116 2984 2129 3020 :
2173 2986 2191 3019 ‹
2229 2967 2435 3023 Probat
2463 2969 2612 3023 enim
2640 2971 2864 3028 virtutis
2909 2988 3022 3029 sua:
3051 2975 3291 3030 validum
3321 2977 3524 3043 robur,

1941 3057 2034 3128 qui
2071 3073 2196 3113 cum
2226 3059 2546 3129 impellitur,
2570 3076 2683 3115 non
2713 3073 3039 3131 moveturp
3072 3081 3199 3119 eum
3231 3082 3341 3121 non
3377 3082 3526 3121 sem-

1943 3165 2062 3220 per,
2086 3150 2183 3206 sed
2209 3158 2342 3206 tunc
2364 3151 2601 3222 quilibet
2627 3154 2840 3209 utiliter
2862 3164 2919 3211 et
2943 3156 3243 3213 salubriter
3267 3174 3380 3213 non
3414 3172 3528 3215 mo-

1943 3238 2137 3297 veatur
2158 3242 2451 3313 impulsus,
2478 3245 2700 3315 quando
2725 3262 2757 3300 a
2788 3247 3025 3304 veritate
3067 3248 3195 3305 ﬁdei
3240 3266 3351 3304 non
3381 3249 3524 3321 deji-

1941 3333 2084 3389 citur
2115 3333 2351 3390 diversis
2373 3336 2769 3393 teutationibus
2791 3338 3151 3409 inquietatus.
3184 3341 3526 3411 Frequenter

1941 3426 2145 3480 etenim
2193 3425 2432 3496 imperiti
2464 3442 2711 3483 errorem
2752 3443 2855 3499 pro
2908 3430 3141 3486 veritate
3179 3429 3520 3497 defendunt,

1942 3524 1998 3570 et
2021 3516 2076 3570 in
2099 3516 2257 3593 falsis
2280 3517 2460 3583 bonis,
2496 3533 2593 3573 seu
2625 3520 2811 3589 potius
2830 3520 2887 3575 in
2917 3522 3067 3577 veris
3088 3517 3250 3576 malis
3280 3524 3525 3593 pertina-

1942 3607 2082 3663 citer
2122 3617 2479 3679 perseverant
2506 3626 2520 3663 :
2546 3610 2694 3680 quod
2749 3627 2860 3666 non
2897 3613 3159 3683 probatae.
3194 3613 3414 3668 virtutis
3438 3621 3524 3668 est

1942 3698 2185 3753 validum
2210 3699 2403 3766 robur,
2435 3699 2532 3755 sed
2563 3700 2947 3772 improbabilis
2973 3702 3090 3757 vitii
3125 3703 3401 3758 imbecilla
3436 3712 3522 3759 te-

1941 3789 2186 3844 meritas.
2269 3788 2377 3845 Sed
2405 3791 2530 3861 quis
2578 3806 2678 3847 sua
2730 3792 2958 3858 virtute,
3019 3801 3076 3847 et
3157 3807 3272 3870 non
3317 3793 3523 3849 auxilio

1940 3880 2198 3938 Cruciﬁxi
2233 3881 2289 3935 in
2314 3882 2545 3939 veritate
2573 3882 2700 3939 ﬁdei
2734 3899 2792 3939 se
2824 3883 3185 3941 immobiliter
3212 3900 3373 3955 posse
3399 3900 3525 3955 per-

1941 3988 2197 4030 severare
2222 3972 2468 4039 conﬁdit,
2505 3974 2610 4029 nisi
2650 3974 2748 4044 qui
2788 3975 2980 4045 utique
3011 3975 3286 4045 superbia:
3322 3975 3522 4044 spiritu

1941 4072 2280 4129 excaecatus,
2306 4064 2594 4120 evidenter
2625 4064 2831 4119 divinis
2866 4065 3198 4120 contradicit
3245 4064 3524 4134 eloquiis?

1940 4154 2079 4221 Quia
2108 4155 2383 4224 Propheta
2432 4169 2543 4209 non
2572 4154 2679 4209 nisi
2718 4154 2892 4208 divini
2941 4153 3190 4208 muneris
3228 4154 3334 4208 hoc
3384 4169 3523 4224 opus

1940 4260 2061 4301 esse
2092 4251 2328 4299 testetur
2362 4243 2556 4299 dicens
2584 4262 2597 4296 :
2624 4243 2892 4315 Impulsus
2921 4252 3159 4298 versatus
3201 4260 3317 4298 sum
3352 4254 3409 4297 ut
3434 4261 3524 4299 ca-

1941 4335 2138 4400 derem,
2170 4344 2219 4389 et
2267 4334 2525 4390 Dominus
2560 4335 2787 4405 suscepit
2836 4350 2938 4390 me.
2979 4333 3259 4390 Fortitudo
3312 4351 3430 4388 mea
3472 4344 3524 4388 ct

1939 4427 2182 4481 laudatio
2213 4443 2332 4481 mea
2372 4425 2652 4486 Dominus,
2688 4432 2738 4478 et
2781 4425 2954 4495 factus
2989 4432 3064 4479 est
3113 4427 3171 4479 in
3206 4424 3518 4480 salutem“.

1940 4518 2009 4572 Et
2037 4518 2237 4572 iterum
2269 4536 2283 4572 :
2308 4515 2367 4572 Si
2390 4517 2624 4571 dicebam
2647 4556 2662 4582 ,
2685 4516 2856 4571 Motus
2885 4525 2959 4570 est
2987 4533 3075 4587 pes
3106 4533 3249 4571 meus
3271 4558 3285 4583 ,
3314 4517 3521 4571 miseri-

1942 4608 2127 4662 cordia
2158 4617 2275 4674 tua,
2312 4607 2558 4672 Domine,
2591 4607 2879 4678 adjuvabat
2908 4624 2988 4661 me
3014 4610 3082 4660 ¹¹.
3101 4608 3170 4663 Ει
3204 4623 3420 4673 rursus,
3448 4623 3519 4663 ne

1939 4700 2217 4754 contraria
2249 4706 2568 4754 moveretur
2603 4698 3097 4767 impulsione,orat
3131 4699 3321 4754 dicens
3357 4717 3368 4751 :
3399 4698 3517 4752 Non

1937 4791 2117 4845 veniat
2167 4790 2294 4844 mihi
2338 4806 2424 4861 pes
2453 4790 2731 4861 superbiae,
2776 4797 2826 4842 et
2860 4805 3050 4844 manus
3094 4790 3383 4860 peccatoris
3413 4805 3516 4843 non

1937 4888 2142 4936 moveat
2164 4882 2325 4935 me".

2005 4971 2102 5027 llis
2129 4972 2369 5042 denique
2395 4972 2469 5026 ita
2496 4971 2820 5041 praemissis,
2852 4970 3170 5041 specialiter
3188 4971 3300 5042 jam
3326 4978 3517 5027 contra

1939 5079 2056 5129 eos,
2078 5079 2178 5134 pro
2196 5063 2402 5134 quibus
2418 5063 2652 5134 agimus,
2672 5065 2973 5119 monachos
2991 5063 3289 5118 iracundia:
3306 5061 3518 5117 facibus

1940 5171 2226 5221 accensus,
2254 5164 2311 5211 et
2339 5155 2559 5210 invidiae
2581 5156 2822 5210 stimulis
2846 5156 3124 5215 incitatus.
3152 5162 3299 5208 totus
3331 5153 3516 5206 inten-

1940 5247 2044 5312 dit,
2063 5256 2117 5301 et
2140 5247 2271 5301 licet
2290 5262 2409 5314 eos,
2433 5247 2653 5317 publica
2674 5247 2928 5303 veritatis
2952 5246 3106 5318 541
3140 5244 3511 5308 conscientia,

1939 5337 2228 5393 manifeste
2274 5338 2563 5394 haereticos
2596 5354 2704 5393 non
2733 5338 2933 5393 audeat
2957 5351 3215 5392 accusare
3243 5375 3257 5400 ,
3288 5334 3514 5402 oblique

1939 5437 2121 5483 tamen
2154 5438 2210 5484 et
2237 5429 2431 5484 callide
2456 5431 2562 5484 hoc
2593 5426 2711 5484 vult
2757 5429 2825 5484 de
2857 5429 2939 5483 eis
2988 5426 3240 5496 intelligi,
3272 5426 3514 5495 dumque

1934 5519 2086 5587 ipsos
2113 5518 2318 5588 iniquis
2345 5519 2727 5589 imprudenter
2744 5515 3246 5574 obtrectationibus
3280 5515 3511 5604 lacerat,

2224 5722 2269 5752 ²⁰
2294 5720 2435 5775 Psal.
2464 5735 2626 5786 cxvii,
2658 5719 2742 5785 15,
2779 5718 2863 5773 14.
2975 5718 3017 5750 ²¹
3054 5716 3200 5775 Psal.
3245 5731 3389 5773 xcm.
3425 5714 3515 5773 18.
