3984 6296
410 303 494 368 εθς)
1675 293 2002 358 ἸΟΑΝΝΙΞ
2033 293 2416 362 ΜΑΧΕΝΤΠ

3571 298 3686 365 ’160

413 417 689 488 falsisque
711 411 1407 472 criminationibusnititur
1425 409 1740 474 obfuscare,
1763 409 2007 478 seipsum
2037 410 2080 467 Α
2112 409 2454 465 Nestorium:
2485 409 2729 480 perfidia:
2763 411 3010 468 tenebris
3031 419 3360 476 excmcatus,
3417 421 3684 481 quartum

417 511 556 565 tetri
586 508 795 564 erroris
811 507 1094 578 nigredine
1112 505 1478 576 adepertum,
1500 507 1826 558 cunctorum
1846 513 1994 568 aspec

422 602 610 658 ctibus
630 599 936 670 anteponit.

495 692 756 764 Adiungit
778 705 1016 760 namque
1044 697 1100 744 et
1123 687 1258 743 dicit
1285 704 1298 740 :
1324 683 1470 743 (Ubi
1499 699 1609 739 non
1635 682 2004 738 varim‘tenta-

415 785 597 841 ftionis
623 784 846 840 aculei?
895 782 1100 848 Quales
1119 797 1218 853 per
1235 780 1386 834 hunc
1430 777 1546 834 fere
1581 777 1765 848 jugem
1797 786 2006 828 annum

427 875 794 945 quorumdam
847 874 1202 944 Scytharum,
1261 870 1356 941 qui
1403 868 1708 923 monachos
1743 863 2009 936 praefere-

425 969 561 1022 bant
591 967 802 1038 specie,
827 982 938 1020 non
975 965 1232 1030 veritate,
1259 962 1632 1033 professione,
1666 974 1777 1014 non
1808 970 2001 1026 opere,

421 1061 621 1116 subtili
651 1068 826 1114 tectas
848 1058 1149 1112 calliditate
1172 1055 1476 1118 versutias,
1501 1063 1556 1108 et
1587 1052 1690 1106 sub
1717 1049 2008 1120 religionis

428 1151 663 1207 obtentu
700 1149 1026 1204 famulantia
1075 1148 1219 1202 odils
1239 1147 1359 1202 suis
1395 1161 1616 1200 venena
1647 1143 2004 1213 pertulimus,

430 1243 722 1297 studentes
744 1257 842 1296 cos
879 1241 948 1295 ab
980 1240 1203 1294 interno
1245 1239 1478 1292 vulnere
1529 1234 1877 1291 medicabilis
1915 1251 2012 1304 pa-

433 1334 645 1390 tientiae
677 1332 1064 1388 moderatione
1115 1344 1334 1394 sanare,
1383 1327 1532 1382 beati
1586 1325 1744 1380 Pauli
1791 1325 2009 1380 monita

432 1442 545 1480 non
580 1433 868 1482 tenentes:
893 1422 1016 1479 Noli
1041 1423 1208 1478 verbis
1233 1421 1586 1476 contendere:
1611 1419 1682 1472 ad
1715 1417 1852 1472 nihil
1871 1419 2011 1472 enim

431 1512 562 1566 utile
592 1523 689 1580 est,
708 1513 811 1566 nisi
834 1513 904 1566 ad
925 1512 1311 1565 subversionem
1349 1509 1678 1563 audientium
1697 1507 1768 1562 ⁸³.
1790 1525 1809 1558 ι
1843 1505 2003 1562 Prin-

417 1605 629 1674 cipalis
652 1603 930 1674 professio
954 1603 1201 1658 omnium
1239 1601 1294 1656 in
1346 1616 1640 1656 commune
1666 1599 1979 1654 Christiano
1999 1627 2012 1638 -

433 1711 556 1750 rum
579 1703 684 1760 est,
715 1695 858 1749 viam
889 1694 1142 1750 veritatis
1170 1701 1226 1748 et
1247 1693 1557 1757 charitatis,
1587 1692 1728 1746 duce
1759 1690 2006 1754 Christo,

431 1785 730 1857 vigilanter
764 1785 1004 1857 ingredi.
1041 1785 1393 1854 QuaprOptcr
1423 1784 1469 1839 si
1504 1781 1849 1853 professione
1893 1780 2008 1835 sai-

433 1885 566 1937 tem,
591 1883 686 1928 aut
715 1876 900 1944 specie
929 1884 1078 1930 esset
1099 1874 1204 1929 iste
1235 1873 1566 1938 catholicus,
1601 1872 1698 1942 qui
1733 1871 1921 1941 specie
1952 1878 2009 1924 et

431 1967 778 2036 professione
833 1973 1046 2020 tantum
1104 1969 1239 2032 (non
1283 1979 1452 2034 opere
1483 1971 1540 2018 et
1593 1962 1852 2034 veritate)
1881 1961 2010 2016 reii-

431 2057 616 2127 giosos
657 2073 754 2112 eos
797 2067 991 2112 contra
1025 2073 1188 2128 quos,
1215 2049 1346 2126 agit,
1379 2055 1548 2110 audet
1599 2054 1784 2110 dicere
1818 2068 2010 2108 mona-

431 2147 587 2213 chos,
643 2147 794 2203 credi
840 2149 1075 2204 forsitan
1106 2155 1332 2218 poterat
1374 2155 1528 2202 recto
1559 2147 1628 2200 de
1669 2146 1751 2201 eis
1779 2155 1836 2201 et
1877 2159 2010 2200 vero

431 2239 1010 2309 exaggerareiudicio.
1043 2238 1113 2292 At
1145 2252 1277 2292 vero
1308 2237 1402 2291 ubi
1447 2235 1734 2290 inimicum
1767 2250 1894 2290 cum
1917 2249 2010 2288 ca-

431 2331 654 2385 tholica:
683 2330 938 2383 veritatis
973 2343 1072 2382 sua
1101 2329 1278 2398 ipsius
1313 2328 1462 2382 dicta
1493 2327 1852 2397 redarguunt,
1886 2325 2013 2395 quis

432 2421 678 2490 ambigat
733 2419 996 2474 breretico
1027 2434 1156 2472 eum
1213 2419 1412 2488 spiritu
1439 2419 1777 2488 cxagilatum
1821 2417 2012 2487 inique

433 2514 552 2568 hmc
581 2511 768 2566 omnia
789 2511 1058 2567 adversus
1084 2511 1308 2566 eosdem
1340 2512 1640 2565 monachos
1659 2510 2014 2564 evomuisse?

433 2603 624 2672 Neque
648 2601 796 2657 enim
826 2602 906 2656 illi
953 2601 1049 2671 qui
1091 2600 1361 2655 catholica
1410 2606 1704 2669 sequentes
1732 2599 2004 2669 dogmata,

431 2694 715 2750 Christum
769 2693 970 2748 Filium
1012 2693 1112 2748 Dei
1158 2707 1328 2746 unum
1395 2692 1730 2746 confitentur
1779 2705 1901 2744 esse
1945 2705 2012 2744 ex

433 2795 623 2842 sancta
646 2795 702 2840 et
735 2785 901 2840 unius
930 2785 1189 2840 essentia;
1223 2784 1520 2846 Trinitatc.
1562 2781 1658 2837 sed
1700 2783 1801 2837 iste
1825 2783 2011 2852 potius

433 2879 530 2950 qui
559 2879 664 2933 hoc
699 2877 866 2948 impie
900 2877 1155 2947 denegat,
1218 2875 1408 2930 subtili
1471 2883 1643 2929 tectas
1707 2873 2010 2929 calliditate

421 2971 698 3041 quasdam
729 2970 1007 3025 versutias
1037 2967 1450 3033 machinari,ac
1501 2966 1745 3020 fidelium
1797 2967 2012 3020 animos

433 3062 775 3132 inquietare,
819 3070 877 3116 et
939 3061 1049 3116 sub
1087 3060 1316 3115 obtentu
1349 3057 1634 3130 religionis
1689 3057 2010 3111 famulantia

434 3167 547 3206 non
580 3159 792 3206 tantum
823 3150 961 3215 odii,
984 3150 1078 3205 sed
1106 3149 1316 3204 erroris
1345 3149 1434 3202 sui
1461 3162 1672 3202 venena
1719 3163 1818 3216 per
1846 3163 2010 3203 omne
2036 3122 2079 3180 ο

433 3258 640 3312 corpus
699 3241 962 3296 Ecclesiae
1014 3242 1157 3296 velle
1193 3239 1520 3310 {diffundere
1568 3238 2013 3294 manifestissime

437 3334 786 3389 confutatur.
808 3332 1136 3387 Praesertim
1167 3331 1263 3400 qui
1295 3330 1439 3384 hanc
1462 3339 1704 3384 sanctam
1738 3337 1794 3384 et
1826 3329 2015 3384 catho-

440 3424 605 3479 licam
649 3439 840 3478 voccm
881 3421 1206 3478 tentationis
1239 3421 1462 3476 sibimet
1491 3421 1743 3477 aculeum
1773 3436 1893 3476 esse
1929 3429 2014 3476 te-

437 3523 636 3571 statur.
679 3516 764 3570 An
814 3514 958 3569 forte
1016 3528 1128 3568 non
1179 3521 1261 3569 est
1312 3512 1680 3580 catholicum,
1729 3513 2014 3568 Christum

439 3607 641 3662 Filium
671 3607 769 3660 Dei
811 3605 922 3660 vivi
949 3621 1122 3658 unum
1149 3604 1402 3660 conﬁteri
1436 3619 1502 3660 ex
1535 3612 1724 3659 sancta
1763 3611 1821 3659 et.
1873 3604 2018 3658 indi-

437 3697 605 3752 vidua
640 3698 948 3752 Trinitate?
995 3698 1103 3750 Pro
1159 3697 1263 3751 hac
1307 3697 1513 3752 etenim
1576 3697 1691 3751 sola
1737 3696 2015 3752 sententia

442 3789 776 3860 Scytharum
821 3789 1126 3843 monachos
1149 3797 1368 3844 constat
1388 3788 1457 3843 ad
1488 3788 1798 3842 Romanum
1843 3787 2015 3842 fuisse

438 3880 724 3950 profectos
777 3879 1132 3948 episcopum,
1199 3879 1345 3935 sicut
1373 3879 1631 3934 omnibus
1680 3895 1842 3948 pene,
1902 3895 2015 3936 non

435 3971 619 4025 solum
653 3969 708 4023 in
735 3970 842 4025 hac
869 3972 1018 4042 regia
1048 3971 1208 4038 urbe,
1231 3985 1424 4026 verum
1460 3973 1625 4026 etiam
1655 3973 1710 4026 in
1754 3971 2015 4028 universa

432 4062 594 4118 italia
632 4062 936 4119 Catholicis
986 4075 1183 4120 notum
1214 4073 1318 4120 est.
1351 4065 1488 4119 Nam
1521 4071 1578 4119 et
1623 4063 1727 4134 ipsi
1769 4064 2014 4121 lueretici

441 4155 525 4228 (ut
543 4158 798 4226 superius
825 4157 1036 4213 dictum
1070 4160 1175 4226 est)
1203 4158 1271 4212 ad
1301 4157 1407 4212 hoc
1429 4157 1636 4228 ubique
1653 4157 1796 4212 hanc
1818 4157 2012 4226 ipsam,

425 4247 529 4302 cui
597 4248 1007 4320 respondimus,
1043 4249 1347 4318 Epistulam
1399 4247 1710 4316 proferunt,
1742 4256 2016 4316 quatenus

427 4349 492 4394 ct
519 4340 831 4409 smpedictis
865 4339 1156 4394 monachis
1176 4337 1438 4392 invidiam
1469 4337 1772 4402 concitent,
1803 4345 1858 4391 et
1892 4351 2013 4391 om-

2104 505 2161 551 et
2183 501 2506 552 evtraneuni
2531 515 2560 553 a
2592 509 2782 556 sancta
2818 507 2874 554 et
2909 500 3180 556 ineffabili
3226 499 3522 565 Trinitate,
3552 515 3686 556 eum

2103 591 2199 660 qui
2233 607 2332 662 pro
2355 593 2516 648 nobis
2543 609 2765 650 crucem
2798 595 3089 660 sustinuit,
3120 594 3422 666 praedicare
3449 605 3685 651 conten-

2105 679 2220 735 dat.
2247 681 2354 736 Sed
2405 681 2547 738 absit
2583 692 2726 738 utex
2759 684 3017 753 qualibet
3049 692 3207 754 parte
3249 683 3539 738 catholicae
3558 700 3690 754 pro-

2103 773 2328 828 fessioni
2379 777 2608 830 Roman.
2655 777 2951 846 episcopus
2975 777 3358 834 contradicatl
3391 779 3688 848 Nunquam

2106 865 2312 919 etenim
2347 865 2675 938 Scytharum
2710 869 3011 926 monachos
3069 869 3232 941 (quos
3279 885 3392 926 non
3441 869 3688 941 simplici

2103 973 2380 1025 sermone,
2407 960 2505 1016 scd
2539 961 2708 1016 etiam
2733 961 2980 1032 scriptis,
3022 960 3308 1018 Christum
3352 961 3556 1018 Filium
3584 963 3691 1018 Dei

2108 1065 2278 1104 unum
2303 1067 2371 1106 ex
2398 1051 2671 1108 Trinitate
2694 1061 2932 1109 noverat
2973 1053 3253 1125 confiteri)
3289 1069 3388 1124 per
3411 1066 3692 1124 quatuor-

2105 1140 2284 1199 decim
2311 1158 2452 1212 pene
2476 1159 2718 1210 menses,
2755 1144 3004 1214 quandiu
3035 1159 3132 1198 eos
3159 1143 3233 1198 ibi
3268 1143 3530 1210 detinuit,
3578 1146 3693 1200 sibi

2108 1233 2518 1289 communicare
2551 1234 2919 1304 permisisset,
2955 1233 3025 1298 si,
3059 1241 3123 1288 ut
3167 1233 3417 1290 haeretici
3465 1235 3690 1298 volunt,

2107 1321 2252 1378 hanc
2311 1323 2760 1394 praedicationem
2824 1323 3111 1382 catholicae
3159 1326 3286 1382 ﬁdei
3343 1327 3694 1383 contrariam

2103 1415 2400 1486 judicarct.
2427 1415 2531 1484 Qui
2565 1417 2730 1472 etiam
2761 1426 2824 1472 ut
2845 1433 2903 1474 se
2925 1433 2956 1472 a
2981 1418 3251 1489 pravitate
3279 1418 3487 1490 proprii
3520 1419 3694 1486 legati

2107 1505 2450 1577 purificaret,
2485 1509 2676 1564 multis
2703 1509 2920 1564 idoneis
2957 1509 3097 1564 viris
3145 1510 3536 1580 praasentibus,
3573 1511 3694 1564 Ro-

2110 1613 2334 1652 manum
2378 1599 2560 1654 virum
2597 1597 3056 1670 gloriosissimum
3088 1599 3414 1670 magistrum
3443 1599 3694 1654 militum

2111 1688 2441 1759 deprecatus
2465 1700 2568 1758 est,
2605 1698 2883 1762 quatenus
2909 1707 3006 1748 sua
3029 1691 3199 1748 verba
3230 1692 3482 1762 piissimo
3508 1693 3695 1761 impe-

2113 1781 2282 1836 ratori
2312 1781 2622 1838 insinuaret
2652 1799 2773 1854 quae
2797 1783 2954 1838 fuere
2984 1783 3304 1854 huiusmodi
3331 1801 3344 1836 :
3373 1783 3490 1841 Nisi
3528 1782 3697 1839 Chri-

2112 1879 2227 1926 tum
2255 1871 2456 1927 Filium
2489 1874 2609 1938 Dei,
2631 1875 2724 1944 qui
2755 1889 2856 1944 pro
2884 1874 3048 1933 nobis
3076 1889 3274 1944 passus
3289 1883 3375 1929 est
3406 1877 3461 1929 in
3496 1889 3692 1936 carne,

2111 1979 2284 2020 unum
2311 1981 2432 2020 esse
2455 1981 2524 2020 ex
2553 1975 2744 2025 sancta
2779 1975 2837 2022 et
2876 1966 3165 2021 individua
3213 1965 3490 2022 Trinitate
3519 1965 3696 2021 fuerit

2112 2053 2402 2109 confessus
2449 2054 2776 2122 Dioscorus,
2840 2055 3036 2125 pelago
3089 2041 3466 2121 demergatur.
3529 2051 3694 2108 Unde

2111 2147 2240 2217 quis
2271 2145 2432 2203 facile
2457 2147 2687 2203 credere
2709 2147 2909 2202 audeat
2953 2146 3098 2202 hanc
3145 2161 3176 2200 a
3217 2153 3523 2199 memorato
3567 2145 3696 2198 viro

2114 2240 2197 2310 (ut
2230 2254 2373 2308 saepe
2403 2239 2663 2309 diximus)
2696 2239 2964 2295 directam
3029 2237 3364 2308 Epistulam?
3392 2235 3508 2291 Nisi
3545 2235 3697 2291 forte

2114 2327 2284 2400 (quod
2314 2329 2382 2384 de
2409 2337 2562 2384 tanto
2598 2329 2846 2385 antistite
2869 2328 3096 2385 credere
3149 2328 3530 2398 importunum
3579 2328 3732 2397 est)-

2112 2433 2144 2474 a
2181 2429 2482 2476 memorato
2517 2421 2786 2476 Dioscoro
2840 2427 3032 2491 postea
3085 2419 3439 2490 depravatus,
3491 2427 3694 2472 contra

2113 2523 2267 2563 suam
2297 2509 2470 2578 ipsius
2507 2510 2841 2564 sententiam
2885 2510 3004 2564 haec
3041 2509 3328 2580 scripsisse
3377 2507 3696 2563 credendus

2111 2608 2217 2654 est.
2251 2601 2678 2666 Verumtamen,
2698 2599 2828 2654 sive
2856 2600 2924 2654 ab
2964 2600 3090 2666 hoc,
3125 2600 3289 2656 sivea
3309 2599 3558 2670 quolibet
3579 2597 3696 2652 alio

2113 2690 2229 2746 haec
2259 2690 2332 2745 sit
2352 2691 2554 2760 scripta
2583 2690 2848 2760 Epistula,
2908 2705 3018 2746 non
3042 2698 3127 2754 est
3150 2689 3379 2744 dubium
3407 2697 3694 2744 auctorem

2098 2785 2234 2855 ejus
2266 2797 2388 2838 esse
2412 2783 2758 2848 hzereticum,
2805 2783 2900 2852 qui
2936 2781 3354 2836 contentionem
3387 2780 3696 2836 verborum

2111 2885 2170 2931 et
2215 2875 2635 2932 subversionem
2701 2874 3077 2940 audientium,
3128 2873 3346 2943 judicat
3386 2873 3694 2930 Christum

2111 2967 2312 3021 Filium
2335 2966 2432 3021 Dei
2458 2965 2566 3021 vivi
2598 2981 2770 3020 unum
2797 2964 3042 3020 fateries
3061 2963 3357 3018 Trinitate.
3385 2963 3692 3032 Apostolus

2113 3060 2261 3114 enim
2287 3069 2510 3114 sanctus
2531 3058 2736 3113 Paulus
2766 3057 2878 3112 non
2901 3055 3176 3111 veridicae
3213 3055 3554 3134 assertione‘s
3595 3058 3688 3124 (ex

2115 3151 2318 3223 quibus
2355 3150 2598 3204 fidelium
2647 3150 2846 3204 animae
2875 3149 3242 3212 aedificantur,
3294 3157 3351 3204 et
3397 3148 3693 3206 haeretico-

2117 3258 2238 3297 rum
2289 3241 2532 3311 pravitas
2567 3239 2934 3305 confutatur),
2971 3239 3068 3296 sed
3121 3239 3313 3294 inanes
3352 3247 3410 3296 ct
3465 3238 3692 3296 veritati

2117 3333 2446 3398 contrarias,
2495 3331 2656 3388 docet
2709 3348 2830 3388 esse
2877 3333 3178 3388 verborum
3227 3330 3688 3398 contentionem,

2117 3425 2648 3495 subversionemque
2678 3424 3046 3479 audientium.
3097 3423 3364 3494 Alioquin
3403 3439 3693 3494 nunquam

2119 3531 2222 3570 nos
2250 3514 2536 3584 Scriptura
2583 3513 2769 3568 divina
2804 3515 3148 3580 admoneret,
3177 3513 3406 3569 dicens:
3456 3513 3535 3568 Ne
3562 3530 3695 3568 con-

2119 3608 2364 3678 fundaris
2392 3607 2534 3678 loqui
2561 3607 2773 3662 verbum
2800 3625 2894 3678 pro
2923 3609 3104 3661 anima
3150 3611 3264 3671 tua,
3305 3615 3355 3661 et
3405 3622 3502 3675 pro
3549 3609 3697 3662 veri-

2118 3707 2228 3754 tate
2246 3707 2390 3752 certa
2417 3715 2578 3769 usque
2613 3698 2682 3752 ad
2705 3707 2929 3752 mortem
2941 3697 3028 3762 "3;
3055 3713 3336 3766 nunquam
3357 3697 3524 3752 etiam
3544 3696 3698 3754 idem

2117 3788 2369 3858 gentium
2409 3787 2605 3842 doctor
2641 3788 3084 3843 contradicentes
3117 3787 3337 3842 Iudaeos
3361 3789 3476 3843 sive
3509 3788 3699 3858 genti-

2111 3881 2198 3936 ies
2243 3880 2528 3936 revincere
2552 3880 2840 3950 potuisset,
2881 3878 2988 3932 nisi
3026 3877 3272 3951 legitime
3333 3879 3697 3935 decertasser.

2115 3969 2258 4026 Hinc
2312 3971 2549 4041 denique
2584 4013 2598 4038 ,
2649 3971 2792 4025 inter
2859 3979 3096 4037 czetcra,
3149 3970 3244 4025 ubi
3302 3969 3372 4026 de
3422 3969 3702 4027 electione

2117 4065 2358 4133 episcOpi
2385 4063 2666 4134 pr0prium
2692 4065 2748 4118 in
2769 4063 2875 4118 fide
2900 4061 3066 4120 filium
3119 4063 3362 4128 instruit,
3411 4063 3695 4134 praecipit,

2118 4154 2309 4210 dicens
2329 4173 2341 4209 :
2365 4155 2691 4226 Amplectere
2709 4156 2949 4226 eum,qui
2965 4155 3249 4209 secundum
3272 4155 3568 4210 doctrinam
3593 4164 3698 4222 est,
3721 4159 3726 4164 ”

2117 4245 2326 4314 ﬁdelem
2349 4263 2664 4312 sermonem,
2696 4255 2752 4300 ut
2781 4257 2962 4318 potens
2985 4247 3062 4302 sis
3091 4248 3364 4300 exhortari
3380 4248 3434 4300 in
3451 4247 3703 4302 doctrina

2117 4355 2274 4403 sana,
2305 4351 2354 4394 et
2391 4341 2807 4398 contradicentes
2869 4343 3152 4396 revincere.
3197 4341 3501 4396 'Suntenim
3537 4339 3705 4396 multi

435 4446 536 4485 nes
567 4431 724 4500 quasi
747 4445 814 4484 ex
835 4411 1168 4484 auctoritate
1212 4425 1460 4496 ejusdem
1499 4426 1732 4480 Romani
1760 4425 2004 4497 episcopi
2044 4459 2092 4516 Ι)
2121 4433 2472 4488 inobedientes
2501 4474 2516 4499 ,
2581 4433 2890 4506 uaniloqui,
2955 4443 3005 4488 et
3056 4437 3358 4492 seductores
3383 4477 3397 4501 ,
3465 4439 3703 4492 maxime

429 4523 844 4594 prohibeantur
875 4520 1158 4575 Christum
1185 4519 1388 4574 Filium
1418 4518 1514 4572 Dei
1538 4533 1710 4572 unum
1755 4518 2011 4575 confiteri

419 4628 503 4668 Ὃκ
525 4613 818 4667 Trinitate.
846 4611 952 4667 Sed
977 4611 1105 4681 quis
1124 4612 1268 4666 hanc
1299 4610 1630 4666 sententiam
1683 4612 2012 4669 catholicam

427 4721 545 4760 non
570 4720 692 4760 esse
717 4719 886 4760 ausus
916 4712 1000 4759 est
1023 4704 1290 4774 profiteri,
1309 4719 1472 4774 quam
1497 4704 1752 4760 universa
1783 4722 2014 4762 venera-

423 4803 529 4849 tur
569 4802 623 4847 et
672 4793 1028 4862 amplectitur
1078 4794 1175 4848 Dei
1211 4793 1498 4862 Ecclesia;
1552 4795 1895 4850 confidenter
1925 4805 2012 4850 et-

423 4885 584 4941 enim
635 4885 822 4939 dicere
875 4884 1076 4950 audeo,
1112 4900 1220 4939 non
1283 4887 1428 4956 quod
1464 4887 1510 4942 si
1546 4903 1650 4958 per
1692 4888 2007 4956 epistolam,

423 4977 530 5030 sed
557 4976 703 5046 quod
733 4975 776 5030 si
796 4975 920 5030 viva
947 4991 1084 5031 voce
1109 4977 1198 5032 hic
1227 4977 1281 5032 in
1325 4979 1578 5047 praesenti
1611 4979 1822 5048 positus
1866 4979 2010 5033 idem

425 5067 604 5126 Rom.
633 5066 951 5136 prohiberet
1003 5067 1296 5138 episcopus
1325 5067 1612 5124 Christum
1671 5068 1870 5124 Filium
1903 5068 2002 5125 Dei

433 5172 609 5212 unum
645 5157 892 5211 confiteri
945 5173 1011 5212 ex
1057 5171 1244 5214 sancta
1293 5167 1348 5213 et
1379 5159 1667 5214 individua
1691 5160 2004 5224 Trinitate,

433 5263 717 5317 nunquam
752 5247 932 5303 eidem
977 5250 1075 5304 Dei
1109 5250 1348 5305 Ecclesia
1417 5251 1837 5320 acquiesceret;
1872 5269 2017 5307 nun-

431 5353 600 5406 quam
627 5337 1029 5410 utepiscopum
1063 5341 1398 5396 catholicum
1457 5353 1819 5396 veneraretur
1847 5385 1860 5409 ,
1915 5343 2012 5398 sed

433 5431 662 5484 omnino
698 5439 759 5484 ut
789 5430 1111 5486 hzereticum
1144 5433 1367 5502 penitus
1427 5443 1834 5488 exsecraretur.
1871 5433 2012 5500 Quia

431 5521 689 5591 quisquis
715 5522 821 5577 hoc
869 5540 981 5579 non
1009 5523 1331 5592 confitetur,
1352 5541 1464 5580 non
1495 5527 1833 5581 estdubium
1865 5525 2015 5594 quod

514 5695 559 5726 ”
586 5695 631 5752 ll
660 5695 803 5752 Tim.
834 5713 892 5765 ιι,
920 5700 1006 5754 id.
1079 5700 1126 5732 “
1157 5699 1327 5756 Eecli.
1365 5715 1439 5765 Iv,
1461 5699 1550 5755 35.
1629 5700 1674 5732 ³⁵
1703 5697 1816 5754 Tit.
1849 5714 1892 5764 ι,
1917 5698 2079 5754 9-H.

2121 4527 2210 4593 qui
2264 4523 2327 4576 de
2364 4524 2756 4578 circumcisione
2791 4533 2953 4590 sunt,
2997 4542 3127 4594 quos
3173 4534 3378 4596 oportet
3419 4523 3728 4598 redargui,'

2117 4617 2210 4686 qui
2279 4617 2553 4671 universas
2623 4616 2805 4672 domos
2873 4617 3220 4684 subverlunt,
3269 4619 3523 4672 docentes

2119 4724 2222 4762 non
2248 4717 2472 4778 oportet,
2509 4711 2676 4780 turpis
2703 4709 2836 4763 lucri
2854 4710 3029 4780 gratia
3045 4711 3114 4763 ⁸³.
3145 4709 3436 4776 Quocirca,
3456 4725 3564 4764 non
3591 4700 3730 4764 mi?

2116 4817 2240 4855 rum
2294 4801 2337 4856 si
2361 4801 2633 4857 catholica
2663 4803 2870 4858 sanitas
2903 4803 3103 4857 vulnus
3124 4803 3192 4858 ab
3229 4802 3506 4859 haereticis
3544 4783 3726 4858 testi-i

2122 4900 2322 4955 metur,
2346 4893 2489 4946 sicut
2516 4899 2573 4946 et
2609 4891 2678 4946 ab
2737 4891 2844 4948 hoc
2893 4892 2989 4963 qui
3054 4892 3298 4946 studium
3337 4891 3698 4950 medicabilis

2120 4980 2399 5051 patienti-.e
2457 4981 2838 5037 moderatione
2887 4982 3206 5038 adhibuisse
3255 4999 3313 5038 se
3344 4985 3536 5055 jactut,
3570 4999 3702 5054 quo

2119 5071 2448 5143 Scytharum
2472 5073 2770 5128 monachos
2790 5090 2818 5128 a
2839 5073 3064 5144 proprio
3092 5083 3314 5129 sanaret
3329 5075 3586 5129 vulnere.

2187 5164 2344 5221 Unde
2373 5167 2658 5236 sequitur:
2693 5184 2712 5218 ς
2741 5166 2846 5222 Sed
2873 5167 3113 5236 quando,
3149 5167 3347 5237 inquit,
3371 5167 3526 5222 virus
3547 5167 3702 5238 quod

2115 5254 2331 5309 viscera
2380 5255 2714 5325 penetravit,
2741 5257 3036 5311 evellitur?
3072 5257 3295 5328 quando
3327 5256 3496 5312 corda
3551 5257 3700 5311 male

2115 5345 2222 5400 sibi
2280 5345 2550 5409 credula,
2607 5345 2861 5402 veritatis
2923 5347 3312 5418 obtemperant
3378 5346 3701 5402 institutis?

2115 5435 2338 5505 quando
2364 5435 2546 5490 induit
2565 5435 2898 5492 obedientiua
2938 5437 3306 5492 humilitatem
3334 5437 3699 5508 opinionibus

2119 5525 2234 5580 suis
2279 5525 2481 5580 vallata
2516 5525 2816 5595 superbia?
2857 5523 3098 5596 quando
3130 5527 3494 5596 acquiescunt
3535 5525 3695 5596 paci,

3711 5065 3727 5090 ι

3982 1251 3984 1352 l

3981 1635 3984 1722 ἱ

3981 2003 3984 2086 1

3981 2581 3984 2760 ἰ

3981 2807 3984 3026 ς
