3984 6296
580 284 637 307 k3
650 284 775 305 ιε’-’ςτν

208 350 301 420 iiii

1094 348 1194 411 ‘AD
1230 348 1656 409 EPISTOLAM
1696 346 2115 409 IIORMISDE
2149 348 2591 414 RESPONSIO.

3371 356 3470 425 lii!

208 450 630 529 contentionum
692 460 938 520 stimulis
999 462 1240 526 assueti,
1303 462 1420 516 sola
1483 458 1786 515 certamina
1820 464 1865 521 Α
1892 461 1987 518 hic
2014 462 2276 521 Christus
2323 484 2468 523 unus
2503 471 2577 524 sit
2608 485 2676 524 ex
2714 471 3012 539 Trinitate,
3066 472 3162 530 sed
3207 475 3340 546 quia
3372 478 3470 538 Dei

220 571 439 620 aventes
455 561 524 617 de
541 558 815 631 religione
829 562 1146 626 captare,et
1169 554 1425 609 mandata
1448 551 1790 623 negligere?»

222 663 331 717 Non
358 666 445 715 est
477 656 715 712 dubium
739 652 1015 709 catholica
1053 650 1333 722 dogmata,
1361 650 1508 705 sicut
1540 648 1797 703 ﬁdelibus

220 749 518 813 salutifera,
556 748 634 802 ita
665 759 788 801 esse
814 742 1102 798 mortifera
1151 741 1496 797 inﬁdelibus.
1524 740 1670 795 Hine
1691 737 1792 792 de-

226 843 383 912 nique
406 841 605 895 beatus
635 837 933 908 Apostolus
966 834 1301 904 quihusdam
1325 834 1551 889 odorem
1582 846 1640 886 se
1666 830 1799 887 dicit

221 948 335 989 esse
371 933 498 986 vita:
530 930 800 993 invitam,
838 927 1173 998 quibusdam
1211 941 1350 981 vero
1380 925 1611 980 odorem
1643 939 1797 978 mor-

224 1026 290 1080 tis
315 1025 373 1078 in
406 1031 643 1077 mortem
664 1021 734 1072 ¹¹⁶.
763 1019 843 1074 Ex
868 1017 1075 1089 quibus
1096 1032 1239 1071 unus
1282 1017 1385 1071 iste
1411 1030 1533 1071 esse
1570 1014 1798 1070 omnino

220 1112 568 1169 convincitur
591 1108 684 1179 qui
717 1116 965 1163 sanctam
991 1113 1047 1161 et
1082 1104 1310 1160 veritati
1363 1102 1790 1159 convenientem

228 1207 572 1279 Scytharum,
606 1203 720 1256 imo
777 1200 1049 1254 universae
1076 1196 1354 1261 Ecclesiae,
1396 1193 1799 1267 professionem

227 1301 379 1353 virus
427 1295 650 1350 noxium
709 1291 1043 1347 arbitratur.
1095 1287 1209 1343 Nec
1275 1285 1590 1350 immerito;
1648 1283 1801 1339 videt

226 1402 460 1457 namque
506 1382 746 1456 propriae
808 1378 1062 1451 perﬁdia:
1111 1378 1256 1433 hanc
1292 1393 1417 1433 esse
1466 1376 1800 1431 sententiam

231 1484 342 1538 sine
371 1480 542 1536 dubio
572 1475 1028 1548 peremptoriam,
1062 1488 1184 1543 quae
1209 1472 1432 1527 illorum
1465 1471 1797 1535 visceribus,

230 1589 363 1644 quos
379 1571 567 1627 divina
581 1567 823 1625 custodit
845 1566 1038 1636 gratia.
1065 1565 1191 1620 ideo
1213 1578 1495 1633 nunquam
1517 1562 1800 1626 evellitur,

232 1664 520 1734 quia-ejus
546 1660 735 1716 vitalis
759 1657 1056 1713 suavitudo
1114 1656 1293 1713 nutrit
1337 1666 1393 1710 et
1437 1654 1587 1709 fovet
1636 1652 1803 1708 corda

234 1755 497 1810 ﬁdelium.
531 1753 633 1808 Hic
658 1759 843 1806 autem
876 1748 1090 1805 idcirco
1116 1749 1437 1803 nullatenus
1480 1745 1648 1816 hujus
1678 1761 1803 1815 gra-

232 1845 665 1903 tiresuavitudini
689 1841 1021 1912 acquiescit,
1040 1842 1192 1912 quia,
1220 1847 1364 1894 srcut
1386 1839 1502 1908 ipse
1522 1838 1626 1903 ait,
1657 1852 1803 1891 nun-

223 1956 392 2010 quam
410 1938 549 1992 male
573 1935 679 1992 sibi
697 1934 921 1989 credula
948 1933 1117 1988 corda
1140 1931 1388 1987 veritatis
1419 1929 1803 1998 obtemperant

227 2030 522 2095 institutis,
540 2034 824 2098 nunquam
852 2025 1034 2080 induit
1067 2023 1401 2079 obedientiaa
1431 2020 1805 2076 humilitatem

229 2121 592 2191 opinionibus
607 2119 723 2174 suis
744 2118 943 2172 vallata
970 2113 1419 2187 superbia.Unde
1449 2127 1559 2166 non
1578 2113 1689 2183 jam
1725 2109 1804 2163 illi

225 2212 331 2283 qui
345 2211 656 2267 hmreticam
682 2224 868 2279 pacem
887 2208 1189 2280 refugiunt,
1210 2207 1307 2262 sed
1332 2206 1436 2260 iste
1468 2205 1655 2277 potius
1671 2218 1805 2257 con-

228 2303 543 2357 tentionum
568 2302 804 2357 stimulis
842 2308 1098 2356 assuetus
1114 2299 1346 2369 penitus
1378 2295 1797 2366 comprobatur,

234 2392 327 2462 qui
347 2392 557 2447 veritati
584 2393 747 2463 impie
769 2392 1055 2455 resistens,
1078 2405 1107 2445 a
1138 2389 1411 2445 catholica
1436 2402 1570 2458 pace
1585 2386 1805 2440 dissen-

232 2481 316 2536 tit.
352 2481 465 2536 Nec
523 2481 783 2536 mandata
808 2480 1018 2537 Christi
1050 2480 1361 2552 negligunt,
1417 2478 1565 2532 sicut
1615 2475 1807 2544 inique

232 2573 571 2643 obloquitur,
597 2572 695 2628 sed
717 2572 945 2627 omnino
969 2572 1309 2633 custodiunt,
1372 2570 1467 2640 qui
1507 2584 1620 2623 non
1648 2567 1806 2631 falsa,

226 2664 325 2719 sed
391 2680 524 2720 vera
584 2674 850 2719 exercent
875 2678 980 2734 pro
1015 2661 1290 2718 catholica
1327 2661 1598 2731 religione
1632 2670 1812 2714 certa-

235 2756 411 2821 mina,
440 2755 633 2814 Adhuc
656 2755 771 2809 odii
807 2756 894 2809 sui
928 2770 1146 2810 veneno
1190 2754 1449 2808 turbatus
1471 2790 1486 2815 ,
1528 2764 1807 2819 nunquam

226 2848 444 2903 charita
454 2857 563 2902 tem
580 2863 726 2902 novo
746 2855 1023 2917 praecepto
1040 2845 1505 2909 commendatam,
1524 2858 1808 2912 nunquam

232 2955 421 3008 pacem
446 2939 737 2993 Dominico
768 2939 1017 2993 discessu
1050 2938 1299 2992 relictam
1326 2936 1468 3006 apud
1484 2935 1813 3005 Scytharum

233 3031 537 3085 monachos
586 3045 733 3096 esse,
778 3030 1177 3099 conqueritur:
1210 3028 1344 3098 quia
1394 3042 1491 3081 eos
1546 3024 1813 3095 prospicit

1897 553 2063 608 Verbi
2092 553 2150 609 in
2194 571 2253 611 se
2281 556 2589 614 habitantis
2622 575 2915 630 personam
2958 562 3187 632 habeat,
3234 580 3361 636 qum
3385 579 3473 627 est

1898 658 2008 696 una
2042 659 2111 698 ex
2140 644 2435 713 Trinitate,
2466 656 2527 704 ut
2550 650 2663 720 jam
2698 650 2781 707 sic
2815 652 3062 711 vicarius
3110 656 3474 726 quodammo-

1899 732 1972 789 do
2007 735 2122 790 sive
2153 736 2410 794 minister
2454 739 2527 794 sit
2551 741 2650 796 Dei
2675 741 2843 798 Verhl
2892 744 3172 815 Christus,
3226 763 3342 805 non
3373 765 3475 805 au-

1900 834 2010 881 tem
2045 828 2164 899 ipse
2203 830 2352 885 Deus
2387 832 2632 888 Verbum
2668 834 2741 891 sit
2788 835 3078 893 Christus:
3108 841 3259 911 quod
3304 857 3473 911 quam

1900 918 1975 973 sit
2004 919 2259 991 impium,
2309 924 2477 980 etiam
2532 926 2640 996 ipsi
2690 927 2788 998 qui
2833 929 2945 986 hoc
2989 943 3270 1001 asserunt,
3303 934 3474 990 credo

1899 1009 2375 1070 animadvertunt.
2409 1016 2523 1072 liae
2547 1018 2793 1091 denique
2823 1021 3129 1081 calliditate
3152 1041 3320 1080 unam
3350 1027 3477 1096 qui-

1900 1102 2026 1157 dem
2065 1120 2361 1175 personam
2408 1109 2694 1168 Christum
2756 1114 3004 1172 fatentur
3047 1132 3115 1172 ex
3142 1172 3148 1179 ,
3175 1117 3473 1185 Trinitate.

1900 1206 2075 1245 unum
2098 1202 2285 1249 autem
2319 1211 2387 1250 ex
2412 1197 2685 1255 Trinitate
2713 1216 2841 1257 eum
2866 1204 3068 1260 nolunt
3095 1205 3321 1275 penitus
3339 1221 3476 1262 con-

1903 1281 2071 1337 ﬁteri.
2102 1284 2207 1351 Qui
2246 1295 2433 1342 autem
2467 1306 2579 1346 non
2613 1292 2712 1347 Dei
2759 1294 2930 1351 Verbi
2972 1312 3270 1373 personam
3312 1298 3478 1354 Chria

1900 1382 2047 1429 stum
2088 1376 2292 1433 habere
2325 1379 2590 1449 fatentur,
2638 1385 2737 1440 sed
2799 1387 2984 1459 ipsum
3010 1389 3184 1446 Deum
3226 1391 3474 1447 Verbum

1901 1464 2184 1523 Christum
2212 1470 2451 1528 credunt
2475 1482 2532 1529 et
2561 1477 2922 1549 conﬁtentur,
2964 1482 3112 1536 sicut
3147 1499 3312 1539 unam
3342 1501 3479 1555 per-

1903 1569 2094 1609 sonam
2142 1556 2531 1627 ex'l‘rinitate,
2562 1564 2638 1618 ita
2666 1573 2722 1620 et
2741 1582 2909 1621 unum
2944 1584 3012 1623 ex
3036 1567 3309 1627 Trinitate
3334 1587 3480 1642 prae-

1904 1646 2094 1702 dicant
2112 1648 2417 1707 Christum.
2448 1653 2589 1721 Quia
2641 1656 2687 1711 si
2719 1656 2868 1715 Deus
2894 1660 3139 1717 Verbum
3179 1672 3270 1718 est
3321 1663 3483 1719 Chri-

1905 1745 2046 1803 stus,
2085 1748 2141 1794 et
2189 1740 2446 1799 Christus
2503 1746 2649 1803 Deus
2690 1750 2957 1817 Verbum,
3000 1755 3149 1809 sicut
3206 1756 3484 1814 catholica

1906 1830 2085 1884 credit
2107 1832 2341 1900 sanitas,
2367 1838 2649 1904 quomodo
2675 1857 2790 1895 non
2819 1851 2905 1897 est
2949 1841 3208 1899 Christus
3242 1863 3390 1902 unus
3412 1863 3482 1903 ex

1906 1921 2202 1990 Trinitate,
2250 1926 2295 1980 si
2348 1943 2457 1982 una
2516 1946 2752 1999 persona
2814 1944 2899 1990 est
2928 1936 3073 1992 Deus
3122 1938 3367 1994 Verbum
3413 1956 3482 1996 ex

1907 2011 2224 2070 Trinitate?
2252 2016 2368 2072 Nisi
2394 2019 2539 2075 forte
2569 2021 2742 2079 Deum
2779 2025 3023 2082 Verbum
3057 2028 3174 2085 sive
3196 2029 3483 2086 Christum

1906 2102 2120 2173 aliquid
2173 2116 2374 2174 prteter
2427 2113 2704 2167 naturalis
2757 2129 3012 2183 persona:
3050 2128 3308 2174 asserunt
3357 2136 3483 2176 esse

1904 2193 2262 2260 vocabulum,
2294 2196 2443 2264 quod
2463 2198 2632 2253 credo
2669 2201 2859 2255 nullus
2892 2218 3137 2273 unquam
3176 2221 3346 2261 ausus
3376 2207 3486 2274 fuit

1904 2279 2297 2336 haereticorum
2357 2284 2566 2341 dicere.
2637 2286 2693 2342 Si
2754 2298 2941 2344 autem
3007 2293 3179 2348 Deum
3237 2295 3483 2351 Verbum

1905 2372 2024 2429 sive
2048 2373 2332 2430 Christum
2359 2394 2470 2432 non
2493 2377 2641 2434 aliud
2673 2380 2904 2451 aliquid,
2937 2383 3034 2439 sed
3063 2387 3337 2443 naturalis
3356 2388 3486 2459 per-

1906 2478 2056 2519 sena:
2106 2467 2445 2523 vocabulum
2487 2485 2609 2526 esse
2658 2471 2999 2545 intelligunt,
3035 2479 3318 2546 quomodo
3367 2496 3485 2535 non

1906 2554 2268 2612 estChristus
2328 2575 2473 2615 unus
2500 2576 2568 2615 ex
2612 2562 2905 2630 Trinitate,
2957 2568 3003 2621 si
3046 2582 3154 2622 una
3209 2570 3486 2626 naturalis

1906 2662 2143 2717 persona
2197 2658 2283 2705 est
2334 2651 2483 2706 idem
2530 2651 2787 2710 Christus
2828 2673 2898 2711 ex
2934 2657 3376 2716 Trinitate?Sed
3424 2660 3486 2717 in

1908 2740 1997 2794 his
2036 2742 2285 2798 tenebris
2346 2744 2472 2800 ideo
2527 2746 2923 2817 devolvuntur,
2985 2753 3115 2821 quia
3170 2768 3285 2808 non
3331 2754 3485 2824 iuxta

1908 2834 2283 2902 compositum
2313 2837 2487 2891 Deum
2521 2840 2788 2907 Verbum,
2839 2836 2897 2897 et
2946 2844 3016 2899 ab
3049 2859 3115 2899 eo
3169 2854 3483 2915 susceptam

1910 2935 2161 2980 naturam
2176 2927 2498 2995 humanam,
2516 2947 2687 2986 unum
2715 2934 3039 3005 intelligunt
3056 2936 3365 3002 Christum,
3387 2935 3488 2991 sed

1906 3021 2061 3091 juxta
2077 3020 2305 3076 alterius
2332 3023 2387 3077 in
2405 3024 2580 3078 altero
2598 3024 3025 3093 habitationem,
3048 3027 3196 3082 sicut
3225 3028 3491 3098 superius

230 3138 333 3194 pro
359 3123 477 3177 zelo
498 3122 791 3177 catholicae
808 3120 932 3176 ﬁdei
961 3137 1073 3175 non
1100 3119 1367 3184 ﬁdelium,
1389 3119 1485 3175 sed
1503 3118 1808 3173 inﬁdelium
1837 3140 1885 3202 ρ
1912 3110 2224 3179 ᾶοειιίῐηιιε,
2255 3113 2370 3168 sive
2411 3116 2715 3170 secundum
2738 3116 2972 3173 duarum
3000 3112 3369 3188 personarum
3395 3134 3488 3176 so.

229 3215 530 3285 vigilanter
583 3229 687 3283 per
739 3213 835 3268 Dei
895 3212 1126 3283 gratiam
1174 3211 1457 3267 declinare
1507 3211 1808 3266 consortia.

228 3305 469 3360 Eosdem
499 3319 616 3359 una
647 3303 955 3376 pertinacis
987 3303 1261 3374 propositi
1302 3318 1434 3357 cura
1477 3302 1699 3357 deditos
1722 3319 1810 3357 ra-

228 3397 368 3452 tioni
400 3398 554 3451 velle
601 3396 902 3465 imperare,
934 3410 1044 3449 non
1096 3395 1302 3450 cedere
1339 3394 1696 3465 impudenter
1718 3410 1813 3450 ac-

220 3499 406 3554 cusat,
439 3501 581 3544 eum
614 3502 714 3542 eos
764 3487 974 3543 veritas
998 3487 1114 3542 suis
1143 3487 1369 3558 penitus
1412 3487 1683 3559 approbat
1722 3503 1811 3542 ra-

226 3579 480 3636 tionibus
510 3580 825 3650 subjectos.
860 3578 943 3632 An
976 3578 1123 3633 forte
1171 3579 1298 3634 illos
1350 3578 1557 3634 rationi
1589 3578 1810 3642 cedere,

225 3687 339 3727 non
370 3674 660 3743 imperare
692 3671 932 3739 judicat,
967 3670 1064 3740 qui
1099 3669 1384 3726 Christum
1414 3684 1583 3723 unam
1615 3682 1811 3739 persoo

222 3777 350 3817 nam
405 3762 650 3832 quidem
694 3776 761 3815 ex
813 3758 1111 3825 Trinitate,
1147 3774 1258 3814 non
1311 3767 1498 3814 autem
1533 3774 1704 3813 unum
1747 3773 1812 3813 ex

222 3851 500 3908 Trinitate
567 3865 693 3906 esse
726 3849 1010 3904 fatentur?
1058 3848 1167 3903 Sed
1226 3849 1285 3903 hi
1345 3848 1439 3918 qui
1472 3848 1580 3903 hoc
1619 3847 1815 3903 dicunt

221 3942 413 4011 potius
435 3939 657 3997 rationi
685 3938 829 3993 velle
844 3937 1148 4006 imperare,
1175 3952 1289 3991 non
1312 3937 1568 4003 credere,
1590 3936 1815 4006 penitus

226 4028 678 4089 convincuntur.
717 4029 857 4097 Quis
873 4030 1023 4085 enim
1056 4039 1168 4084 tam
1197 4030 1404 4084 stultus
1431 4037 1488 4084 et
1518 4043 1717 4083 vecors
1743 4027 1815 4082 sit

224 4124 321 4193 qui
347 4124 545 4180 dicere
577 4122 809 4186 audeat,
828 4120 1064 4175 Paulum
1093 4135 1162 4175 ex
1190 4120 1461 4190 apostolis
1492 4134 1659 4174 unam
1691 4134 1814 4174 esse

226 4219 551 4282 personam,
568 4227 688 4267 non
714 4218 904 4265 autem
936 4225 1111 4264 unum
1136 4225 1258 4265 esse
1285 4225 1353 4265 ex
1379 4210 1646 4280 apostolis
1670 4210 1814 4264 Pau-

222 4304 377 4360 lum?
428 4305 573 4363 Loci
605 4306 1003 4373 opportunitas
1030 4305 1204 4374 exigit
1242 4311 1303 4359 ut
1341 4303 1760 4357 demonstretur
1781 4318 1813 4357 a

223 4394 387 4450 nobis
437 4394 696 4466 qualiter
727 4403 785 4449 et
821 4410 923 4451 cur
980 4394 1260 4461 haeretici,
1319 4407 1385 4448 ex
1416 4393 1624 4463 quibus
1660 4408 1813 4448 unus

1913 3202 2110 3258 cialem
2171 3204 2485 3259 unitioncm
2545 3222 2645 3277 per
2689 3209 2920 3278 gratiam
2973 3225 3141 3264 unam
3193 3225 3491 3280 personam

1916 3294 2254 3365 intelligunt;
2274 3297 2580 3351 seCundum
2605 3296 2740 3352 illud
2769 3299 2917 3369 quod
2940 3301 2996 3354 in
3013 3299 3247 3356 Actibus
3269 3309 3491 3371 aposto-

1914 3388 2093 3442 lorum
2113 3399 2339 3459 propter
2358 3391 2692 3447 concordem
2708 3392 3050 3448 voluntatem
3064 3392 3490 3464 legitur‘multo-

1917 3495 2039 3533 rum
2053 3480 2453 3551 discipulorum
2468 3500 2640 3537 unum
2656 3499 2778 3540 esse
2789 3501 2887 3540 cor
2910 3493 2966 3541 et
2981 3501 3146 3539 unam
3160 3485 3403 3541 animam
3419 3483 3490 3540 ".

1988 3571 2094 3627 Sed
2122 3572 2233 3642 jam
2257 3574 2404 3642 quod
2423 3575 2698 3645 sequitur,
2727 3576 3038 3632 videamus.
3070 3595 3091 3628 ι
3130 3575 3493 3647 Contempto-

1916 3676 2025 3729 res,
2050 3665 2147 3729 ait,
2207 3664 2595 3722 auctoritatum
2650 3674 2924 3731 veterum,
2962 3682 3229 3722 novarum
3299 3667 3492 3737 cupidi

1916 3755 2306 3827 quaestionum,
2333 3757 2503 3812 solam
2530 3766 2789 3828 putantes
2820 3758 3066 3814 scientiae
3090 3766 3297 3814 rectam
3320 3757 3489 3826 viam,

1917 3846 2167 3916 qualibet
2192 3854 2506 3918 susceptam
2540 3846 2805 3903 facilitate
2834 3849 3280 3905 sententiamJO
3304 3849 3492 3920 impu-

1918 3935 2059 3991 dens
2088 3944 2144 3991 et
2189 3938 2359 3992 stulta
2410 3938 2803 3993 haereticorum
2858 3940 3165 4006 temeritas,
3211 3956 3335 4011 quae
3384 3939 3491 3995 sub

1918 4029 2103 4097 specie
2124 4028 2346 4098 pietatis
2368 4030 2712 4100 impietatem
2747 4040 2984 4086 conatur
3023 4040 3276 4087 astruere
3319 4034 3332 4086 ἰ
3368 4033 3491 4088 Non

1917 4120 2064 4175 enim
2087 4129 2375 4189 putant,ut
2401 4121 2502 4185 ais,
2528 4136 2561 4173 o
2592 4121 2780 4177 infelix
2826 4122 3056 4191 perﬁdia
3086 4125 3099 4176 l
3127 4122 3223 4177 sed
3255 4123 3486 4178 omnino

1917 4222 2124 4268 rectam
2151 4212 2386 4268 credunt
2407 4228 2531 4268 esse
2554 4215 2842 4268 sententiae
2865 4214 3032 4277 viam,
3059 4213 3156 4283 qui
3206 4213 3491 4269 Christum

1918 4303 2092 4360 Deum
2123 4303 2388 4370 Verbum,
2423 4313 2479 4359 et
2527 4304 2599 4360 ob
2628 4305 2736 4360 hoc
2767 4321 2937 4360 unum
2969 4304 3219 4360 fatentur
3248 4321 3317 4360 ex
3369 4305 3491 4360 Tri-

1917 4397 2115 4451 nitate.
2146 4394 2260 4451 Nec
2318 4403 2758 4467 contemptores,
2784 4396 2880 4452 sed
2907 4396 3096 4467 potius
3129 4404 3493 4452 veneratores

222 4483 556 4553 Dioscorus,
587 4498 763 4540 unam
789 4500 1084 4555 personam
1121 4484 1409 4542 Christum
1444 4483 1814 4554 praedicantes
1844 4479 1890 4535 D
1917 4487 2313 4541 auctoritatum
2378 4495 2630 4542 veterum
2702 4488 3140 4558 comprobantur
3200 4489 3297 4558 qui
3350 4487 3492 4542 hanc

221 4591 286 4630 ex
316 4577 635 4643 Trinitate,
674 4593 847 4632 unum
878 4594 948 4634 ex
965 4577 1241 4632 Trinitate
1255 4576 1540 4633 Christum
1558 4575 1818 4631 conﬁteri

221 4668 546 4727 nullatenus
576 4669 969 4739 acquiescant.
991 4670 1291 4725 Personam
1318 4670 1489 4740 igitur
1515 4670 1615 4725 Dei
1645 4668 1815 4725 Verbi

223 4758 429 4818 habere
456 4771 740 4818 asserunt
786 4761 1099 4828 Christum,
1139 4776 1254 4816 non
1297 4772 1482 4817 autem
1517 4762 1667 4832 quod
1700 4762 1818 4831 ipse

224 4850 367 4908 Deus
397 4854 663 4911 Verbum
701 4852 776 4908 sit
823 4853 1104 4918 Christus,
1168 4855 1316 4910 sicut
1364 4869 1667 4925 personam
1718 4854 1817 4909 Dei

222 4941 523 4999 videbatur
573 4944 792 4999 habere
815 4943 976 5015 542
1010 4946 1317 5016 propheta,
1370 4947 1468 5016 qui
1505 4945 1728 5001 dicebat
1749 4946 1817 5001 ad

224 5028 487 5089 lsraelem
511 5053 525 5088 :
552 5033 727 5097 Audi,
758 5033 988 5105 papulas
1020 5051 1188 5099 meus,
1222 5044 1272 5088 et
1293 5035 1508 5107 loquar,
1538 5035 1747 5102 Israel;
1771 5045 1822 5090 et

226 5124 552 5192 testificabor
614 5125 714 5180 tibi
743 5139 761 5176 :
795 5125 937 5180 Deus
965 5125 1103 5182 Deus
1153 5136 1274 5182 tuus
1319 5145 1439 5182 sum
1463 5144 1555 5199 ego
1586 5129 1656 5194 ⁸⁷,
1694 5144 1822 5183 cum

225 5228 407 5276 tamen
458 5236 581 5298 nqn
606 5228 765 5275 esset
804 5220 922 5290 ipse
950 5222 1121 5286 Deus,
1162 5222 1258 5277 sed
1292 5222 1384 5276 ille
1413 5222 1508 5291 qui
1536 5222 1655 5277 hazc
1681 5237 1817 5277 con-

224 5311 543 5367 testabatur
574 5310 755 5366 lsrael
789 5326 889 5379 per
933 5328 1085 5376 eum,
1128 5322 1185 5368 et
1242 5322 1449 5377 tamen,
1486 5314 1643 5382 quasi
1698 5315 1818 5383 ipse

222 5412 370 5459 esset
396 5404 555 5460 Deus
598 5402 865 5458 dicebat:
907 5403 1050 5458 Deus
1079 5406 1219 5458 Deus
1263 5415 1384 5459 tuus
1411 5422 1530 5459 sum
1569 5421 1682 5476 ego.
1723 5405 1821 5460 Se-

223 5496 469 5551 cundum
497 5497 669 5550 hunc
695 5510 827 5566 ergo
849 5497 1077 5552 modum
1102 5497 1390 5552 Christum
1424 5513 1590 5553 unam
1624 5513 1818 5568 perso-

224 5597 347 5640 nam
377 5593 661 5641 asserunt
681 5583 932 5641 haeretici
966 5602 1091 5642 esse
1118 5603 1185 5641 ex
1205 5587 1504 5651 Trinitate,
1536 5602 1645 5642 non
1670 5587 1819 5657 quod

291 5763 337 5795 ²⁶
364 5762 409 5818 ll
436 5761 577 5822 Cor.
610 5778 673 5829 ιι,
714 5760 798 5816 16.
874 5763 916 5794 ³⁷
945 5763 1090 5818 Psal.
1111 5779 1253 5830 xux,
1277 5764 1328 5817 7.
1407 5764 1452 5795 ³⁸
1471 5764 1591 5819 Act.
1620 5779 1693 5829 IV,
1730 5764 1819 5818 59..

1916 4582 2166 4631 sanctam
2194 4584 2251 4631 et
2274 4577 2446 4632 totius
2485 4577 2753 4633 Ecclesiae
2773 4579 3132 4644 sententiam,
3182 4593 3313 4645 non,
3346 4579 3494 4634 sicut

1920 4671 1987 4726 tu’
2024 4678 2231 4725 temere
2261 4670 2526 4736 insultas,
2549 4672 2798 4741 qualibet
2841 4671 3107 4728 facilitate
3155 4678 3490 4741 susceptam,

1916 4763 2013 4818 sed
2056 4764 2212 4834 juxta
2266 4764 2587 4818 divinorum
2637 4764 3004 4835 Eloquiorum
3063 4774 3120 4820 et
3171 4773 3491 4820 sanctorum

1918 4854 2145 4909 Patrum
2197 4854 2554 4911 traditionem
2593 4854 2837 4911 ﬁdeliter
2866 4857 3231 4912 conﬁtentur.
3263 4856 3334 4912 Et
3364 4855 3493 4910 ideo

1921 4961 2033 5001 non
2056 4946 2156 5011 illi,
2187 4946 2287 5001 sed
2316 4954 2372 5001 tu
2425 4947 2613 5017 potius
2638 4962 2910 5002 novarum
2945 4948 3187 5018 cupidus
3228 4947 3492 5018 quaestio-

1921 5055 2057 5093 num
2103 5038 2398 5109 detcgcris,
2453 5039 2549 5108 qui
2598 5039 2773 5095 Deum
2804 5038 3087 5094 Christum
3149 5048 3406 5110 quartum
3439 5045 3498 5092 et

1922 5129 2163 5184 alienum
2200 5145 2230 5183 a
2268 5137 2457 5185 sancta
2517 5138 2574 5185 et
2633 5129 2921 5186 individua
2959 5129 3233 5186 Trinitate
3274 5127 3496 5184 conaris

1922 5237 2192 5286 asserere,
2231 5220 2378 5291 quod
2416 5222 2603 5277 nullus
2632 5240 2898 5294 unquam,
2930 5233 3131 5293 praeter
3175 5218 3495 5276 Nestorium

1921 5313 2216 5382 sociosque
2245 5316 2384 5383 ejus,
2425 5314 2731 5385 praedicare
2768 5315 2824 5368 in
2876 5313 3125 5368 Ecclesia
3177 5314 3495 5379 usurpavit,

1922 5420 2086 5473 quem
2119 5404 2247 5458 talia
2285 5404 2761 5475 blasphemantem
2822 5418 2853 5457 a
2947 5402 3193 5457 ﬁdelium
3238 5414 3494 5465 numero,

1921 5511 2034 5550 non
2061 5496 2363 5560 immerito,
2393 5504 2714 5551 sanctorum
2738 5497 2968 5551 Patrum
3025 5492 3262 5547 exclusit
3291 5498 3349 5546 et
3392 5490 3496 5547 ab-

1915 5588 2052 5659 jccit
2099 5587 2424 5643 auctoritas.
2467 5589 2779 5660 Exaggeras
2809 5601 2942 5641 sane
2988 5580 3171 5639 adh‘uc
3198 5626 3211 5648 ,
3246 5590 3303 5638 et
3352 5582 3498 5638 dicis
