3984 6296
403 295 506 361 103
846 335 850 338 -
1643 281 1964 344 JOANNlS

2103 278 2381 342 .XENTII
3565 271 3674 338 1οι

397 401 630 460 eosdem
670 395 978 454 monachos
1015 406 1266 465 eousque
1296 390 1534 446 tumoris
1587 389 1784 456 elatos,
1835 398 1896 444 ut
1921 389 1990 445 ad
2021 393 2066 448 Δ
2094 389 2360 460 primere.
2392 407 2411 441 ι
2448 387 2554 443 Sed
2583 402 2614 442 a
2648 401 2761 457 quo
2794 401 3014 450 errore,
3048 401 3078 440 a
3109 399 3220 457 qua
3249 385 3550 441 insolentia
3574 399 3676 441 ve-

399 493 701 552 arbitrium
733 503 896 545 suum
925 486 1224 555 utriusque
1253 483 1410 539 orbis
1447 489 1650 552 putent
1699 480 1980 535 inclinan-

401 589 534 644 dum
559 585 852 657 judicium.
911 579 1026 636 Nec
1049 579 1105 633 in
1135 589 1374 632 numero
1415 573 1666 628 ﬁdelium
1709 571 1985 643 deputent

403 688 698 746 sequacem
734 672 1053 728 traditionis
1081 677 1350 740 paterme,
1381 682 1550 738 quem
1579 680 1692 721 suae
1743 665 1987 720 viderint

402 767 631 826 credere
653 765 802 820 nolle
854 761 1171 819 sententiis.
1205 759 1288 814 Tu
1328 760 1436 815 hoc
1468 766 1604 814 tunc
1637 773 1768 814 vere
1799 757 1869 814 de
1901 755 1986 814 eis

403 875 706 924 asserercs,
737 859 784 914 si
817 870 1014 912 eorum
1049 849 1384 910 sententiam
1408 851 1747 908 contrariam
1795 847 1988 906 catho-

403 956 530 1011 licis
545 967 738 1026 posses
763 949 1118 1020 dogmatibus
1142 945 1550 1020 approbare.At
1574 959 1706 999 vero
1735 959 1859 999 cum
1882 945 1990 1000 hoc

403 1049 558 1102 nulla
591 1045 780 1101 valeas
809 1041 1024 1095 ratione
1083 1039 1342 1104 edocere,
1385 1037 1576 1106 inique
1602 1034 1831 1090 omnino
1865 1044 1988 1101 tan-

407 1148 601 1209 topere
626 1143 818 1190 contra
856 1148 954 1187 eos
989 1130 1298 1194 inveheris,
1350 1129 1447 1200 qui
1477 1129 1636 1199 juxta
1667 1135 1989 1182 sanctorum

407 1229 637 1283 Patrum
668 1223 1027 1280 traditionem
1055 1220 1364 1284 Christum,
1393 1234 1561 1289 quem
1602 1233 1771 1288 super
1802 1217 1990 1272 omnia

407 1318 580 1372 Deum
613 1323 848 1370 testatur
897 1313 1197 1384 Apostolus
1225 1313 1292 1376 '9,
1324 1326 1496 1366 unum
1547 1309 1890 1365 confitentur
1919 1323 1988 1363 ex

409 1418 600 1464 sancta
624 1417 680 1464 et
701 1408 868 1462 unius
891 1408 1149 1462 essentia:
1172 1405 1471 1460 Trinitate.
1490 1403 1738 1470 Quorum
1765 1411 1992 1458 senten-

413 1501 508 1556 tiis
537 1515 649 1554 non
711 1513 983 1569 sequaces
1030 1506 1279 1568 paternae
1332 1494 1671 1560 traditionis,
1722 1493 1819 1548 sed
1846 1492 1927 1547 illi
1961 1508 1991 1546 a

411 1607 650 1647 numero
701 1591 950 1646 ﬁdelium
995 1588 1395 1652 excluduntur,
1448 1585 1546 1656 qui
1588 1599 1825 1651 eorum,
1877 1585 1991 1640 imo

413 1685 586 1739 totius
639 1684 927 1750 Ecclesiae,
975 1681 1316 1738 confessioni
1368 1680 1648 1736 exsistunt
1700 1677 1986 1733 contrarii.

411 1775 532 1832 Jam
563 1791 694 1830 vero
713 1775 767 1829 in
797 1773 1274 1845 consequentibus
1289 1772 1417 1844 quis
1441 1787 1554 1827 non
1577 1771 1764 1826 videat
1788 1781 1998 1842 quanta

415 1883 516 1923 eos
535 1869 781 1938 repletus
811 1867 1088 1923 dementia
1117 1865 1370 1922 laceres?
1407 1884 1426 1917 ι
1462 1863 1864 1933 Docti,inquis,
1889 1863 2000 1917 cri-

435 1961 586 2015 mina
604 1976 812 2024 sercrc,
841 1959 1314 2016 obtrectationum
1375 1972 1593 2012 venena
1639 1969 1996 2026 componere,

412 2049 687 2120 integrum
729 2049 990 2105 Ecclesiae
1017 2063 1223 2118 corpus
1241 2043 1457 2113 bdisse,
1491 2045 1798 2102 seditiones
1819 2054 2000 2100 strue-

415 2157 496 2208 re,
529 2142 795 2198 invidiam
865 2141 1166 2210 concitare,
1227 2148 1283 2196 et
1329 2155 1432 2212 pro
1480 2137 1800 2195 obedientia
1854 2138 2001 2208 (quae

413 2235 471 2288 in
503 2234 786 2290 coenobiis
829 2235 1209 2305 principatum
1239 2231 1512 2302 regularis
1562 2239 1718 2286 tenet
1745 2223 2001 2300 'discipli-

412 2327 522 2398 nae)
591 2327 1032 2382 obstinationem
1081 2323 1390 2399 pertinacis
1421 2337 1609 2378 amare
1659 2322 1990 2394 superbiae.»

415 2419 558 2474 Cum
589 2418 710 2474 haec
742 2432 856 2472 non
907 2417 1019 2472 nisi
1051 2416 1121 2471 de
1155 2415 1268 2470 illis
1302 2430 1448 2483 vero.
1469 2422 1528 2470 et
1567 2423 1720 2470 certo
1751 2414 2000 2470 omnium

417 2507 1072 2580 asseverenturjudicio,
1101 2506 1199 2577 qui
1239 2505 1492 2561 tenebris
1508 2503 1738 2560 nefandi
1787 2505 2002 2562 erroris

416 2599 604 2654 caecati
639 2599 932 2655 catholicae
954 2597 1181 2652 veritati
1220 2596 1516 2663 resistunt,
1567 2605 1918 2668 quapropter
1945 2605 2000 2653 te

415 2693 604 2762 potius
627 2691 1046 2748 criminatorem
1081 2699 1138 2746 et
1171 2689 1635 2755 obtrectatorem,
1665 2688 2000 2745 seditiosum

416 2799 640 2854 quoque
665 2792 721 2838 et
739 2783 992 2838 invidum
1027 2791 1195 2853 atque
1217 2791 1524 2837 amatorem
1561 2781 1864 2852 pertinacis
1905 2797 2000 2838 su-

418 2875 626 2945 perbia:
647 2885 704 2930 et
742 2874 1187 2941 inobedientem,
1227 2889 1340 2930 non
1372 2873 1653 2928 humanus
1693 2889 1873 2942 error,
1901 2873 2002 2930 sed

418 2969 536 3038 ipsa
566 2968 774 3024 veritas
806 2968 1014 3038 prodit,
1045 2968 1169 3040 ejus
1201 2976 1255 3022 te
1294 2965 1584 3022 inimicum
1611 2981 1734 3023 esse
1761 2984 1874 3023 non
1895 2968 2000 3024 du-

2091 481 2223 538 stris
2274 479 2546 544 monitis,
2609 486 2910 548 vestraque
2961 477 3392 534 mansuetudine
3438 476 3526 532 vel
3571 491 3675 531 au-

2091 578 2354 633 ctoritate
2424 574 2658 630 minime
2737 588 2836 630 eos
2923 569 3298 642 comprimere
3387 569 3679 640 potueris,

2091 671 2420 726 nullatenus
2479 667 2772 739 exprimis.
2801 657 2962 734 Quod
3017 665 3144 721 ideo
3187 663 3388 719 callide
3429 671 3679 733 prater-

2089 764 2293 830 mittis,
2334 779 2405 820 ne
2450 763 2559 818 hoc
2603 761 2851 824 faciens,
2894 757 3253 826 temetipsum
3291 755 3588 826 profanum
3623 764 3677 810 et

2093 859 2328 930 impium
2356 857 2605 928 detegas.
2639 855 2731 919 Et,
2761 869 2795 909 ο
2832 853 3042 908 invicta
3071 851 3298 915 veritas,
3338 865 3462 920 qua:
3511 864 3683 904 aemu-

2092 953 2275 1006 lorum
2314 947 2754 1004 obtrectationes
2815 945 2875 999 in
2907 943 3244 999 famulorum
3291 949 3512 996 tuorum
3541 954 3683 994 con-

2093 1041 2272 1097 vertis
2297 1041 2530 1112 gloriam
2573 1041 2588 1095 ι
2625 1039 2920 1107 Nunquam
2981 1033 3192 1090 etenim
3231 1047 3380 1098 reor,
3420 1030 3684 1102 quamvis

2092 1132 2361 1188 laudandi
2423 1131 2634 1187 fideles'
2675 1127 2950 1199 cupidus,
3022 1125 3092 1180 ad
3150 1139 3348 1179 eorum
3398 1121 3684 1193 praeconia

2095 1223 2448 1280 constantius
2463 1221 2582 1277 haec
2609 1220 2800 1276 dicere
2846 1216 3145 1289 potuisses,
3187 1229 3310 1285 qua:
3343 1229 3493 1268 nunc
3516 1212 3684 1282 quasi

2096 1315 2156 1370 in
2187 1312 2657 1384 vituperationem
2689 1309 3320 1371 monachorum,contra
3351 1319 3492 1373 quos
3512 1316 3687 1374 agere

2092 1404 2328 1470 .videris,
2363 1400 2766 1471 conscripsisse
2785 1387 2838 1454 te
2871 1397 3078 1454 credis.
3100 1395 3240 1450 Nam
3261 1393 3542 1464 quomodo
3566 1407 3686 1446 non

2097 1498 2158 1553 in
2195 1512 2394 1552 eorum
2426 1494 2670 1560 laudem,
2703 1501 2760 1549 et
2815 1491 2884 1547 ad
2925 1499 3076 1546 tuam
3123 1487 3510 1546 confusionem
3562 1485 3691 1539 lucc

2097 1589 2390 1660 scripsisse
2419 1586 2695 1643 veraciter
2731 1579 3130 1656 intelligendus
3153 1596 3236 1648 es,
3281 1580 3379 1650 qui
3413 1593 3527 1634 non
3563 1592 3690 1631 mo-

2097 1681 2256 1748 nitis,
2307 1665 2420 1736 non
2459 1676 2914 1740 mansuetudine,
2970 1689 3085 1728 non
3115 1671 3453 1730 auctoritate
3481 1683 3578 1724 eos
3609 1665 3690 1722 ad

2027 1751 2071 1808 Β
2102 1782 2252 1828 tuam
2299 1771 2632 1842 pravitatem
2690 1766 2943 1838 potuisse
2995 1761 3360 1834 detorqueri,
3429 1758 3690 1830 propriis

2099 1861 2385 1922 attestaris
2419 1857 2860 1918 assertionibus?
2902 1856 3063 1911 Nunc
3081 1856 3196 1927 jam
3225 1850 3518 1922 sequentia
3544 1864 3690 1905 con-

2100 1953 2398 2011 sideranda
2429 1960 2582 2019 sunt,
2612 1951 2708 2022 ubi
2729 1963 2992 2021 perverso
3021 1948 3220 2004 ordine
3249 1961 3316 2002 ea
3347 1961 3472 2016 quae
3493 1945 3692 2000 Romae

2099 2053 2296 2104 contra
2320 2047 2470 2116 ipsos
2492 2052 2616 2100 acta
2651 2049 2781 2098 sunt
2816 2041 3124 2096 monachos
3168 2039 3439 2110 dirigens,
3481 2043 3691 2091 cuncta

2100 2137 2371 2194 mentitus
2401 2151 2514 2192 es.t
2555 2136 2618 2192 In
2638 2134 2948 2206 publicum,
2971 2131 3182 2202 inquis,
3210 2144 3390 2200 usque
3424 2127 3693 2199 prodiere

2100 2239 2464 2296 conventum,
2491 2237 2550 2284 et
2576 2227 2646 2283 ad
2705 2227 3130 2283 concussionem
3162 2223 3374 2295 quietis
3417 2222 3568 2278 circa
3597 2236 3695 2276 re-

2102 2335 2235 2392 gum
2263 2320 2431 2374 etiam
2457 2327 2674 2375 statuas
2706 2319 3098 2382 inclamantes,
3127 2325 3186 2372 et
3227 2315 3338 2371 nisi
3374 2314 3554 2370 fidelis
3585 2328 3696 2384 po-

2101 2411 2220 2482 puli
2264 2413 2582 2468 constantia
2630 2411 2950 2478 restitisset,
2997 2427 3100 2482 per
3137 2409 3428 2466 diabolicae
3463 2408 3687 2464 semina

2101 2503 2342 2559 nefanda
2381 2504 2608 2560 zizaniae
2637 2503 2786 2575 apud
2809 2519 2906 2559 eos
2943 2502 3354 2558 dissensionem
3391 2507 3450 2556 et
3469 2499 3692 2556 discor-

2101 2597 2248 2653 diam
2297 2599 2757 2662 commovisscnt,
2805 2611 2907 2668 per
2949 2612 3092 2668 quos
3145 2595 3430 2667 adjutorio
3453 2593 3550 2650 Dei
3611 2593 3691 2648 de

2103 2689 2330 2760 regione
2361 2705 2554 2746 eorum
2580 2697 2666 2744 est
2684 2688 2844 2760 pulsa
2874 2688 3168 2744 dissensio.
3203 2707 3222 2741 ι

2175 2783 2221 2840 Ο
2247 2783 2389 2839 mira
2417 2783 2763 2838 furiosorum
2793 2782 3037 2848 caecitas,
3063 2791 3123 2838 ct
3145 2797 3179 2837 a
3206 2781 3443 2837 veritate
3476 2779 3695 2836 aliena-

2104 2886 2289 2933 tarum
2333 2875 2607 2931 mentium
2661 2873 2963 2930 criminosa
3013 2873 3234 2928 fallacia
3270 2872 3502 2942 lNeque
3532 2871 3690 2926 enim

2101 2969 2186 3026 fas
2218 2979 2304 3027 est
2332 2980 2442 3026 tam
2467 2978 2661 3042 aperte
2685 2985 2847 3042 posse
2885 2968 3115 3024 mentiri
3145 2967 3307 3023 Rom.
3339 2967 3688 3038 episcopum.
3757 2989 3768 2996 -

419 3061 576 3116 bium
604 3071 710 3128 est,
746 3061 889 3116 sicut
920 3060 1180 3132 superius
1215 3075 1362 3131 saepe
1394 3059 1776 3131 probavimus.
1798 3060 2002 3117 Levius
2028 3083 2072 3143 ς
2103 3063 2252 3119 Bene
2281 3071 2500 3119 certum
2530 3071 2616 3118 est
2637 3063 2901 3118 omnibus
2923 3063 3116 3142 Roma:
3139 3059 3490 3132 degentibus,
3534 3057 3687 3136 quod

419 3154 624 3209 etenim
657 3163 744 3210 est
771 3153 1074 3224 cujuslibet
1105 3151 1352 3207 hominis
1385 3167 1550 3222 quam
1585 3152 1684 3207 Dei
1735 3167 1857 3208 esse
1893 3153 2004 3208 cri-

419 3245 770 3298 minatorcm.
820 3244 1048 3298 Annon
1083 3250 1169 3296 est
1215 3227 1488 3298 adversus
1539 3242 1717 3297 Deum
1773 3243 2004 3300 erimina

419 3351 634 3400 serere,
665 3345 722 3390 et
775 3335 1246 3391 obtrectationum
1285 3349 1500 3390 venena
1545 3349 1905 3405 componere,
1935 3336 2004 3393 de

419 3441 489 3480 eo
520 3441 642 3496 quae
672 3423 807 3480 falsa
832 3431 962 3479 sunt
993 3422 1322 3494 praedicare,
1383 3425 1854 3496 adversariosque
1883 3428 2006 3498 ejus

421 3514 760 3570 defendere?
794 3513 932 3580 Quis
983 3521 1170 3568 autem
1207 3519 1320 3568 tam
1358 3515 1566 3570 stultus
1611 3526 1669 3570 et
1709 3515 1884 3572 hebes
1907 3517 2001 3584 sit,

421 3605 519 3676 qui
545 3621 654 3660 non
684 3621 814 3662 eum
851 3605 1298 3672 inobedientem,
1339 3607 1729 3677 superhum‘ct
1759 3609 2006 3680 pertina-

420 3705 542 3754 cem
565 3699 802 3770 judicet,
829 3712 994 3768 quem
1019 3696 1176 3752 videt
1219 3697 1274 3752 in
1320 3699 1552 3769 proprio
1582 3715 1779 3756 errore
1829 3699 2006 3755 obsti-

422 3797 553 3843 nate
603 3788 946 3858 persistere,
1007 3795 1065 3842 ct
1118 3786 1418 3843 catholicis
1456 3789 1605 3844 nolle
1649 3788 2006 3860 dogmatibus

423 3879 662 3936 cedere?
693 3880 805 3936 Aut
832 3879 959 3950 quis
1007 3895 1122 3935 non
1182 3895 1311 3936 cum
1343 3879 1532 3951 potius
1565 3888 1722 3936 certo
1773 3888 1832 3937 et
1870 3895 2006 3937 vero

417 3973 632 4044 judicio
657 3973 966 4029 seditiones
991 3983 1234 4040 struere,
1287 3984 1346 4030 et
1404 3973 1674 4029 invidiam
1721 3973 2006 4030 concitare

421 4073 637 4134 arguat,
663 4080 828 4135 quem
849 4067 1122 4138 perspicit
1155 4067 1426 4124 adversus
1447 4064 1766 4122 Catholicos
1813 4065 2006 4137 iniqua

425 4154 661 4212 dilatare
695 4157 1016 4215 mendacia?
1036 4159 1326 4226 Quomodo
1349 4169 1538 4215 autem
1585 4174 1698 4214 non
1728 4159 2007 4230 integrum

422 4248 690 4304 Ecclesia:
723 4265 930 4320 corpus
957 4251 1146 4306 odisse
1171 4251 1254 4306 illi
1291 4251 1482 4322 potius
1495 4250 1792 4322 judicandi
1851 4259 2003 4319 sunt,

423 4341 518 4410 qui
547 4340 796 4411 perfidiae
827 4347 943 4396 sua:
965 4356 1183 4396 venena
1211 4341 1269 4396 in
1290 4343 1414 4412 ejus
1460 4340 1710 4395 membra
1731 4349 2008 4396 conantur

421 4431 759 4498 diffundere,
817 4446 996 4502 eaque
1027 4447 1060 4486 a
1091 4433 1318 4502 propria
1345 4440 1402 4486 et
1451 4431 1747 4488 salutifera
1781 4435 2001 4506 profes-
2033 4419 2080 4476 Ῑ)

419 4525 576 4581 sione
609 4523 904 4578 avertere?
929 4523 1080 4594 quod
1113 4531 1167 4578 te
1195 4532 1254 4578 et
1277 4538 1472 4580 omnes
1494 4525 1592 4596 qui
1627 4524 1730 4580 tibi
1755 4541 1995 4584 consen-

420 4617 572 4671 tiunt
615 4615 847 4685 implere
890 4615 1038 4670 velle
1099 4630 1211 4670 non
1247 4615 1484 4672 dubium
1518 4626 1624 4684 est,
1676 4619 1771 4690 qui
1803 4621 2003 4680 callida

423 4705 892 4777 tergiversatione
947 4706 1230 4762 Christum
1281 4707 1486 4764 Filium
1520 4726 1694 4766 unum
1733 4729 1847 4769 non
1881 4729 2006 4772 esse

425 4813 494 4853 ex
527 4796 802 4852 Trinitate
837 4797 1146 4868 praedicare
1188 4801 1552 4858 contenditis.
1609 4803 1862 4861 Monachi
1907 4822 2008 4864 au-

425 4899 560 4955 tem,
599 4903 742 4960 quos
779 4889 968 4960 inique
997 4889 1228 4959 laceras,
1260 4893 1329 4948 'in
1363 4903 1580 4950 tantum
1628 4897 1700 4952 ab
1742 4899 1849 4955 hoc
1888 4903 2004 4955 cri-

423 4982 578 5038 mine
613 4983 786 5038 alieni
811 4993 961 5052 sunt,
997 4994 1060 5042 ut
1089 5003 1375 5058 nunquam
1404 5005 1506 5060 per
1557 4991 1656 5046 Dei
1703 4991 1942 5062 gratiam
1973 5011 2003 5051 a

363 5136 366 5138 γ
423 5075 703 5131 catholica
731 5079 1123 5134 communione
1157 5079 1542 5149 discesserint,
1572 5083 1706 5140 licet
1751 5085 1822 5140 ad
1860 5095 2002 5141 tem-

429 5183 554 5239 pus,
605 5171 875 5226 nonnnlla
929 5173 1172 5228 secunda
1201 5174 1256 5228 in
1297 5173 1543 5231 Orientis
1575 5177 1826 5247 partibus
1857 5186 2004 5247 orta,

425 5259 880 5319 Occidentalibus
908 5264 1175 5322 Ecclesiis
1202 5267 1766 5324 communicavcrint.

495 5353 694 5409 Adhuc
729 5371 862 5411 sane
895 5372 1007 5412 non
1053 5357 1440 5424 confunderis,
1502 5358 1600 5414 sed
1637 5359 2007 5429 impudentia-

427 5445 566 5500 sima
587 5445 770 5502 fronte
805 5449 1060 5518 sequeris
1085 5448 1338 5503 ctdicis:
1373 5449 1532 5504 «Non
1569 5450 1856 5520 potuimus
1881 5453 2008 5512 illos

427 5534 678 5600 monitis,
711 5551 821 5592 non
854 5538 1306 5604 mansuetudine,
1339 5555 1447 5594 non
1473 5540 1808 5599 auctoritate
1846 5559 2004 5601 com-

505 5704 548 5738 ”
569 5709 728 5766 Rom.
757 5728 833 5778 ις,
855 5713 908 5766 5.

2107 3155 2210 3227 ipsi
2243 3155 2505 3212 monachi
2535 3154 2605 3211 de
2657 3155 2748 3210 his
2778 3169 2902 3225 qua:
2949 3153 3097 3208 circa
3141 3167 3202 3208 se
3231 3160 3352 3207 aeta
3374 3159 3529 3217 sunt,
3572 3160 3690 3204 tam

2105 3253 2415 3303 memorato
2440 3245 2706 3316 episcOpo
2735 3259 2904 3315 quam
2945 3243 3116 3298 etiam
3156 3241 3534 3307 senatoribus,
3582 3254 3693 3296 nee

2106 3352 2220 3392 non
2244 3336 2522 3392 universae
2575 3335 2838 3391 Ecclesiae
2893 3333 3120 3404 scriptis
3168 3341 3486 3389 contestata
3533 3339 3690 3385 sunt.

2105 3426 2358 3482 Humana
2379 3441 2621 3494 namque
2655 3424 2964 3480 tentatione
2989 3431 3307 3494 praeventus
3338 3421 3487 3478 idem
3520 3410 3688 3476 Rom.

2105 3517 2620 3590 episcopus,utpote
2636 3517 2988 3573 mortalitatis
3003 3515 3186 3571 adhuc
3206 3514 3427 3570 sarcina
3444 3529 3692 3585 praegra-

2105 3617 2268 3664 vatus
2287 3650 2301 3677 ,
2324 3617 2618 3680 postquam
2641 3609 2912 3680 comperit
2941 3607 3148 3664 reverti
3200 3607 3553 3672 Dioscorum,
3590 3619 3694 3660 vo-

2104 3702 2228 3758 lens
2259 3701 2314 3756 ei
2342 3709 2608 3772 praestare
2640 3701 2747 3756 hoc
2771 3699 3136 3765 beneficium,
3170 3714 3244 3754 ne
3274 3699 3333 3753 in
3361 3696 3590 3769 publico
3617 3695 3692 3752 ab

2105 3793 2318 3850 eisdem
2380 3793 2668 3849 monachis
2719 3801 3062 3862 argueretur
3114 3789 3446 3854 hareticus,
3501 3786 3694 3844 missis

2107 3885 2500 3942 defensoribus
2539 3899 2668 3940 cum
2726 3883 2936 3956 ingenti
2968 3881 3238 3938 violentia
3291 3895 3390 3937 eos
3427 3879 3498 3935 ab
3546 3878 3694 3936 urbe

2107 3983 2287 4039 Roma
2322 3981 2512 4038 subito
2560 3981 2714 4037 exire
2774 3978 3068 4050 compulit,
3099 3992 3418 4048 quanquam
3483 3974 3694 4046 saepius

2106 4073 2335 4146 publice
2351 4083 2408 4129 et
2438 4073 2853 4144 privatim,tam
2887 4073 2946 4128 in
2971 4079 3256 4126 conventu
3301 4067 3691 4124 ecclesiastico

2106 4182 2273 4238 quam
2295 4166 2464 4222 etiam
2489 4165 2741 4222 omnium
2765 4171 3112 4229 senatorum,
3137 4163 3222 4217 eis
3247 4159 3514 4216 veniente
3549 4158 3694 4213 Dio-

2108 4273 2270 4318 scoro
2318 4257 2662 4314 audientiam
2713 4257 2847 4313 dare
2881 4264 3032 4314 esset
3059 4253 3364 4326 pollicitus.
3407 4251 3515 4319 Qui
3559 4265 3696 4306 cum

2108 4351 2178 4406 ab
2205 4349 2344 4422 ipsis
2365 4348 2761 4406 defensoribus
2783 4347 2975 4420 egredi
3026 4353 3384 4420 urgerentur,
3415 4342 3698 4416 compulsi

2107 4451 2239 4498 sunt
2270 4443 2328 4496 in
2350 4441 2492 4498 locis
2525 4441 2772 4512 publicis
2809 4441 3074 4511 populum
3101 4436 3429 4502 contestari,
3467 4451 3540 4490 ne
3561 4441 3698 4504 post:

2106 4551 2268 4592 suum
2285 4535 2591 4592 discessum
2622 4536 2766 4591 clam
2799 4549 2896 4590 eos
2927 4532 3228 4588 recessisse
3269 4530 3524 4588 fautores
3553 4524 3700 4581 Dio-

2106 4627 2254 4684 scori
2297 4627 2446 4698 apud
2487 4627 2794 4684 Ecclesiam
2847 4625 3226 4691 diﬂ'amarent,
3277 4623 3430 4680 unde
3477 4623 3696 4678 factum

2107 4729 2192 4777 est
2219 4730 2282 4776 ut
2309 4721 2509 4777 saltem
2542 4721 2627 4776 eis
2680 4734 2851 4790 parva
2879 4718 3075 4775 dilatio
3113 4725 3490 4789 prastaretur,
3514 4731 3702 4787 quan-

2107 4805 2203 4862 diu
2232 4821 2292 4864 se
2327 4807 2532 4863 exinde
2561 4807 2750 4878 egredi
2779 4815 3178 4878 praepararent,
3229 4807 3335 4862 sub
3382 4823 3496 4877 quo
3545 4815 3701 4860 tem-

2111 4912 2246 4968 pore
2268 4895 2518 4968 scriptis,
2545 4897 2732 4954 omnia
2777 4913 2903 4968 quae
2947 4897 3003 4952 in
3050 4897 3210 4970 55.3
3249 4913 3309 4954 se
3352 4908 3504 4966 gesta
3536 4912 3700 4962 suns,

2111 4987 2348 5044 facultas
2377 4989 2506 5044 data
2565 4998 2652 5046 est
2689 4989 3066 5046 contestandi.
3118 4989 3280 5056 Quod
3327 4999 3510 5044 tamen
3544 5003 3700 5044 nun-

2111 5097 2276 5152 quam
2309 5081 2490 5137 facere
2511 5082 2848 5152 potuissent,
2884 5082 2991 5137 nisi
3022 5083 3126 5138 hoc
3160 5082 3242 5137 eis
3275 5081 3558 5136 Romanus
3586 5095 3704 5150 po-

2110 5176 2276 5247 pulus
2317 5175 2687 5246 praastitissct,
2719 5175 2848 5246 qui,
2876 5177 3010 5232 licet
3054 5192 3158 5246 pro
3188 5175 3272 5232 eis
3299 5175 3528 5232 minime
3563 5191 3706 5246 pro-

2111 5267 2400 5333 clamaret,
2430 5266 2550 5337 ipsa
2575 5275 2760 5322 tamen
2787 5282 2886 5322 sua
2933 5266 3098 5322 tacita
3127 5265 3571 5322 murmuratione
3598 5265 3704 5321 de-

2111 5360 2392 5426 fensores,
2447 5359 2544 5429 qui
2610 5373 2710 5415 eos
2754 5359 2957 5415 exinde
3006 5358 3194 5431 egredi
3253 5357 3699 5430 compellebant,

2112 5449 2430 5517 deterrens,
2466 5449 2599 5507 fecit
2627 5459 2688 5506 ut
2733 5467 2931 5507 eorum
2961 5451 3207 5506 violenta
3257 5449 3513 5522 expulsio
3571 5448 3703 5503 uni-

2111 5560 2284 5602 versa:
2330 5546 2593 5602 Ecclesia:
2637 5546 3031 5602 innotesceret.
3084 5547 3207 5602 Non
3256 5561 3390 5618 ergo
3449 5543 3540 5617 (ut
3589 5543 3702 5600 iste

3981 879 3984 922 ε

3981 1155 3984 1198 Ι
