3984 6296
183 263 271 330 105

1063 259 1162 318 AD
1199 257 1628 320 EPISTOLAM
1665 251 2567 325 HORMISDE‘RESPONSIO.

3253 289 3268 296 -
3337 261 3442 329 106

185 371 456 444 mentitur)
497 373 767 445 populus,
821 371 918 426 sed
965 371 1286 428 defensores
1323 373 1609 438 Ecclesiae,
1663 389 1761 429 eos
1791 377 1834 434 Α
1862 371 2018 440 Quod
2047 386 2231 430 autem
2265 392 2392 432 sero
2418 393 2474 432 se
2495 378 2763 447 probasse
2791 376 3014 443 fatetur,
3043 378 3152 434 hoc
3201 378 3438 450 Aposto-

185 467 378 527 exinde
431 463 622 536 egredi
677 463 1095 534 compulerunt.
1132 464 1321 536 Neque
1361 467 1512 521 enim
1561 475 1758 537 sponte

186 579 276 620 sua
304 562 358 616 in
393 559 620 632 publico
677 557 1031 628 prodierunt,
1065 568 1126 613 ut
1173 560 1375 614 merito
1425 560 1492 614 ad
1525 576 1759 615 concus-

187 656 382 712 sionem
412 651 639 721 quietis,
689 650 805 704 sive
866 651 933 704 ad
972 649 1411 720 dissipationem,
1456 659 1512 705 et
1550 650 1761 704 discor-

186 747 318 801 diam
346 743 954 807 commovendam,hoc
989 759 1084 798 eos
1109 743 1305 798 fecisse
1339 744 1575 814 quilibet
1610 753 1759 798 recte

187 838 533 911 dijudiearet,
569 836 666 891 sed
704 836 978 889 violenter
1002 835 1068 888 ad
1099 837 1203 890 hoc
1237 845 1367 890 sunt
1391 837 1579 892 venire
1602 852 1758 891 com-

186 931 340 1002 pulsi.
384 928 524 982 Nam
573 926 648 981 ita
676 926 791 980 haec
859 941 918 979 sc
972 926 1204 989 habere,
1263 928 1434 980 etiam
1487 944 1556 981 ex
1582 929 1759 998 ipsius

185 1021 336 1076 istius
401 1019 592 1073 verbis
654 1017 819 1072 facile
864 1016 1194 1080 educentur,
1235 1018 1443 1086 quibus
1472 1033 1569 1072 eos
1615 1018 1760 1072 circa

187 1127 364 1184 regum
417 1120 631 1165 statuas
682 1111 886 1164 asserit
942 1109 1292 1173 inclamasse,
1343 1109 1492 1179 quod
1541 1110 1758 1174 nullus,

187 1205 398 1274 nisiqui
421 1203 828 1258 violentissime
859 1203 1208 1264 molestatur,
1244 1201 1426 1255 facere
1479 1201 1762 1270 compelli-

186 1295 573 1362 tur.Quamvis
600 1311 712 1349 nou
751 1295 912 1363 quasi
951 1293 1115 1363 regina
1157 1293 1448 1363 potestatis
1493 1293 1759 1346 auxilium

187 1389 486 1460 ﬂagitantes
557 1388 726 1458 (sicut
796 1386 1039 1444 haeretici
1096 1384 1372 1455 jactitant)
1431 1401 1575 1454 saepe
1625 1384 1761 1439 dicti

188 1480 436 1535 monachi
483 1480 628 1533 circa
685 1494 877 1548 regum
931 1485 1140 1530 statuas
1180 1477 1622 1540 inclamaveriut,
1665 1475 1762 1529 sed

188 1581 477 1644 postquam
509 1588 539 1625 a
577 1572 702 1625 loco
752 1569 1226 1639 quemadmodum
1273 1578 1623 1640 acceperant,
1661 1584 1763 1638 pro

190 1665 444 1720 mandato
467 1663 718 1732 ejusdem
745 1663 983 1716 Romani
1015 1663 1261 1732 episcopi
1289 1661 1759 1731 fuerantexpulsi,

190 1757 245 1812 in
272 1756 492 1826 publico
529 1755 924 1810 consistentes.
958 1755 1059 1809 Ubi
1092 1770 1223 1809 casu
1255 1770 1447 1824 regum
1493 1754 1766 1825 imagines

187 1849 422 1912 fuerant,
456 1846 602 1916 quod
651 1846 909 1916 petitioni
941 1863 1054 1901 suae
1085 1847 1372 1900 audientia
1391 1846 1766 1916 denegaretur

188 1941 389 2013 populo
419 1939 714 1994 contestati
747 1947 898 1994 sunt.
923 1937 1036 1993 Cur
1068 1953 1198 2007 ergo
1238 1939 1322 1993 eis
1370 1937 1548 1993 fidelis
1573 1937 1768 2008 populi

188 2033 517 2095 constantia,
555 2041 617 2086 ut
644 2031 748 2085 iste
789 2030 949 2094 dicit,
1003 2031 1315 2094 resisteret,
1369 2045 1510 2098 quos
1547 2029 1770 2083 videbat

189 2140 292 2195 pro
331 2124 434 2177 sibi
457 2123 669 2193 ingesta
699 2122 958 2178 violentia
983 2137 1313 2192 progressos
1351 2122 1416 2175 ad
1441 2120 1768 2191 publicum?
1796 2171 1804 2178 .

187 2214 286 2270 sed
310 2230 488 2284 neque
542 2215 626 2269 eis
675 2214 855 2283 aliqua
888 2214 996 2270 fuit
1032 2215 1087 2268 in
1143 2214 1367 2283 publico
1413 2213 1764 2282 disceptatio,

189 2313 254 2360 ut
286 2307 488 2360 merito
509 2315 866 2376 exasperatus
905 2308 1179 2377 populus,
1216 2321 1314 2360 eos
1343 2321 1374 2359 a
1411 2306 1527 2360 suis
1577 2307 1767 2376 expel-

185 2395 330 2451 leret
369 2396 707 2466 regionibus.

253 2490 456 2544 Verum
471 2491 517 2544 si
541 2489 871 2561 diligentius
895 2489 1012 2545 htec
1039 2491 1202 2545 istius
1229 2489 1401 2545 verba
1422 2489 1766 2553 consideres,

184 2579 435 2635 invenies
477 2595 605 2635 eum
662 2580 835 2635 etiam
899 2581 1211 2636 Romanum
1286 2581 1552 2652 populum
1601 2597 1766 2651 quem

185 2667 403 2724 ﬁdelem
432 2672 652 2735 asserit,
717 2686 831 2728 non
863 2672 1045 2726 solum
1074 2681 1136 2726 ut
1185 2671 1520 2735 violentum,
1552 2685 1772 2725 verum-

184 2761 371 2827 etiam,
401 2771 466 2818 ut
493 2763 823 2820 haereticum
852 2780 1141 2820 accusare.
1171 2764 1310 2820 Nam
1333 2765 1380 2818 si
1414 2763 1483 2820 de
1510 2765 1606 2821 illa
1638 2779 1767 2820 sen-

183 2854 379 2921 tentia,
412 2871 581 2927 quam
617 2856 877 2912 universa
906 2857 1001 2912 Dei
1030 2866 1182 2912 tenet
1217 2865 1273 2912 et
1301 2856 1550 2913 defendit
1573 2855 1768 2913 Eccle-

183 2941 283 3010 sia,
329 2945 622 3002 monachis
667 2947 726 3000 in
754 2947 982 3017 publico
1027 2947 1464 3018 disputantibus,
1503 2947 1610 3004 hoc
1657 2956 1764 3013 est,

1867 464 1981 518 lum
2028 467 2352 536 prophetica
2388 484 2520 523 voce
2581 469 2788 525 dixisse
2839 485 2954 525 non
2987 482 3075 526 est
3118 473 3346 539 mirum,
3391 471 3441 528 si

1864 556 2134 612 hactenus
2159 561 2342 616 surdis
2367 562 2599 616 auribus
2633 561 2891 617 eumdem
2923 562 3166 620 audierit
3200 563 3441 634 Aposto-

1862 647 1978 702 lum
2006 650 2112 705 hoc
2160 653 2412 720 quotidie
2441 655 2494 707 in
2536 652 2783 709 Ecclesia
2827 655 3180 722 clamantem,
3231 657 3326 726 qui
3373 672 3444 711 ne

1862 755 2013 794 nunc
2063 743 2289 811 quidem
2348 747 2462 798 vim
2513 744 2830 814 apostolicae
2888 747 3177 801 sententiae.
3226 746 3446 802 intelle-
3510 795 3512 798 ,

1863 831 2010 885 xisse
2032 835 2406 889 convincitur.
2443 836 2694 891 Ecclesia
2714 844 2896 892 autem
2921 839 3018 892 Dei
3041 837 3132 892 his
3155 838 3286 892 olim
3321 854 3446 893 mo-

1868 919 2002 973 nitis
2036 924 2384 989 praemunita,
2437 925 2619 980 sciens
2642 943 2925 997 nunquam
2952 927 3244 984 hmreticos
3281 945 3445 999 posse

1875 1011 2184 1081 quiescere,
2219 1017 2512 1086 vigilanter
2551 1034 2874 1087 occurrens,
2895 1034 3093 1074 eorum
3140 1019 3308 1075 falsas
3338 1021 3440 1076 de-

1865 1107 2032 1160 struit
2061 1110 2417 1164 assertiones.

1935 1197 2065 1252 Post
2091 1199 2206 1254 haec
2229 1201 2448 1256 tandem
2472 1203 2704 1260 satiatus
2722 1220 2824 1260 nec
2841 1205 3071 1271 habens,
3090 1205 3278 1271 credo,
3297 1205 3447 1275 quod

1866 1289 2134 1345 adversus
2161 1292 2387 1348 eosdem
2442 1297 2745 1352 monachos
2793 1313 2892 1352 sua
2933 1298 3038 1352 sibi
3073 1298 3289 1354 fallacia
3315 1315 3447 1370 sug-

1867 1389 2041 1450 gerat,
2073 1383 2322 1455 adjungit
2353 1385 2546 1441 dicens
2573 1403 2587 1440 :
2617 1387 2743 1442 llaec
2773 1388 2898 1443 ideo
2935 1389 3222 1446 dilectioni
3249 1401 3447 1447 vestras

1869 1473 2161 1529 indicanda
2187 1477 2290 1531 sub
2317 1478 2607 1534 occasione
2641 1481 2942 1547 credimus,
2977 1499 3047 1538 ne
3074 1483 3119 1538 si
3148 1484 3280 1539 illuc
3322 1485 3448 1540 fue-

1867 1567 1978 1619 rint
2017 1567 2159 1622 forte
2200 1569 2392 1635 delati,
2426 1571 2745 1641 ignorantes
2793 1574 3265 1643 quemadmodum
3299 1592 3359 1632 se
3391 1577 3449 1632 in

1877 1659 2128 1714 Romana
2163 1662 2302 1716 urbe
2331 1664 2642 1732 gesserint,
2687 1664 2873 1734 aliqua
2895 1666 3190 1722 verborum
3214 1669 3453 1724 simula-
3542 1725 3550 1730 .

1867 1751 2018 1806 tione
2034 1753 2248 1823 aliquos
2270 1756 2486 1825 possint
2501 1757 2776 1828 decipere.
2797 1757 2900 1826 Qui
2920 1762 3213 1817 verescire
3233 1762 3454 1819 deside-

1867 1851 1973 1908 rat,
1995 1859 2063 1898 ex
2092 1860 2284 1900 eorum
2311 1848 2816 1905 contestationibus
2838 1866 2981 1921 quas
3004 1853 3062 1907 in
3076 1852 3279 1908 eadem
3310 1855 3452 1910 urbe

1866 1935 2005 1992 locis
2038 1939 2278 2006 publicis
2300 1937 2631 2005 defixerunt,
2672 1942 2845 2013 magis
2867 1954 3150 2014 agnoscet,
3177 1961 3342 2016 quam
3383 1963 3452 2004 ex

1868 2027 2033 2085 istius
2078 2032 2321 2101 scriptis,
2354 2034 2448 2105 qui
2495 2050 2607 2088 non
2644 2043 2728 2090 est
2771 2050 2968 2090 eorum
2997 2045 3232 2103 tantum,
3267 2039 3364 2094 sed
3394 2048 3454 2094 et

1871 2123 2040 2176 totius
2067 2123 2328 2179 Ecclesia:
2362 2125 2621 2182 inimicus
2651 2127 2992 2198 agnoscitur.
3026 2128 3161 2183 Nam
3191 2140 3249 2186 et
3278 2131 3453 2201 ipsius

1870 2213 2128 2269 Romanae
2181 2216 2461 2283 Ecclesiae,
2512 2219 2674 2289 cujus
2707 2234 2764 2274 se
2796 2221 2952 2288 quasi
2984 2220 3334 2276 defensorem
3371 2223 3452 2278 si-

1871 2306 2065 2369 mulat,
2098 2306 2152 2359 in
2186 2316 2398 2362 tantum
2426 2308 2784 2364 adversarius
2808 2309 3130 2379 denotatur,
3161 2322 3222 2368 ut
3254 2314 3300 2368 si
3331 2329 3450 2370 me-

1870 2396 2067 2449 morati
2111 2398 2391 2464 monachi,
2417 2414 2558 2469 quos
2596 2401 2756 2470 quasi
2791 2399 2974 2456 eidem
3002 2401 3268 2460 Ecclesiae
3315 2421 3452 2461 con-

1871 2486 2074 2542 trarios
2101 2487 2362 2555 mstimat,
2410 2491 2602 2561 inique
2631 2491 2900 2547 adversus
2928 2507 3050 2547 eam
3088 2492 3146 2548 in
3190 2494 3283 2550 his
3321 2513 3451 2568 par-

1871 2578 2022 2634 tibus
2073 2579 2258 2650 aliqua
2304 2580 2513 2653 fingere
2565 2582 2899 2650 voluissent,
2946 2599 3235 2656 nunquam
3283 2588 3453 2644 credo

1868 2671 1950 2725 ita
1975 2671 2220 2742 ejusdem
2240 2673 2503 2730 Ecclesiae
2521 2674 2686 2731 fidem
2713 2675 2982 2748 derogare
3001 2679 3450 2749 praevaluissent,

1870 2763 2340 2833 quemadmodum
2376 2767 2499 2833 iste,
2524 2767 2703 2836 quiex
2724 2784 2964 2838 persona
2988 2769 3163 2840 ipsius
3187 2771 3455 2832 Ecclesia!

1871 2852 1999 2907 ideo
2021 2853 2208 2924 inique
2222 2871 2318 2910 eos
2330 2856 2607 2910 obtrectat
2622 2865 2678 2912 et
2696 2858 2926 2923 lacerat,
2948 2858 3245 2930 quiajuxta
3263 2862 3455 2920 divina

1872 2944 2114 3014 eloquia,
2132 2953 2186 3001 et
2211 2955 2527 3002 sanctorum
2547 2949 2774 3004 Patrum
2808 2949 3138 3006 traditiones
3169 2951 3449 3010 Christum

182 3057 290 3111 qua
323 3041 590 3097 Christus
632 3042 808 3098 Filius
868 3043 967 3098 Dei
1030 3059 1176 3099 unus
1232 3058 1354 3099 esse
1407 3042 1655 3098 creditur
1701 3059 1770 3098 ex
1795 3057 1839 3117 α
1875 3035 2076 3092 Filium
2100 3037 2404 3108 Dei,quem
2446 3039 2500 3093 in
2545 3040 2762 3096 duabus
2796 3042 3014 3098 naturis
3037 3045 3452 3112 'essentialiter,

182 3142 374 3187 sancta
403 3142 462 3188 et
515 3132 796 3188 ineﬂabili
845 3133 1144 3199 Triuitate,
1189 3135 1476 3188 Romanus
1529 3135 1772 3204 p0pulus

181 3226 429 3294 resistit;
468 3228 581 3298 jam
601 3241 713 3282 non
744 3234 957 3280 tantum
987 3227 1113 3292 iste,
1139 3226 1235 3296 qui
1257 3227 1469 3282 erroris
1507 3227 1595 3281 sui
1623 3227 1805 3281 tcue-"‘

182 3311 299 3369 bris
326 3325 666 3380 excaecatus,
693 3314 982 3370 diabolica:
1015 3316 1224 3370 semina
1271 3314 1505 3370 nefanda
1547 3316 1772 3370 zizaniae

187 3405 332 3461 hanc
408 3415 665 3462 sanctam
716 3407 1050 3462 sententiam
1123 3408 1345 3474 asserit,
1409 3409 1770 3463 verumetiam

181 3494 360 3550 omnis
385 3496 715 3551 antedictus
748 3497 998 3568 populus
1031 3496 1333 3553 haereticus
1365 3497 1535 3571 (quod
1570 3499 1770 3568 absit!)

179 3601 299 3643 esse
353 3588 740 3644 convincitur.
801 3589 858 3644 Si
909 3597 1094 3644 autem
1149 3605 1326 3659 usque
1361 3591 1430 3645 ad
1460 3592 1643 3646 aemuli
1687 3593 1771 3647 sui

179 3681 538 3747 praesentiam
595 3681 807 3737 eisdem
875 3682 1164 3738 monachis
1227 3682 1435 3738 ibidem
1503 3685 1774 3738 remorari

180 3774 525 3842 volentibus,
561 3791 674 3846 quo
721 3774 842 3845 ipso
885 3782 1162 3845 praesente
1184 3790 1350 3831 causa
1379 3791 1572 3831 eorum
1613 3791 1773 3845 aequo

179 3864 374 3921 ordine
411 3867 846 3932 terminaretur,
890 3867 1132 3938 populus
1187 3867 1420 3933 restitit,
1448 3868 1674 3946 stultus,
1717 3875 1774 3922 et

179 3955 405 4028 iniquus
427 3969 558 4015 erat
586 3959 736 4013 idem
786 3961 1049 4030 populus,
1103 3960 1200 4030 qui
1249 3960 1596 4016 audientiam
1640 3962 1769 4032 jure

179 4047 509 4114 petentibus
539 4046 840 4118 denegavit
861 4063 1069 4118 eosque
1085 4064 1115 4103 a
1137 4049 1253 4104 suis
1277 4050 1551 4105 violenter
1569 4050 1774 4120 repulit

177 4137 532 4208 regionibus.
564 4139 687 4194 Huc
713 4141 1012 4196 attendant
1037 4149 1094 4197 et
1132 4142 1548 4198 confundantur
1591 4141 1650 4197 hi
1675 4142 1772 4213 qui

177 4231 375 4287 exinde
399 4249 502 4289 eos
537 4232 713 4288 fuisse
728 4233 1007 4303 jactitant.

242 4321 409 4377 Nunc
441 4338 578 4394 qum
633 4322 746 4378 sint
795 4323 1090 4393 sequentia
1133 4322 1444 4378 videamus.
1495 4322 1652 4388 Sero,
1694 4322 1773 4376 ius

176 4412 313 4481 quit,
337 4413 719 4483 probavimus
742 4414 1073 4485 prophetica
1099 4414 1420 4484 Apostplum
1440 4430 1576 4470 voce
1601 4414 1774 4470 dixis-

176 4517 232 4558 se
261 4505 307 4537 ³ο
344 4505 403 4560 in
452 4505 790 4561 novissimis
832 4507 1034 4561 diebus
1075 4505 1285 4560 instare
1318 4516 1571 4575 tempora
1620 4506 1771 4576 peri-

178 4596 361 4651 culosa
427 4606 489 4652 et
546 4596 695 4652 fore.
743 4598 997 4653 homines
1049 4599 1134 4653 sui
1182 4608 1400 4654 tantum
1456 4605 1771 4666 amatores,

178 4687 450 4746 habentes
503 4691 746 4746 formam
797 4690 1045 4762 pietatis,
1101 4691 1368 4745 virtutem
1415 4699 1600 4745 autem
1653 4690 1772 4761 ejus

178 4777 547 4850 abnegantes,
568 4787 626 4834 et
651 4779 728 4834 ita
757 4795 878 4834 esse
909 4779 1266 4847 vitandosgSi
1290 4779 1524 4834 formam
1550 4779 1774 4848 pietatis

177 4884 282 4925 non
310 4873 595 4928 virtutem
639 4871 965 4943 judicantur
1011 4871 1239 4936 habere,
1273 4869 1367 4942 qui
1405 4869 1644 4924 ﬁdeliter
1673 4885 1769 4924 ca-

178 4958 395 5017 tholicis
447 4961 817 5034 dogmatibus
871 4962 1269 5032 acquiescunt:
1331 4969 1542 5031 quanto
1597 4961 1770 5029 magis

178 5066 277 5108 nec
304 5053 488 5124 ipsam
517 5055 758 5109 formam
792 5054 1015 5124 pietatis
1055 5053 1286 5117 habere,
1335 5053 1432 5108 sed
1480 5053 1771 5108 evidenter

174 5146 324 5214 impii
340 5145 647 5218 judicandi
672 5155 824 5210 sunt,
839 5146 934 5216 qui
955 5145 1239 5200 Christum
1266 5145 1464 5200 Filium
1481 5145 1578 5200 Dei
1597 5159 1770 5200 unum

176 5251 291 5293 esse
313 5248 534 5310 negant
585 5254 653 5293 ex
675 5246 865 5293 sancta
889 5247 948 5292 et
985 5237 1222 5292 terribili
1271 5236 1584 5291 Trinitate?
1614 5237 1771 5294 Unde

175 5343 280 5384 non
321 5330 434 5397 illi,
493 5329 602 5385 sed
651 5329 743 5384 isti
778 5329 965 5399 potius
996 5328 1082 5385 sui
1133 5336 1430 5391 amatores,
1465 5335 1523 5383 et
1555 5328 1770 5383 vitandi

171 5415 321 5488 juxta
350 5417 699 5489 Apostolum
727 5416 1015 5472 verissime
1035 5415 1366 5482 edocentur,
1400 5416 1497 5487 qui
1526 5416 1770 5486 propriis

176 5509 390 5584 decepti
414 5508 814 5584 opinionibus,
842 5510 1112 5564 resistunt
1141 5500 1503 5578 apertissima:
1523 5508 1768 5564 veritati.

239 5691 338 5747 ³⁸11
363 5693 519 5748 Tim.
544 5707 634 5754 ιιι,
662 5693 782 5754 1-5.
877 5691 918 5723 ⁸¹
946 5691 1140 5746 Matth.
1164 5709 1220 5756 v,
1248 5692 1338 5746 ll.
1413 5691 1457 5724 ³²
1482 5693 1648 5749 Prov.
1675 5691 1866 5791 ιιιὶδο

586 5785 856 5849 ΡΑτιιοι..
901 5786 1016 5850 Gtt.
1061 5786 1418 5851 LXXXVI.

1878 3130 1992 3186 sive
2009 3131 2162 3202 juxta
2176 3132 2637 3201 compositionem
2653 3133 2923 3188 unitiouis
2960 3142 3016 3189 et
3046 3133 3458 3194 inc-onfusionis

1876 3221 2040 3278 docet
2054 3221 2192 3278 fides
2208 3221 2502 3289 catholica,
2523 3223 2882 3289 conﬁtentur,
2901 3234 2957 3280 et
2979 3225 3090 3282 illis
3102 3226 3325 3296 quidem
3353 3228 3386 3282 Ιι
3395 3245 3458 3284 ιι-

1869 3315 2215 3386 jus'falsitas,
2274 3332 2387 3371 non
2410 3317 2586 3372 solum
2607 3316 2822 3371 auferet
2849 3317 3012 3384 nihil,
3040 3334 3232 3374 verum
3283 3319 3455 3376 etiam

1874 3404 2102 3458 multam
2129 3421 2284 3475 spem
2307 3405 2669 3460 beatitudinis
2687 3403 2924 3472 confert,
2945 3406 3180 3464 Domino
3195 3407 3416 3464 dicente
3438 3427 3455 3464 ε

1874 3496 2027 3551 Beati
2052 3498 2175 3552 estis
2212 3515 2331 3552 eum
2357 3514 2445 3552 vos
2475 3495 2910 3570 exprobraverint
2968 3499 3225 3564 homines,
3256 3511 3304 3554 et
3336 3517 3459 3573 per-

1873 3588 2036 3641 secuti
2066 3587 2281 3657 fuerint,
2318 3597 2366 3642 et
2394 3588 2626 3642 dixerint
2673 3604 2826 3643 omne
2865 3586 3080 3644 verbum
3115 3589 3319 3645 malum
3355 3593 3458 3646 ad-

1875 3694 2054 3732 versus
2075 3694 2163 3732 vos
2198 3680 2506 3733 mentientes
2529 3689 2746 3750 propter
2773 3695 2854 3733 me
2877 3679 2944 3745 ³¹,
2970 3677 3075 3736 sibi
3104 3691 3291 3736 autem
3330 3695 3460 3752 per-

1875 3776 2095 3838 petuam
2114 3770 2234 3823 sine
2257 3769 2427 3824 dubio
2444 3770 2682 3824 contulit
2703 3781 2937 3826 mortem
2955 3770 3105 3842 ;guia
3123 3771 3294 3842 falsus
3312 3775 3458 3828 testis

1874 3877 1979 3915 non
2012 3862 2114 3915 erit
2138 3861 2430 3933 impunitus
2457 3861 2524 3915 ³³.
2563 3860 2661 3918 His
2686 3860 2762 3918 ita
2793 3861 2990 3928 ﬁnitis,
3051 3863 3225 3919 multa
3251 3872 3307 3920 et
3344 3881 3459 3924 non

1874 3954 2190 4009 necessaria
2218 3953 2288 4009 de
2319 3953 2481 4009 libris
2501 3953 2690 4010 Fausti
2713 3955 3000 4026 cujusdam
3034 3955 3174 4013 Galli
3207 3958 3458 4031 episcopi

1875 4045 1931 4098 in
1962 4045 2432 4116 consequentibus
2456 4045 2730 4115 loquitur,
2776 4061 2881 4101 nec
2923 4047 2993 4103 ad
3026 4048 3082 4103 id
3131 4050 3282 4119 quod
3308 4067 3459 4120 quae-

1876 4135 2038 4198 ritur,
2083 4135 2448 4206 respondens,
2498 4135 2596 4190 sed
2647 4135 2756 4190 alia
2810 4136 3004 4192 nescio
3067 4153 3192 4208 quae
3235 4139 3304 4194 ad
3339 4155 3458 4196 rem

1875 4241 1990 4281 non
2017 4225 2351 4297 pertinentia
2402 4225 2552 4280 inani
2605 4233 2662 4282 et
2687 4226 2905 4298 prolixo
2946 4242 3203 4284 sermone
3228 4231 3456 4303 digerit.

1880 4317 2018 4372 Nam
2047 4331 2173 4372 cum
2204 4315 2274 4371 de
2309 4315 2449 4386 ipsis
2475 4315 2654 4382 libris,
2685 4332 2798 4372 non
2847 4325 3035 4373 utrum
3070 4319 3290 4392 legendi
3320 4322 3456 4398 sint,

1877 4406 1974 4464 sed
2032 4416 2223 4462 utrum
2267 4407 2384 4463 sint
2421 4407 2708 4476 catholici,
2749 4417 3009 4466 vertatur
3041 4413 3298 4482 quaestio,
3346 4413 3456 4472 ista

1874 4513 1988 4552 non
2016 4497 2086 4554 de
2113 4497 2248 4568 ipsis
2280 4496 2417 4568 quid
2439 4497 2795 4554 sentiendum
2827 4499 2921 4566 sit,
2949 4499 3048 4557 sed
3075 4516 3174 4558 eos
3201 4504 3457 4574 quamvis

1875 4606 1987 4646 non
2008 4592 2337 4648 auctoritate
2363 4591 2676 4658 habendos,
2704 4600 2889 4649 tamen
2915 4593 3182 4665 legendos
3213 4611 3337 4655 esse
3353 4597 3456 4656 de-

1876 4684 2074 4740 cernit.
2117 4684 2536 4751 Verumtamen,
2590 4683 2722 4754 quia
2750 4700 2848 4740 eos
2875 4684 3053 4742 libros
3076 4703 3218 4758 quos
3257 4691 3458 4749 beatus

1878 4776 2228 4847 Augustinus
2262 4775 2559 4847 episcopus
2581 4776 2648 4830 ad
2683 4775 2954 4832 Hilarium
2985 4779 3212 4850 scripsit
3239 4789 3295 4837 et
3327 4783 3460 4838 Pro-

1883 4882 2108 4938 sperum
2145 4866 2202 4922 in
2253 4868 2360 4923 fine
2398 4867 2565 4939 hujus
2597 4867 2846 4938 epistolae
2880 4869 3187 4928 Romanam
3222 4881 3460 4931 testatur
3500 4856 3504 4862 ’

1878 4961 2163 5030 suscipere
2177 4959 2502 5027 Ecclesiam,
2529 4969 2587 5016 et
2609 4959 2742 5030 quid
2767 4961 2836 5017 de
2866 4961 3044 5034 gratia
3065 4963 3186 5031 Dei,
3203 4974 3262 5022 et
3282 4966 3460 5023 libero

1880 5051 2125 5107 humano
2156 5051 2389 5107 arbitrio
2414 5051 2607 5109 eadem
2629 5060 2816 5110 teneat
2864 5064 2924 5111 et
2961 5064 3146 5113 servet
3187 5055 3456 5126 Ecclesia,

1879 5157 1948 5198 ex
1983 5142 2118 5213 ipsis
2147 5142 2308 5198 libris
2334 5141 2561 5198 abunde
2592 5157 2756 5214 posse
2790 5143 2921 5200 sciri
2948 5146 3171 5213 asserit,
3196 5147 3462 5202 omitten-

1883 5239 2072 5290 tes'ea
2117 5249 2240 5305 quae
2287 5233 2568 5304 superﬂue
2623 5243 2682 5289 et
2728 5235 2944 5305 prolixe
2987 5236 3045 5292 in
3100 5236 3218 5308 ipsa
3249 5237 3474 5313 digesta

1879 5328 2188 5398 probantur
2213 5328 2468 5398 epistola.
2505 5328 2845 5384 conveniens
2875 5329 3090 5385 credidi
3123 5330 3309 5400 aliqua
3347 5339 3460 5386 tam

1880 5420 1950 5476 de
1981 5419 2170 5476 Fausti
2215 5435 2382 5491 quam
2416 5420 2484 5475 de
2524 5419 2826 5475 antedictis
2866 5419 3025 5475 libris
3051 5419 3298 5492 ejusdem
3329 5436 3475 5480 san--

1881 5511 1954 5567 cti
1997 5511 2306 5584 Augustini
2364 5520 2518 5567 certa
2559 5511 2801 5582 capitula
2841 5511 3179 5583 decerpere,
3241 5523 3299 5570 et
3328 5509 3476 5576 balet

2988 5760 3046 5837 Ε,
