3984 6296
498 222 505 227 ’
520 217 621 282 107

1761 217 2086 279 JOANNIS
2125 215 2511 279 ΜΑΧΕΝΤΙΙ

3694 213 3799 279 108

517 336 710 383 nostro
739 326 1012 397 opusculo
1036 326 1302 391 inserere,
1332 334 1397 380 ut
1439 338 1565 380 cum
1611 324 1669 380 in
1695 324 1865 381 ’brevi
1896 325 2096 381 collata
2127 333 2172 391 Α
2270 323 2523 393 Denique
2563 332 2689 394 post
2736 323 3020 395 aliquanta
3065 337 3183 393 qua
3201 321 3277 377 ibi
3330 321 3399 377 de
3444 321 3605 377 initio
3643 323 3797 390 ﬁdei,

444 465 450 477 .
515 417 583 473 .td
611 416 852 473 invicem
886 415 1167 471 contraria
1197 414 1302 470 sibi
1334 422 1557 485 reperta
1585 414 1822 479 fuerint,
1862 413 2097 469 eviden-

462 502 474 519 '
518 526 600 564 .er
632 510 860 573 clareat,
890 508 1067 563 libros
1116 506 1305 562 Fausti
1351 521 1474 561 esse
1521 505 1840 561 haereticos.
1893 505 2100 574 Sicque

480 640 485 649 .
518 600 927 657 confundantur
952 614 1168 663 omnes,
1215 597 1312 667 qui
1344 612 1443 652 eos
1490 597 1765 652 hactenus
1794 596 2103 651 defendunt

458 690 842 749 "catholicos.
874 690 1123 758 Quorum
1170 691 1435 761 princeps
1478 698 1535 745 et
1589 697 1788 744 auctor
1834 695 1922 744 est
1976 702 2137 758 pos-4

464 766 477 811 ³ο
516 796 703 838 sessor
736 779 1033 836 Africanus
1051 780 1377 849 episcopus,
1404 778 1451 833 si
1482 787 1667 833 tamen
1694 778 1751 832 in
1796 778 1903 833 hac
1944 784 2103 848 parte

460 866 469 943 ξ
516 891 630 932 non
662 874 830 945 hujus
862 879 1088 943 reputat
1119 871 1482 936 sententiam,
1519 871 1703 943 cujus,
1746 879 1811 925 ut
1844 869 2105 925 Christus

499 967 692 1024 *Filius
718 968 818 1021 Dei
850 965 988 1030 vivi,
1031 963 1127 1035 qui
1175 978 1281 1034 pro
1316 964 1561 1018 humana
1614 963 1796 1018 salute
1834 963 1891 1017 in
1931 974 2104 1018 carne

516 1070 603 1116 est
631 1058 933 1116 cruciﬁxus
964 1073 1112 1112 unus
1143 1064 1381 1128 negetur
1406 1072 1476 1112 ex
1508 1055 1809 1121 Trinitate,
1847 1069 2105 1127 magnam

517 1152 783 1227 prmdicat
810 1150 1229 1206 auctoritatem.
1254 1149 1365 1205 Sed
1396 1156 1696 1219 antequam
1728 1149 1847 1219 ipsa
1879 1163 1910 1203 a
1940 1147 2108 1204 nobis

517 1245 841 1299 inserantur
860 1242 1125 1311 capitula,
1172 1240 1308 1310 quid
1347 1240 1548 1295 beatus
1594 1238 1939 1309 Augustinus
1971 1239 2108 1309 ipsis

518 1332 679 1390 libris
707 1334 970 1390 defendat
999 1341 1056 1388 et
1094 1340 1325 1397 statuat,
1381 1331 1518 1401 quid
1561 1347 1593 1388 e
1645 1339 1840 1387 contra
1868 1331 2109 1387 Faustus
2138 1332 2143 1337 ’

520 1429 577 1483 in
604 1427 721 1482 suis
754 1435 989 1482 conetur
1032 1434 1313 1492 astruere,
1362 1423 1612 1478 breviter
1645 1423 1918 1478 lectorem
1969 1438 2111 1493 prae-

519 1534 748 1574 monere
781 1517 1164 1573 necessarium
1188 1516 1424 1581 credidi,
1455 1531 1567 1586 quo
1601 1515 1766 1573 facile
1793 1530 1990 1571 eorum
2027 1514 2112 1569 in.

511 1612 803 1668 tentiones
833 1612 1157 1666 discernere
1191 1610 1394 1665 valeat.

2201 416 2353 488 quod
2382 414 2546 471 nobis
2573 416 2679 491 nisi
2704 416 2949 487 desuper
3002 415 3124 470 dari
3162 414 3495 471 certissimis
3524 415 3802 485 approbat

2200 507 2572 573 documentis,
2607 507 2952 579 exprobrans
2999 507 3153 562 hunc
3205 522 3432 563 sensum
3463 547 3480 573 ,
3535 506 3709 562 infert
3739 515 3801 562 et

2201 595 2384 652 dicit:
2430 596 2642 652 Nolens
2695 612 2831 669 ergo
2886 607 2999 652 tam
3042 597 3207 653 claris
3250 598 3585 655 testimoniis
3631 614 3801 670 repu-

2201 704 2389 761 gnare,
2439 698 2496 744 et
2540 699 2726 745 tamen
2778 690 2971 746 volens
3031 706 3062 745 a
3111 692 3297 761 seipso
3324 691 3431 746 sibi
3478 707 3601 748 esse
3646 693 3801 763 quod

2202 782 2404 847 credit,
2439 781 2598 852 quasi
2628 782 2916 852 componit
2946 781 3115 837 homo
3149 799 3276 839 cum
3311 785 3446 850 Deo,
3484 794 3546 840 ut
3577 792 3800 855 partem

2203 873 2311 928 sibi
2343 873 2470 929 ﬁdei
2507 874 2775 939 vindicet,
2823 883 2989 946 atque
3023 875 3102 930 illi
3125 885 3339 946 partem
3374 877 3655 948 relinquat
3693 895 3708 932 :
3743 887 3801 933 et

2203 964 2354 1034 quod
2383 976 2468 1021 est
2496 966 2719 1030 elatius,
2759 966 2996 1036 primam
3033 966 3164 1031 sibi,
3198 979 3528 1037 sequentem
3560 970 3661 1023 dat
3691 969 3795 1035 illi,

2203 1064 2260 1111 et
2290 1056 2348 1111 in
2378 1072 2446 1113 eo
2467 1057 2616 1128 quod
2640 1072 2762 1112 esse
2790 1056 2941 1112 dicat
2966 1057 3257 1113 amborum
3281 1060 3522 1128 primum
3549 1075 3610 1115 se
3641 1060 3798 1124 facit,

2204 1147 2582 1218 posteriorem
2634 1149 2833 1203 Deum.
2869 1148 2978 1203 Sed
3016 1148 3252 1204 Faustus
3292 1150 3575 1221 (inquiunt
3609 1151 3667 1204 hi
3706 1152 3802 1220 qui

2206 1256 2333 1295 eum
2350 1241 2684 1297 catholicum
2711 1250 2984 1296 conantur
3006 1240 3358 1308 defendere),
3376 1243 3587 1312 primas
3610 1250 3801 1312 partes

2207 1347 2321 1387 non
2355 1332 2591 1398 homini,
2641 1333 2738 1389 sed
2765 1334 2955 1404 gratiae
2990 1333 3090 1388 Dei
3124 1334 3341 1389 tribuit.
3375 1334 3513 1389 Nam
3552 1335 3608 1389 in
3638 1343 3800 1389 sexto

2207 1426 2455 1499 ejusdem
2481 1425 2612 1481 libri
2638 1426 2820 1497 capite
2858 1440 2983 1480 cum
3015 1424 3266 1495 Apostoli
3305 1427 3637 1481 sententiam
3679 1427 3801 1482 dis-

2207 1526 2440 1585 sereret,
2477 1520 2553 1575 ita
2584 1520 2664 1573 ait
2701 1535 2717 1573 :
2750 1518 2938 1575 Gratia
2960 1518 3081 1584 Dei,
3119 1560 3134 1583 ,
3164 1518 3367 1588 inquit,
3399 1535 3517 1574 sum
3553 1520 3630 1587 id,
3659 1522 3803 1591 quod

2206 1627 2327 1667 sum
2361 1611 2427 1665 “.
2481 1611 2697 1667 Primas
2739 1617 2927 1682 partes
2978 1610 3081 1664 soli
3113 1611 3315 1681 gratiae
3363 1610 3454 1679 pie
3508 1610 3803 1680 subjectus

591 1702 766 1775 Igitur
812 1701 962 1757 idem
1014 1709 1242 1757 sanctus
1279 1699 1627 1773 Augustinus
1672 1699 1748 1754 ita
1798 1698 2107 1755 humanum
2136 1692 2180 1750 Β
2209 1701 2461 1769 ascribit,
2493 1703 2677 1758 media
2706 1718 2940 1774 quaeque
2974 1701 3187 1758 laboris
3223 1702 3544 1772 magisterio
3575 1712 3633 1758 et
3655 1702 3801 1759 obe-

521 1795 818 1851 arbitrium
850 1794 1103 1857 liberum
1139 1794 1326 1860 docet,
1358 1802 1420 1849 ut
1453 1792 1811 1858 illuminatio,
1842 1792 2024 1849 virtus
2045 1799 2105 1848 et

519 1890 672 1944 salus
707 1888 787 1943 illi
821 1901 851 1943 a
878 1886 1106 1943 Christo
1135 1896 1193 1943 et
1227 1903 1332 1958 per
1359 1886 1642 1943 Christum
1682 1894 1740 1941 et
1780 1900 1907 1941 cum
1939 1884 2105 1942 Chri-

521 1991 609 2037 sto
642 1982 733 2037 sit.
766 1979 1006 2035 Faustus
1034 1995 1169 2035 vero
1195 1980 1272 2035 ita
1318 1980 1558 2035 liberum
1599 1979 1979 2036 Christianum
2018 1992 2109 2033 ar-

518 2074 749 2129 bitrium
783 2073 987 2129 docere
1019 2079 1278 2139 conatus,
1317 2078 1379 2126 ut
1413 2071 1773 2138 illuminatio,
1807 2071 2012 2138 virtus,
2050 2079 2109 2127 et

524 2166 693 2231 salus,
718 2180 833 2220 non
866 2179 897 2220 a
928 2164 1172 2231 Christo,
1212 2164 1312 2220 sed
1343 2173 1542 2220 natura
1568 2166 1663 2220 sit.
1690 2165 1761 2221 Et
1787 2172 1850 2220 ut
1877 2164 2107 2236 planum

524 2262 619 2315 fiat
685 2259 839 2329 quod
884 2258 1145 2325 dicimus,
1188 2258 1285 2313 ille
1341 2274 1445 2314 nos
1486 2258 1863 2324 Christianos,
1915 2257 2110 2313 fideles

521 2358 689 2421 atque
716 2348 1046 2403 obedientes
1070 2349 1188 2403 D‘eo
1210 2348 1513 2403 salubriter
1550 2362 1653 2417 per
1686 2349 1919 2419 gratiam
1941 2347 2110 2404 Chri-

523 2440 620 2505 sti,
681 2455 846 2510 quam
902 2439 1067 2495 nobis
1113 2453 1217 2509 per
1267 2438 1677 2495 incarnationis
1721 2455 1837 2497 sua!
1882 2440 2112 2497 donavit

524 2532 870 2604 praesentiam
891 2572 905 2597 ,
938 2546 1060 2587 esse
1086 2529 1282 2587 deﬁnit
1312 2548 1326 2586 :
1360 2531 1487 2597 iste,
1515 2532 1671 2603 juxta
1699 2532 1930 2602 profana
1958 2548 2112 2588 com-

520 2634 711 2681 menta
733 2624 939 2696 Pelagii
966 2624 1297 2679 naturaliter
1328 2638 1453 2680 esse
1494 2624 1783 2680 discernit.
1834 2624 2109 2682 Refutans

524 2733 765 2789 namque
795 2717 992 2774 callide
1015 2717 1265 2788 ejusdem
1297 2716 1504 2788 Pelagii
1556 2733 1805 2786 sensum,
1859 2726 1918 2774 et
1949 2718 2109 2790 quasi

518 2810 895 2881 exprobrans,
952 2809 1104 2882 quod
1158 2809 1388 2865 omnino
1426 2809 1636 2867 Christi
1664 2811 1954 2885 negaverit
1987 2828 2112 2884 gra-

530 2902 683 2968 tiam,
745 2918 965 2960 necnon
999 2911 1057 2957 et
1092 2900 1237 2963 illos.
1296 2901 1393 2972 qui
1444 2903 1614 2959 nullis
1662 2904 2111 2975 praecedentibus

527 2993 751 3050 meritis
793 2996 951 3067 juxta
990 2992 1317 3065 Apostolum
1365 2994 1603 3066 gratiam
1651 2995 1753 3052 Dei
1789 2995 2112 3051 hominibus
2135 3035 2182 3095 ο

516 3086 648 3144 ’dari
676 3086 922 3143 fatentur
954 3086 1020 3153 ³³,
1056 3087 1177 3157 ipse
1208 3084 1364 3157 quasi
1399 3086 1846 3157 sapientissimus
1881 3096 1940 3143 et
1979 3103 2113 3158 pru—

526 3178 885 3235 dentissimus
915 3193 1097 3234 novus
1130 3194 1289 3233 nova:
1332 3178 1625 3249 pravitatis
1659 3180 1947 3250 apostolus
1971 3194 2100 3250 gra-

529 3271 660 3325 tiam
693 3268 793 3324 Dei
820 3267 1126 3325 secundum
1162 3268 1422 3322 meritum
1460 3267 1590 3323 ﬁdei
1635 3276 1695 3323 et
1751 3268 1962 3323 laboris
2005 3265 2109 3321 da-

531 3360 617 3425 ri,
651 3358 852 3414 nititur
901 3358 1161 3424 edocere,
1224 3365 1285 3411 ut
1332 3358 1447 3429 jam
1501 3358 1585 3413 sic
1630 3357 1730 3412 Dei
1769 3358 1949 3429 gratia
1997 3372 2110 3413 non

518 3451 603 3505 "sit
667 3450 865 3521 gratia.
925 3448 1064 3505 Nam
1125 3464 1252 3505 cum
1325 3464 1491 3507 nemo
1539 3449 1771 3505 obediat
1833 3450 1952 3506 sive
2023 3450 2107 3506 la-

512 3534 692 3599 boret
731 3543 839 3598 nisi
872 3543 1089 3609 volens,
1148 3558 1314 3598 nemo
1354 3544 1514 3609 velit,
1563 3544 1673 3599 nisi
1709 3544 1905 3599 scierit
1954 3544 2108 3616 quod

528 3632 582 3687 ci
612 3633 912 3688 conveniat
950 3633 1231 3700 laborare,
1280 3633 1382 3690 iste
1422 3642 1552 3704 post
1592 3635 1884 3691 scientiam
1926 3645 1984 3691 et
2012 3653 2111 3693 vo-

528 3724 799 3779 luntatem
832 3739 930 3779 seu
963 3724 1343 3781 obedientiam
1378 3726 1623 3783 humano
1654 3725 1832 3799 labqri
1857 3727 2110 3799 adjungit

530 3815 725 3886 gratiae
770 3815 1134 3886 adjutorium,
1200 3823 1263 3871 ut
1316 3816 1579 3873 videlicet
1627 3798 1802 3889 gratia
1854 3798 2109 3874 etilabior

529 3905 833 3974 humanus,
889 3906 1049 3978 cujus
1099 3906 1531 3977 possibilitatem
1579 3924 1693 3965 non
1727 3924 1829 3979 per
1857 3908 2108 3964 eamdem

529 3994 802 4065 gratiam,
845 3992 943 4049 sed
972 3995 1307 4051 naturaliter
1340 3997 1522 4053 inesse
1573 3996 1833 4053 omnibus
1881 3996 2106 4065 asserit,

526 4087 741 4157 pariter
775 4088 997 4155 sociati,
1049 4089 1263 4160 reliqua
1315 4089 1607 4160 perﬁciant
1644 4105 1833 4162 opera,
1900 4101 1959 4147 et
2002 4091 2109 4148 hoc

514 4166 753 4249 quidem
782 4194 840 4236 se
877 4180 1177 4251 pollicetur
1213 4180 1535 4239 defendere.
1564 4183 1764 4239 Postea
1793 4192 1982 4239 autem
2004 4184 2109 4239 im-

528 4286 745 4328 memor
780 4272 869 4328 sui
902 4273 1189 4343 promissi,
1241 4281 1413 4329 totam
1447 4276 1667 4345 plenius
1700 4276 1932 4349 gratiam
1977 4291 2108 4332 eva-

2207 1794 2437 1851 dientia:
2469 1794 3033 1865 deputat,utrumque
3064 1795 3121 1849 in
3167 1794 3650 1849 consummatione
3681 1810 3804 1849 mo-

2206 1881 2432 1939 deratus
2460 1881 2692 1954 gratiam
2714 1881 3079 1953 laboremque
3104 1882 3416 1953 conjungit.
3470 1883 3595 1937 Non
3633 1882 3799 1950 dicit,

2206 1975 2322 2047 Ego
2343 1976 2464 2031 sine
2494 1975 2698 2048 gratia,
2725 1983 2821 2031 aut
2846 1975 3023 2048 gratia
3050 1976 3171 2031 sine
3198 1991 3307 2038 me,
3336 1975 3433 2031 scd
3484 1975 3676 2032 Gratia
3702 1976 3801 2030 Dei

2206 2084 2411 2123 mecum
2432 2068 2497 2123 ³⁵.
2517 2067 2624 2123 Sed
2640 2067 2892 2139 gratiam,
2916 2068 3007 2123 cui
3038 2069 3146 2123 hoc
3178 2068 3304 2122 loco
3319 2067 3558 2123 Faustus
3588 2068 3804 2137 primas

2160 2170 2176 2187 ‘
2204 2170 2389 2233 partes
2420 2161 2636 2226 tribuit,
2663 2177 2775 2218 non
2797 2175 2920 2216 eam
2947 2176 3071 2232 quae
3096 2177 3195 2231 per
3220 2160 3491 2231 Spiritum
3526 2170 3791 2217 sanctum

2206 2254 2289 2319 fit,
2323 2263 2386 2310 ut
2412 2255 2659 2311 Verbum
2684 2255 2784 2310 Dei
2821 2254 3136 2310 forinsecus
3170 2254 3452 2309 intonanti
3499 2270 3798 2312 assensum

2206 2346 2570 2421 praebeamus,
2606 2355 2665 2401 et
2691 2346 3025 2402 obedientes
3044 2344 3353 2402 efﬁciamur
3386 2387 3401 2413 ,
3447 2346 3545 2402 sed
3589 2348 3800 2417 praedi-

2208 2436 2482 2493 cationem
2508 2436 2825 2492 divinorum
2870 2437 3074 2492 asserit
3128 2436 3515 2507 cloquiorum,
3550 2447 3612 2493 ut
3641 2439 3806 2494 vide-

2204 2529 2338 2585 licet
2373 2529 2565 2601 gratiae
2610 2530 2684 2585 sit
2734 2527 2883 2600 quod
2915 2527 3078 2583 nobis
3119 2528 3306 2585 divina
3339 2530 3561 2601 eloquia
3591 2532 3804 2601 praedi-

2206 2628 2405 2678 cantur
2431 2637 2447 2676 :
2478 2630 2730 2677 nostrum
2770 2629 2957 2675 autem
2981 2620 3073 2687 sit,
3094 2630 3155 2675 ut
3184 2621 3368 2676 eidem
3398 2622 3801 2692 pradicationi
3839 2623 3844 2626 ’

2209 2715 2646 2772 consentiamus.
2683 2715 2935 2786 Denique
2977 2716 3034 2770 in
3076 2715 3258 2786 capite
3291 2716 3564 2788 vigesimo
3597 2725 3805 2773 octavo

2209 2806 2457 2879 ejusdem
2483 2806 2614 2861 libri
2648 2806 2817 2877 primi
2868 2806 3155 2863 disserens
3191 2808 3539 2865 Dominicam
3571 2818 3808 2867 senten-

2211 2897 2371 2964 tiam,
2404 2912 2512 2967 qua
2548 2898 2627 2952 ait
2660 2915 2672 2950 :
2704 2897 2871 2952 Nemo
2902 2899 3041 2953 venit
3076 2899 3148 2953 ad
3172 2916 3253 2953 me
3282 2901 3385 2954 nisi
3424 2899 3589 2955 Pater
3618 2909 3805 2957 attra-

2210 2988 2352 3043 xerit
2410 2986 2530 3042 eum
2570 2988 2635 3053 '°,
2673 2988 2747 3043 ita
2786 2989 2933 3044 inter
2986 2998 3187 3045 caetera
3229 2991 3499 3061 loquitur.
3553 2989 3801 3059 Clamat,

2213 3078 2418 3151 inquit,
2454 3080 2734 3147 voluntas,
2774 3081 2907 3151 quia
2943 3082 3059 3136 sola
3106 3098 3207 3153 per
3255 3097 3315 3138 se
3363 3084 3573 3138 elevari
3615 3085 3806 3140 nescit

2212 3170 2531 3227 inﬁrmitas.
2593 3171 2675 3227 Ita
2728 3172 2998 3229 Dominus
3049 3174 3284 3229 attrahit
3341 3160 3802 3243 desiderantem,

2210 3262 2376 3333 erigit
2409 3262 2778 3319 adnitentem.
2826 3264 2971 3331 Quid
2994 3274 3083 3320 est
3107 3273 3294 3321 autem
3328 3265 3637 3331 attrahere,
3685 3266 3804 3321 nisi

2210 3354 2560 3426 praedicare,
2609 3355 2721 3411 nisi
2776 3355 3125 3427 Scripturam
3175 3357 3663 3414 consolationibus
3705 3374 3806 3413 ex-

2210 3449 2421 3514 citare,
2483 3448 2967 3519 increpationibus
3029 3450 3317 3506 deterrere
3349 3492 3364 3517 ,
3425 3451 3805 3507 desideranda

2208 3556 2542 3611 proponere,
2577 3541 2860 3597 intentare
2894 3543 3217 3609 metuenda,
3258 3543 3532 3616 judicium
3559 3546 3806 3599 commi-

2210 3632 2355 3698 nari,
2392 3632 2680 3702 praamium
2710 3631 3004 3703 polliceri?
3034 3634 3193 3699 Quod
3227 3634 3273 3689 si
3299 3635 3417 3689 sola
3440 3635 3800 3705 praedicatio,

2210 3724 2355 3780 sicut
2402 3725 2506 3780 iste
2538 3724 2889 3797 vult,gratia
2934 3725 3035 3781 Dei
3088 3727 3369 3783 credenda
3395 3737 3500 3792 est,
3536 3744 3665 3798 quas
3699 3746 3805 3800 per

2208 3814 2397 3871 Jesum
2426 3814 2713 3871 Christum
2766 3815 2914 3872 facta
2942 3826 3067 3885 est;
3112 3833 3251 3890 ergo
3288 3820 3404 3892 jam
3441 3834 3554 3874 non
3597 3819 3803 3877 Salva-

2212 3917 2323 3974 tor,
2359 3907 2454 3964 sed
2505 3907 2839 3979 praedicator
2894 3911 3285 3967 tantummodo
3332 3912 3479 3967 idem
3524 3912 3677 3968 Deus
3725 3923 3787 3970 et

2208 4000 2478 4057 Dominus
2514 4009 2709 4057 noster
2736 4002 2898 4059 Jesus
2929 4001 3210 4069 Christus,
3240 4002 3413 4075 (quod
3435 4001 3647 4074 absit!)
3672 4019 3804 4060 cre-

2209 4092 2428 4149 dendus
2460 4101 2566 4148 est.

2282 4183 2391 4240 Sed
2437 4185 2591 4241 hunc
2621 4185 2901 4243 nefarium
2934 4188 3061 4261 ejus
3093 4203 3319 4245 sensum
3358 4188 3435 4244 ita
3484 4187 3803 4258 exprobrat

2207 4286 2265 4333 et
2294 4276 2504 4333 refutat
2538 4278 2737 4334 beatus
2783 4281 3153 4352 Augustinus,
3210 4282 3459 4351 denique
3494 4297 3619 4335 mox
3661 4288 3798 4351 post

520 4376 695 4418 cuare
734 4363 1107 4429 convincitur,
1135 4362 1377 4435 denique
1399 4365 1455 4419 in
1471 4365 1801 4422 Praefatione
1820 4383 1920 4422 sua
1956 4367 2103 4424 inter
2132 4373 2179 4433 Ι)
2204 4367 2355 4423 illam
2391 4369 2752 4436 sententiam,
2797 4371 2959 4441 cujus
2990 4370 3251 4441 superius
3275 4370 3514 4426 fecimus
3552 4370 3802 4425 mentio-

522 4462 727 4510 czetera
775 4453 851 4507 ita
883 4452 1133 4523 loquitur
1172 4453 1477 4510 :Studium
1520 4455 1747 4529 (inquit)
1796 4459 2107 4516 asserenda:

526 4545 718 4614 gratia:
741 4532 1122 4613 competenter
1153 4553 1209 4600 et
1236 4546 1539 4605 salubriter
1562 4550 1820 4623 suscipit,
1851 4553 1946 4624 qui
1968 4555 2105 4612 obe-

528 4635 796 4691 dientiam
817 4634 1007 4689 famuli
1034 4636 1215 4693 labori
1250 4639 1522 4712 adjungit.

597 4724 666 4781 Et
704 4726 907 4780 iterum
936 4726 992 4780 in
1020 4726 1201 4797 capite
1242 4728 1268 4785 1
1304 4729 1469 4799 primi
1507 4730 1637 4787 libri
1669 4749 1682 4785 :
1717 4731 1773 4790 Si
1799 4749 1933 4806 ergo
1980 4749 2107 4805 par-

530 4818 700 4882 tibus,
739 4819 943 4889 inquit,
986 4819 1362 4890 proprietates
1387 4838 1516 4880 suas
1564 4825 1787 4891 reddas,
1834 4835 1892 4883 et
1942 4826 2107 4882 Chri-

471 4919 478 4949 ε
529 4917 675 4964 stum
696 4909 871 4963 Deum
894 4916 950 4964 et
982 4908 1267 4967 hominem
1302 4911 1499 4968 credas
1528 4921 1585 4969 et
1603 4930 1838 4981 asseras,
1872 4915 2105 4987 perinde

528 5009 614 5056 cst
651 5014 717 5056 ac
763 5000 809 5055 si
849 5001 1082 5071 gratiam
1128 5017 1255 5058 cum
1306 5002 1494 5059 labore
1544 5006 1883 5077 conjungas,
1926 5014 1984 5061 et
2035 5006 2105 5061 ab

530 5091 804 5164 adjutorio
831 5091 933 5147 Dei
974 5101 1231 5148 conatum
1276 5093 1523 5150 hominis
1546 5110 1658 5150 non
1707 5094 1965 5165 repellas.
1998 5093 2102 5149 Cui

529 5180 823 5238 assertioni
852 5180 908 5235 in
928 5181 1110 5253 primo
1161 5197 1358 5238 eorum
1408 5183 1551 5239 libro
1584 5198 1725 5254 quos
1773 5198 1941 5254 supra
1986 5198 2103 5237 me-

528 5275 768 5330 moravit
799 5274 876 5330 ita
900 5274 1233 5330 contradicit
1250 5273 1415 5347 5M
1437 5275 1800 5347 Augustinus,
1820 5285 1883 5332 ut
1902 5276 2103 5331 credas

525 5383 655 5424 cum
697 5376 832 5425 tunc
880 5368 1106 5425 nonnisi
1149 5369 1570 5440 contrascripta
1618 5370 1811 5425 Fausti
1863 5386 2099 5443 respon~

526 5475 681 5517 aere.

2204 4475 2356 4526 nem,
2394 4461 2648 4531 sequitur
2680 4468 2737 4517 et
2759 4461 2897 4517 dicit
2925 4480 2938 4516 :
2970 4462 3093 4517 Non
3118 4463 3201 4517 sic
3228 4462 3356 4532 pius
3393 4472 3562 4532 atque
3587 4461 3789 4535 humi-

2206 4551 2277 4607 lis
2307 4551 2506 4607 doctor
2557 4552 2648 4607 ille
2688 4552 2944 4624 sapiebat
2991 4551 3354 4625 (Cyprianum
3390 4553 3801 4610 beatissimum

2205 4641 2431 4713 loquor)
2457 4642 2552 4712 qui
2577 4641 2715 4697 dicit
2740 4643 2797 4697 in
2830 4643 2986 4698 nullo
3021 4643 3394 4715 gloriandum,
3423 4644 3646 4714 quando
3678 4661 3795 4700 no-

2208 4744 2388 4790 strum
2441 4734 2582 4788 nihil
2633 4734 2727 4790 sit.
2780 4734 2937 4803 Quod
2995 4744 3055 4792 ut
3110 4737 3479 4800 ostenderet,
3530 4736 3806 4793 adhibuit

2212 4823 2537 4894 Apostolum
2588 4833 2784 4880 testem
2839 4825 3122 4881 dicentem
3170 4844 3185 4880 :
3231 4825 3372 4892 Quid
3402 4836 3577 4881 autem
3628 4830 3802 4883 habes

2210 4915 2349 4987 quod
2372 4932 2484 4971 non
2512 4918 2759 4987 accepisti
2778 4918 2802 4971 ?
2821 4920 2867 4971 si
2898 4930 3077 4972 autem
3100 4921 3369 4988 accepisti,
3392 4919 3517 4990 quid
3537 4919 3799 4990 gloriaris

2213 5007 2366 5077 quasi
2411 5023 2516 5059 non
2573 5007 3092 5077 acceperis'VlQuo
3144 5010 3430 5080 praecipuo
3462 5010 3798 5067 testimonio

2210 5097 2377 5152 etiam
2418 5096 2535 5166 ipse
2564 5097 2857 5153 convictus
2884 5114 3028 5164 sum,
3062 5114 3188 5154 cum
3220 5100 3482 5156 similiter
3514 5114 3798 5168 errarem,

2208 5196 2410 5259 putans
2431 5189 2616 5256 ﬁdem,
2635 5205 2743 5260 qua
2774 5191 2830 5245 in
2865 5190 3040 5247 Deum
3073 5191 3376 5256 credimus,
3406 5207 3517 5246 non
3546 5206 3671 5245 esse
3691 5191 3800 5265 (lo-~

2209 5297 2341 5336 num
2364 5282 2483 5347 Dei,
2510 5282 2607 5336 sed
2644 5298 2674 5336 a
2700 5281 2866 5337 nobis
2885 5298 3007 5338 esse
3032 5284 3088 5337 in
3115 5282 3299 5349 nobis,
3317 5290 3375 5339 et
3400 5299 3498 5353 per
3519 5283 3667 5337 illam
3688 5299 3802 5341 nos

2209 5372 2507 5442 impetrare
2524 5372 2621 5427 Dei
2641 5372 2787 5427 dona
2807 5373 3012 5445 quibus
3027 5383 3423 5445 temperanter,
3445 5383 3504 5429 et
3527 5373 3708 5445 juste,
3738 5380 3803 5430 et

2209 5464 2300 5535 pie
2338 5464 2588 5520 vivamus
2613 5466 2668 5520 in
2694 5465 2801 5521 hoc
2835 5466 3060 5522 saeculo.
3082 5465 3274 5537 Neque
3302 5466 3452 5523 enim
3480 5463 3644 5521 fidem
3679 5463 3820 5539 pu-j

598 5636 644 5670 ⁸³
665 5635 823 5692 Rom.
844 5651 920 5704 ιι,
941 5636 974 5695 6
1003 5650 1157 5708 seqq.
1233 5637 1319 5695 “1
1347 5636 1472 5693 Cor.
1500 5637 1697 5723 xv,.lO.
1776 5640 1821 5672 ³³
1845 5639 1986 5694 ibid.
2064 5640 2107 5673 “

2207 5655 2293 5695 an.
2315 5657 2393 5711 vi,
2416 5642 2507 5698 44.
2584 5643 2673 5698 ³τί
2702 5640 2831 5699 Cor.
2854 5661 2926 5713 tv,
2953 5645 3006 5699 7.
