3984 6296
283 261 384 330 109

1177 263 1274 322 AD
1310 261 1742 322 EPIS’I‘OLAM
1783 259 2208 324 HORMISD/E
2249 267 2676 330 RESPONSIO

3461 275 3564 342 110

281 375 467 433 tabam
503 370 606 428 Dei
657 370 834 443 gratia
875 371 1207 441 praeveniri,
1255 381 1314 425 ιιι
1360 356 1473 442 per
1505 371 1653 426 illam
1701 371 1865 426 nobis
1894 378 1941 431 Δ
1967 385 2224 430 asserunt
2259 377 2468 432 donum
2505 395 2628 434 esse
2666 379 3037 448 credulitatis,
3060 383 3145 438 ita
3183 382 3328 439 inter
3362 397 3561 444 caetera

284 468 510 523 daretur
538 464 686 536 quod
723 463 940 518 utiliter
972 479 1332 535 posceremus
1358 505 1372 529 ,
1413 464 1520 518 nisi
1566 464 1700 534 quia
1738 480 1860 519 cre-

286 559 416 615 dere
446 573 556 612 non
585 570 900 627 possemus,
933 556 980 610 si
1006 572 1117 610 non
1143 555 1484 626 praecederet
1514 557 1858 626 prmconium

286 651 556 707 veritatis.
622 649 696 705 Ut
742 657 930 704 autem
989 648 1295 718 praedicata
1352 647 1516 703 nobis
1563 649 1868 719 Evangelio

282 739 751 806 conse'ntiremus,
782 749 1041 794 nostrum
1087 755 1209 794 esse
1238 740 1532 810 proprium
1552 781 1567 806 ,
1621 748 1680 796 et
1707 741 1870 796 nobis

281 851 344 890 ex
377 833 544 888 nobis
585 848 711 889 esse
763 831 1104 886 arbitrabar.
1155 830 1330 898 Quem
1381 847 1565 886 meum
1609 848 1868 888 errorem

277 925 550 980 nonnulla
583 923 857 994 opuscula
905 938 1028 978 mea
1078 923 1370 988 indicant,
1413 931 1544 979 ante
1573 926 1861 996 episcopa-

278 1026 396 1072 tum
429 1032 614 1070 meum
647 1017 898 1086 scripta;
933 1015 1042 1070 iste
1075 1031 1327 1070 errorem
1359 1016 1519 1082 dicit,
1557 1017 1719 1071 ﬁdem
1752 1033 1862 1072 non

278 1108 376 1163 Dei
407 1107 614 1162 donum
645 1107 900 1173 credere,
926 1106 1020 1161 sed
1048 1123 1078 1160 a
1105 1106 1265 1161 nobis
1290 1123 1411 1163 esse
1438 1109 1494 1162 in
1523 1109 1704 1163 nobis.
1731 1109 1873 1163 Fau-

279 1207 400 1254 stus
433 1207 620 1252 autem
657 1214 768 1252 non
802 1196 901 1252 Dei
937 1196 1177 1262 donum,
1212 1195 1309 1251 sed
1349 1213 1379 1251 a
1421 1197 1584 1252 nobis
1621 1199 1677 1252 in
1711 1198 1873 1253 nobis

275 1305 399 1346 esse
439 1288 712 1344 aﬁirmare
752 1296 1004 1343 conatur.
1032 1287 1094 1341 In
1133 1287 1315 1357 capite
1353 1303 1593 1358 namque
1634 1288 1872 1358 septimo

275 1381 404 1444 1ibri
445 1381 611 1450 primi
653 1395 941 1450 exponens
983 1379 1118 1433 illud
1159 1379 1408 1449 Apostoli
1455 1395 1468 1432 :
1514 1379 1701 1436 Gratia
1739 1379 1875 1434 salvi

278 1459 405 1531 facti
448 1470 569 1526 estis
615 1488 708 1543 per
743 1471 933 1540 Iidem,
965 1481 1014 1525 et
1057 1473 1152 1526 hoc
1189 1488 1294 1526 non
1333 1488 1397 1526 ea:
1447 1473 1615 1533 vobis,
1651 1474 1741 1527 sed
1779 1473 1876 1527 Dei

268 1567 474 1620 donum
504 1571 580 1616 est
604 1560 672 1626 ⁸⁸,
698 1570 824 1633 post
854 1562 1135 1631 aliquanta
1166 1561 1422 1632 sequitur
1451 1579 1464 1616 :
1496 1561 1759 1632 Tompus,
1788 1561 1876 1615 in-

277 1655 427 1723 quit,
454 1653 646 1724 gratiae
675 1667 786 1723 quo
822 1653 1093 1724 redempti
1128 1668 1351 1717 sumus,
1385 1654 1644 1707 meritum
1691 1652 1875 1706 homi~

280 1745 365 1800 nis
396 1761 508 1798 non
540 1745 900 1816 exspectavit,
933 1760 1100 1814 opera
1135 1760 1248 1799 non
1280 1744 1558 1814 quaesivit,
1593 1745 1711 1799 sola
1742 1743 1873 1800 ﬁdei

280 1847 478 1894 nostra:
523 1838 823 1893 devotione
852 1845 1151 1893 contentus
1174 1837 1300 1891 fuit.
1323 1838 1393 1892 Et
1419 1844 1611 1892 contra
1646 1844 1873 1892 sanctus

281 1931 620 2003 Augustinus
667 1929 817 1984 inter
861 1929 1020 1984 initia
1062 1928 1327 1984 antedicti
1361 1929 1526 1999 primi
1562 1928 1689 1983 libri
1727 1929 1811 1984 sui
1853 1944 1870 1982 :

281 2023 390 2080 Sed
424 2039 596 2088 nunc,
629 2024 829 2092 inquit,
859 2022 983 2076 istis
1029 2021 1483 2092 respondendum
1520 2036 1642 2076 esse
1676 2020 1865 2087 video,

285 2115 379 2186 qui
411 2115 600 2169 divina
635 2113 966 2179 testimonia,
999 2128 1120 2184 quae
1153 2113 1220 2168 de
1256 2113 1361 2168 hac
1396 2127 1455 2168 re
1488 2113 1868 2178 adhibuimus,

283 2206 352 2260 ad
386 2207 494 2261 hoc
524 2206 719 2261 dicunt
746 2207 946 2270 valere,
973 2211 1037 2258 ut
1070 2204 1413 2268 noverimus,
1441 2219 1510 2258 ex
1544 2203 1708 2259 nobis
1747 2204 1870 2274 qui-

283 2298 413 2353 dem
460 2313 562 2352 nos
613 2297 818 2352 habere
863 2298 1035 2367 ipsam
1085 2295 1284 2361 ﬁdem,
1325 2297 1424 2351 sed
1467 2295 1872 2352 incrementum

281 2387 403 2458 ejus
439 2401 507 2440 ex
547 2386 683 2452 Deo,
717 2394 976 2456 tanquam
1015 2383 1154 2442 ﬁdes
1188 2400 1302 2440 non
1340 2386 1409 2441 ab
1451 2386 1571 2456 ipso
1609 2386 1870 2453 donetur,

227 2479 232 2482 ’
267 2479 374 2535 sed
404 2479 472 2533 ab
498 2478 619 2549 ipso
646 2488 827 2534 tamen
856 2487 1120 2550 augeatur
1144 2479 1202 2534 in
1227 2477 1410 2543 nobis,
1434 2493 1502 2533 eo
1527 2478 1733 2533 merito
1758 2494 1872 2549 quo

269 2571 449 2641 cmpit
476 2587 508 2626 a
537 2571 724 2626 nobis.
755 2571 878 2626 Non
909 2586 1041 2643 ergo
1072 2571 1357 2628 reccditur
1383 2571 1453 2626 ab
1478 2586 1542 2626 ea
1573 2572 1870 2638 sententia,

269 2679 443 2734 quam
468 2663 726 2734 Pelagius
759 2663 876 2733 ipse
908 2663 965 2717 in
996 2663 1296 2733 episcopali
1315 2661 1529 2733 judicio
1557 2661 1869 2729 Palaestino,

269 2755 425 2810 sicut
467 2755 663 2810 eadem
707 2764 861 2825 gesta
904 2761 1206 2820 testantur,
1246 2755 1511 2809 damnare
1554 2755 1874 2826 compulsus

275 2854 384 2903 est.
407 2847 595 2902 Gratia
617 2847 720 2902 Dei
746 2848 1050 2902 secundum
1079 2847 1279 2901 merita
1302 2854 1490 2901 nostra
1517 2855 1704 2916 posset
1727 2846 1870 2913 dari,

276 2938 324 2994 si
374 2954 487 2991 non
533 2939 811 3008 pertineat
859 2938 928 2992 ad
979 2938 1210 3010 gratiam
1265 2937 1397 3002 Dei,
1439 2939 1588 3008 quod
1640 2937 1872 2993 credere

279 3030 571 3098 cmpimus,
597 3029 695 3085 sed
732 3029 870 3085 illud
905 3030 1092 3100 potius
1126 3029 1277 3101 quod
1313 3037 1542 3100 propter
1569 3029 1673 3084 hoc
1707 3030 1870 3084 nobis

277 3121 526 3187 additur,
560 3130 623 3177 ut
664 3123 887 3192 plenius
933 3122 1348 3193 perfectiusque
1397 3121 1691 3176 credamus
1744 3139 1757 3175 :
1806 3137 1871 3177 ac

283 3227 380 3283 per
412 3213 520 3268 hoc
556 3214 713 3268 initia
750 3213 880 3269 ﬁdei
917 3223 1125 3270 nostrae
1164 3215 1382 3284 priores
1415 3214 1611 3268 damus
1647 3215 1780 3278 Deo,
1814 3221 1872 3268 ut

285 3304 629 3359 retribuatur
674 3305 838 3360 nobis
878 3305 1323 3376 supplementum
1369 3306 1516 3375 ejus,
1554 3311 1608 3357 et
1649 3303 1696 3357 si
1737 3294 1872 3372 quid

279 3398 433 3453 aliud
476 3398 715 3454 ﬁdeliter
754 3400 1145 3470 prospicimus.

351 3489 463 3546 Sed
505 3500 697 3546 contra
729 3491 850 3548 haec
885 3507 986 3545 cur
1017 3506 1131 3544 non
1165 3490 1351 3561 potius
1386 3488 1647 3544 audimus
1687 3507 1699 3542 :
1741 3487 1870 3553 Quis

286 3585 432 3653 prior
460 3585 601 3638 dedit
630 3586 697 3649 ei,
721 3593 769 3638 et
800 3585 1121 3638 retribuetur
1150 3582 1253 3647 illi,
1278 3583 1530 3652 quoniam
1564 3598 1628 3635 ea:
1662 3583 1794 3651 ipso,
1823 3587 1870 3632 et

287 3691 379 3743 per
407 3676 602 3746 ipsum,
631 3685 679 3730 et
708 3677 765 3729 in
796 3676 909 3746 ipso
940 3676 1262 3729 suntomnia
1283 3673 1368 3726 8"?
1391 3674 1457 3728 Et
1554 3674 1732 3744 ipsum
1766 3673 1871 3744 igi-

287 3777 377 3824 tur
407 3768 626 3822 initium
660 3768 788 3822 ﬁdei
823 3775 1025 3823 nostra:
1057 3784 1126 3824 ex
1154 3783 1264 3837 quo
1293 3765 1400 3821 nisi
1432 3782 1499 3821 ex
1530 3766 1650 3835 ipso
1686 3775 1744 3820 et
1772 3781 1872 3836 per

285 3858 490 3930 ipsum,
509 3869 565 3916 et
591 3860 648 3914 in
673 3860 792 3930 ipso
821 3871 952 3916 sunt
976 3860 1190 3924 omnia?
1204 3859 1339 3935 Quis
1367 3868 1550 3914 autem
1575 3858 1723 3913 dicat
1745 3873 1874 3913 eum

286 3953 383 4024 qui
406 3953 519 4024 jam
548 3953 719 4023 cmpit
745 3951 976 4008 credere
1006 3948 1075 4006 ab
1101 3951 1200 4006 illo
1231 3952 1289 4006 in
1315 3966 1479 4022 quem
1509 3951 1767 4016 credidit,
1793 3951 1872 4006 nil

284 4041 522 4098 mereri?
554 4042 712 4098 Unde
747 4041 830 4107 ﬁt,
855 4051 916 4097 ut
946 4043 1059 4112 jam
1095 4041 1345 4097 credenti
1384 4051 1582 4097 caetera
1618 4041 1876 4097 dicantur

279 4132 417 4188 addi
462 4133 837 4188 retributione
878 4132 1090 4192 divina,
1145 4146 1212 4187 ac
1259 4147 1360 4202 per
1401 4131 1509 4186 hoc
1553 4130 1784 4203 gratiam
1801 4134 1896 4191 Dei

281 4228 596 4283 secundum
629 4227 828 4282 merita
862 4235 1054 4281 nostra
1086 4225 1238 4289 dari,
1269 4223 1419 4294 quod
1452 4224 1732 4296 objectum
1767 4223 1874 4279 sibi

281 4320 564 4392 Pelagius,
592 4335 662 4375 ne
692 4320 1054 4375 damnaretur
1079 4318 1220 4388 ipse,
1249 4317 1556 4373 damnavit.

1971 465 2222 537 loquitur
2272 488 2303 540 :_
2339 470 2448 525 Sed
2495 470 2666 538 dicis,
2713 473 2921 543 inquit,
2965 477 3096 546 quia
3144 493 3256 532 non
3305 483 3563 537 omnibus

1969 559 2153 626 detur,
2204 561 2300 617 sed
2336 562 2544 619 donum
2587 565 2661 619 sit
2697 569 2991 636 personale
3032 569 3330 625 credulitas
3365 580 3421 626 et
3453 574 3565 628 illis

1971 661 2188 706 tantum
2228 653 2460 710 credere
2500 667 2780 727 suppetat,
2812 659 3018 728 quibus
3057 661 3204 716 Deus
3246 665 3564 734 specialiter

1970 748 2200 803 donavit
2243 762 2305 804 ut
2349 751 2665 807 crederent.
2706 753 2826 808 Non
2871 754 2946 808 ita
2993 763 3106 809 est»
3136 756 3395 812 Nondum
3441 774 3562 812 eam

1970 838 2238 894 Dominus
2275 842 2444 895 etiam
2478 842 2547 897 ab
2580 841 2884 898 incredulis
2917 845 3109 916 exigit,
3143 850 3403 904 omnibus
3437 866 3560 905 eam

1973 927 2238 986 insertam
2281 947 2402 989 esse
2446 933 2816 990 demonstrat.
2855 934 2956 990 Cui
3002 945 3190 994 autem
3235 943 3403 995 etiam
3447 943 3565 1013 ipsa

1975 1029 2193 1075 naturae
2230 1021 2350 1092 lege
2412 1038 2524 1078 non
2591 1033 2853 1094 suppetat
2911 1025 3174 1092 credere,
3226 1031 3447 1098 quando
3507 1042 3565 1086 ct

1975 1111 2254 1169 dtemones
2288 1115 2552 1181 credunt,
2585 1125 2639 1170 et
2673 1119 3142 1173 contremiscunt?
3177 1118 3278 1175 Hic
3305 1123 3415 1192 jam
3451 1139 3564 1178 non

1975 1203 2285 1273 Augustino
2325 1213 2562 1272 tantum,
2593 1223 2787 1262 verum
2828 1209 2992 1263 etiam
3034 1211 3300 1279 Apostolo
3338 1212 3565 1266 omnino

1976 1296 2215 1352 Faustus
2267 1300 2582 1354 contrarius
2635 1302 2994 1371 approbatur.
3045 1302 3180 1356 Nam
3236 1318 3362 1357 cum
3419 1303 3566 1359 idem

1974 1387 2274 1458 Apostolus
2302 1389 2449 1446 dicat
2475 1389 2624 1446 :Non
2657 1393 2798 1446 enim
2831 1394 3065 1446 omnium
3096 1403 3172 1446 est
3201 1393 3332 1461 ﬁdes
3355 1393 3421 1460 ⁸ο,
3457 1394 3567 1451 iste

1977 1479 2237 1536 omnibus
2275 1497 2398 1538 eam
2436 1485 2770 1538 naturaliter
2805 1483 2941 1538 dicit
2980 1500 3101 1540 esse
3143 1485 3426 1544 insertam.
3461 1487 3566 1543 Cui

1979 1572 2025 1627 si
2075 1575 2486 1644 acquiescatur,
2521 1592 2634 1631 non
2687 1577 2864 1632 solum
2915 1577 3164 1633 haeretici
3207 1588 3265 1634 ct
3308 1581 3565 1650 gentiles,

1979 1683 2172 1722 verum
2208 1667 2375 1723 etiam
2409 1668 2688 1747 daemones
2721 1658 2912 1726 ﬁdeles
2944 1685 3064 1726 esse
3101 1671 3363 1726 credendi
3395 1681 3562 1728 sunt:

1977 1759 2108 1830 quia
2154 1759 2211 1814 in
2257 1776 2368 1831 quo
2416 1769 2502 1816 est
2549 1761 2718 1828 ﬁdes,
2751 1761 2992 1817 inﬁdelis
3044 1762 3152 1817 dici
3206 1763 3357 1818 nullo
3404 1765 3566 1833 pacto

1974 1858 2179 1920 potest.

2045 1941 2154 1998 Sed
2187 1943 2351 2015 longe
2384 1945 2546 2000 aliter
2572 1953 2799 2002 sanctus
2825 1945 3171 2018 Augustinus
3200 1948 3269 2002 ad
3291 1947 3565 2005 Hilarium

1973 2034 2225 2089 scribens
2259 2043 2316 2090 et
2352 2037 2710 2106 Prosperum,
2739 2037 2926 2104 docet,
2956 2038 3052 2109 qui
3093 2054 3203 2094 non
3237 2048 3464 2096 tantum
3503 2050 3567 2096 ut

1973 2126 2215 2182 ﬁdeliter
2242 2143 2561 2199 cperemur,
2583 2145 2778 2184 verum
2807 2130 2976 2185 etiam
3008 2132 3181 2200 ipsam
3209 2131 3372 2187 ﬁdem
3393 2149 3423 2187 a
3453 2135 3566 2189 Deo

1973 2218 2140 2274 nobis
2176 2219 2397 2285 donari,
2429 2221 2574 2275 sicut
2608 2221 2868 2291 superius
2901 2221 3248 2288 edocuimus,
3281 2223 3337 2276 in
3369 2223 3566 2278 eodem

1973 2309 2118 2365 libro
2159 2312 2382 2380 penitus
2424 2320 2785 2382 protestatur,
2819 2313 2894 2366 ita
2939 2311 3133 2368 dicens
3182 2333 3194 2367 :
3244 2313 3568 2370 Cavendum

1973 2412 2094 2468 est,
2138 2403 2340 2460 fratres
2382 2404 2571 2461 dilecti
2624 2421 2656 2460 a
2704 2405 2854 2471 Deo,
2894 2421 2967 2485 ne
3017 2405 3183 2461 homo
3231 2422 3290 2462 se
3342 2409 3570 2463 extollat

1974 2495 2246 2552 adversus
2277 2497 2450 2552 Deum
2485 2513 2613 2552 cum
2647 2513 2706 2553 se
2737 2497 2872 2552 dicit
2899 2497 3104 2563 facere,
3130 2499 3279 2568 quod
3312 2500 3570 2570 promisit

1974 2588 2142 2642 Deus.
2165 2588 2359 2643 Nonne
2385 2588 2523 2644 ﬁdes
2549 2590 2798 2661 gentium
2827 2592 3100 2661 promissa
3123 2599 3208 2647 est
3232 2591 3488 2658 Abrahae,
3511 2595 3570 2649 et

1973 2678 2067 2733 ille
2096 2678 2234 2734 dans
2265 2681 2496 2749 gloriam
2524 2681 2639 2737 Deo
2667 2681 2989 2760 plenissime
3015 2682 3272 2749 credidit,
3302 2685 3567 2754 quoniam

1973 2785 2097 2841 quae
2122 2771 2399 2842 promisit,
2424 2759 2623 2842 potens
2650 2782 2733 2828 est
2757 2782 2813 2828 et
2836 2759 3184 2845 facere?lpse
3211 2776 3378 2848 igitur
3402 2776 3568 2836 ﬁdem

1973 2863 2224 2933 gentium
2253 2862 2409 2928 facit,
2437 2864 2532 2934 qui
2561 2874 2760 2936 potens
2789 2875 2875 2921 est
2901 2866 3082 2922 facere
3109 2868 3257 2937 quod
3283 2871 3564 2938 promisit.

1974 2949 2153 3004 Porro
2184 2950 2230 3005 si
2259 2951 2408 3006 Deus
2437 2960 2702 3022 operatur
2726 2952 2891 3008 ﬁdem
2929 2965 3196 3021 nostram,
3226 2957 3369 3011 miro
3400 2958 3569 3015 modo
3600 2985 3605 2989 -

1895 3053 1940 3114 ο
1973 3056 2142 3113 agens
2179 3042 2235 3096 in
2275 3043 2480 3098 nostris
2517 3043 2784 3112 cordibus
2826 3053 2885 3099 ut
2916 3046 3214 3103 credamus
3255 3065 3269 3102 :
3309 3049 3565 3121 nunquid

1972 3133 2334 3190 metuendum
2357 3143 2462 3202 est,
2488 3151 2556 3190 ne
2589 3142 2764 3190 totum
2791 3136 2972 3192 facere
2999 3152 3109 3193 non
3138 3138 3334 3208 possit,
3358 3148 3415 3195 et
3439 3140 3567 3196 ideo

1973 3224 2081 3281 sibi
2118 3223 2284 3279 homo
2317 3226 2522 3296 primas
2555 3227 2675 3298 ejus
2715 3227 2963 3283 vindicat
2988 3237 3198 3298 partes,
3227 3237 3290 3284 ut
3318 3232 3564 3286 novissi-

1975 3330 2093 3372 mas
2133 3315 2202 3370 ab
2242 3317 2337 3372 illo
2375 3318 2629 3388 accipere
2674 3319 2988 3372 mereatur?
3027 3317 3224 3375 Videte
3257 3320 3309 3375 si
3353 3321 3566 3392 aliquid

1974 3415 2169 3477 agatur
2200 3406 2305 3463 isto
2341 3407 2538 3475 modo,
2571 3409 2678 3466 nisi
2713 3418 2777 3465 ut
2807 3410 2987 3481 gratia
3023 3412 3328 3485 secundum
3367 3413 3567 3470 merita

1974 3508 2162 3554 nostra
2206 3499 2372 3555 detur
2414 3501 2666 3571 quolibet
2708 3502 2896 3573 modo,
2925 3519 2989 3560 ac
3031 3503 3077 3559 si
3122 3505 3299 3582 gratia
3340 3521 3450 3561 non
3493 3505 3566 3562 sit

1973 3590 2170 3660 gratia.
2215 3590 2486 3647 Redditur
2532 3608 2770 3662 namque
2817 3592 2931 3650 hoc
2977 3603 3140 3664 pacto
3184 3595 3404 3662 debita,
3450 3611 3563 3652 non

1975 3679 2217 3735 donatur
2248 3682 2439 3751 gratis.
2469 3682 2642 3737 Datur
2671 3684 2820 3738 enim
2856 3683 3141 3751 credenti,
3173 3695 3236 3741 ut
3265 3703 3295 3740 a
3327 3687 3564 3748 Domino

1975 3769 2093 3842 ipsa
2121 3772 2256 3828 ﬁdes
2289 3782 2576 3844 augeatur,
2608 3784 2664 3831 et
2695 3776 2766 3830 sit
2795 3791 3010 3830 merces
3040 3776 3170 3832 ﬁdei
3203 3786 3398 3848 coeptae
3429 3778 3566 3836 ﬁdes

1974 3874 2156 3920 aucta.
2187 3866 2300 3924 Nec
2327 3867 2636 3942 attenditur
2664 3883 2789 3942 cum
2823 3869 2930 3923 hoc
2955 3869 3183 3936 dicitur,
3213 3886 3326 3926 non
3361 3885 3563 3928 secun-

1976 3957 2108 4012 dum
2137 3958 2392 4029 gratiam,
2421 3959 2518 4013 sed
2550 3962 2854 4016 secundum
2882 3961 3131 4016 debitum
3163 3963 3324 4018 istam
3351 3975 3566 4020 merce-

1976 4049 2100 4104 dem
2140 4050 2494 4105 credentibus
2531 4050 2813 4120 imputari.
2847 4051 2960 4106 Cur
2998 4061 3182 4107 autem
3224 4070 3336 4109 non
3383 4063 3562 4110 totum

1977 4139 2258 4193 tribuatur
2281 4139 2514 4203 homini,
2537 4148 2600 4193 ut
2621 4141 2717 4210 qui
2748 4141 2852 4195 sibi
2883 4142 3062 4210 potuit
3091 4143 3390 4198 instituere
3413 4146 3565 4214 quod

1977 4245 2090 4285 non
2136 4230 2399 4295 habebat,
2439 4232 2555 4302 ipse
2599 4233 2746 4302 quod
2799 4233 3064 4297 instituit,
3095 4245 3296 4304 augeat
3337 4239 3566 4295 omnino

1978 4335 2090 4376 non
2119 4320 2306 4383 video,
2336 4321 2444 4375 nisi
2475 4321 2604 4390 quia
2635 4321 2822 4376 resisti
2855 4337 2968 4375 non
3003 4331 3187 4392 potest
3216 4323 3422 4381 divinis
3446 4343 3566 4382 ma-

362 4386 471 4468 Sed
504 4386 737 4466 Faustus
769 4411 865 4480 qui
899 4386 1155 4479 superius
1184 4408 1402 4463 dixerat
1435 4427 1448 4461 :
1481 4408 1723 4478 Tempus
1747 4423 1874 4480 gra-
1904 4386 1951 4446 D
1979 4413 2200 4468 nifestis
2239 4386 2589 4478 testimoniis,
2622 4413 2824 4484 quibus
2861 4422 2919 4468 et
2956 4386 3092 4482 ﬁdes
3135 4415 3303 4484 (unde
3341 4417 3568 4488 pietatis

287 4504 382 4560 tiae
403 4517 513 4573 quo
543 4502 819 4572 redempti
849 4515 1060 4563 sumus,
1088 4499 1286 4554 merita
1317 4499 1605 4554 hominum
1639 4515 1749 4555 non
1779 4516 1878 4554 ex-

285 4593 581 4663 spectavit,
603 4607 772 4662 opera
799 4589 1024 4661 penitus
1049 4603 1160 4646 non
1189 4589 1462 4660 quaesivit,
1477 4588 1580 4667 sed
1607 4591 1722 4646 sola
1749 4589 1879 4646 ﬁdei

285 4693 496 4740 nostrae
538 4684 839 4740 devotione
896 4691 1197 4738 contentus
1241 4681 1528 4745 fuit;mox
1575 4669 1878 4738 in'eodem

287 4776 495 4846 capite,
521 4783 645 4845 post
677 4775 962 4845 paululum
996 4775 1266 4844 sequitur,
1295 4789 1566 4843 suamque
1599 4773 1717 4844 ipse
1745 4789 1875 4829 sen-

286 4869 522 4923 tentiam
545 4867 838 4922 destruens
860 4867 1006 4922 sicut
1030 4865 1216 4932 ﬁdem,
1240 4866 1315 4921 ita
1343 4866 1510 4921 etiam
1541 4883 1708 4936 opera
1734 4866 1871 4923 dicit

286 4959 361 5012 ad
406 4959 689 5013 hominem
736 4958 1015 5029 pertinere
1068 4975 1080 5010 :
1130 4956 1288 5012 Sicut
1333 4957 1515 5022 enim,
1554 4957 1766 5028 inquit,
1800 4959 1869 5014 ad

285 5052 464 5107 Deum
497 5051 720 5122 largitio
748 5049 1098 5116 munerandi,
1129 5049 1203 5104 ita
1235 5049 1303 5103 ad
1334 5049 1616 5105 heminem
1647 5051 1872 5108 devotio

291 5145 523 5214 respicit
574 5143 915 5214 inquirendi.
963 5142 1072 5200 Sed
1120 5143 1272 5198 dices
1324 5141 1488 5197 ﬁdem
1538 5143 1715 5213 ipsam
1763 5158 1875 5199 non

291 5235 553 5291 omnibus
589 5250 754 5305 posse
798 5241 1133 5304 competere.
1160 5231 1282 5286 Non
1321 5232 1546 5298 mirum,
1574 5233 1620 5288 si
1664 5233 1877 5288 homini

289 5327 364 5382 ad
389 5343 552 5398 quem
582 5327 822 5398 denegas
847 5341 1015 5397 opera
1044 5324 1353 5396 pertinere,
1379 5323 1548 5381 etiam
1576 5323 1738 5381 ﬁdem
1765 5333 1880 5397 stu-

289 5419 431 5476 deas
461 5419 747 5491 derogare.
783 5418 1001 5473 Rursus
1035 5417 1092 5471 in
1124 5417 1305 5488 capite
1337 5416 1585 5487 ejusdem
1621 5416 1753 5472 libri
1787 5434 1876 5485 xv,

291 5525 465 5583 agens
507 5519 704 5566 contra
746 5523 845 5564 eos
887 5508 984 5581 qui
1027 5523 1141 5564 non
1182 5508 1460 5580 generale,
1494 5507 1591 5563 sed
1640 5509 1880 5579 speciale

1977 4503 2266 4559 exordium
2317 4491 2582 4574 sumitur)
2632 4503 2838 4559 donum
2888 4505 2985 4559 Dei
3033 4520 3154 4561 esse
3203 4516 3563 4567 monstratur.

1955 4594 2146 4668 .Quale
2184 4605 2270 4651 est
2304 4597 2438 4660 illud
2479 4613 2491 4649 :
2533 4594 2684 4666 Quod
2717 4599 2999 4668 unicuique
3045 4597 3188 4653 Deus
3219 4603 3448 4670 partitus
3488 4611 3570 4657 est

1977 4688 2578 4756 mensuram/idei".Et
2610 4687 2744 4741 illud
2780 4705 2791 4740 :
2829 4686 2945 4741 Paa:
2973 4687 3226 4758 fratribus
3255 4699 3304 4744 et
3333 4691 3566 4746 Charitas

1978 4794 2096 4832 cum
2123 4776 2228 4845 [ide
2262 4795 2294 4831 a
2328 4777 2434 4832 Deo
2467 4779 2656 4844 Patre,
2690 4786 2738 4832 et
2772 4777 2996 4833 Domino
3021 4779 3150 4834 Iesu
3184 4779 3388 4836 Christo
3411 4781 3478 4850 δ’,
3510 4793 3565 4839 et

1983 4877 2180 4924 cetera
2209 4869 2360 4941 talia.

2057 4958 2122 5012 Et
2143 4976 2335 5015 rursus
2363 4960 2507 5014 idem
2541 4959 2736 5016 beatus
2751 4960 3094 5031 Augustinus
3110 4973 3235 5033 post
3250 4966 3560 5037 aliquanta:

1986 5049 2294 5121 Utrumque
2321 5051 2470 5105 enim
2505 5063 2753 5117 nostrum
2789 5063 2894 5121 est,
2927 5054 3130 5124 inquit,
3160 5066 3391 5127 propter
3420 5058 3567 5113 arbi-

1987 5142 2155 5198 trium
2182 5143 2504 5207 voluntatis,
2529 5152 2582 5198 et
2607 5154 2902 5217 utrumque
2937 5154 3120 5202 tamen
3145 5147 3330 5202 datum
3361 5157 3446 5204 est
3469 5165 3568 5219 per

1986 5232 2252 5304 Spiritum
2280 5233 2408 5289 ﬁdei
2433 5242 2489 5290 et
2513 5234 2824 5290 charitatis.
2851 5237 3038 5307 Neque
3067 5239 3214 5294 enim
3245 5240 3358 5294 sola
3382 5240 3567 5295 chari-

1987 5340 2090 5392 tas,
2120 5325 2215 5380 sed
2243 5325 2386 5380 sicut
2416 5327 2682 5398 scriptum
2707 5335 2812 5393 est,
2837 5329 3083 5398 charitas
3113 5345 3237 5384 cum
3267 5329 3372 5385 ﬁde
3399 5346 3431 5385 a
3456 5331 3568 5387 Deo

1989 5417 2149 5472 Patre
2184 5424 2240 5472 et
2265 5417 2503 5473 Domino
2534 5419 2667 5474 Jesu
2699 5417 2944 5474 Christo.
2977 5421 3264 5476 Evacuans
3328 5438 3568 5494 namque

1988 5509 2194 5564 donum
2221 5511 2320 5565 Dei
2353 5510 2607 5577 Faustus,
2635 5526 2912 5582 omneque
2944 5510 3102 5585 545
3136 5516 3326 5587 gratim
3351 5501 3568 5590 adjuto-

369 5689 414 5722 ⁸⁸
431 5689 636 5762 Ephes.
659 5707 721 5758 ιι,
747 5688 800 5745 8.
833 5643 1050 5742 "Rom'
1071 5684 1358 5755 x1,35,'56.
1390 5684 1438 5722 “
1457 5685 1506 5744 II
1529 5685 1725 5744 Thess.
1750 5703 1828 5755 ιιι,
1851 5685 1908 5743 2.
1929 5685 2030 5761 __“
2057 5685 2218 5745 Rom.
2245 5703 2337 5756 xu,
2363 5687 2419 5742 5.
2497 5687 2541 5720 δ’
2566 5687 2974 5758 Ephes.'vl,'2'5.
