3984 6296
452 197 560 267 lii

1719 198 1905 260 JOAN
1915 200 1962 259 Ν
1970 201 2042 260 IS
2068 192 2458 260 ’ΜΑΧΕΝΤΙῙ

3642 196 3756 261 112

461 314 626 380 rium,
661 326 788 368 mox
831 311 887 366 in
934 311 1255 382 praefatione
1296 325 1399 366 sua
1442 307 1884 364 misericordiam
1926 308 2045 375 Dei,
2077 317 2123 374 Α
2151 320 2393 380 sumpta,
2417 324 2520 380 pro
2567 309 2810 364 humano
2854 325 3058 381 genere
3101 309 3283 364 mori?
3329 309 3436 365 Sed
3492 309 3753 381 nunquid

453 421 562 477 qua
601 405 778 476 gratis
809 403 1197 477 justiﬁcamur,
1251 401 1474 457 nonnisi
1535 401 1642 457 ﬁde
1683 412 1740 457 et
1777 401 2042 470 operibus

455 497 880 570 promerendam
908 498 1109 553 docere
1133 496 1352 561 nititur,
1379 495 1574 552 dicens
1601 511 1616 550 :
1646 495 2042 550 Assercnti-bus

456 593 640 658 nobis,
669 591 816 662 quod
847 591 941 646 Dei
965 590 1374 654 misericordia,
1407 588 1514 644 lide
1533 596 1590 644 et
1615 589 1879 659 operibus
1911 601 2040 658 pro-

459 684 863 750 merendaest,
891 683 1224 739 catholicam
1253 698 1445 737 vocem
1479 682 1548 738 ad
1577 681 1783 752 Pelagii
1818 695 2041 736 sensum

459 773 817 830 discretionis
849 773 1077 830 nescius
1107 772 1345 842 quilibet
1373 770 1672 843 adjudicet.
1703 771 1856 826 Unde
1896 779 1952 825 et
1986 770 2043 822 in

460 866 602 921 li-bro
661 865 961 921 undecimo
1013 880 1117 934 per
1174 863 1478 919 naturalem
1537 863 1780 935 vigorem
1839 863 2046 931 absque

455 957 647 1028 gratia:
675 957 956 1030 adjutorio
985 956 1192 1012 multos
1218 971 1328 1010 non
1362 955 1540 1010 solum
1579 963 1709 1010 ante
1745 954 2044 1008 adventum

459 1052 706 1118 Domini,
737 1067 932 1108 verum
967 1052 1132 1106 etiam
1167 1060 1224 1106 et
1257 1061 1388 1106 ante
1423 1051 1598 1122 legem
1631 1049 1831 1104 littera:
1865 1048 2041 1102 salva-

443 1155 571 1210 'tos,
597 1154 761 1214 atque
797 1144 865 1198 ad
902 1144 1125 1215 plenam
1161 1143 1350 1200 cordis
1382 1143 1680 1214 puritatem
1715 1141 2048 1212 perfectam-

463 1254 572 1308 que
611 1237 882 1308 justitiam
927 1237 1272 1308 pervenisse,
1304 1236 1447 1292 ﬁlios
1487 1235 1588 1292 Dei
1625 1234 1744 1290 ﬁeri
1779 1233 2050 1290 meruisse

457 1330 819 1402 impudenter
855 1337 912 1385 et
953 1330 1266 1400 procaciter
1303 1337 1610 1385 asseverat.

535 1421 786 1492 Denique
817 1422 874 1478 in
907 1435 1056 1475 nono
1089 1419 1269 1490 capite
1299 1419 1550 1490 ejusdem
1578 1417 1733 1484 libri,
1765 1418 1918 1472 inter
1944 1427 2055 1471 cae-

465 1525 608 1586 tera,
639 1511 776 1566 dicit
807 1529 820 1565 :
851 1510 988 1567 Cum
1030 1511 1287 1566 homines
1327 1511 1400 1565 ita
1429 1509 1638 1565 fuerint
1662 1508 1731 1564 ad
1757 1507 2054 1580 imaginem

463 1614 521 1662 et
561 1603 986 1660 similitudinem
1021 1603 1138 1658 Dei.
1169 1600 1410 1674 praediti,
1438 1609 1502 1656 ut
1543 1601 1702 1656 multi
1741 1600 1910 1656 etiam
1953 1599 2056 1655 lilii

463 1698 564 1752 Det
595 1696 907 1752 meruerint
934 1696 1265 1766 nuncupari,
1299 1695 1387 1750 vel
1424 1693 1616 1766 paucis
1642 1691 1825 1748 adhuc
1863 1706 2054 1747 exem-

423 1774 436 1798 '
463 1791 578 1864 p‘lis
596 1789 983 1861 praestringere
1005 1801 1109 1854 nos
1139 1795 1379 1860 oportet,
1402 1786 1594 1858 quanti
1613 1793 1742 1842 ante
1759 1785 1938 1856 legem
1957 1768 2066 1853 lit-',

459 1891 620 1944 serae,
654 1878 944 1934 erudiente
991 1878 1111 1949 lege
1158 1887 1370 1934 natura:
1416 1891 1539 1948 quae
1556 1875 1744 1948 prima
1783 1879 1869 1946 (ut
1905 1873 2054 1930 dixi-

425 1956 440 1970 ’
464 1971 609 2042 mus)
642 1970 817 2042 gratia
847 1969 946 2026 Dei
978 1943 1072 2026 est
1093 1977 1155 2024 ut
1183 1943 1457 2025 vestibula
1500 1943 1698 2024 salutis
1737 1943 2066 2042 intraverit:

441 2059 536 2116 ‘Et
565 2059 766 2116 iterum
814 2064 940 2128 post
980 2071 1200 2128 pauca:
1229 2056 1386 2114 Unde
1417 2055 1632 2122 Enoeh,
1683 2055 1888 2127 inquit,
1922 2067 2054 2110 eum

463 2151 578 2206 Deo
608 2149 916 2215 ambulare,
948 2148 1037 2205 vel
1066 2148 1182 2206 Deo
1210 2149 1432 2220 placere
1463 2148 1752 2220 potuisset,
1784 2147 1890 2204 nisi
1923 2163 2054 2204 eum

457 2245 553 2298 lex
586 2241 898 2299 visceribus
930 2240 1112 2297 infusa
1144 2250 1359 2298 secreto
1393 2241 1708 2312 magisterio
1739 2239 2052 2296 illuminas-

455 2344 570 2400 set,
602 2335 662 2388 in
694 2342 907 2389 tantum
939 2343 1002 2388 ut
1031 2332 1172 2387 nihil
1204 2341 1494 2388 terrenum
1536 2333 1778 2403 sapiens,
1818 2331 2053 2387 mirabi-

465 2426 597 2480 liter
627 2440 661 2480 a
693 2435 862 2490 terra,
908 2424 1025 2479 Deo
1056 2432 1399 2489 assumente,
1435 2423 1761 2494 raperetur?
1793 2421 1900 2490 Qui
1926 2437 2068 2502 cum‘

452 2515 597 2571 *tidei
632 2516 833 2572 merito
880 2516 937 2570 in
975 2513 1156 2586 prima
1203 2515 1391 2571 saeculi
1434 2514 1587 2571 illius
1627 2523 1787 2570 aetate
1825 2522 2056 2571 caeteros

2143 403 2444 473 Apostolus
2477 403 2673 468 tacuit,
2722 403 2869 457 unde
2899 402 3090 458 Enoch
3128 411 3183 457 et
3209 401 3326 458 Noe
3368 402 3486 456 Deo
3528 403 3752 471 placere

2141 503 2468 566 potuerunt,
2516 494 2751 550 dicens:
2800 493 2928 548 Fide
2968 494 3154 548 Enoch
3199 492 3496 548 translatus
3545 504 3642 557 est,
3683 509 3752 565 ne

2143 589 2338 643 videret
2377 596 2620 654 mortem,
2655 596 2706 642 et
2743 605 2848 644 non
2885 586 3272 652 inveniebatur,
3299 587 3426 656 quia
3469 585 3750 652 transtuli;

2145 680 2299 734 illum
2343 679 2529 733 Deus?
2555 679 2695 735 Ante
2738 677 3152 734 translationem
3197 679 3340 732 enim
3389 679 3752 732 testimonium

2144 774 2364 827 habebat
2390 773 2650 844 placuisse
2663 767 2846 839 Deo“;
2856 780 2910 828 et
2928 771 3145 842 reliqua
3174 788 3188 826 :
3214 769 3343 824 Fide
3363 769 3475 824 Noe
3497 785 3752 841 responso

2147 875 2379 934 accepto,
2405 865 2468 916 de
2507 865 2588 918 his
2621 879 2740 934 qua:
2773 863 2945 917 adhuc
2987 878 3092 916 non
3138 861 3476 928 uidebantur,
3513 870 3751 914 metuens

2148 958 2350 1028 aptavit
2382 973 2566 1010 arcam
2595 958 2650 1010 in
2673 954 2907 1010 salutem
2927 954 3114 1008 domus
3133 969 3266 1017 sum,
3294 969 3389 1024 per
3408 970 3572 1024 quam
3596 953 3755 1006 dam-

2149 1051 2295 1105 nauit
2319 1050 2594 1116 mundum,
2617 1058 2668 1102 et
2685 1050 2914 1120 justitia:
2930 1063 3048 1119 qua:
3067 1063 3161 1119 per
3175 1046 3333 1116 ﬁdem
3351 1056 3448 1112 est,
3481 1048 3646 1101 [iteres
3675 1058 3752 1100 est

2150 1147 2422 1201 institutus
2445 1146 2512 1198 ".
2536 1143 2726 1199 Fidem
2749 1141 3050 1214 Apostolus
3077 1157 3188 1196 non
3212 1149 3276 1196 ut
3293 1141 3494 1196 delirat
3515 1137 3754 1195 Faustus

2151 1239 2468 1311 generalem
2513 1237 2610 1293 sed
2643 1236 2940 1308 specialem
2971 1235 3154 1299 docet,
3175 1233 3369 1290 dicens
3401 1251 3414 1288 :
3451 1235 3572 1288 Non
3599 1235 3752 1288 enim

2151 1330 2400 1387 omnium
2424 1337 2509 1384 est
2535 1327 2881 1399 ﬁdes;neque
2903 1327 3234 1384 naturaliter
3255 1325 3518 1381 onmibus
3545 1327 3748 1390 inesse,

2153 1421 2250 1478 sed
2267 1437 2304 1477 a
2327 1422 2442 1478 Deo
2461 1420 2684 1488 donari,
2706 1419 2802 1491 qui
2821 1427 3086 1492 operatur
3107 1419 3292 1475 omnia
3320 1418 3376 1472 in
3398 1418 3662 1472 omnibus
3681 1418 3750 1471 “.

2155 1514 2314 1571 Sicut
2347 1523 2407 1570 et
2434 1513 2569 1570 alibi
2606 1512 2756 1569 idem
2784 1513 3086 1584 Apostolus
3109 1511 3266 1578 dicit,
3297 1510 3432 1566 illud
3468 1510 3619 1581 quod
3656 1526 3750 1564 su-

2155 1606 2348 1679 perius
2375 1605 2730 1662 beatissimus
2770 1605 2958 1676 posuit
2991 1603 3334 1676 Augustinus
3363 1621 3376 1657 :
3407 1601 3526 1658 Pas:
3561 1603 3755 1672 fratri-

2159 1700 2254 1756 bus
2288 1709 2339 1754 et
2367 1700 2602 1754 eharitas
2625 1715 2747 1752 cum
2769 1697 2880 1768 [ide
2901 1715 2936 1752 a
2955 1696 3067 1752 Deo
3089 1695 3274 1762 Patre,
3301 1702 3350 1749 et
3372 1693 3600 1748 Domino
3622 1691 3756 1748 Iesu

2161 1790 2371 1850 Christo
2395 1791 2464 1846 ‘7.
2489 1791 2614 1847 Non
2634 1804 2768 1862 ergo
2795 1804 2896 1860 per
2912 1788 3091 1860 legem
3115 1795 3348 1852 naturae,
3375 1785 3474 1841 sed
3503 1800 3604 1856 per
3629 1799 3759 1855 gra-

2161 1867 2292 1937 tiam
2320 1895 2514 1938 omnes
2556 1879 2733 1936 sancti
2757 1887 2892 1935 ante
2916 1878 3220 1934 adventum
3246 1877 3463 1933 Domini
3487 1877 3602 1932 Deo
3631 1877 3758 1947 pla-

2160 1982 2416 2030 cuerunt.
2451 1959 2772 2028 Secundum
2803 1971 2862 2028 id
2901 1971 3051 2044 quod
3081 1978 3140 2027 et
3170 1969 3525 2026 beatissimus
3555 1969 3759 2025 Petrus

2159 2068 2218 2124 in
2275 2066 2507 2123 Actibus
2550 2074 2784 2122 testatur
2821 2065 3237 2137 Apostolorum,
3277 2063 3470 2120 dicens
3512 2079 3526 2117 :
3572 2060 3758 2118 Nolite

2150 2161 2348 2233 jugum
2381 2160 2652 2231 imponere
2690 2174 2852 2230 super
2887 2158 3108 2212 ceruices
3159 2154 3562 2226 discipulorum,
3612 2153 3759 2225 quod

2162 2267 2328 2323 neque
2355 2267 2471 2318 nos,
2498 2266 2666 2322 neque
2693 2258 2870 2322 patres
2901 2251 3068 2305 nostri
3091 2256 3309 2322 portare
3331 2250 3624 2322 potuimus,
3661 2247 3760 2302 sed

2157 2360 2257 2415 per
2283 2343 2519 2415 gratiam
2546 2341 2743 2399 Christi
2779 2359 3056 2414 speramus
3084 2341 3220 2397 salvi
3242 2339 3368 2410 ﬁeri
3404 2339 3759 2412 quemadmo-

2161 2437 2289 2492 dum
2317 2444 2368 2490 et
2395 2434 2479 2491 illi
2501 2437 2569 2490 “.
2601 2434 2706 2490 Eat
2729 2449 2881 2491 nunc
2907 2434 3224 2501 Possessor,
3247 2442 3304 2490 et
3327 2433 3512 2490 adhuc
3538 2433 3597 2488 in
3627 2448 3762 2504 per-

2159 2527 2306 2584 nicie
2334 2527 2582 2600 propria,
2622 2535 2680 2583 et
2729 2542 2924 2584 eorum
2967 2527 3062 2598 qui
3095 2526 3203 2583 sibi
3240 2526 3616 2591 consentiunt,
3649 2524 3762 2581 de-

457 2607 771 2676 antecellit,
806 2606 971 2663 ﬁdem
999 2607 1178 2678 ipsam
1205 2623 1332 2664 cum
1357 2607 1478 2680 lese
1502 2615 1714 2663 natum
1741 2605 1849 2662 Sibi
1880 2607 2071 2673 tradi-1
2158 2615 2350 2672 fendat
2395 2615 2583 2672 Fausti
2624 2616 2799 2673 libros
2852 2617 3176 2685 catholicos,
3217 2631 3364 2688 quos
3405 2631 3519 2672 non
3569 2616 3763 2672 solum

463 2712 580 2755 tam
623 2699 794 2756 fuisse
836 2699 1151 2772 perdocuit.
1203 2699 1274 2756 Et
1319 2699 1521 2756 iterum
1557 2709 1684 2771 post
1726 2697 2008 2770 aliquanta
2034 2715 2066 2779 :5

465 2791 695 2860 Qualem
727 2800 1126 2862 quantamque,
1166 2789 1368 2863 inquit,
1417 2790 1596 2862 legem
1633 2789 1811 2862 prima
1857 2789 2067 2845 condi--

2159 2709 2267 2766 seri
2273 2707 2731 2780 ptissanctissimi
2751 2709 2856 2764 viri
2871 2710 3188 2781 Augustini,
3203 2723 3398 2766 verum
3414 2709 3582 2764 etiam
3599 2723 3764 2764 sum-

2159 2815 2377 2857 morum
2411 2808 2467 2856 et
2510 2801 2920 2872 praecipuorum
2958 2801 3166 2858 Christi
3209 2801 3588 2872 apostolorum
3619 2815 3762 2856 sen-

465 2879 620 2936 ῑίσηθ
651 2879 980 2951 susceperit:
1006 2877 1250 2950 Ρθτίθοιθ
1281 2878 1451 2935 etiam
1477 2879 1594 2936 Νοθ
1624 2878 1836 2951 iustitia
1865 2878 2054 2935 deda-
2145 2894 2352 2950 Itentiis
2381 2893 2692 2950 contrarios
2719 2894 2942 2965 penitus
2975 2895 3184 2951 veritas
3215 2893 3410 2966 docet,
3454 2894 3602 2951 sicut
3642 2893 3763 2949 hoc

464 2970 630 3038 ravit,
678 2971 774 3042 qui
817 2971 1098 3043 generalia
1134 2970 1264 3028 ﬁdei
1310 2971 1457 3027 dona
1501 2969 1728 3042 speciali
1777 2971 1835 3026 in
1865 2971 2052 3028 studio

2157 2985 2285 3044 loco
2317 2985 2608 3043 manifesta
2639 2985 2854 3042 ratione
2883 2985 3259 3057 probavimus.
3289 2985 3428 3043 Nam
3473 2986 3600 3043 ideo
3629 3000 3763 3042 cer-

462 3065 735 3119 virtutum
771 3073 1014 3120 sectator
1037 3064 1301 3121 excoluit.
1333 3063 1392 3153 Si
1419 3063 1724 3122 secundum
1752 3065 1918 3138 hujus
1944 3065 2052 3121 im—
2079 3063 2128 3082 "
2156 3089 2242 3138 ωε
2268 3079 2572 3136 sententias
2615 3087 2724 3134 tam
2764 3094 2834 3134 ει
2881 3079 3206 3150 “aratione
3237 3095 3496 3136 ειτοτυω
3536 3078 3758 3146 γενεά,

463 3153 620 3224 pium
653 3169 899 3222 sensum,
927 3163 985 3212 et
1014 3154 1202 3212 Enoch
1243 3154 1396 3212 omni
1424 3154 1558 3212 faece
1587 3165 1810 3213 terrena
1842 3155 1901 3212 in
1928 3163 2052 3212 tan-

2155 3184 2322 3241 quam
2359 3169 2531 3226 etiam
2571 3185 2642 3226 ex
2684 3169 2913 3240 capituli
2961 3171 3132 3242 primi
3170 3179 3229 3227 et
3271 3171 3495 3242 septimi
3543 3170 3763 3242 prioris

466 3257 584 3302 tum
617 3245 843 3318 purgari
873 3247 1057 3316 potuit
1097 3261 1200 3317 per
1238 3255 1453 3302 naturae
1498 3247 1767 3320 vigorem,
1819 3257 1882 3305 ut
1911 3247 2054 3305 nihtl

462 3351 749 3396 terrenum
797 3345 1040 3410 saperet,
1075 3349 1133 3396 et
1175 3341 1292 3396 Noe
1333 3340 1404 3396 ad
1443 3339 1744 3412 perfectam
1776 3341 2052 3414 justitiam

448 3428 805 3502 perveniret,
824 3445 948 3502 ergo
963 3430 1199 3488 Christus
1212 3433 1382 3504 gratis
1411 3441 1650 3488 mortuus
1667 3442 1742 3490 est
1757 3433 1826 3490 “.
1846 3433 1906 3492 Si
1920 3449 2052 3492 eum

449 3535 570 3594 per
595 3531 810 3579 naturae
835 3524 1081 3596 vigorem
1108 3525 1294 3582 carnis
1321 3526 1592 3599 sapientia
1621 3528 1766 3601 (quae
1797 3529 1911 3586 Deo
1942 3529 2053 3584 ini-

467 3612 612 3668 mica
663 3614 769 3684 est)
792 3614 1018 3686 plenius
1064 3629 1370 3688 expurgare
1421 3618 1637 3688 potuit,
1699 3628 1756 3675 et
1809 3621 2053 3692 perfecta

450 3703 682 3776 justitia
712 3707 1036 3781 adimplere,
1060 3701 1194 3782 qua
1217 3724 1445 3769 necesse
1467 3719 1588 3769 erat
1605 3712 1740 3780 Deo,
1769 3728 1934 3770 carne
1962 3729 2052 3771 as-

2152 3262 2286 3318 libri
2319 3252 2592 3329 inserere,
2623 3261 2734 3317 hoc
2762 3263 2888 3318 loco
2928 3264 3304 3319 necessarium
3344 3261 3693 3320 considerari
3739 3280 3758 3318 :

2153 3353 2286 3425 quia
2331 3367 2392 3409 se
2435 3351 2586 3410 idem
2627 3353 2920 3412 Possessor
2950 3356 3026 3411 ita
3055 3357 3196 3412 solet
3227 3355 3427 3412 callide
3455 3370 3759 3422 excusare,

2157 3445 2308 3518 quod
2331 3461 2444 3502 non
2471 3447 2712 3520 amplius
2743 3448 2854 3505 nisi
2882 3457 3010 3506 octo
3035 3449 3274 3520 capitula
3306 3449 3438 3504 libri
3477 3448 3640 3520 primi
3664 3448 3762 3504 le-

2154 3539 2320 3610 gerit,
2353 3548 2416 3594 ut
2457 3541 2539 3596 sic
2579 3539 2775 3597 saltem
2816 3540 3081 3598 confusus
3105 3539 3406 3613 aliquando
3435 3539 3760 3611 resipiscat,

2158 3643 2224 3685 ea
2252 3646 2376 3702 quae
2401 3631 2632 3703 proprio
2663 3647 2762 3689 ore
2791 3633 2994 3706 legisse
3015 3648 3076 3691 se
3095 3634 3317 3701 asserit,
3346 3632 3621 3690 catholica
3647 3647 3754 3689 ne-

2157 3717 2308 3774 fario
2343 3733 2514 3775 ausus
2548 3719 2936 3791 pronuntiare.

547 3883 595 3965 ξ’
623 3882 802 3965 Galst.
829 3897 904 3965 tt,
929 3881 1032 3965 Ξξ..
1132 3884 1182 3917 ⁵³
1216 3883 1386 3942 Hebr.
1417 3897 1496 3953 st,
1529 3883 1586 3941 5.
1669 3839 1743 3916 "'
1774 3881 1911 3940 ibid.
1947 3878 2000 3936 7.
2093 3878 2142 3912 “
2168 3878 2215 3935 ll
2241 3879 2446 3941 Thess.
2471 3899 2554 3952 In,
2577 3883 2641 3952 2;
2675 3884 2724 3943 ιι
2752 3883 2882 3946 Cor.
2925 3901 3026 3958 ιιι,
3069 3889 3126 3948 6.
3197 3890 3252 3925 "
3275 3889 3484 3965 Eph».
3513 3905 3594 3964 Vt,
3630 3892 3735 3952 83.

453 3951 518 3984 *⁸
545 3955 668 4010 Act.
707 3970 798 4021 xv,
844 3953 928 4022 10,
969 3953 1063 4010 .H.

477 4143 3726 4182 W

1755 4318 2474 4456 EJUSDEM

1132 4567 1610 4665 CONTRA
1678 4570 2374 4668 ACEPHALOS
2458 4574 3082 4670 LIBELLUS.

539 4897 840 4958 Catholica:
895 4898 1022 4955 lldei
1074 4899 1423 4972 professione
1473 4902 1717 4961 breviter
1763 4903 2012 4976 exposita
2037 4941 2054 4971 ,
2081 4904 2136 4968 ι)
2161 4913 2287 4976 post
2321 4903 2716 4961 adunationem
2759 4903 2820 4961 in
2849 4903 3073 4962 Christo
3104 4912 3304 4960 natura
3343 4911 3454 4976 est,
3483 4917 3618 4977 ergo
3645 4920 3758 4961 nec

468 4993 751 5067 pergimus
792 5007 944 5049 nunc
974 4993 1198 5050 illorum
1234 4995 1572 5067 respondere
1613 4995 2054 5064 deﬁnitionibus,

470 5085 566 5156 qui
596 5083 754 5153 lapsu
779 5081 1081 5138 miserabili
1109 5093 1459 5152 corruentes,
1489 5085 1649 5140 novis
1673 5092 1731 5139 et
1764 5083 2058 5155 exquisitis

472 5173 1047 5248 argumentationibus
1083 5175 1357 5232 nefarium
1387 5176 1585 5248 dogma
1616 5175 1825 5233 Christi
1863 5174 2056 5232 Eccle-

470 5269 567 5326 siis
602 5267 908 5324 moliuntur
948 5267 1172 5335 inferre,
1205 5279 1262 5325 et
1285 5269 1459 5326 Deum
1493 5277 1549 5325 et
1579 5267 1884 5336 hominem,
1916 5269 2057 5324 Ver-

471 5361 604 5417 bum
649 5371 708 5416 et
737 5370 960 5418 carnem
1003 5360 1354 5426 confitentes,
1402 5375 1570 5416 unam
1603 5369 1730 5432 post
1769 5361 2060 5418 adunatio-

471 5468 601 5508 nem
623 5451 682 5506 in
705 5451 929 5510 Christo
955 5459 1233 5516 naturam,
1267 5452 1435 5507 stulte
1477 5451 1643 5508 nimis
1672 5452 2058 5526 impudenter-

473 5563 580 5617 que
603 5557 874 5605 conantur
901 5556 1170 5613 astruere,
1201 5545 1355 5616 quia,
1374 5545 1653 5617 inquiunt,
1681 5563 1790 5604 non
1815 5566 1936 5606 esse
1964 5566 2062 5605 na-

475 5646 656 5697 turam
700 5643 817 5698 sine
857 5655 1123 5714 persona,
1173 5638 1378 5708 quibus
1420 5640 1792 5712 respondetur
1849 5642 1908 5701 Si
1951 5659 2060 5699 una

2162 4995 2426 5052 adunatio
2445 4997 2630 5053 carnis
2648 4996 2792 5054 facta
2813 5005 2900 5054 est
2930 5015 2944 5053 :
2967 4996 3116 5069 quod
3138 4996 3185 5054 si
3206 4997 3543 5054 coadunatio
3565 4998 3758 5055 carnis

2163 5086 2307 5144 facta
2339 5102 2452 5144 non
2481 5097 2590 5154 est,
2631 5102 2733 5143 cur
2775 5086 3130 5146 adunationis
3176 5087 3238 5143 ﬁt
3268 5088 3590 5146 mentioisi
3617 5103 3757 5145 vero

2163 5179 2428 5236 adunatio
2455 5179 2640 5236 carnis
2669 5179 2812 5236 facta
2845 5189 2952 5248 est,
2982 5181 3096 5254 jam
3125 5195 3239 5236 non
3285 5189 3500 5237 tantum
3536 5180 3758 5250 divina,

2164 5271 2260 5328 sed
2288 5280 2346 5328 et
2384 5271 2572 5328 carnis
2601 5279 2802 5327 natura
2835 5272 2892 5328 in
2917 5270 3140 5328 Christo
3165 5282 3272 5345 est,
3307 5271 3432 5329 dum
3459 5272 3626 5344 igitur
3650 5287 3766 5329 na-

2163 5375 2304 5422 tura:
2351 5366 2474 5422 sine
2521 5365 2634 5421 ulla
2683 5363 3033 5422 dubitatione
3076 5375 3202 5436 post
3250 5364 3644 5421 adunationem
3701 5365 3764 5421 in

2161 5457 2383 5514 Christo
2409 5467 2561 5515 sunt.
2609 5456 2667 5514 Si
2713 5467 2898 5514 autem
2941 5458 3277 5516 adunatione
3321 5457 3488 5523 facta,
3536 5471 3666 5521 una,
3703 5469 3774 5516 et

2164 5552 2281 5606 sola
2315 5559 2502 5605 manet
2537 5551 2592 5606 in
2617 5551 2840 5608 Christo
2879 5553 3161 5618 divinitas,
3189 5567 3323 5623 ergo
3355 5566 3466 5606 non
3498 5547 3773 5619 simplex,

2165 5643 2262 5699 sed
2301 5643 2606 5716 composita
2652 5643 3040 5715 passibilisque
3071 5653 3156 5700 est
3186 5643 3378 5702 eadem
3408 5639 3573 5702 Verbi
3609 5639 3770 5696 divi-
