3984 6296
214 487 320 554 113

1247 489 1546 552 CONTRA
1587 489 2024 552 ACEPlIALOS
2058 491 2446 553 LIBELLUS.

3384 487 3514 550 ιη·

215 604 379 661 nitas.
409 601 547 687 Quia
577 598 848 672 quidquid
877 613 946 656 ex
974 599 1312 656 adunatione
1341 603 1644 659 subsistere
1677 617 1798 657 cre—
1828 609 1873 663 Α
1900 616 2031 656 vare
2064 616 2366 671 personas;
2399 601 2527 672 quia
2563 601 2805 656 Verbum
2829 608 2884 657 et
2915 616 3136 658 carnem
3167 601 3332 656 etiam
3363 612 3501 672 post

213 696 384 760 ditur,
405 693 728 750 nullatenus
750 691 1058 749 secundum
1082 692 1398 759 veritatem,
1423 695 1649 766 proprie
1671 695 1804 749 sim-

211 790 336 862 plex
367 799 474 857 est,
501 788 600 846 sed
638 789 866 845 omnino
893 788 1261 858 compositum
1293 789 1645 862 intelligitur.
1690 787 1805 844 Hoc

211 891 400 939 autem
447 882 518 938 de
551 881 668 938 sola
713 880 1004 936 divinitate
1042 879 1251 936 Christi
1300 883 1507 938 sentire
1540 882 1806 954 probatur

211 987 340 1028 esse
385 971 760 1042 sacrilegium.
812 969 1007 1024 Restat
1052 983 1184 1040 ergo
1247 977 1308 1024 ut
1352 969 1639 1034 adunatio,
1685 985 1807 1040 quae

213 1065 680 1136 compositionem
703 1061 858 1127 facit,
884 1059 1120 1130 refugiat
1157 1061 1588 1132 simplicitatem,
1617 1076 1807 1117 susce-

213 1155 577 1228 ptioncmque
605 1153 796 1224 procul
820 1152 992 1208 dubio
1013 1167 1044 1207 a
1067 1153 1210 1208 Filio
1238 1153 1336 1208 Dei
1367 1153 1622 1208 humanae
1649 1161 1810 1208 natu-

218 1262 299 1302 rae
324 1245 612 1318 signiticet.
640 1245 708 1301 Et
737 1244 863 1300 ideo
887 1251 1105 1299 constat
1133 1243 1292 1309 duas,
1319 1243 1376 1299 id
1414 1252 1519 1307 est,
1551 1243 1811 1299 divinita-

219 1337 298 1394 tis
323 1347 382 1394 et
415 1335 798 1402 humanitatis,
832 1335 890 1390 in
919 1334 1063 1391 Filio
1103 1335 1204 1391 Dei
1251 1342 1378 1406 post
1421 1335 1810 1390 adunationem

220 1445 346 1487 esse
378 1439 624 1495 naturas,
655 1443 722 1485 ex
749 1428 958 1499 quibus
1000 1434 1058 1482 et
1086 1427 1146 1483 in
1185 1427 1389 1498 quibus
1419 1427 1675 1484 subsistit
1704 1443 1812 1484 una

221 1529 283 1578 et
324 1521 622 1593 singularis
653 1519 858 1577 Christi
893 1536 1154 1592 persona.

296 1613 530 1679 Rursus,
565 1612 609 1667 si
645 1621 773 1684 post
799 1612 1190 1668 adunationem
1219 1627 1327 1668 una
1357 1619 1556 1668 natura
1587 1612 1642 1668 in
1673 1611 1814 1668 Filio

225 1703 326 1760 Dei
350 1704 660 1774 proﬁtenda
681 1712 788 1772 est,
809 1712 905 1760 aut
926 1704 1246 1761 humanitas
1260 1706 1374 1761 sola
1391 1704 1450 1760 in
1466 1705 1690 1761 Christo
1703 1712 1812 1770 est,

227 1801 326 1849 aut
345 1805 495 1850 certe
518 1796 634 1851 sola
666 1795 950 1852 divinitas.
974 1797 1108 1852 ltem
1129 1797 1176 1852 si
1195 1812 1306 1852 non
1336 1805 1422 1852 est
1454 1805 1672 1861 natura,
1696 1796 1816 1852 sine

229 1902 490 1956 persona,
518 1888 694 1943 multo
719 1889 891 1960 magis
920 1904 1157 1959 persona
1184 1906 1295 1945 non
1324 1897 1504 1960 potest
1531 1906 1652 1946 esse
1696 1889 1816 1946 sine

231 1985 454 2033 natura.
474 1979 531 2034 Si
559 1995 692 2052 ergo
713 1996 823 2036 non
841 1991 926 2036 est
953 1989 1152 2036 natura
1182 1981 1301 2037 sine
1335 1998 1593 2052 persona,
1617 1992 1674 2038 et
1690 1997 1818 2053 per-

235 2084 374 2124 sona
407 2086 519 2126 non
559 2080 644 2128 est
691 2073 810 2129 sine
854 2083 1075 2140 natura,
1111 2083 1222 2130 tres
1251 2090 1384 2146 ergo
1431 2083 1564 2130 sunt
1608 2083 1820 2130 natura:

236 2156 564 2226 divinitatis,
587 2177 696 2216 non
714 2179 842 2220 una.
864 2163 1003 2232 Quia
1035 2173 1150 2221 tres
1179 2173 1312 2221 sunt
1337 2165 1457 2222 sine
1488 2166 1658 2221 dubio
1683 2167 1819 2222 sub-

237 2251 506 2308 sistentia;
548 2253 676 2312 sive
702 2271 949 2325 personae
971 2299 986 2324 ,
1023 2258 1206 2314 Patris
1244 2267 1301 2314 et
1330 2258 1455 2314 Filii
1495 2267 1552 2315 et
1580 2258 1822 2330 Spiritus

237 2344 436 2400 sancti.
470 2343 574 2400 Sed
607 2345 714 2402 hoc
747 2348 841 2418 qui
869 2347 1064 2404 dicunt
1094 2350 1318 2406 Arianis
1355 2351 1583 2406 omnino
1610 2351 1822 2407 socian-

236 2441 350 2498 tur,
380 2442 436 2491 et
467 2436 584 2506 pari
617 2438 832 2494 cautela
862 2440 1090 2495 cavendi
1132 2451 1282 2507 sunt,
1307 2442 1438 2512 quia
1479 2442 1734 2497 similiter
1759 2450 1822 2496 ut

235 2526 319 2581 illi
343 2527 731 2597 blasphemare
767 2538 1096 2587 noscuntur.
1129 2531 1450 2599 Quaeramus
1481 2543 1663 2590 tamen
1688 2533 1822 2604 quid

234 2617 342 2674 sibi
371 2621 489 2674 vult
522 2621 762 2694 adiectio
793 2622 886 2678 illa
928 2623 1264 2694 signiﬁcare,
1299 2640 1424 2680 cum
1455 2625 1666 2691 dicunt,
1699 2636 1824 2696 post

236 2707 652 2767 adunationem.
682 2712 881 2769 Utrum
927 2713 1058 2785 quia
1088 2723 1218 2770 ante
1265 2715 1659 2773 adunationem
1701 2717 1825 2773 dua!

237 2802 295 2857 in
320 2801 541 2859 Christo
569 2812 783 2859 natura:
805 2803 1055 2871 fuerunt,
1083 2814 1140 2861 et
1166 2806 1294 2862 ideo
1315 2805 1662 2881 dicunt-post
1684 2809 1823 2865 adu-

239 2894 542 2960 nationem,
575 2911 647 2950 an
677 2904 734 2952 et
777 2904 906 2952 ante
935 2897 1326 2954 adunationem
1357 2915 1522 2956 unam
1557 2902 1825 2971 proﬁten-

241 2993 337 3040 tur
369 2985 541 3042 fuisse
572 2987 626 3042 in
657 2985 882 3043 Christo
915 2991 1207 3044 naturam?
1232 2989 1390 3058 Quod
1433 2993 1479 3047 si
1522 3001 1649 3049 ante
1685 2993 1826 3050 adu-

240 3075 525 3130 nationem
556 3092 723 3133 unam
773 3077 941 3134 fuisse
982 3079 1198 3146 dicunt,
1231 3083 1573 3152 superﬂuum
1603 3085 1830 3140 omnino

240 3174 350 3231 est,
399 3176 526 3237 post
555 3167 948 3224 adunationem
991 3170 1199 3236 dicere,
1230 3173 1359 3243 quia
1403 3189 1620 3245 semper
1663 3192 1829 3232 unam

1903 689 2296 746 adunationem
2341 691 2395 744 in
2423 690 2643 746 Christo
2674 706 2875 761 negare
2909 706 3020 746 non
3051 700 3306 760 possunt,
3346 707 3486 762 quo-

1905 794 2028 833 rum
2053 779 2299 836 diversas
2318 795 2439 857 esse
2469 789 2696 834 naturas
2721 779 2909 834 nullus
2931 779 3167 848 ignorat.
3192 778 3302 834 Sed
3326 779 3486 842 duas,

1906 869 2185 940 inquiunt,
2235 871 2361 926 ideo
2407 885 2518 926 non
2567 871 2770 926 debere
2821 871 2932 926 dici
2987 872 3043 926 in
3095 872 3314 928 Christo
3365 877 3492 940 post

1907 963 2298 1019 adunationem
2346 963 2585 1019 fatemur
2618 979 2741 1020 esse
2783 972 3030 1030 naturas,
3069 965 3199 1034 quia
3239 965 3352 1019 duo
3384 978 3492 1017 nu-

1909 1069 2097 1110 merus
2123 1069 2246 1110 esse
2289 1071 2402 1110 non
2451 1064 2632 1126 potest
2675 1055 2966 1122 indivisus,
3021 1070 3147 1110 cum
3183 1054 3487 1110 secundum

1909 1145 2224 1209 veritatem,
2256 1146 2438 1200 omnis
2466 1161 2734 1201 numerus
2769 1145 3028 1202 divisioni
3063 1141 3332 1217 subiacet.
3365 1144 3493 1200 llrec

1910 1245 1969 1292 et
2004 1238 2321 1310 huiusmodi
2351 1239 2494 1295 solet
2521 1255 2715 1296 eorum
2743 1241 3222 1312 impudentissima
3263 1238 3492 1294 catholi-

1913 1344 2034 1385 cam
2055 1331 2346 1387 veritatem
2369 1333 2738 1404 argumentari
2769 1333 3000 1388 vanitas.
3027 1333 3096 1389 Et
3114 1332 3351 1403 primun
3373 1330 3496 1401 qui-

1914 1421 2042 1478 dem
2071 1437 2182 1478 non
2223 1439 2323 1494 per
2365 1441 2425 1480 se
2456 1425 2659 1496 ipsum,
2692 1425 2790 1482 sed
2821 1425 2879 1480 in
2919 1441 3107 1480 rerum
3139 1424 3354 1480 naturis
3379 1437 3498 1478 om-

1913 1528 2044 1568 nem
2103 1514 2407 1570 subsistere
2452 1531 2744 1572 numerum
2809 1515 3220 1571 evidentissima
3282 1515 3498 1570 ratione

1917 1601 2201 1658 docemur.
2235 1603 2463 1670 Deinde,
2499 1603 2544 1660 si
2588 1606 2904 1661 nullatenus
2931 1621 2996 1660 ea
3037 1621 3159 1676 quae
3190 1603 3493 1659 secundum

1918 1694 2127 1764 aliquid
2162 1694 2556 1751 discernuntur
2607 1705 2664 1751 et
2705 1706 3111 1760 numerantur,
3163 1705 3395 1767 possunt
3441 1697 3496 1749 in

1919 1785 2131 1840 unitate
2156 1785 2480 1854 subsistere,
2511 1801 2719 1857 quzero,
2746 1797 2803 1842 et
2828 1787 2990 1842 Pater
3018 1793 3072 1842 et
3103 1786 3272 1840 Filius
3292 1794 3348 1840 et
3377 1785 3502 1855 Spi-

1921 1875 2062 1930 ritus
2093 1885 2336 1942 sanctus,
2363 1877 2457 1946 qui
2493 1893 2603 1931 non
2639 1877 2840 1947 reipsa,
2871 1877 2966 1933 sed
3021 1875 3350 1948 cognitione.
3380 1883 3502 1929 tan-

1923 1975 2038 2021 tum
2067 1967 2136 2022 ab
2161 1967 2396 2023 invicem
2424 1968 2835 2035 discernuntur,
2867 1969 3145 2039 quomodo
3174 1984 3286 2023 non
3317 1969 3372 2022 in
3418 1967 3475 2020 di

1920 2059 2154 2125 visione,
2189 2058 2285 2114 sed
2314 2059 2371 2114 in
2407 2070 2618 2114 natura:
2647 2060 2858 2114 unitate
2889 2059 3222 2113 subsistant?

1991 2149 2150 2217 Quod
2177 2151 2221 2205 si
2253 2150 2310 2204 hi
2339 2160 2454 2207 tres
2489 2166 2658 2206 unum
2693 2159 2843 2215 sunt,
2886 2159 2942 2205 et
2974 2163 3336 2219 personarum
3379 2162 3504 2202 sua-

1922 2259 2046 2299 rum
2094 2243 2458 2314 proprietates
2509 2241 2746 2312 integras
2793 2249 2850 2294 et
2895 2239 3167 2311 perfectas
3213 2239 3502 2294 inconfuse

1921 2335 2263 2401 custodiunt,
2291 2349 2394 2389 nec
2437 2334 2494 2387 in
2525 2333 2820 2399 divisione,
2855 2332 2948 2388 sed
2981 2333 3038 2386 in
3077 2333 3289 2386 unitate
3323 2331 3505 2386 subsi-

1923 2434 2098 2494 stunt,
2143 2433 2334 2492 restat,
2389 2434 2450 2480 ut
2490 2425 2602 2497 iam
2647 2439 2756 2480 non
2793 2423 2979 2479 omnia
3026 2437 3147 2493 quae
3197 2421 3501 2477 secundum

1923 2519 2297 2591 cognitionem
2335 2524 2689 2573 numerantes
2731 2515 3120 2580 discernimus,
3143 2513 3309 2569 etiam
3339 2513 3504 2568 rebus

1925 2610 2080 2682 ipsis,
2109 2609 2318 2666 nefarie
2361 2607 2694 2662 dividamus.
2739 2607 2877 2673 Quia
2925 2621 3028 2660 nec
3065 2621 3192 2660 cum
3235 2604 3420 2660 carnis
3449 2612 3506 2659 et

1925 2703 2122 2757 animae
2167 2700 2305 2756 duas
2353 2699 2772 2770 pronuntiamus
2834 2697 3194 2767 diversasque
3255 2707 3502 2757 naturas.

1927 2809 2098 2849 unum
2121 2793 2402 2848 hominem
2429 2791 2484 2846 in
2507 2791 2620 2846 duo
2645 2790 2962 2857 dividimus,
2991 2805 3156 2859 quem
3179 2803 3290 2843 non
3317 2770 3502 2852 rebtis,

1926 2887 2023 2942 sed
2089 2885 2405 2957 cognitione
2467 2883 2858 2940 discernimus.
2934 2883 3193 2952 Alioquin
3255 2880 3509 2935 dividant

1928 2979 2110 3048 primo
2143 2977 2189 3033 si
2222 2985 2472 3048 possunt,
2501 2991 2611 3031 non
2655 2975 2832 3031 solum
2875 2974 3174 3039 intellectu,
3204 2973 3299 3027 sed
3339 2973 3508 3028 etiam

1930 3071 2122 3138 rebus,
2152 3087 2182 3125 a
2206 3071 2499 3142 splendore
2527 3069 2792 3134 colorem,
2820 3075 2877 3124 et
2914 3067 3152 3122 calorem
3179 3081 3207 3119 a
3238 3065 3510 3136 sole;tunc

1932 3178 2122 3220 eorum
2154 3161 2356 3232 poterit
2384 3161 2501 3216 haec
2534 3161 2700 3215 stulta
2735 3159 3009 3214 sententia
3041 3157 3294 3212 stabiliri.

241 3257 553 3311 secundum
600 3259 750 3327 ipsos
788 3267 1005 3314 constat
1037 3260 1207 3316 fuisse
1247 3273 1305 3318 et
1335 3280 1456 3320 esse
1505 3266 1560 3318 in
1608 3266 1828 3322 Christo

2003 3258 2160 3326 Quod
2194 3259 2240 3314 si
2273 3257 2454 3312 facere
2476 3263 2779 3325 nequeunt,
2803 3252 3004 3309 cedant
3031 3252 3274 3314 veritati,
3299 3260 3353 3306 et
3375 3251 3514 3305 duas

242 3356 524 3402 naturam.
554 3349 759 3404 Verum
788 3350 834 3406 si
866 3351 942 3406 ita
971 3361 1076 3418 est,
1107 3355 1336 3409 omnino
1364 3355 1634 3412 fallaciter
1655 3359 1725 3414 ab
1746 3360 1828 3414 eis

242 3441 415 3493 etiam
460 3440 668 3494 mentio
697 3441 1051 3500 adunationis
1081 3445 1334 3500 affertur.
1364 3445 1524 3513 Quia,
1557 3448 1600 3503 si
1634 3465 1741 3504 una
1774 3459 1831 3506 et

245 3540 379 3586 ante
403 3539 460 3586 et
493 3542 618 3602 post
642 3535 847 3590 mansit
875 3536 931 3590 in
958 3537 1180 3593 Christo
1221 3548 1440 3604 natura,
1473 3541 1623 3596 nulla
1647 3543 1828 3598 omni-

247 3621 420 3676 modo
453 3621 592 3679 facta
623 3633 708 3680 est
740 3625 1026 3692 adunatio,
1051 3628 1180 3699 quia
1207 3629 1602 3687 adunatiouem
1633 3648 1702 3689 ex
1743 3635 1832 3690 di-

248 3719 537 3769 versarum
569 3731 759 3770 rerum
793 3719 1008 3774 naturis
1035 3719 1174 3786 fieri,
1204 3736 1368 3776 nemo
1397 3731 1483 3777 est
1508 3724 1602 3794 qui
1635 3725 1828 3780 nescit.

250 3801 306 3858 Si
351 3812 532 3860 autem
567 3805 704 3862 duas
738 3818 864 3864 ante
891 3807 1284 3866 adunationem
1316 3809 1486 3867 fuisse
1520 3821 1743 3870 naturas
1775 3814 1832 3870 in

249 3891 474 3951 Christo
507 3896 771 3964 dixerint,
805 3898 944 3956 duas
985 3901 1150 3956 etiam
1172 3901 1290 3958 sine
1320 3901 1491 3957 dubio
1535 3911 1662 3958 ante
1695 3905 1834 3959 adu-

250 3985 534 4041 nationem
585 3987 772 4044 dicere
823 3991 1228 4047 convincuntur
1280 3991 1338 4046 in
1385 3991 1606 4048 Christo
1665 3993 1834 4051 fuisse

250 4090 539 4146 personas,
587 4081 740 4150 quia,
791 4081 1098 4148 secundum
1150 4083 1322 4153 ipsos,
1360 4101 1469 4140 non
1507 4094 1594 4141 est
1636 4095 1834 4142 natura

253 4171 379 4226 sine
412 4187 667 4242 persona.
719 4173 878 4241 Quod
930 4190 1056 4231 cum
1089 4175 1303 4244 dicunt,
1339 4178 1463 4248 quis
1483 4194 1579 4234 eos
1623 4180 1836 4236 nesciat

251 4263 596 4320 Nestoriana‘.
627 4265 873 4336 perﬁdiae
905 4267 1075 4337 (quod
1108 4267 1345 4340 fugiunt)
1371 4270 1584 4340 laqueis
1614 4286 1837 4342 compe«

252 4355 391 4421 diri,
426 4357 521 4426 qui
562 4358 842 4412 hominem
871 4359 1094 4428 plenum
1130 4360 1264 4424 Deo,
1294 4376 1404 4415 non
1436 4361 1610 4416 Deum
1653 4363 1830 4418 homi-

253 4463 389 4503 nem
421 4447 626 4505 factum
669 4450 973 4521 praedicare
1008 4451 1435 4507 convincuntur.
1468 4453 1604 4508 Item
1641 4453 1686 4508 si
1726 4470 1836 4508 non

255 4549 342 4596 est
375 4551 570 4596 natura
592 4542 710 4597 sine
747 4556 1007 4612 persona,
1043 4557 1350 4612 quaeramus
1379 4544 1448 4598 ab
1477 4545 1560 4599 eis
1598 4564 1608 4598 :
1640 4547 1836 4602 Utrum

1935 3350 2223 3405 nobiscum
2257 3349 2311 3404 in
2337 3347 2560 3409 Christo
2595 3345 2958 3416 proﬁteantur
2991 3358 3113 3400 esse
3141 3352 3386 3414 naturas,
3418 3342 3512 3410 qui

1936 3458 2030 3499 eas
2057 3457 2168 3497 non
2204 3442 2372 3497 rebus
2404 3441 2536 3512 ipsis
2568 3439 2889 3505 dividimus,
2925 3437 3021 3493 sed
3055 3436 3365 3507 cognitione
3393 3443 3517 3488 tan-

1939 3547 2057 3592 tum
2097 3535 2467 3590 discernimus
2511 3542 2567 3590 et
2613 3535 2935 3604 probamus.
2972 3531 3029 3586 Si
3077 3546 3210 3586 vero
3232 3529 3514 3585 dixerint:

1941 3625 2096 3681 Sicut
2126 3642 2194 3680 ex
2225 3625 2402 3680 anima
2438 3633 2494 3679 et
2521 3639 2686 3679 carne
2715 3639 2822 3678 una
2850 3624 3088 3677 humana
3118 3629 3312 3675 natura
3342 3618 3516 3675 conﬁ-

1940 3719 2105 3784 citur,
2143 3733 2264 3787 quae
2297 3716 2583 3788 singulari,
2614 3732 2724 3770 non
2767 3716 2968 3786 plurali
3008 3730 3237 3771 numero
3267 3729 3516 3784 pronun—

1941 3812 2128 3877 tiatur,
2167 3812 2240 3866 ita
2273 3826 2341 3865 ex
2370 3809 2658 3864 divinitate
2683 3819 2739 3864 et
2766 3808 3106 3864 humanitate
3132 3823 3240 3863 una
3267 3807 3406 3862 facta
3435 3817 3521 3860 est

1940 3904 2145 3960 Christi
2188 3913 2408 3958 natura.
2456 3903 2643 3958 Primo
2677 3903 2900 3973 quidem
2936 3903 3040 3958 hoc
3060 3901 3363 3971 exemplum
3381 3900 3520 3955 Filio

1941 3996 2040 4051 Dei
2094 3997 2321 4050 minime
2367 3995 2624 4048 existimo
2674 3995 3008 4058 convenire,
3049 3993 3138 4047 cui
3186 3991 3522 4048 subsistendi

1943 4104 2105 4144 causa
2131 4103 2260 4144 caro
2284 4103 2393 4142 non
2419 4087 2540 4141 fuit.
2572 4085 2784 4156 Quippe
2807 4085 2902 4154 qui
2931 4092 3057 4139 ante
3089 4085 3285 4138 saecula
3309 4099 3338 4136 a
3364 4084 3524 4138 Patre

1943 4189 2107 4238 natus
2133 4181 2188 4236 in
2229 4179 2454 4250 propria
2499 4191 2734 4246 persona
2777 4175 3303 4229 incommutabiliter
3341 4173 3524 4227 subsi-

1945 4275 2074 4340 stit,
2125 4273 2221 4329 sed
2270 4287 2396 4327 cum
2436 4270 2678 4324 Verbum
2714 4283 2844 4322 caro
2893 4267 3082 4330 lierct,
3135 4266 3527 4321 misericordize

1945 4368 2071 4422 fuit.
2113 4365 2362 4421 Animam
2409 4373 2591 4420 autem
2645 4365 2940 4419 humanam
2993 4369 3118 4416 ante
3156 4375 3374 4415 carnem
3424 4359 3527 4412 ali-

1946 4459 2074 4514 cubi
2105 4459 2428 4522 subsistere,
2458 4466 2514 4514 et
2551 4457 2900 4528 postmodum
2933 4454 3088 4511 carni
3137 4452 3328 4520 inseri,
3363 4468 3528 4506 nemo

1947 4564 2115 4605 ausus
2141 4559 2224 4606 est
2249 4549 2538 4604 atlirmarc.
2571 4548 2712 4603 Sane
2739 4547 2866 4618 quia
2895 4546 3045 4600 nulla
3073 4559 3162 4600 res
3185 4543 3297 4598 sive
3332 4558 3528 4598 natura

256 4645 384 4707 post
407 4636 797 4691 adunationem
821 4636 987 4691 Verbi
1015 4644 1072 4690 et
1103 4635 1285 4691 carnis
1315 4636 1373 4690 in
1402 4637 1621 4693 Christo
1653 4638 1840 4694 dicant
1871 4643 1917 4700 D
1944 4650 2048 4705 est,
2085 4656 2206 4710 quae
2239 4655 2349 4694 non
2376 4637 2599 4708 proprio
2628 4639 2933 4708 appelletur
2963 4636 3206 4700 nomine,
3242 4634 3406 4688 unius
3433 4649 3532 4688 na-

258 4727 401 4782 duas
441 4742 560 4783 esse
588 4739 838 4793 naturas,
868 4745 938 4783 an
964 4728 1257 4799 denegent.
1294 4729 1449 4795 Quod
1483 4731 1525 4783 si
1559 4731 1643 4786 vel
1669 4731 1836 4786 Verbi

262 4819 342 4872 vel
371 4819 556 4874 carnis
580 4819 876 4874 essentiam
904 4821 959 4874 in
990 4819 1213 4875 Christo
1245 4821 1584 4891 negaverint,
1620 4830 1714 4876 aut
1748 4822 1845 4877 Ju-

262 4909 504 4965 daeorum
541 4911 813 4981 impietati
843 4913 1067 4967 omnino
1093 4913 1359 4984 iungendi
1390 4920 1519 4967 sunt
1551 4913 1646 4982 qui
1679 4912 1843 4969 Chri-

263 5011 411 5056 stum
441 5018 643 5072 purum
693 5003 975 5058 hominem
1022 5003 1190 5059 fuisse
1237 5014 1513 5070 asserunt,
1547 5013 1642 5060 aut
1675 5005 1846 5059 Mani-

263 5094 543 5149 chaeorum
574 5095 878 5166 sacrilegiis
902 5096 1246 5166 comquandi,
1276 5097 1370 5167 qui
1393 5098 1579 5152 carnis
1602 5097 1657 5150 in
1683 5097 1844 5152 Chri-

265 5191 351 5237 sto
381 5193 583 5254 negant
607 5185 902 5240 essentiam
931 5187 1018 5240 vel
1047 5193 1327 5240 naturam.
1373 5186 1427 5242 Si
1460 5203 1590 5241 vero
1623 5197 1678 5241 et
1706 5189 1843 5242 Ver-

265 5274 396 5329 bum
429 5292 650 5332 carnem
680 5293 802 5333 esse
845 5278 900 5332 in
936 5277 1155 5333 Christo
1189 5278 1450 5343 dixerint,
1483 5280 1622 5334 duas
1651 5281 1844 5350 utique

265 5369 532 5424 essentias
561 5370 715 5424 inviti
740 5369 1084 5426 diversarum
1112 5379 1432 5425 naturarum
1466 5373 1708 5441 ipsorum
1749 5391 1847 5428 no-

266 5458 477 5511 minum
526 5459 844 5514 testimonio
896 5461 1259 5530 profitentur,
1305 5461 1432 5531 quia
1493 5479 1602 5516 non
1655 5463 1849 5519 eadem

265 5559 398 5603 sunt
422 5549 642 5604 nomina
667 5550 830 5606 Verbi
859 5559 914 5604 et
933 5550 1117 5605 carnis
1137 5568 1152 5617 ;
1176 5566 1302 5604 nam
1335 5551 1575 5606 Verbum
1606 5553 1844 5608 Verbum

266 5647 372 5702 est,
409 5649 463 5693 et
490 5655 621 5694 caro
653 5655 782 5695 caro
810 5649 914 5696 est.
963 5641 1165 5696 Verum
1207 5642 1335 5712 quia
1369 5643 1567 5697 nolunt
1595 5660 1713 5698 esse
1752 5661 1848 5700 na-

270 5737 446 5786 turam
497 5731 615 5786 sine
663 5747 920 5802 persona,
951 5731 1112 5804 556
1143 5732 1335 5804 procul
1370 5734 1538 5790 dubio
1567 5737 1731 5790 etiam
1769 5737 1848 5791 sic

268 5825 574 5881 secundum
625 5827 766 5882 hanc
815 5829 1036 5882 stultam
1095 5838 1150 5882 et
1199 5829 1420 5899 impiam
1471 5831 1846 5886 deiinitionmn

268 5931 444 5982 suam,
475 5918 576 5988 ipsi
615 5919 798 5988 potius
829 5919 964 5976 duas
1008 5919 1291 5974 invenient
1323 5922 1374 5974 in
1417 5923 1636 5977 Christo
1669 5940 1847 5978 asser-

1950 4742 2086 4788 turcc
2113 4748 2275 4803 quam
2304 4747 2369 4786 ex
2399 4731 2669 4785 Trinitate
2712 4729 2767 4784 et
2801 4729 3144 4784 humanitate
3185 4726 3381 4782 factam
3410 4743 3530 4780 esse

1950 4821 2311 4884 contendunt,
2340 4836 2541 4874 nomen
2565 4819 2820 4873 doceant.
2847 4817 2980 4874 Atsi
3007 4816 3283 4872 voluerint
3307 4816 3487 4870 dicere
3519 4831 3536 4871 :

1950 4915 2192 4970 Verbum
2223 4914 2588 4977 incarnatum,
2621 4912 2735 4966 sive
2766 4925 2930 4965 unam
2961 4918 3212 4963 naturam
3239 4908 3335 4963 Dei
3363 4907 3531 4962 Verbi

1950 5007 2313 5070 incarnatam,
2360 5022 2427 5059 eo
2463 5005 2581 5075 ipso
2613 5019 2724 5074 quo
2755 5003 2862 5057 hoc
2891 5001 3104 5065 dicunt,
3155 4999 3292 5056 duas
3339 4999 3534 5070 procul

1951 5099 2119 5153 dubio
2144 5099 2333 5153 dicere
2357 5097 2765 5152 convincuntur
2793 5095 2851 5148 in
2872 5093 3097 5149 Christo
3121 5099 3370 5154 naturas,
3399 5089 3535 5143 dua-

1953 5205 2208 5260 rumque,
2241 5204 2351 5242 non
2385 5186 2550 5240 unius
2595 5184 2816 5238 nomina
2851 5193 3194 5244 naturarum,
3229 5181 3349 5250 eius
3374 5177 3533 5232 vide-

1952 5285 2102 5346 licet,
2136 5283 2226 5352 qui
2265 5283 2581 5336 incarnatus
2611 5287 2715 5343 est,
2754 5277 2808 5332 id
2849 5287 2937 5334 est
2965 5275 3132 5332 Verbi
3179 5275 3298 5339 Dei,
3328 5282 3386 5327 et
3413 5274 3536 5342 eius

1953 5393 2074 5446 quae
2104 5377 2171 5430 ab
2207 5375 2324 5444 ipso
2350 5381 2628 5443 assumpta
2660 5380 2764 5436 est,
2792 5369 2846 5425 id
2879 5378 2983 5434 est,
3016 5369 3218 5423 carnis.
3251 5367 3371 5421 Non
3403 5381 3536 5437 ergo

1955 5466 2062 5520 hoc
2107 5463 2272 5518 unius
2313 5463 2388 5517 rei
2435 5477 2634 5516 nomen
2667 5468 2773 5524 est,
2805 5458 2952 5529 quod
2987 5459 3066 5512 sic
3095 5471 3410 5526 expressam
3449 5459 3538 5510 si-
3594 5517 3596 5520 l

1955 5556 2361 5628 gniﬁcationem
2388 5555 2623 5608 duarum
2650 5552 3103 5618 diversarumque
3131 5548 3410 5603 unitarum
3435 5549 3538 5604 do-

1955 5657 2078 5703 ceat
2121 5654 2467 5707 naturarum,
2501 5639 2963 5714 quemadmodum
3004 5655 3130 5695 cum
3177 5639 3405 5706 dicitur,
3433 5640 3541 5694 bu—

1957 5757 2117 5796 mana
2149 5749 2359 5802 natura,
2397 5751 2560 5807 quam
2595 5751 2664 5790 ex
2696 5733 2914 5788 duabus
2947 5748 3042 5788 seu
3085 5734 3290 5804 potius,
3320 5732 3375 5787 in
3409 5733 3546 5788 dua.

1959 5834 2060 5886 bus
2107 5830 2450 5899 diversisque
2501 5828 2732 5892 naturis,
2771 5825 2824 5880 id
2874 5833 2978 5889 est,
3027 5825 3209 5879 carnis
3259 5833 3314 5878 et
3349 5823 3547 5878 auium

1957 5923 2260 5978 subsistere
2313 5936 2476 5978 nemo
2534 5919 2780 5985 dubitat,
2832 5916 2927 5975 sed
2982 5914 3445 5988 quemadmodum
3498 5916 3548 5968 si
