3984 6296
416 450 543 520 115.
875 422 883 429 ’
1672 451 1998 516 JOANNIS
2037 447 2428 513 MAXENTII
3590 436 3699 506 ns

410 569 649 634 dicatur,
683 568 865 624 anima
913 569 1218 637 i‘ncarnata,
1253 568 1371 626 sive
1415 583 1526 625 una
1571 574 1769 624 natura
1798 568 1995 623 anima:
2022 575 2071 634 Α
2102 563 2412 635 appelletur
2464 558 2947 632 signiﬁcationem.
3001 556 3282 616 Christum
3337 563 3522 613 autem
3580 568 3700 609 non

412 662 729 717 lncamatae.
757 660 826 717 Et
848 661 973 718 ideo
1002 677 1206 718 nomen
1231 671 1445 718 naturae
1477 661 1665 728 unius,
1692 676 1815 730 quae
1852 658 1998 715 divi-
2027 724 2033 733 ν
2103 672 2227 713 esse
2251 664 2463 711 natura:
2492 667 2718 714 nomen,
2749 649 2848 707 sed
2875 649 3180 727 unctionis,
3204 657 3261 704 et
3283 662 3351 703 ex
3388 646 3515 713 hoc,
3542 645 3703 717 quod

409 749 623 816 uitatis,
678 761 735 808 ct
775 752 1158 820 humanitatis,
1204 768 1521 825 expressam
1573 753 1750 824 possit
1790 751 2002 807 habere
2104 746 2267 803 multi
2292 744 2498 802 Christi
2528 742 2661 799 dicti
2694 751 2824 800 sunt
2852 744 2908 798 in
2932 743 3134 800 Vetere
3162 741 3541 804 Testamento,
3575 752 3699 793 ma-

412 841 892 913 signiﬁcationem,
923 844 1125 900 docere
1155 853 1447 916 coguntur.
2105 836 2367 892 nifestum
2409 844 2512 890 esti
2545 831 2897 905 Quapropter
2923 841 3019 889 aut
3044 847 3247 889 nomen
3289 830 3441 886 illius
3481 837 3709 884 natura

483 933 686 990 Verum
718 935 764 990 si
796 937 853 990 in
884 944 1096 991 tantum
1128 934 1855 1008 desipuerint,quoddicant
1879 949 2001 990 eam
2108 929 2296 994 unius,
2348 926 2497 999 quod
2532 926 2602 983 ab
2648 927 2731 983 eis
2770 926 3082 983 rectissime
3130 923 3395 997 quaeritur
3439 921 3702 986 doceant,

411 1023 621 1081 Christi
649 1040 772 1080 esse
793 1033 1072 1092 naturam,
1095 1041 1290 1081 rursus
1313 1026 1383 1081 ab
1411 1026 1493 1085 eis
1516 1025 1803 1097 quaeritur,
1826 1023 2005 1095 qualis
2109 1029 2205 1077 aut
2230 1020 2277 1076 si
2309 1019 2417 1077 hoc
2443 1019 2625 1076 facere
2653 1018 2882 1074 minime
2912 1025 3145 1089 possunt
3169 1015 3321 1089 (quia
3354 1012 3584 1070 omnino
3617 1021 3710 1068 est

414 1117 510 1173 illa
541 1118 632 1173 sit.
668 1117 806 1185 Quia
836 1116 1094 1175 Christus
1129 1136 1242 1175 non
1272 1126 1507 1185 naturae,
1543 1118 1640 1175 sed
1670 1116 2006 1189 operationis
2111 1111 2474 1184 impossibile)
2506 1110 2645 1166 duas
2676 1126 2788 1166 non
2817 1118 2967 1179 ante,
2999 1109 3097 1166 sed
3128 1116 3254 1185 post
3280 1105 3704 1171 adunationem,

417 1209 535 1264 sive
563 1207 893 1275 eﬁicientias,
921 1208 976 1265 id
1000 1219 1106 1275 est,
1131 1209 1412 1266 unctionis
1438 1225 1639 1265 nomen
1668 1218 1770 1275 est,
1801 1219 1857 1265 et
1880 1208 2006 1264 ideo
2110 1210 2168 1257 ει
2194 1201 2477 1272 deinceps.
2520 1215 2740 1270 semper
2768 1197 3228 1254 ἱηάίεεοιυῢίιὶιθτ
3257 1203 3567 1259 manentes.
3596 1209 3705 1248 11³·

418 1300 604 1356 adhuc
629 1310 1087 1377 c_oarctantur,ut
1108 1302 1257 1358 illius
1285 1311 1498 1358 natura:
1521 1301 2013 1377 singularis,quam
2114 1302 2266 1349 turas
2308 1293 2366 1349 in
2409 1308 2518 1348 una
2553 1291 2762 1348 Christi
2813 1304 3075 1361 persona.
3120 1295 3306 1360 ερΐθιε
3355 1285 3563 1343 erroris
3614 1285 3708 1339 ευί

420 1401 548 1462 post
594 1371 987 1448 adunationem
1041 1394 1099 1453 in
1141 1392 1363 1450 Christo
1405 1409 1529 1450 esse
1552 1371 1773 1459 volunt,
1811 1371 2016 1448 nomen
2113 1385 2368 1457 caligine,
2404 1382 2652 1455 proﬁteri
2693 1398 2805 1439 non
2844 1388 3112 1449 metuant,
3146 1395 3219 1435 ne
3267 1386 3361 1433 aut
3401 1377 3709 1433 humanam

425 1482 683 1539 doceant.
1483 1538 1491 1547 ,
2116 1488 2331 1534 tantum
2363 1492 2490 1533 cum
2519 1475 2743 1543 Iudaeis,
2776 1482 2872 1530 aut
2900 1473 3142 1530 divinam
3173 1478 3391 1528 tantum
3428 1483 3555 1525 cum
3591 1468 3712 1522 Ma-

499 1572 637 1641 Quia
668 1574 822 1631 nulla
866 1575 947 1632 rei
994 1578 1194 1632 natura
1240 1582 1346 1644 est,
1381 1592 1505 1651 quae
1549 1591 1660 1632 non
1692 1573 1919 1647 proprio
1960 1580 2021 1627 et
2117 1570 2348 1627 nichaais
2384 1566 2731 1633 conﬁtentes,
2767 1566 2837 1622 ab
2870 1564 3034 1620 unica
3060 1572 3118 1645 et
3143 1561 3429 1618 Catholica
3457 1557 3710 1615 damnati

432 1663 699 1737 singulari
754 1667 980 1725 nomine
1036 1666 1344 1724 secundum
1408 1666 1708 1739 specialem
1760 1662 2023 1721 videlicet
2118 1671 2296 1719 matre
2326 1653 2594 1727 Ecclesia,
2625 1658 2681 1715 in
2718 1666 3050 1731 perpetuum
3074 1654 3415 1713 crucientur.

441 1834 3698 1886 W-

1489 2021 2004 2119 JOANNIS
2067 2017 2671 2112 MAXENTII

779 2237 1437 2371 DIALOGI
1531 2232 2177 2374 CONTRA
2274 2228 3383 2369 NESTORIANOS
3615 2276 3681 2362 λ

1711 2477 1826 2543 AD
1869 2474 2462 2545 THEOPHILUM.

3646 2538 3673 2548 ,ει

1873 2738 2259 2833 PREFATIO.

493 2894 551 2953 Si
594 2893 654 2955 in
692 2892 805 2951 hoc
831 2891 1033 2948 saeculo
1070 2896 1259 2961 posset
1285 2886 1413 2945 ﬁnis
1440 2903 1564 2945 esse
1600 2888 1897 2954 mendacii,
1931 2898 2184 2945 maneret
2214 2890 2408 2962 utique
2433 2891 2622 2962 quieta
2647 2890 2856 2949 Christi
2885 2892 3154 2961 Ecclesia,
3180 2895 3280 2951 sed
3315 2895 3446 2966 quia
3478 2894 3721 2954 inextri-

433 2985 614 3045 cabile
641 2983 1051 3058 quodammodo
1083 2982 1288 3038 malum
1324 2997 1606 3054 nunquam
1636 2983 1843 3039 desinit
1865 2982 2109 3038 humana
2138 2983 2305 3039 corda
2329 2984 2571 3055 pulsare,
2598 2994 2764 3057 atque
2796 2987 3101 3059 inopinatis
3144 2989 3489 3061 argumentis
3545 2989 3721 3048 ﬁdem

433 3079 745 3152 inquietare
778 3076 1130 3140 catholicam,
1164 3089 1393 3133 necesse
1428 3085 1517 3132 est
1547 3078 1917 3135 sectatoribus
1947 3078 2198 3133 veritatis
2230 3077 2532 3148 prudenter
2563 3081 2837 3151 captiosas
2878 3082 3000 3153 eius
3028 3081 3338 3138 sententias
3379 3085 3720 3154 praevidere.

433 3173 828 3245 sapienterque
871 3170 1151 3241 detegere,
1184 3171 1541 3241 prolatasque
1583 3170 1641 3224 in
1685 3170 1930 3225 medium
1972 3170 2173 3225 malleo
2199 3171 2450 3227 veritatis
2480 3172 2765 3239 cohibere,
2793 3179 2851 3228 et
2897 3188 3071 3243 usque
3112 3173 3180 3229 ad
3222 3173 3551 3232 eﬁusionem
3583 3194 3723 3235 san-

433 3265 619 3337 guinis
650 3276 848 3320 contra
885 3279 979 3319 eas
1007 3280 1110 3334 pro
1153 3262 1391 3318 veritate
1434 3270 1669 3318 certare.
1704 3261 2013 3317 Praesertim
2046 3279 2171 3318 cum
2204 3262 2493 3333 Scriptura
2537 3264 2726 3320 divina
2770 3273 2993 3320 moneat
3019 3272 3077 3320 et
3101 3265 3250 3320 dicat
3280 3283 3294 3320 :
3326 3287 3354 3316 ι
3383 3267 3462 3323 Ne
3488 3270 3723 3340 confun-

434 3360 583 3414 daris
618 3357 763 3428 loqui
795 3357 1011 3412 uerbum
1039 3373 1137 3429 pro
1165 3358 1350 3411 anima
1380 3365 1495 3422 tua,
1530 3364 1579 3411 et
1606 3372 1702 3428 pro
1732 3358 1954 3411 veritate
1981 3364 2125 3412 certa
2154 3374 2317 3429 usque
2339 3359 2409 3413 ad
2436 3367 2660 3414 mortem
2692 3360 2758 3415 ".
2808 3379 2827 3412 ι
2864 3359 3135 3416 Similiter
3167 3370 3223 3417 et
3248 3361 3543 3432 Apostolus
3574 3376 3728 3433 quo-

435 3457 695 3512 rumdam
735 3456 1006 3512 denotans
1049 3453 1407 3510 timiditatem
1438 3470 1453 3508 :
1485 3452 1754 3520 Nondum,
1790 3452 1993 3523 inquit,
2029 3458 2194 3525 usque
2237 3454 2309 3508 ad
2338 3456 2654 3525 sanguinem
2700 3457 2967 3513 restitistis
3012 3457 3263 3513 adversus
3298 3466 3569 3530 peccatum
3600 3476 3726 3513 cer-

436 3558 613 3608 tantes
641 3551 709 3606 '°.
746 3549 1137 3606 Resistendum
1170 3547 1357 3620 igitur,
1388 3563 1492 3604 nec
1519 3549 1747 3603 omnino
1778 3555 1864 3603 est
1892 3548 2231 3618 parcendum
2262 3548 2561 3616 haereticis,
2603 3549 2946 3608 conﬁdentes
2971 3552 3030 3608 in
3069 3552 3163 3608 tali
3193 3551 3414 3624 negotio
3443 3552 3727 3610 sermonis

435 3648 653 3718 copiam
697 3646 927 3702 minime
968 3646 1304 3702 defuturam.
1334 3644 1470 3700 Nam
1503 3645 1549 3701 si
1580 3644 1647 3700 ad
1680 3643 2073 3700 confutandam
2115 3645 2402 3716 propheta:
2446 3645 2821 3717 insipientiam
2863 3663 2926 3704 os
2958 3632 3141 3703 asinae
3168 3647 3386 3718 aperuit
3414 3647 3482 3713 εί,
3509 3656 3723 3717 quanto

435 3742 616 3812 magis
647 3757 745 3798 cor
777 3741 958 3797 ﬁdelis
986 3756 1237 3797 reserare
1262 3740 1602 3813 dignabitur,
1645 3749 1705 3795 ut
1742 3738 2086 3812 perﬁdorum
2129 3739 2409 3796 dementia
2449 3740 2803 3797 confutetur?
2824 3741 3173 3814 Quapropter
3200 3741 3459 3813 quoniam
3487 3740 3619 3795 olim
3660 3739 3723 3799 in

437 3835 630 3891 radice
657 3836 902 3905 pravitas
933 3835 1259 3891 Nestoriana
1290 3836 1569 3901 damnata,
1602 3851 1753 3891 nunc
1779 3850 1978 3890 rursus
2005 3834 2251 3892 vivacior
2291 3837 2528 3907 assurgit
2564 3835 2992 3907 quodammodo,
3020 3836 3343 3908 callidisque
3372 3836 3721 3908 syllogismo-

436 3942 565 3983 rum
595 3926 936 3998 argumentis
963 3925 1228 3983 adversus
1254 3926 1370 3997 ipsa
1406 3925 1693 3981 catholicae
1735 3923 1865 3980 ﬁdei
1895 3918 2259 3980 fundamenta
2286 3924 2577 3990 dimicans,
2611 3926 2714 3981 sub
2747 3926 3004 3997 religiosa
3034 3925 3482 3997 pronuntiatione
3514 3926 3721 3982 verbo-

438 4035 566 4075 rum
596 4020 920 4092 religionem
950 4019 1243 4092 profanare
1275 4018 1582 4084 contendit,
1612 4018 1927 4074 necessario
1957 4017 2192 4083 credidi,
2229 4018 2305 4072 mi
2339 4018 2668 4089 Theophile,
2702 4019 2812 4075 tuis
2853 4020 3077 4092 adjutus
3104 4020 3387 4091 precibus,
3416 4020 3720 4089 occultum,

437 4125 498 4172 et
526 4117 629 4174 sub
658 4117 849 4173 verbis
887 4116 1188 4175 Catholicis
1228 4115 1513 4181 latentem,
1548 4129 1746 4170 eorum
1780 4113 2010 4185 impium
2046 4112 2287 4184 prodere
2336 4112 2705 4181 intellectum,
2738 4122 3013 4185 quatenus
3042 4114 3296 4172 detectus
3337 4124 3394 4172 et
3421 4106 3722 4174 denotatus

439 4212 536 4272 ﬁat
563 4215 779 4271 cunctis
801 4215 1011 4287 ubique
1036 4214 1384 4287 perspicuus.
1421 4211 1602 4283 Agens
1629 4211 1794 4267 simul
1827 4211 1995 4265 etiam
2027 4214 2219 4265 contra
2251 4224 2368 4275 eos,
2395 4210 2490 4282 qui
2526 4210 2657 4266 licet
2682 4207 2966 4266 Christum
2992 4211 3290 4266 Dominum
3321 4212 3719 4279 conﬁteantur,

440 4317 624 4364 tamen
665 4309 855 4365 nescio
899 4324 1009 4380 qua
1059 4322 1254 4363 rursus
1302 4304 1516 4360 inducti
1564 4303 1952 4375 perversitate,
1988 4301 2270 4359 declinant
2320 4319 2451 4360 eum
2496 4318 2670 4359 unum
2705 4303 2957 4360 conﬁteri
3006 4318 3073 4359 ex
3107 4312 3298 4360 sancta
3343 4312 3402 4360 et
3429 4304 3723 4360 individua

440 4399 737 4457 Trinitate.
771 4400 927 4467 Quod
974 4400 1229 4455 nolentes
1265 4411 1551 4462 asserere,
1583 4396 1710 4466 quis
1750 4408 1850 4450 eos
1894 4410 2007 4451 non
2042 4394 2312 4468 intelligat
2342 4396 2467 4453 aliis
2510 4395 2699 4453 verbis
2745 4394 2989 4467 idipsum
3037 4410 3242 4468 negare
3285 4395 3435 4466 quod
3485 4395 3686 4451 dicunt
3704 4450 3723 4480 .

438 4491 691 4562 nihilque
718 4492 869 4547 aliud
901 4489 1185 4547 Christum
1215 4490 1324 4545 nisi
1353 4497 1679 4545 extraneum
1705 4504 1736 4544 a
1764 4486 2037 4544 Trinitate
2060 4494 2119 4545 et
2140 4487 2297 4561 juxta
2333 4488 2589 4556 Arianos,
2625 4486 2854 4544 credere
2895 4487 3063 4559 impie
3093 4487 3450 4544 creaturam?
3480 4485 3536 4543 Si
3568 4488 3724 4543 enim

439 4597 610 4640 verus
631 4592 718 4639 est
744 4583 890 4638 Deus
932 4583 1077 4639 sicut
1120 4590 1227 4648 est,
1272 4589 1370 4638 aut
1401 4580 1645 4637 Trinitas
1684 4590 1791 4652 est,
1836 4592 1933 4638 aut
1960 4598 2105 4638 unus
2141 4598 2209 4639 ex
2245 4582 2539 4639 Trinitate.
2576 4581 2684 4638 Sed
2714 4582 2846 4653 quia
2878 4590 3049 4638 totam
3076 4582 3405 4638 Trinitatem
3432 4581 3727 4639 Christum

440 4674 674 4733 credere
700 4674 1047 4745 sacrilegium
1072 4684 1177 4740 est,
1206 4683 1379 4732 restat
1406 4684 1468 4732 ut
1491 4692 1635 4732 unus
1659 4677 1731 4733 sit
1756 4678 1903 4735 Deus
1927 4678 2184 4736 Christus
2208 4694 2278 4735 ex
2305 4677 2600 4734 Trinitate.
2625 4677 2743 4733 Nisi
2773 4678 2915 4734 forte
2945 4680 3117 4734 alium
3146 4693 3276 4734 eum
3304 4678 3479 4733 Deum
3510 4684 3731 4747 praeter

441 4763 772 4827 Trinitatem
794 4781 916 4829 esse
938 4768 1295 4835 contendant,
1319 4769 1469 4840 quod
1498 4786 1607 4825 non
1634 4770 2067 4839 Catholicorum,
2094 4771 2191 4828 sed
2220 4770 2646 4828 Manichaeorum
2677 4780 2764 4827 est
2798 4771 3111 4845 proprium,
3141 4770 3237 4843 qui
3269 4770 3411 4827 duos
3438 4769 3572 4825 deos
3607 4769 3727 4825 sibi

441 4855 753 4913 contrarios
800 4854 1176 4913 introducunt.
1219 4859 1435 4916 Placuit
1475 4860 1645 4932 igitur
1692 4863 1795 4918 sub
1839 4878 2076 4934 persona
2126 4863 2523 4934 interrogantis
2570 4862 2839 4930 haeretici,
2888 4869 2948 4919 et
2981 4861 3241 4919 catholici
3287 4859 3728 4932 respondentis,

442 4949 721 5020 explicare
769 4949 936 5022 hujus
983 4958 1185 5008 nostra:
1228 4951 1618 5024 disputationis
1666 4956 2020 5027 opusculum,
2071 4970 2186 5028 quo
2236 4955 2457 5013 facilius
2502 4955 2882 5029 objectionum
2936 4954 3214 5012 absolutio
3256 4952 3565 5027 legentibus
3594 4950 3728 5007 elu-

446 5053 651 5101 eescat.

519 5164 565 5197 “
595 5164 877 5232 Eccli..rv,
905 5164 995 5222 53.
1070 5164 1117 5198 ⁵ο
1150 5164 1319 5223 Hebr.
1356 5182 1453 5234 xu,
1487 5167 1541 5222 4.
1624 5168 1669 5200 ⁸³
1704 5165 1871 5223 Num.
1908 5182 2041 5234 un,
2071 5165 2165 5224 28.
2226 5230 2231 5235 ,

456 5313 3680 5352 W

1636 5452 1984 5541 LIBER
2072 5453 2575 5544 PRIMUS.

829 5687 1176 5746 CAPITULA
1211 5686 1394 5745 LIBRI
1432 5687 1643 5744 PRIMI.
2136 5692 2203 5751 ιι.
2236 5690 2389 5759 Quod
2420 5690 2706 5746 Theotocon
2734 5689 2969 5745 heretici
2996 5687 3206 5744 beatam
3234 5686 3495 5759 Virginem
3521 5671 3598 5741 ita
3630 5683 3727 5757 fa-

456 5776 499 5833 l.
546 5778 620 5834 De
671 5780 825 5834 modo
861 5779 1234 5850 appellationis
1283 5779 1580 5846 Theotocw,
1641 5781 1735 5834 hoc
1777 5787 1885 5845 est,
1932 5781 2032 5837 Dei
2208 5793 2444 5849 teantur,
2476 5799 2581 5837 non
2636 5784 2761 5854 quia
2800 5781 2973 5837 Deum
3020 5779 3311 5837 secundum
3359 5794 3595 5847 carm,
3625 5777 3731 5835 sed

523 5879 817 5936 Genitricis.
1004 5944 1009 5951 η
2205 5879 2330 5948 quia
2351 5876 2625 5971 hominem
2646 5872 2766 5947 Deo
2797 5874 3004 5932 unitum
3032 5873 3295 5947 genuerit.
