3984 6296
244 433 344 492 ιη

1117 430 1316 490 DIAL.
1355 429 1657 490 CONTRA
1687 427 2240 493 NESTORIANOS.
2276 454 2348 467 -·
2388 431 2617 495 LIB..I.

3418 400 3528 488 ns

243 536 336 596 III.
374 535 521 603 Quod
557 536 769 592 initium
811 537 932 592 dari
975 535 1085 592 Deo
1125 536 1289 594 Verbo
1335 556 1399 594 ea:
1447 541 1646 610 femina
1677 541 1840 595 stulte
1869 543 1914 600 Α
1942 540 2032 596 ΙΧ.
2064 541 2216 607 Quod
2244 543 2338 596 hoc
2368 549 2579 595 tantum
2617 540 2817 594 distare
2853 555 2886 594 a
2933 537 3220 613 Prophetis
3255 535 3522 593 Christum

317 630 733 696 calumniantur,
760 631 840 684 his
868 630 960 702 qui
989 645 1111 684 vere
1140 641 1192 688 et
1223 634 1435 703 prOprie
1462 633 1630 688 Deum
1654 650 1838 688 secun-

313 724 441 777 dum
469 740 686 777 carnem
715 731 902 777 natum
934 740 998 777 ex
1025 724 1224 793 femina
1259 725 1592 792 conﬁtentur.

247 811 332 869 IV.
365 810 519 879 Quod
544 813 738 868 callide
764 823 815 868 et
842 830 1086 885 perverse
1114 831 1233 870 eam
1271 826 1499 872 matrem
1527 817 1836 873 humanita-

313 907 383 961 tis
427 905 725 976 afﬁrmem.

248 996 307 1052 ν.
340 996 493 1063 Quod
542 1013 606 1052 ex
653 997 763 1052 illis
807 997 1122 1070 euangelicis
1155 1001 1360 1056 uocibus
1395 1018 1513 1073 quia
1549 1003 1620 1057 ad
1647 1001 1839 1074 Ioseph

311 1085 580 1158 Sponsum
609 1098 808 1144 sancta:
832 1089 1061 1161 Virginis
1080 1092 1236 1161 facta:
1260 1092 1523 1164 leguntur,
1547 1111 1649 1148 non
1672 1095 1839 1148 Deum

313 1179 508 1247 fortem
558 1180 848 1234 secundum
897 1179 1216 1253 Prophetam
1259 1184 1326 1249 “,
1367 1185 1456 1238 sed
1489 1202 1683 1256 purum
1715 1195 1838 1240 tan-

316 1279 452 1336 tum,
482 1270 574 1341 qui
602 1280 818 1343 propter
847 1290 989 1340 eum,
1021 1277 1105 1328 cui
1133 1277 1278 1331 uniri
1309 1279 1519 1342 meruit,
1560 1278 1698 1332 Deus
1729 1279 1841 1349 for-

318 1364 384 1416 tis
417 1363 648 1428 dicatur,
684 1364 774 1417 sed
809 1365 1008 1434 femina
1045 1383 1229 1421 natum
1273 1378 1528 1422 conentur
1577 1379 1836 1424 astruere.

254 1455 334 1512 VI.
383 1455 541 1528 547
577 1456 653 1510 De
682 1473 742 1510 eo
773 1459 915 1528 quod
945 1461 1205 1530 scriptum
1252 1470 1329 1516 est
1360 1475 1418 1516 ε(
1453 1461 1605 1527 Quod
1645 1473 1832 1516 natum

318 1560 396 1602 est
427 1550 491 1602 de
521 1565 704 1613 carne,
727 1567 852 1604 caro
893 1559 1007 1606 est:
1042 1553 1184 1619 quod
1223 1563 1408 1609 natum
1449 1565 1526 1610 est
1560 1556 1624 1610 de
1648 1555 1840 1626 spiritu

315 1643 537 1710 spiritus
559 1650 637 1695 est
667 1641 736 1696 ⁸³.
781 1662 798 1694 ι

258 1734 360 1790 VII.
386 1733 460 1788 De
476 1751 535 1788 eo
551 1735 692 1806 quod
717 1753 822 1790 non
847 1736 1016 1791 Deum
1043 1737 1266 1808 factum,
1284 1742 1376 1795 sed
1392 1740 1659 1798 Christum
1673 1745 1841 1800 Deum

320 1829 523 1897 factum
554 1828 750 1883 callide
787 1831 1047 1900 fatentur.

254 1919 385 1975 VIII.
421 1919 596 1985 Quod-
633 1939 741 1977 non
776 1932 1004 1988 natura,
1047 1925 1140 1979 sed
1189 1925 1451 1996 dignitate
1510 1934 1561 1982 et
1599 1929 1840 1984 unitione

320 2009 494 2065 Deum
518 2011 679 2067 stulte
725 2025 970 2069 asserunt
1002 2013 1270 2070 Christum
1306 2034 1324 2072 :
1351 2018 1413 2071 ob
1438 2018 1493 2072 id
1538 2019 1679 2088 quod
1705 2022 1840 2074 scri-

325 2109 479 2172 ptum
502 2112 578 2157 est
606 2105 662 2157 in
695 2104 903 2160 Actibus
937 2106 1337 2177 Apostolorum,
1391 2107 1654 2163 Petro'ad
1711 2109 1843 2166 Cor-

305 2195 533 2263 Iulium
556 2196 760 2252 dicente
785 2198 809 2252 ?
832 2196 971 2264 Quia
998 2198 1140 2255 Deus
1161 2209 1278 2255 erat
1304 2218 1424 2255 cum
1444 2200 1540 2254 illo
1575 2202 1641 2255 “.

2010 637 2170 707 impie
2200 637 2494 706 fateantur,
2537 636 2627 705 qui
2645 650 2749 688 non
2776 635 2843 688 sit
2878 642 3033 687 natus
3064 647 3127 686 ea:
3157 634 3355 686 semine
3399 633 3519 698 viri,

2011 726 2249 802 quamvis
2305 748 2406 785 non
2448 738 2562 802 post
2614 729 3113 799 conformationem,
3171 726 3261 780 sed
3314 726 3369 779 in
3404 726 3517 796 ipsa

2011 825 2450 894 conformatione,
2471 821 2677 878 Christo
2693 829 2869 875 tamen
2887 820 3053 878 Deum
3074 818 3294 873 Verbum
3312 817 3536 872 unitum.

2008 918 2188 987 inique
2212 914 2552 969 contendant.

1939 1009 2006 1064 X.
2050 1008 2198 1075 Quod
2226 1009 2360 1062 sicut
2391 1006 2524 1060 duas
2548 1013 2795 1069 naturas,
2823 1004 2898 1057 ita
2921 1008 2973 1055 et
3011 1001 3378 1054 subsistentias
3419 1000 3520 1054 siet

2012 1117 2267 1171 personas
2299 1102 2355 1153 in
2386 1097 2594 1154 Christo
2625 1098 2922 1166 fateantur.

1939 1193 2034 1249 XI.
2063 1192 2213 1258 Quod
2247 1199 2577 1260 assumptum
2603 1207 2635 1244 a
2661 1188 2794 1252 Deo,
2819 1203 2924 1240 non
2945 1184 3113 1238 Deum
3141 1183 3339 1253 factum
3360 1181 3520 1235 homi-

2013 1301 2131 1338 nem
2153 1299 2392 1355 perverse
2411 1289 2678 1347 asserunt,
2697 1289 2745 1333 et
2777 1279 2918 1350 quod
2935 1281 3109 1348 ipsum
3136 1275 3398 1344 deﬁniant
3429 1290 3522 1327 na-

2014 1385 2194 1430 turam
2211 1392 2322 1429 esse
2345 1374 2482 1446 quod
2517 1390 2747 1444 persona
2779 1379 2877 1426 est.

1941 1469 2060 1525 XII.
2106 1468 2257 1535 Quod
2295 1468 2410 1523 alia
2440 1475 2565 1522 sunt
2597 1468 2816 1539 propria
2851 1467 3072 1519 nomina
3109 1473 3433 1518 naturarum
3479 1471 3525 1516 et

1943 1576 2336 1633 persona:,qua:
2367 1559 2575 1615 nullam
2602 1559 2801 1630 faciant
2824 1557 3190 1628 quaestionem,
3237 1555 3349 1610 alia
3389 1570 3524 1609 com-

2015 1657 2199 1709 munia
2231 1670 2349 1725 qua:
2375 1655 2429 1706 in
2455 1653 2797 1723 quaestionem
2829 1649 3066 1702 veniant.

1944 1749 2088 1804 XIII.
2131 1746 2268 1812 Quid
2312 1748 2452 1800 inter
2485 1753 2711 1799 naturas
2762 1742 2917 1796 distet
2941 1749 3099 1812 atque
3143 1756 3426 1812 personam
3485 1741 3538 1790 et

2017 1840 2158 1911 quod
2177 1857 2280 1893 non
2310 1839 2481 1893 omnis
2506 1838 2574 1891 sit
2607 1843 2805 1890 natura
2837 1850 3090 1904 persona.

1942 1933 2080 1989 XIV.
2110 1931 2260 1998 Quod
2301 1939 2350 1984 et
2395 1929 2564 1982 Deum
2599 1928 2797 1997 factum
2834 1927 3119 1988 hominem,
3170 1930 3220 1976 et
3247 1931 3535 1976 secunaunt

2014 2022 2347 2078 nativitatem
2373 2020 2472 2074 Dei
2498 2019 2649 2074 Verbi
2680 2020 2844 2090 juxta
2882 2033 3100 2072 carnem
3143 2013 3374 2070 heretici
3422 2001 3539 2069 orci

2017 2116 2140 2169 dere
2177 2113 2532 2166 detestantur.

1573 2429 2228 2489 INTERLOCUTORES.

1300 2539 1912 2616 NESTORIANUS,
1960 2539 2062 2602 CA
2074 2538 2510 2604 THOLICUS.

765 2661 994 2718 CAPUT
1027 2663 1320 2721 PRIMUM.

325 2751 836 2809 NESTOIIIANUS.
904 2754 1053 2811 Olim
1096 2764 1150 2810 te
1193 2764 1514 2811 nostrorum
1566 2757 1848 2812 dictorum

254 2843 498 2898 audiens
545 2843 1182 2917 infamatorem,saepius
1235 2846 1574 2901 incitabatur
1610 2847 1830 2902 animus

257 2948 446 2993 tecum
497 2935 566 2991 de
629 2937 835 2992 divinae
900 2939 1333 3008 dispensationis
1385 2941 1718 3008 conquirere
1769 2955 1855 2994 sa—

263 3038 572 3084 cramento.
632 3030 794 3085 Nunc
852 3047 987 3086 vero
1041 3040 1358 3100 opportuno
1418 3032 1542 3087 loco
1604 3039 1662 3087 et
1713 3041 1854 3086 tem-

263 3134 401 3189 pore
433 3128 524 3174 tua
565 3119 730 3174 nobis
758 3136 789 3174 a
815 3120 930 3176 Deo
980 3120 1184 3176 donata
1217 3121 1537 3190 praesentia,
1564 3119 1723 3175 valde
1754 3119 1856 3174 de-

1953 2665 2224 2735 scriptum
2271 2665 2379 2737 est)
2409 2665 2666 2719 hilariter
2707 2665 2824 2734 ipsa
2873 2662 3081 2718 veritas
3107 2660 3386 2726 intimare,
3417 2675 3544 2715 eum

1956 2756 2024 2811 ad
2052 2757 2528 2826 investigationem
2576 2755 2663 2810 sui
2685 2753 3097 2826 disputantium
3137 2761 3356 2808 mentes
3411 2750 3540 2806 sim.

1958 2849 2090 2920 plici
2145 2849 2353 2904 viderit
2408 2850 2723 2904 intentione
2775 2847 3132 2918 pertendere.
3194 2846 3316 2900 Erit
3381 2843 3541 2916 igitur

1959 2943 2156 3012 procul
2191 2943 2362 2997 dubio
2395 2951 2601 2997 nostra:
2629 2941 3028 3012 disputationis
3054 2940 3376 2994 fructuosus
3402 2937 3545 3004 finis,

1961 3035 2007 3090 si
2057 3034 2224 3090 modo
2275 3034 2489 3089 furiosa
2551 3035 2839 3089 contentio
2891 3033 3289 3088 submoveatur
3346 3043 3378 3084 e
3438 3042 3544 3084 me—

1964 3125 2078 3180 dio.

264 3187 478 3276 sidere,
506 3221 568 3267 ut
591 3221 922 3283 praesentem
947 3229 1162 3284 arguas,
1189 3187 1278 3268 cui
1305 3213 1520 3269 absenti
1537 3228 1649 3267 non
1677 3211 1862 3283 quies-
1887 3187 1938 3254 ο
2036 3216 2100 3272 N.
2139 3216 2256 3272 Mea
2283 3223 2432 3270 certe
2458 3215 2578 3270 haec
2609 3223 2694 3269 est
2717 3214 2950 3268 omnino
2978 3211 3219 3268 intentio
3239 3251 3254 3275 ,
3286 3208 3331 3264 si
3369 3217 3548 3264 tamen

262 3307 354 3363 cis
387 3307 708 3364 detrahere.

339 3399 795 3456 CATHOLICUS.
833 3400 938 3466 Qui
971 3415 1029 3454 se
1058 3415 1171 3454 non
1204 3399 1501 3464 mendacii,
1530 3397 1629 3454 sed
1656 3397 1861 3452 verita-

264 3492 345 3548 tis
379 3493 609 3546 exhibet
634 3501 989 3556 sectatorem,
1017 3493 1204 3547 nullus
1233 3501 1487 3547 movetur
1520 3490 1864 3546 mussitatio-

265 3583 443 3637 nibus
475 3585 862 3652 querulorurn.
904 3584 1075 3655 Cujus
1095 3592 1282 3639 autem
1309 3585 1530 3638 animus
1556 3583 1628 3638 de
1656 3597 1755 3636 sua
1781 3589 1867 3636 est

268 3673 515 3729 falsitate
544 3675 822 3740 conscius,
853 3675 1170 3730 licetnemo
1211 3675 1279 3729 de
1308 3690 1376 3728 eo
1420 3684 1710 3744 queratur,
1745 3688 1867 3728 sus-

268 3765 557 3836 picionum
589 3773 774 3820 tamen
805 3765 1046 3821 stimulis
1075 3766 1424 3834 inquietatur
1451 3764 1695 3820 assidue.
1715 3763 1864 3818 Nihil

267 3865 463 3913 autem
517 3857 893 3927 prudentibus
945 3857 1150 3921 aufert,
1213 3857 1326 3911 imo
1381 3857 1566 3925 potius
1623 3854 1862 3919 confert,

271 3949 512 4003 mendax
541 3948 828 4002 infamatio
858 3949 1277 4020 malevolorum.
1317 3946 1374 4002 Si
1409 3948 1558 4000 enim
1588 3945 1865 4000 veraciter

268 4041 405 4112 quis
430 4040 499 4094 de
535 4040 741 4094 talibus
777 4040 1232 4110 reprehenditur,
1264 4037 1634 4108 corrigendus
1656 4043 1772 4100 est,
1795 4051 1864 4090 ne

270 4133 516 4190 ulterius
534 4133 970 4203 reprehendant,
995 4135 1039 4188 si
1063 4133 1432 4198 mendaciter,
1453 4130 1864 4188 condemnandi

270 4235 413 4283 sunt
438 4225 621 4294 potius
651 4233 707 4279 et
731 4225 972 4280 delendi.
1002 4224 1354 4295 Quapropter
1375 4225 1442 4290 si,
1475 4232 1536 4278 ut
1562 4224 1678 4293 ipse
1714 4223 1864 4278 aesti-

270 4331 433 4379 mas,
483 4323 707 4369 tuarum
765 4332 888 4370 sum
945 4331 1046 4386 ego
1103 4316 1399 4372 infamator
1450 4316 1862 4378 assertionum,

272 4423 381 4480 age
411 4423 559 4462 nunc
601 4409 749 4462 sicut
781 4408 1137 4472 desiderasti,
1185 4417 1241 4462 et
1275 4417 1328 4463 te
1381 4416 1714 4463 sectatorem
1767 4420 1864 4461 ve-

1966 3315 2025 3363 et
2052 3316 2109 3360 tu
2141 3305 2358 3376 placido
2377 3305 2562 3358 animo
2584 3303 2724 3359 meis
2754 3300 3290 3373 interrogationibus
3318 3298 3546 3370 dignum

1967 3397 2192 3452 duxeris
2226 3396 2588 3466 respondere.

2036 3489 2096 3545 C.
2121 3490 2278 3544 Move
2310 3489 2458 3558 quod
2485 3489 2589 3554 vis,
2629 3495 2690 3543 ut
2708 3489 2822 3558 jam
2853 3485 3142 3542 videamus
3164 3501 3230 3543 ea
3255 3502 3379 3558 qua
3407 3501 3440 3542 a
3464 3500 3546 3544 me

1969 3583 2113 3638 scire
2141 3582 2447 3636 desideres.

2035 3673 2102 3728 N.
2151 3673 2288 3727 Volo
2347 3673 2552 3741 igitur,
2600 3681 2660 3726 ut
2707 3671 2844 3726 mihi
2895 3673 3122 3742 planum
3174 3671 3365 3737 facias,
3420 3685 3556 3740 quo.

1968 3781 2096 3821 nam
2123 3765 2286 3820 modo
2307 3782 2336 3819 a
2353 3765 2508 3819 vobis
2531 3764 2692 3819 beata
2713 3764 2878 3834 Virgo
2902 3765 3210 3834 appellatur
3222 3763 3548 3838 'l'heotocos,

1968 3858 2076 3913 hoc
2098 3865 2202 3919 est,
2244 3855 2340 3910 Dei
2370 3855 2644 3921 Genitrix,
2677 3870 2846 3925 quam
2878 3863 3094 3911 constat
3145 3856 3404 3926 genuisse
3430 3856 3551 3910 Em.

1968 3952 2302 4005 tnanuelem.

2037 4041 2098 4096 C.
2141 4041 2262 4111 Ipsa
2321 4056 2553 4110 prorsus
2590 4050 2698 4096 tuae
2749 4040 3207 4112 interrogationis
3258 4037 3550 4113 principia,

1969 4132 2112 4187 duos
2135 4141 2185 4185 te
2220 4131 2363 4185 filios
2385 4130 2616 4185 credere
2650 4130 3026 4185 manifestam.

2035 4224 2102 4279 N.
2129 4223 2276 4286 Noli,
2315 4237 2503 4292 quaeso
2547 4231 2622 4288 te,
2648 4230 2947 4292 antequam
2992 4237 3244 4278 meorum
3280 4223 3548 4279 dictorum

1969 4305 2241 4388 rationem
2274 4315 2570 4386 diligenter
2606 4315 2899 4382 discutias,
2925 4315 3290 4372 calumniosis
3324 4331 3412 4370 me
3452 4315 3567 4384 im-,

1969 4418 2161 4480 petere
2197 4408 2450 4462 vocibus.

267 4496 464 4552 ritatis
489 4497 808 4562 ostendens,
844 4512 932 4553 me
963 4506 1120 4554 tuum
1156 4497 1513 4552 falsissimum
1549 4504 1681 4552 nota
1704 4509 1868 4549 accu-
1901 4521 1949 4578 υ
2045 4501 2110 4556 C.
2137 4501 2313 4556 Nemo
2342 4508 2492 4556 recte
2550 4499 2657 4554 sibi
2687 4497 2879 4554 inferri
2921 4499 3256 4554 calumniam
3302 4497 3551 4570 queritur

273 4599 544 4644 saturem.

353 4679 421 4734 N.
461 4680 880 4750 Relinquentes,
940 4683 986 4736 si
1019 4683 1221 4752 placet,
1253 4681 1378 4746 ista,
1410 4697 1476 4736 ea
1517 4680 1869 4751 proferamus

277 4771 637 4826 discutienda
659 4773 716 4826 in
748 4773 1016 4839 medium,
1049 4791 1172 4844 quae
1197 4775 1584 4845 unusquisque
1617 4785 1870 4831 nostrum

278 4863 524 4932 simplici
577 4874 784 4929 mente,
831 4864 1134 4932 Catholicis
1165 4865 1382 4936 judicat
1408 4867 1708 4922 convenire
1739 4867 1875 4940 dog-

282 4957 551 5023 matibus,
583 4973 651 5012 ne
679 4958 736 5011 in
764 4957 853 5012 his
877 4974 999 5028 qua:
1021 4957 1089 5012 ad
1116 4973 1233 5014 rem
1268 4973 1378 5012 non
1411 4959 1696 5029 pertinent
1731 4968 1872 5017 tem-

283 5065 393 5121 pus
415 5050 707 5104 videamur
741 5052 1090 5120 expendisse.

355 5141 419 5197 C.
446 5141 730 5213 Optimum
754 5145 980 5213 quidem
1004 5146 1141 5200 mihi
1160 5155 1218 5201 et
1238 5145 1406 5200 nimis
1425 5155 1666 5216 gratum,
1689 5163 1874 5204 semo-

285 5231 361 5289 tis
383 5234 650 5289 conviciis
683 5251 903 5304 semper
925 5235 994 5290 de
1012 5236 1250 5292 veritate
1280 5235 1640 5306 conquirere.

359 5320 427 5376 N.
449 5322 641 5378 Solent
671 5324 890 5395 injuriae
915 5325 1025 5380 illis
1053 5335 1317 5397 praestare
1361 5326 1711 5396 suﬂ‘ragium,
1749 5325 1875 5396 qui-

288 5409 397 5466 bus
428 5413 676 5468 studium
722 5422 807 5469 est
840 5431 955 5470 non
991 5415 1060 5472 de
1094 5417 1352 5482 veritate,
1386 5419 1483 5472 sed
1535 5418 1604 5471 de
1652 5417 1877 5488 propria

286 5504 510 5576 gloriari
537 5505 795 5561 victoria.
829 5508 888 5562 In
919 5509 1007 5563 his
1030 5518 1239 5575 autem,
1275 5510 1370 5579 qui
1415 5517 1528 5565 tota
1566 5508 1877 5566 intentione

287 5597 523 5666 cupiunt
551 5597 620 5653 de
655 5610 937 5668 comperta
982 5602 1217 5674 veritate
1255 5601 1518 5674 gaudere,
1541 5602 1725 5657 locum
1760 5608 1879 5657 hac

287 5689 512 5756 penitus
534 5705 649 5744 non
678 5689 907 5746 habent.

359 5778 631 5851 C._Facilc
659 5782 804 5838 solet
828 5783 884 5836 in
918 5782 1355 5853 disputationum
1377 5785 1596 5842 semitis
1615 5790 1684 5842 ~se
1712 5786 1879 5854 (sicut

366 5894 410 5928 δ’
434 5896 584 5953 Psal.

1971 4606 2141 4663 quem
2172 4606 2280 4644 non
2312 4590 2512 4655 aliena,
2543 4589 2638 4644 sed
2668 4604 2766 4644 sua
2809 4589 2996 4659 potius
3056 4589 3415 4661 redarguunt.
3455 4589 3553 4644 Ve-

1973 4697 2098 4735 rum
2128 4680 2174 4735 si
2195 4695 2297 4750 ego
2326 4677 2786 4749 interrogationis
2826 4686 2932 4733 tuae
2955 4680 3290 4734 sententiam
3329 4678 3555 4734 minime

1975 4771 2286 4841 intelligere
2315 4770 2494 4840 potui,
2520 4771 2724 4840 deputa
2751 4771 2858 4824 hoc
2901 4770 3218 4840 imperitiae,
3255 4769 3557 4826 dummodo

1975 4871 2036 4917 tu
2057 4862 2298 4917 lucidius
2319 4862 2594 4932 explices,
2624 4861 2717 4932 qui
2759 4862 2984 4916 modum
3018 4862 3087 4917 de
3118 4862 3412 4919 Theotocas
3459 4876 3561 4932 ap-

1975 4955 2276 5026 pellatione
2328 4955 2552 5025 planum
2610 4954 2712 5009 tibi
2765 4955 2892 5030 fieri
2936 4953 3190 5025 flagitans
3246 4954 3560 5025 subjecisti,

1976 5060 2142 5116 quam
2172 5052 2387 5100 constat
2419 5047 2680 5117 genuisse
2700 5047 3140 5112 Emmanuelern.
3184 5046 3240 5102 Si
3265 5049 3410 5101 enim
3441 5062 3554 5100 mo-

1977 5137 2109 5191 dum
2139 5137 2534 5206 'appellationis
2589 5137 2888 5192 Theotocas
2930 5137 3336 5207 perquirentes,
3393 5136 3558 5190 etiam

1976 5229 2412 5294 Emmanuelem,
2437 5246 2602 5299 quem
2648 5239 2842 5285 natum
2868 5229 3055 5284 dixisti
3087 5245 3154 5283 ex
3171 5227 3418 5297 Virgine,
3461 5227 3556 5282 Dei

1977 5320 2178 5375 Filium
2210 5320 2492 5388 crederes,
2521 5321 2800 5377 sulIiceret
2846 5321 3053 5386 dicere,
3105 5336 3345 5389 quonam
3397 5317 3557 5386 mpdo

1978 5413 2290 5469 Theotocos
2313 5415 2470 5470 beata
2488 5415 2652 5486 Virgo
2672 5415 2982 5484 appelletur
2999 5429 3030 5468 a
3050 5411 3557 5482 vobis.Adjiciendo

1979 5515 2186 5572 autem,
2229 5523 2395 5577 quam
2442 5503 2658 5562 constat
2685 5507 2947 5576 genuisse
2981 5505 3418 5569 Emmanuelem,
3465 5503 3566 5559 do-

1978 5599 2166 5665 cuisti,
2204 5599 2348 5654 sicut
2377 5599 2541 5654 datur
2573 5599 2834 5669 intelligi,
2876 5595 3293 5654 Emmanuelem
3349 5614 3462 5653 non
3508 5606 3567 5653 te

1978 5693 2179 5748 Filium
2205 5692 2302 5747 Dei
2327 5690 2580 5746 credere.

2050 5784 2116 5840 N.
2157 5784 2449 5853 Nunquam
2493 5798 2616 5857 ego,
2675 5789 2736 5838 ut
2780 5791 2838 5840 tu
2871 5783 3098 5854 asseris,
3143 5782 3559 5842 Emmanuclcm

686 5897 872 5967 μηδ.
951 5899 1176 5981 f'Joan.
1233 5903 1387 5969 "1,6.
1466 5903 1509 5936 "'
1542 5902 1664 5958 Act.
1703 5919 1754 5969 x,
1799 5903 1820 5956 l
1880 5917 2034 5974 seqq.

3524 5992 3561 6003 κ...
