3984 6296
482 368 589 436 119

1725 379 1761 442 Ι
1764 380 1972 441 OANN
1973 381 2045 441 IS
2082 382 2139 441 M

2298 385 2467 446 NTII
3651 389 3752 456 120

479 483 584 580 nisi
614 484 815 580 Filium
833 487 939 544 Dei
953 471 1303 580 credidi,sed
1326 489 1467 547 scire
1488 488 1652 562 cupio
1664 490 1915 558 modum,
1936 471 2153 563 quali
2174 511 2338 553 causa
2369 515 2498 557 vere
2519 511 2576 557 et
2591 503 2817 575 proprie
2837 520 2963 563 esse
2975 504 3749 580 crediturm'l‘heotocos.

476 573 606 629 liter
638 572 946 634 Theotocos
976 579 1134 635 beata
1159 578 1325 650 Virgo
1349 580 1658 650 appelletur
1693 594 1723 634 a
1757 581 1935 637 vobis.

548 665 610 722 C.
665 665 721 721 Si
769 668 1117 735 Emmanuel,
1159 685 1325 740 quem
1364 676 1608 725 natume
1644 670 1809 725 beata
1829 670 2054 742 Virgine

477 754 786 822 conﬁteris,
814 755 1145 823 FilinsIDeia
1176 765 1230 811 te
1242 772 1461 828 semper
1478 765 1565 813 est
1585 756 1855 823 creditus,
1880 757 2056 814 Filius

417 847 421 874 ί
477 856 661 903 autem
692 848 790 903 Dei
822 863 934 903 non
959 855 1045 902 est
1067 847 1175 905 nisi
1202 848 1370 915 Deus,
1390 857 1542 906 recte
1565 850 1796 907 omnino
1819 865 1852 905 a
1890 849 2056 907 nobis

414 933 424 1000 ἶ
476 939 637 994 beata
664 938 834 1010 Virgo
861 938 1111 996 creditur
1139 938 1475 995 Theotocos.

546 1027 615 1083 N.
639 1026 764 1083 Cito
781 1028 1079 1098 propositae
1098 1029 1418 1099 quaestionis
1439 1030 1717 1087 rationem
1742 1040 1798 1087 te
1814 1030 2054 1088 aestimas

474 1119 804 1190 cxplicasse,
856 1121 1016 1197 quasi
1065 1136 1178 1177 non
1209 1121 1321 1177 sint
1364 1121 1621 1189 ulterius,
1651 1138 1774 1194 quae
1834 1121 1905 1180 de
1951 1122 2056 1178 hac

406 1279 421 1299 ’
475 1211 789 1282 quaestione
821 1219 1166 1282 quaerantur.
1860 1220 1869 1233 ‘

546 1301 608 1358 C.
641 1301 741 1358 Dic
760 1317 882 1375 age,
919 1302 1051 1374 quid
1077 1304 1178 1369 vis,
1222 1318 1327 1359 nec
1357 1304 1498 1360 ullas
1522 1304 1808 1361 dilationis
1827 1303 2057 1374 patiaris

475 1393 779 1463 angustias.

546 1482 614 1540 N.
667 1484 930 1552 Quamvis
979 1486 1301 1544 Theotocon
1346 1488 1563 1543 beatam
1600 1488 1881 1559 Virginem
1921 1501 2058 1543 con-

475 1575 622 1633 ﬁteri
671 1593 776 1634 nec
829 1593 931 1650 ego
964 1580 1250 1652 refugiam,
1281 1596 1391 1636 non
1431 1589 1613 1636 tamen
1657 1579 1805 1650 quod
1858 1579 2054 1645 Deum,

475 1669 573 1724 sed
605 1670 735 1740 quia
769 1671 1051 1737 hominem
1101 1673 1379 1745 genuerit,
1407 1673 1523 1729 Deo
1545 1670 1785 1737 unitum,
1848 1669 2057 1726 idcirco

473 1775 595 1815 eam
619 1761 889 1819 confiteor
917 1763 1257 1820 Theotoeon.

1143 1877 1294 1934 CAP.
1339 1878 1403 1932 11.

471 1974 477 1979 ’
550 1988 612 2046 C.
661 1990 849 2047 Patuit
901 1993 1130 2049 omnino
1158 1992 1305 2062 quod
1337 1993 1610 2048 hactenus
1661 1988 1969 2061 tegebatur.
2002 1979 2061 2044 Si

470 2079 619 2135 enim
642 2095 754 2136 non
776 2082 969 2151 Deum,
999 2080 1096 2139 sed
1125 2082 1405 2137 hominem
1424 2082 1537 2137 Deo
1626 2081 1843 2136 unitum
1872 2077 2063 2151 genuit

470 2182 662 2228 sancta
701 2173 869 2247 Virgo
893 2176 1086 2241 Maria,
1109 2184 1195 2231 est
1222 2175 1342 2231 sine
1364 2174 1537 2232 dubio
1550 2173 1705 2246 juxta
1740 2182 1795 2227 te
1812 2171 2056 2226 Anthro-

468 2273 721 2333 potocos,
757 2266 865 2322 hoc
885 2273 990 2332 est,
1023 2267 1264 2323 hominis
1298 2267 1561 2339 genitrix,
1586 2281 1700 2321 non
1723 2263 2054 2318 Theotocos.

468 2354 592 2423 0αο
619 2372 753 2429 ergo
778 2359 944 2415 modo
991 2359 1314 2414 Theotocon
1350 2357 1603 2414 eamdem
1627 2352 1896 2427 virginem
1933 2367 2061 2424 pro-

468 2445 679 2516 ﬁteris,
705 2463 868 2517 quam
895 2463 1005 2503 non
1027 2448 1224 2515 Deum,
1258 2447 1355 2503 sed
1378 2446 1658 2502 hominem
1679 2442 2058 2531 tantummodo

467 2538 741 2609 praedicas
759 2538 1016 2610 genuisse
1031 2538 1057 2592 ?

540 2631 607 2687 N.
651 2632 913 2688 Unitione
963 2632 1170 2687 factum
1215 2638 1321 2697 est,
1351 2639 1412 2686 ut
1449 2629 1497 2686 is
1542 2631 1638 2701 qui
1676 2646 1745 2687 ex
1790 2645 1856 2685 ea
1890 2636 2054 2685 natus

468 2731 579 2789 est,
610 2724 760 2779 Deus
782 2724 1112 2796 appelletur,
1168 2732 1400 2794 propter
1446 2723 1621 2777 Deum
1662 2721 1927 2777 videlicet
1960 2720 2051 2776 cui

471 2816 645 2881 uniri,
674 2832 955 2895 unamque
984 2831 1112 2872 cum
1150 2830 1219 2871 eo
1256 2813 1609 2886 dignitatem,
1639 2823 1697 2869 et
1743 2812 2050 2869 auctorita-

464 2918 583 2981 tem
621 2909 827 2965 habere
857 2909 1186 2981 promeruit.

537 2998 601 3056 C.
640 2999 1023 3072 Appellatione
1078 3014 1213 3072 ergo
1256 3009 1471 3057 tantum
1522 3007 1580 3054 et
1629 2996 1896 3069 dignitate
1930 2994 2048 3050 sive

469 3091 709 3160 honore,
740 3109 852 3148 non
908 3108 1039 3149 vere
1064 3103 1120 3149 et
1148 3092 1376 3164 proprie
1437 3092 1600 3147 beata
1625 3089 1794 3159 Virgo
1844 3096 1931 3143 est
1955 3102 2045 3142 se-

2086 1841 2134 1900 Β

2227 590 2294 645 Ν.
2346 591 2403 647 Si
2459 595 2635 650 Deum
2679 607 2879 654 natura
2926 597 3123 673 genuit
3152 599 3317 656 beata
3346 600 3516 673 Virgo
3552 601 3745 666 Maria,

2151 677 2264 749 jam
2298 696 2409 737 non
2429 685 2637 752 carnis,
2674 687 2770 743 sed
2801 699 2889 745 est
2923 691 3166 761 genitrix
3192 692 3585 760 divinitatis;et
3606 708 3740 764 quo:

2152 770 2320 826 modo
2367 787 2479 829 non
2525 775 2700 831 Deum
2736 778 2985 836 Verbum
3031 783 3339 838 secundum
3374 783 3752 853 divinitatem,

2153 875 2278 932 quae
2299 863 2377 918 illi
2393 879 2522 920 cum
2540 867 2704 923 Patre
2724 871 3036 927 communis
3060 880 3170 942 est,
3193 873 3499 935 secundum
3524 890 3745 933 carnem

2153 966 2282 1009 eum
2311 944 2505 1011 natum
2521 973 2591 1014 ex
2618 958 2835 1031 virgine
2859 960 3205 1033 praedicatis?

2223 1041 2286 1098 C.
2328 1043 2448 1101 Non
2488 1055 2575 1103 est
2640 1048 2952 1107 divinitatis
3002 1051 3277 1120 Genitrix,
3321 1052 3471 1109 sicut
3527 1060 3587 1108 tu
3646 1068 3744 1109 nos

2155 1134 2385 1192 credere
2415 1146 2696 1206 autumas,
2730 1143 2988 1213 quamvis
3017 1158 3143 1200 vere
3173 1152 3232 1200 et
3262 1146 3490 1216 proprie
3549 1146 3625 1205 sit
3648 1146 3743 1200 Dei

2153 1225 2426 1295 Genitrix,
2451 1230 2582 1301 quia
2614 1247 2727 1286 non
2743 1232 3089 1290 divinitatem
3111 1235 3212 1291 Dei
3228 1235 3420 1302 Verbi,
3440 1236 3536 1292 sed
3568 1236 3739 1293 Deum

2154 1319 2402 1377 Verbum
2428 1338 2497 1379 ex
2521 1338 2582 1380 se
2603 1323 2887 1382 hominem
2909 1325 3140 1397 factum,
3168 1328 3317 1384 sicut
3337 1329 3599 1400 superius
3623 1329 3738 1386 dic-

2156 1419 2273 1467 tum
2302 1421 2409 1479 est,
2436 1415 2647 1483 genuit.

2224 1503 2291 1559 N.
2319 1503 2378 1560 Si
2408 1521 2537 1562 vere
2561 1517 2618 1563 et
2644 1509 2871 1580 proprie
2897 1510 3075 1568 Deum
3092 1520 3284 1569 natum
3307 1528 3376 1569 ex
3391 1512 3622 1583 Virgine
3648 1512 3740 1568 de.

2156 1594 2423 1663 derimus,
2444 1614 2642 1655 vereor
2660 1602 2746 1657 ne'
2769 1601 2890 1659 sine
2912 1602 3073 1659 initio
3089 1605 3235 1661 Deus
3252 1604 3498 1661 Verbum
3520 1604 3738 1660 initium

2156 1689 2363 1747 habere
2389 1691 2732 1764 intelligatur
2752 1709 2819 1749 ex
2846 1693 3069 1752 femina.

2809 1804 2962 1862 CAP.
2992 1805 3082 1864 IV.

2235 1914 2298 1971 C.
2319 1915 2389 1971 Et
2414 1930 2514 1972 cur
2536 1933 2648 1973 non
2678 1917 2879 1974 demus
2892 1918 2946 1973 ei
2968 1932 3039 1973 ex
3066 1919 3270 1976 femina
3288 1920 3598 1976 secundum
3624 1937 3739 1977 ear-

2165 2018 2294 2060 nem
2323 2006 2569 2074 initium,
2596 2008 2689 2079 qui
2709 2016 2795 2063 est
2822 2007 3126 2064 secundum
3150 2008 3500 2065 divinitatem
3518 2026 3549 2066 a
3576 2012 3735 2068 Patre

2165 2097 2285 2152 sine
2314 2096 2520 2154 initio?

2231 2186 2300 2248 N.
2323 2187 2613 2255 Quomodo
2640 2192 2945 2248 secundum
2976 2207 3196 2248 carnem
3229 2191 3438 2247 habere
3465 2191 3734 2248 initiuma

2163 2286 2216 2334 te
2248 2278 2454 2335 dicitur
2483 2282 2551 2347 is,
2575 2283 2672 2353 qui
2701 2293 2787 2340 est
2809 2300 2838 2339 a
2861 2285 3023 2340 Patre
3045 2284 3165 2341 sine
3210 2284 3396 2349 initio,
3429 2299 3539 2339 non
3576 2285 3735 2340 intel-

2157 2370 2292 2441 ligo,
2316 2382 2504 2428 utrum
2535 2374 2629 2445 qui
2653 2378 2737 2432 ais
2758 2376 2854 2446 qui
2885 2392 2916 2432 a
2953 2377 3118 2433 Patre
3169 2385 3255 2432 est
3283 2377 3405 2432 sine
3452 2377 3636 2443 initio,
3669 2393 3734 2432 ex

2157 2463 2449 2522 divinitate
2479 2465 2535 2522 in
2570 2483 2795 2525 carnem
2818 2486 3036 2535 versus,
3072 2470 3295 2526 dicatur
3318 2470 3603 2541 accepisse
3626 2471 3733 2524 ini-

2156 2556 2334 2612 tium?
2357 2558 2442 2616 An
2481 2560 2612 2631 quia
2639 2569 2760 2617 erat
2787 2562 2908 2618 sine
2936 2562 3119 2629 initio,
3179 2573 3404 2633 accepta
3434 2577 3605 2618 carne
3647 2561 3731 2617 di-

2154 2659 2313 2706 catur
2336 2651 2543 2709 habere
2566 2653 2821 2710 initium?

2221 2740 2283 2797 C.
2311 2742 2372 2797 In
2396 2758 2618 2799 carnem
2671 2745 2923 2800 converti
2950 2744 3394 2801 inconvertibilis
3426 2744 3573 2800 Deus
3613 2758 3731 2799 om-

2152 2831 2286 2886 nino
2317 2846 2428 2886 non
2459 2840 2665 2902 potest,
2690 2832 2788 2889 sed
2818 2848 3050 2888 manens
3096 2832 3265 2899 Deus,
3303 2832 3361 2888 in
3386 2831 3614 2904 propria
3643 2832 3733 2889 di-

2150 2921 2382 2977 vinitate
2445 2921 2748 2993 perfectus,
2805 2923 2967 2979 carni
3017 2931 3076 2979 et
3121 2924 3320 2980 animae
3361 2923 3621 2979 rationali
3670 2939 3730 2978 se

2152 3015 2370 3080 uniens,
2409 3015 2581 3088 erepit
2612 3029 2736 3071 esse
2764 3016 2933 3071 homo
2969 3015 3116 3086 quod
3144 3024 3308 3071 antea
3341 3031 3457 3071 non
3500 3025 3644 3081 erat,
3674 3021 3728 3069 et

2148 3106 2254 3163 hac
2286 3108 2500 3164 ratione
2531 3109 2836 3164 secundum
2866 3123 3089 3165 carnem
3116 3107 3323 3162 dicitur
3349 3107 3560 3162 habere
3625 3105 3729 3161 ini-

469 3181 715 3239 cundum
750 3198 857 3239 vos
876 3183 1210 3248 Theotocos,
1263 3197 1387 3252 quae
1414 3194 1529 3235 non
1552 3193 1681 3234 vere
1729 3184 1785 3233 et
1823 3175 2046 3271 proprie
2072 3182 2117 3241 ο
2150 3199 2289 3255 tium
2321 3200 2389 3265 is,
2416 3200 2514 3271 qui
2541 3209 2627 3256 est
2677 3217 2706 3257 a
2732 3202 2895 3257 Pam,
2926 3201 3047 3255 sine
3073 3200 3185 3255 uno
3206 3198 3392 3254 initio.

469 3277 665 3349 genuit
688 3275 992 3331 secundum
1017 3290 1242 3331 carnem
1280 3275 1451 3330 Deum
1495 3271 1760 3337 Verbum,
1793 3268 1889 3326 sed
1944 3269 2047 3323 ho-

468 3367 702 3433 minum,
734 3366 824 3421 cui
856 3367 1161 3437 praestitum
1186 3375 1271 3422 est
1297 3365 1367 3421 ab
1396 3379 1493 3429 eo,
1522 3364 1610 3419 cui
1644 3361 1790 3417 uniri
1819 3361 2044 3428 meruit,

472 3466 535 3515 ut
562 3458 982 3526 Deusdicatur,
1006 3458 1154 3530 quad
1187 3473 1301 3513 non
1328 3464 1434 3513 est.

1120 3568 1275 3626 CAP.
1311 3569 1401 3625 ΠΙ.

541 3687 609 3744 Ν.
659 3686 930 3754 Quoniam
969 3688 1076 3743 hoc
1096 3696 1203 3753 est,
1238 3686 1383 3758 quod
1417 3699 1522 3741 nos
1550 3683 1709 3741 valde
1739 3689 2044 3756 permovet,

469 3797 540 3837 eo
584 3781 732 3852 quod
769 3796 901 3837 vere
935 3790 991 3837 et
1026 3781 1253 3852 proprie
1299 3781 1474 3837 Deum
1514 3786 1707 3835 natum
1746 3794 1816 3834 ex
1840 3777 2047 3833 femina

470 3877 806 3950 praedicetis,
842 3886 1006 3948 atque
1043 3877 1115 3932 ob
1143 3877 1249 3932 hoc
1281 3892 1410 3932 vere
1455 3886 1513 3931 ct
1564 3874 1790 3945 proprie
1831 3874 2046 3929 beatam

470 3970 754 4043 Virginem
804 3970 903 4026 Dei
938 3969 1217 4025 fateamini
1265 3968 1625 4037 Genitricem,
1683 3981 1890 4037 quaero,
1952 3967 2047 4037 qui

470 4074 602 4115 vere
630 4067 692 4114 et
713 4057 935 4130 preprie
956 4067 1200 4131 generet,
1229 4067 1415 4115 utrum
1447 4057 1716 4129 ejusdem,
1744 4058 1904 4129 cujus
1929 4058 2048 4129 ipse

471 4164 594 4220 est,~
611 4169 679 4211 an
710 4154 941 4211 alterius
963 4154 1262 4227 cujuslibet
1288 4155 1613 4211 substantiae
1635 4153 1896 4225 generet?

541 4242 606 4300 C.
659 4241 848 4315 Inepta
903 4242 1069 4299 nimis
1124 4253 1182 4299 et
1241 4244 1390 4300 fatua
1465 4244 1866 4314 interrogatio,
1923 4244 2049 4312 quis

419 4332 455 4367 ⁴
469 4335 620 4402 enim
646 4335 947 4407 aliquando
968 4337 1163 4392 aliena:
1184 4343 1480 4406 generator
1502 4334 1749 4390 creditur
1770 4349 1891 4390 esse
1913 4335 2048 4390 sub-

470 4425 724 4482 stantia?

2218 3297 2284 3352 N.
2318 3296 2587 3363 Quoniam
2622 3298 2689 3353 de
2713 3297 2944 3353 summis
2976 3303 3033 3353 et
3062 3294 3359 3367 praecipuis
3385 3293 3554 3349 rebus
3578 3306 3728 3363 quae-

2149 3391 2256 3447 stio
2283 3391 2543 3457 vertitur,
2581 3406 2768 3461 quaeso
2800 3398 2863 3445 ut
2883 3390 3157 3461 patienter
3184 3387 3257 3443 de
3298 3387 3388 3442 his
3409 3402 3535 3456 quae
3569 3400 3602 3440 a
3640 3399 3724 3439 me

2148 3493 2477 3555 quaeruntur
2521 3483 2879 3553 respondeas.
2936 3482 3123 3538 Necte
3158 3488 3416 3536 moveant
3465 3493 3565 3543 ea,
3606 3493 3727 3549 qua:

2146 3575 2252 3630 tibi
2317 3574 2588 3640 fortassis,
2625 3582 2920 3645 antequam
2976 3572 3273 3644 intelligas,
3303 3572 3568 3627 videntur
3603 3585 3725 3626 esse

2145 3669 2447 3724 contraria.

2218 3761 2280 3816 C.
2318 3760 2410 3816 Sic
2456 3775 2544 3815 me
2595 3759 2665 3814 de
2713 3757 2979 3829 patientia
3008 3771 3351 3821 commones,
3415 3753 3726 3825 quasilla-

2147 3862 2343 3909 etenus
2374 3850 2729 3922 impatienter
2756 3849 2868 3905 tuis
2911 3847 3301 3919 responderim
3337 3845 3727 3916 interrogatio-

2147 3944 2334 4000 nibus.

2145 4038 2173 4107 ξ
2214 4037 2280 4092 Ν.
2306 4037 2427 4092 Νοη
2458 4035 2672 4105 utique,
2696 4033 2791 4089 sed
2822 4041 2886 4087 ut
2925 4033 3145 4103 incepta
3173 4029 3405 4086 lenitate
3440 4035 3494 4084 te
3548 4027 3726 4083 centi-

2147 4144 2304 4192 neas,
2336 4143 2557 4183 moneo.

2217 4221 2278 4276 C.
2307 4221 2405 4276 Dei
2437 4222 2544 4276 hoc
2572 4220 2780 4275 donum
2800 4228 2904 4275 est.

2218 4314 2285 4369 Ν.
2314 4312 2607 4368 Dominum
2654 4320 2908 4366 nostrum
2953 4308 3143 4364 Jesum
3171 4305 3454 4361 Christum
3493 4317 3605 4356 una
3656 4316 3723 4355 an

2149 4405 2363 4460 duabus
2393 4402 2721 4459 substantiis
2754 4400 3077 4457 conﬁteris?

540 4517 608 4574 N.
642 4516 698 4573 Si
730 4516 944 4573 fatuum
964 4526 1020 4573 et
1035 4519 1283 4587 ineptum
1323 4514 1563 4586 judicas,
1604 4514 1833 4569 credere
1849 4530 2043 4585 quem-

2217 4497 2278 4553 C.
2335 4497 2397 4552 In
2433 4496 2649 4551 duabus
2685 4494 2880 4564 procul
2915 4491 3119 4557 dubio,
3160 4489 3258 4545 sed
3308 4485 3569 4552 naturali,
3611 4501 3721 4541 non

471 4624 635 4682 quam
661 4609 857 4666 alienae
882 4604 1264 4681 generatorem
1295 4622 1417 4663 esse
1448 4607 1796 4671 substantiae,
1831 4615 2047 4664 constat

2175 4586 2426 4644 personali
2460 4584 2831 4641 conventione
2864 4581 3059 4636 unitis.

470 4717 603 4775 ergo
620 4702 793 4759 Deum
815 4702 1084 4769 Verbum,
1108 4716 1220 4756 non
1246 4700 1315 4755 de
1342 4707 1538 4766 matre,
1588 4698 1685 4754 sed
1717 4707 1873 4771 patre
1917 4717 2047 4757 vere

470 4802 529 4849 et
557 4795 783 4865 proprie
811 4803 1153 4866 generatum,
1174 4807 1298 4848 cum
1332 4808 1442 4862 quo
1472 4791 1551 4846 illi
1584 4799 1669 4848 est
1698 4808 1805 4847 una
1826 4793 2046 4849 eadem-

470 4900 580 4957 que
608 4884 942 4942 substantia.
963 4882 1221 4952 Alioquin
1247 4883 1354 4938 erit
1381 4881 1574 4953 procul
1595 4881 1787 4947 dubio,
1804 4884 2047 4951 consub-

434 4974 751 5045 'st_antialis
795 4983 974 5031 mater
1009 4972 1252 5039 Domini,
1297 4988 1410 5030 non
1439 4973 1620 5029 solum
1660 4974 1775 5029 Deo
1821 4975 2002 5030 Verbo
2027 5018 2040 5042 ,

470 5082 639 5137 quem
662 5079 796 5121 vere
820 5072 877 5118 et
893 5063 1129 5146 proprie
1151 5065 1308 5136 juxta
1365 5081 1465 5122 vos
1492 5066 1740 5123 creditur
1763 5068 2042 5139 genuisse,

471 5172 670 5214 verum
692 5155 859 5212 etiam
875 5155 989 5210 Deo
1014 5156 1185 5221 Patri,
1211 5160 1300 5214 cui
1319 5158 1465 5215 idem
1490 5160 1637 5216 Deus
1654 5161 1894 5217 Verbum
1914 5175 2046 5216 con-

472 5245 861 5304 substantialis
887 5246 1124 5304 exsistit.

547 5336 611 5396 C.
637 5337 1175 5398 Consubstantialem
1202 5343 1410 5416 Virgini
1438 5345 1611 5401 Deum
1635 5346 1896 5407 Verbum.
1932 5362 2044 5402 non

472 5431 777 5488 secundum
805 5432 1314 5506 divinitatem,quae
1335 5435 1416 5491 illi
1449 5452 1558 5492 una
1584 5437 1891 5508 eademque
1921 5454 2047 5493 cum

473 5522 636 5579 Patre
663 5531 770 5589 est,
818 5524 916 5581 sed
951 5524 1259 5583 secundum
1289 5543 1510 5583 carnem
1565 5529 1801 5598 qui‘non
1849 5531 2047 5597 credit,

474 5613 692 5672 alienus
718 5632 748 5671 a
774 5615 900 5674 ﬁde.
932 5617 1076 5675 Sane
1122 5619 1251 5690 quia
1288 5634 1400 5675 non
1420 5620 1697 5677 hominem
1725 5623 2046 5691 quemlibet,

473 5706 571 5779 qui
601 5722 712 5765 non
739 5707 812 5766 sit
843 5718 1041 5767 natura
1062 5712 1231 5779 Deus,
1259 5713 1358 5769 scd
1392 5714 1563 5771 Deum
1594 5716 1836 5771 Verbum
1866 5717 2048 5772 incar~

476 5806 771 5868 aatum,et
796 5816 888 5877 -ex
927 5815 986 5859 se
1015 5803 1297 5861 hominem
1329 5805 1534 5864 factum
1580 5808 1792 5880 genuit,
1843 5809 1945 5863 hac
1981 5810 2047 5865 de

2044 5912 2101 5925 ’.τ

2804 4697 2957 4753 CAP.
2985 4697 3049 4752 V.

2216 4812 2281 4868 Ν.
2304 4811 2551 4868 Necdum
2583 4808 2857 4874 absoluta,
2887 4808 2956 4863 de
2987 4824 3096 4879 qua
3147 4808 3350 4879 agitur,
3398 4804 3720 4877 quaestione,

2144 4916 2517 4974 praeprOpere,
2559 4901 2614 4955 in
2632 4899 2793 4955 aliam
2825 4899 3147 4970 prorupisti,
3177 4899 3273 4954 sed
3301 4898 3468 4952 dilata
3500 4896 3721 4950 interim

2145 4994 2505 5064 inquisitione
2530 4992 2599 5048 de
2626 4992 2866 5047 naturali
2899 4993 3171 5055 unitione,
3207 4989 3481 5055 absolute,
3510 5001 3719 5058 quaeso,

2149 5084 2487 5158 respondeas
2529 5102 2543 5139 :
2584 5084 2783 5141 Utrum
2831 5084 3134 5150 Christum,
3190 5096 3357 5153 quem
3400 5081 3458 5135 in
3507 5078 3723 5134 duabus

2147 5178 2364 5235 naturis
2391 5177 2681 5233 confessus
2706 5192 2788 5244 es,
2815 5192 2882 5233 ex
2908 5178 3069 5233 Patre
3094 5183 3329 5238 tantum,
3369 5188 3438 5227 an
3456 5169 3624 5225 etiam
3658 5184 3723 5223 ex

2148 5270 2319 5326 Matre
2349 5277 2538 5324 natum
2562 5268 2837 5325 asseras?

2219 5361 2279 5417 Ο.
2319 5361 2386 5416 Et
2431 5375 2499 5416 ex
2544 5361 2706 5417 Patre
2758 5368 2815 5415 et
2844 5376 2911 5415 ex
2941 5359 3109 5415 Matre
3135 5370 3307 5412 unum
3355 5352 3721 5421 eumdemque

2151 5450 2433 5506 Christum
2466 5458 2655 5506 natum
2687 5465 2807 5506 esse
2842 5448 3131 5506 conﬁteor.

2223 5540 2289 5595 N.
2315 5539 2440 5596 Alio
2475 5541 2638 5596 modo
2682 5555 2751 5597 ex
2778 5541 2951 5595 Matre
2972 5580 2985 5604 ,
3028 5540 3136 5594 alio
3164 5554 3233 5594 ex
3258 5538 3457 5594 Patre?
3493 5551 3560 5589 an
3613 5544 3722 5587 uno

2151 5630 2459 5701 eodemque
2491 5630 2655 5685 modo
2689 5646 2756 5687 ex
2784 5630 2951 5685 Patre
2971 5638 3027 5686 et
3058 5644 3124 5685 ex
3152 5629 3356 5684 Matre?

2220 5722 2281 5777 C.
2322 5722 2443 5778 Alio
2490 5722 2681 5795 procul
2735 5721 2905 5777 dubio
2929 5737 2999 5777 ex
3046 5721 3229 5787 Patre,
3286 5719 3397 5775 alio
3448 5716 3612 5773 modo
3655 5729 3721 5771 ex

2150 5814 2321 5870 Matre
2345 5854 2357 5868 .
