3984 6296
281 413 386 483 ιει

1153 417 1353 478 DIAL.
1419 412 2314 479 CONTRXNESTORIANOS.
2352 437 2421 452 --
2446 413 2598 476 LIB.
2626 413 2680 475 I.
2768 402 2772 405 ’

3443 405 3544 472 122

347 530 417 590 N.
447 529 759 588 Secundum
791 547 958 602 quem
997 531 1222 587 modum
1263 547 1332 589 ex
1382 533 1568 600 Patre,
1627 533 1745 587 sive
1788 547 1856 586 ex
1887 537 1933 594 Α
2029 532 2096 588 Ν.
2133 533 2244 588 Illa:
2267 531 2706 602 nimirum,quae
2731 530 2799 586 ad
2837 525 3042 601 Ioseph
3065 526 3121 584 in
3158 525 3368 584 somnis
3385 526 3544 584 factae

282 627 450 681 Matre
478 638 610 679 eum
639 623 846 679 asseris
876 625 1103 678 natum?

345 715 408 772 C.
425 715 744 772 Secundum
772 715 1120 772 divinitatem
1151 716 1378 788 quidem
1399 733 1468 773 ex
1492 717 1851 781 Patre,eum-

278 810 404 866 dem
430 809 739 864 secundum
768 809 1172 864 humanitatem
1202 824 1272 865 ex
1299 809 1493 864 Matre.

351 901 420 956 N.
451 900 564 957 Cur
599 916 733 972 ergo
759 915 892 956 vere
923 908 982 956 et
1029 901 1258 971 proprie
1285 901 1384 957 Dei
1411 901 1666 957 Genitrix
1695 914 1727 954 a
1753 914 1854 953 vo-

276 992 372 1047 bis
404 992 578 1047 Mater
628 991 847 1047 Domini
873 991 1230 1062 praedicatur,
1262 999 1320 1048 et
1349 1008 1462 1048 non
1507 992 1682 1063 magis
1707 991 1857 1045 illius

278 1093 516 1148 natura,
547 1084 706 1155 cujus
739 1091 798 1140 et
836 1084 1011 1140 Mater
1050 1094 1154 1148 est,
1189 1085 1281 1142 cui
1334 1085 1435 1140 Dei
1477 1085 1646 1142 Verbi
1676 1082 1858 1138 unitio

280 1175 596 1229 divinitatis
628 1190 741 1231 suae
765 1176 1006 1232 contulit
1025 1175 1358 1231 vocabulum
1391 1185 1448 1232 et
1491 1172 1860 1245 dignitatem?

280 1265 587 1334 Cujusnam
619 1265 801 1322 credis
823 1275 1077 1322 naturam
1129 1268 1276 1323 hanc
1318 1282 1440 1324 esse
1469 1265 1856 1332 humanitatis,

284 1373 454 1428 quam
478 1373 611 1413 vere
637 1367 694 1412 et
719 1357 946 1428 proprie
977 1358 1062 1414 vis
1089 1373 1214 1414 esse
1243 1375 1311 1414 ex
1351 1358 1616 1430 Virgine?

358 1450 427 1505 Ν.
453 1450 653 1505 Procul
687 1450 857 1505 dubio
885 1450 1108 1505 Domini
1138 1449 1366 1507 Christi.

357 1539 419 1596 C.
451 1539 736 1596 Christum
763 1540 898 1611 quid
925 1556 1048 1597 esse
1075 1542 1312 1598 deﬁnis?

358 1630 427 1686 N.
459 1633 632 1688 Deum
658 1641 715 1687 et
739 1632 1056 1714 hominem;

358 1722 423 1778 C.
447 1723 546 1780 Dei
579 1738 709 1794 ergo
737 1732 792 1780 et
818 1724 1064 1782 hominis
1090 1725 1234 1781 facta
1260 1734 1347 1782 est
1381 1735 1580 1782 natura
1622 1727 1715 1782 illa
1756 1726 1865 1780 bu-

290 1817 576 1872 manitatis
598 1833 764 1888 quam
790 1833 920 1875 vere
950 1829 1009 1875 et
1028 1821 1252 1892 proprie
1285 1821 1447 1893 .dicis
1469 1836 1591 1878 esse
1642 1837 1708 1876 ex
1735 1820 1863 1876 Vir-

289 1910 455 1982 gine?

360 1999 428 2053 Ν.
454 1999 592 2065 Quis
621 1999 727 2057 hoc
747 2000 1008 2059 dubitet?

362 2086 425 2144 C.
459 2090 531 2144 Et
562 2091 836 2161 quomodo
864 2109 977 2148 non
1003 2102 1088 2151 est
1109 2095 1413 2153 absurdum
1441 2097 1670 2154 credere
1691 2099 1866 2155 Deum

292 2188 353 2236 et
379 2179 664 2238 hominem
685 2199 752 2240 ex
781 2185 1003 2257 Virgine
1048 2195 1308 2244 naturam
1345 2192 1711 2262 assumpsisse
1758 2193 1867 2246 hu-

300 2286 519 2328 manam
539 2274 563 2328 ?
586 2273 742 2341 Quod
771 2277 816 2332 si
843 2277 989 2334 Deus
1015 2288 1073 2334 et
1093 2280 1262 2337 homo
1295 2297 1364 2337 ex
1375 2282 1599 2353 Virgine
1622 2284 1871 2340 creditur

286 2363 448 2436 juxta
484 2381 582 2421 vos
619 2374 869 2425 naturam
917 2373 1284 2443 assumpsisse
1340 2374 1663 2441 humanam,
1719 2378 1870 2435 unde

287 2465 590 2528 antequam
619 2473 689 2520 es
715 2461 942 2532 Virgine
969 2463 1120 2519 Deus
1140 2474 1453 2522 assumeret
1475 2475 1734 2523 naturam
1759 2469 1868 2524 hu-

285 2564 531 2617 manam,
563 2551 746 2608 factus
783 2553 951 2609 homo
990 2555 1308 2613 credendus
1338 2567 1447 2624 est,
1475 2569 1540 2616 ut
1582 2560 1665 2616 sic
1722 2562 1870 2619 Deus

284 2648 346 2697 et
375 2642 542 2698 homo
572 2644 834 2701 credatur
858 2649 1225 2718 assumpsisse
1256 2665 1325 2706 ex
1349 2652 1580 2725 Virgine
1609 2662 1868 2711 naturam

283 2731 609 2813 humanam.

361 2829 429 2886 N.
459 2829 629 2886 Miror
665 2839 720 2886 te
746 2839 860 2888 tam
890 2841 1098 2891 temere
1117 2834 1306 2892 ridere
1338 2837 1409 2894 de
1430 2837 1690 2896 veritate.

359 2919 424 2975 C.
455 2920 786 2978 Nullatenus
809 2937 911 2994 ego
928 2913 1224 2982 ve'ritatem
1249 2927 1482 2993 irrideo,
1509 2928 1606 2984 sed
1638 2943 1870 3000 respon-

283 3007 467 3066 sionis
515 3018 624 3067 ture
680 3012 1084 3072 absurditatem
1114 3017 1408 3074 verissima
1460 3018 1678 3075 ratione
1706 3033 1867 3075 coar-

284 3119 426 3174 guo.

359 3193 764 3254 N.Oﬂ'enderis
813 3200 896 3268 (ut
952 3200 1092 3256 mihi
1119 3200 1363 3276 videtur)
1408 3219 1538 3259 cum
1583 3204 1866 3261 Christum

281 3289 467 3344 Deum
498 3289 659 3344 audis
680 3298 736 3344 et
761 3290 1064 3346 hominem.

362 3377 425 3432 C.
461 3378 582 3433 Non
637 3395 724 3433 me
760 3379 994 3436 offendit
1022 3380 1307 3436 Christum
1357 3384 1533 3440 Deum
1588 3385 1786 3441 audire
1815 3394 1872 3441 et

282 3469 599 3534 hominem,
629 3471 725 3525 sed
759 3479 810 3526 te
837 3471 1090 3538 olfendit,
1127 3473 1223 3544 qui
1255 3473 1542 3530 Christum
1587 3477 1872 3533 hominem

284 3560 500 3616 factum
521 3576 632 3616 non
666 3561 869 3616 credis.
907 3562 1047 3617 Nam
1072 3579 1199 3618 cum
1223 3582 1325 3636 ego
1361 3583 1534 3622 unum
1582 3569 1872 3624 eumdem-

287 3668 404 3722 que
422 3653 694 3722 genitum,
721 3663 779 3709 et
799 3671 865 3710 ex
890 3657 1049 3710 Patre
1075 3659 1385 3712 secundum
1425 3659 1793 3726 divinitatem,
1817 3668 1874 3715 et

285 3758 360 3800 ex
386 3742 554 3798 Matre
593 3743 900 3799 secundum
932 3745 1359 3812 humanitatem,
1399 3748 1727 3818 simpliciter
1762 3749 1873 3802 tuis

289 3834 827 3904 interrogationibus
875 3837 1312 3910 respondissem,
1347 3845 1405 3891 tu
1453 3839 1626 3892 Deum
1671 3855 1738 3893 ex
1769 3839 1871 3892 Pa-

292 3934 405 3988 tre,
461 3924 747 3978 hominem
795 3941 928 3980 vero
979 3942 1048 3980 ex
1094 3927 1267 3981 Matre
1318 3928 1511 3982 volens
1549 3929 1870 3994 ostendere,

287 4015 455 4085 quasi
488 4029 556 4068 ex
585 4017 948 4086 consequenti
976 4017 1192 4070 ratione
1227 4018 1539 4082 concludis,
1577 4028 1633 4073 et
1669 4020 1871 4073 docere

286 4104 514 4169 niteris,
543 4120 658 4159 non
687 4105 894 4161 debere
945 4115 1080 4161 vere‘
1118 4116 1176 4162 et
1214 4109 1440 4177 proprie
1488 4108 1708 4162 beatam
1747 4109 1874 4163 Vir-

287 4197 481 4269 ginem
508 4196 606 4250 Dei
667 4197 897 4252 credere
943 4196 1308 4264 Genitricem,
1345 4199 1444 4254 sed
1497 4208 1711 4255 natura:
1768 4201 1872 4254 hu-

287 4304 475 4344 manae
500 4291 662 4360 cujus
695 4300 872 4343 mater
903 4298 1008 4344 est.
1035 4290 1091 4345 Si
1141 4291 1312 4361 igitur
1353 4292 1501 4346 Deus
1530 4292 1764 4347 verbum
1803 4307 1872 4348 ex

287 4380 562 4435 maternis
589 4380 899 4435 visceribus
931 4395 1154 4435 carnem
1177 4396 1490 4447 assumens,
1509 4384 1870 4453 semetipsum

288 4471 560 4528 formavit
579 4471 884 4539 hominem,
926 4487 1038 4526 non
1063 4472 1294 4542 alterius
1322 4475 1440 4527 sine
1476 4474 1646 4528 dubio
1675 4483 1870 4529 natura

1961 625 2243 697 leguntur.

2030 802 2094 860 C.
2125 804 2195 859 Et
2224 803 2361 874 quid
2389 803 2500 860 tale
2535 713 3019 860 dicftligaYiLeum
3049 799 3297 872 legitur?

1964 936 1970 942 -
2032 896 2100 952 Ν.
2136 896 2300 963 Tolle,
2337 897 2538 967 inquit,
2566 913 2790 968 puerum
2812 903 2861 950 et
2911 903 3138 949 matrem
3165 895 3299 964 ejus,
3344 898 3393 946 et
3425 891 3546 964 fuga

1939 989 2021 1044 -in
2056 988 2384 1061 Egyptum;
2418 990 2658 1060 futurum
2686 995 2761 1043 est
2781 989 2942 1054 enim,
2973 993 3032 1041 ut
3060 986 3292 1041 Herodes
3335 989 3545 1054 quierat

1965 1080 2186 1151 perdere
2214 1097 2441 1151 puerum
2471 1081 2538 1136 ".
2559 1081 2630 1137 Et
2654 1095 2883 1136 rursus:
2914 1079 3162 1150 Defuncti
3185 1085 3307 1131 sunt
3342 1090 3544 1139 omnes,

1965 1171 2056 1241 qui
2085 1172 2392 1242 querebant
2445 1175 2686 1228 animam
2735 1172 2883 1242 pueri
2909 1171 2978 1223 ⁸⁸.
3027 1168 3418 1238 Nunquidnam
3457 1164 3545 1219 di-

1967 1275 2118 1321 ctum
2154 1274 2240 1322 est
2267 1284 2280 1320 :
2309 1267 2572 1323 Defuncti
2638 1275 2788 1332 sunt,
2825 1266 2920 1336 qui
2949 1263 3272 1334 quaerebant
3303 1261 3547 1315 animam

1966 1356 2108 1412 Dei?
2157 1363 2298 1414 aut:
2337 1357 2492 1413 Tolle
2546 1357 2721 1413 Deum
2758 1364 2816 1413 et
2849 1358 2975 1427 fuge
3003 1355 3061 1409 in
3094 1351 3429 1424 Egyptum?
3457 1349 3547 1404 vel

1970 1459 2124 1505 certe
2147 1450 2400 1505 futurum
2434 1457 2542 1516 est,
2570 1459 2633 1506 ut
2668 1449 2918 1505 Herodes
2941 1455 3153 1520 quaerat
3196 1447 3373 1502 Deum
3415 1459 3548 1514 per-

1970 1537 2142 1593 dere?
2163 1538 2284 1605 Quo
2318 1539 2451 1609 quid
2479 1547 2663 1609 potest
2685 1554 2808 1595 esse
2838 1537 3109 1608 iniquius,
3140 1547 3307 1606 quam
3343 1539 3404 1588 ut
3429 1545 3550 1587 cre-

1971 1632 2137 1688 datur
2165 1633 2316 1690 Deus
2340 1642 2566 1704 propter
2597 1633 2886 1689 hominem
2907 1630 3113 1702 fugisse
3141 1628 3197 1683 in
3222 1622 3551 1698 Egyptum?

1971 1722 2130 1780 Unde
2183 1723 2572 1779 manifestumr
2597 1731 2706 1790 est,
2759 1720 2919 1778 vanis
2973 1714 3562 1791 argumentationibus

1973 1821 2171 1870 contra
2201 1811 2520 1870 divinorum
2553 1815 2904 1885 eloquiorum
2935 1809 3244 1868 sententias
3264 1806 3546 1868 laborare,

1900 1891 1947 1951 Β
1974 1905 2066 1976 qui
2122 1923 2378 1978 puerum,
2407 1907 2462 1962 id
2505 1915 2611 1974 est,
2642 1905 2922 1961 hominem
2951 1905 3156 1960 docent
3183 1915 3334 1964 eum,
3379 1908 3550 1966 quem

1970 2006 2032 2056 tu
2053 2001 2232 2057 Deum
2265 2007 2465 2054 natura
2499 2000 2722 2055 conaris
2754 2006 3021 2060 astruere.

2042 2095 2105 2152 C.
2122 2097 2260 2150 Dum
2287 2095 2452 2150 nimis
2471 2094 2722 2148 intentus
2741 2107 2802 2147 es
2823 2092 2879 2146 in
2904 2091 2994 2146 his
3015 2089 3316 2157 Scriptura
3342 2082 3551 2138 divinas

1969 2189 2228 2253 vocibus,
2251 2202 2390 2257 quas
2413 2187 2524 2242 tuis
2553 2195 2718 2256 putas
2745 2191 3062 2253 competere
3089 2180 3364 2252 partibus,
3393 2183 3550 2232 exnte-

1969 2294 2060 2334 ras
2082 2278 2306 2349 penitus
2337 2276 2598 2345 despicis.
2631 2275 2712 2330 An
2753 2274 2896 2327 forte
2924 2271 3053 2326 vilis
3082 2269 3183 2326 tibi
3213 2274 3273 2322 et
3294 2275 3550 2323 contem-

1969 2369 2156 2426 nenda
2176 2368 2398 2423 videtur
2420 2366 2638 2422 Veteris
2668 2363 3008 2419 Testamenti
3033 2361 3358 2423 auctoritas,
3393 2372 3518 2426 quae

1970 2476 2228 2532 puerum,
2256 2475 2422 2530 quem
2450 2465 2505 2514 tu
2526 2458 2700 2513 Deum
2732 2455 2994 2526 denegas,
3017 2453 3191 2507 Deum
3222 2446 3552 2514 fortem,do-

1971 2554 2308 2608 minatorem
2328 2550 2633 2621 praedicat?
2651 2548 2846 2604 Nonne
2872 2544 3148 2601 clamabat
3183 2543 3276 2598 ille
3306 2539 3547 2611 prOphe-

1971 2653 2153 2703 tarum
2183 2643 2426 2698 eximius
2450 2641 2642 2705 Isaias,
2663 2639 2894 2695 dicens:
2925 2637 3068 2691 Puer
3103 2642 3262 2688 natus
3281 2637 3356 2685 est
3377 2630 3546 2690 nobis,

1971 2746 2021 2791 et
2049 2736 2197 2806 ﬁlius
2228 2735 2386 2788 datus
2413 2742 2488 2786 est
2521 2731 2693 2796 nobis,
2739 2730 2888 2800 cujus
2919 2733 3150 2798 potestas
3202 2725 3260 2778 in
3316 2718 3553 2776 humeris

1971 2831 2115 2902 ejus,
2147 2838 2196 2883 et
2217 2828 2489 2883 vocabitur
2519 2826 2701 2896 magni
2730 2820 2939 2878 consilii
2990 2817 3235 2890 angelus,
3263 2811 3551 2870 admirabi-

1972 2925 2059 2993 lis,
2085 2923 2441 2987 consiliarius,
2487 2919 2627 2975 Deus
2666 2920 2850 2990 fortis,
2885 2917 3202 2972 Dominator
3224 2952 3239 2978 ,
3293 2910 3550 2977 Princeps

1969 3018 2138 3090 pacis,
2161 3017 2326 3071 Pater
2355 3013 2522 3084 futuri
2577 3009 2759 3066 seaculi
2789 3011 2877 3063 “'.
2905 3004 3167 3075 Nunquid
3201 3004 3319 3057 haec
3351 3010 3407 3056 te
3448 3012 3550 3054 nc-

1969 3110 2112 3166 scire
2144 3107 2410 3164 credibile
2430 3105 2558 3159 est?
2587 3101 2704 3157 Nisi
2735 3101 2881 3156 forte
2907 3097 3244 3155 contrariam
3276 3093 3390 3148 illis
3428 3107 3458 3146 a
3495 3097 3550 3144 te

1970 3200 2204 3272 prolatis
2240 3194 2576 3268 evangelicis
2596 3191 2941 3250 testimoniis
2993 3188 3280 3260 prophetae
3321 3191 3550 3240 senten-

1973 3289 2102 3345 tiam
2118 3287 2376 3359 .judicas?
3191 3334 3202 3346 ,

2041 3381 2110 3434 Ν.
2151 3380 2272 3434 Non
2299 3393 2404 3448 ego
2439 3375 2776 3431 contrariam
2824 3371 3018 3443 judico
3098 3363 3432 3436 evangelicis
3471 3368 3553 3415 te-

1974 3475 2255 3534 stimoniis
2293 3471 2578 3543 prophetae
2635 3467 2994 3530 sententiam,
3032 3462 3128 3518 sed
3160 3460 3259 3516 tibi
3315 3458 3424 3511 hoc
3469 3455 3550 3510 vi-

1975 3569 2157 3632 detur,
2193 3565 2287 3636 qui
2305 3563 2542 3619 necdum
2565 3576 2760 3617 corum
2807 3557 3154 3612 intellectum
3203 3548 3423 3619 assequi
3452 3562 3551 3616 po-

1973 3663 2152 3718 tuisti.
2177 3658 2412 3714 Attende
2443 3657 2638 3727 igitur,
2662 3653 2708 3709 si
2742 3655 2848 3716 vis,
2883 3647 3222 3720 prophetica;
3253 3641 3546 3699 sententia:

1973 3770 2003 3810 a
2030 3763 2080 3808 te
2101 3752 2325 3822 prolatae
2358 3747 2715 3818 purissimum
2749 3743 3118 3802 intellectum,
3136 3744 3194 3792 et
3218 3735 3364 3798 vide,
3383 3745 3551 3801 quam

1973 3862 2084 3902 non
2130 3845 2202 3898 sit
2251 3841 2457 3896 nostris
2503 3835 2788 3893 contraria
2837 3828 3276 3892 assertionibus;
3307 3823 3552 3892 denique

1973 3950 2210 4007 puerum
2258 3941 2468 3996 natum,
2491 3937 2548 3984 et
2601 3928 2775 3982 tilium
2830 3925 3020 3979 datum
3063 3920 3338 4007 propheta
3365 3912 3550 3969 vocari

1973 4005 2198 4093 quidem
2247 4022 2443 4083 Deum,
2469 4032 2580 4072 non
2615 4024 2802 4070 autem
2835 4028 2960 4068 esse
2991 4018 3268 4066 testatur:
3294 4005 3364 4060 Et
3393 4019 3552 4057 voca-

1975 4115 2132 4174 bitur,
2172 4112 2373 4180 inquit,
2427 4109 2609 4178 magni
2651 4103 2854 4158 consilii
2907 4099 3153 4171 angelus,
3199 4093 3550 4157 admirabilis,

1974 4204 2329 4265 consiliarius,
2361 4200 2501 4254 Deus
2530 4199 2704 4268 fortis.
2754 4195 2946 4262 Neque
2999 4190 3150 4246 enim
3198 4185 3385 4242 omnia
3429 4199 3552 4253 quae

1972 4305 2261 4360 vocantur,
2299 4291 2562 4348 continuo
2586 4288 2752 4343 etiam
2794 4282 3101 4340 vocationis
3155 4293 3269 4335 sua:
3296 4275 3552 4332 obtinent

1972 4388 2397 4460 proprietatem.
2431 4381 2679 4451 Denique
2724 4379 2873 4434 Deus
2918 4373 3417 4460 vocatus'Moyses,
3456 4366 3551 4422 sed

1973 4459 2291 4534 nullatenus
2328 4471 2636 4527 vocationis
2691 4470 2856 4539 hujus
2894 4467 3149 4521 obtinere
3177 4459 3426 4518 creditur
3455 4473 3552 4510 ve-

287 4564 664 4619 humanitatis
681 4572 964 4634 assumpta
994 4581 1063 4620 ex
1090 4565 1336 4634 Virgine,
1375 4565 1482 4619 nisi
1535 4564 1686 4620 illius
1729 4565 1870 4620 facta
1901 4584 1951 4643 ι)
1979 4570 2219 4622 ritatem.
2249 4564 2350 4618 llic
2398 4563 2684 4623 docemur,
2729 4574 2844 4612 non
2895 4570 3016 4611 esse
3062 4561 3300 4623 puerum
3353 4555 3550 4643 natura

289 4665 400 4720 est,
434 4657 531 4725 qui
561 4671 621 4710 se
649 4671 717 4710 ex
751 4656 867 4725 ipsa
889 4655 1170 4724 [formavit
1208 4656 1510 4720 hominem,
1555 4666 1614 4711 et
1662 4655 1874 4712 idcirco

289 4760 428 4800 vere
469 4753 527 4799 et
562 4745 785 4815 proprie
819 4745 1135 4800 secundum
1195 4761 1420 4800 carnem
1487 4756 1676 4802 sancta
1705 4747 1873 4817 Virgo

290 4837 396 4892 Dei
424 4835 682 4891 Genitrix
703 4836 970 4902 creditur,
997 4838 1129 4905 quia
1155 4852 1264 4892 non
1291 4837 1440 4892 Deus
1476 4838 1530 4891 in
1551 4838 1736 4892 carnis
1777 4854 1875 4892 na-

293 4937 484 4982 turam
504 4942 809 4983 conversus
827 4935 934 4991 est,
982 4938 1176 4982 utnon
1207 4937 1356 4982 esset
1382 4929 1529 4982 Deus
1569 4929 1664 4998 qui
1713 4937 1875 4983 natus

295 5029 406 5080 est,
436 5018 534 5073 sed
573 5033 805 5073 manens
841 5019 1006 5082 Deus,
1037 5019 1200 5072 homo
1234 5019 1410 5073 lactus
1431 5027 1488 5073 et
1515 5028 1679 5074 natus
1705 5028 1807 5073 est.

368 5111 437 5165 Ν.
470 5110 703 5165 Sursum
734 5125 799 5165 ac
833 5110 1096 5165 deorsum
1144 5109 1283 5164 nihil
1332 5110 1480 5163 aliud
1531 5111 1745 5165 moliris
1788 5111 1873 5182 (ut

294 5202 517 5272 video),
549 5202 656 5258 nisi
702 5209 763 5257 ut
800 5205 970 5256 Deum
1009 5212 1207 5256 natura
1253 5201 1458 5256 doceas
1508 5219 1656 5268 eum,
1700 5219 1865 5272 quem

295 5290 470 5361 Virgo
521 5291 684 5345 enixa
713 5299 829 5346 est:
862 5291 957 5346 sed
1012 5291 1111 5346 tibi
1152 5307 1254 5361 pro
1299 5307 1386 5346 me
1439 5307 1602 5346 voces
1646 5293 1874 5348 obviant

295 5383 651 5452 evangelicae,
685 5399 808 5453 qua:
838 5383 1150 5438 nullatenus
1169 5383 1497 5453 permittunt
1531 5384 1702 5438 Deum
1734 5400 1876 5454 prte-

297 5471 491 5528 dicare
521 5489 670 5541 eum,
709 5473 804 5544 qui
827 5489 896 5529 ex
928 5473 1154 5544 Virgine
1183 5482 1349 5528 natus
1376 5483 1481 5529 est.

370 5560 434 5618 C.
469 5561 536 5617 Et
558 5579 812 5635 quamam
831 5563 938 5619 illae
958 5577 1122 5619 voces
1145 5569 1293 5629 sunt,
1321 5578 1445 5633 quae
1466 5578 1553 5620 me
1577 5562 1876 5634 prohibent

304 5653 478 5706 Dcum
506 5667 571 5706 ex
601 5649 825 5720 Virgine
854 5659 1041 5706 natum
1083 5647 1431 5720 praedicare?

379 5818 422 5847 "
457 5815 647 5873 Matth.
684 5833 739 5882 ιι,
781 5817 864 5872 l5.
946 5817 991 5848 "
1019 5816 1145 5871 ibid.
1179 5817 1267 5872 20.
1345 5816 1411 5851 ⁸⁸⁸
1443 5816 1544 5871 lsa.
1583 5832 1655 5882 Ix,
1687 5817 1739 5871 9.

1975 4661 2170 4721 Deum,
2208 4656 2304 4712 sed
2333 4661 2559 4724 propter
2594 4652 2768 4705 Deum
2801 4646 2897 4717 qui
2925 4646 2974 4700 ei
3009 4644 3202 4699 unitus
3223 4652 3328 4706 est,
3379 4639 3550 4693 Deum

1975 4767 2005 4805 a
2042 4749 2309 4819 propheta
2337 4745 2545 4800 vocari.

1963 4886 1976 4900 .
2045 4841 2104 4896 C.
2139 4839 2397 4907 Impietas
2430 4833 2723 4889 manifesta
2751 4851 2763 4884 :
2796 4828 3104 4886 secundum
3131 4828 3282 4880 hunc
3314 4835 3552 4890 namque

1973 4927 2342 5000 expositionis
2378 4935 2486 4982 tua:
2535 4938 2786 4987 sensum,
2841 4935 2974 4991 ergo
3007 4929 3064 4973 et
3114 4916 3261 4986 quod
3319 4913 3551 4975 dicitur,

1979 5037 2118 5092 puer
2151 5018 2646 5074 natusnullatenus
2681 5012 3122 5069 substantialiter
3155 5005 3554 5076 intelligendus

1977 5121 2064 5167 est
2100 5118 2295 5165 natus:
2327 5108 2457 5178 quia
2487 5107 2531 5160 si
2578 5107 2724 5160 Deus
2749 5103 2909 5157 fortis
2939 5101 3084 5155 idem
3133 5115 3295 5169 puer,
3339 5093 3487 5164 quod
3523 5107 3554 5146 a

1980 5203 2248 5273 propheta
2279 5207 2532 5261 vocatur,
2562 5196 2716 5266 juxta
2742 5204 2793 5249 te
2824 5191 3264 5249 substantialiter
3298 5202 3408 5240 non
3439 5192 3552 5248 est,

1980 5291 2109 5362 quia
2137 5297 2194 5343 et
2231 5288 2444 5358 Moyses
2481 5293 2729 5346 vocatur,
2761 5290 2820 5335 ut
2877 5282 2977 5345 nis,
3018 5281 3183 5341 Deus,
3233 5274 3381 5345 quod
3418 5273 3554 5328 sub-

1975 5379 2308 5437 stantialiter
2339 5394 2446 5432 non
2483 5386 2604 5431 est:
2643 5389 2778 5443 ergo
2833 5381 2889 5426 et
2944 5369 3092 5440 quod
3125 5367 3352 5428 dicitur,
3390 5368 3553 5432 fpner

1977 5479 2161 5536 natus,
2213 5484 2322 5524 non
2381 5475 2464 5522 cst
2515 5463 2956 5519 substantialitcr
2988 5467 3172 5519 natus,
3217 5455 3347 5524 quia
3391 5453 3553 5506 multi

1975 5560 2238 5615 dicuntur
2268 5557 2440 5622 nasci,
2471 5554 2569 5624 qui
2605 5562 2788 5607 tamen
2821 5547 3263 5606 substantialiter
3314 5560 3424 5599 non
3450 5558 3553 5597 na-

1978 5661 2228 5715 scuntur,
2259 5649 2400 5704 sicut
2425 5647 2596 5702 habes
2629 5663 2640 5698 :
2680 5639 2915 5712 Populus
2956 5639 3046 5709 qui
3095 5645 3362 5702 nascetur,
3399 5648 3558 5705 quem
