  <div class='ocr_page' id='page_1' title='image "/cluster/home/n/w/nwhite01/storage/ocr_20150623/86 pars.1/pst.000005712878/069.png"; bbox 0 0 3984 6296; ppageno 0'>
   <div class='ocr_carea' id='block_1_1' title="bbox 369 376 501 446">
    <p class='ocr_par' dir='ltr' id='par_1_1' title="bbox 369 376 501 446">
     <span class='ocr_line' id='line_1_1' title="bbox 369 376 501 446; baseline 0 0"><span class='ocrx_word' id='word_1_1' title='bbox 369 376 501 446; x_wconf 73' lang='grc'><strong>’123</strong></span> 
     </span>
    </p>
   </div>
   <div class='ocr_carea' id='block_1_2' title="bbox 1637 373 2387 442">
    <p class='ocr_par' dir='ltr' id='par_1_2' title="bbox 1637 373 2387 442">
     <span class='ocr_line' id='line_1_2' title="bbox 1637 373 2387 442; baseline -0.005 -1"><span class='ocrx_word' id='word_1_2' title='bbox 1637 373 1961 442; x_wconf 72' lang='grc' dir='ltr'><strong>ῘΟᾹΝΝΙΞ</strong></span> <span class='ocrx_word' id='word_1_3' title='bbox 1993 376 2387 439; x_wconf 82' lang='lat' dir='ltr'><strong>MAXENTII</strong></span> 
     </span>
    </p>
   </div>
   <div class='ocr_carea' id='block_1_3' title="bbox 3571 374 3678 441">
    <p class='ocr_par' dir='ltr' id='par_1_3' title="bbox 3571 374 3678 441">
     <span class='ocr_line' id='line_1_3' title="bbox 3571 374 3678 441; baseline 0.009 -1"><span class='ocrx_word' id='word_1_4' title='bbox 3571 374 3678 441; x_wconf 71' lang='grc'><strong>124</strong></span> 
     </span>
    </p>
   </div>
   <div class='ocr_carea' id='block_1_4' title="bbox 387 486 3674 565">
    <p class='ocr_par' dir='ltr' id='par_1_4' title="bbox 387 486 3674 565">
     <span class='ocr_line' id='line_1_4' title="bbox 387 486 3674 565; baseline -0.001 -14"><span class='ocrx_word' id='word_1_5' title='bbox 387 493 516 565; x_wconf 80' lang='lat' dir='ltr'><strong>fecit</strong></span> <span class='ocrx_word' id='word_1_6' title='bbox 542 490 799 548; x_wconf 87' lang='lat' dir='ltr'><strong>Dominus</strong></span> <span class='ocrx_word' id='word_1_7' title='bbox 820 491 887 548; x_wconf 82' lang='lat'><strong>&quot;&#39;.</strong></span> <span class='ocrx_word' id='word_1_8' title='bbox 918 491 989 548; x_wconf 81' lang='lat' dir='ltr'><strong>Et</strong></span> <span class='ocrx_word' id='word_1_9' title='bbox 1014 488 1319 563; x_wconf 76' lang='lat' dir='ltr'><strong>Apostolus</strong></span> <span class='ocrx_word' id='word_1_10' title='bbox 1343 487 1414 547; x_wconf 85' lang='lat' dir='ltr'><strong>ad</strong></span> <span class='ocrx_word' id='word_1_11' title='bbox 1434 504 1555 559; x_wconf 87' lang='lat' dir='ltr'><strong>eos,</strong></span> <span class='ocrx_word' id='word_1_12' title='bbox 1593 492 1689 562; x_wconf 71' lang='lat' dir='ltr'><strong>Qui</strong></span> <span class='ocrx_word' id='word_1_13' title='bbox 1715 493 1830 564; x_wconf 79' lang='lat' dir='ltr'><strong>jam</strong></span> <span class='ocrx_word' id='word_1_14' title='bbox 1856 493 1982 550; x_wconf 82' lang='lat' dir='ltr'><strong>sub-</strong></span> <span class='ocrx_word' id='word_1_15' title='bbox 2008 497 2055 556; x_wconf 77' lang='grc' dir='ltr'><strong>Α</strong></span> <span class='ocrx_word' id='word_1_16' title='bbox 2084 491 2257 549; x_wconf 88' lang='lat' dir='ltr'><strong>dubio</strong></span> <span class='ocrx_word' id='word_1_17' title='bbox 2279 492 2429 547; x_wconf 88' lang='lat' dir='ltr'><strong>Deus</strong></span> <span class='ocrx_word' id='word_1_18' title='bbox 2454 496 2544 546; x_wconf 89' lang='lat' dir='ltr'><strong>est</strong></span> <span class='ocrx_word' id='word_1_19' title='bbox 2579 496 2803 554; x_wconf 88' lang='lat' dir='ltr'><strong>unctus,</strong></span> <span class='ocrx_word' id='word_1_20' title='bbox 2829 493 2888 543; x_wconf 89' lang='lat' dir='ltr'><strong>et</strong></span> <span class='ocrx_word' id='word_1_21' title='bbox 2906 502 3018 544; x_wconf 89' lang='lat' dir='ltr'><strong>non</strong></span> <span class='ocrx_word' id='word_1_22' title='bbox 3040 502 3181 559; x_wconf 81' lang='lat' dir='ltr'><strong>puer</strong></span> <span class='ocrx_word' id='word_1_23' title='bbox 3205 487 3370 546; x_wconf 80' lang='lat' dir='ltr'><strong>Jesus</strong></span> <span class='ocrx_word' id='word_1_24' title='bbox 3386 486 3674 554; x_wconf 74' lang='lat' dir='ltr'><strong>Christus.</strong></span> 
     </span>
    </p>
   </div>
   <div class='ocr_carea' id='block_1_5' title="bbox 390 582 1979 653">
    <p class='ocr_par' dir='ltr' id='par_1_5' title="bbox 390 582 1979 653">
     <span class='ocr_line' id='line_1_5' title="bbox 390 582 1979 653; baseline -0.003 -9"><span class='ocrx_word' id='word_1_25' title='bbox 390 585 731 644; x_wconf 83' lang='lat' dir='ltr'><strong>stantialiter</strong></span> <span class='ocrx_word' id='word_1_26' title='bbox 765 584 1143 640; x_wconf 84' lang='lat' dir='ltr'><strong>exsistebant:</strong></span> <span class='ocrx_word' id='word_1_27' title='bbox 1174 582 1315 637; x_wconf 86' lang='lat' dir='ltr'><strong>Nam</strong></span> <span class='ocrx_word' id='word_1_28' title='bbox 1353 583 1399 637; x_wconf 94' lang='lat' dir='ltr'><strong>si</strong></span> <span class='ocrx_word' id='word_1_29' title='bbox 1436 583 1613 638; x_wconf 84' lang='lat' dir='ltr'><strong>decem</strong></span> <span class='ocrx_word' id='word_1_30' title='bbox 1653 583 1848 653; x_wconf 84' lang='lat' dir='ltr'><strong>millia,</strong></span> <span class='ocrx_word' id='word_1_31' title='bbox 1891 584 1979 640; x_wconf 80' lang='lat' dir='ltr'><strong>in-</strong></span> 
     </span>
    </p>
   </div>
   <div class='ocr_carea' id='block_1_6' title="bbox 394 672 1979 750">
    <p class='ocr_par' dir='ltr' id='par_1_6' title="bbox 394 672 1979 750">
     <span class='ocr_line' id='line_1_6' title="bbox 394 672 1979 750; baseline -0.002 -16"><span class='ocrx_word' id='word_1_32' title='bbox 394 679 537 750; x_wconf 98' lang='lat' dir='ltr'><strong>quit,</strong></span> <span class='ocrx_word' id='word_1_33' title='bbox 591 676 1022 749; x_wconf 64' lang='lat' dir='ltr'><strong>paedagogorum,</strong></span> <span class='ocrx_word' id='word_1_34' title='bbox 1058 674 1301 735; x_wconf 72' lang='lat' dir='ltr'><strong>habeatis</strong></span> <span class='ocrx_word' id='word_1_35' title='bbox 1328 675 1386 728; x_wconf 90' lang='lat' dir='ltr'><strong>in</strong></span> <span class='ocrx_word' id='word_1_36' title='bbox 1438 672 1673 742; x_wconf 87' lang='lat' dir='ltr'><strong>Christo,</strong></span> <span class='ocrx_word' id='word_1_37' title='bbox 1723 677 1816 732; x_wconf 87' lang='lat' dir='ltr'><strong>sed</strong></span> <span class='ocrx_word' id='word_1_38' title='bbox 1872 693 1979 732; x_wconf 88' lang='lat' dir='ltr'><strong>non</strong></span> 
     </span>
    </p>
   </div>
   <div class='ocr_carea' id='block_1_7' title="bbox 394 764 1981 840">
    <p class='ocr_par' dir='ltr' id='par_1_7' title="bbox 394 764 1981 840">
     <span class='ocr_line' id='line_1_7' title="bbox 394 764 1981 840; baseline -0.001 -15"><span class='ocrx_word' id='word_1_39' title='bbox 394 768 590 825; x_wconf 85' lang='lat' dir='ltr'><strong>multos</strong></span> <span class='ocrx_word' id='word_1_40' title='bbox 611 776 809 839; x_wconf 77' lang='lat' dir='ltr'><strong>patres.</strong></span> <span class='ocrx_word' id='word_1_41' title='bbox 837 766 979 822; x_wconf 85' lang='lat' dir='ltr'><strong>Nam</strong></span> <span class='ocrx_word' id='word_1_42' title='bbox 1002 769 1059 820; x_wconf 80' lang='lat' dir='ltr'><strong>in</strong></span> <span class='ocrx_word' id='word_1_43' title='bbox 1095 764 1303 823; x_wconf 85' lang='lat' dir='ltr'><strong>Christo</strong></span> <span class='ocrx_word' id='word_1_44' title='bbox 1342 764 1471 821; x_wconf 58' lang='lat' dir='ltr'><strong>Iesu</strong></span> <span class='ocrx_word' id='word_1_45' title='bbox 1508 780 1603 838; x_wconf 85' lang='lat' dir='ltr'><strong>per</strong></span> <span class='ocrx_word' id='word_1_46' title='bbox 1622 767 1981 840; x_wconf 77' lang='lat' dir='ltr'><strong>Evangetium</strong></span> 
     </span>
    </p>
   </div>
   <div class='ocr_carea' id='block_1_8' title="bbox 394 856 1981 931">
    <p class='ocr_par' dir='ltr' id='par_1_8' title="bbox 394 856 1981 931">
     <span class='ocr_line' id='line_1_8' title="bbox 394 856 1981 931; baseline 0.001 -15"><span class='ocrx_word' id='word_1_47' title='bbox 394 877 489 931; x_wconf 85' lang='lat' dir='ltr'><strong>ego</strong></span> <span class='ocrx_word' id='word_1_48' title='bbox 541 876 632 916; x_wconf 79' lang='lat' dir='ltr'><strong>vos</strong></span> <span class='ocrx_word' id='word_1_49' title='bbox 670 860 831 931; x_wconf 84' lang='lat' dir='ltr'><strong>genui</strong></span> <span class='ocrx_word' id='word_1_50' title='bbox 877 858 945 912; x_wconf 79' lang='grc'><strong>⁸⁸.</strong></span> <span class='ocrx_word' id='word_1_51' title='bbox 975 856 1278 914; x_wconf 89' lang='lat' dir='ltr'><strong>Contendit</strong></span> <span class='ocrx_word' id='word_1_52' title='bbox 1323 857 1570 930; x_wconf 88' lang='lat' dir='ltr'><strong>denique</strong></span> <span class='ocrx_word' id='word_1_53' title='bbox 1620 860 1740 917; x_wconf 72' lang='lat' dir='ltr'><strong>haec</strong></span> <span class='ocrx_word' id='word_1_54' title='bbox 1794 868 1981 917; x_wconf 89' lang='lat' dir='ltr'><strong>vestra</strong></span> 
     </span>
    </p>
   </div>
   <div class='ocr_carea' id='block_1_9' title="bbox 394 949 1977 1020">
    <p class='ocr_par' dir='ltr' id='par_1_9' title="bbox 394 949 1977 1020">
     <span class='ocr_line' id='line_1_9' title="bbox 394 949 1977 1020; baseline 0.002 -14"><span class='ocrx_word' id='word_1_55' title='bbox 394 950 785 1020; x_wconf 73' lang='lat' dir='ltr'><strong>interpretatio</strong></span> <span class='ocrx_word' id='word_1_56' title='bbox 833 949 1001 1005; x_wconf 87' lang='lat' dir='ltr'><strong>etiam</strong></span> <span class='ocrx_word' id='word_1_57' title='bbox 1060 949 1222 1014; x_wconf 82' lang='lat' dir='ltr'><strong>illud,</strong></span> <span class='ocrx_word' id='word_1_58' title='bbox 1254 949 1404 1019; x_wconf 91' lang='lat' dir='ltr'><strong>quod</strong></span> <span class='ocrx_word' id='word_1_59' title='bbox 1448 951 1643 1009; x_wconf 83' lang='lat' dir='ltr'><strong>omnis</strong></span> <span class='ocrx_word' id='word_1_60' title='bbox 1697 953 1977 1009; x_wconf 80' lang='lat' dir='ltr'><strong>catholica</strong></span> 
     </span>
    </p>
   </div>
   <div class='ocr_carea' id='block_1_10' title="bbox 393 1041 1974 1108">
    <p class='ocr_par' dir='ltr' id='par_1_10' title="bbox 393 1041 1974 1108">
     <span class='ocr_line' id='line_1_10' title="bbox 393 1041 1974 1108; baseline 0.001 -9"><span class='ocrx_word' id='word_1_61' title='bbox 393 1042 645 1100; x_wconf 85' lang='lat' dir='ltr'><strong>Ecclesia</strong></span> <span class='ocrx_word' id='word_1_62' title='bbox 686 1041 1005 1108; x_wconf 89' lang='lat' dir='ltr'><strong>conﬁtetur,</strong></span> <span class='ocrx_word' id='word_1_63' title='bbox 1034 1041 1237 1097; x_wconf 89' lang='lat' dir='ltr'><strong>Filium</strong></span> <span class='ocrx_word' id='word_1_64' title='bbox 1267 1042 1367 1098; x_wconf 88' lang='lat' dir='ltr'><strong>Dei</strong></span> <span class='ocrx_word' id='word_1_65' title='bbox 1428 1043 1604 1098; x_wconf 87' lang='lat' dir='ltr'><strong>Deum</strong></span> <span class='ocrx_word' id='word_1_66' title='bbox 1653 1051 1852 1099; x_wconf 88' lang='lat' dir='ltr'><strong>natum</strong></span> <span class='ocrx_word' id='word_1_67' title='bbox 1902 1044 1974 1100; x_wconf 90' lang='lat' dir='ltr'><strong>de</strong></span> 
     </span>
    </p>
   </div>
   <div class='ocr_carea' id='block_1_11' title="bbox 395 1132 1983 1201">
    <p class='ocr_par' dir='ltr' id='par_1_11' title="bbox 395 1132 1983 1201">
     <span class='ocr_line' id='line_1_11' title="bbox 395 1132 1983 1201; baseline 0.001 -11"><span class='ocrx_word' id='word_1_68' title='bbox 395 1135 565 1190; x_wconf 80' lang='lat' dir='ltr'><strong>Patre</strong></span> <span class='ocrx_word' id='word_1_69' title='bbox 596 1133 1059 1198; x_wconf 87' lang='lat' dir='ltr'><strong>substantialiter,</strong></span> <span class='ocrx_word' id='word_1_70' title='bbox 1128 1133 1331 1189; x_wconf 89' lang='lat' dir='ltr'><strong>falsum</strong></span> <span class='ocrx_word' id='word_1_71' title='bbox 1363 1132 1589 1201; x_wconf 88' lang='lat' dir='ltr'><strong>docere,</strong></span> <span class='ocrx_word' id='word_1_72' title='bbox 1623 1138 1696 1191; x_wconf 91' lang='lat' dir='ltr'><strong>et&#39;</strong></span> <span class='ocrx_word' id='word_1_73' title='bbox 1721 1150 1850 1191; x_wconf 91' lang='lat' dir='ltr'><strong>cum</strong></span> <span class='ocrx_word' id='word_1_74' title='bbox 1899 1139 1983 1192; x_wconf 85' lang='lat' dir='ltr'><strong>A-</strong></span> 
     </span>
    </p>
   </div>
   <div class='ocr_carea' id='block_1_12' title="bbox 397 1223 1981 1295">
    <p class='ocr_par' dir='ltr' id='par_1_12' title="bbox 397 1223 1981 1295">
     <span class='ocr_line' id='line_1_12' title="bbox 397 1223 1981 1295; baseline 0.001 -13"><span class='ocrx_word' id='word_1_75' title='bbox 397 1226 573 1282; x_wconf 87' lang='lat' dir='ltr'><strong>rianis</strong></span> <span class='ocrx_word' id='word_1_76' title='bbox 599 1235 794 1281; x_wconf 89' lang='lat' dir='ltr'><strong>natum</strong></span> <span class='ocrx_word' id='word_1_77' title='bbox 824 1225 1051 1295; x_wconf 87' lang='lat' dir='ltr'><strong>quidem</strong></span> <span class='ocrx_word' id='word_1_78' title='bbox 1086 1223 1155 1279; x_wconf 90' lang='lat' dir='ltr'><strong>de</strong></span> <span class='ocrx_word' id='word_1_79' title='bbox 1174 1226 1336 1281; x_wconf 83' lang='lat' dir='ltr'><strong>Patre</strong></span> <span class='ocrx_word' id='word_1_80' title='bbox 1391 1225 1581 1282; x_wconf 87' lang='lat' dir='ltr'><strong>dicere</strong></span> <span class='ocrx_word' id='word_1_81' title='bbox 1618 1225 1847 1295; x_wconf 89' lang='lat' dir='ltr'><strong>Filium,</strong></span> <span class='ocrx_word' id='word_1_82' title='bbox 1881 1226 1981 1283; x_wconf 90' lang='lat' dir='ltr'><strong>sed</strong></span> 
     </span>
    </p>
   </div>
   <div class='ocr_carea' id='block_1_13' title="bbox 399 1314 1980 1390">
    <p class='ocr_par' dir='ltr' id='par_1_13' title="bbox 399 1314 1980 1390">
     <span class='ocr_line' id='line_1_13' title="bbox 399 1314 1980 1390; baseline 0.001 -17"><span class='ocrx_word' id='word_1_83' title='bbox 399 1330 515 1374; x_wconf 91' lang='lat' dir='ltr'><strong>non</strong></span> <span class='ocrx_word' id='word_1_84' title='bbox 577 1316 1023 1373; x_wconf 88' lang='lat' dir='ltr'><strong>substantiaiiter</strong></span> <span class='ocrx_word' id='word_1_85' title='bbox 1078 1314 1150 1372; x_wconf 90' lang='lat' dir='ltr'><strong>de</strong></span> <span class='ocrx_word' id='word_1_86' title='bbox 1193 1330 1262 1371; x_wconf 90' lang='lat' dir='ltr'><strong>eo</strong></span> <span class='ocrx_word' id='word_1_87' title='bbox 1322 1324 1538 1372; x_wconf 91' lang='lat' dir='ltr'><strong>natum.</strong></span> <span class='ocrx_word' id='word_1_88' title='bbox 1574 1317 1645 1372; x_wconf 89' lang='lat' dir='ltr'><strong>Et</strong></span> <span class='ocrx_word' id='word_1_89' title='bbox 1678 1318 1824 1374; x_wconf 92' lang='lat' dir='ltr'><strong>unde</strong></span> <span class='ocrx_word' id='word_1_90' title='bbox 1865 1318 1980 1390; x_wconf 85' lang='lat' dir='ltr'><strong>jam</strong></span> 
     </span>
    </p>
   </div>
   <div class='ocr_carea' id='block_1_14' title="bbox 400 1406 1986 1491">
    <p class='ocr_par' dir='ltr' id='par_1_14' title="bbox 400 1406 1986 1491">
     <span class='ocr_line' id='line_1_14' title="bbox 400 1406 1986 1491; baseline 0.003 -28"><span class='ocrx_word' id='word_1_91' title='bbox 400 1406 845 1464; x_wconf 86' lang='lat' dir='ltr'><strong>substantialiter</strong></span> <span class='ocrx_word' id='word_1_92' title='bbox 879 1416 1045 1491; x_wconf 70' lang='lat' dir='ltr'><strong>natus</strong></span> <span class='ocrx_word' id='word_1_93' title='bbox 1070 1407 1335 1463; x_wconf 85' lang='lat' dir='ltr'><strong>credatur</strong></span> <span class='ocrx_word' id='word_1_94' title='bbox 1357 1408 1507 1464; x_wconf 90' lang='lat' dir='ltr'><strong>Deus</strong></span> <span class='ocrx_word' id='word_1_95' title='bbox 1533 1423 1694 1478; x_wconf 90' lang='lat' dir='ltr'><strong>puer,</strong></span> <span class='ocrx_word' id='word_1_96' title='bbox 1738 1410 1837 1481; x_wconf 88' lang='lat' dir='ltr'><strong>qui</strong></span> <span class='ocrx_word' id='word_1_97' title='bbox 1879 1425 1986 1467; x_wconf 85' lang='lat' dir='ltr'><strong>nec</strong></span> 
     </span>
    </p>
   </div>
   <div class='ocr_carea' id='block_1_15' title="bbox 398 1499 1987 1574">
    <p class='ocr_par' dir='ltr' id='par_1_15' title="bbox 398 1499 1987 1574">
     <span class='ocr_line' id='line_1_15' title="bbox 398 1499 1987 1574; baseline 0.001 -17"><span class='ocrx_word' id='word_1_98' title='bbox 398 1501 678 1557; x_wconf 85' lang='lat' dir='ltr'><strong>de-matre</strong></span> <span class='ocrx_word' id='word_1_99' title='bbox 707 1516 810 1556; x_wconf 89' lang='lat' dir='ltr'><strong>nec</strong></span> <span class='ocrx_word' id='word_1_100' title='bbox 849 1499 919 1556; x_wconf 90' lang='lat' dir='ltr'><strong>de</strong></span> <span class='ocrx_word' id='word_1_101' title='bbox 967 1508 1129 1571; x_wconf 84' lang='lat' dir='ltr'><strong>patre</strong></span> <span class='ocrx_word' id='word_1_102' title='bbox 1176 1501 1487 1557; x_wconf 84' lang='lat' dir='ltr'><strong>secundum</strong></span> <span class='ocrx_word' id='word_1_103' title='bbox 1511 1516 1610 1557; x_wconf 85' lang='lat' dir='ltr'><strong>vos</strong></span> <span class='ocrx_word' id='word_1_104' title='bbox 1655 1501 1987 1574; x_wconf 78' lang='lat' dir='ltr'><strong>intelligitur</strong></span> 
     </span>
    </p>
   </div>
   <div class='ocr_carea' id='block_1_16' title="bbox 400 1592 1065 1651">
    <p class='ocr_par' dir='ltr' id='par_1_16' title="bbox 400 1592 1065 1651">
     <span class='ocr_line' id='line_1_16' title="bbox 400 1592 1065 1651; baseline -0.008 0"><span class='ocrx_word' id='word_1_105' title='bbox 400 1593 847 1651; x_wconf 81' lang='lat' dir='ltr'><strong>substantialiter</strong></span> <span class='ocrx_word' id='word_1_106' title='bbox 863 1592 1065 1648; x_wconf 78' lang='lat' dir='ltr'><strong>natus?</strong></span> 
     </span>
    </p>
   </div>
   <div class='ocr_carea' id='block_1_17' title="bbox 473 1684 1985 1758">
    <p class='ocr_par' dir='ltr' id='par_1_17' title="bbox 473 1684 1985 1758">
     <span class='ocr_line' id='line_1_17' title="bbox 473 1684 1985 1758; baseline 0.002 -17"><span class='ocrx_word' id='word_1_107' title='bbox 473 1685 543 1741; x_wconf 87' lang='lat' dir='ltr'><strong>N.</strong></span> <span class='ocrx_word' id='word_1_108' title='bbox 572 1684 718 1750; x_wconf 87' lang='lat' dir='ltr'><strong>Noli,</strong></span> <span class='ocrx_word' id='word_1_109' title='bbox 754 1699 941 1755; x_wconf 67' lang='lat' dir='ltr'><strong>quaeso</strong></span> <span class='ocrx_word' id='word_1_110' title='bbox 992 1692 1069 1753; x_wconf 91' lang='lat' dir='ltr'><strong>te,</strong></span> <span class='ocrx_word' id='word_1_111' title='bbox 1108 1684 1167 1740; x_wconf 90' lang='lat' dir='ltr'><strong>in</strong></span> <span class='ocrx_word' id='word_1_112' title='bbox 1198 1685 1567 1756; x_wconf 81' lang='lat' dir='ltr'><strong>supervacuis</strong></span> <span class='ocrx_word' id='word_1_113' title='bbox 1618 1694 1839 1758; x_wconf 84' lang='lat' dir='ltr'><strong>tempus</strong></span> <span class='ocrx_word' id='word_1_114' title='bbox 1885 1702 1985 1743; x_wconf 82' lang='lat' dir='ltr'><strong>ex-</strong></span> 
     </span>
    </p>
   </div>
   <div class='ocr_carea' id='block_1_18' title="bbox 404 1774 1987 1846">
    <p class='ocr_par' dir='ltr' id='par_1_18' title="bbox 404 1774 1987 1846">
     <span class='ocr_line' id='line_1_18' title="bbox 404 1774 1987 1846; baseline 0.004 -16"><span class='ocrx_word' id='word_1_115' title='bbox 404 1774 671 1846; x_wconf 82' lang='lat' dir='ltr'><strong>pendere.</strong></span> <span class='ocrx_word' id='word_1_116' title='bbox 719 1776 831 1833; x_wconf 88' lang='lat' dir='ltr'><strong>Nos</strong></span> <span class='ocrx_word' id='word_1_117' title='bbox 891 1775 1042 1832; x_wconf 90' lang='lat' dir='ltr'><strong>enim</strong></span> <span class='ocrx_word' id='word_1_118' title='bbox 1090 1777 1266 1833; x_wconf 88' lang='lat' dir='ltr'><strong>Deum</strong></span> <span class='ocrx_word' id='word_1_119' title='bbox 1323 1777 1546 1846; x_wconf 87' lang='lat' dir='ltr'><strong>Filium,</strong></span> <span class='ocrx_word' id='word_1_120' title='bbox 1600 1779 1987 1836; x_wconf 82' lang='lat' dir='ltr'><strong>abominantes</strong></span> 
     </span>
    </p>
   </div>
   <div class='ocr_carea' id='block_1_19' title="bbox 404 1863 1985 1936">
    <p class='ocr_par' dir='ltr' id='par_1_19' title="bbox 404 1863 1985 1936">
     <span class='ocr_line' id='line_1_19' title="bbox 404 1863 1985 1936; baseline 0.003 -15"><span class='ocrx_word' id='word_1_121' title='bbox 404 1863 751 1936; x_wconf 85' lang='lat' dir='ltr'><strong>impietatem</strong></span> <span class='ocrx_word' id='word_1_122' title='bbox 823 1866 969 1933; x_wconf 82' lang='lat' dir='ltr'><strong>Arii,</strong></span> <span class='ocrx_word' id='word_1_123' title='bbox 1033 1868 1486 1924; x_wconf 80' lang='lat' dir='ltr'><strong>subStantialiter</strong></span> <span class='ocrx_word' id='word_1_124' title='bbox 1513 1876 1708 1924; x_wconf 85' lang='lat' dir='ltr'><strong>natum</strong></span> <span class='ocrx_word' id='word_1_125' title='bbox 1754 1884 1823 1925; x_wconf 78' lang='lat' dir='ltr'><strong>ex</strong></span> <span class='ocrx_word' id='word_1_126' title='bbox 1869 1869 1985 1925; x_wconf 84' lang='lat' dir='ltr'><strong>Deo</strong></span> 
     </span>
    </p>
   </div>
   <div class='ocr_carea' id='block_1_20' title="bbox 404 1954 1987 2030">
    <p class='ocr_par' dir='ltr' id='par_1_20' title="bbox 404 1954 1987 2030">
     <span class='ocr_line' id='line_1_20' title="bbox 404 1954 1987 2030; baseline 0.005 -21"><span class='ocrx_word' id='word_1_127' title='bbox 404 1954 567 2011; x_wconf 88' lang='lat' dir='ltr'><strong>Patre</strong></span> <span class='ocrx_word' id='word_1_128' title='bbox 602 1956 889 2012; x_wconf 85' lang='lat' dir='ltr'><strong>credimus</strong></span> <span class='ocrx_word' id='word_1_129' title='bbox 920 1966 980 2014; x_wconf 88' lang='lat' dir='ltr'><strong>et</strong></span> <span class='ocrx_word' id='word_1_130' title='bbox 1023 1957 1415 2027; x_wconf 73' lang='lat' dir='ltr'><strong>praedicamus,</strong></span> <span class='ocrx_word' id='word_1_131' title='bbox 1445 1966 1503 2014; x_wconf 90' lang='lat' dir='ltr'><strong>et</strong></span> <span class='ocrx_word' id='word_1_132' title='bbox 1525 1975 1766 2030; x_wconf 90' lang='lat' dir='ltr'><strong>puerum</strong></span> <span class='ocrx_word' id='word_1_133' title='bbox 1791 1967 1987 2016; x_wconf 83' lang='lat' dir='ltr'><strong>natum</strong></span> 
     </span>
    </p>
   </div>
   <div class='ocr_carea' id='block_1_21' title="bbox 402 2046 1987 2118">
    <p class='ocr_par' dir='ltr' id='par_1_21' title="bbox 402 2046 1987 2118">
     <span class='ocr_line' id='line_1_21' title="bbox 402 2046 1987 2118; baseline 0.004 -16"><span class='ocrx_word' id='word_1_134' title='bbox 402 2060 474 2102; x_wconf 79' lang='lat' dir='ltr'><strong>ex</strong></span> <span class='ocrx_word' id='word_1_135' title='bbox 499 2046 722 2118; x_wconf 76' lang='lat' dir='ltr'><strong>Virgine</strong></span> <span class='ocrx_word' id='word_1_136' title='bbox 744 2047 1193 2105; x_wconf 89' lang='lat' dir='ltr'><strong>substantialiter</strong></span> <span class='ocrx_word' id='word_1_137' title='bbox 1244 2048 1366 2105; x_wconf 82' lang='lat' dir='ltr'><strong>sine</strong></span> <span class='ocrx_word' id='word_1_138' title='bbox 1416 2049 1588 2106; x_wconf 89' lang='lat' dir='ltr'><strong>dubio</strong></span> <span class='ocrx_word' id='word_1_139' title='bbox 1634 2052 1987 2118; x_wconf 87' lang='lat' dir='ltr'><strong>conﬁtemur,</strong></span> 
     </span>
    </p>
   </div>
   <div class='ocr_carea' id='block_1_22' title="bbox 404 2138 1990 2211">
    <p class='ocr_par' dir='ltr' id='par_1_22' title="bbox 404 2138 1990 2211">
     <span class='ocr_line' id='line_1_22' title="bbox 404 2138 1990 2211; baseline 0.005 -19"><span class='ocrx_word' id='word_1_140' title='bbox 404 2151 568 2208; x_wconf 85' lang='lat' dir='ltr'><strong>quem</strong></span> <span class='ocrx_word' id='word_1_141' title='bbox 601 2138 770 2195; x_wconf 89' lang='lat' dir='ltr'><strong>etiam</strong></span> <span class='ocrx_word' id='word_1_142' title='bbox 822 2148 1055 2210; x_wconf 88' lang='lat' dir='ltr'><strong>propter</strong></span> <span class='ocrx_word' id='word_1_143' title='bbox 1078 2154 1207 2196; x_wconf 87' lang='lat' dir='ltr'><strong>eum</strong></span> <span class='ocrx_word' id='word_1_144' title='bbox 1237 2140 1333 2211; x_wconf 89' lang='lat' dir='ltr'><strong>qui</strong></span> <span class='ocrx_word' id='word_1_145' title='bbox 1393 2140 1449 2197; x_wconf 90' lang='lat' dir='ltr'><strong>ei</strong></span> <span class='ocrx_word' id='word_1_146' title='bbox 1487 2141 1684 2199; x_wconf 79' lang='lat' dir='ltr'><strong>unitas</strong></span> <span class='ocrx_word' id='word_1_147' title='bbox 1732 2151 1843 2210; x_wconf 88' lang='lat' dir='ltr'><strong>est,</strong></span> <span class='ocrx_word' id='word_1_148' title='bbox 1903 2158 1990 2200; x_wconf 86' lang='lat' dir='ltr'><strong>se-</strong></span> 
     </span>
    </p>
   </div>
   <div class='ocr_carea' id='block_1_23' title="bbox 402 2230 1523 2301">
    <p class='ocr_par' dir='ltr' id='par_1_23' title="bbox 402 2230 1523 2301">
     <span class='ocr_line' id='line_1_23' title="bbox 402 2230 1523 2301; baseline 0.004 -17"><span class='ocrx_word' id='word_1_149' title='bbox 402 2237 638 2300; x_wconf 87' lang='lat' dir='ltr'><strong>quentes</strong></span> <span class='ocrx_word' id='word_1_150' title='bbox 666 2230 1021 2301; x_wconf 87' lang='lat' dir='ltr'><strong>prophetam,</strong></span> <span class='ocrx_word' id='word_1_151' title='bbox 1058 2231 1298 2288; x_wconf 88' lang='lat' dir='ltr'><strong>dicimus</strong></span> <span class='ocrx_word' id='word_1_152' title='bbox 1322 2232 1523 2289; x_wconf 89' lang='lat' dir='ltr'><strong>Deum.</strong></span> 
     </span>
    </p>
   </div>
   <div class='ocr_carea' id='block_1_24' title="bbox 470 2315 1991 2388">
    <p class='ocr_par' dir='ltr' id='par_1_24' title="bbox 470 2315 1991 2388">
     <span class='ocr_line' id='line_1_24' title="bbox 470 2315 1991 2388; baseline 0.005 -15"><span class='ocrx_word' id='word_1_153' title='bbox 470 2315 534 2373; x_wconf 91' lang='lat' dir='ltr'><strong>C.</strong></span> <span class='ocrx_word' id='word_1_154' title='bbox 556 2318 656 2373; x_wconf 87' lang='lat' dir='ltr'><strong>Est</strong></span> <span class='ocrx_word' id='word_1_155' title='bbox 683 2333 816 2388; x_wconf 81' lang='lat' dir='ltr'><strong>ergo</strong></span> <span class='ocrx_word' id='word_1_156' title='bbox 846 2334 990 2388; x_wconf 86' lang='lat' dir='ltr'><strong>puer</strong></span> <span class='ocrx_word' id='word_1_157' title='bbox 1019 2333 1134 2375; x_wconf 90' lang='lat' dir='ltr'><strong>non</strong></span> <span class='ocrx_word' id='word_1_158' title='bbox 1149 2326 1352 2374; x_wconf 87' lang='lat' dir='ltr'><strong>natura</strong></span> <span class='ocrx_word' id='word_1_159' title='bbox 1375 2319 1546 2387; x_wconf 87' lang='lat' dir='ltr'><strong>Deus,</strong></span> <span class='ocrx_word' id='word_1_160' title='bbox 1583 2321 1682 2378; x_wconf 89' lang='lat' dir='ltr'><strong>sed</strong></span> <span class='ocrx_word' id='word_1_161' title='bbox 1700 2322 1991 2382; x_wconf 88' lang='lat' dir='ltr'><strong>vocatione</strong></span> 
     </span>
    </p>
   </div>
   <div class='ocr_carea' id='block_1_25' title="bbox 402 2407 837 2480">
    <p class='ocr_par' dir='ltr' id='par_1_25' title="bbox 402 2407 837 2480">
     <span class='ocr_line' id='line_1_25' title="bbox 402 2407 837 2480; baseline -0.005 -16"><span class='ocrx_word' id='word_1_162' title='bbox 402 2407 549 2464; x_wconf 87' lang='lat' dir='ltr'><strong>sicut</strong></span> <span class='ocrx_word' id='word_1_163' title='bbox 584 2407 837 2480; x_wconf 78' lang='lat' dir='ltr'><strong>Moyses?</strong></span> 
     </span>
    </p>
   </div>
   <div class='ocr_carea' id='block_1_26' title="bbox 472 2486 1993 2572">
    <p class='ocr_par' dir='ltr' id='par_1_26' title="bbox 472 2486 1993 2572">
     <span class='ocr_line' id='line_1_26' title="bbox 472 2486 1993 2572; baseline 0.006 -17"><span class='ocrx_word' id='word_1_164' title='bbox 472 2500 541 2556; x_wconf 88' lang='lat' dir='ltr'><strong>N.</strong></span> <span class='ocrx_word' id='word_1_165' title='bbox 616 2499 675 2556; x_wconf 89' lang='lat' dir='ltr'><strong>Si</strong></span> <span class='ocrx_word' id='word_1_166' title='bbox 718 2515 831 2557; x_wconf 89' lang='lat' dir='ltr'><strong>non</strong></span> <span class='ocrx_word' id='word_1_167' title='bbox 866 2501 1161 2558; x_wconf 85' lang='lat' dir='ltr'><strong>vocatione</strong></span> <span class='ocrx_word' id='word_1_168' title='bbox 1205 2508 1263 2558; x_wconf 91' lang='lat' dir='ltr'><strong>et</strong></span> <span class='ocrx_word' id='word_1_169' title='bbox 1308 2500 1600 2572; x_wconf 81' lang='lat' dir='ltr'><strong>dignitate,</strong></span> <span class='ocrx_word' id='word_1_170' title='bbox 1642 2486 1738 2561; x_wconf 85' lang='lat' dir='ltr'><strong>sed</strong></span> <span class='ocrx_word' id='word_1_171' title='bbox 1791 2515 1993 2564; x_wconf 84' lang='lat' dir='ltr'><strong>natura</strong></span> 
     </span>
    </p>
   </div>
   <div class='ocr_carea' id='block_1_27' title="bbox 401 2590 1993 2668">
    <p class='ocr_par' dir='ltr' id='par_1_27' title="bbox 401 2590 1993 2668">
     <span class='ocr_line' id='line_1_27' title="bbox 401 2590 1993 2668; baseline 0.006 -21"><span class='ocrx_word' id='word_1_172' title='bbox 401 2590 551 2648; x_wconf 88' lang='lat' dir='ltr'><strong>Deus</strong></span> <span class='ocrx_word' id='word_1_173' title='bbox 567 2598 653 2647; x_wconf 71' lang='grc' dir='ltr'><strong>εει</strong></span> <span class='ocrx_word' id='word_1_174' title='bbox 670 2600 943 2661; x_wconf 89' lang='lat' dir='ltr'><strong>puer,-aut</strong></span> <span class='ocrx_word' id='word_1_175' title='bbox 970 2591 1508 2655; x_wconf 84' lang='lat' dir='ltr'><strong>consubstantialem</strong></span> <span class='ocrx_word' id='word_1_176' title='bbox 1530 2593 1696 2668; x_wconf 63' lang='lat'><strong>559</strong></span> <span class='ocrx_word' id='word_1_177' title='bbox 1711 2597 1826 2655; x_wconf 90' lang='lat' dir='ltr'><strong>Deo</strong></span> <span class='ocrx_word' id='word_1_178' title='bbox 1840 2596 1993 2655; x_wconf 83' lang='lat' dir='ltr'><strong>Patri</strong></span> 
     </span>
    </p>
   </div>
   <div class='ocr_carea' id='block_1_28' title="bbox 403 2681 1965 2760">
    <p class='ocr_par' dir='ltr' id='par_1_28' title="bbox 403 2681 1965 2760">
     <span class='ocr_line' id='line_1_28' title="bbox 403 2681 1965 2760; baseline 0.006 -22"><span class='ocrx_word' id='word_1_179' title='bbox 403 2681 588 2739; x_wconf 88' lang='lat' dir='ltr'><strong>credis</strong></span> <span class='ocrx_word' id='word_1_180' title='bbox 615 2697 867 2750; x_wconf 86' lang='lat' dir='ltr'><strong>carnem,</strong></span> <span class='ocrx_word' id='word_1_181' title='bbox 881 2692 980 2740; x_wconf 89' lang='lat' dir='ltr'><strong>aut</strong></span> <span class='ocrx_word' id='word_1_182' title='bbox 1002 2698 1244 2756; x_wconf 87' lang='lat' dir='ltr'><strong>puerum</strong></span> <span class='ocrx_word' id='word_1_183' title='bbox 1260 2693 1455 2741; x_wconf 89' lang='lat' dir='ltr'><strong>natum</strong></span> <span class='ocrx_word' id='word_1_184' title='bbox 1470 2685 1539 2743; x_wconf 88' lang='lat' dir='ltr'><strong>de</strong></span> <span class='ocrx_word' id='word_1_185' title='bbox 1554 2687 1780 2760; x_wconf 83' lang='lat' dir='ltr'><strong>Virgine</strong></span> <span class='ocrx_word' id='word_1_186' title='bbox 1805 2689 1965 2748; x_wconf 86' lang='lat' dir='ltr'><strong>incor</strong></span> 
     </span>
    </p>
   </div>
   <div class='ocr_carea' id='block_1_29' title="bbox 404 2774 1941 2844">
    <p class='ocr_par' dir='ltr' id='par_1_29' title="bbox 404 2774 1941 2844">
     <span class='ocr_line' id='line_1_29' title="bbox 404 2774 1941 2844; baseline 0.004 -15"><span class='ocrx_word' id='word_1_187' title='bbox 404 2788 639 2844; x_wconf 81' lang='lat' dir='ltr'><strong>pureum</strong></span> <span class='ocrx_word' id='word_1_188' title='bbox 686 2774 996 2833; x_wconf 81' lang='lat' dir='ltr'><strong>conﬁteris.</strong></span> <span class='ocrx_word' id='word_1_189' title='bbox 1938 2798 1941 2801; x_wconf 54' lang='grc' dir='ltr'><strong><em>λ</em></strong></span> 
     </span>
    </p>
   </div>
   <div class='ocr_carea' id='block_1_30' title="bbox 474 2863 1993 2939">
    <p class='ocr_par' dir='ltr' id='par_1_30' title="bbox 474 2863 1993 2939">
     <span class='ocr_line' id='line_1_30' title="bbox 474 2863 1993 2939; baseline 0.005 -17"><span class='ocrx_word' id='word_1_190' title='bbox 474 2863 538 2922; x_wconf 89' lang='lat' dir='ltr'><strong>C.</strong></span> <span class='ocrx_word' id='word_1_191' title='bbox 566 2865 648 2921; x_wconf 86' lang='lat' dir='ltr'><strong>Tu</strong></span> <span class='ocrx_word' id='word_1_192' title='bbox 678 2882 914 2936; x_wconf 89' lang='lat' dir='ltr'><strong>puerum</strong></span> <span class='ocrx_word' id='word_1_193' title='bbox 949 2866 1346 2939; x_wconf 85' lang='lat' dir='ltr'><strong>incorporeum</strong></span> <span class='ocrx_word' id='word_1_194' title='bbox 1373 2884 1486 2925; x_wconf 89' lang='lat' dir='ltr'><strong>non</strong></span> <span class='ocrx_word' id='word_1_195' title='bbox 1541 2870 1775 2928; x_wconf 87' lang='lat' dir='ltr'><strong>credere</strong></span> <span class='ocrx_word' id='word_1_196' title='bbox 1822 2882 1993 2931; x_wconf 87' lang='lat' dir='ltr'><strong>autu-</strong></span> 
     </span>
    </p>
   </div>
   <div class='ocr_carea' id='block_1_31' title="bbox 404 2960 1996 3038">
    <p class='ocr_par' dir='ltr' id='par_1_31' title="bbox 404 2960 1996 3038">
     <span class='ocr_line' id='line_1_31' title="bbox 404 2960 1996 3038; baseline 0.006 -26"><span class='ocrx_word' id='word_1_197' title='bbox 404 2971 546 3023; x_wconf 86' lang='lat' dir='ltr'><strong>mas,</strong></span> <span class='ocrx_word' id='word_1_198' title='bbox 578 2974 684 3014; x_wconf 84' lang='lat' dir='ltr'><strong>nos</strong></span> <span class='ocrx_word' id='word_1_199' title='bbox 714 2973 750 3015; x_wconf 88' lang='lat' dir='ltr'><strong>e</strong></span> <span class='ocrx_word' id='word_1_200' title='bbox 772 2970 964 3015; x_wconf 88' lang='lat' dir='ltr'><strong>contra</strong></span> <span class='ocrx_word' id='word_1_201' title='bbox 996 2960 1173 3016; x_wconf 90' lang='lat' dir='ltr'><strong>Deum</strong></span> <span class='ocrx_word' id='word_1_202' title='bbox 1202 2960 1303 3017; x_wconf 86' lang='lat' dir='ltr'><strong>tibi</strong></span> <span class='ocrx_word' id='word_1_203' title='bbox 1347 2975 1574 3019; x_wconf 91' lang='lat' dir='ltr'><strong>carnem</strong></span> <span class='ocrx_word' id='word_1_204' title='bbox 1605 2963 1816 3020; x_wconf 84' lang='lat' dir='ltr'><strong>factum</strong></span> <span class='ocrx_word' id='word_1_205' title='bbox 1834 2967 1996 3038; x_wconf 81' lang='lat' dir='ltr'><strong>juxta</strong></span> 
     </span>
    </p>
   </div>
   <div class='ocr_carea' id='block_1_32' title="bbox 404 3048 1995 3127">
    <p class='ocr_par' dir='ltr' id='par_1_32' title="bbox 404 3048 1995 3127">
     <span class='ocr_line' id='line_1_32' title="bbox 404 3048 1995 3127; baseline 0.005 -21"><span class='ocrx_word' id='word_1_206' title='bbox 404 3049 695 3121; x_wconf 76' lang='lat' dir='ltr'><strong>Evangelii</strong></span> <span class='ocrx_word' id='word_1_207' title='bbox 740 3051 1080 3107; x_wconf 88' lang='lat' dir='ltr'><strong>sententiam</strong></span> <span class='ocrx_word' id='word_1_208' title='bbox 1114 3053 1506 3124; x_wconf 65' lang='lat' dir='ltr'><strong>praedicamus,</strong></span> <span class='ocrx_word' id='word_1_209' title='bbox 1563 3048 1727 3127; x_wconf 77' lang='lat' dir='ltr'><strong>cujus</strong></span> <span class='ocrx_word' id='word_1_210' title='bbox 1767 3071 1995 3114; x_wconf 89' lang='lat' dir='ltr'><strong>carnem</strong></span> 
     </span>
    </p>
   </div>
   <div class='ocr_carea' id='block_1_33' title="bbox 404 3142 1994 3210">
    <p class='ocr_par' dir='ltr' id='par_1_33' title="bbox 404 3142 1994 3210">
     <span class='ocr_line' id='line_1_33' title="bbox 404 3142 1994 3210; baseline 0.004 -13"><span class='ocrx_word' id='word_1_211' title='bbox 404 3156 520 3197; x_wconf 85' lang='lat' dir='ltr'><strong>non</strong></span> <span class='ocrx_word' id='word_1_212' title='bbox 546 3142 660 3198; x_wconf 89' lang='lat' dir='ltr'><strong>Deo</strong></span> <span class='ocrx_word' id='word_1_213' title='bbox 680 3143 853 3210; x_wconf 90' lang='lat' dir='ltr'><strong>Patri,</strong></span> <span class='ocrx_word' id='word_1_214' title='bbox 886 3143 985 3200; x_wconf 88' lang='lat' dir='ltr'><strong>sed</strong></span> <span class='ocrx_word' id='word_1_215' title='bbox 1032 3145 1196 3201; x_wconf 90' lang='lat' dir='ltr'><strong>matri</strong></span> <span class='ocrx_word' id='word_1_216' title='bbox 1234 3146 1773 3203; x_wconf 84' lang='lat' dir='ltr'><strong>consubstantialem</strong></span> <span class='ocrx_word' id='word_1_217' title='bbox 1806 3148 1994 3205; x_wconf 87' lang='lat' dir='ltr'><strong>credi-</strong></span> 
     </span>
    </p>
   </div>
   <div class='ocr_carea' id='block_1_34' title="bbox 405 3226 1991 3302">
    <p class='ocr_par' dir='ltr' id='par_1_34' title="bbox 405 3226 1991 3302">
     <span class='ocr_line' id='line_1_34' title="bbox 405 3226 1991 3302; baseline 0.004 -15"><span class='ocrx_word' id='word_1_218' title='bbox 405 3248 552 3289; x_wconf 89' lang='lat' dir='ltr'><strong>mus.</strong></span> <span class='ocrx_word' id='word_1_219' title='bbox 613 3234 971 3289; x_wconf 89' lang='lat' dir='ltr'><strong>Divinitatem</strong></span> <span class='ocrx_word' id='word_1_220' title='bbox 1001 3226 1159 3290; x_wconf 78' lang='lat' dir='ltr'><strong>vero</strong></span> <span class='ocrx_word' id='word_1_221' title='bbox 1184 3250 1299 3290; x_wconf 92' lang='lat' dir='ltr'><strong>non</strong></span> <span class='ocrx_word' id='word_1_222' title='bbox 1339 3235 1529 3302; x_wconf 89' lang='lat' dir='ltr'><strong>matri,</strong></span> <span class='ocrx_word' id='word_1_223' title='bbox 1560 3236 1657 3292; x_wconf 88' lang='lat' dir='ltr'><strong>sed</strong></span> <span class='ocrx_word' id='word_1_224' title='bbox 1694 3238 1810 3294; x_wconf 90' lang='lat' dir='ltr'><strong>Deo</strong></span> <span class='ocrx_word' id='word_1_225' title='bbox 1841 3238 1991 3295; x_wconf 84' lang='lat' dir='ltr'><strong>Patri</strong></span> 
     </span>
    </p>
   </div>
   <div class='ocr_carea' id='block_1_35' title="bbox 408 3324 1235 3381">
    <p class='ocr_par' dir='ltr' id='par_1_35' title="bbox 408 3324 1235 3381">
     <span class='ocr_line' id='line_1_35' title="bbox 408 3324 1235 3381; baseline 0.004 -3"><span class='ocrx_word' id='word_1_226' title='bbox 408 3324 948 3380; x_wconf 84' lang='lat' dir='ltr'><strong>consubstantialem</strong></span> <span class='ocrx_word' id='word_1_227' title='bbox 970 3324 1235 3381; x_wconf 82' lang='lat' dir='ltr'><strong>fatemur.</strong></span> 
     </span>
    </p>
   </div>
   <div class='ocr_carea' id='block_1_36' title="bbox 479 3401 1992 3487">
    <p class='ocr_par' dir='ltr' id='par_1_36' title="bbox 479 3401 1992 3487">
     <span class='ocr_line' id='line_1_36' title="bbox 479 3401 1992 3487; baseline 0.009 -18"><span class='ocrx_word' id='word_1_228' title='bbox 479 3415 550 3470; x_wconf 87' lang='lat' dir='ltr'><strong>N.</strong></span> <span class='ocrx_word' id='word_1_229' title='bbox 582 3401 811 3470; x_wconf 90' lang='lat' dir='ltr'><strong>Varium</strong></span> <span class='ocrx_word' id='word_1_230' title='bbox 868 3417 1164 3487; x_wconf 89' lang='lat' dir='ltr'><strong>quemdam</strong></span> <span class='ocrx_word' id='word_1_231' title='bbox 1211 3427 1271 3474; x_wconf 90' lang='lat' dir='ltr'><strong>et</strong></span> <span class='ocrx_word' id='word_1_232' title='bbox 1327 3418 1617 3476; x_wconf 88' lang='lat' dir='ltr'><strong>diversum</strong></span> <span class='ocrx_word' id='word_1_233' title='bbox 1664 3424 1992 3483; x_wconf 90' lang='lat' dir='ltr'><strong>assertionis</strong></span> 
     </span>
    </p>
   </div>
   <div class='ocr_carea' id='block_1_37' title="bbox 412 3507 1992 3578">
    <p class='ocr_par' dir='ltr' id='par_1_37' title="bbox 412 3507 1992 3578">
     <span class='ocr_line' id='line_1_37' title="bbox 412 3507 1992 3578; baseline 0.007 -16"><span class='ocrx_word' id='word_1_234' title='bbox 412 3516 520 3563; x_wconf 71' lang='lat' dir='ltr'><strong>tute</strong></span> <span class='ocrx_word' id='word_1_235' title='bbox 552 3522 803 3575; x_wconf 85' lang='lat' dir='ltr'><strong>sensum,</strong></span> <span class='ocrx_word' id='word_1_236' title='bbox 834 3507 1000 3564; x_wconf 90' lang='lat' dir='ltr'><strong>modo</strong></span> <span class='ocrx_word' id='word_1_237' title='bbox 1040 3509 1503 3578; x_wconf 86' lang='lat' dir='ltr'><strong>confundentem,</strong></span> <span class='ocrx_word' id='word_1_238' title='bbox 1556 3513 1727 3570; x_wconf 90' lang='lat' dir='ltr'><strong>modo</strong></span> <span class='ocrx_word' id='word_1_239' title='bbox 1776 3516 1992 3573; x_wconf 87' lang='lat' dir='ltr'><strong>discer-</strong></span> 
     </span>
    </p>
   </div>
   <div class='ocr_carea' id='block_1_38' title="bbox 410 3605 1984 3681">
    <p class='ocr_par' dir='ltr' id='par_1_38' title="bbox 410 3605 1984 3681">
     <span class='ocr_line' id='line_1_38' title="bbox 410 3605 1984 3681; baseline 0.008 -26"><span class='ocrx_word' id='word_1_240' title='bbox 410 3609 635 3657; x_wconf 89' lang='lat' dir='ltr'><strong>nentem</strong></span> <span class='ocrx_word' id='word_1_241' title='bbox 664 3610 915 3667; x_wconf 88' lang='lat' dir='ltr'><strong>naturas,</strong></span> <span class='ocrx_word' id='word_1_242' title='bbox 954 3618 1183 3674; x_wconf 89' lang='lat' dir='ltr'><strong>prorsus</strong></span> <span class='ocrx_word' id='word_1_243' title='bbox 1220 3605 1530 3676; x_wconf 88' lang='lat' dir='ltr'><strong>intelligere</strong></span> <span class='ocrx_word' id='word_1_244' title='bbox 1576 3624 1687 3664; x_wconf 92' lang='lat' dir='ltr'><strong>non</strong></span> <span class='ocrx_word' id='word_1_245' title='bbox 1734 3625 1984 3681; x_wconf 89' lang='lat' dir='ltr'><strong>possum.</strong></span> 
     </span>
    </p>
   </div>
   <div class='ocr_carea' id='block_1_39' title="bbox 413 3693 1992 3764">
    <p class='ocr_par' dir='ltr' id='par_1_39' title="bbox 413 3693 1992 3764">
     <span class='ocr_line' id='line_1_39' title="bbox 413 3693 1992 3764; baseline 0.008 -15"><span class='ocrx_word' id='word_1_246' title='bbox 413 3693 472 3749; x_wconf 93' lang='lat' dir='ltr'><strong>Si</strong></span> <span class='ocrx_word' id='word_1_247' title='bbox 493 3693 664 3764; x_wconf 87' lang='lat' dir='ltr'><strong>igitur</strong></span> <span class='ocrx_word' id='word_1_248' title='bbox 694 3693 1044 3751; x_wconf 85' lang='lat' dir='ltr'><strong>divinitatem</strong></span> <span class='ocrx_word' id='word_1_249' title='bbox 1076 3696 1251 3763; x_wconf 89' lang='lat' dir='ltr'><strong>Patri,</strong></span> <span class='ocrx_word' id='word_1_250' title='bbox 1303 3713 1531 3756; x_wconf 90' lang='lat' dir='ltr'><strong>carnem</strong></span> <span class='ocrx_word' id='word_1_251' title='bbox 1583 3716 1719 3757; x_wconf 90' lang='lat' dir='ltr'><strong>vero</strong></span> <span class='ocrx_word' id='word_1_252' title='bbox 1744 3704 1992 3760; x_wconf 87' lang='lat' dir='ltr'><strong>consub-</strong></span> 
     </span>
    </p>
   </div>
   <div class='ocr_carea' id='block_1_40' title="bbox 412 3785 1993 3867">
    <p class='ocr_par' dir='ltr' id='par_1_40' title="bbox 412 3785 1993 3867">
     <span class='ocr_line' id='line_1_40' title="bbox 412 3785 1993 3867; baseline 0.009 -27"><span class='ocrx_word' id='word_1_253' title='bbox 412 3785 728 3842; x_wconf 85' lang='lat' dir='ltr'><strong>stantialem</strong></span> <span class='ocrx_word' id='word_1_254' title='bbox 758 3787 1030 3858; x_wconf 62' lang='lat' dir='ltr'><strong>praedicas</strong></span> <span class='ocrx_word' id='word_1_255' title='bbox 1064 3790 1256 3857; x_wconf 87' lang='lat' dir='ltr'><strong>matri,</strong></span> <span class='ocrx_word' id='word_1_256' title='bbox 1311 3793 1593 3867; x_wconf 66' lang='lat' dir='ltr'><strong>quomodo</strong></span> <span class='ocrx_word' id='word_1_257' title='bbox 1628 3810 1817 3851; x_wconf 89' lang='lat' dir='ltr'><strong>sanam</strong></span> <span class='ocrx_word' id='word_1_258' title='bbox 1847 3796 1993 3855; x_wconf 79' lang='lat' dir='ltr'><strong>hanc</strong></span> 
     </span>
    </p>
   </div>
   <div class='ocr_carea' id='block_1_41' title="bbox 412 3880 1990 3953">
    <p class='ocr_par' dir='ltr' id='par_1_41' title="bbox 412 3880 1990 3953">
     <span class='ocr_line' id='line_1_41' title="bbox 412 3880 1990 3953; baseline 0.01 -22"><span class='ocrx_word' id='word_1_259' title='bbox 412 3885 736 3934; x_wconf 76' lang='lat' dir='ltr'><strong>naturarum</strong></span> <span class='ocrx_word' id='word_1_260' title='bbox 765 3880 1113 3938; x_wconf 89' lang='lat' dir='ltr'><strong>confundens</strong></span> <span class='ocrx_word' id='word_1_261' title='bbox 1141 3882 1560 3953; x_wconf 88' lang='lat' dir='ltr'><strong>discretionem,</strong></span> <span class='ocrx_word' id='word_1_262' title='bbox 1601 3903 1798 3944; x_wconf 86' lang='lat' dir='ltr'><strong>rursus</strong></span> <span class='ocrx_word' id='word_1_263' title='bbox 1817 3890 1990 3947; x_wconf 90' lang='lat' dir='ltr'><strong>Deum</strong></span> 
     </span>
    </p>
   </div>
   <div class='ocr_carea' id='block_1_42' title="bbox 413 3964 1989 4051">
    <p class='ocr_par' dir='ltr' id='par_1_42' title="bbox 413 3964 1989 4051">
     <span class='ocr_line' id='line_1_42' title="bbox 413 3964 1989 4051; baseline 0.01 -30"><span class='ocrx_word' id='word_1_264' title='bbox 413 3982 638 4025; x_wconf 84' lang='lat' dir='ltr'><strong>carnem</strong></span> <span class='ocrx_word' id='word_1_265' title='bbox 659 3968 867 4026; x_wconf 86' lang='lat' dir='ltr'><strong>factum</strong></span> <span class='ocrx_word' id='word_1_266' title='bbox 894 3972 1121 4038; x_wconf 89' lang='lat' dir='ltr'><strong>asseris,</strong></span> <span class='ocrx_word' id='word_1_267' title='bbox 1165 3964 1294 4030; x_wconf 83' lang='lat' dir='ltr'><strong>cum</strong></span> <span class='ocrx_word' id='word_1_268' title='bbox 1330 3975 1405 4030; x_wconf 90' lang='lat' dir='ltr'><strong>sit</strong></span> <span class='ocrx_word' id='word_1_269' title='bbox 1440 3977 1589 4032; x_wconf 89' lang='lat' dir='ltr'><strong>Deus</strong></span> <span class='ocrx_word' id='word_1_270' title='bbox 1617 3993 1730 4034; x_wconf 90' lang='lat' dir='ltr'><strong>non</strong></span> <span class='ocrx_word' id='word_1_271' title='bbox 1763 3994 1989 4051; x_wconf 90' lang='lat' dir='ltr'><strong>corpus,</strong></span> 
     </span>
    </p>
   </div>
   <div class='ocr_carea' id='block_1_43' title="bbox 412 4060 1994 4140">
    <p class='ocr_par' dir='ltr' id='par_1_43' title="bbox 412 4060 1994 4140">
     <span class='ocr_line' id='line_1_43' title="bbox 412 4060 1994 4140; baseline 0.007 -23"><span class='ocrx_word' id='word_1_272' title='bbox 412 4060 510 4118; x_wconf 88' lang='lat' dir='ltr'><strong>sed</strong></span> <span class='ocrx_word' id='word_1_273' title='bbox 546 4061 812 4132; x_wconf 89' lang='lat' dir='ltr'><strong>Spiritus,</strong></span> <span class='ocrx_word' id='word_1_274' title='bbox 840 4065 1077 4123; x_wconf 91' lang='lat' dir='ltr'><strong>Domino</strong></span> <span class='ocrx_word' id='word_1_275' title='bbox 1107 4065 1362 4123; x_wconf 84' lang='lat' dir='ltr'><strong>dicente:</strong></span> <span class='ocrx_word' id='word_1_276' title='bbox 1388 4067 1529 4124; x_wconf 94' lang='lat' dir='ltr'><strong>Deus</strong></span> <span class='ocrx_word' id='word_1_277' title='bbox 1555 4067 1787 4140; x_wconf 85' lang='lat' dir='ltr'><strong>Spiritus</strong></span> <span class='ocrx_word' id='word_1_278' title='bbox 1828 4080 1904 4127; x_wconf 85' lang='lat' dir='ltr'><strong>est</strong></span> <span class='ocrx_word' id='word_1_279' title='bbox 1921 4073 1994 4128; x_wconf 65' lang='lat'><strong>5”?</strong></span> 
     </span>
    </p>
   </div>
   <div class='ocr_carea' id='block_1_44' title="bbox 475 4152 1996 4222">
    <p class='ocr_par' dir='ltr' id='par_1_44' title="bbox 475 4152 1996 4222">
     <span class='ocr_line' id='line_1_44' title="bbox 475 4152 1996 4222; baseline 0.009 -13"><span class='ocrx_word' id='word_1_280' title='bbox 475 4152 539 4209; x_wconf 88' lang='lat' dir='ltr'><strong>C.</strong></span> <span class='ocrx_word' id='word_1_281' title='bbox 570 4154 770 4212; x_wconf 83' lang='lat' dir='ltr'><strong>Veram</strong></span> <span class='ocrx_word' id='word_1_282' title='bbox 794 4165 1126 4214; x_wconf 85' lang='lat' dir='ltr'><strong>naturarum</strong></span> <span class='ocrx_word' id='word_1_283' title='bbox 1159 4159 1590 4217; x_wconf 86' lang='lat' dir='ltr'><strong>conventionem</strong></span> <span class='ocrx_word' id='word_1_284' title='bbox 1620 4163 1720 4218; x_wconf 89' lang='lat' dir='ltr'><strong>Dei</strong></span> <span class='ocrx_word' id='word_1_285' title='bbox 1743 4163 1912 4220; x_wconf 85' lang='lat' dir='ltr'><strong>Verbi</strong></span> <span class='ocrx_word' id='word_1_286' title='bbox 1936 4174 1996 4222; x_wconf 88' lang='lat' dir='ltr'><strong>et</strong></span> 
     </span>
    </p>
   </div>
   <div class='ocr_carea' id='block_1_45' title="bbox 402 4242 1991 4322">
    <p class='ocr_par' dir='ltr' id='par_1_45' title="bbox 402 4242 1991 4322">
     <span class='ocr_line' id='line_1_45' title="bbox 402 4242 1991 4322; baseline 0.009 -27"><span class='ocrx_word' id='word_1_287' title='bbox 402 4242 596 4299; x_wconf 64' lang='lat' dir='ltr'><strong>rearnis</strong></span> <span class='ocrx_word' id='word_1_288' title='bbox 640 4243 906 4314; x_wconf 80' lang='lat' dir='ltr'><strong>fatentes,</strong></span> <span class='ocrx_word' id='word_1_289' title='bbox 962 4264 1076 4303; x_wconf 91' lang='lat' dir='ltr'><strong>non</strong></span> <span class='ocrx_word' id='word_1_290' title='bbox 1127 4249 1544 4316; x_wconf 89' lang='lat' dir='ltr'><strong>confundimus,</strong></span> <span class='ocrx_word' id='word_1_291' title='bbox 1592 4251 1690 4307; x_wconf 90' lang='lat' dir='ltr'><strong>sed</strong></span> <span class='ocrx_word' id='word_1_292' title='bbox 1743 4253 1991 4322; x_wconf 90' lang='lat' dir='ltr'><strong>unimus,</strong></span> 
     </span>
    </p>
   </div>
   <div class='ocr_carea' id='block_1_46' title="bbox 402 4332 1993 4414">
    <p class='ocr_par' dir='ltr' id='par_1_46' title="bbox 402 4332 1993 4414">
     <span class='ocr_line' id='line_1_46' title="bbox 402 4332 1993 4414; baseline 0.008 -28"><span class='ocrx_word' id='word_1_293' title='bbox 402 4332 541 4401; x_wconf 80' lang='lat' dir='ltr'><strong>quia</strong></span> <span class='ocrx_word' id='word_1_294' title='bbox 588 4350 701 4391; x_wconf 88' lang='lat' dir='ltr'><strong>non</strong></span> <span class='ocrx_word' id='word_1_295' title='bbox 745 4335 804 4390; x_wconf 91' lang='lat' dir='ltr'><strong>in</strong></span> <span class='ocrx_word' id='word_1_296' title='bbox 854 4352 1080 4414; x_wconf 79' lang='lat' dir='ltr'><strong>carnem</strong></span> <span class='ocrx_word' id='word_1_297' title='bbox 1122 4352 1371 4405; x_wconf 89' lang='lat' dir='ltr'><strong>versum,</strong></span> <span class='ocrx_word' id='word_1_298' title='bbox 1421 4338 1521 4395; x_wconf 88' lang='lat' dir='ltr'><strong>sed</strong></span> <span class='ocrx_word' id='word_1_299' title='bbox 1564 4341 1719 4396; x_wconf 88' lang='lat' dir='ltr'><strong>carni</strong></span> <span class='ocrx_word' id='word_1_300' title='bbox 1750 4340 1993 4409; x_wconf 88' lang='lat' dir='ltr'><strong>unitum,</strong></span> 
     </span>
    </p>
   </div>
   <div class='ocr_carea' id='block_1_47' title="bbox 403 4421 1337 4495">
    <p class='ocr_par' dir='ltr' id='par_1_47' title="bbox 403 4421 1337 4495">
     <span class='ocr_line' id='line_1_47' title="bbox 403 4421 1337 4495; baseline 0.006 -20"><span class='ocrx_word' id='word_1_301' title='bbox 403 4421 617 4478; x_wconf 76' lang='lat' dir='ltr'><strong>factum</strong></span> <span class='ocrx_word' id='word_1_302' title='bbox 641 4424 926 4480; x_wconf 89' lang='lat' dir='ltr'><strong>hominem</strong></span> <span class='ocrx_word' id='word_1_303' title='bbox 948 4424 1337 4495; x_wconf 58' lang='lat' dir='ltr'><strong>praedicamus.</strong></span> 
     </span>
    </p>
   </div>
   <div class='ocr_carea' id='block_1_48' title="bbox 2082 579 3674 655">
    <p class='ocr_par' dir='ltr' id='par_1_48' title="bbox 2082 579 3674 655">
     <span class='ocr_line' id='line_1_48' title="bbox 2082 579 3674 655; baseline 0.003 -16"><span class='ocrx_word' id='word_1_304' title='bbox 2082 583 2284 654; x_wconf 89' lang='lat' dir='ltr'><strong>Sicque</strong></span> <span class='ocrx_word' id='word_1_305' title='bbox 2314 583 2427 654; x_wconf 86' lang='lat' dir='ltr'><strong>jam</strong></span> <span class='ocrx_word' id='word_1_306' title='bbox 2482 596 2597 636; x_wconf 91' lang='lat' dir='ltr'><strong>non</strong></span> <span class='ocrx_word' id='word_1_307' title='bbox 2640 579 2898 636; x_wconf 85' lang='lat' dir='ltr'><strong>Christus</strong></span> <span class='ocrx_word' id='word_1_308' title='bbox 2953 579 3135 636; x_wconf 90' lang='lat' dir='ltr'><strong>factus</strong></span> <span class='ocrx_word' id='word_1_309' title='bbox 3195 582 3454 639; x_wconf 88' lang='lat' dir='ltr'><strong>creditur</strong></span> <span class='ocrx_word' id='word_1_310' title='bbox 3500 586 3674 655; x_wconf 87' lang='lat' dir='ltr'><strong>Deus,</strong></span> 
     </span>
    </p>
   </div>
   <div class='ocr_carea' id='block_1_49' title="bbox 2080 669 3677 744">
    <p class='ocr_par' dir='ltr' id='par_1_49' title="bbox 2080 669 3677 744">
     <span class='ocr_line' id='line_1_49' title="bbox 2080 669 3677 744; baseline 0.004 -16"><span class='ocrx_word' id='word_1_311' title='bbox 2080 673 2176 729; x_wconf 85' lang='lat' dir='ltr'><strong>sed</strong></span> <span class='ocrx_word' id='word_1_312' title='bbox 2209 673 2358 729; x_wconf 85' lang='lat' dir='ltr'><strong>Deus</strong></span> <span class='ocrx_word' id='word_1_313' title='bbox 2387 673 2542 744; x_wconf 81' lang='lat' dir='ltr'><strong>juxta</strong></span> <span class='ocrx_word' id='word_1_314' title='bbox 2572 686 2672 727; x_wconf 90' lang='lat' dir='ltr'><strong>vos</strong></span> <span class='ocrx_word' id='word_1_315' title='bbox 2694 671 2876 726; x_wconf 86' lang='lat' dir='ltr'><strong>factus</strong></span> <span class='ocrx_word' id='word_1_316' title='bbox 2916 669 3254 742; x_wconf 80' lang='lat' dir='ltr'><strong>intelligitur</strong></span> <span class='ocrx_word' id='word_1_317' title='bbox 3295 671 3580 741; x_wconf 88' lang='lat' dir='ltr'><strong>Christus,</strong></span> <span class='ocrx_word' id='word_1_318' title='bbox 3617 685 3677 734; x_wconf 86' lang='lat' dir='ltr'><strong>et</strong></span> 
     </span>
    </p>
   </div>
   <div class='ocr_carea' id='block_1_50' title="bbox 2079 763 3678 835">
    <p class='ocr_par' dir='ltr' id='par_1_50' title="bbox 2079 763 3678 835">
     <span class='ocr_line' id='line_1_50' title="bbox 2079 763 3678 835; baseline 0.004 -16"><span class='ocrx_word' id='word_1_319' title='bbox 2079 765 2429 821; x_wconf 87' lang='lat' dir='ltr'><strong>mentiuntur</strong></span> <span class='ocrx_word' id='word_1_320' title='bbox 2462 763 2725 834; x_wconf 86' lang='lat' dir='ltr'><strong>discipuli</strong></span> <span class='ocrx_word' id='word_1_321' title='bbox 2754 764 2812 818; x_wconf 91' lang='lat' dir='ltr'><strong>in</strong></span> <span class='ocrx_word' id='word_1_322' title='bbox 2840 763 3077 819; x_wconf 87' lang='lat' dir='ltr'><strong>Actibus</strong></span> <span class='ocrx_word' id='word_1_323' title='bbox 3124 766 3532 835; x_wconf 86' lang='lat' dir='ltr'><strong>apostolorum,</strong></span> <span class='ocrx_word' id='word_1_324' title='bbox 3558 784 3678 826; x_wconf 82' lang='lat' dir='ltr'><strong>non</strong></span> 
     </span>
    </p>
   </div>
   <div class='ocr_carea' id='block_1_51' title="bbox 2080 854 3677 926">
    <p class='ocr_par' dir='ltr' id='par_1_51' title="bbox 2080 854 3677 926">
     <span class='ocr_line' id='line_1_51' title="bbox 2080 854 3677 926; baseline 0.004 -16"><span class='ocrx_word' id='word_1_325' title='bbox 2080 854 2281 921; x_wconf 88' lang='lat' dir='ltr'><strong>Deum,</strong></span> <span class='ocrx_word' id='word_1_326' title='bbox 2338 854 2435 911; x_wconf 87' lang='lat' dir='ltr'><strong>sed</strong></span> <span class='ocrx_word' id='word_1_327' title='bbox 2477 868 2714 926; x_wconf 77' lang='lat' dir='ltr'><strong>puerum</strong></span> <span class='ocrx_word' id='word_1_328' title='bbox 2771 854 2963 910; x_wconf 80' lang='lat' dir='ltr'><strong>Jesum</strong></span> <span class='ocrx_word' id='word_1_329' title='bbox 3016 863 3247 910; x_wconf 88' lang='lat' dir='ltr'><strong>unctum</strong></span> <span class='ocrx_word' id='word_1_330' title='bbox 3311 858 3677 917; x_wconf 85' lang='lat' dir='ltr'><strong>testiﬁcantes</strong></span> 
     </span>
    </p>
   </div>
   <div class='ocr_carea' id='block_1_52' title="bbox 2082 943 3680 1016">
    <p class='ocr_par' dir='ltr' id='par_1_52' title="bbox 2082 943 3680 1016">
     <span class='ocr_line' id='line_1_52' title="bbox 2082 943 3680 1016; baseline 0.003 -16"><span class='ocrx_word' id='word_1_331' title='bbox 2082 955 2250 1016; x_wconf 89' lang='lat' dir='ltr'><strong>atque</strong></span> <span class='ocrx_word' id='word_1_332' title='bbox 2282 946 2568 1002; x_wconf 85' lang='lat' dir='ltr'><strong>dicentes:</strong></span> <span class='ocrx_word' id='word_1_333' title='bbox 2594 943 2966 1001; x_wconf 81' lang='lat' dir='ltr'><strong>Convenerunt</strong></span> <span class='ocrx_word' id='word_1_334' title='bbox 3014 945 3161 999; x_wconf 76' lang='lat' dir='ltr'><strong>enim</strong></span> <span class='ocrx_word' id='word_1_335' title='bbox 3211 962 3334 1001; x_wconf 79' lang='lat' dir='ltr'><strong>uere</strong></span> <span class='ocrx_word' id='word_1_336' title='bbox 3371 948 3427 1002; x_wconf 82' lang='lat' dir='ltr'><strong>in</strong></span> <span class='ocrx_word' id='word_1_337' title='bbox 3461 951 3680 1005; x_wconf 74' lang='lat' dir='ltr'><strong>ciuitate</strong></span> 
     </span>
    </p>
   </div>
   <div class='ocr_carea' id='block_1_53' title="bbox 2083 1036 3678 1114">
    <p class='ocr_par' dir='ltr' id='par_1_53' title="bbox 2083 1036 3678 1114">
     <span class='ocr_line' id='line_1_53' title="bbox 2083 1036 3678 1114; baseline 0.002 -20"><span class='ocrx_word' id='word_1_338' title='bbox 2083 1039 2189 1094; x_wconf 88' lang='lat' dir='ltr'><strong>ista</strong></span> <span class='ocrx_word' id='word_1_339' title='bbox 2210 1039 2491 1093; x_wconf 75' lang='lat' dir='ltr'><strong>aduersum</strong></span> <span class='ocrx_word' id='word_1_340' title='bbox 2516 1042 2763 1093; x_wconf 78' lang='lat' dir='ltr'><strong>sanctum</strong></span> <span class='ocrx_word' id='word_1_341' title='bbox 2820 1048 3050 1107; x_wconf 75' lang='lat' dir='ltr'><strong>puerum</strong></span> <span class='ocrx_word' id='word_1_342' title='bbox 3101 1045 3254 1092; x_wconf 83' lang='lat' dir='ltr'><strong>tuum</strong></span> <span class='ocrx_word' id='word_1_343' title='bbox 3283 1036 3493 1106; x_wconf 78' lang='lat' dir='ltr'><strong>Iesum,</strong></span> <span class='ocrx_word' id='word_1_344' title='bbox 3521 1058 3678 1114; x_wconf 81' lang='lat' dir='ltr'><strong>quem</strong></span> 
     </span>
    </p>
   </div>
   <div class='ocr_carea' id='block_1_54' title="bbox 2081 1126 3245 1196">
    <p class='ocr_par' dir='ltr' id='par_1_54' title="bbox 2081 1126 3245 1196">
     <span class='ocr_line' id='line_1_54' title="bbox 2081 1126 3245 1196; baseline 0 -12"><span class='ocrx_word' id='word_1_345' title='bbox 2081 1131 2303 1196; x_wconf 64' lang='lat' dir='ltr'><strong>tinxisti,</strong></span> <span class='ocrx_word' id='word_1_346' title='bbox 2336 1129 2571 1184; x_wconf 85' lang='lat' dir='ltr'><strong>Herodes</strong></span> <span class='ocrx_word' id='word_1_347' title='bbox 2616 1138 2668 1183; x_wconf 88' lang='lat' dir='ltr'><strong>et</strong></span> <span class='ocrx_word' id='word_1_348' title='bbox 2696 1127 2915 1183; x_wconf 84' lang='lat' dir='ltr'><strong>Pontius</strong></span> <span class='ocrx_word' id='word_1_349' title='bbox 2936 1126 3146 1183; x_wconf 75' lang='lat' dir='ltr'><strong>Pilatus</strong></span> <span class='ocrx_word' id='word_1_350' title='bbox 3175 1130 3245 1184; x_wconf 81' lang='lat'><strong>“.</strong></span> 
     </span>
    </p>
   </div>
   <div class='ocr_carea' id='block_1_55' title="bbox 2153 1264 3680 1336">
    <p class='ocr_par' dir='ltr' id='par_1_55' title="bbox 2153 1264 3680 1336">
     <span class='ocr_line' id='line_1_55' title="bbox 2153 1264 3680 1336; baseline 0 -13"><span class='ocrx_word' id='word_1_351' title='bbox 2153 1267 2215 1324; x_wconf 91' lang='lat' dir='ltr'><strong>C.</strong></span> <span class='ocrx_word' id='word_1_352' title='bbox 2247 1265 2370 1323; x_wconf 90' lang='lat' dir='ltr'><strong>Non</strong></span> <span class='ocrx_word' id='word_1_353' title='bbox 2422 1264 2821 1323; x_wconf 84' lang='lat' dir='ltr'><strong>confundimus</strong></span> <span class='ocrx_word' id='word_1_354' title='bbox 2867 1271 3196 1321; x_wconf 86' lang='lat' dir='ltr'><strong>naturarum</strong></span> <span class='ocrx_word' id='word_1_355' title='bbox 3254 1266 3680 1336; x_wconf 83' lang='lat' dir='ltr'><strong>diversitatem,</strong></span> 
     </span>
    </p>
   </div>
   <div class='ocr_carea' id='block_1_56' title="bbox 2084 1356 3681 1432">
    <p class='ocr_par' dir='ltr' id='par_1_56' title="bbox 2084 1356 3681 1432">
     <span class='ocr_line' id='line_1_56' title="bbox 2084 1356 3681 1432; baseline 0.001 -15"><span class='ocrx_word' id='word_1_356' title='bbox 2084 1361 2229 1417; x_wconf 88' lang='lat' dir='ltr'><strong>sicut</strong></span> <span class='ocrx_word' id='word_1_357' title='bbox 2258 1361 2518 1432; x_wconf 88' lang='lat' dir='ltr'><strong>superius</strong></span> <span class='ocrx_word' id='word_1_358' title='bbox 2544 1359 2645 1416; x_wconf 88' lang='lat' dir='ltr'><strong>tibi</strong></span> <span class='ocrx_word' id='word_1_359' title='bbox 2680 1375 3012 1429; x_wconf 90' lang='lat' dir='ltr'><strong>responsum</strong></span> <span class='ocrx_word' id='word_1_360' title='bbox 3043 1356 3153 1416; x_wconf 55' lang='lat' dir='ltr'><strong>est:</strong></span> <span class='ocrx_word' id='word_1_361' title='bbox 3208 1362 3352 1429; x_wconf 86' lang='lat' dir='ltr'><strong>Quia</strong></span> <span class='ocrx_word' id='word_1_362' title='bbox 3382 1378 3489 1418; x_wconf 91' lang='lat' dir='ltr'><strong>nec</strong></span> <span class='ocrx_word' id='word_1_363' title='bbox 3525 1363 3681 1419; x_wconf 89' lang='lat' dir='ltr'><strong>divi-</strong></span> 
     </span>
    </p>
   </div>
   <div class='ocr_carea' id='block_1_57' title="bbox 2084 1448 3683 1507">
    <p class='ocr_par' dir='ltr' id='par_1_57' title="bbox 2084 1448 3683 1507">
     <span class='ocr_line' id='line_1_57' title="bbox 2084 1448 3683 1507; baseline -0.001 0"><span class='ocrx_word' id='word_1_364' title='bbox 2084 1450 2316 1507; x_wconf 89' lang='lat' dir='ltr'><strong>nitatem</strong></span> <span class='ocrx_word' id='word_1_365' title='bbox 2344 1448 2515 1506; x_wconf 80' lang='lat' dir='ltr'><strong>Verbi</strong></span> <span class='ocrx_word' id='word_1_366' title='bbox 2578 1448 2665 1503; x_wconf 78' lang='lat' dir='ltr'><strong>in&#39;</strong></span> <span class='ocrx_word' id='word_1_367' title='bbox 2706 1457 2963 1504; x_wconf 90' lang='lat' dir='ltr'><strong>naturam</strong></span> <span class='ocrx_word' id='word_1_368' title='bbox 3006 1448 3290 1504; x_wconf 87' lang='lat' dir='ltr'><strong>credimus</strong></span> <span class='ocrx_word' id='word_1_369' title='bbox 3350 1464 3683 1506; x_wconf 85' lang='lat' dir='ltr'><strong>conversam</strong></span> 
     </span>
    </p>
   </div>
   <div class='ocr_carea' id='block_1_58' title="bbox 2085 1538 3689 1608">
    <p class='ocr_par' dir='ltr' id='par_1_58' title="bbox 2085 1538 3689 1608">
     <span class='ocr_line' id='line_1_58' title="bbox 2085 1538 3689 1608; baseline -0.002 -8"><span class='ocrx_word' id='word_1_370' title='bbox 2085 1544 2407 1608; x_wconf 90' lang='lat' dir='ltr'><strong>humanam,</strong></span> <span class='ocrx_word' id='word_1_371' title='bbox 2431 1557 2536 1597; x_wconf 90' lang='lat' dir='ltr'><strong>nec</strong></span> <span class='ocrx_word' id='word_1_372' title='bbox 2562 1557 2759 1598; x_wconf 88' lang='lat' dir='ltr'><strong>rursus</strong></span> <span class='ocrx_word' id='word_1_373' title='bbox 2784 1538 3086 1596; x_wconf 87' lang='lat' dir='ltr'><strong>humanam</strong></span> <span class='ocrx_word' id='word_1_374' title='bbox 3118 1541 3175 1596; x_wconf 91' lang='lat' dir='ltr'><strong>in</strong></span> <span class='ocrx_word' id='word_1_375' title='bbox 3221 1541 3531 1598; x_wconf 90' lang='lat' dir='ltr'><strong>divinitatis</strong></span> <span class='ocrx_word' id='word_1_376' title='bbox 3562 1558 3689 1597; x_wconf 88' lang='lat' dir='ltr'><strong>mu-</strong></span> 
     </span>
    </p>
   </div>
   <div class='ocr_carea' id='block_1_59' title="bbox 2085 1633 3687 1704">
    <p class='ocr_par' dir='ltr' id='par_1_59' title="bbox 2085 1633 3687 1704">
     <span class='ocr_line' id='line_1_59' title="bbox 2085 1633 3687 1704; baseline -0.001 -13"><span class='ocrx_word' id='word_1_377' title='bbox 2085 1642 2257 1691; x_wconf 90' lang='lat' dir='ltr'><strong>tatam</strong></span> <span class='ocrx_word' id='word_1_378' title='bbox 2288 1634 2588 1690; x_wconf 87' lang='lat' dir='ltr'><strong>essentiam</strong></span> <span class='ocrx_word' id='word_1_379' title='bbox 2640 1633 3033 1704; x_wconf 69' lang='lat' dir='ltr'><strong>praedicamus,</strong></span> <span class='ocrx_word' id='word_1_380' title='bbox 3074 1644 3462 1693; x_wconf 86' lang='lat' dir='ltr'><strong>verumtamen</strong></span> <span class='ocrx_word' id='word_1_381' title='bbox 3510 1634 3687 1690; x_wconf 88' lang='lat' dir='ltr'><strong>Chri-</strong></span> 
     </span>
    </p>
   </div>
   <div class='ocr_carea' id='block_1_60' title="bbox 2086 1722 3686 1791">
    <p class='ocr_par' dir='ltr' id='par_1_60' title="bbox 2086 1722 3686 1791">
     <span class='ocr_line' id='line_1_60' title="bbox 2086 1722 3686 1791; baseline -0.002 -10"><span class='ocrx_word' id='word_1_382' title='bbox 2086 1734 2233 1781; x_wconf 92' lang='lat' dir='ltr'><strong>stum</strong></span> <span class='ocrx_word' id='word_1_383' title='bbox 2255 1730 2471 1789; x_wconf 89' lang='lat' dir='ltr'><strong>non,ut</strong></span> <span class='ocrx_word' id='word_1_384' title='bbox 2502 1730 2560 1778; x_wconf 90' lang='lat' dir='ltr'><strong>tu</strong></span> <span class='ocrx_word' id='word_1_385' title='bbox 2595 1723 2822 1790; x_wconf 90' lang='lat' dir='ltr'><strong>asseris,</strong></span> <span class='ocrx_word' id='word_1_386' title='bbox 2869 1723 3042 1779; x_wconf 89' lang='lat' dir='ltr'><strong>Deum</strong></span> <span class='ocrx_word' id='word_1_387' title='bbox 3075 1722 3307 1791; x_wconf 85' lang='lat' dir='ltr'><strong>factum,</strong></span> <span class='ocrx_word' id='word_1_388' title='bbox 3355 1723 3451 1779; x_wconf 89' lang='lat' dir='ltr'><strong>sed</strong></span> <span class='ocrx_word' id='word_1_389' title='bbox 3496 1724 3686 1779; x_wconf 88' lang='lat' dir='ltr'><strong>Deum</strong></span> 
     </span>
    </p>
   </div>
   <div class='ocr_carea' id='block_1_61' title="bbox 2015 1812 3683 1896">
    <p class='ocr_par' dir='ltr' id='par_1_61' title="bbox 2015 1812 3683 1896">
     <span class='ocr_line' id='line_1_61' title="bbox 2015 1812 3683 1896; baseline -0.002 -23"><span class='ocrx_word' id='word_1_390' title='bbox 2015 1838 2059 1896; x_wconf 70' lang='grc' dir='ltr'><strong>Β</strong></span> <span class='ocrx_word' id='word_1_391' title='bbox 2086 1814 2295 1873; x_wconf 88' lang='lat' dir='ltr'><strong>factum</strong></span> <span class='ocrx_word' id='word_1_392' title='bbox 2321 1814 2610 1872; x_wconf 80' lang='lat' dir='ltr'><strong>Christum</strong></span> <span class='ocrx_word' id='word_1_393' title='bbox 2653 1813 2825 1887; x_wconf 91' lang='lat' dir='ltr'><strong>(quod</strong></span> <span class='ocrx_word' id='word_1_394' title='bbox 2856 1812 2959 1869; x_wconf 89' lang='lat' dir='ltr'><strong>tibi</strong></span> <span class='ocrx_word' id='word_1_395' title='bbox 2986 1812 3271 1884; x_wconf 85' lang='lat' dir='ltr'><strong>displicet)</strong></span> <span class='ocrx_word' id='word_1_396' title='bbox 3315 1815 3683 1871; x_wconf 88' lang='lat' dir='ltr'><strong>conﬁtemur.</strong></span> 
     </span>
    </p>
   </div>
   <div class='ocr_carea' id='block_1_62' title="bbox 2088 1905 3690 1978">
    <p class='ocr_par' dir='ltr' id='par_1_62' title="bbox 2088 1905 3690 1978">
     <span class='ocr_line' id='line_1_62' title="bbox 2088 1905 3690 1978; baseline 0 -16"><span class='ocrx_word' id='word_1_397' title='bbox 2088 1907 2230 1975; x_wconf 83' lang='lat' dir='ltr'><strong>Quia</strong></span> <span class='ocrx_word' id='word_1_398' title='bbox 2258 1922 2373 1962; x_wconf 92' lang='lat' dir='ltr'><strong>non</strong></span> <span class='ocrx_word' id='word_1_399' title='bbox 2407 1922 2534 1963; x_wconf 90' lang='lat' dir='ltr'><strong>cum</strong></span> <span class='ocrx_word' id='word_1_400' title='bbox 2576 1922 2789 1978; x_wconf 89' lang='lat' dir='ltr'><strong>pauper</strong></span> <span class='ocrx_word' id='word_1_401' title='bbox 2806 1915 2977 1971; x_wconf 89' lang='lat' dir='ltr'><strong>esset,</strong></span> <span class='ocrx_word' id='word_1_402' title='bbox 3038 1906 3198 1961; x_wconf 90' lang='lat' dir='ltr'><strong>dives</strong></span> <span class='ocrx_word' id='word_1_403' title='bbox 3223 1905 3405 1962; x_wconf 86' lang='lat' dir='ltr'><strong>factus</strong></span> <span class='ocrx_word' id='word_1_404' title='bbox 3437 1915 3542 1971; x_wconf 88' lang='lat' dir='ltr'><strong>est,</strong></span> <span class='ocrx_word' id='word_1_405' title='bbox 3579 1908 3690 1963; x_wconf 88' lang='lat' dir='ltr'><strong>sed</strong></span> 
     </span>
    </p>
   </div>
   <div class='ocr_carea' id='block_1_63' title="bbox 2089 1997 3693 2069">
    <p class='ocr_par' dir='ltr' id='par_1_63' title="bbox 2089 1997 3693 2069">
     <span class='ocr_line' id='line_1_63' title="bbox 2089 1997 3693 2069; baseline 0.001 -15"><span class='ocrx_word' id='word_1_406' title='bbox 2089 2014 2215 2054; x_wconf 87' lang='lat' dir='ltr'><strong>cum</strong></span> <span class='ocrx_word' id='word_1_407' title='bbox 2238 1998 2394 2055; x_wconf 87' lang='lat' dir='ltr'><strong>dives</strong></span> <span class='ocrx_word' id='word_1_408' title='bbox 2426 2004 2596 2062; x_wconf 86' lang='lat' dir='ltr'><strong>esset,</strong></span> <span class='ocrx_word' id='word_1_409' title='bbox 2634 2013 2847 2069; x_wconf 88' lang='lat' dir='ltr'><strong>pauper</strong></span> <span class='ocrx_word' id='word_1_410' title='bbox 2873 1997 3056 2053; x_wconf 82' lang='lat' dir='ltr'><strong>factus</strong></span> <span class='ocrx_word' id='word_1_411' title='bbox 3102 2004 3210 2063; x_wconf 89' lang='lat' dir='ltr'><strong>est,</strong></span> <span class='ocrx_word' id='word_1_412' title='bbox 3245 2007 3307 2054; x_wconf 93' lang='lat' dir='ltr'><strong>ut</strong></span> <span class='ocrx_word' id='word_1_413' title='bbox 3343 2014 3445 2052; x_wconf 92' lang='lat' dir='ltr'><strong>nos</strong></span> <span class='ocrx_word' id='word_1_414' title='bbox 3479 1999 3693 2055; x_wconf 84' lang='lat' dir='ltr'><strong>divites</strong></span> 
     </span>
    </p>
   </div>
   <div class='ocr_carea' id='block_1_64' title="bbox 2087 2087 3691 2156">
    <p class='ocr_par' dir='ltr' id='par_1_64' title="bbox 2087 2087 3691 2156">
     <span class='ocr_line' id='line_1_64' title="bbox 2087 2087 3691 2156; baseline 0.002 -13"><span class='ocrx_word' id='word_1_415' title='bbox 2087 2087 2299 2145; x_wconf 88' lang='lat' dir='ltr'><strong>faceret</strong></span> <span class='ocrx_word' id='word_1_416' title='bbox 2325 2090 2395 2146; x_wconf 71' lang='grc' dir='ltr'><strong>θ’.</strong></span> <span class='ocrx_word' id='word_1_417' title='bbox 2426 2089 2542 2145; x_wconf 90' lang='lat' dir='ltr'><strong>Nec</strong></span> <span class='ocrx_word' id='word_1_418' title='bbox 2565 2089 2714 2145; x_wconf 89' lang='lat' dir='ltr'><strong>enim</strong></span> <span class='ocrx_word' id='word_1_419' title='bbox 2739 2104 2866 2145; x_wconf 89' lang='lat' dir='ltr'><strong>cum</strong></span> <span class='ocrx_word' id='word_1_420' title='bbox 2899 2097 3048 2145; x_wconf 90' lang='lat' dir='ltr'><strong>esset</strong></span> <span class='ocrx_word' id='word_1_421' title='bbox 3071 2089 3128 2144; x_wconf 90' lang='lat' dir='ltr'><strong>in</strong></span> <span class='ocrx_word' id='word_1_422' title='bbox 3159 2089 3338 2145; x_wconf 85' lang='lat' dir='ltr'><strong>forma</strong></span> <span class='ocrx_word' id='word_1_423' title='bbox 3366 2091 3532 2156; x_wconf 85' lang='lat' dir='ltr'><strong>servi,</strong></span> <span class='ocrx_word' id='word_1_424' title='bbox 3564 2091 3691 2147; x_wconf 85' lang='lat' dir='ltr'><strong>for-</strong></span> 
     </span>
    </p>
   </div>
   <div class='ocr_carea' id='block_1_65' title="bbox 2089 2176 3693 2249">
    <p class='ocr_par' dir='ltr' id='par_1_65' title="bbox 2089 2176 3693 2249">
     <span class='ocr_line' id='line_1_65' title="bbox 2089 2176 3693 2249; baseline 0.002 -16"><span class='ocrx_word' id='word_1_425' title='bbox 2089 2193 2235 2233; x_wconf 90' lang='lat' dir='ltr'><strong>mam</strong></span> <span class='ocrx_word' id='word_1_426' title='bbox 2264 2178 2365 2234; x_wconf 91' lang='lat' dir='ltr'><strong>Dei</strong></span> <span class='ocrx_word' id='word_1_427' title='bbox 2398 2179 2632 2249; x_wconf 88' lang='lat' dir='ltr'><strong>accepit,</strong></span> <span class='ocrx_word' id='word_1_428' title='bbox 2660 2176 2760 2233; x_wconf 89' lang='lat' dir='ltr'><strong>sed</strong></span> <span class='ocrx_word' id='word_1_429' title='bbox 2790 2193 2917 2233; x_wconf 90' lang='lat' dir='ltr'><strong>cum</strong></span> <span class='ocrx_word' id='word_1_430' title='bbox 2951 2187 3098 2234; x_wconf 90' lang='lat' dir='ltr'><strong>esset</strong></span> <span class='ocrx_word' id='word_1_431' title='bbox 3126 2178 3183 2233; x_wconf 92' lang='lat' dir='ltr'><strong>in</strong></span> <span class='ocrx_word' id='word_1_432' title='bbox 3200 2176 3377 2234; x_wconf 84' lang='lat' dir='ltr'><strong>forma</strong></span> <span class='ocrx_word' id='word_1_433' title='bbox 3406 2177 3528 2245; x_wconf 88' lang='lat' dir='ltr'><strong>Dei,</strong></span> <span class='ocrx_word' id='word_1_434' title='bbox 3562 2178 3693 2236; x_wconf 87' lang='lat' dir='ltr'><strong>for-</strong></span> 
     </span>
    </p>
   </div>
   <div class='ocr_carea' id='block_1_66' title="bbox 2090 2258 3694 2341">
    <p class='ocr_par' dir='ltr' id='par_1_66' title="bbox 2090 2258 3694 2341">
     <span class='ocr_line' id='line_1_66' title="bbox 2090 2258 3694 2341; baseline -0.001 -14"><span class='ocrx_word' id='word_1_435' title='bbox 2090 2286 2236 2327; x_wconf 87' lang='lat' dir='ltr'><strong>mam</strong></span> <span class='ocrx_word' id='word_1_436' title='bbox 2258 2258 2405 2327; x_wconf 74' lang='lat' dir='ltr'><strong>servi</strong></span> <span class='ocrx_word' id='word_1_437' title='bbox 2428 2268 2643 2341; x_wconf 86' lang='lat' dir='ltr'><strong>accepit</strong></span> <span class='ocrx_word' id='word_1_438' title='bbox 2663 2268 2730 2325; x_wconf 79' lang='grc'><strong>⁸³.</strong></span> <span class='ocrx_word' id='word_1_439' title='bbox 2746 2268 3020 2326; x_wconf 88' lang='lat' dir='ltr'><strong>Similiter</strong></span> <span class='ocrx_word' id='word_1_440' title='bbox 3046 2267 3217 2329; x_wconf 85' lang='lat' dir='ltr'><strong>etiam</strong></span> <span class='ocrx_word' id='word_1_441' title='bbox 3238 2285 3344 2326; x_wconf 89' lang='lat' dir='ltr'><strong>nec</strong></span> <span class='ocrx_word' id='word_1_442' title='bbox 3380 2266 3505 2325; x_wconf 84' lang='lat' dir='ltr'><strong>cum</strong></span> <span class='ocrx_word' id='word_1_443' title='bbox 3533 2279 3694 2327; x_wconf 87' lang='lat' dir='ltr'><strong>esset</strong></span> 
     </span>
    </p>
   </div>
   <div class='ocr_carea' id='block_1_67' title="bbox 2091 2358 3688 2430">
    <p class='ocr_par' dir='ltr' id='par_1_67' title="bbox 2091 2358 3688 2430">
     <span class='ocr_line' id='line_1_67' title="bbox 2091 2358 3688 2430; baseline 0 -10"><span class='ocrx_word' id='word_1_444' title='bbox 2091 2378 2244 2430; x_wconf 88' lang='lat' dir='ltr'><strong>caro,</strong></span> <span class='ocrx_word' id='word_1_445' title='bbox 2275 2363 2520 2422; x_wconf 89' lang='lat' dir='ltr'><strong>Verbum</strong></span> <span class='ocrx_word' id='word_1_446' title='bbox 2542 2362 2883 2428; x_wconf 88' lang='lat' dir='ltr'><strong>estfactum,</strong></span> <span class='ocrx_word' id='word_1_447' title='bbox 2920 2360 3020 2418; x_wconf 90' lang='lat' dir='ltr'><strong>sed</strong></span> <span class='ocrx_word' id='word_1_448' title='bbox 3067 2376 3197 2417; x_wconf 90' lang='lat' dir='ltr'><strong>cum</strong></span> <span class='ocrx_word' id='word_1_449' title='bbox 3235 2370 3385 2418; x_wconf 86' lang='lat' dir='ltr'><strong>esset</strong></span> <span class='ocrx_word' id='word_1_450' title='bbox 3410 2358 3688 2430; x_wconf 85' lang='lat' dir='ltr'><strong>Verbum,</strong></span> 
     </span>
    </p>
   </div>
   <div class='ocr_carea' id='block_1_68' title="bbox 2092 2445 3731 2522">
    <p class='ocr_par' dir='ltr' id='par_1_68' title="bbox 2092 2445 3731 2522">
     <span class='ocr_line' id='line_1_68' title="bbox 2092 2445 3731 2522; baseline 0 -10"><span class='ocrx_word' id='word_1_451' title='bbox 2092 2470 2223 2512; x_wconf 86' lang='lat' dir='ltr'><strong>caro</strong></span> <span class='ocrx_word' id='word_1_452' title='bbox 2409 2455 2617 2512; x_wconf 82' lang='lat' dir='ltr'><strong>factum</strong></span> <span class='ocrx_word' id='word_1_453' title='bbox 2650 2463 2739 2511; x_wconf 91' lang='lat' dir='ltr'><strong>est</strong></span> <span class='ocrx_word' id='word_1_454' title='bbox 2769 2456 2837 2510; x_wconf 75' lang='lat'><strong>“.</strong></span> <span class='ocrx_word' id='word_1_455' title='bbox 2863 2454 3022 2522; x_wconf 83' lang='lat' dir='ltr'><strong>Quod</strong></span> <span class='ocrx_word' id='word_1_456' title='bbox 3044 2462 3230 2512; x_wconf 89' lang='lat' dir='ltr'><strong>autem</strong></span> <span class='ocrx_word' id='word_1_457' title='bbox 3261 2453 3411 2510; x_wconf 89' lang='lat' dir='ltr'><strong>dicis</strong></span> <span class='ocrx_word' id='word_1_458' title='bbox 3437 2471 3451 2508; x_wconf 91' lang='lat'><strong>:</strong></span> <span class='ocrx_word' id='word_1_459' title='bbox 3485 2456 3542 2511; x_wconf 87' lang='lat' dir='ltr'><strong>Si</strong></span> <span class='ocrx_word' id='word_1_460' title='bbox 3577 2472 3692 2512; x_wconf 86' lang='lat' dir='ltr'><strong>na-</strong></span> <span class='ocrx_word' id='word_1_461' title='bbox 3720 2445 3731 2453; x_wconf 76' lang='grc'><strong>’</strong></span> 
     </span>
    </p>
   </div>
   <div class='ocr_carea' id='block_1_69' title="bbox 2088 2544 3695 2618">
    <p class='ocr_par' dir='ltr' id='par_1_69' title="bbox 2088 2544 3695 2618">
     <span class='ocr_line' id='line_1_69' title="bbox 2088 2544 3695 2618; baseline 0 -15"><span class='ocrx_word' id='word_1_462' title='bbox 2088 2554 2218 2603; x_wconf 89' lang='lat' dir='ltr'><strong>tura</strong></span> <span class='ocrx_word' id='word_1_463' title='bbox 2248 2554 2335 2603; x_wconf 89' lang='lat' dir='ltr'><strong>est</strong></span> <span class='ocrx_word' id='word_1_464' title='bbox 2365 2547 2515 2603; x_wconf 88' lang='lat' dir='ltr'><strong>Deus</strong></span> <span class='ocrx_word' id='word_1_465' title='bbox 2547 2562 2709 2617; x_wconf 87' lang='lat' dir='ltr'><strong>puer,</strong></span> <span class='ocrx_word' id='word_1_466' title='bbox 2751 2552 2917 2602; x_wconf 89' lang='lat' dir='ltr'><strong>natus</strong></span> <span class='ocrx_word' id='word_1_467' title='bbox 2946 2545 3016 2602; x_wconf 93' lang='lat' dir='ltr'><strong>de</strong></span> <span class='ocrx_word' id='word_1_468' title='bbox 3052 2545 3307 2618; x_wconf 84' lang='lat' dir='ltr'><strong>Virgine,</strong></span> <span class='ocrx_word' id='word_1_469' title='bbox 3350 2544 3552 2602; x_wconf 86' lang='lat' dir='ltr'><strong>fallunt</strong></span> <span class='ocrx_word' id='word_1_470' title='bbox 3599 2547 3695 2603; x_wconf 81' lang='lat' dir='ltr'><strong>di-</strong></span> 
     </span>
    </p>
   </div>
   <div class='ocr_carea' id='block_1_70' title="bbox 2091 2637 3689 2710">
    <p class='ocr_par' dir='ltr' id='par_1_70' title="bbox 2091 2637 3689 2710">
     <span class='ocr_line' id='line_1_70' title="bbox 2091 2637 3689 2710; baseline 0 -15"><span class='ocrx_word' id='word_1_471' title='bbox 2091 2639 2294 2710; x_wconf 89' lang='lat' dir='ltr'><strong>scipuli</strong></span> <span class='ocrx_word' id='word_1_472' title='bbox 2350 2640 2410 2694; x_wconf 91' lang='lat' dir='ltr'><strong>in</strong></span> <span class='ocrx_word' id='word_1_473' title='bbox 2464 2639 2697 2695; x_wconf 85' lang='lat' dir='ltr'><strong>Actibus</strong></span> <span class='ocrx_word' id='word_1_474' title='bbox 2720 2639 3125 2709; x_wconf 86' lang='lat' dir='ltr'><strong>apostolorum,</strong></span> <span class='ocrx_word' id='word_1_475' title='bbox 3171 2654 3286 2693; x_wconf 90' lang='lat' dir='ltr'><strong>non</strong></span> <span class='ocrx_word' id='word_1_476' title='bbox 3338 2637 3536 2704; x_wconf 87' lang='lat' dir='ltr'><strong>Deum,</strong></span> <span class='ocrx_word' id='word_1_477' title='bbox 3581 2638 3689 2695; x_wconf 84' lang='lat' dir='ltr'><strong>sed</strong></span> 
     </span>
    </p>
   </div>
   <div class='ocr_carea' id='block_1_71' title="bbox 2093 2724 3689 2803">
    <p class='ocr_par' dir='ltr' id='par_1_71' title="bbox 2093 2724 3689 2803">
     <span class='ocr_line' id='line_1_71' title="bbox 2093 2724 3689 2803; baseline -0.001 -16"><span class='ocrx_word' id='word_1_478' title='bbox 2093 2745 2333 2803; x_wconf 89' lang='lat' dir='ltr'><strong>puerum</strong></span> <span class='ocrx_word' id='word_1_479' title='bbox 2381 2729 2571 2786; x_wconf 88' lang='lat' dir='ltr'><strong>Jesum</strong></span> <span class='ocrx_word' id='word_1_480' title='bbox 2621 2737 2857 2786; x_wconf 92' lang='lat' dir='ltr'><strong>unctum</strong></span> <span class='ocrx_word' id='word_1_481' title='bbox 2907 2728 3285 2797; x_wconf 17' lang='lat' dir='ltr'><strong>testiﬁcantes,</strong></span> <span class='ocrx_word' id='word_1_482' title='bbox 3334 2726 3404 2784; x_wconf 73' lang='grc'><strong>⁸⁸.</strong></span> <span class='ocrx_word' id='word_1_483' title='bbox 3447 2728 3571 2786; x_wconf 84' lang='lat' dir='ltr'><strong>Non</strong></span> <span class='ocrx_word' id='word_1_484' title='bbox 3601 2724 3689 2785; x_wconf 90' lang='lat' dir='ltr'><strong>illi</strong></span> 
     </span>
    </p>
   </div>
   <div class='ocr_carea' id='block_1_72' title="bbox 2093 2816 3691 2891">
    <p class='ocr_par' dir='ltr' id='par_1_72' title="bbox 2093 2816 3691 2891">
     <span class='ocr_line' id='line_1_72' title="bbox 2093 2816 3691 2891; baseline -0.001 -16"><span class='ocrx_word' id='word_1_485' title='bbox 2093 2820 2314 2885; x_wconf 84' lang='lat' dir='ltr'><strong>fallunt,</strong></span> <span class='ocrx_word' id='word_1_486' title='bbox 2345 2818 2444 2876; x_wconf 90' lang='lat' dir='ltr'><strong>sed</strong></span> <span class='ocrx_word' id='word_1_487' title='bbox 2479 2826 2541 2875; x_wconf 87' lang='lat' dir='ltr'><strong>tu</strong></span> <span class='ocrx_word' id='word_1_488' title='bbox 2573 2818 2762 2891; x_wconf 91' lang='lat' dir='ltr'><strong>potius</strong></span> <span class='ocrx_word' id='word_1_489' title='bbox 2788 2816 3022 2883; x_wconf 84' lang='lat' dir='ltr'><strong>falleris,</strong></span> <span class='ocrx_word' id='word_1_490' title='bbox 3054 2817 3149 2889; x_wconf 90' lang='lat' dir='ltr'><strong>qui</strong></span> <span class='ocrx_word' id='word_1_491' title='bbox 3174 2816 3349 2873; x_wconf 89' lang='lat' dir='ltr'><strong>Deum</strong></span> <span class='ocrx_word' id='word_1_492' title='bbox 3371 2817 3691 2874; x_wconf 87' lang='lat' dir='ltr'><strong>secundum</strong></span> 
     </span>
    </p>
   </div>
   <div class='ocr_carea' id='block_1_73' title="bbox 2092 2906 3689 2980">
    <p class='ocr_par' dir='ltr' id='par_1_73' title="bbox 2092 2906 3689 2980">
     <span class='ocr_line' id='line_1_73' title="bbox 2092 2906 3689 2980; baseline -0.003 -13"><span class='ocrx_word' id='word_1_493' title='bbox 2092 2924 2319 2967; x_wconf 79' lang='lat' dir='ltr'><strong>carnem</strong></span> <span class='ocrx_word' id='word_1_494' title='bbox 2367 2918 2600 2967; x_wconf 86' lang='lat' dir='ltr'><strong>unctum</strong></span> <span class='ocrx_word' id='word_1_495' title='bbox 2630 2918 2746 2964; x_wconf 85' lang='lat' dir='ltr'><strong>non</strong></span> <span class='ocrx_word' id='word_1_496' title='bbox 2779 2907 3067 2980; x_wconf 88' lang='lat' dir='ltr'><strong>intelligis.</strong></span> <span class='ocrx_word' id='word_1_497' title='bbox 3131 2906 3270 2963; x_wconf 87' lang='lat' dir='ltr'><strong>Nam</strong></span> <span class='ocrx_word' id='word_1_498' title='bbox 3326 2908 3372 2964; x_wconf 91' lang='lat' dir='ltr'><strong>si</strong></span> <span class='ocrx_word' id='word_1_499' title='bbox 3404 2923 3519 2963; x_wconf 91' lang='lat' dir='ltr'><strong>non</strong></span> <span class='ocrx_word' id='word_1_500' title='bbox 3540 2910 3689 2963; x_wconf 79' lang='lat' dir='ltr'><strong>&#39;con-</strong></span> 
     </span>
    </p>
   </div>
   <div class='ocr_carea' id='block_1_74' title="bbox 2095 3001 3691 3072">
    <p class='ocr_par' dir='ltr' id='par_1_74' title="bbox 2095 3001 3691 3072">
     <span class='ocr_line' id='line_1_74' title="bbox 2095 3001 3691 3072; baseline -0.001 -13"><span class='ocrx_word' id='word_1_501' title='bbox 2095 3005 2287 3071; x_wconf 85' lang='lat' dir='ltr'><strong>trario,</strong></span> <span class='ocrx_word' id='word_1_502' title='bbox 2321 3002 2419 3060; x_wconf 89' lang='lat' dir='ltr'><strong>sed</strong></span> <span class='ocrx_word' id='word_1_503' title='bbox 2462 3016 2579 3058; x_wconf 93' lang='lat' dir='ltr'><strong>uno</strong></span> <span class='ocrx_word' id='word_1_504' title='bbox 2628 3002 2832 3072; x_wconf 85' lang='lat' dir='ltr'><strong>spiritu</strong></span> <span class='ocrx_word' id='word_1_505' title='bbox 2883 3001 3193 3071; x_wconf 89' lang='lat' dir='ltr'><strong>discipulos</strong></span> <span class='ocrx_word' id='word_1_506' title='bbox 3246 3010 3305 3057; x_wconf 90' lang='lat' dir='ltr'><strong>et</strong></span> <span class='ocrx_word' id='word_1_507' title='bbox 3356 3001 3691 3072; x_wconf 83' lang='lat' dir='ltr'><strong>prophetam</strong></span> 
     </span>
    </p>
   </div>
   <div class='ocr_carea' id='block_1_75' title="bbox 2095 3091 3691 3163">
    <p class='ocr_par' dir='ltr' id='par_1_75' title="bbox 2095 3091 3691 3163">
     <span class='ocr_line' id='line_1_75' title="bbox 2095 3091 3691 3163; baseline -0.001 -14"><span class='ocrx_word' id='word_1_508' title='bbox 2095 3092 2280 3149; x_wconf 90' lang='lat' dir='ltr'><strong>credis</strong></span> <span class='ocrx_word' id='word_1_509' title='bbox 2299 3093 2535 3157; x_wconf 91' lang='lat' dir='ltr'><strong>locutos,</strong></span> <span class='ocrx_word' id='word_1_510' title='bbox 2571 3092 2702 3147; x_wconf 89' lang='lat' dir='ltr'><strong>audi</strong></span> <span class='ocrx_word' id='word_1_511' title='bbox 2744 3092 3074 3163; x_wconf 88' lang='lat' dir='ltr'><strong>prophetam</strong></span> <span class='ocrx_word' id='word_1_512' title='bbox 3113 3091 3287 3146; x_wconf 89' lang='lat' dir='ltr'><strong>Deum</strong></span> <span class='ocrx_word' id='word_1_513' title='bbox 3309 3101 3538 3147; x_wconf 88' lang='lat' dir='ltr'><strong>unctum</strong></span> <span class='ocrx_word' id='word_1_514' title='bbox 3563 3107 3691 3147; x_wconf 80' lang='lat' dir='ltr'><strong>ma-</strong></span> 
     </span>
    </p>
   </div>
   <div class='ocr_carea' id='block_1_76' title="bbox 2020 3166 3685 3251">
    <p class='ocr_par' dir='ltr' id='par_1_76' title="bbox 2020 3166 3685 3251">
     <span class='ocr_line' id='line_1_76' title="bbox 2020 3166 3685 3251; baseline -0.004 -13"><span class='ocrx_word' id='word_1_515' title='bbox 2020 3166 2067 3231; x_wconf 72' lang='grc' dir='ltr'><strong>ο</strong></span> <span class='ocrx_word' id='word_1_516' title='bbox 2098 3182 2298 3240; x_wconf 82' lang='lat' dir='ltr'><strong>nifeste</strong></span> <span class='ocrx_word' id='word_1_517' title='bbox 2324 3183 2620 3238; x_wconf 86' lang='lat' dir='ltr'><strong>docentem</strong></span> <span class='ocrx_word' id='word_1_518' title='bbox 2647 3187 2815 3251; x_wconf 89' lang='lat' dir='ltr'><strong>atque</strong></span> <span class='ocrx_word' id='word_1_519' title='bbox 2843 3180 3153 3236; x_wconf 85' lang='lat' dir='ltr'><strong>dicentem:</strong></span> <span class='ocrx_word' id='word_1_520' title='bbox 3181 3177 3341 3234; x_wconf 84' lang='lat' dir='ltr'><strong>Sedes</strong></span> <span class='ocrx_word' id='word_1_521' title='bbox 3367 3187 3483 3243; x_wconf 89' lang='lat' dir='ltr'><strong>tua,</strong></span> <span class='ocrx_word' id='word_1_522' title='bbox 3524 3178 3685 3244; x_wconf 87' lang='lat' dir='ltr'><strong>Deus,</strong></span> 
     </span>
    </p>
   </div>
   <div class='ocr_carea' id='block_1_77' title="bbox 2095 3269 3687 3343">
    <p class='ocr_par' dir='ltr' id='par_1_77' title="bbox 2095 3269 3687 3343">
     <span class='ocr_line' id='line_1_77' title="bbox 2095 3269 3687 3343; baseline -0.005 -12"><span class='ocrx_word' id='word_1_523' title='bbox 2095 3277 2156 3331; x_wconf 89' lang='lat' dir='ltr'><strong>in</strong></span> <span class='ocrx_word' id='word_1_524' title='bbox 2177 3274 2433 3330; x_wconf 67' lang='lat' dir='ltr'><strong>saxulum</strong></span> <span class='ocrx_word' id='word_1_525' title='bbox 2447 3273 2651 3338; x_wconf 66' lang='lat' dir='ltr'><strong>saeculi,</strong></span> <span class='ocrx_word' id='word_1_526' title='bbox 2681 3273 2832 3343; x_wconf 81' lang='lat' dir='ltr'><strong>virga</strong></span> <span class='ocrx_word' id='word_1_527' title='bbox 2862 3271 3152 3343; x_wconf 72' lang='lat' dir='ltr'><strong>wquitatis,</strong></span> <span class='ocrx_word' id='word_1_528' title='bbox 3196 3270 3347 3341; x_wconf 83' lang='lat' dir='ltr'><strong>virga</strong></span> <span class='ocrx_word' id='word_1_529' title='bbox 3386 3269 3537 3340; x_wconf 81' lang='lat' dir='ltr'><strong>regni</strong></span> <span class='ocrx_word' id='word_1_530' title='bbox 3584 3270 3687 3323; x_wconf 85' lang='lat' dir='ltr'><strong>tui.</strong></span> 
     </span>
    </p>
   </div>
   <div class='ocr_carea' id='block_1_78' title="bbox 2096 3361 3691 3438">
    <p class='ocr_par' dir='ltr' id='par_1_78' title="bbox 2096 3361 3691 3438">
     <span class='ocr_line' id='line_1_78' title="bbox 2096 3361 3691 3438; baseline -0.005 -16"><span class='ocrx_word' id='word_1_531' title='bbox 2096 3365 2345 3422; x_wconf 70' lang='lat' dir='ltr'><strong>Dilexisti</strong></span> <span class='ocrx_word' id='word_1_532' title='bbox 2361 3365 2657 3438; x_wconf 84' lang='lat' dir='ltr'><strong>justitiam,</strong></span> <span class='ocrx_word' id='word_1_533' title='bbox 2704 3371 2755 3418; x_wconf 89' lang='lat' dir='ltr'><strong>et</strong></span> <span class='ocrx_word' id='word_1_534' title='bbox 2788 3362 2944 3416; x_wconf 83' lang='lat' dir='ltr'><strong>odisti</strong></span> <span class='ocrx_word' id='word_1_535' title='bbox 2990 3361 3355 3432; x_wconf 84' lang='lat' dir='ltr'><strong>iniquitatem,</strong></span> <span class='ocrx_word' id='word_1_536' title='bbox 3403 3368 3691 3431; x_wconf 76' lang='lat' dir='ltr'><strong>propterea</strong></span> 
     </span>
    </p>
   </div>
   <div class='ocr_carea' id='block_1_79' title="bbox 2097 3454 3689 3528">
    <p class='ocr_par' dir='ltr' id='par_1_79' title="bbox 2097 3454 3689 3528">
     <span class='ocr_line' id='line_1_79' title="bbox 2097 3454 3689 3528; baseline -0.006 -11"><span class='ocrx_word' id='word_1_537' title='bbox 2097 3465 2255 3518; x_wconf 70' lang='lat' dir='ltr'><strong>unxit</strong></span> <span class='ocrx_word' id='word_1_538' title='bbox 2279 3470 2327 3516; x_wconf 87' lang='lat' dir='ltr'><strong>te</strong></span> <span class='ocrx_word' id='word_1_539' title='bbox 2346 3461 2506 3528; x_wconf 85' lang='lat' dir='ltr'><strong>Deus,</strong></span> <span class='ocrx_word' id='word_1_540' title='bbox 2525 3460 2666 3516; x_wconf 85' lang='lat' dir='ltr'><strong>Deus</strong></span> <span class='ocrx_word' id='word_1_541' title='bbox 2686 3465 2830 3524; x_wconf 89' lang='lat' dir='ltr'><strong>tuus,</strong></span> <span class='ocrx_word' id='word_1_542' title='bbox 2850 3455 2966 3512; x_wconf 88' lang='lat' dir='ltr'><strong>oleo</strong></span> <span class='ocrx_word' id='word_1_543' title='bbox 2986 3456 3187 3512; x_wconf 69' lang='lat' dir='ltr'><strong>iaztitice</strong></span> <span class='ocrx_word' id='word_1_544' title='bbox 3208 3472 3319 3526; x_wconf 71' lang='lat' dir='ltr'><strong>pra:</strong></span> <span class='ocrx_word' id='word_1_545' title='bbox 3342 3454 3689 3527; x_wconf 77' lang='lat' dir='ltr'><strong>participibus</strong></span> 
     </span>
    </p>
   </div>
   <div class='ocr_carea' id='block_1_80' title="bbox 2099 3546 3687 3619">
    <p class='ocr_par' dir='ltr' id='par_1_80' title="bbox 2099 3546 3687 3619">
     <span class='ocr_line' id='line_1_80' title="bbox 2099 3546 3687 3619; baseline -0.005 -9"><span class='ocrx_word' id='word_1_546' title='bbox 2099 3556 2202 3610; x_wconf 86' lang='lat' dir='ltr'><strong>tuis</strong></span> <span class='ocrx_word' id='word_1_547' title='bbox 2233 3555 2300 3609; x_wconf 82' lang='lat'><strong>“.</strong></span> <span class='ocrx_word' id='word_1_548' title='bbox 2344 3553 2486 3610; x_wconf 88' lang='lat' dir='ltr'><strong>liinc</strong></span> <span class='ocrx_word' id='word_1_549' title='bbox 2545 3552 2836 3609; x_wconf 85' lang='lat' dir='ltr'><strong>evidenter</strong></span> <span class='ocrx_word' id='word_1_550' title='bbox 2886 3556 3122 3619; x_wconf 89' lang='lat' dir='ltr'><strong>apparet</strong></span> <span class='ocrx_word' id='word_1_551' title='bbox 3181 3563 3295 3603; x_wconf 93' lang='lat' dir='ltr'><strong>non</strong></span> <span class='ocrx_word' id='word_1_552' title='bbox 3349 3546 3517 3601; x_wconf 83' lang='lat' dir='ltr'><strong>alium</strong></span> <span class='ocrx_word' id='word_1_553' title='bbox 3561 3562 3687 3602; x_wconf 90' lang='lat' dir='ltr'><strong>esse</strong></span> 
     </span>
    </p>
   </div>
   <div class='ocr_carea' id='block_1_81' title="bbox 2096 3638 3685 3716">
    <p class='ocr_par' dir='ltr' id='par_1_81' title="bbox 2096 3638 3685 3716">
     <span class='ocr_line' id='line_1_81' title="bbox 2096 3638 3685 3716; baseline -0.007 -14"><span class='ocrx_word' id='word_1_554' title='bbox 2096 3654 2328 3702; x_wconf 90' lang='lat' dir='ltr'><strong>unctum</strong></span> <span class='ocrx_word' id='word_1_555' title='bbox 2361 3659 2600 3716; x_wconf 91' lang='lat' dir='ltr'><strong>puerum</strong></span> <span class='ocrx_word' id='word_1_556' title='bbox 2631 3644 2843 3707; x_wconf 86' lang='lat' dir='ltr'><strong>.lesum,</strong></span> <span class='ocrx_word' id='word_1_557' title='bbox 2873 3640 2985 3696; x_wconf 89' lang='lat' dir='ltr'><strong>nisi</strong></span> <span class='ocrx_word' id='word_1_558' title='bbox 3018 3640 3216 3705; x_wconf 90' lang='lat' dir='ltr'><strong>Deum,</strong></span> <span class='ocrx_word' id='word_1_559' title='bbox 3245 3653 3351 3693; x_wconf 91' lang='lat' dir='ltr'><strong>nec</strong></span> <span class='ocrx_word' id='word_1_560' title='bbox 3376 3638 3685 3693; x_wconf 89' lang='lat' dir='ltr'><strong>essealium</strong></span> 
     </span>
    </p>
   </div>
   <div class='ocr_carea' id='block_1_82' title="bbox 2096 3730 3686 3804">
    <p class='ocr_par' dir='ltr' id='par_1_82' title="bbox 2096 3730 3686 3804">
     <span class='ocr_line' id='line_1_82' title="bbox 2096 3730 3686 3804; baseline -0.006 -10"><span class='ocrx_word' id='word_1_561' title='bbox 2096 3738 2273 3795; x_wconf 89' lang='lat' dir='ltr'><strong>Deum</strong></span> <span class='ocrx_word' id='word_1_562' title='bbox 2298 3745 2552 3803; x_wconf 91' lang='lat' dir='ltr'><strong>unctum,</strong></span> <span class='ocrx_word' id='word_1_563' title='bbox 2584 3735 2694 3791; x_wconf 90' lang='lat' dir='ltr'><strong>nisi</strong></span> <span class='ocrx_word' id='word_1_564' title='bbox 2754 3748 2995 3804; x_wconf 89' lang='lat' dir='ltr'><strong>puerum</strong></span> <span class='ocrx_word' id='word_1_565' title='bbox 3023 3734 3238 3795; x_wconf 79' lang='lat' dir='ltr'><strong>Jesum,</strong></span> <span class='ocrx_word' id='word_1_566' title='bbox 3276 3730 3322 3786; x_wconf 90' lang='lat' dir='ltr'><strong>si</strong></span> <span class='ocrx_word' id='word_1_567' title='bbox 3356 3739 3540 3785; x_wconf 86' lang='lat' dir='ltr'><strong>tamen</strong></span> <span class='ocrx_word' id='word_1_568' title='bbox 3572 3745 3686 3785; x_wconf 91' lang='lat' dir='ltr'><strong>non</strong></span> 
     </span>
    </p>
   </div>
   <div class='ocr_carea' id='block_1_83' title="bbox 2097 3822 3687 3896">
    <p class='ocr_par' dir='ltr' id='par_1_83' title="bbox 2097 3822 3687 3896">
     <span class='ocr_line' id='line_1_83' title="bbox 2097 3822 3687 3896; baseline -0.006 -10"><span class='ocrx_word' id='word_1_569' title='bbox 2097 3829 2258 3893; x_wconf 89' lang='lat' dir='ltr'><strong>duos,</strong></span> <span class='ocrx_word' id='word_1_570' title='bbox 2285 3829 2383 3885; x_wconf 89' lang='lat' dir='ltr'><strong>sed</strong></span> <span class='ocrx_word' id='word_1_571' title='bbox 2409 3842 2584 3883; x_wconf 91' lang='lat' dir='ltr'><strong>unum</strong></span> <span class='ocrx_word' id='word_1_572' title='bbox 2609 3825 2895 3881; x_wconf 89' lang='lat' dir='ltr'><strong>Christum</strong></span> <span class='ocrx_word' id='word_1_573' title='bbox 2944 3822 3249 3896; x_wconf 87' lang='lat' dir='ltr'><strong>prophetas</strong></span> <span class='ocrx_word' id='word_1_574' title='bbox 3300 3830 3359 3877; x_wconf 91' lang='lat' dir='ltr'><strong>et</strong></span> <span class='ocrx_word' id='word_1_575' title='bbox 3402 3822 3687 3892; x_wconf 86' lang='lat' dir='ltr'><strong>apostolos</strong></span> 
     </span>
    </p>
   </div>
   <div class='ocr_carea' id='block_1_84' title="bbox 2095 3915 2857 3992">
    <p class='ocr_par' dir='ltr' id='par_1_84' title="bbox 2095 3915 2857 3992">
     <span class='ocr_line' id='line_1_84' title="bbox 2095 3915 2857 3992; baseline -0.005 -16"><span class='ocrx_word' id='word_1_576' title='bbox 2095 3920 2432 3992; x_wconf 82' lang='lat' dir='ltr'><strong>praedicasse</strong></span> <span class='ocrx_word' id='word_1_577' title='bbox 2462 3934 2577 3974; x_wconf 91' lang='lat' dir='ltr'><strong>non</strong></span> <span class='ocrx_word' id='word_1_578' title='bbox 2611 3915 2857 3972; x_wconf 90' lang='lat' dir='ltr'><strong>dubitas.</strong></span> 
     </span>
    </p>
   </div>
   <div class='ocr_carea' id='block_1_85' title="bbox 2169 4049 3686 4125">
    <p class='ocr_par' dir='ltr' id='par_1_85' title="bbox 2169 4049 3686 4125">
     <span class='ocr_line' id='line_1_85' title="bbox 2169 4049 3686 4125; baseline -0.007 -11"><span class='ocrx_word' id='word_1_579' title='bbox 2169 4057 2238 4114; x_wconf 87' lang='lat' dir='ltr'><strong>N.</strong></span> <span class='ocrx_word' id='word_1_580' title='bbox 2265 4057 2416 4115; x_wconf 90' lang='lat' dir='ltr'><strong>Duos</strong></span> <span class='ocrx_word' id='word_1_581' title='bbox 2440 4055 2696 4112; x_wconf 87' lang='lat' dir='ltr'><strong>Christos</strong></span> <span class='ocrx_word' id='word_1_582' title='bbox 2716 4052 3088 4125; x_wconf 65' lang='lat' dir='ltr'><strong>praedicantes</strong></span> <span class='ocrx_word' id='word_1_583' title='bbox 3119 4050 3347 4107; x_wconf 87' lang='lat' dir='ltr'><strong>omnino</strong></span> <span class='ocrx_word' id='word_1_584' title='bbox 3369 4049 3686 4114; x_wconf 84' lang='lat' dir='ltr'><strong>abominor,</strong></span> 
     </span>
    </p>
   </div>
   <div class='ocr_carea' id='block_1_86' title="bbox 2099 4142 3691 4220">
    <p class='ocr_par' dir='ltr' id='par_1_86' title="bbox 2099 4142 3691 4220">
     <span class='ocr_line' id='line_1_86' title="bbox 2099 4142 3691 4220; baseline -0.004 -16"><span class='ocrx_word' id='word_1_585' title='bbox 2099 4149 2247 4220; x_wconf 88' lang='lat' dir='ltr'><strong>quia</strong></span> <span class='ocrx_word' id='word_1_586' title='bbox 2274 4162 2389 4203; x_wconf 91' lang='lat' dir='ltr'><strong>uno</strong></span> <span class='ocrx_word' id='word_1_587' title='bbox 2421 4147 2628 4217; x_wconf 88' lang='lat' dir='ltr'><strong>spiritu</strong></span> <span class='ocrx_word' id='word_1_588' title='bbox 2671 4145 3004 4218; x_wconf 88' lang='lat' dir='ltr'><strong>prophetam</strong></span> <span class='ocrx_word' id='word_1_589' title='bbox 3051 4151 3109 4198; x_wconf 90' lang='lat' dir='ltr'><strong>et</strong></span> <span class='ocrx_word' id='word_1_590' title='bbox 3148 4143 3429 4213; x_wconf 88' lang='lat' dir='ltr'><strong>apostolos</strong></span> <span class='ocrx_word' id='word_1_591' title='bbox 3469 4142 3691 4197; x_wconf 86' lang='lat' dir='ltr'><strong>locutos</strong></span> 
     </span>
    </p>
   </div>
   <div class='ocr_carea' id='block_1_87' title="bbox 2098 4234 3688 4311">
    <p class='ocr_par' dir='ltr' id='par_1_87' title="bbox 2098 4234 3688 4311">
     <span class='ocr_line' id='line_1_87' title="bbox 2098 4234 3688 4311; baseline -0.006 -12"><span class='ocrx_word' id='word_1_592' title='bbox 2098 4257 2222 4299; x_wconf 87' lang='lat' dir='ltr'><strong>esse</strong></span> <span class='ocrx_word' id='word_1_593' title='bbox 2248 4255 2362 4296; x_wconf 90' lang='lat' dir='ltr'><strong>non</strong></span> <span class='ocrx_word' id='word_1_594' title='bbox 2394 4239 2637 4311; x_wconf 84' lang='lat' dir='ltr'><strong>ambigo,</strong></span> <span class='ocrx_word' id='word_1_595' title='bbox 2663 4238 2765 4295; x_wconf 91' lang='lat' dir='ltr'><strong>sed</strong></span> <span class='ocrx_word' id='word_1_596' title='bbox 2796 4246 2851 4294; x_wconf 88' lang='lat' dir='ltr'><strong>te</strong></span> <span class='ocrx_word' id='word_1_597' title='bbox 2883 4235 3162 4292; x_wconf 86' lang='lat' dir='ltr'><strong>contraria</strong></span> <span class='ocrx_word' id='word_1_598' title='bbox 3209 4234 3545 4290; x_wconf 87' lang='lat' dir='ltr'><strong>sentientem</strong></span> <span class='ocrx_word' id='word_1_599' title='bbox 3594 4249 3688 4289; x_wconf 87' lang='lat' dir='ltr'><strong>re-</strong></span> 
     </span>
    </p>
   </div>
   <div class='ocr_carea' id='block_1_88' title="bbox 2098 4324 3688 4402">
    <p class='ocr_par' dir='ltr' id='par_1_88' title="bbox 2098 4324 3688 4402">
     <span class='ocr_line' id='line_1_88' title="bbox 2098 4324 3688 4402; baseline -0.006 -16"><span class='ocrx_word' id='word_1_600' title='bbox 2098 4338 2256 4402; x_wconf 90' lang='lat' dir='ltr'><strong>puto,</strong></span> <span class='ocrx_word' id='word_1_601' title='bbox 2287 4329 2415 4400; x_wconf 85' lang='lat' dir='ltr'><strong>quia</strong></span> <span class='ocrx_word' id='word_1_602' title='bbox 2440 4329 2599 4400; x_wconf 87' lang='lat' dir='ltr'><strong>quasi</strong></span> <span class='ocrx_word' id='word_1_603' title='bbox 2628 4343 2697 4384; x_wconf 81' lang='lat' dir='ltr'><strong>ex</strong></span> <span class='ocrx_word' id='word_1_604' title='bbox 2725 4327 3017 4398; x_wconf 77' lang='lat' dir='ltr'><strong>propheta:</strong></span> <span class='ocrx_word' id='word_1_605' title='bbox 3043 4324 3343 4390; x_wconf 87' lang='lat' dir='ltr'><strong>sententia,</strong></span> <span class='ocrx_word' id='word_1_606' title='bbox 3369 4339 3497 4379; x_wconf 88' lang='lat' dir='ltr'><strong>eum</strong></span> <span class='ocrx_word' id='word_1_607' title='bbox 3520 4338 3688 4392; x_wconf 73' lang='lat' dir='ltr'><strong>quem</strong></span> 
     </span>
    </p>
   </div>
   <div class='ocr_carea' id='block_1_89' title="bbox 2100 4418 3691 4495">
    <p class='ocr_par' dir='ltr' id='par_1_89' title="bbox 2100 4418 3691 4495">
     <span class='ocr_line' id='line_1_89' title="bbox 2100 4418 3691 4495; baseline -0.006 -15"><span class='ocrx_word' id='word_1_608' title='bbox 2100 4424 2222 4495; x_wconf 91' lang='lat' dir='ltr'><strong>ipse</strong></span> <span class='ocrx_word' id='word_1_609' title='bbox 2298 4430 2530 4479; x_wconf 91' lang='lat' dir='ltr'><strong>unctum</strong></span> <span class='ocrx_word' id='word_1_610' title='bbox 2584 4421 2874 4493; x_wconf 62' lang='lat' dir='ltr'><strong>praedicas,</strong></span> <span class='ocrx_word' id='word_1_611' title='bbox 2930 4422 3109 4477; x_wconf 87' lang='lat' dir='ltr'><strong>Deum</strong></span> <span class='ocrx_word' id='word_1_612' title='bbox 3190 4426 3396 4473; x_wconf 82' lang='lat' dir='ltr'><strong>natura</strong></span> <span class='ocrx_word' id='word_1_613' title='bbox 3462 4418 3691 4473; x_wconf 87' lang='lat' dir='ltr'><strong>conaris</strong></span> 
     </span>
    </p>
   </div>
   <div class='ocr_carea' id='block_1_90' title="bbox 479 4511 3692 4593">
    <p class='ocr_par' dir='ltr' id='par_1_90' title="bbox 479 4511 3692 4593">
     <span class='ocr_line' id='line_1_90' title="bbox 479 4511 3692 4593; baseline -0.002 -22"><span class='ocrx_word' id='word_1_614' title='bbox 479 4514 544 4571; x_wconf 88' lang='lat' dir='ltr'><strong>N.</strong></span> <span class='ocrx_word' id='word_1_615' title='bbox 605 4516 747 4573; x_wconf 87' lang='lat' dir='ltr'><strong>Cum</strong></span> <span class='ocrx_word' id='word_1_616' title='bbox 786 4518 934 4573; x_wconf 89' lang='lat' dir='ltr'><strong>Deus</strong></span> <span class='ocrx_word' id='word_1_617' title='bbox 961 4517 1130 4584; x_wconf 90' lang='lat' dir='ltr'><strong>dicat,</strong></span> <span class='ocrx_word' id='word_1_618' title='bbox 1184 4518 1324 4589; x_wconf 81' lang='lat' dir='ltr'><strong>quod</strong></span> <span class='ocrx_word' id='word_1_619' title='bbox 1369 4519 1436 4575; x_wconf 83' lang='lat' dir='ltr'><strong>de</strong></span> <span class='ocrx_word' id='word_1_620' title='bbox 1458 4534 1620 4575; x_wconf 87' lang='lat' dir='ltr'><strong>carne</strong></span> <span class='ocrx_word' id='word_1_621' title='bbox 1674 4530 1863 4578; x_wconf 87' lang='lat' dir='ltr'><strong>natum</strong></span> <span class='ocrx_word' id='word_1_622' title='bbox 1892 4533 1988 4593; x_wconf 88' lang='lat' dir='ltr'><strong>est,</strong></span> <span class='ocrx_word' id='word_1_623' title='bbox 2019 4521 2370 4585; x_wconf 86' lang='lat' dir='ltr'><strong>Dastruere.</strong></span> <span class='ocrx_word' id='word_1_624' title='bbox 2424 4517 2564 4573; x_wconf 89' lang='lat' dir='ltr'><strong>Nam</strong></span> <span class='ocrx_word' id='word_1_625' title='bbox 2611 4532 2739 4572; x_wconf 92' lang='lat' dir='ltr'><strong>cum</strong></span> <span class='ocrx_word' id='word_1_626' title='bbox 2794 4514 3067 4585; x_wconf 88' lang='lat' dir='ltr'><strong>propheta</strong></span> <span class='ocrx_word' id='word_1_627' title='bbox 3120 4528 3250 4568; x_wconf 88' lang='lat' dir='ltr'><strong>eum</strong></span> <span class='ocrx_word' id='word_1_628' title='bbox 3299 4511 3477 4566; x_wconf 88' lang='lat' dir='ltr'><strong>Deum</strong></span> <span class='ocrx_word' id='word_1_629' title='bbox 3513 4512 3692 4566; x_wconf 81' lang='lat' dir='ltr'><strong>aDeo</strong></span> 
     </span>
    </p>
   </div>
   <div class='ocr_carea' id='block_1_91' title="bbox 399 4607 1995 4688">
    <p class='ocr_par' dir='ltr' id='par_1_91' title="bbox 399 4607 1995 4688">
     <span class='ocr_line' id='line_1_91' title="bbox 399 4607 1995 4688; baseline 0.008 -30"><span class='ocrx_word' id='word_1_630' title='bbox 399 4622 540 4660; x_wconf 66' lang='lat' dir='ltr'><strong>caro</strong></span> <span class='ocrx_word' id='word_1_631' title='bbox 579 4614 680 4672; x_wconf 86' lang='lat' dir='ltr'><strong>est,</strong></span> <span class='ocrx_word' id='word_1_632' title='bbox 742 4607 882 4678; x_wconf 84' lang='lat' dir='ltr'><strong>quod</strong></span> <span class='ocrx_word' id='word_1_633' title='bbox 941 4616 1122 4663; x_wconf 87' lang='lat' dir='ltr'><strong>autem</strong></span> <span class='ocrx_word' id='word_1_634' title='bbox 1182 4617 1369 4664; x_wconf 84' lang='lat' dir='ltr'><strong>natum</strong></span> <span class='ocrx_word' id='word_1_635' title='bbox 1417 4618 1495 4665; x_wconf 79' lang='lat' dir='ltr'><strong>est</strong></span> <span class='ocrx_word' id='word_1_636' title='bbox 1540 4611 1605 4665; x_wconf 89' lang='lat' dir='ltr'><strong>de</strong></span> <span class='ocrx_word' id='word_1_637' title='bbox 1645 4613 1858 4684; x_wconf 87' lang='lat' dir='ltr'><strong>spiritu,</strong></span> <span class='ocrx_word' id='word_1_638' title='bbox 1881 4618 1995 4688; x_wconf 80' lang='lat' dir='ltr'><strong>spi-</strong></span> 
     </span>
    </p>
   </div>
   <div class='ocr_carea' id='block_1_92' title="bbox 404 4700 1993 4773">
    <p class='ocr_par' dir='ltr' id='par_1_92' title="bbox 404 4700 1993 4773">
     <span class='ocr_line' id='line_1_92' title="bbox 404 4700 1993 4773; baseline 0.008 -21"><span class='ocrx_word' id='word_1_639' title='bbox 404 4700 549 4753; x_wconf 75' lang='lat' dir='ltr'><strong>ritus</strong></span> <span class='ocrx_word' id='word_1_640' title='bbox 600 4707 676 4754; x_wconf 88' lang='lat' dir='ltr'><strong>est</strong></span> <span class='ocrx_word' id='word_1_641' title='bbox 707 4700 782 4757; x_wconf 77' lang='grc' dir='ltr'><strong>⁸ο,</strong></span> <span class='ocrx_word' id='word_1_642' title='bbox 839 4700 1123 4770; x_wconf 90' lang='lat' dir='ltr'><strong>quomodo</strong></span> <span class='ocrx_word' id='word_1_643' title='bbox 1157 4716 1395 4773; x_wconf 90' lang='lat' dir='ltr'><strong>puerum</strong></span> <span class='ocrx_word' id='word_1_644' title='bbox 1430 4710 1625 4760; x_wconf 89' lang='lat' dir='ltr'><strong>natum</strong></span> <span class='ocrx_word' id='word_1_645' title='bbox 1680 4721 1751 4762; x_wconf 79' lang='lat' dir='ltr'><strong>ex</strong></span> <span class='ocrx_word' id='word_1_646' title='bbox 1781 4705 1993 4765; x_wconf 84' lang='lat' dir='ltr'><strong>femina</strong></span> 
     </span>
    </p>
   </div>
   <div class='ocr_carea' id='block_1_93' title="bbox 406 4791 1684 4859">
    <p class='ocr_par' dir='ltr' id='par_1_93' title="bbox 406 4791 1684 4859">
     <span class='ocr_line' id='line_1_93' title="bbox 406 4791 1684 4859; baseline 0.007 -15"><span class='ocrx_word' id='word_1_647' title='bbox 406 4802 527 4845; x_wconf 68' lang='lat' dir='ltr'><strong>non</strong></span> <span class='ocrx_word' id='word_1_648' title='bbox 560 4791 838 4859; x_wconf 91' lang='lat' dir='ltr'><strong>unitione,</strong></span> <span class='ocrx_word' id='word_1_649' title='bbox 867 4791 964 4847; x_wconf 89' lang='lat' dir='ltr'><strong>sed</strong></span> <span class='ocrx_word' id='word_1_650' title='bbox 992 4803 1193 4849; x_wconf 86' lang='lat' dir='ltr'><strong>natura</strong></span> <span class='ocrx_word' id='word_1_651' title='bbox 1217 4794 1392 4849; x_wconf 90' lang='lat' dir='ltr'><strong>Deum</strong></span> <span class='ocrx_word' id='word_1_652' title='bbox 1431 4796 1684 4853; x_wconf 81' lang='lat' dir='ltr'><strong>asseris?</strong></span> 
     </span>
    </p>
   </div>
   <div class='ocr_carea' id='block_1_94' title="bbox 472 4882 1999 4950">
    <p class='ocr_par' dir='ltr' id='par_1_94' title="bbox 472 4882 1999 4950">
     <span class='ocr_line' id='line_1_94' title="bbox 472 4882 1999 4950; baseline 0.005 -11"><span class='ocrx_word' id='word_1_653' title='bbox 472 4882 546 4939; x_wconf 82' lang='lat' dir='ltr'><strong>~C.</strong></span> <span class='ocrx_word' id='word_1_654' title='bbox 574 4882 715 4950; x_wconf 87' lang='lat' dir='ltr'><strong>Quia</strong></span> <span class='ocrx_word' id='word_1_655' title='bbox 740 4898 853 4939; x_wconf 89' lang='lat' dir='ltr'><strong>non</strong></span> <span class='ocrx_word' id='word_1_656' title='bbox 886 4891 974 4939; x_wconf 90' lang='lat' dir='ltr'><strong>est</strong></span> <span class='ocrx_word' id='word_1_657' title='bbox 997 4884 1138 4941; x_wconf 89' lang='lat' dir='ltr'><strong>alter</strong></span> <span class='ocrx_word' id='word_1_658' title='bbox 1175 4893 1340 4942; x_wconf 89' lang='lat' dir='ltr'><strong>natus</strong></span> <span class='ocrx_word' id='word_1_659' title='bbox 1381 4886 1451 4943; x_wconf 92' lang='lat' dir='ltr'><strong>de</strong></span> <span class='ocrx_word' id='word_1_660' title='bbox 1489 4903 1656 4945; x_wconf 90' lang='lat' dir='ltr'><strong>carne</strong></span> <span class='ocrx_word' id='word_1_661' title='bbox 1699 4891 1999 4948; x_wconf 89' lang='lat' dir='ltr'><strong>carnaliter</strong></span> 
     </span>
    </p>
   </div>
   <div class='ocr_carea' id='block_1_95' title="bbox 402 4975 1996 5050">
    <p class='ocr_par' dir='ltr' id='par_1_95' title="bbox 402 4975 1996 5050">
     <span class='ocr_line' id='line_1_95' title="bbox 402 4975 1996 5050; baseline 0.004 -17"><span class='ocrx_word' id='word_1_662' title='bbox 402 4992 565 5041; x_wconf 74' lang='lat' dir='ltr'><strong>caro,</strong></span> <span class='ocrx_word' id='word_1_663' title='bbox 587 4975 694 5031; x_wconf 86' lang='lat' dir='ltr'><strong>nisi</strong></span> <span class='ocrx_word' id='word_1_664' title='bbox 723 4976 815 5032; x_wconf 91' lang='lat' dir='ltr'><strong>ille</strong></span> <span class='ocrx_word' id='word_1_665' title='bbox 840 4977 936 5048; x_wconf 90' lang='lat' dir='ltr'><strong>qui</strong></span> <span class='ocrx_word' id='word_1_666' title='bbox 955 4976 1025 5033; x_wconf 91' lang='lat' dir='ltr'><strong>de</strong></span> <span class='ocrx_word' id='word_1_667' title='bbox 1061 4977 1262 5049; x_wconf 90' lang='lat' dir='ltr'><strong>spiritu</strong></span> <span class='ocrx_word' id='word_1_668' title='bbox 1290 4978 1662 5050; x_wconf 88' lang='lat' dir='ltr'><strong>spiritualiter</strong></span> <span class='ocrx_word' id='word_1_669' title='bbox 1706 4990 1873 5037; x_wconf 88' lang='lat' dir='ltr'><strong>natus</strong></span> <span class='ocrx_word' id='word_1_670' title='bbox 1908 4991 1996 5040; x_wconf 88' lang='lat' dir='ltr'><strong>est</strong></span> 
     </span>
    </p>
   </div>
   <div class='ocr_carea' id='block_1_96' title="bbox 404 5067 1995 5142">
    <p class='ocr_par' dir='ltr' id='par_1_96' title="bbox 404 5067 1995 5142">
     <span class='ocr_line' id='line_1_96' title="bbox 404 5067 1995 5142; baseline 0.007 -21"><span class='ocrx_word' id='word_1_671' title='bbox 404 5067 663 5137; x_wconf 74' lang='lat' dir='ltr'><strong>spiritus.</strong></span> <span class='ocrx_word' id='word_1_672' title='bbox 690 5067 906 5125; x_wconf 89' lang='lat' dir='ltr'><strong>idcirco</strong></span> <span class='ocrx_word' id='word_1_673' title='bbox 948 5068 1192 5142; x_wconf 90' lang='lat' dir='ltr'><strong>denique</strong></span> <span class='ocrx_word' id='word_1_674' title='bbox 1225 5087 1295 5128; x_wconf 82' lang='lat' dir='ltr'><strong>ex</strong></span> <span class='ocrx_word' id='word_1_675' title='bbox 1316 5072 1535 5130; x_wconf 89' lang='lat' dir='ltr'><strong>duabus</strong></span> <span class='ocrx_word' id='word_1_676' title='bbox 1575 5081 1633 5129; x_wconf 90' lang='lat' dir='ltr'><strong>et</strong></span> <span class='ocrx_word' id='word_1_677' title='bbox 1671 5073 1731 5129; x_wconf 91' lang='lat' dir='ltr'><strong>in</strong></span> <span class='ocrx_word' id='word_1_678' title='bbox 1772 5074 1995 5132; x_wconf 87' lang='lat' dir='ltr'><strong>duabus</strong></span> 
     </span>
    </p>
   </div>
   <div class='ocr_carea' id='block_1_97' title="bbox 406 5160 1999 5231">
    <p class='ocr_par' dir='ltr' id='par_1_97' title="bbox 406 5160 1999 5231">
     <span class='ocr_line' id='line_1_97' title="bbox 406 5160 1999 5231; baseline 0.006 -18"><span class='ocrx_word' id='word_1_679' title='bbox 406 5161 630 5217; x_wconf 72' lang='lat' dir='ltr'><strong>maturis</strong></span> <span class='ocrx_word' id='word_1_680' title='bbox 688 5160 865 5219; x_wconf 87' lang='lat' dir='ltr'><strong>unitis</strong></span> <span class='ocrx_word' id='word_1_681' title='bbox 906 5169 966 5218; x_wconf 90' lang='lat' dir='ltr'><strong>et</strong></span> <span class='ocrx_word' id='word_1_682' title='bbox 1024 5162 1358 5231; x_wconf 85' lang='lat' dir='ltr'><strong>inconfusis,</strong></span> <span class='ocrx_word' id='word_1_683' title='bbox 1405 5164 1582 5221; x_wconf 91' lang='lat' dir='ltr'><strong>Deum</strong></span> <span class='ocrx_word' id='word_1_684' title='bbox 1638 5165 1740 5224; x_wconf 86' lang='lat' dir='ltr'><strong>Dei</strong></span> <span class='ocrx_word' id='word_1_685' title='bbox 1790 5166 1999 5224; x_wconf 84' lang='lat' dir='ltr'><strong>Filium</strong></span> 
     </span>
    </p>
   </div>
   <div class='ocr_carea' id='block_1_98' title="bbox 406 5249 801 5319">
    <p class='ocr_par' dir='ltr' id='par_1_98' title="bbox 406 5249 801 5319">
     <span class='ocr_line' id='line_1_98' title="bbox 406 5249 801 5319; baseline 0.005 -14"><span class='ocrx_word' id='word_1_686' title='bbox 406 5249 801 5319; x_wconf 69' lang='lat' dir='ltr'><strong>praedicamus.</strong></span> 
     </span>
    </p>
   </div>
   <div class='ocr_carea' id='block_1_99' title="bbox 485 5342 1995 5408">
    <p class='ocr_par' dir='ltr' id='par_1_99' title="bbox 485 5342 1995 5408">
     <span class='ocr_line' id='line_1_99' title="bbox 485 5342 1995 5408; baseline 0.007 -10"><span class='ocrx_word' id='word_1_687' title='bbox 485 5342 550 5398; x_wconf 88' lang='lat' dir='ltr'><strong>N.</strong></span> <span class='ocrx_word' id='word_1_688' title='bbox 585 5343 694 5400; x_wconf 88' lang='lat' dir='ltr'><strong>Sed</strong></span> <span class='ocrx_word' id='word_1_689' title='bbox 725 5344 924 5401; x_wconf 91' lang='lat' dir='ltr'><strong>harum</strong></span> <span class='ocrx_word' id='word_1_690' title='bbox 953 5355 1284 5403; x_wconf 87' lang='lat' dir='ltr'><strong>naturarum</strong></span> <span class='ocrx_word' id='word_1_691' title='bbox 1332 5346 1714 5406; x_wconf 88' lang='lat' dir='ltr'><strong>diversitatem</strong></span> <span class='ocrx_word' id='word_1_692' title='bbox 1756 5351 1995 5408; x_wconf 87' lang='lat' dir='ltr'><strong>confun-</strong></span> 
     </span>
    </p>
   </div>
   <div class='ocr_carea' id='block_1_100' title="bbox 408 5434 1995 5512">
    <p class='ocr_par' dir='ltr' id='par_1_100' title="bbox 408 5434 1995 5512">
     <span class='ocr_line' id='line_1_100' title="bbox 408 5434 1995 5512; baseline 0.008 -25"><span class='ocrx_word' id='word_1_693' title='bbox 408 5434 522 5495; x_wconf 67' lang='lat' dir='ltr'><strong>siis,</strong></span> <span class='ocrx_word' id='word_1_694' title='bbox 552 5436 725 5493; x_wconf 88' lang='lat' dir='ltr'><strong>Deum</strong></span> <span class='ocrx_word' id='word_1_695' title='bbox 762 5447 960 5495; x_wconf 88' lang='lat' dir='ltr'><strong>natura</strong></span> <span class='ocrx_word' id='word_1_696' title='bbox 988 5439 1298 5510; x_wconf 80' lang='lat' dir='ltr'><strong>praedicans</strong></span> <span class='ocrx_word' id='word_1_697' title='bbox 1329 5441 1596 5512; x_wconf 91' lang='lat' dir='ltr'><strong>eum,qui</strong></span> <span class='ocrx_word' id='word_1_698' title='bbox 1621 5441 1873 5499; x_wconf 89' lang='lat' dir='ltr'><strong>unitione</strong></span> <span class='ocrx_word' id='word_1_699' title='bbox 1895 5443 1995 5500; x_wconf 89' lang='lat' dir='ltr'><strong>Dei</strong></span> 
     </span>
    </p>
   </div>
   <div class='ocr_carea' id='block_1_101' title="bbox 414 5528 1992 5601">
    <p class='ocr_par' dir='ltr' id='par_1_101' title="bbox 414 5528 1992 5601">
     <span class='ocr_line' id='line_1_101' title="bbox 414 5528 1992 5601; baseline 0.008 -22"><span class='ocrx_word' id='word_1_700' title='bbox 414 5528 583 5582; x_wconf 77' lang='lat' dir='ltr'><strong>Verbi</strong></span> <span class='ocrx_word' id='word_1_701' title='bbox 620 5530 769 5585; x_wconf 86' lang='lat' dir='ltr'><strong>Deus</strong></span> <span class='ocrx_word' id='word_1_702' title='bbox 798 5531 1024 5588; x_wconf 89' lang='lat' dir='ltr'><strong>dicitur.</strong></span> <span class='ocrx_word' id='word_1_703' title='bbox 1059 5532 1197 5589; x_wconf 90' lang='lat' dir='ltr'><strong>Nam</strong></span> <span class='ocrx_word' id='word_1_704' title='bbox 1235 5531 1281 5589; x_wconf 90' lang='lat' dir='ltr'><strong>si</strong></span> <span class='ocrx_word' id='word_1_705' title='bbox 1313 5547 1426 5595; x_wconf 86' lang='lat' dir='ltr'><strong>non</strong></span> <span class='ocrx_word' id='word_1_706' title='bbox 1460 5533 1734 5601; x_wconf 82' lang='lat' dir='ltr'><strong>unitione;</strong></span> <span class='ocrx_word' id='word_1_707' title='bbox 1764 5535 1860 5591; x_wconf 88' lang='lat' dir='ltr'><strong>sed</strong></span> <span class='ocrx_word' id='word_1_708' title='bbox 1887 5550 1992 5591; x_wconf 89' lang='lat' dir='ltr'><strong>na-</strong></span> 
     </span>
    </p>
   </div>
   <div class='ocr_carea' id='block_1_102' title="bbox 415 5619 1988 5695">
    <p class='ocr_par' dir='ltr' id='par_1_102' title="bbox 415 5619 1988 5695">
     <span class='ocr_line' id='line_1_102' title="bbox 415 5619 1988 5695; baseline 0.006 -25"><span class='ocrx_word' id='word_1_709' title='bbox 415 5623 542 5671; x_wconf 81' lang='lat' dir='ltr'><strong>tura</strong></span> <span class='ocrx_word' id='word_1_710' title='bbox 572 5619 716 5673; x_wconf 86' lang='lat' dir='ltr'><strong>Deus</strong></span> <span class='ocrx_word' id='word_1_711' title='bbox 763 5630 869 5687; x_wconf 87' lang='lat' dir='ltr'><strong>est,</strong></span> <span class='ocrx_word' id='word_1_712' title='bbox 918 5622 1015 5691; x_wconf 89' lang='lat' dir='ltr'><strong>qui</strong></span> <span class='ocrx_word' id='word_1_713' title='bbox 1047 5622 1116 5678; x_wconf 89' lang='lat' dir='ltr'><strong>de</strong></span> <span class='ocrx_word' id='word_1_714' title='bbox 1168 5623 1397 5694; x_wconf 85' lang='lat' dir='ltr'><strong>Virgine</strong></span> <span class='ocrx_word' id='word_1_715' title='bbox 1450 5631 1612 5681; x_wconf 86' lang='lat' dir='ltr'><strong>natus</strong></span> <span class='ocrx_word' id='word_1_716' title='bbox 1654 5633 1760 5690; x_wconf 90' lang='lat' dir='ltr'><strong>est,</strong></span> <span class='ocrx_word' id='word_1_717' title='bbox 1796 5627 1988 5695; x_wconf 88' lang='lat' dir='ltr'><strong>procul</strong></span> 
     </span>
    </p>
   </div>
   <div class='ocr_carea' id='block_1_103' title="bbox 488 5751 1987 5822">
    <p class='ocr_par' dir='ltr' id='par_1_103' title="bbox 488 5751 1987 5820">
     <span class='ocr_line' id='line_1_103' title="bbox 488 5751 1987 5820; baseline 0.005 -13"><span class='ocrx_word' id='word_1_718' title='bbox 488 5753 532 5785; x_wconf 86' lang='lat'><strong>&quot;</strong></span> <span class='ocrx_word' id='word_1_719' title='bbox 564 5751 707 5808; x_wconf 84' lang='lat' dir='ltr'><strong>Psal.</strong></span> <span class='ocrx_word' id='word_1_720' title='bbox 752 5769 864 5819; x_wconf 66' lang='grc' dir='ltr'><strong>ιιι,</strong></span> <span class='ocrx_word' id='word_1_721' title='bbox 920 5754 1012 5810; x_wconf 69' lang='lat'><strong>32.</strong></span> <span class='ocrx_word' id='word_1_722' title='bbox 1085 5756 1175 5809; x_wconf 80' lang='grc'><strong>⁸⁸1</strong></span> <span class='ocrx_word' id='word_1_723' title='bbox 1213 5756 1338 5811; x_wconf 86' lang='lat' dir='ltr'><strong>Cor.</strong></span> <span class='ocrx_word' id='word_1_724' title='bbox 1364 5774 1438 5820; x_wconf 85' lang='lat' dir='ltr'><strong>Iv,</strong></span> <span class='ocrx_word' id='word_1_725' title='bbox 1460 5758 1545 5814; x_wconf 83' lang='lat' dir='ltr'><strong>i5.</strong></span> <span class='ocrx_word' id='word_1_726' title='bbox 1594 5759 1638 5791; x_wconf 82' lang='lat'>”</span> <span class='ocrx_word' id='word_1_727' title='bbox 1659 5758 1817 5815; x_wconf 85' lang='lat' dir='ltr'><strong>Joan.</strong></span> <span class='ocrx_word' id='word_1_728' title='bbox 1849 5774 1924 5818; x_wconf 83' lang='lat' dir='ltr'><strong>Iv.</strong></span> <span class='ocrx_word' id='word_1_729' title='bbox 1947 5758 1987 5814; x_wconf 68' lang='lat'><strong>2</strong></span> 
     </span>
    </p>
   </div>
   <div class='ocr_carea' id='block_1_104' title="bbox 2094 5751 3020 5822">
    <p class='ocr_par' dir='ltr' id='par_1_104' title="bbox 2117 5757 3020 5822">
     <span class='ocr_line' id='line_1_104' title="bbox 2117 5757 3020 5822; baseline -0.004 -7"><span class='ocrx_word' id='word_1_730' title='bbox 2117 5761 2162 5791; x_wconf 83' lang='grc'>⁶⁰</span> <span class='ocrx_word' id='word_1_731' title='bbox 2196 5760 2353 5817; x_wconf 82' lang='lat' dir='ltr'><strong>Joan.</strong></span> <span class='ocrx_word' id='word_1_732' title='bbox 2386 5774 2466 5822; x_wconf 84' lang='lat' dir='ltr'><strong>Ill,</strong></span> <span class='ocrx_word' id='word_1_733' title='bbox 2488 5760 2541 5814; x_wconf 88' lang='lat'><strong>6.</strong></span> <span class='ocrx_word' id='word_1_734' title='bbox 2615 5758 2657 5791; x_wconf 83' lang='lat'><strong>&quot;</strong></span> <span class='ocrx_word' id='word_1_735' title='bbox 2682 5759 2806 5814; x_wconf 85' lang='lat' dir='ltr'><strong>Act.</strong></span> <span class='ocrx_word' id='word_1_736' title='bbox 2834 5775 2907 5819; x_wconf 80' lang='lat' dir='ltr'><strong>Iv.</strong></span> <span class='ocrx_word' id='word_1_737' title='bbox 2930 5757 3020 5812; x_wconf 71' lang='lat'><strong>27.</strong></span> 
     </span>
    </p>
   </div>
   <div class='ocr_carea' id='block_1_105' title="bbox 2094 4604 3694 4682">
    <p class='ocr_par' dir='ltr' id='par_1_105' title="bbox 2094 4604 3694 4682">
     <span class='ocr_line' id='line_1_105' title="bbox 2094 4604 3694 4682; baseline -0.006 -14"><span class='ocrx_word' id='word_1_738' title='bbox 2094 4620 2323 4668; x_wconf 90' lang='lat' dir='ltr'><strong>unctum</strong></span> <span class='ocrx_word' id='word_1_739' title='bbox 2360 4609 2645 4682; x_wconf 64' lang='lat' dir='ltr'><strong>praedicet,</strong></span> <span class='ocrx_word' id='word_1_740' title='bbox 2700 4623 2868 4679; x_wconf 90' lang='lat' dir='ltr'><strong>quem</strong></span> <span class='ocrx_word' id='word_1_741' title='bbox 2917 4616 2976 4663; x_wconf 91' lang='lat' dir='ltr'><strong>et</strong></span> <span class='ocrx_word' id='word_1_742' title='bbox 3022 4605 3326 4677; x_wconf 87' lang='lat' dir='ltr'><strong>participes</strong></span> <span class='ocrx_word' id='word_1_743' title='bbox 3376 4604 3539 4660; x_wconf 88' lang='lat' dir='ltr'><strong>docet</strong></span> <span class='ocrx_word' id='word_1_744' title='bbox 3587 4605 3694 4659; x_wconf 71' lang='lat' dir='ltr'><strong>ha.</strong></span> 
     </span>
    </p>
   </div>
   <div class='ocr_carea' id='block_1_106' title="bbox 2092 4695 3688 4772">
    <p class='ocr_par' dir='ltr' id='par_1_106' title="bbox 2092 4695 3688 4772">
     <span class='ocr_line' id='line_1_106' title="bbox 2092 4695 3688 4772; baseline -0.007 -11"><span class='ocrx_word' id='word_1_745' title='bbox 2092 4704 2250 4772; x_wconf 86' lang='lat' dir='ltr'><strong>bere,</strong></span> <span class='ocrx_word' id='word_1_746' title='bbox 2286 4711 2349 4759; x_wconf 93' lang='lat' dir='ltr'><strong>tu</strong></span> <span class='ocrx_word' id='word_1_747' title='bbox 2376 4712 2577 4759; x_wconf 88' lang='lat' dir='ltr'><strong>natura</strong></span> <span class='ocrx_word' id='word_1_748' title='bbox 2598 4702 2796 4767; x_wconf 90' lang='lat' dir='ltr'><strong>Deum,</strong></span> <span class='ocrx_word' id='word_1_749' title='bbox 2817 4700 2914 4771; x_wconf 90' lang='lat' dir='ltr'><strong>qui</strong></span> <span class='ocrx_word' id='word_1_750' title='bbox 2943 4700 3161 4755; x_wconf 91' lang='lat' dir='ltr'><strong>nullum</strong></span> <span class='ocrx_word' id='word_1_751' title='bbox 3183 4697 3356 4752; x_wconf 89' lang='lat' dir='ltr'><strong>habet</strong></span> <span class='ocrx_word' id='word_1_752' title='bbox 3377 4695 3688 4754; x_wconf 86' lang='lat' dir='ltr'><strong>secundum</strong></span> 
     </span>
    </p>
   </div>
   <div class='ocr_carea' id='block_1_107' title="bbox 1995 4789 3689 4868">
    <p class='ocr_par' dir='ltr' id='par_1_107' title="bbox 1995 4789 3689 4868">
     <span class='ocr_line' id='line_1_107' title="bbox 1995 4789 3689 4868; baseline -0.006 -15"><span class='ocrx_word' id='word_1_753' title='bbox 1995 4846 2019 4868; x_wconf 84' lang='grc'><em>,</em></span> <span class='ocrx_word' id='word_1_754' title='bbox 2095 4805 2352 4853; x_wconf 89' lang='lat' dir='ltr'><strong>naturam</strong></span> <span class='ocrx_word' id='word_1_755' title='bbox 2392 4811 2548 4851; x_wconf 90' lang='lat' dir='ltr'><strong>suam</strong></span> <span class='ocrx_word' id='word_1_756' title='bbox 2572 4793 2927 4866; x_wconf 87' lang='lat' dir='ltr'><strong>participem,</strong></span> <span class='ocrx_word' id='word_1_757' title='bbox 2955 4800 3187 4848; x_wconf 89' lang='lat' dir='ltr'><strong>unctum</strong></span> <span class='ocrx_word' id='word_1_758' title='bbox 3218 4790 3424 4846; x_wconf 89' lang='lat' dir='ltr'><strong>docere</strong></span> <span class='ocrx_word' id='word_1_759' title='bbox 3453 4789 3689 4845; x_wconf 88' lang='lat' dir='ltr'><strong>conclu-</strong></span> 
     </span>
    </p>
   </div>
   <div class='ocr_carea' id='block_1_108' title="bbox 2095 4882 3691 4959">
    <p class='ocr_par' dir='ltr' id='par_1_108' title="bbox 2095 4882 3691 4959">
     <span class='ocr_line' id='line_1_108' title="bbox 2095 4882 3691 4959; baseline -0.008 -12"><span class='ocrx_word' id='word_1_760' title='bbox 2095 4890 2204 4959; x_wconf 90' lang='lat' dir='ltr'><strong>dis,</strong></span> <span class='ocrx_word' id='word_1_761' title='bbox 2235 4907 2362 4948; x_wconf 90' lang='lat' dir='ltr'><strong>cum</strong></span> <span class='ocrx_word' id='word_1_762' title='bbox 2385 4892 2534 4947; x_wconf 88' lang='lat' dir='ltr'><strong>Deus</strong></span> <span class='ocrx_word' id='word_1_763' title='bbox 2564 4904 2679 4945; x_wconf 90' lang='lat' dir='ltr'><strong>non</strong></span> <span class='ocrx_word' id='word_1_764' title='bbox 2707 4888 2880 4944; x_wconf 88' lang='lat' dir='ltr'><strong>habet</strong></span> <span class='ocrx_word' id='word_1_765' title='bbox 2905 4886 3137 4943; x_wconf 89' lang='lat' dir='ltr'><strong>omnino</strong></span> <span class='ocrx_word' id='word_1_766' title='bbox 3167 4885 3494 4956; x_wconf 85' lang='lat' dir='ltr'><strong>participes,</strong></span> <span class='ocrx_word' id='word_1_767' title='bbox 3537 4882 3691 4938; x_wconf 88' lang='lat' dir='ltr'><strong>sicut</strong></span> 
     </span>
    </p>
   </div>
   <div class='ocr_carea' id='block_1_109' title="bbox 2096 4971 3692 5046">
    <p class='ocr_par' dir='ltr' id='par_1_109' title="bbox 2096 4971 3692 5046">
     <span class='ocr_line' id='line_1_109' title="bbox 2096 4971 3692 5046; baseline -0.008 -8"><span class='ocrx_word' id='word_1_768' title='bbox 2096 4998 2207 5040; x_wconf 90' lang='lat' dir='ltr'><strong>non</strong></span> <span class='ocrx_word' id='word_1_769' title='bbox 2235 4982 2403 5038; x_wconf 90' lang='lat' dir='ltr'><strong>habet</strong></span> <span class='ocrx_word' id='word_1_770' title='bbox 2431 4981 2655 5046; x_wconf 83' lang='lat' dir='ltr'><strong>fratres,</strong></span> <span class='ocrx_word' id='word_1_771' title='bbox 2680 4979 2781 5036; x_wconf 91' lang='lat' dir='ltr'><strong>sed</strong></span> <span class='ocrx_word' id='word_1_772' title='bbox 2825 4979 2921 5034; x_wconf 91' lang='lat' dir='ltr'><strong>ille</strong></span> <span class='ocrx_word' id='word_1_773' title='bbox 2953 4978 3189 5034; x_wconf 89' lang='lat' dir='ltr'><strong>docetur</strong></span> <span class='ocrx_word' id='word_1_774' title='bbox 3216 4974 3425 5030; x_wconf 89' lang='lat' dir='ltr'><strong>habere</strong></span> <span class='ocrx_word' id='word_1_775' title='bbox 3454 4971 3692 5045; x_wconf 78' lang='lat' dir='ltr'><strong>partici-</strong></span> 
     </span>
    </p>
   </div>
   <div class='ocr_carea' id='block_1_110' title="bbox 2095 5068 3717 5155">
    <p class='ocr_par' dir='ltr' id='par_1_110' title="bbox 2095 5068 3717 5155">
     <span class='ocr_line' id='line_1_110' title="bbox 2095 5068 3717 5155; baseline -0.009 -23"><span class='ocrx_word' id='word_1_776' title='bbox 2095 5090 2216 5148; x_wconf 88' lang='lat' dir='ltr'><strong>pes,</strong></span> <span class='ocrx_word' id='word_1_777' title='bbox 2251 5074 2321 5131; x_wconf 90' lang='lat' dir='ltr'><strong>de</strong></span> <span class='ocrx_word' id='word_1_778' title='bbox 2349 5089 2463 5145; x_wconf 90' lang='lat' dir='ltr'><strong>quo</strong></span> <span class='ocrx_word' id='word_1_779' title='bbox 2494 5074 2571 5130; x_wconf 86' lang='lat' dir='ltr'><strong>ait</strong></span> <span class='ocrx_word' id='word_1_780' title='bbox 2599 5073 2939 5145; x_wconf 85' lang='lat' dir='ltr'><strong>Apostolus:</strong></span> <span class='ocrx_word' id='word_1_781' title='bbox 2990 5072 3131 5137; x_wconf 81' lang='lat' dir='ltr'><strong>Quia</strong></span> <span class='ocrx_word' id='word_1_782' title='bbox 3168 5085 3291 5141; x_wconf 84' lang='lat' dir='ltr'><strong>ergo</strong></span> <span class='ocrx_word' id='word_1_783' title='bbox 3339 5068 3493 5139; x_wconf 83' lang='lat' dir='ltr'><strong>pueri</strong></span> <span class='ocrx_word' id='word_1_784' title='bbox 3537 5082 3717 5155; x_wconf 37' lang='grc' dir='ltr'><strong>σοντι-υ</strong></span> 
     </span>
    </p>
   </div>
   <div class='ocr_carea' id='block_1_111' title="bbox 2098 5158 3689 5236">
    <p class='ocr_par' dir='ltr' id='par_1_111' title="bbox 2098 5158 3689 5236">
     <span class='ocr_line' id='line_1_111' title="bbox 2098 5158 3689 5236; baseline -0.007 -14"><span class='ocrx_word' id='word_1_785' title='bbox 2098 5168 2502 5222; x_wconf 80' lang='lat' dir='ltr'><strong>municauerunt</strong></span> <span class='ocrx_word' id='word_1_786' title='bbox 2524 5167 2683 5222; x_wconf 88' lang='lat' dir='ltr'><strong>carni</strong></span> <span class='ocrx_word' id='word_1_787' title='bbox 2704 5175 2755 5220; x_wconf 89' lang='lat' dir='ltr'><strong>et</strong></span> <span class='ocrx_word' id='word_1_788' title='bbox 2778 5161 3050 5236; x_wconf 85' lang='lat' dir='ltr'><strong>sanguini,</strong></span> <span class='ocrx_word' id='word_1_789' title='bbox 3088 5172 3139 5218; x_wconf 89' lang='lat' dir='ltr'><strong>et</strong></span> <span class='ocrx_word' id='word_1_790' title='bbox 3168 5163 3283 5233; x_wconf 84' lang='lat' dir='ltr'><strong>ipse</strong></span> <span class='ocrx_word' id='word_1_791' title='bbox 3318 5158 3689 5215; x_wconf 84' lang='lat' dir='ltr'><strong>communica-</strong></span> 
     </span>
    </p>
   </div>
   <div class='ocr_carea' id='block_1_112' title="bbox 2094 5254 3691 5328">
    <p class='ocr_par' dir='ltr' id='par_1_112' title="bbox 2094 5254 3691 5328">
     <span class='ocr_line' id='line_1_112' title="bbox 2094 5254 3691 5328; baseline -0.006 -12"><span class='ocrx_word' id='word_1_792' title='bbox 2094 5263 2167 5316; x_wconf 72' lang='lat' dir='ltr'><strong>vit</strong></span> <span class='ocrx_word' id='word_1_793' title='bbox 2201 5262 2388 5316; x_wconf 82' lang='lat' dir='ltr'><strong>iisdem</strong></span> <span class='ocrx_word' id='word_1_794' title='bbox 2410 5260 2487 5315; x_wconf 80' lang='lat'><strong>&quot;.&#39;</strong></span> <span class='ocrx_word' id='word_1_795' title='bbox 2518 5259 2589 5314; x_wconf 89' lang='lat' dir='ltr'><strong>Et</strong></span> <span class='ocrx_word' id='word_1_796' title='bbox 2647 5257 2745 5328; x_wconf 91' lang='lat' dir='ltr'><strong>qui</strong></span> <span class='ocrx_word' id='word_1_797' title='bbox 2794 5256 2971 5313; x_wconf 75' lang='lat' dir='ltr'><strong>dixit:</strong></span> <span class='ocrx_word' id='word_1_798' title='bbox 2998 5254 3257 5310; x_wconf 79' lang='lat' dir='ltr'><strong>Narrabo</strong></span> <span class='ocrx_word' id='word_1_799' title='bbox 3302 5268 3495 5307; x_wconf 82' lang='lat' dir='ltr'><strong>nomen</strong></span> <span class='ocrx_word' id='word_1_800' title='bbox 3534 5257 3691 5306; x_wconf 75' lang='lat' dir='ltr'><strong>tuum</strong></span> 
     </span>
    </p>
   </div>
   <div class='ocr_carea' id='block_1_113' title="bbox 2096 5333 3712 5424">
    <p class='ocr_par' dir='ltr' id='par_1_113' title="bbox 2096 5333 3712 5424">
     <span class='ocr_line' id='line_1_113' title="bbox 2096 5333 3712 5424; baseline -0.007 -17"><span class='ocrx_word' id='word_1_801' title='bbox 2096 5353 2355 5424; x_wconf 67' lang='lat' dir='ltr'><strong>fratribus</strong></span> <span class='ocrx_word' id='word_1_802' title='bbox 2404 5351 2556 5416; x_wconf 78' lang='lat' dir='ltr'><strong>meis,</strong></span> <span class='ocrx_word' id='word_1_803' title='bbox 2586 5351 2642 5405; x_wconf 86' lang='lat' dir='ltr'><strong>in</strong></span> <span class='ocrx_word' id='word_1_804' title='bbox 2678 5350 2853 5405; x_wconf 85' lang='lat' dir='ltr'><strong>medio</strong></span> <span class='ocrx_word' id='word_1_805' title='bbox 2906 5345 3167 5403; x_wconf 71' lang='lat' dir='ltr'><strong>Ecclesia:</strong></span> <span class='ocrx_word' id='word_1_806' title='bbox 3222 5345 3457 5400; x_wconf 81' lang='lat' dir='ltr'><strong>laudabo</strong></span> <span class='ocrx_word' id='word_1_807' title='bbox 3511 5352 3563 5398; x_wconf 88' lang='lat' dir='ltr'><strong>te</strong></span> <span class='ocrx_word' id='word_1_808' title='bbox 3610 5333 3712 5399; x_wconf 74' lang='grc'><strong>⁸³.’</strong></span> 
     </span>
    </p>
   </div>
   <div class='ocr_carea' id='block_1_114' title="bbox 2102 5434 3711 5513">
    <p class='ocr_par' dir='ltr' id='par_1_114' title="bbox 2102 5434 3711 5513">
     <span class='ocr_line' id='line_1_114' title="bbox 2102 5434 3711 5513; baseline -0.005 -16"><span class='ocrx_word' id='word_1_809' title='bbox 2102 5440 2261 5499; x_wconf 87' lang='lat' dir='ltr'><strong>Unde</strong></span> <span class='ocrx_word' id='word_1_810' title='bbox 2296 5440 2586 5496; x_wconf 89' lang='lat' dir='ltr'><strong>evidenter</strong></span> <span class='ocrx_word' id='word_1_811' title='bbox 2610 5446 2862 5510; x_wconf 86' lang='lat' dir='ltr'><strong>apparet,</strong></span> <span class='ocrx_word' id='word_1_812' title='bbox 2886 5452 3001 5493; x_wconf 93' lang='lat' dir='ltr'><strong>non</strong></span> <span class='ocrx_word' id='word_1_813' title='bbox 3042 5445 3265 5502; x_wconf 85' lang='lat' dir='ltr'><strong>natura,</strong></span> <span class='ocrx_word' id='word_1_814' title='bbox 3298 5434 3398 5490; x_wconf 89' lang='lat' dir='ltr'><strong>sed</strong></span> <span class='ocrx_word' id='word_1_815' title='bbox 3431 5434 3711 5513; x_wconf 15' lang='lat' dir='ltr'><strong>unitione,</strong></span> 
     </span>
    </p>
   </div>
   <div class='ocr_carea' id='block_1_115' title="bbox 2098 5526 3685 5601">
    <p class='ocr_par' dir='ltr' id='par_1_115' title="bbox 2098 5526 3685 5601">
     <span class='ocr_line' id='line_1_115' title="bbox 2098 5526 3685 5601; baseline -0.008 -12"><span class='ocrx_word' id='word_1_816' title='bbox 2098 5534 2273 5589; x_wconf 87' lang='lat' dir='ltr'><strong>Deum</strong></span> <span class='ocrx_word' id='word_1_817' title='bbox 2327 5544 2448 5588; x_wconf 90' lang='lat' dir='ltr'><strong>esse</strong></span> <span class='ocrx_word' id='word_1_818' title='bbox 2468 5538 2622 5597; x_wconf 86' lang='lat' dir='ltr'><strong>eum,</strong></span> <span class='ocrx_word' id='word_1_819' title='bbox 2671 5544 2835 5601; x_wconf 83' lang='lat' dir='ltr'><strong>quem</strong></span> <span class='ocrx_word' id='word_1_820' title='bbox 2866 5542 2981 5600; x_wconf 74' lang='lat' dir='ltr'><strong>prae</strong></span> <span class='ocrx_word' id='word_1_821' title='bbox 3033 5526 3402 5599; x_wconf 81' lang='lat' dir='ltr'><strong>participibus</strong></span> <span class='ocrx_word' id='word_1_822' title='bbox 3452 5532 3685 5581; x_wconf 85' lang='lat' dir='ltr'><strong>unctum</strong></span> 
     </span>
    </p>
   </div>
   <div class='ocr_carea' id='block_1_116' title="bbox 2099 5625 2659 5698">
    <p class='ocr_par' dir='ltr' id='par_1_116' title="bbox 2099 5625 2659 5698">
     <span class='ocr_line' id='line_1_116' title="bbox 2099 5625 2659 5698; baseline -0.004 -19"><span class='ocrx_word' id='word_1_823' title='bbox 2099 5625 2369 5698; x_wconf 80' lang='lat' dir='ltr'><strong>propheta</strong></span> <span class='ocrx_word' id='word_1_824' title='bbox 2399 5631 2659 5680; x_wconf 83' lang='lat' dir='ltr'><strong>testatur.</strong></span> 
     </span>
    </p>
   </div>
   <div class='ocr_carea' id='block_1_117' title="bbox 3116 5739 3712 5813">
    <p class='ocr_par' dir='ltr' id='par_1_117' title="bbox 3116 5739 3712 5813">
     <span class='ocr_line' id='line_1_117' title="bbox 3116 5739 3712 5813; baseline -0.013 -3"><span class='ocrx_word' id='word_1_825' title='bbox 3116 5756 3161 5786; x_wconf 73' lang='grc' dir='ltr'><strong>δ’</strong></span> <span class='ocrx_word' id='word_1_826' title='bbox 3204 5755 3246 5809; x_wconf 93' lang='lat' dir='ltr'><strong>il</strong></span> <span class='ocrx_word' id='word_1_827' title='bbox 3290 5753 3421 5809; x_wconf 91' lang='lat' dir='ltr'><strong>Cor.</strong></span> <span class='ocrx_word' id='word_1_828' title='bbox 3480 5766 3596 5813; x_wconf 75' lang='lat' dir='ltr'><strong>Vill,</strong></span> <span class='ocrx_word' id='word_1_829' title='bbox 3623 5739 3712 5804; x_wconf 57' lang='lat'><strong>9.‘</strong></span> 
     </span>
    </p>
   </div>
   <div class='ocr_carea' id='block_1_118' title="bbox 414 5819 1987 5898">
    <p class='ocr_par' dir='ltr' id='par_1_118' title="bbox 414 5819 1941 5896">
     <span class='ocr_line' id='line_1_118' title="bbox 414 5819 1941 5896; baseline 0.003 -16"><span class='ocrx_word' id='word_1_830' title='bbox 414 5821 464 5853; x_wconf 78' lang='lat'>“</span> <span class='ocrx_word' id='word_1_831' title='bbox 495 5822 732 5886; x_wconf 78' lang='lat' dir='ltr'><strong>Philipp.</strong></span> <span class='ocrx_word' id='word_1_832' title='bbox 773 5841 830 5887; x_wconf 80' lang='grc' dir='ltr'><strong>ιι,</strong></span> <span class='ocrx_word' id='word_1_833' title='bbox 861 5825 913 5881; x_wconf 86' lang='grc'><strong>6.</strong></span> <span class='ocrx_word' id='word_1_834' title='bbox 992 5824 1037 5857; x_wconf 64' lang='grc'>⁸⁵</span> <span class='ocrx_word' id='word_1_835' title='bbox 1075 5824 1232 5881; x_wconf 80' lang='lat' dir='ltr'><strong>Joan.</strong></span> <span class='ocrx_word' id='word_1_836' title='bbox 1273 5842 1311 5894; x_wconf 83' lang='grc' dir='ltr'><strong>ι,</strong></span> <span class='ocrx_word' id='word_1_837' title='bbox 1362 5819 1447 5881; x_wconf 72' lang='grc' dir='ltr'><strong>Η.</strong></span> <span class='ocrx_word' id='word_1_838' title='bbox 1524 5829 1567 5860; x_wconf 78' lang='grc'>⁸³</span> <span class='ocrx_word' id='word_1_839' title='bbox 1597 5827 1717 5885; x_wconf 79' lang='lat' dir='ltr'><strong>Act.</strong></span> <span class='ocrx_word' id='word_1_840' title='bbox 1760 5846 1814 5896; x_wconf 65' lang='grc' dir='ltr'><strong>κ,</strong></span> <span class='ocrx_word' id='word_1_841' title='bbox 1851 5829 1941 5886; x_wconf 79' lang='lat'><strong>38.</strong></span> 
     </span>
    </p>
   </div>
   <div class='ocr_carea' id='block_1_119' title="bbox 2094 5819 3678 5898">
    <p class='ocr_par' dir='ltr' id='par_1_119' title="bbox 2099 5819 3678 5898">
     <span class='ocr_line' id='line_1_119' title="bbox 2099 5819 3678 5898; baseline -0.008 -13"><span class='ocrx_word' id='word_1_842' title='bbox 2099 5831 2242 5886; x_wconf 84' lang='lat' dir='ltr'><strong>Psal.</strong></span> <span class='ocrx_word' id='word_1_843' title='bbox 2289 5846 2428 5897; x_wconf 73' lang='grc' dir='ltr'><strong>κων,</strong></span> <span class='ocrx_word' id='word_1_844' title='bbox 2452 5819 2511 5898; x_wconf 64' lang='grc'><strong>’7,</strong></span> <span class='ocrx_word' id='word_1_845' title='bbox 2538 5830 2591 5885; x_wconf 88' lang='lat'><strong>8.</strong></span> <span class='ocrx_word' id='word_1_846' title='bbox 2669 5830 2712 5862; x_wconf 77' lang='lat'><strong>&quot;</strong></span> <span class='ocrx_word' id='word_1_847' title='bbox 2746 5828 2914 5884; x_wconf 85' lang='lat' dir='ltr'><strong>iicbr.</strong></span> <span class='ocrx_word' id='word_1_848' title='bbox 2948 5842 3006 5893; x_wconf 85' lang='grc' dir='ltr'><strong>ιι,</strong></span> <span class='ocrx_word' id='word_1_849' title='bbox 3037 5825 3119 5892; x_wconf 74' lang='grc' dir='ltr'><strong>Η,</strong></span> <span class='ocrx_word' id='word_1_850' title='bbox 3194 5824 3239 5856; x_wconf 74' lang='grc'><strong>⁵⁸</strong></span> <span class='ocrx_word' id='word_1_851' title='bbox 3263 5824 3410 5881; x_wconf 83' lang='lat' dir='ltr'><strong>Psai.</strong></span> <span class='ocrx_word' id='word_1_852' title='bbox 3446 5838 3554 5887; x_wconf 65' lang='grc' dir='ltr'><strong>χχι,</strong></span> <span class='ocrx_word' id='word_1_853' title='bbox 3585 5819 3678 5874; x_wconf 77' lang='lat'><strong>23.</strong></span> 
     </span>
    </p>
   </div>
   <div class='ocr_carea' id='block_1_120' title="bbox 1914 5926 1924 5959">
    <p class='ocr_par' dir='ltr' id='par_1_120' title="bbox 1914 5926 1924 5959">
     <span class='ocr_line' id='line_1_120' title="bbox 1914 5926 1924 5959; baseline 0 0"><span class='ocrx_word' id='word_1_854' title='bbox 1914 5926 1924 5959; x_wconf 86' lang='lat' dir='ltr'><strong>i</strong></span> 
     </span>
    </p>
   </div>
  </div>
