3984 6296
231 409 337 490 125

1173 425 1372 485 DIAL.
1405 423 1708 485 CONTRA
1741 421 2295 506 NESTORIANOS.
2323 448 2394 460 —-
2429 425 2582 485 LIB.

3405 422 3508 486 126

283 541 368 623 _C.
400 540 693 609 Quomodo
718 557 839 608 eos,
889 543 986 612 qui
1023 541 1165 597 duos
1191 541 1446 597 Christus
1484 540 1814 612 pradicant,
1847 544 1892 600 A
1919 540 2122 610 Jo‘sepb
2146 539 2429 595 credimus
2452 539 2702 594 omnium
2731 535 3098 603 Salvatorem,
3152 541 3249 595 sed
3296 540 3506 595 incom-

231 634 540 691 abominari
573 642 628 690 te
659 634 887 697 asseris,
925 649 1054 690 cum
1080 642 1139 690 tu
1173 634 1315 690 duos
1345 634 1491 690 ﬁlios
1525 633 1820 690 manifeste

229 725 538 798 pradicare
563 725 958 781 convinceris?

301 818 370 873 N.
395 818 466 872 Et
499 818 598 872 ubi
631 819 837 874 audisti
864 833 954 874 me
990 818 1133 872 duos
1162 817 1305 874 ﬁlios
1338 817 1680 889 praedicare?

303 909 365 965 C.
399 910 459 964 ln
483 925 552 964 eo
585 925 714 965 cum
740 910 906 974 dicis,
935 924 1044 963 non
1073 923 1201 963 eum
1239 916 1472 962 unctum
1495 906 1591 978 qui
1616 915 1820 962 natura

226 1010 320 1058 est
345 1001 513 1065 Deus,
541 1000 639 1056 sed
665 1015 792 1056 eum
828 1001 922 1072 qui
967 1016 998 1055 a
1038 1001 1311 1070 propheta
1339 1001 1576 1055 docetur
1610 999 1822 1055 habere

226 1090 537 1163 participes
581 1091 675 1161 qui
707 1091 975 1146 unctione
1005 1089 1103 1145 Dei
1145 1090 1354 1144 dicitur
1380 1090 1548 1145 Deus.

306 1179 372 1235 N.
405 1180 527 1234 Non
557 1180 720 1244 duos,
759 1188 820 1234 ut
849 1188 904 1234 tu
936 1188 1211 1242 autumas,
1234 1179 1331 1234 sed
1373 1195 1544 1234 unum
1579 1177 1822 1248 pradieo

235 1269 443 1336 ﬁlium,
478 1269 609 1340 quia
644 1280 701 1325 et
734 1271 857 1342 ejus
878 1270 1193 1340 quinatura
1211 1271 1355 1326 Deus
1385 1280 1490 1333 est,
1517 1272 1709 1341 etejus
1726 1270 1822 1339 qui

232 1362 504 1417 unctione
555 1362 653 1418 Dei
683 1362 832 1418 Deus
861 1371 968 1428 est,
1024 1379 1188 1417 unam
1229 1362 1329 1416 ﬁlii
1363 1362 1822 1433 appellationem,

233 1469 516 1524 unamque
562 1453 829 1524 proﬁteor
859 1453 1207 1524 dignitatem.
1249 1453 1407 1520 Quod
1439 1464 1624 1508 autem
1649 1453 1696 1508 is
1725 1451 1824 1522 qui

238 1556 440 1601 unctus
466 1554 572 1609 est,
609 1562 719 1601 non
751 1555 971 1613 natura,
997 1547 1096 1602 sed
1134 1546 1386 1602 unitione
1415 1546 1511 1601 Dei
1540 1546 1690 1600 Deus
1715 1553 1821 1611 est,

235 1638 370 1693 audi
408 1638 634 1692 beatum
662 1640 882 1693 Petrum
914 1640 1227 1710 apostolum
1253 1638 1536 1693 dicentem
1579 1637 1648 1692 ad
1683 1635 1824 1691 Cor-

235 1731 477 1785 nelium:
512 1730 756 1796 Verbum,
780 1731 987 1800 inquit,
1027 1732 1167 1786 misit
1203 1730 1331 1799 ﬁliis
1378 1729 1572 1795 Israel,
1603 1745 1824 1783 annun-

237 1822 380 1876 tians
404 1838 588 1892 pacem
629 1839 722 1894 per
769 1822 955 1878 Iesum
991 1821 1285 1888 Christum,
1329 1823 1409 1877 hic
1461 1829 1537 1876 est
1586 1821 1824 1875 omnium

236 1911 516 1968 Dominus.
582 1914 680 1968 Vos
727 1916 872 1969 scitis
898 1915 1038 1986 quod
1093 1914 1414 1984 factum'est
1465 1913 1688 1969 Verbum
1730 1929 1825 1984 per

239 2006 545 2060 universam
571 2006 840 2072 Iudaam,
867 2007 1125 2077 incipiens
1148 2025 1181 2062 a
1213 2005 1442 2062 Gatiiaza
1477 2015 1596 2077 post
1646 2005 1824 2076 bapti-

240 2114 420 2151 smum
438 2099 577 2168 quod
594 2100 897 2170 praedicavit
929 2098 1186 2164 Joannes,
1235 2099 1419 2153 Iesum
1457 2117 1492 2152 α
1532 2098 1824 2163 Nazareth,

243 2187 508 2256 quomodo
549 2189 698 2240 unxit
740 2203 856 2240 eum
901 2187 1043 2240 Deus
1087 2185 1293 2256 Spiritu
1323 2195 1508 2240 sancto
1533 2193 1584 2238 et
1612 2187 1824 2251 virtute,

243 2280 338 2349 qui
364 2281 672 2349 pertransiit
720 2279 1087 2350 benefaciendo
1136 2287 1185 2332 et
1229 2279 1473 2333 sanando
1511 2293 1690 2332 omnes
1735 2294 1828 2348 op-

242 2388 452 2442 pressos
475 2389 508 2424 a
543 2371 772 2436 diabolo,
822 2374 1075 2442 quoniam
1104 2371 1244 2426 Deus
1278 2380 1394 2424 erat
1446 2386 1567 2424 cum
1608 2368 1704 2423 illo
1758 2369 1824 2421 ".

242 2457 376 2514 Sine
400 2457 571 2514 dubio
609 2475 720 2514 non
735 2474 863 2514 cum
898 2461 1034 2526 Deo,
1055 2460 1154 2515 sed
1181 2475 1310 2515 cum
1331 2460 1462 2516 Jesu
1497 2475 1529 2513 a
1549 2458 1825 2514 Nazareth

240 2560 415 2606 uncto
447 2560 504 2606 et
547 2551 762 2621 Spiritu
803 2559 1020 2618 sancto,
1055 2561 1112 2607 et
1159 2553 1366 2608 virtute
1403 2553 1550 2607 Deus
1572 2567 1697 2608 esse
1729 2566 1826 2607 co-

240 2644 548 2715 gnoscitur.
576 2645 712 2700 Nam
733 2645 1016 2716 quomodo
1045 2661 1157 2701 non
1197 2653 1283 2702 est
1325 2645 1556 2714 impium
1595 2652 1828 2699 unctum

241 2732 472 2787 credere
505 2743 705 2788 natura
772 2735 972 2800 Deum,
1000 2735 1091 2790 cui
1145 2735 1266 2790 sine
1297 2735 1471 2790 dubio
1501 2733 1653 2788 nulla
1685 2733 1830 2788 valet

240 2833 446 2878 natura
478 2825 782 2879 resistere?
812 2825 910 2880 sed
937 2826 1030 2882 ille
1053 2826 1302 2898 ungitur,
1335 2826 1432 2896 qui
1466 2833 1589 2881 erat
1611 2823 1828 2895 pralia-

244 2921 409 2966 turus
432 2923 623 2967 contra
655 2912 962 2970 diabolum.

316 3003 380 3060 C.
431 3005 666 3061 Versuta
719 3007 946 3077 quidem
994 3007 1191 3064 fraude
1249 3009 1683 3081 argumentaris,
1730 3008 1831 3065 sed

241 3096 565 3154 nullatenus
592 3115 622 3154 a
657 3100 896 3156 duorum
933 3101 1174 3158 ﬁliorum
1226 3104 1622 3174 pradicatione
1645 3103 1831 3160 disce-

1922 632 2251 702 parabiliter
2319 632 2801 686 excellentiorem.
2851 630 2990 697 Quia
3036 633 3292 700 quamvis
3331 632 3507 688 fuerit

1922 724 2070 779 Deus
2097 739 2224 778 cum
2253 723 2388 789 illis,
2433 739 2546 779 non
2601 733 2783 779 tamen
2811 721 2934 778 sine
2978 723 3084 777 viri
3131 724 3370 788 semine,
3406 723 3505 780 sed

1922 817 2037 871 nati
2066 828 2197 872 sunt
2252 816 2372 887 lege
2428 824 2662 869 natura.
2705 813 2965 869 Christus
3018 825 3204 870 autem
3234 814 3507 870 Dominus

1922 922 2072 962 novo
2120 907 2434 962 nativitatis
2473 905 2640 960 modo
2672 921 2740 961 ex
2770 905 2986 975 Spiritu
3018 915 3209 960 sancto
3248 914 3306 958 et
3335 904 3508 959 Maria

1922 999 2150 1070 Virgine
2206 1006 2371 1052 natus
2397 1005 2505 1062 est,
2548 1007 2716 1066 atque
2764 996 2822 1050 in
2870 995 2991 1065 ipsa
3032 1009 3264 1065 prorsus
3298 993 3508 1049 forma-

1925 1091 2075 1146 tione
2103 1091 2365 1146 Christus
2395 1099 2481 1144 est
2520 1089 2724 1144 factus.
2975 1084 2977 1086 ’
3481 1153 3492 1157 ⁸

1993 1181 2055 1237 C.
2089 1182 2147 1237 Si
2182 1198 2293 1236 non
2327 1194 2416 1236 est
2436 1181 2697 1236 Christus
2728 1181 2961 1250 aqualis
2983 1194 3166 1250 neque
3187 1179 3505 1250 prophetis,

1924 1284 2020 1330 aut
2074 1275 2301 1344 Joseph,
2345 1283 2444 1330 aut
2485 1275 2719 1330 cuilibet
2771 1281 3138 1336 sanctorum,
3188 1271 3297 1326 erit
3357 1278 3524 1326 certe

1919 1370 2076 1440 juxta
2113 1382 2216 1423 nos
2259 1367 2492 1438 aqualis
2519 1366 2722 1421 Joanni
2778 1364 3042 1434 Baptista
3090 1364 3178 1418 vel
3231 1363 3505 1427 Jeremia,

1925 1460 2022 1530 qui
2073 1460 2131 1514 in
2189 1460 2306 1530 ipsa
2360 1458 2698 1514 formatione
2755 1457 3087 1513 sanctiﬁcati
3147 1465 3300 1521 sunt,
3363 1456 3512 1511 sicut

1925 1554 2063 1609 dicit
2083 1554 2230 1608 Deus
2260 1552 2327 1607 ad
2363 1551 2659 1608 Jeremiam
2707 1567 2722 1604 :
2755 1549 3081 1621 Priusquam
3138 1557 3188 1603 te
3220 1549 3513 1619 formarem

1924 1650 1982 1702 in
2039 1656 2188 1702 utero
2233 1645 2353 1700 novi
2397 1654 2485 1709 te,
2529 1652 2578 1698 et
2615 1643 2932 1714 priusquam
2995 1641 3164 1695 exires
3229 1640 3296 1693 de
3348 1637 3508 1694 uulua

1924 1738 2254 1808 sanctiﬁcavi
2294 1745 2344 1790 te
2374 1739 2462 1789 τυ.

1993 1829 2063 1886 Ν.
2097 1829 2220 1885 Non
2237 1838 2322 1884 est
2343 1826 2602 1883 Christus
2622 1827 2853 1897 aqualis
2879 1827 2936 1881 in
2965 1825 3130 1879 vulva
3190 1821 3511 1878 sanctiﬁca-

1927 1924 2020 1990 tis,
2065 1925 2196 1994 quia
2227 1922 2318 1976 isti
2345 1919 2570 1991 quidem
2625 1922 2682 1975 in
2716 1921 2883 1974 vulva
2924 1918 3379 1980 sanctiﬁcantur,
3417 1914 3512 1970 ille

1927 2030 2062 2071 vero
2091 2015 2147 2069 in
2183 2013 2628 2069 conformatione
2659 2009 2721 2064 ﬁt
2757 2009 3033 2066 Christus.
3077 2007 3144 2062 Et
3167 2007 3258 2061 isti
3285 2004 3514 2076 quidem

1928 2106 2324 2179 particularem
2379 2103 2666 2173 accipiunt
2697 2101 2957 2172 gratiam,
2999 2099 3092 2154 ille
3128 2111 3262 2153 vero
3311 2097 3515 2167 plenus

1928 2207 2014 2255 est
2045 2198 2246 2269 gratia,
2275 2203 2472 2266 utpote
2498 2193 2832 2264 Unigcnitus
2855 2193 2976 2247 Dei.

1997 2290 2060 2345 C.
2082 2287 2366 2344 Christum
2394 2287 2449 2340 in
2465 2286 2586 2355 ipsa
2601 2285 3044 2340 conforrnatione
3073 2282 3302 2345 factum,
3321 2293 3515 2349 quem-

1929 2396 2057 2436 nam
2107 2379 2334 2434 modum
2378 2377 2552 2441 dicas,
2580 2389 2693 2431 non
2749 2374 3025 2444 intelligo,
3083 2373 3210 2428 ideo
3262 2369 3388 2440 quis
3440 2369 3516 2426 sit

1929 2473 2187 2529 Christus
2236 2470 2332 2541 qui
2390 2469 2447 2525 in
2502 2469 2621 2538 ipsa
2687 2465 3136 2523 conformatione
3191 2465 3373 2519 lactus
3427 2469 3533 2517 est.

1930 2565 2210 2626 Christus,
2239 2561 2536 2617 evidenter
2562 2559 2816 2614 ostende.

2003 2656 2167 2727 550
2194 2655 2262 2709 N.
2322 2653 2582 2709 Christus
2635 2660 2721 2706 est
2775 2649 3098 2720 unigenitus
3121 2644 3518 2719 proculdubio

1932 2748 2132 2805 Patris.

2002 2839 2063 2895 C.
2095 2836 2253 2904 Quod
2313 2835 2585 2891 hactenus
2625 2835 3078 2904 impugnaveras,
3112 2847 3262 2886 nunc
3291 2823 3361 2884 ab
3398 2830 3521 2899 ipsa

1932 2931 2180 2986 veritate
2209 2935 2460 2988 coactus,
2493 2925 2627 2978 licet
2681 2925 2903 2986 nolens,
2936 2923 3233 2977 confessus
3260 2936 3340 2976 es.
3378 2920 3521 2975 Nam

1935 3020 2034 3090 qui
2098 3018 2272 3072 Deum
2312 3015 2520 3068 factum
2555 3013 2841 3067 Christum
2901 3011 3174 3066 hactenus
3221 3011 3408 3064 dicere
3432 3024 3523 3065 re-

1935 3111 2172 3172 nuebas,
2211 3122 2364 3161 nunc
2392 3105 2524 3160 licet
2555 3103 2863 3158 secundum
2913 3117 3140 3157 carnem
3175 3091 3346 3172 neges
3378 3117 3409 3155 a
3433 3115 3524 3157 se-

241 3189 355 3244 dis.
405 3190 544 3245 Nam
587 3191 633 3246 si
670 3192 832 3247 Jesus
863 3209 894 3248 a
947 3193 1244 3260 Nazareth,
1282 3213 1448 3267 quem
1483 3200 1642 3252 unxit
1684 3197 1830 3252 Deus
1855 3213 1901 3273 α
1932 3203 2168 3274 metipso
2203 3201 2524 3262 formatum,
2568 3205 2753 3251 tamen
2814 3195 2870 3249 in
2909 3195 3027 3265 ipsa
3066 3193 3520 3250 conformatione

240 3282 455 3354 Spiritu
495 3293 688 3341 sancto
719 3296 776 3343 et
802 3290 1034 3355 virtute,
1063 3305 1176 3344 non
1196 3299 1282 3345 est
1312 3291 1481 3355 Deus,
1510 3299 1572 3344 ut
1603 3290 1828 3355 asseris,

240 3390 412 3446 quem
445 3377 618 3432 Deum
672 3379 939 3450 praedicat
983 3383 1251 3451 propheta
1306 3383 1625 3438 venientem
1673 3397 1703 3436 a
1740 3381 1833 3436 Li-

239 3469 414 3534 bano,
442 3471 667 3527 dicens:
701 3473 843 3528 Deus
870 3492 903 3528 a
931 3475 1131 3530 Libano
1170 3478 1364 3541 veniet,
1415 3483 1466 3529 et
1503 3485 1721 3531 sanctus
1767 3476 1832 3529 de

246 3571 432 3617 monte
461 3563 705 3619 umbroso
741 3575 790 3620 et
836 3567 1094 3621 condenso
1115 3565 1205 3616 "'1’
1228 3567 1504 3622 Nazareth
1553 3568 1705 3623 enim
1760 3567 1831 3622 ad

249 3657 418 3712 istius
438 3659 642 3712 montis
674 3658 916 3714 radicem
944 3660 999 3713 in
1019 3660 1272 3730 partibus
1289 3659 1526 3714 Galilaa
1554 3660 1834 3729 hodieque

246 3758 617 3812 monstratur,
647 3750 742 3804 ubi
766 3752 912 3806 Deus
961 3751 1125 3806 Jesus
1158 3750 1439 3814 Christus,
1482 3768 1648 3821 quem
1701 3767 1834 3821 pro-

244 3844 419 3914 pheta
472 3845 690 3898 venisse
732 3860 762 3898 a
812 3844 1024 3898 Libano
1054 3845 1329 3913 pradixit,
1366 3845 1671 3898 secundum
1718 3859 1836 3899 car-

247 3947 380 3988 nem
411 3921 613 3986 nutriri
642 3933 902 4002 dignatus
932 3943 1036 3988 est.
1079 3934 1238 3999 Quod
1273 3941 1458 3988 autem
1495 3934 1694 3988 niteris
1733 3950 1835 4002 ap-

246 4023 514 4092 probare,
541 4037 650 4078 non
692 4039 816 4078 esse
847 4034 1044 4079 natura
1073 4025 1249 4079 Deum
1300 4025 1494 4081 Jesum
1527 4025 1834 4090 Christum,

247 4115 349 4171 sed
382 4117 584 4170 unione
643 4116 743 4171 Dei
774 4125 830 4171 et
880 4117 1172 4187 dignitate,
1201 4134 1266 4172 ex
1311 4133 1382 4174 eo
1424 4118 1574 4189 quod
1625 4118 1837 4172 dictum

246 4216 337 4264 est
364 4226 377 4260 :
414 4207 557 4263 Deus
597 4217 716 4263 erat
749 4227 868 4264 cum
899 4210 995 4265 illo
1027 4211 1108 4277 7°;
1149 4211 1324 4266 miror
1361 4221 1426 4266 te
1440 4209 1706 4266 eumdem
1725 4210 1837 4264 Do-

247 4301 468 4356 minum
505 4316 617 4355 non
655 4301 852 4358 audire
890 4303 1202 4359 dicentem:
1228 4300 1720 4363 Etnonsumsolus,
1746 4302 1839 4356 sed

249 4393 422 4447 Pater
482 4409 685 4446 mecum
715 4401 791 4446 est
833 4395 900 4448 “.
928 4395 1027 4448 Est
1057 4410 1192 4466 ergo
1246 4405 1448 4450 natura
1497 4394 1646 4450 Deus
1673 4394 1838 4452 Jesus

251 4485 514 4542 Christus
537 4503 566 4541 a
595 4487 895 4553 Nazareth,
930 4487 1075 4543 sicut
1108 4503 1140 4542 a
1189 4487 1464 4558 propheta
1509 4481 1836 4551 didicimus,

1931 3300 2106 3355 Deum
2130 3296 2335 3351 factum
2365 3293 2660 3348 Christum
2697 3289 2991 3345 confessus
3018 3303 3098 3345 es.

2001 3391 2069 3446 N.
2099 3388 2432 3444 Nullatenus
2487 3400 2576 3439 me
2607 3391 2772 3453 putes
2817 3383 2928 3436 tuis
2960 3378 3364 3434 calliditatibus
3412 3377 3525 3432 cib

1934 3487 2317 3541 cumventum,
2344 3490 2446 3545 ego
2473 3475 2623 3528 enim
2653 3473 2708 3526 in
2739 3471 2858 3541 ipsa
2908 3469 3359 3525 conformatione
3393 3467 3523 3524 ideo

1934 3571 2050 3627 dixi
2085 3568 2436 3639 unigenitum
2493 3562 2778 3618 Christum
2811 3561 3045 3626 factum,
3069 3559 3202 3629 quia
3233 3559 3336 3629 ipsi
3389 3573 3526 3613 con-

1936 3659 2260 3717 formationi
2289 3655 2474 3714 carnis
2518 3654 2696 3708 Deum
2760 3652 3009 3708 Verbum
3049 3651 3218 3705 credo
3280 3650 3522 3720 conjun-

1936 3763 2107 3810 ctum.

2007 3844 2071 3899 C.
2096 3841 2202 3909 Qui
2239 3840 2345 3911 ipsi
2378 3835 2808 3894 conformationi
2838 3835 3023 3890 carnis
3051 3836 3228 3889 Deum
3272 3833 3521 3889 Verbum

1937 3937 2094 3992 carni
2113 3933 2251 3990 dicit
2274 3932 2622 4002 adjunctum,
2646 3945 2760 3984 non
2796 3928 2852 3981 in
2879 3927 3104 3996 propria
3134 3926 3521 3991 subsiStentia,

1939 4029 2059 4083 sine
2102 4041 2343 4097 persona
2377 4026 2549 4079 Deum
2590 4023 2836 4077 Verbum
2873 4021 3175 4073 humanam
3205 4019 3372 4072 docet
3396 4031 3524 4072 sus-

1944 4121 2166 4191 cepisse
2221 4125 2510 4178 naturam,
2561 4115 2658 4168 sed
2716 4111 3098 4167 subsistentia
3145 4109 3351 4172 carnis,
3400 4123 3528 4178 qua

1940 4215 2074 4270 dum
2130 4212 2187 4265 in
2222 4208 2605 4264 membrorum
2663 4200 3096 4258 extendebatur.
3125 4197 3522 4264 lineamentis,

1940 4300 2366 4362 subsistentiam
2438 4297 2536 4352 Dei
2600 4294 2766 4350 Verbi
2829 4292 3177 4346 demonstrat
3228 4304 3523 4344 annexam.

1939 4397 2098 4455 Unde
2141 4410 2256 4449 non
2281 4393 2395 4463 jam
2426 4404 2618 4452 unam,
2663 4385 2759 4441 sed
2807 4384 2947 4439 duas
2976 4378 3374 4437 subsistentias
3405 4379 3530 4434 sive

1940 4503 2212 4560 personas
2257 4483 2355 4538 Dei
2412 4478 2580 4535 Verbi
2636 4474 2936 4539 incarnati,
2985 4479 3043 4528 et
3093 4470 3339 4526 hominis
3389 4468 3526 4524 facti

252 4587 307 4635 et
333 4588 420 4633 est
447 4575 595 4635 Deus
627 4595 755 4635 cum
794 4550 891 4636 illo
915 4580 1041 4636 sine
1073 4550 1246 4635 dubio
1280 4550 1464 4634 Dater.
1493 4579 1711 4634 Idcirco
1740 4550 1826 4634 de
1867 4550 1913 4606 D
1941 4550 2171 4636 credere
2205 4577 2531 4632 denotatur.
2561 4570 2727 4626 Fides
2755 4578 2942 4624 autem
2965 4563 3241 4622 catholica
3271 4577 3380 4616 non
3408 4562 3530 4631 ipsa

252 4674 423 4742 nique
443 4673 692 4728 omnium
722 4674 994 4729 Dominus
1048 4673 1223 4744 ipsius
1250 4672 1499 4743 Apostoli
1523 4687 1658 4728 voce
1683 4687 1842 4728 mon-

253 4773 485 4819 stratur.
524 4765 788 4836 Alioquin
821 4767 869 4821 si
897 4765 970 4821 ob
1005 4764 1084 4832 id,
1119 4765 1268 4835 quod
1295 4765 1506 4820 dictum
1535 4773 1646 4820 est:
1702 4763 1842 4818 Erat

260 4854 396 4911 Deus
422 4871 539 4908 cum
563 4854 679 4922 illo,
707 4871 817 4910 non
838 4856 1004 4912 Pater
1029 4870 1156 4911 cum
1181 4855 1344 4922 Filio,
1376 4854 1476 4910 sed
1503 4856 1654 4910 Deus
1668 4853 1843 4910 Filius

256 4965 385 5005 cum
441 4951 574 5008 Jesu
629 4951 853 5008 Christo
917 4967 1042 5008 esse
1104 4952 1506 5024 intelligendus
1556 4959 1663 5016 est,
1716 4958 1842 5005 erat

256 5042 450 5112 procul
476 5043 648 5099 dubio
673 5044 936 5100 omnibus
966 5044 1256 5115 prophetis
1283 5042 1532 5113 aqualis,
1572 5042 1660 5098 vel
1685 5050 1840 5102 certe

256 5135 459 5205 Joseph
489 5135 604 5191 ﬁlio
635 5136 828 5202 Jacob,
846 5137 976 5208 quia
998 5145 1055 5192 et
1077 5137 1147 5192 de
1169 5151 1237 5192 eo
1263 5135 1534 5206 scriptum
1565 5142 1717 5189 erat:
1763 5133 1834 5188 Et

257 5235 377 5282 erat
404 5228 544 5284 Deus
597 5228 928 5285 cumino".
959 5229 1069 5300 lpsi
1115 5243 1340 5301 quoque
1389 5227 1562 5285 Jacob
1611 5225 1841 5297 proﬁci-

257 5324 436 5379 scenti
468 5325 526 5380 in
571 5324 814 5394 Charan,
853 5325 994 5382 dicit
1042 5326 1222 5382 Deus:
1263 5325 1369 5380 Ero
1425 5331 1592 5379 tecum
1619 5327 1756 5379 sicut
1790 5331 1841 5378 et

259 5433 379 5472 cum
397 5428 550 5490 patre
577 5427 667 5473 tuo
703 5420 770 5474 ".
795 5419 868 5476 Et
910 5419 1038 5477 ideo
1070 5420 1240 5476 nimis
1269 5427 1355 5476 est
1382 5418 1615 5490 impium
1645 5416 1841 5473 Salva-

260 5519 441 5565 torem
465 5511 717 5567 omnium
752 5528 976 5584 aequare
1003 5514 1254 5570 salvatis.

331 5600 714 5674 N..Equalem
749 5619 932 5675 neque
963 5603 1278 5676 prophetis,
1314 5618 1502 5676 neque
1550 5601 1722 5659 Jacob
1743 5608 1841 5656 aut

341 5767 386 5802 “
414 5769 534 5824 Act.
567 5782 624 5833 ι,
652 5763 842 5822 36-38.
947 5761 1012 5796 "‘
1047 5759 1254 5833 Babae.
1285 5775 1368 5829 nl,
1393 5759 1448 5816 3.

265 5855 433 5910 xxxv,
468 5837 550 5894 l2.
609 5832 697 5870 ⁷⁷³⁵
722 5833 924 5890 Jsrcm.
961 5848 998 5900 ι,
1024 5832 1076 5887 5.

1549 5757 1595 5791 ⁷ο
1637 5757 1757 5814 Act.
1791 5771 1844 5824 κ,
1869 5753 1959 5812 38.

1941 4669 2405 4731 conformatione,
2459 4673 2522 4719 ut
2572 4673 2628 4717 tu
2675 4659 2901 4723 asseris,
2960 4656 3061 4713 sed
3107 4655 3291 4725 ipsum
3354 4654 3532 4708 Deum
3594 4669 3599 4674 ·

1937 4763 2183 4820 Verbum
2236 4756 2544 4814 secundum
2599 4766 2847 4814 carnem,
2903 4763 2932 4802 a
2965 4745 3271 4814 semetipso
3314 4743 3528 4799 forma-
3589 4805 3592 4809 ι

1945 4867 2084 4920 tum,
2117 4855 2438 4920 factumque
2492 4846 2796 4909 hominem,
2830 4841 2983 4898 salva
3041 4836 3352 4895 divinitatis
3406 4837 3534 4908 ejus

1946 4945 2263 5003 substantia
2292 4940 2614 4998 conﬁtetur.

2015 5039 2084 5094 N.
2114 5036 2260 5104 Quid
2281 5035 2454 5103 igitur
2479 5028 2693 5102 negasti
2722 5027 3031 5084 subsistere
3061 5025 3234 5078 Deum
3259 5020 3538 5078 Verbum?

1946 5133 2054 5188 hoc
2082 5131 2231 5186 enim
2257 5126 2405 5197 cogit
2456 5122 2696 5194 intelligi
2722 5120 2862 5175 illud
2896 5117 3049 5189 quod
3093 5116 3254 5180 dicis,
3289 5114 3468 5184 ipsum
3497 5127 3534 5166 α

1945 5224 2246 5294 semetipso
2307 5221 2630 5284 formatum,
2673 5215 3075 5283 hominemque
3131 5210 3366 5272 factum,
3397 5205 3532 5261 licet

1945 5319 2145 5376 callide
2181 5317 2238 5371 in
2273 5309 2766 5382 consequentibus.
2787 5307 2896 5362 hoc
2943 5304 3092 5359 idem
3131 5300 3364 5365 factum,
3407 5298 3534 5353 sine

1946 5407 2390 5468 suadivinitatis
2417 5401 2792 5459 diminutione
2822 5396 3145 5454 conﬁrmes.

2015 5502 2079 5558 C.
2107 5499 2273 5556 Nullo
2296 5510 2528 5568 prorsus
2552 5492 2720 5549 modo
2766 5491 2943 5548 Deum
2967 5485 3214 5543 Verbum
3265 5499 3368 5556 ego
3400 5481 3531 5539 sub-

1949 5596 2151 5653 sistere
2179 5591 2413 5662 denego.

2056 5753 2101 5787 “
2135 5749 2294 5808 Joan.
2329 5764 2441 5816 xvr,
2478 5746 2567 5802 '52.
2667 5745 2714 5778 τ’
2743 5743 2879 5801 Gen.
2913 5757 3102 5810 nux.
3135 5745 3206 5802 25
3305 5744 3350 5776 "
3382 5742 3495 5801 Gen
