3984 6296
1535 248 1617 294 ἶς’

381 355 478 423 127

1661 311 1986 412 ὶοΑΝΝΙε
2017 349 2402 413 MAXENTII

3547 345 3654 410 128

443 475 515 534 Ν.
559 470 707 542 Quid
759 433 828 528 de
858 483 1026 527 carne
1055 465 1176 526 sive
1215 466 1288 526 de
1339 475 1456 524 tota
1487 466 1664 524 sentis
1699 467 1960 525 humani-
1989 473 2034 534 Α
2065 471 2180 526 Deo
2214 469 2396 526 Verbo
2411 477 2726 538 susceptam
2763 461 2974 522 auditis
3014 471 3272 522 naturam
3319 465 3650 533 humanam,

373 565 530 624 tate?
638 582 643 587 ’
709 616 716 625 .

445 656 511 712 C.
535 656 606 713 Et
628 637 805 726 ipsam
829 651 954 709 sine
975 650 1149 708 dubio
1169 663 1394 706 manere
1421 649 1711 722 profiteor.

445 746 518 803 N.
545 745 685 802 Cum
707 759 840 816 ergo
874 741 1186 800 subsistere
1225 741 1404 797 Deum
1426 739 1672 798 Verbum
1695 751 1754 796 et
1778 739 1962 796 homi-

384 853 508 894 nem
547 835 716 904 dicis,
754 850 860 892 cur
892 847 1083 900 unam,
1131 839 1191 888 et
1225 845 1341 888 non
1379 829 1522 888 duas
1571 829 1965 888 subsistentias

381 927 520 1000 proli
528 927 664 984 teris
677 926 702 980 ?

449 1021 514 1078 C.
567 1018 710 1088 Quia
761 1033 876 1078 non
928 1015 1148 1074 homini
1171 1015 1289 1088 jam
1333 1013 1390 1072 in
1424 1013 1657 1087 propria
1709 1013 1964 1069 manenti

381 1109 744 1170 subsistentia
793 1109 973 1165 Deum
1017 1107 1262 1166 Verbum
1331 1105 1501 1164 credo
1549 1105 1771 1161 unitum
1801 1146 1816 1172 ,
1866 1114 1966 1160 aut

385 1207 581 1264 saltem
603 1203 762 1263 carni
784 1203 1038 1260 formata
1059 1209 1116 1258 et
1144 1202 1424 1268 animata,
1447 1216 1550 1284 per
1578 1215 1746 1272 quam
1777 1199 1970 1272 cujus-

385 1299 526 1357 libet
556 1295 808 1354 hominis
873 1294 1206 1364 intelligitur
1245 1309 1370 1351 esse
1395 1309 1658 1365 persona,
1701 1292 1804 1349 sed
1829 1291 1968 1348 sub-

388 1389 704 1446 sistentiam
727 1387 847 1444 sive
871 1400 1172 1458 personam
1200 1384 1302 1442 Dei
1323 1384 1520 1452 Verbi,
1551 1391 1813 1440 naturam
1844 1399 1970 1439 sus-

382 1481 605 1553 cepisse
640 1481 966 1546 humanam,
989 1493 1113 1549 qua
1149 1489 1438 1550 nunquam
1471 1477 1626 1532 velut
1653 1474 1969 1532 communis

382 1581 593 1646 prater
611 1573 806 1642 ,Deum
854 1569 1102 1628 Verbum
1157 1568 1456 1634 subsistit,,
1485 1567 1585 1624 sed
1632 1583 1734 1640 per
1783 1569 1967 1638 ipsum

389 1674 532 1731 orta,
553 1672 611 1721 et
639 1663 708 1720 ab
733 1679 802 1720 eo
827 1669 1108 1734 suscepta,
1137 1660 1318 1732 ipsius
1341 1659 1496 1716 facta
1532 1659 1778 1732 propria
1801 1667 1968 1714 natu-

387 1772 468 1812 ra
490 1763 599 1823 est,
621 1763 922 1827 manetque
953 1769 1067 1811 non
1100 1754 1158 1809 in
1185 1769 1306 1820 sua,
1341 1753 1436 1810 sed
1465 1753 1524 1808 in
1553 1769 1624 1808 eo
1645 1769 1676 1808 a
1706 1768 1819 1823 quo
1842 1765 1971 1807 sus-

389 1853 550 1916 cepta
598 1853 706 1913 est,
757 1845 866 1902 hoc
914 1852 1032 1910 est,
1073 1843 1174 1900 Dei
1229 1843 1398 1899 Verbi
1435 1843 1802 1899 subsistentia
1849 1842 1970 1898 sive

383 1952 628 2009 persona
663 1955 678 1993 :
709 1918 921 1994 et‘ideo
942 1951 1056 1993 non
1117 1943 1252 1993 sunt
1297 1934 1420 1991 dua
1443 1933 1839 2000 subsistentia,
1872 1932 1971 1990 sed

390 2029 628 2086 duarum
661 2039 1016 2096 naturarum,
1044 2027 1214 2085 Verbi
1242 2025 1504 2084 videlicet
1520 2034 1581 2084 et
1625 2025 1834 2092 carnis,
1860 2041 1973 2082 una

389 2121 752 2178 subsistentia
779 2121 898 2178 sive
922 2135 1166 2192 persona
1199 2129 1308 2176 est.

458 2211 527 2268 N.
560 2211 706 2284 Ergo
722 2211 970 2268 humana
1005 2219 1210 2266 natura
1235 2209 1505 2266 divinitas
1534 2209 1681 2266 facta
1706 2209 1834 2266 est?

458 2302 523 2361 C.
573 2301 693 2360 Hoc
741 2303 942 2374 saltem
989 2301 1335 2374 cogitatione
1381 2301 1659 2373 recipere,
1712 2307 1977 2356 extrema

385 2394 665 2468 probatur
693 2394 976 2452 amentia.

461 2485 531 2541 N.
556 2485 850 2553 Quomodo
895 2499 1000 2556 ego
1033 2483 1318 2556 propriam
1357 2481 1458 2540 Dei
1503 2481 1672 2540 Verbi
1715 2489 1974 2539 naturam

388 2578 696 2634 humanam
727 2576 872 2634 dicis
903 2575 1202 2633 eﬂ‘ectam?

464 2669 528 2726 C.
555 2667 696 2736 Quia
739 2685 854 2726 non
877 2677 966 2728 est
989 2669 1229 2744 alicujus
1267 2667 1504 2726 alterius
1537 2668 1646 2725 nisi
1680 2668 1785 2725 Dei
1809 2667 1978 2726 Verbi

391 2761 642 2818 hominis
671 2759 824 2818 facti.

467 2852 538 2909 N.
559 2851 787 2910 Factum
837 2852 1312 2924 quemadmodum
1365 2851 1572 2908 asseris
1595 2851 1773 2910 Deum
1798 2851 1980 2908 homi-

392 2959 551 3012 nem,
576 2951 640 3000 ut
663 2958 790 3002 eum
819 2953 1086 3017 tanquam
1124 2959 1463 3002 conversum
1525 2944 1584 2999 in
1643 2943 1928 3000 hominem
1954 2945 1980 2998 ?

391 3051 468 3092 an
512 3043 741 3107 propter
791 3044 1121 3108 susceptum
1163 3037 1236 3093 ab
1287 3051 1357 3092 eo
1419 3035 1706 3091 hominem
1768 3034 1980 3090 factum

399 3127 571 3183 Deum
594 3127 877 3184 hominem
903 3128 1215 3198 pradicas?

2060 571 2357 629 personam
2406 557 2478 612 ab
2515 570 2606 622 eo,
2665 555 2774 612 hoc
2793 561 2901 622 est,
2946 554 3256 622 hominem,
3303 564 3648 628 susceptain,

2060 665 2174 707 non
2204 649 2464 706 eumdem
2490 649 2696 706 factum
2717 647 3008 704 hominem
3035 646 3290 704 creditis.
3313 645 3458 704 Hinc
3477 650 3652 704 etiam

2061 757 2168 800 nec
2186 757 2340 811 vere,
2370 757 2477 799 nec
2517 741 2748 814 proprie
2802 740 3022 796 beatam
3051 739 3364 810 Virginem,
3407 739 3509 794 Dei
3557 755 3654 796 ac-

2061 833 2355 905 quiescitis
2395 833 2627 890 credere
2670 830 3035 896 Genitricem,
3094 831 3230 902 quia
3277 845 3392 886 non
3461 831 3642 887 Deum

2064 926 2308 985 Verbum
2336 923 2871 981 incommutabiliter
2897 936 2966 978 ex
3017 923 3140 994 ejus
3190 921 3510 978 visceribus
3539 923 3648 979 ho-

2065 1021 2274 1076 minem
2317 1018 2548 1084 factum,
2583 1013 2684 1072 sed
2729 1014 3014 1072 hominem
3058 1015 3172 1070 Deo
3205 1013 3427 1070 unitum
3459 1030 3530 1072 ex
3577 1031 3646 1072 ea

2065 1109 2295 1166 creditis
2313 1117 2538 1165 natum.‘

2136 1203 2204 1260 N.
2227 1201 2370 1271 Quia
2419 1217 2522 1259 nos
2557 1201 2839 1258 invalidos
2871 1201 3061 1274 arguis
3091 1201 3162 1258 ad
3206 1200 3657 1259 discernendum

2064 1295 2201 1368 quid
2249 1295 2400 1350 inter
2433 1302 2694 1350 naturam
2748 1294 2842 1361 sit,
2898 1302 2958 1350 et
3005 1309 3307 1366 personam
3333 1335 3350 1362 ,
3389 1295 3532 1352 doce
3585 1303 3652 1350 tu

2063 1395 2321 1446 naturam
2348 1403 2475 1444 esse
2518 1387 2641 1444 sine
2695 1401 2962 1458 persona:
2998 1395 3098 1443 aut
3130 1403 3256 1460 qua
3301 1389 3523 1460 possint
3549 1403 3658 1445 na-

2067 1481 2210 1538 turis
2235 1481 2466 1552 proprie
2493 1480 2616 1536 sine
2646 1494 2883 1552 persona
2919 1479 3194 1537 vocabula
3214 1482 3492 1552 coaptari.

2135 1572 2200 1630 C.
2222 1573 2562 1630 Naturamm
2585 1582 2644 1630 et
2677 1587 2932 1645 persona
2951 1581 3085 1630 sunt
3115 1573 3348 1645 propria
3400 1581 3458 1630 et
3500 1589 3664 1630 com-

2069 1665 2262 1722 munia
2289 1666 2540 1731 nomina,
2571 1674 2631 1722 et
2655 1663 2882 1737 propria
2912 1663 3142 1736 quidem
3181 1665 3394 1720 nullam
3440 1664 3666 1722 faciunt

2071 1755 2462 1828 quastionem,
2511 1755 2830 1812 communia
2861 1769 3000 1812 vero
3034 1770 3160 1826 qua
3197 1770 3228 1810 a
3263 1754 3418 1811 falsis
3458 1755 3664 1812 docto-

2074 1851 2234 1906 ribus
2275 1848 2480 1906 callide
2521 1857 2964 1920 prasumnntur,
3001 1847 3248 1920 aliquam
3301 1847 3668 1920 simpliciori-

2072 1941 2180 1996 bus
2199 1939 2462 1996 nebulam
2493 1939 2801 1998 dubietatis
2831 1939 3157 1996 offundunt.

2141 2031 2209 2088 N.
2239 2030 2374 2100 Qua
2396 2038 2528 2087 sunt
2549 2031 2800 2099 nomina,
2850 2047 2975 2104 qua
3004 2039 3102 2087 aut
3125 2031 3366 2090 afferant
3393 2041 3491 2089 aut
3543 2049 3668 2090 non

2073 2122 2310 2180 afferant
2340 2121 2750 2194 quastionem?

2143 2219 2206 2276 C.
2239 2220 2428 2276 Deitas
2453 2227 2606 2276 certe
2631 2227 2689 2276 et
2713 2217 3054 2284 humanitas,
3087 2231 3220 2272 caro
3262 2223 3322 2273 et
3364 2215 3663 2284 divinitas,

2073 2312 2304 2384 propria
2331 2319 2464 2368 sunt
2484 2311 2711 2368 nomina
2731 2319 3065 2367 naturarum
3090 2325 3104 2364 :
3130 2309 3372 2367 Verbum
3389 2323 3525 2365 vero
3540 2308 3669 2365 sive

2074 2405 2236 2462 Jesus
2265 2403 2544 2471 Christus,
2577 2413 2636 2460 et
2661 2404 2708 2460 si
2757 2417 2883 2475 qua
2921 2402 3052 2459 talia
3099 2402 3476 2474 reperiuntur,
3529 2416 3672 2472 pro-

2075 2497 2199 2570 pria
2225 2507 2356 2554 sunt
2375 2498 2600 2554 nomina
2621 2513 2898 2570 persona,
2929 2497 3076 2553 sicut
3115 2495 3322 2554 Paulus
3355 2505 3416 2552 et
3457 2495 3669 2552 Petrus

2078 2591 2339 2664 apostoli.
2363 2591 2464 2648 Dei
2492 2606 2630 2647 vero
2658 2599 2712 2648 et
2738 2590 2992 2646 hominis
3045 2599 3221 2646 totam
3245 2590 3540 2646 Trinitatis
3569 2589 3667 2644 di-

2077 2683 2368 2740 vinitatem
2401 2683 2676 2756 significat
2711 2698 2914 2738 nomen
2938 2682 3062 2748 Dei,
3091 2683 3170 2738 ita
3206 2690 3265 2738 et
3294 2697 3670 2753 unamquam-

2077 2787 2187 2842 que
2219 2786 2515 2844 personam
2533 2787 2602 2827 ex
2619 2769 2918 2828 Trinitate.
2962 2772 3110 2828 Deus
3130 2772 3284 2826 enim
3310 2771 3496 2837 Pater,
3511 2772 3668 2827 Deus

2077 2864 2275 2930 Filius,
2325 2871 2382 2922 et
2407 2863 2558 2919 Deus
2613 2862 2861 2934 Spiritus
2923 2871 3174 2928 sanctus,
3225 2870 3283 2918 et
3331 2871 3446 2919 tota
3493 2864 3664 2920 simul

2079 2955 2326 3012 Trinitas
2345 2970 2492 3011 unus
2506 2955 2674 3012 Deus.
2711 2954 2930 3011 Rursus
2951 2954 3142 3020 homo,
3177 2954 3325 3010 sicut
3341 2969 3661 3026 personam,

2080 3047 2157 3103 ita
2183 3047 2459 3120 significat
2487 3055 2848 3104 etnaturam.
2873 3047 3032 3104 Unde
3059 3055 3116 3102 et
3141 3047 3399 3102 nonnulli
3461 3047 3666 3102 Patres

2004 3155 2050 3215 ο
2081 3139 2283 3206 sancti,
2306 3155 2416 3194 non
2473 3139 2700 3210 quidem
2735 3137 2802 3193 ad
2830 3153 3162 3209 personam,
3206 3139 3359 3217 sicut
3403 3153 3526 3205 vos,
3562 3139 3667 3194 sed

465 3217 528 3276 (Ξ.
565 3220 680 3291 Ego
724 3235 755 3275 a
797 3219 916 3276 Deo
946 3225 1268 3290 susceptum
1321 3218 1608 3274 hominem
1659 3219 1980 3274 nullatenus

2092 3229 2149 3285 id
2173 3236 2432 3284 naturam
2464 3228 2655 3300 potius
2679 3228 3068 3299 respicientes,
3123 3228 3412 3286 hominem
3441 3244 3664 3284 assum-

394 3312 588 3369 dicere
631 3313 838 3378 audeo,
874 3311 974 3368 sed
1004 3313 1184 3367 Deum
1215 3311 1340 3368 sine
1372 3311 1747 3367 diminutione
1771 3311 1980 3366 divini-

399 3407 536 3462 tatis
563 3421 677 3462 sua
705 3405 914 3461 factum
949 3405 1238 3462 hominem
1255 3403 1456 3461 fateor.
1488 3404 1569 3460 Ne
1591 3405 1636 3460 si
1657 3413 1980 3474 susceptum

394 3517 432 3558 a
463 3503 580 3558 Deo
609 3501 899 3557 hominem
927 3498 1146 3566 dixero,
1189 3497 1330 3554 duas
1371 3497 1560 3554 videar
1602 3497 1658 3552 in
1710 3497 1852 3552 Filio
1882 3496 1980 3552 Dei

399 3592 708 3666 praedicare
734 3605 1024 3663 personas,
1055 3589 1188 3663 quia
1239 3598 1298 3646 et
1331 3597 1626 3660 susceptor
1661 3596 1982 3644 sanctorum

398 3695 567 3757 atque
589 3684 841 3742 fidelium
875 3685 1025 3740 Deus
1057 3683 1287 3750 dicitur,
1323 3682 1635 3739 secundum
1670 3680 1808 3737 illud
1832 3678 1984 3752 quod

401 3775 460 3830 in
479 3775 654 3832 Exodi
683 3774 902 3830 cantico
947 3773 1018 3829 ad
1063 3788 1195 3830 eum
1225 3772 1472 3830 dicitur:
1515 3772 1746 3844 Adjutor
1785 3779 1835 3824 et
1861 3786 1982 3826 sus-

397 3875 582 3940 ceptor
637 3867 811 3939 facta:
847 3875 924 3924 est
970 3867 1098 3923 mihi
1141 3868 1202 3922 in
1237 3865 1470 3923 salutem
1496 3865 1564 3920 "‘.
1613 3863 1809 3919 Melius
1849 3875 1984 3934 ergo

401 3969 490 4016 est
533 3968 859 4032 susceptam
907 3977 940 4018 a
991 3960 1128 4017 Deo‘
1159 3967 1420 4017 naturam
1467 3957 1770 4014 humanam
1817 3971 1984 4027 quam

401 4059 726 4123 sttsceptum
755 4051 1040 4109 hominem
1071 4051 1287 4110 dicere.

468 4142 536 4200 N.
567 4143 853 4216 Stupenda
877 4144 1134 4220 quadarn
1160 4149 1346 4204 meisa
1363 4157 1417 4204 te
1436 4142 1669 4200 auribus
1721 4143 1988 4214 ingerun-

406 4243 518 4304 tur,
549 4238 707 4310 quasi
735 4239 1020 4296 diversum
1046 4247 1106 4294 et
1124 4252 1237 4292 non
1275 4234 1516 4306 idipsum
1561 4235 1654 4300 sit,
1678 4233 1865 4290 dicere
1886 4235 1989 4288 ho-

407 4325 637 4394 minem,
665 4328 782 4383 sive
823 4334 1084 4382 naturam
1109 4325 1438 4387 humanam,
1475 4336 1604 4378 cum
1657 4323 1826 4378 homo
1872 4337 1989 4378 non

407 4417 482 4473 sit
503 4417 656 4473 aliud
687 4415 796 4471 nisi
825 4415 1071 4472 humana
1099 4421 1322 4470 natura.

2081 3330 2238 3392 ptum
2254 3336 2286 3376 a
2317 3321 2432 3376 Deo
2451 3321 2640 3376 dicere
2657 3320 3114 3392 comprobantur.

2151 3412 2218 3468 N.
2243 3412 2536 3468 Assentior
2571 3412 2738 3483 plane
2762 3412 2852 3468 his
2869 3427 2995 3484 qua
3023 3429 3055 3470 a
3086 3422 3139 3470 te
3161 3411 3379 3484 prolata
3437 3421 3590 3479 sunt,
3618 3414 3665 3468 si

2083 3509 2268 3560 tamen
2293 3503 2508 3574 poteris
2531 3502 2724 3560 dicere
2757 3512 3020 3559 naturam
3053 3518 3177 3560 esse
3202 3504 3261 3560 in
3297 3518 3557 3576 persona.

2152 3595 2215 3652 C.
2249 3595 2462 3652 Natura
2519 3595 2788 3661 humana,
2825 3595 3084 3666 quamvis
3128 3602 3245 3652 tota
3301 3596 3358 3650 in
3401 3609 3672 3667 personas

2085 3687 2330 3758 singulas
2367 3687 2678 3752 derivetur,
2721 3700 2836 3742 non
2861 3695 3048 3742 tamen
3075 3686 3342 3756 qualibet
3385 3701 3496 3741 una
3541 3700 3672 3758 per-

2085 3791 2220 3834 sona
2244 3787 2340 3832 aut
2362 3791 2508 3833 unus
2534 3776 2724 3843 homo,
2753 3775 2812 3832 id
2836 3785 2944 3842 est,
2997 3775 3350 3841 individuus,
3396 3784 3510 3832 tota
3535 3791 3673 3846 pro-

2085 3869 2252 3925 batur
2277 3869 2631 3934 humanitas;
2678 3869 2928 3941 alioquin
2977 3885 3336 3940 nequaquam
3388 3869 3673 3926 innumeri

2085 3960 2344 4016 homines
2363 3963 2482 4017 sive
2520 3975 2778 4032 persona
2799 3962 3078 4034 generalis
3101 3962 3269 4034 hujus
3305 3961 3674 4018 humanitatis

2088 4053 2441 4110 exsisterent.
2490 4053 2844 4110 Discernitur
2896 4069 3032 4126 ergo
3071 4068 3104 4108 a
3155 4063 3358 4108 natura
3402 4067 3672 4124 persona,

2089 4146 2220 4218 quia
2255 4161 2510 4217 persona
2554 4162 2724 4202 unam
2777 4162 2895 4202 rem
2942 4145 3288 4202 individuam
3339 4154 3557 4202 natura
3594 4146 3679 4202 si-

2090 4236 2371 4308 gniﬁcant.
2427 4237 2638 4294 Natura
2687 4253 2823 4294 vero
2883 4251 3239 4293 communem
3310 4237 3678 4308 cognoscitur

2091 4327 2374 4384 declarare
2417 4329 2729 4395 materiam,
2759 4345 2829 4385 ex
2856 4345 2965 4400 qua
2999 4331 3255 4402 plurima
3281 4340 3509 4401 possent
3542 4347 3679 4402 per-

2093 4434 2242 4476 sona
2269 4419 2952 4492 subsistere.Quapropter
2975 4421 3156 4477 omnis
3178 4421 3402 4492 quidem
3421 4436 3672 4492 persona

475 4508 539 4566 C.
594 4507 870 4564 Nimirum
915 4507 1035 4562 haec
1072 4507 1288 4562 erroris
1335 4505 1534 4571 νθδῑνίν
1589 4515 1647 4562 et
1690 4518 1802 4560 n0"
1858 4503 1986 4570 alia.
2014 4513 2065 4573 D
2093 4513 2258 4570 simul
2283 4523 2542 4569 naturam
2568 4515 2842 4580 continet,
2871 4531 2984 4571 non
3015 4525 3203 4572 autem
3247 4519 3431 4574 omnis
3473 4527 3680 4574 natura

357 4617 364 4624 δ
408 4607 705 4656 causaest.
729 4599 865 4653 Nam
923 4597 1056 4654 dum
1101 4613 1215 4654 non
1253 4599 1458 4654 valetis
1491 4598 1810 4653 discernere
1854 4597 1991 4668 quid

409 4694 558 4748 inter
583 4705 880 4763 personam
925 4691 1001 4746 sit
1048 4698 1107 4748 et
1156 4672 1455 4758 naturam,
1493 4691 1735 4763 idipsum
1779 4691 1990 4746 intelli-

408 4796 603 4862 gentes
628 4796 886 4843 naturam
913 4803 1062 4853 esse,
1096 4789 1249 4860 quod
1291 4796 1349 4844 et
1379 4804 1692 4860 personam,
1721 4788 1835 4842 imo
1863 4788 1992 4843 nul-

407 4882 628 4939 latenus
651 4881 945 4947 credentes
972 4889 1230 4938 naturam
1255 4897 1378 4939 esse
1395 4897 1558 4954 posse
1583 4883 1704 4938 sine
1725 4897 1988 4952 persona,

407 4976 684 5032 vocabula
723 4991 978 5046 persona
1016 4986 1455 5049 naturarumque
1501 4977 1869 5042 confunditis,
1930 4986 1988 5033 et

411 5068 551 5124 duas
571 5067 802 5123 omnino
851 5085 1144 5140 personas,
1204 5069 1352 5126 sicut
1381 5071 1520 5125 duas
1565 5077 1797 5124 naturas
1823 5067 1990 5122 unius

411 5160 540 5216 Filii
588 5160 712 5230 Dei,
744 5161 866 5218 sine
894 5161 1069 5218 dubio
1103 5162 1442 5234 pradicatis.
1475 5163 1611 5218 Nam
1665 5177 1792 5217 cum
1815 5162 1989 5216 Deum

408 5233 658 5310 Verbum
689 5261 880 5310 natum
923 5270 994 5310 ex
1035 5233 1266 5326 Virgine
1301 5253 1610 5311 secundum
1661 5268 1882 5309 carnem
1911 5251 1994 5306 di-

407 5343 614 5410 cimus,
646 5344 956 5401 divinitatis
977 5345 1102 5417 ejus
1130 5353 1388 5400 naturam
1412 5341 1704 5399 astimatis
1743 5357 1844 5398 nos
1893 5357 1996 5397 na-

411 5447 524 5496 tam
580 5456 650 5498 ex
697 5441 925 5513 Virgine
963 5439 1291 5513 pradicare.
1333 5440 1540 5494 Verum
1576 5439 1624 5494 si
1679 5437 1810 5502 hoc,
1844 5437 1992 5506 quod

411 5527 589 5596 absit,
627 5530 949 5586 crederetur
971 5547 1002 5585 a
1029 5529 1214 5596 nobis,
1256 5545 1368 5584 non
1389 5543 1517 5584 eum
1537 5526 1844 5584 secundum
1869 5541 1997 5581 car-

415 5635 547 5676 nem
571 5629 761 5676 natum
789 5637 855 5676 ex
887 5621 1115 5693 Virgine
1165 5622 1487 5677 fateremur.
1535 5621 1774 5687 Rursus,
1805 5634 1929 5675 cum
1965 5634 1992 5673 a

490 5774 539 5809 "
571 5771 742 5832 Exod.
789 5791 877 5840 xv,
911 5779 973 5832 2.

2091 4620 2386 4676 personam
2411 4621 2568 4676 aque
2614 4605 3048 4676 complectitur:
3091 4607 3343 4678 alioquin
3379 4608 3523 4664 sicut
3559 4617 3682 4665 tres

2092 4711 2384 4768 personas,
2416 4697 2492 4752 ita
2516 4707 2572 4753 et
2600 4705 2716 4752 tres
2743 4705 2977 4752 naturas
3023 4708 3230 4754 sancta
3286 4707 3344 4754 et
3374 4697 3682 4756 ineﬂ‘ahilis

2091 4789 2243 4845 illius
2271 4789 2564 4845 Trinitatis
2594 4789 2872 4847 Catholici
2917 4791 3246 4847 faterentur.

2162 4882 2229 4938 Ν.
2259 4882 2691 4937 lnsuhstantiam
2725 4883 3024 4954 quamdam
3051 4891 3110 4939 et
3143 4883 3371 4939 inanem
3421 4891 3680 4939 naturam

2094 4974 2232 5030 mihi
2277 4973 2493 5029 videris
2523 4990 2796 5036 asserere,
2827 4992 2990 5046 quam
3043 4976 3256 5032 nullam
3283 4975 3425 5031 dicis
3469 4975 3684 5032 habere

2095 5081 2410 5138 personam.

2169 5157 2234 5214 ϐ.
2285 5158 2659 5214 lnsubstantia
2709 5173 2842 5230 ergo
2906 5159 3006 5215 tibi
3064 5159 3286 5214 videtur
3347 5175 3574 5216 summa
3623 5170 3684 5218 et

2098 5251 2682 5322 incomprehensibilis
2711 5251 3002 5306 Trinitatis
3037 5261 3237 5306 natura
3254 5253 3279 5305 ἲ
3300 5268 3424 5322 qua
3447 5267 3574 5308 cum
3607 5253 3686 5308 sit

2097 5359 2210 5399 una
2241 5351 2297 5399 et
2346 5343 2666 5414 singularis,
2713 5343 2768 5398 in
2803 5343 2984 5399 tribus
3013 5353 3198 5398 tamen
3253 5346 3514 5415 personis
3556 5359 3682 5398 eam

2095 5435 2401 5492 subsistere
2443 5435 2858 5492 Catholicorum
2913 5435 3146 5507 ambigit
3201 5452 3399 5493 nemo.
3449 5438 3680 5502 Verum,

2099 5526 2226 5596 quia
2277 5541 2391 5581 non
2421 5527 2541 5584 sine
2601 5527 2811 5598 ingenti
2848 5527 3121 5598 periculo,
3159 5527 3228 5584 de
3273 5527 3535 5585 Creatorc
3579 5543 3686 5582 suo

2097 5617 2344 5688 disputat
2373 5629 2650 5685 creatura,
2671 5621 2715 5675 si
2745 5621 2945 5692 placet,
2981 5621 3050 5677 ad
3083 5631 3350 5678 nostram.
3400 5621 3452 5675 id
3485 5626 3589 5686 est,
3613 5617 3685 5673 ad
