3984 6296
221 194 318 257 129

1127 180 1324 239 DIAL.
1362 175 1664 235 CONTRA
1706 170 2262 230 NES'l‘URlANOS.
2294 193 2362 205 -
2402 169 2549 228 LIB.
2584 167 2668 227 Π.

3393 166 3494 227 130

217 320 472 368 naturam
533 312 885 358 transeamus
936 297 1260 358 humanam,
1309 291 1376 346 de
1427 305 1556 359 qua,
1587 287 1632 342 si
1665 284 1799 354 quid
1838 291 1879 344 Α
1918 291 2028 335 tur.
2064 281 2202 336 Cum
2234 291 2419 336 autem
2454 291 2592 336 nutu
2649 279 2746 336 Dei
2777 295 2878 351 per
2921 278 3123 335 seriem
3172 280 3496 352 generatio-

107 401 129 415 ’
219 399 565 465 oll‘ensionis,
586 394 734 466 quod
763 392 910 447 absit
933 395 944 443 l
968 386 1255 450 acciderit,
1290 380 1804 443 levius-.estimetur,

222 494 518 568 praacipue,
545 488 679 560 quia
729 491 788 540 et
831 483 900 538 de
937 481 1056 551 ipsa
1084 494 1234 533 nunc
1264 476 1413 530 inter
1440 487 1543 528 nos
1574 469 1808 541 quaestio

224 562 542 646 ventilatur,
578 588 640 636 ut
664 577 817 641 inde,
847 582 1118 645 quantum
1165 567 1432 640 possibile
1469 564 1663 629 fuerit,
1688 562 1807 632 pla—

193 691 354 744 ‘num
383 676 475 728 fiat
495 671 648 742 quod
669 667 962 740 quaeritur,
992 679 1063 719 ne
1089 661 1356 718 videlicet
1385 667 1607 721 natura,
1642 669 1806 725 quam

193 749 456 824 inecdum
492 764 734 820 dicimus
767 760 824 814 in
852 771 1094 829 persona
1127 753 1456 818 subsistere,
1485 749 1806 804 insubstan-

222 862 294 916 tia
327 859 428 914 tibi
453 873 580 913 esse
613 855 886 910 videatur.

188 972 197 982 θ
290 955 358 1009 Ν.
395 954 536 1017 Fiat,
574 960 635 1004 ut
668 949 775 1013 vis,
811 944 975 1000 modo
1019 951 1082 998 ut
1113 939 1444 1012 explicetur,
1475 936 1624 1009 quod
1656 950 1806 1006 quae-

222 1034 384 1104 ritur.

292 1139 353 1194 (Ξ.
382 1137 606 1192 Natum
636 1130 899 1203 qualitas,
938 1143 1062 1200 quas
1096 1128 1154 1182 in
1191 1126 1395 1181 multas
1421 1135 1688 1194 personas
1718 1135 1808 1173 m-

224 1231 564 1299 dividuaque
624 1224 980 1288 diffunditur,
1043 1237 1155 1275 non
1217 1219 1318 1273 tibi
1361 1212 1809 1272 insubstantialis

223 1338 346 1380 esse
397 1320 677 1382 videatur,
747 1322 811 1370 ut
861 1313 1006 1368 nihil
1051 1311 1141 1366 sit.
1207 1307 1469 1378 Alioquin
1525 1303 1808 1377 quomodo

222 1413 450 1470 Creator
471 1408 721 1462 omnium
743 1413 1092 1468 naturarum,
1123 1400 1382 1454 universa
1409 1396 1555 1451 bona
1577 1405 1634 1450 et
1650 1393 1810 1448 valde

223 1505 370 1560 bona
402 1501 601 1556 fecisse
633 1496 951 1554 credendus
973 1493 1096 1549 est?
1128 1491 1347 1547 ldcirco
1378 1499 1565 1544 autem
1584 1495 1806 1550 natura,

224 1609 346 1666 quae
387 1590 705 1648 communis
755 1585 1013 1644 materiei
1049 1585 1162 1638 vim
1194 1583 1579 1651 rationemque
1627 1579 1810 1636 conti-

224 1693 342 1752 net,
376 1680 825 1741 insubstantialis
847 1695 880 1734 a
899 1675 1272 1733 crassioribus
1304 1671 1817 1729 mentibusaastima-

224 1784 340 1841 tur,
393 1790 460 1830 eo
517 1771 670 1844 quod
707 1770 893 1824 minus
933 1765 1231 1823 attendunt
1279 1764 1512 1820 alterius
1556 1777 1811 1834 personae

225 1866 470 1923 nondum
496 1862 820 1935 apparentis
850 1859 1161 1924 materiam,
1195 1857 1427 1913 alteram
1457 1871 1579 1912 esse
1613 1871 1812 1926 perso-

225 1972 392 2010 nam:
425 1970 611 2026 quam,
646 1960 706 2007 ut
729 1950 867 2016 dixi,
905 1947 1160 2003 nondum
1199 1946 1271 2001 ad
1299 1947 1483 2001 lucem
1513 1946 1807 2017 prolatam,

230 2047 500 2104 naturalis
541 2044 787 2116 potentia
839 2040 1144 2112 perfectam
1171 2039 1229 2093 in
1262 2038 1480 2093 cunctis
1527 2037 1812 2092 membro-

230 2156 361 2196 rum
377 2133 1146 2210 quodammodolineamentis
1173 2132 1438 2188 ostendit.
1465 2131 1534 2186 Et
1558 2130 1683 2185 ideo
1699 2144 1813 2184 non

231 2235 380 2290 bene
431 2228 795 2286 substantiam
835 2226 1075 2282 :estimas
1123 2234 1181 2279 tu
1215 2233 1493 2290 naturam,
1548 2223 1670 2277 sine
1701 2237 1809 2292 qua

231 2323 390 2377 nulla
421 2328 601 2391 potest
653 2333 887 2396 persona
932 2314 1253 2371 subsistere.
1298 2314 1612 2370 Secundum
1669 2314 1813 2367 hanc

231 2415 508 2469 rationem
554 2411 722 2466 etiam
749 2409 817 2465 de
861 2409 1077 2465 vitiatis
1117 2407 1452 2478 corporibus
1496 2407 1812 2478 judicantes

233 2503 488 2560 dicimus.
545 2500 727 2555 Minus
775 2507 860 2555 est
889 2515 920 2554 a
977 2508 1210 2563 natura,
1254 2512 1435 2568 neque
1476 2497 1628 2550 enim
1681 2497 1812 2566 quia

231 2593 391 2657 latet,
416 2601 512 2647 aut
537 2591 704 2656 nihil,
727 2598 825 2645 aut
852 2589 1176 2660 imperfecta
1203 2605 1328 2645 esse
1370 2589 1652 2645 credenda
1704 2597 1810 2656 est,

231 2685 325 2740 sed
358 2693 447 2740 est
475 2699 709 2754 prorsus
732 2684 820 2738 vis
845 2683 948 2738 ista
971 2684 1030 2738 in
1077 2681 1345 2738 membris
1382 2681 1612 2747 nostris,
1647 2691 1705 2736 et
1732 2681 1814 2736 la-

233 2785 310 2833 tet
341 2776 609 2847 perfecta,
644 2785 702 2830 et
745 2783 858 2831 tota
876 2775 1186 2830 secundum
1235 2774 1516 2844 propriam
1545 2774 1814 2828 rationem

232 2869 286 2923 in
316 2869 551 2923 materia
596 2867 849 2922 seminis.
881 2866 1017 2933 Quis
1064 2865 1214 2922 enim
1243 2866 1539 2936 parvulum
1578 2865 1817 2921 necdum

1913 390 2069 440 num,
2100 374 2184 428 vis
2219 375 2450 429 seminis
2477 375 2531 428 in
2564 374 2771 430 femina
2802 375 2973 430 fuerit
2995 375 3158 429 vulva
3181 375 3492 444 transfusa,

1912 476 2047 522 tunc
2078 468 2224 538 quod
2279 468 2488 523 latebat
2525 469 2580 522 in
2642 469 2906 523 membris
2957 468 3302 533 extenditur,
3348 469 3496 526 etin

1910 578 2150 633 persona
2181 563 2406 633 propria
2464 562 2797 617 declaratur.
2832 562 2973 616 I'luic
3018 561 3188 632 igitur
3239 563 3496 617 humanae

1911 664 2145 718 naturae,
2185 671 2308 725 quae
2362 654 2637 725 generalis
2667 663 2722 710 et
2749 654 3061 708 communis
3103 663 3188 709 est
3233 653 3496 708 omnibus

1911 748 2255 812 hominibus,
2292 747 2412 802 sine
2441 763 2548 816 qua
2597 745 2750 800 nulla
2777 752 2958 814 potest
2987 745 3072 815 (ut
3121 746 3380 815 superius
3411 745 3498 800 di-

1911 841 2114 911 ximus)
2169 858 2409 913 persona
2461 841 2812 904 subsistere,
2870 839 2927 892 in
2981 849 3188 894 sancta:
3249 839 3495 911 Virginis

1911 942 2094 1000 utero,
2126 949 2250 1003 quae
2283 933 2389 988 fide
2421 933 2579 1002 plena
2602 933 2772 986 Deum
2801 931 3095 1000 concipere
3129 932 3354 996 meruit,
3402 947 3490 986 se-

1916 1025 2215 1095 metipsum
2248 1026 2394 1080 Deus
2429 1024 2673 1080 Verbum
2710 1023 2874 1077 unire
2927 1022 3184 1092 dignatus
3207 1032 3310 1087 est,
3343 1030 3399 1077 et
3427 1038 3494 1077 ex

1911 1121 2146 1176 materia
2163 1121 2443 1174 viscerum
2465 1120 2586 1189 ejus
2608 1117 2818 1187 absque
2852 1116 2965 1170 ullo
2991 1114 3093 1169 viri
3119 1115 3328 1169 semine
3361 1131 3494 1184 pro-

1912 1212 2033 1282 pria
2066 1210 2317 1280 potentia
2348 1219 2404 1264 et
2432 1210 2638 1263 virtute
2672 1207 3058 1276 semetipsum,
3085 1206 3204 1260 sine
3241 1205 3353 1260 ulla
3384 1214 3497 1259 sta-

1913 1313 2002 1359 tus
2031 1304 2116 1359 sui
2141 1301 2538 1366 diminutione,
2565 1310 2718 1354 creat
2744 1299 3056 1354 secundum
3087 1311 3334 1360 carnem,
3365 1312 3483 1367 pro-

1911 1397 2028 1452 ficit
2049 1397 2103 1451 in
2131 1395 2417 1460 membris,
2445 1394 2505 1448 fit
2528 1395 2719 1459 homo,
2751 1392 3052 1448 secundam
3076 1406 3175 1461 pro
3193 1399 3384 1444 nostra
3409 1406 3498 1444 sa-

1909 1488 2026 1544 lute
2057 1489 2295 1544 sustinet
2324 1485 2700 1550 nativitatem,
2739 1493 3024 1554 postremo
3057 1482 3263 1537 crescit
3285 1481 3338 1535 in
3361 1489 3496 1548 aua-

1913 1582 1985 1639 tis
2014 1590 2391 1655 augmentum.
2426 1579 2643 1636 ldcirco
2676 1593 2808 1634 vere
2829 1585 2887 1632 et
2934 1576 3160 1647 proprie
3187 1573 3498 1630 secundum

1913 1692 2136 1734 carnem
2172 1686 2340 1732 natus
2361 1682 2601 1732 asancta
2632 1672 2862 1744 Virgine
2899 1687 2930 1726 a
2958 1669 3267 1726 Catholicis
3299 1668 3500 1739 praedi-

1914 1779 2094 1828 catur.
2149 1769 2292 1826 Hinc
2343 1785 2475 1826 vere
2504 1775 2561 1823 et
2595 1763 2820 1838 preprie
2851 1763 3051 1821 eadem
3081 1769 3275 1818 sancta
3327 1759 3499 1831 Virgo

1913 1865 2010 1920 Dei
2037 1863 2290 1920 Genitrix
2314 1861 2586 1918 creditur.

1984 1958 2050 2012 Ν.
2080 1957 2283 2012 Totum
2314 1955 2465 2026 quod
2507 1955 2770 2026 superius
2795 1969 2826 2008 a
2866 1959 2942 2017 te,
2970 1949 3104 2004 licet
3131 1945 3378 2001 involute
3415 1952 3500 1998 ta-

1915 2066 2042 2105 men
2073 2048 2478 2103 rationabiliter
2498 2043 3041 2107 disserividebatur,
3080 2037 3364 2095 conclusio
3384 2036 3502 2090 haec

1913 2150 2161 2197 extrema
2190 2140 2462 2204 confudit,
2489 2128 2610 2209 qua:
2644 2139 2820 2192 Deum
2864 2133 3150 2189 hominem
3202 2130 3408 2184 factum
3445 2135 3502 2182 et

1915 2235 2062 2304 quod
2095 2242 2178 2289 est
2213 2231 2647 2296 intolerabilius,
2693 2226 2997 2284 secundam
3026 2223 3125 2279 Dei
3150 2221 3322 2278 Verbi
3351 2219 3502 2274 nati-

1915 2326 2144 2378 vitatem
2181 2317 2750 2388 andacterexpressit
2785 2337 2796 2370 :
2831 2332 2957 2371 cum
3014 2313 3166 2367 nulla
3204 2325 3295 2364 res
3346 2308 3500 2365 nasci

1917 2415 2164 2472 secundo
2211 2411 2658 2469 substantialiter
2702 2416 2891 2478 queat.
2917 2405 3116 2459 Factus
3139 2410 3324 2455 autem
3356 2400 3503 2452 Deus

1916 2507 2106 2572 homo,
2139 2503 2419 2576 quomodo
2459 2510 2571 2557 ate
2624 2498 2988 2572 praedicatur,
3037 2509 3164 2549 cum
3201 2490 3340 2546 illud
3382 2487 3503 2543 ﬁeri

1917 2599 2146 2666 dicitur,
2179 2597 2329 2670 quod
2366 2595 2608 2652 necdum
2650 2600 2868 2648 exstare
2899 2587 3188 2652 videatur,
3218 2583 3308 2640 vel
3334 2599 3403 2637 ex
3435 2597 3504 2638 eo

1918 2692 2068 2762 quod
2099 2699 2182 2748 est
2223 2691 2282 2746 in
2320 2687 2459 2744 illud
2495 2684 2704 2758 aliquid
2738 2681 2979 2738 vertitur
3038 2687 3100 2734 ut
3131 2677 3352 2734 desinat
3379 2687 3504 2729 esse

1918 2781 2068 2854 quod
2097 2788 2216 2837 erat
2233 2780 2257 2834 ?

1991 2874 2053 2930 C.
2093 2874 2234 2929 Hinc
2280 2887 2479 2942 nempe
2540 2864 2830 2925 tremenda
2883 2871 3004 2926 est,
3038 2865 3095 2915 et
3124 2852 3502 2918 admirabilis,

231 2959 386 3032 551
421 2969 671 3016 "teni-em
701 2960 942 3024 ιέιιίοιιθ,
979 2959 1366 3031 imperfecmn
1420 2966 1570 3015 recte
1595 2959 1812 3031 judica-
1845 2966 1888 3026 (ι
1916 2967 2072 3038 juxta
2090 2978 2315 3020 carnem
2333 2961 2432 3017 Dei
2457 2959 2631 3016 nostri
2649 2954 2894 3012 secunda
2916 2950 3198 3014 nativitas,
3218 2957 3502 3014 magnum-

232 3055 312 3110 bit
343 3055 648 3109 humanam
695 3053 902 3108 habere
961 3052 1471 3123 naturam?Neque
1519 3052 1673 3107 enim
1713 3051 1812 3122 qui

233 3148 310 3203 uti
333 3162 436 3220 pro
461 3156 720 3218 tempore
744 3161 859 3201 non
893 3153 1081 3216 potest
1124 3145 1342 3200 ratione
1363 3184 1378 3211 ,
1431 3143 1558 3198 ideo
1601 3143 1815 3208 aliquid

232 3241 309 3295 illi
335 3240 532 3296 deesse
563 3237 896 3309 probabitur
923 3251 956 3292 a
987 3235 1311 3291 definitione
1362 3243 1575 3296 naturae
1615 3234 1816 3288 buma-

229 3347 341 3405 nat;
375 3331 687 3398 cum,sicut
736 3338 958 3385 veteres
986 3327 1348 3393 definierunt,
1391 3325 1533 3380 nihil
1561 3326 1633 3381 sit
1660 3324 1816 3380 aliud

232 3422 416 3489 homo,
443 3435 621 3492 quam
672 3417 875 3474 animal
902 3419 1181 3475 rationale
1239 3417 1498 3473 mortale.
1535 3416 1623 3471 An
1670 3415 1818 3471 forte

233 3515 454 3587 aliquis,
490 3513 630 3584 quia
653 3527 768 3567 non
791 3517 1029 3566 utuntur
1050 3509 1268 3582 parvuli
1328 3507 1569 3572 ratione,
1596 3505 1820 3560 irratio-

233 3605 439 3661 nabilia
465 3603 735 3660 animalia
757 3601 994 3659 tentabit
1023 3616 1120 3657 eos
1150 3613 1419 3664 asserere,
1445 3611 1587 3667 quos
1623 3595 1816 3666 utique

236 3707 482 3772 tempore
516 3711 772 3769 congruo
798 3711 913 3751 non
942 3694 1291 3750 extrinsecus
1319 3690 1622 3746 adveniens
1652 3687 1818 3753 ratio,

235 3791 328 3846 sed
344 3791 698 3862 lntrinsecus,
718 3797 917 3844 natura
934 3784 1398 3842 subministrante
1414 3778 1613 3836 ditabit
1628 3780 1652 3834 ?
1670 3779 1819 3847 Qua-

234 3889 464 3955 propter
485 3887 698 3936 natura
723 3880 983 3944 humana,
1011 3891 1136 3948 quae
1188 3875 1328 3930 latet
1355 3873 1412 3928 in
1454 3873 1687 3928 materia
1729 3885 1821 3926 se—

236 3973 417 4040 minis,
441 3989 554 4028 non
592 3980 694 4028 aut
722 3972 884 4038 nihil,
911 3979 1008 4027 aut
1032 3967 1357 4040 imperfecta
1385 3975 1492 4032 est,
1523 3972 1821 4034 antequam

236 4065 288 4122 in
312 4081 466 4121 suam
494 4063 944 4128 subsistentiam,
977 4062 1092 4117 Deo
1118 4077 1187 4116 ex
1218 4059 1339 4131 ipsa
1365 4065 1593 4113 creante
1612 4055 1823 4110 forme-

238 4167 344 4226 tur,
384 4157 484 4214 sed
514 4156 754 4214 omnino
780 4154 1046 4226 perfecta,
1089 4150 1395 4208 secundum
1438 4163 1605 4219 quam
1645 4144 1823 4202 ratio-

235 4265 357 4306 nem
383 4258 440 4307 et
474 4249 620 4306 Levi
646 4260 776 4303 ante
809 4245 986 4301 multa
1024 4256 1296 4316 tempora,
1351 4255 1519 4313 quam
1553 4239 1611 4295 in
1661 4246 1825 4294 utero

1918 3036 2027 3129 que
2075 3053 2300 3126 pietatis
2362 3054 2483 3108 sine
2534 3049 2702 3105 dubio
2751 3051 3160 3102 sacramentum
3209 3036 3502 3108 probatur,

1917 3127 2064 3219 quod
2090 3152 2325 3217 negatur
2347 3143 2416 3199 ab
2442 3140 2650 3212 impiis,
2683 3137 2816 3209 quia
2839 3149 2952 3192 non
2979 3139 3120 3196 erat,
3151 3128 3249 3184 sed
3265 3127 3362 3198 qui
3383 3135 3506 3183 erat

1918 3237 2167 3293 nascitur
2203 3253 2218 3292 :
2255 3249 2362 3289 nec
2394 3229 2703 3288 secundum
2730 3226 2786 3282 id
2814 3223 2964 3297 quod
2990 3229 3131 3288 erat,
3169 3219 3268 3275 sed
3300 3230 3502 3271 secun-

1919 3329 2051 3386 dum
2084 3327 2140 3382 id
2177 3325 2327 3399 quod
2361 3340 2475 3380 non
2504 3329 2659 3387 erat,
2695 3318 2921 3390 propria
2943 3311 3263 3386 dignatione
3296 3308 3504 3364 forma-

1919 3434 2030 3482 tur.
2070 3421 2174 3490 Qui
2198 3421 2347 3477 enim
2393 3416 2720 3474 naturaliter
2749 3421 2868 3470 erat
2897 3410 3017 3466 sine
3053 3405 3215 3462 initio
3241 3410 3408 3459 natus
3435 3413 3504 3454 ex

1919 3524 2078 3587 patre
2106 3555 2122 3580 ,
2186 3513 2333 3569 idem
2376 3512 2493 3582 ipse
2540 3510 2598 3564 in
2638 3518 2890 3576 tempore
2934 3499 3267 3558 naturaliter
3313 3497 3505 3552 nasci-

1924 3619 2012 3664 tur
2059 3607 2220 3662 nobis
2277 3621 2345 3660 ex
2395 3613 2592 3658 matre.
2635 3600 2718 3656 lbi
2758 3592 3506 3660 secundum'divinitatcm,

1921 3699 2014 3756 hic
2066 3699 2211 3753 idem
2246 3696 2365 3767 ipse
2415 3695 2581 3750 homo
2611 3709 2679 3748 ex
2724 3688 2951 3745 homine
2995 3686 3195 3749 factus,
3248 3682 3507 3738 similiter

1920 3805 2033 3846 non
2084 3788 2391 3845 secundum
2443 3786 2500 3841 id
2548 3783 2700 3855 quod
2737 3789 2879 3846 erat,
2944 3778 3043 3836 sed
3093 3774 3400 3833 secundum
3449 3771 3506 3828 id

1922 3881 2071 3954 quod
2101 3896 2213 3937 non
2243 3889 2384 3935 erat.
2416 3878 2553 3934 Nam
2579 3876 2724 3932 Deus
2781 3872 2878 3944 qtri
2904 3876 3047 3931 erat,
3079 3867 3142 3923 ﬁt
3170 3867 3358 3933 homo,
3387 3864 3508 3920 sine

1922 3975 2008 4031 sui
2036 3971 2422 4034 conversione,
2461 3966 2611 4038 quod
2642 3980 2755 4020 non
2784 3971 2929 4019 erat.
2952 3959 3110 4017 Valet
3133 3958 3318 4027 itaque
3343 3970 3511 4026 argu-

1923 4071 2173 4120 mentum
2202 4070 2299 4118 ate
2323 4061 2622 4131 prolatum,
2655 4055 2724 4111 ad
2745 4069 2874 4111 eum
2894 4051 2991 4122 qui
3020 4049 3231 4119 aliquid
3249 4047 3398 4118 quod
3425 4054 3510 4101 est

1925 4157 2232 4214 secundum
2253 4153 2310 4208 id
2325 4151 2474 4225 quod
2496 4157 2602 4213 est,
2631 4155 2728 4202 aut
2751 4143 2903 4200 nasci
2932 4140 3179 4197 secundo
3196 4137 3510 4201 contendit,

1926 4243 2163 4302 autfieri
2196 4261 2209 4297 :
2242 4241 2312 4298 ad
2341 4255 2445 4296 nos
2475 4253 2609 4294 vero
2641 4235 2780 4291 nihil
2814 4231 3078 4305 pertinet,
3123 4228 3218 4300 qui
3261 4242 3374 4283 non
3421 4243 3510 4282 se-

234 4345 634 4407 seminaretur,
667 4349 763 4397 aut
791 4339 1200 4410 conciperetur,
1255 4336 1313 4391 in
1373 4333 1583 4390 lumbis
1609 4332 1826 4404 positus
1854 4325 1901 4383 D
1929 4337 2174 4396 cundum
2211 4335 2268 4391 id
2303 4332 2453 4404 quod
2475 4339 2616 4397 erat,
2645 4337 2704 4385 et
2726 4335 2919 4384 natum
2941 4321 3186 4380 secundo
3219 4330 3278 4377 et
3303 4319 3509 4376 factum

236 4436 469 4494 Abrahae
488 4438 707 4509 legitur
747 4434 1080 4492 decimatus.
1112 4431 1279 4489 Nulla
1301 4437 1491 4485 autem
1524 4441 1614 4483 res
1637 4431 1823 4497 potest

237 4529 496 4585 decimari
543 4543 678 4601 quae
726 4541 840 4583 non
871 4534 978 4582 est.
1004 4526 1116 4582 Res
1145 4539 1280 4595 ergo
1327 4522 1431 4577 ista
1456 4520 1576 4576 sive
1623 4524 1826 4573 natura

239 4639 355 4694 qua:
382 4625 438 4679 in
469 4622 706 4678 occulto
731 4630 840 4686 est,
865 4617 1116 4691 quandiu
1142 4614 1488 4688 producatur
1512 4610 1584 4667 ad
1617 4611 1822 4676 lucem,

237 4717 386 4785 quasi
412 4718 469 4772 in
498 4713 823 4773 substantia
841 4728 873 4768 a
893 4713 1080 4767 minus
1102 4704 1548 4778 intelligentibus
1579 4703 1824 4759 aestima-

1931 4434 2104 4489 Deum
2134 4429 2415 4485 hominem
2432 4423 2818 4496 praedicamus.
2853 4417 2962 4475 Sed
2981 4417 3093 4489 jam
3126 4413 3291 4471 istius
3318 4413 3514 4482 dispu-

1931 4524 2178 4589 tationis,
2203 4522 2248 4578 si
2269 4521 2469 4592 placet,
2502 4519 2607 4573 iste
2641 4514 2714 4571 sit
2735 4511 2878 4567 ﬁnis.
2903 4509 2962 4566 Si
2980 4522 3090 4580 qua
3118 4520 3252 4564 vero
3275 4511 3508 4568 restant,

1929 4617 1999 4673 ab
2033 4614 2260 4673 alterius
2291 4605 2779 4669 sermocinationis
2804 4601 3160 4673 inquirantur
3185 4595 3437 4655 exordio.

284 4867 3498 4933 ______________________________.__._____—

1277 5125 1280 5127 -
1339 5062 1702 5155 LIBER
1774 5052 2428 5151 SECUNDUS.

575 5404 930 5466 CAPITULA
967 5400 1149 5460 LIBRI
1178 5363 1495 5458 securim.

245 5550 280 5608 ι.
323 5550 394 5604 De
432 5547 687 5603 naturali
712 5547 904 5601 unione
937 5542 1033 5598 Dei
1079 5539 1227 5596 Verbi
1263 5539 1403 5610 facta
1447 5534 1518 5591 ad
1550 5533 1824 5605 propriam

374 5658 620 5698 carnem.

1925 5347 1989 5404 ll.
2032 5344 2180 5411 Quod
2202 5359 2265 5398 ex
2290 5343 2565 5398 divinitate
2591 5349 2639 5395 et
2666 5341 2998 5396 humanitate
3020 5337 3263 5396 Christus
3295 5351 3505 5408 compo-

2065 5439 2198 5492 situs
2233 5435 2505 5491 doceatur.

1930 5529 2019 5589 Ill.
2047 5531 2124 5584 De
2164 5545 2223 5584 eo
2271 5530 2410 5601 quod
2443 5531 2619 5581 dicunt
2671 5525 2898 5578 alterum
2947 5523 3003 5577 in
3046 5521 3248 5592 altera,
3277 5523 3376 5580 hoc
3403 5532 3506 5596 est,

2070 5621 2237 5676 Deum
2275 5620 2486 5676 Verbum
2520 5618 2759 5673 habitare
2787 5618 2837 5670 in
2871 5615 3097 5672 nomine.
