3984 6296
504 201 602 269 131

675 415 736 468 in
755 413 930 469 triduo
953 415 1274 470 resuscitabo
1295 414 1433 471 illud
1453 417 1518 472 ⁷⁸.
1565 436 1584 468 ι

494 501 567 564 ν.
606 502 759 571 Quod
791 521 1034 577 perverso
1062 505 1432 578 intelligentia:
1452 523 1610 561 sensu
1635 509 1921 580 accipiant,
1953 511 2093 580 quod

639 596 896 666 scriptum
915 604 988 650 est
1017 613 1036 650 :
1062 595 1208 652 «Nisi
1237 595 1690 652 manducaueritis
1715 614 1934 652 carnem
1964 595 2094 652 Filii
2192 621 2196 626 -

647 686 892 751 hominis,
925 703 1031 740 non
1062 687 1318 742 habebitis
1347 689 1512 742 vitam
1536 688 1594 742 in
1627 687 1767 744 vobis
1783 689 1852 744 ⁷⁸.
1888 706 1908 742 ι

505 774 592 832 VI.
633 775 786 842 Quod
820 795 925 833 non
959 779 1180 834 credant
1219 781 1383 836 vitam
1411 795 1522 836 esse
1557 796 1678 836 eum
1699 781 1794 853 qui
1833 780 2092 838 aJudaris

709 879 788 926 est
810 871 1114 939 cruciﬁxus.

495 958 610 1016 VII.
651 959 804 1028 Quod
833 963 1099 1018 hominem
1126 968 1524 1035 tantummodo,
1563 985 1670 1023 non
1695 967 1901 1035 Deum,
1931 985 2092 1025 carne

711 1053 1024 1122 cruciﬁxum
1051 1072 1161 1112 esse
1191 1057 1490 1127 fateantur.

497 1143 634 1198 VIII.
671 1143 750 1198 De
801 1162 860 1198 eo
911 1138 1051 1217 quod
1089 1151 1348 1221 scriptum
1385 1157 1493 1214 est,
1556 1170 1576 1204 ι
1607 1150 1868 1208 Dominus
1901 1152 2091 1227 gloria

711 1235 996 1304 cruciﬁxus
1015 1238 1086 1292 "".
1133 1258 1152 1290 s

497 1325 592 1380 IX.
633 1325 712 1381 De
745 1344 804 1383 eo
832 1329 970 1399 quod
1004 1330 1186 1385 dicunt
1216 1349 1234 1386 :
1261 1331 1528 1390 Christum
1544 1352 1762 1407 passum
1797 1353 2088 1408 carne,non

715 1416 879 1471 Deum
929 1436 1146 1500 passum
1177 1439 1339 1500 carne
1384 1423 1629 1493 conﬁteri
1667 1425 1871 1482 debere.
1907 1425 1982 1482 Et
2025 1427 2090 1481 de

711 1524 771 1561 eo
819 1511 958 1580 quod
991 1513 1248 1582 scriptum
1291 1521 1368 1568 est
1407 1530 1428 1570 :
1469 1533 1488 1567 ι
1527 1515 1812 1572 Dominum
1863 1533 1986 1587 eum
2037 1525 2088 1574 et

709 1599 976 1656 Christum
1003 1603 1139 1658 Deus
1168 1604 1289 1675 fecit
1302 1607 1370 1662 ⁷⁸.

495 1687 568 1746 Χ.
613 1689 688 1746 De
717 1695 1030 1750 testimoniis
1063 1698 1250 1768 quibus
1300 1717 1496 1770 purum
1541 1701 1807 1758 hominem
1837 1719 1961 1759 eum
1995 1707 2087 1778 qui
2119 1687 2161 1744 Β

673 1803 773 1857 pro
810 1796 993 1843 nostra
1035 1789 1211 1845 salute
1239 1808 1429 1864 passus
1461 1801 1559 1862 est,
1593 1795 1966 1852 demonstrare
1999 1798 2084 1852 ni-

673 1889 881 1936 tuntur.

491 1963 585 2025 XI.
611 1968 767 2038 Quod
782 1972 1095 2030 nullatenus
1107 1977 1268 2031 unius
1284 1978 1625 2052 ejusdemque
1644 1982 1939 2046 mirabilia,
1962 2001 2088 2055 pas-

701 2063 978 2134 sionesque
1005 2065 1303 2134 fateantur.
1351 2066 1424 2121 Et
1453 2067 1516 2122 de
1558 2084 1618 2122 eo
1649 2070 1790 2141 quod
1825 2072 2084 2142 scriptum

705 2159 783 2208 est
825 2155 896 2208 ad
949 2155 1200 2211 Hebraeos
1227 2174 1246 2212 :
1277 2176 1296 2208 ‹
1332 2157 1561 2214 Decebat
1598 2163 1738 2215 enim
1793 2177 1916 2216 eum
1958 2179 2086 2233 pro-

703 2256 824 2321 pter
877 2265 1032 2320 quem
1065 2253 1281 2318 omnia,
1335 2260 1385 2305 et
1413 2269 1509 2324 per
1547 2269 1703 2324 quem
1741 2257 1947 2322 omnia,
1993 2260 2087 2327 qui

706 2338 900 2392 multos
928 2338 1070 2407 ﬁlios
1107 2344 1163 2394 in
1193 2341 1424 2411 gloriam
1452 2343 1784 2410 adduxerat,
1817 2354 2087 2402 auctorem

705 2426 898 2482 salutis
929 2445 1112 2482 eorum
1145 2447 1239 2499 per
1261 2433 1532 2501 passiones
1559 2451 1932 2492 consummare
1957 2439 2024 2492 ".
2059 2458 2077 2491 ι

486 2515 608 2576 XII.
659 2517 736 2572 De
779 2534 838 2572 eo
874 2519 1014 2590 quod
1051 2519 1246 2574 callide
1297 2521 1491 2578 dicitur
1525 2526 1592 2580 ab
1635 2528 1758 2584 eis:
1797 2526 1936 2584 Caro
1988 2529 2088 2585 Dei

707 2614 868 2680 pass'a
901 2609 998 2676 est,
1030 2609 1168 2666 Deus
1193 2621 1374 2668 autem
1400 2631 1562 2670 carne
1597 2633 1788 2688 passus
1819 2635 1926 2675 non
1950 2628 2046 2676 est.

489 2701 629 2758 XIII.
672 2701 920 2768 Qualiter
957 2704 1124 2761 Deum
1153 2709 1402 2779 proprias
1435 2711 1617 2766 carnis
1646 2725 1762 2767 sua:
1783 2713 1966 2784 fecisse
1993 2709 2086 2770 as-

734 2804 920 2851 serunt
947 2799 1242 2869 passiones.

484 2883 628 2942 'XIV.
669 2884 825 2953 Quod
851 2889 1018 2944 Deum
1046 2907 1266 2960 passum
1293 2910 1457 2948 carne
1494 2905 1760 2964 asserant,
1789 2897 1954 2955 Deum
1983 2917 2085 2956 au-

737 2988 842 3035 tem
879 2979 1102 3038 Verbum
1134 3001 1354 3056 passum
1396 3003 1561 3044 carne
1609 2989 1759 3045 nullo
1807 2992 1964 3048 modo
1997 2993 2084 3065 fa-

737 3078 976 3128 teantur.

483 3153 601 3213 XV.
644 3157 797 3226 Quod
831 3170 1029 3233 negant
1053 3161 1222 3220 Deum
1253 3179 1386 3231 esse,
1419 3167 1510 3238 qui
1538 3169 1679 3224 uisus
1703 3177 1755 3224 et
1781 3177 2080 3225 contrecta-

702 3259 786 3305 tus
819 3261 868 3306 et
897 3269 1082 3324 passus
1124 3271 1287 3309 carne
1337 3264 1436 3322 est,
1473 3257 1536 3312 ob
1564 3259 1622 3312 id
1645 3259 1786 3330 quod
1821 3262 2080 3332 scripturn

699 3351 812 3398 est:
845 3363 864 3398 ‹
893 3344 1064 3400 Deum
1097 3363 1250 3402 nemo
1281 3348 1413 3404 vidit
1443 3367 1682 3423 unquam
1695 3353 1768 3408 ⁸⁸.
1807 3372 1830 3408 s

476 3429 628 3491 XVI.
669 3431 823 3500 Quod
857 3435 1174 3494 Trinitatem
1209 3441 1267 3495 in
1291 3439 1499 3497 Christo
1528 3443 1772 3500 habitare
1809 3445 1972 3518 impie
1994 3462 2083 3500 as-

721 3535 924 3599 serant,
953 3536 1004 3582 et
1045 3531 1106 3584 ob
1130 3531 1187 3585 id
1216 3533 1473 3604 scriptum
1498 3543 1575 3590 est
1605 3551 1625 3590 :
1661 3555 1678 3588 ι
1709 3535 1848 3602 Quia
1879 3538 1935 3592 in
1963 3538 2079 3609 ipso

723 3618 931 3674 habitat
957 3623 1130 3678 omnis
1165 3621 1436 3696 plenitudo
1483 3626 1776 3684 diuinitatis
1815 3644 2076 3701 corpora-

704 3708 827 3765 liter
845 3712 914 3767 ".
950 3733 970 3766 ι

476 3795 648 3858 XVII.
689 3799 842 3868 Quod
872 3818 1116 3876 perverse
1147 3805 1317 3863 Deum
1348 3807 1548 3866 Filium
1569 3851 1584 3878 ,
1625 3827 1734 3866 non
1767 3810 1938 3866 Deum
1965 3810 2076 3867 Pa-

732 3904 866 3951 trem
887 3897 944 3950 in
965 3895 1170 3955 Christo
1191 3900 1433 3957 habitare
1453 3912 1716 3966 asserant,
1741 3918 1837 3974 per
1861 3902 1918 3956 id
1935 3905 2074 3975 quod

1775 207 2099 271 JOANNIS
2140 207 2522 272 ΜΑΧΕΝΤῙΙ

497 319 591 378 IV.
623 317 702 374 De
736 334 797 374 eo
831 318 972 392 quod
999 319 1255 393 scriptum
1286 337 1303 376 :
1336 341 1354 373 ‹
1381 317 1580 377 Solvite
1613 322 1872 394 templum
1897 329 2012 388 hoc,
2036 329 2085 376 et
2115 329 2162 384 Α

3679 224 3780 287 132

2471 322 2731 380 Trinitate
2762 332 2999 380 creatum
3037 335 3088 381 et
3118 331 3490 387 resuscitatum
3520 346 3780 402 asserant,

2477 416 2618 485 quod
2649 417 2774 472 dum
2807 417 2994 472 docere
3035 431 3303 476 conantur
3337 424 3501 494 juxta
3535 427 3779 496 Arianos,

2479 505 2750 564 Christum
2789 517 3096 566 creaturam
3125 514 3342 569 credere
3391 517 3784 588 deprehendun-

2483 609 2591 654 tur.

2200 687 2343 744 XIX.
2385 689 2462 744 De
2494 706 2555 746 eo
2587 693 2726 763 quod
2771 693 2993 760 dicunt,
3025 694 3350 752 Homousion
3386 699 3651 768 diuidere,
3711 713 3779 758 est

2437 777 2703 837 Christum
2734 783 2907 838 dicere
2927 802 3093 842 unum
3128 804 3192 843 ea;
3212 788 3492 846 Trinitate.

2199 867 2318 923 XX.
2340 869 2418 924 De
2439 887 2500 924 eo
2519 873 2657 942 quod
2683 873 2856 938 aiunt,
2883 876 3140 948 quidquid
3163 893 3226 933 e1:
3256 878 3439 950 aliquo
3459 897 3568 937 esse
3592 883 3779 939 dicitur

2409 961 2642 1018 alterum
2691 966 2920 1022 ostendit
2947 983 3013 1022 ea:
3051 969 3243 1036 altero,
3291 980 3342 1026 et
3371 972 3488 1026 ideo
3518 971 3779 1031 Christum

2409 1069 2517 1110 non
2568 1066 2774 1127 oportet
2819 1075 2987 1115 unum
3040 1077 3105 1116 ea:
3150 1062 3410 1119 Trinitate
3439 1067 3636 1137 fateri,
3694 1073 3780 1126 sed

2415 1164 2579 1204 unum
2617 1150 2674 1204 in
2690 1149 2952 1208 Trinitate
2980 1163 3030 1208 et
3063 1157 3404 1224 peruersitate
3430 1159 3526 1213 hoc
3545 1160 3688 1216 idem
3719 1162 3778 1216 ab

2408 1241 2537 1312 ipsis
2561 1243 2820 1299 hmreticis
2849 1255 3190 1302 memoretur.

2195 1329 2340 1388 XXI.
2380 1331 2533 1398 Quod
2575 1350 2742 1390 unam
2779 1337 2994 1406 quidem
3046 1355 3331 1410 personam
3387 1339 3657 1398 Christum
3719 1361 3778 1399 es

2413 1424 2667 1482 Trinitate
2687 1429 2981 1500 fateantur,
3016 1430 3283 1489 Christum
3307 1441 3488 1490 autem
3526 1453 3694 1492 unum
3720 1453 3777 1492 es

2415 1517 2679 1574 Trinitate
2728 1520 2890 1576 stulte
2937 1522 3214 1594 denegent.
3273 1525 3348 1582 Et
3379 1527 3522 1598 quod
3556 1545 3663 1582 non
3719 1545 3776 1583 es

2411 1611 2618 1668 duabus
2647 1615 2880 1679 naturis,
2909 1616 3004 1670 sed
3025 1633 3088 1672 ex
3117 1617 3322 1673 duabus
3349 1620 3589 1689 personis
3619 1635 3776 1676 unam

2403 1715 2686 1771 personam
2729 1710 2948 1772 propter
2984 1720 3152 1759 unum
3179 1703 3305 1759 Filii
3343 1706 3680 1776 uocabulum,
3731 1717 3775 1764 et

2401 1788 2717 1860 dignitatem
2737 1798 2788 1844 et
2807 1793 3179 1848 auctoritatem
3200 1791 3472 1850 Christum
3492 1811 3606 1851 esse
3626 1799 3777 1869 impie

2403 1879 2794 1934 machinentur.

2185 1965 2359 2024 ‘XXII.
2401 1966 2480 2023 De
2527 1984 2587 2023 eo
2615 1969 2757 2040 quod
2783 1978 3028 2026 asserant
3077 1971 3214 2053 nihil
3246 1991 3341 2030 nos
3384 1974 3660 2046 afﬁrmare
3687 1975 3773 2030 dc-

2472 2061 2614 2126 bere,
2646 2063 2787 2133 quod
2813 2080 2920 2119 non
2957 2065 3014 2119 in
3039 2063 3331 2138 Scripturis
3357 2067 3629 2122 canonicis
3655 2085 3773 2122 con-

2471 2153 2692 2217 tinetur,
2714 2155 2850 2210 etde
2875 2171 2978 2242 quo
3004 2157 3187 2212 dolose
3206 2157 3408 2223 dicant,
3433 2161 3548 2212 sine
3573 2157 3772 2216 Christo

2473 2245 2791 2302 Trinitatem
2810 2265 2917 2302 non
2950 2263 3061 2304 esse
3083 2267 3102 2305 :
3133 2259 3184 2304 et
3213 2251 3352 2321 quod
3380 2252 3571 2306 invicte
3595 2259 3772 2306 contra

2475 2349 2654 2389 omnes
2683 2351 2816 2407 pene
2838 2352 3021 2392 eorum
3036 2339 3299 2394 versutias
3321 2349 3630 2412 opponatur
3650 2339 3772 2394 illud

2479 2426 2620 2497 quod
2679 2428 2936 2498 scriptum
2981 2435 3106 2506 est:
3150 2447 3170 2481 α
3201 2429 3336 2484 Ecce
3381 2428 3558 2486 Adam
3608 2431 3771 2502 factus

2471 2527 2549 2572 est
2580 2520 2736 2590 quasi
2760 2536 2896 2575 unus
2925 2537 2990 2575 ea:
3011 2519 3236 2576 nobis”.
3273 2539 3294 2574 ι

2187 2603 2382 2662 XXIII.
2432 2604 2510 2662 De
2560 2623 2620 2663 eo
2665 2610 2806 2680 quod
2837 2625 2902 2664 ea:
2946 2611 3075 2682 ipsis
3117 2613 3341 2683 quidam
3377 2612 3562 2668 dolose
3609 2613 3771 2670 Deum

2463 2705 2654 2753 natum
2675 2715 2740 2753 ex
2763 2699 2962 2770 femina
2983 2699 3156 2755 dicere
3166 2702 3484 2770 videantur;
3508 2700 3772 2759 Christum

2471 2805 2599 2844 vero
2637 2805 2805 2844 unum
2832 2805 2896 2844 ea:
2946 2789 3208 2846 Trinitate
3235 2791 3546 2848 nullatenus
3576 2808 3776 2849 assess-

2468 2889 2610 2948 rent,
2634 2889 2682 2936 et
2711 2881 2776 2936 de
2799 2897 2858 2936 eo
2903 2881 3048 2953 quod
3095 2883 3278 2937 dicunt
3307 2900 3324 2938 :
3359 2883 3573 2954 Sufﬁcit
3633 2885 3782 2968 nobis.

2471 2974 2568 3028 hoc
2619 2972 2896 3044 conﬁteri,
2956 2975 3154 3031 nostris
3187 2975 3429 3032 volumus
3461 2979 3540 3032 uti
3579 2992 3764 3032 sermo

2471 3067 2648 3123 nibus.

2186 3177 2378 3236 XXIV.
2419 3177 2572 3246 Quod
2591 3179 2784 3236 callide
2805 3182 3015 3238 dicatur
3035 3182 3098 3238 ab
3126 3187 3222 3250 eis,
3249 3185 3296 3239 si
3316 3185 3768 3256 idipsumjudica-

2481 3275 2548 3329 tis
2579 3269 2720 3341 esse,
2730 3275 2870 3347 quod
2886 3293 2919 3332 a
2941 3277 3082 3332 vobis
3109 3286 3160 3332 et
3190 3278 3333 3333 nobis
3354 3278 3547 3332 dicitur
3576 3295 3598 3334 :
3636 3277 3762 3344 Quo-

2472 3365 2626 3420 modo
2661 3382 2756 3421 nos
2784 3375 2842 3421 ut
2887 3369 3160 3423 hcereticos
3205 3367 3504 3434 wstimatis,
3533 3372 3666 3440 quia
3698 3385 3773 3425 ue-

2469 3457 2595 3514 stris
2619 3457 2864 3514 nolumus
2879 3460 2958 3514 uti
2977 3460 3332 3530 sermonibus,
3362 3477 3428 3515 ne
3449 3463 3772 3518 occasionem

2469 3547 2593 3604 aliis
2618 3549 2876 3606 hcereticis
2925 3538 3274 3623 prcebeamus.

2184 3637 2350 3697 XXV.
2390 3637 2470 3695 De
2499 3656 2559 3696 eo
2589 3643 2728 3714 quod
2781 3643 2960 3698 dicunt
2989 3659 3010 3699 :
3030 3641 3186 3698 Nihil
3234 3644 3466 3717 amplius
3504 3653 3768 3718 oportere,

2433 3733 2536 3788 nisi
2583 3733 2724 3804 quod
2746 3734 2915 3790 uerbis
2943 3737 3134 3808 synodi
3161 3739 3480 3804 continetur,
3510 3753 3767 3805 asserere,

2438 3829 2490 3878 et
2528 3825 2668 3896 quod
2699 3826 2972 3882 haereticos
2986 3828 3228 3899 judicent
3248 3845 3356 3895 eos,
3374 3831 3464 3902 qui
3481 3830 3765 3886 consimili-

2435 3924 2536 3984 ter,
2568 3925 2628 3972 ut
2658 3917 2760 3990 ipsi
2781 3919 3120 3992 respondent,
3143 3921 3278 3976 duas
3307 3921 3517 3994 quidem
3544 3931 3766 3978 naturas

727 3989 982 4060 scriptum
1008 3997 1085 4046 est
1116 4007 1136 4046 :
1162 4011 1180 4046 ι
1206 3991 1347 4050 Deus
1371 4005 1487 4050 erat
1509 3997 1566 4049 in
1582 3993 1790 4050 Christo
1815 3995 2068 4074 mundum

645 4071 650 4076 ’
726 4079 1076 4138 reconcilians
1105 4083 1206 4138 sibi
1221 4084 1289 4138 ⁸³.
1327 4104 1348 4138 ι
1888 4071 1895 4074 ’
2161 4077 2172 4082 ’

475 4158 667 4222 XVIII.
707 4163 866 4233 Quod
890 4168 1307 4246 Christumgnon
1343 4155 1558 4233 carnem
1580 4177 1797 4251 Christi,
1825 4201 1858 4240 a
1878 4193 2067 4241 sancta

2428 4009 2598 4064 verbis
2617 4011 2740 4066 aliis
2775 4013 3032 4080 dicimus;
3055 4015 3242 4068 uestris
3266 4030 3391 4071 uero
3422 4014 3673 4070 nolumus
3693 4017 3766 4070 uti

2427 4101 2792 4168 sermonibus,
2841 4119 2908 4158 ne
2964 4103 3087 4160 aliis
3129 4104 3386 4162 hrereticis
3435 4107 3766 4162 occasionem

2421 4192 2556 4248 dare
2583 4193 2881 4252 uideamur.
3749 4199 3760 4208 ’

1799 4456 2453 4528 INTERLOCUTORES.

1513 4599 2126 4686 NESTORIANUS,
2175 4611 2728 4700 CATHOLICUS,

1353 4737 1646 4802 PRIMUM.
2095 4754 2148 4816 D
2168 4755 2442 4831 arbitror)
2467 4761 2721 4818 creditur
2739 4762 3005 4833 alienum,
3045 4765 3220 4822 Deum
3247 4765 3495 4825 Verbum
3527 4775 3758 4824 natura-

539 4817 1336 4930 ‘NESTOBIANUSLMemini
1355 4839 1504 4890 'te'et
1539 4833 1600 4892 in
1625 4838 1910 4930 superiori
1949 4854 2071 4900 ser-
2163 4846 2298 4904 liter
2317 4817 2576 4908 humana:
2610 4817 3762 4930 natuia'uniumqudniuvm-boc

467 4925 680 5023 mque,
709 4915 1200 5023 “qum‘qumsitum
1247 4919 1478 4992 fuisset,
1520 4936 1710 4984 utrum
1754 4929 1813 4985 in
1839 4930 2068 5023 duabus
2168 4939 2336 4996 modo
2362 4951 2516 5000 recte
2536 4953 2727 5014 posset
2746 4944 3004 5018 intelligi,
3026 4947 3074 5004 si
3096 4915 3342 5019 placeat,
3365 4915 3630 5023 primitus
3662 4915 3759 5010 in?

467 5000 994 5062 naturistristum
1021 5009 1304 5080 crederes,
1335 5018 1712 5088 respondisse,
1735 5021 1796 5078 In
1821 5021 2063 5094 duabus,
2155 5032 2446 5104 quiratur.

468 5094 1252 5206 sed‘naturalieonrentione
1289 5106 1484 5166 unitis.
1520 5109 1682 5178 Quod
1707 5113 1838 5183 quia
1875 5115 2062 5172 subito
2181 5094 2202 5104 ’
2237 5094 2692 5183 CATHOLICIIS.
2751 5127 2923 5185 Ilulta
2947 5129 3172 5202 quidem
3207 5132 3268 5189 in
3307 5135 3596 5206 superiore
3634 5151 3758 5193 ser-

471 5185 535 5241 in
559 5186 794 5296 alterius
825 5191 1149 5296 quastionis
1173 5199 1434 5270 prorupit
1449 5201 1790 5296 indaginem,
1825 5205 2067 5264 dilatum
2095 5235 2106 5242 τ
2167 5226 2333 5270 mone
2353 5213 2712 5285 disserentes,
2730 5221 2946 5276 nullum
2958 5185 3194 5294 inpud‘le
3538 5185 3757 5286 ξαίέῇ

469 5287 561 5376 est
594 5279 694 5376 ibi
715 5280 786 5338 de
799 5297 882 5376 eo
912 5285 1125 5358 aliquid
1156 5304 1432 5360 quaerere.
1457 5292 1620 5352 Nunc
1636 5312 1771 5356 vero
1790 5301 2056 5371 quoniam
2163 5301 2469 5372 potuimus,
2499 5306 2632 5376 quia
2680 5279 2842 5365 mens
2886 5279 3240 5368 non'sansrir
3257 5279 3755 5374 sed

467 5368 643 5428 nimis
679 5371 936 5446 impium,
967 5385 1026 5433 et
1050 5378 1344 5439 catholicis
1371 5382 1727 5457 dogmatibus
1764 5368 2057 5464 (quantum
2163 5368 2346 5464 piens,
2399 5368 2595 5454 auersa
2643 5398 2714 5456 ab
2761 5400 2851 5458 bis
2897 5418 3020 5482 qua:
3051 5368 3353 5475 dicuntur,

543 5551 774 5650 133.239-
792 5559 1051 5650 Ιέναίθι.
1083 5559 1348 5650 3⁸29³³³·
1377 5581 1472 5650 νει.
1496 5567 1617 5650 54;-
1659 5570 1783 5650 ."1
1811 5572 1945 5630 Cor-
1962 5590 2036 5650 11.
2066 5577 2098 5632 ε

2219 5579 2265 5612 ⁷⁸
2294 5579 2417 5636 Act.
2456 5597 2519 5650 η,
2555 5583 2644 5639 56.

574 5585 581 5586 ί
613 5585 774 5611 suam.
800 5585 861 5622 ιι,
923 5585 1014 5616 nr.
1115 5585 1158 5594 ’-
1187 5585 1348 5618 suun.
1377 5585 1453 5630 v1,
1496 5585 1586 5625 ad.
1686 5585 1728 5603 "
1759 5585 1778 5627 Ι
1811 5585 1945 5630 uor.
1974 5590 2036 5642 ll,
2066 5585 2098 5632 8

479 5619 758 5680 "Colon.
791 5627 929 5694 11,9.
1005 5629 1052 5663 ³³
1083 5629 1130 5685 Il
1161 5629 1290 5688 Cor.
1324 5635 1494 5702 v,19.
1570 5639 1618 5672 ⁸⁸
1652 5639 1792 5698 Gen.
1844 5659 1922 5709 ﬂ],
1957 5645 2048 5702 22.

2191 5585 2265 5668 ‘7'
2294 5585 2417 5636 Act.
2456 5597 2519 5650 η,
2555 5585 2644 5639 56.
2747 5586 2795 5622 τ’
2825 5585 2996 5642 Hebr.
3030 5603 3092 5655 η,
3123 5589 3210 5646 l0.

3311 5591 3358 5624 ⁸⁸
3387 5591 3548 5648 Joan.
3584 5608 3624 5659 ι,
3660 5593 3746 5649 18.

435 5687 468 5724 ,Ά
