3984 6296
265 197 368 262 133

1152 192 1352 254 DIAL.
1395 189 1695 252 CONTRA
1727 187 2280 270 NESTORIANOS.
2315 217 2382 226 -
2419 193 2564 256 LIB.
2602 193 2684 253 II.

3426 197 3550 262 ’134

260 312 411 369 aliud
449 312 665 366 intenta
693 318 802 373 est,
843 305 950 362 nisi
988 317 1048 360 ut
1095 304 1382 359 inveniat:
1413 302 1561 372 quod
1600 318 1700 372 pro
1742 301 1860 356 suis
1886 306 1933 362 Α
1961 310 2056 355 aut
2094 302 2416 359 inconfusus
2445 313 2673 361 naturas
2719 306 2779 362 in
2806 306 3030 364 Christo
3070 311 3302 379 potestis
3334 311 3543 384 dicere,

262 404 512 476 partibus
548 402 882 470 eloquatur,
915 407 1258 469 quapropter
1299 395 1596 467 oportebat
1623 393 1850 464 quidem

264 496 404 552 nihil
434 493 666 549 ulterius
700 502 883 548 tecum
925 489 994 544 de
1019 505 1080 543 re
1115 502 1330 543 summa
1372 485 1712 556 disquirere.
1743 482 1851 539 Sed

266 605 337 643 ne
370 603 470 642 nos
493 588 618 650 hoc,
649 584 871 640 defectu
891 583 1078 654 potius
1109 579 1364 645 rationis,
1390 594 1557 648 quam
1583 575 1854 634 modestia

262 679 444 735 facere
474 680 740 742 restitues,
790 677 1043 747 cogimur
1077 681 1273 729 contra
1317 671 1667 742 propositum
1689 710 1706 734 ,
1743 669 1855 726 tuis

259 769 675 842 ebjectionibus
714 764 1078 837 respondere.
1111 764 1302 833 Itaque
1333 761 1524 816 dixisti
1567 760 1645 834 (ni
1671 758 1854 831 fallor)

260 861 438 916 Deum
455 859 704 915 Verbum
738 857 1074 912 naturaliter
1111 855 1368 908 humana:
1393 861 1607 908 natura:
1638 851 1856 905 unitum

261 953 492 1008 credere
519 992 534 1016 ,
586 950 816 1020 impium
867 963 1028 1011 esse,
1068 954 1124 1000 et
1173 945 1470 1000 catholicis
1505 944 1858 1015 dogmatibus

262 1043 532 1107 alienum,
567 1048 911 1112 quapropter
948 1054 1049 1093 cur
1072 1037 1178 1091 hoc
1205 1037 1512 1092 arbitratus
1530 1052 1612 1103 es,
1637 1035 1859 1106 planius

263 1142 317 1188 te
345 1133 609 1188 convenit
633 1132 934 1201 explicare.

338 1226 408 1280 Ν.
455 1214 734 1294 Quidquid
783 1225 843 1276 lit
870 1221 1226 1285 naturaliter,
1281 1236 1392 1274 non
1415 1220 1723 1285 voluntate,
1760 1221 1860 1276 sed

265 1317 602 1371 necessitate
650 1315 769 1370 ﬁeri
816 1314 1173 1384 intelligitur,
1214 1322 1272 1368 et
1297 1313 1422 1368 ideo
1454 1313 1500 1368 si
1531 1315 1860 1372 naturaliter

265 1409 414 1464 Deus
450 1409 694 1463 Verbum
744 1406 986 1477 prOpriae
1014 1405 1170 1460 carni
1214 1406 1407 1460 unitus
1436 1414 1542 1471 est,
1593 1422 1705 1461 non
1745 1407 1860 1478 jam

268 1499 728 1563 misericorditer,
788 1498 886 1554 sed
933 1498 1179 1568 impulsu
1227 1497 1470 1552 naturali
1515 1497 1622 1553 hoc
1662 1498 1860 1556 fecisse

165 1604 170 1608 '
266 1590 582 1646 credendus
617 1599 724 1645 est.

254 1693 259 1712 ³
337 1683 399 1738 C.
429 1682 635 1738 Defmis
683 1698 817 1754 ergo
863 1681 1124 1737 universa
1151 1696 1274 1751 qua:
1300 1679 1630 1735 naturaliter
1649 1680 1852 1737 dicun-

270 1784 381 1839 tur,
404 1773 736 1830 necessitate
759 1773 878 1828 lieri
915 1789 1025 1828 non
1058 1773 1343 1828 voluntate
1367 1773 1391 1826 Ἰ

336 1866 404 1920 Ν.
423 1865 536 1920 Hoc
558 1856 822 1930 arbitror,
845 1864 1086 1935 denique
1109 1863 1378 1928 esuriem,
1398 1863 1570 1926 sitim,
1599 1879 1854 1919 somnum

269 1974 383 2012 non
406 1958 712 2020 voluntate,
747 1957 843 2011 sed
880 1955 1129 2010 naturale
1168 1956 1454 2026 patimur;
1490 1956 1638 2026 quod
1669 1967 1856 2011 autem

273 2063 388 2102 non
419 2047 474 2102 [lt
497 2049 800 2111 voluntate,
824 2047 1036 2116 geritur
1061 2045 1181 2100 sine
1204 2045 1374 2100 dubio
1402 2046 1736 2101 necessitate
1759 2062 1858 2100 na-

274 2147 435 2194 turae.
472 2139 600 2194 Haec
626 2156 748 2210 quae
787 2139 946 2201 dicis,
987 2137 1312 2206 composita:
1343 2146 1399 2192 et
1425 2138 1702 2206 passibilis
1751 2153 1854 2192 na-

272 2237 417 2283 turae
445 2238 575 2283 sunt
616 2233 860 2298 propria,
896 2227 1222 2297 impassibili
1257 2235 1444 2281 autem
1474 2235 1530 2280 et
1563 2227 1856 2296 incompo-

274 2321 393 2376 sitae
445 2337 552 2375 non
600 2331 684 2374 est
719 2321 867 2375 aliud
922 2319 1284 2384 naturaliter,
1343 2320 1494 2374 aliud
1543 2320 1855 2376 voluntarie

272 2410 554 2481 quidpiam
582 2412 784 2474 facere,
816 2410 912 2466 sed
954 2427 1182 2481 prorsus
1209 2425 1381 2464 unum
1417 2419 1583 2480 atque
1616 2409 1856 2480 idipsum

271 2509 378 2557 est.
411 2503 548 2570 Quia
585 2503 662 2556 ibi
701 2518 816 2556 non
844 2502 997 2556 aliud
1035 2511 1120 2558 est
1143 2510 1361 2566 natura,
1384 2501 1534 2557 aliud
1566 2502 1853 2569 voluntas,

272 2593 367 2651 sed
398 2605 594 2649 natura
613 2595 871 2648 voluntas
896 2603 1001 2656 est,
1033 2602 1089 2648 et
1116 2593 1373 2650 voluntas
1396 2603 1614 2648 natura.
1642 2594 1857 2650 Idcirco

272 2685 416 2740 Deus
440 2687 708 2747 Verbum,
737 2684 829 2740 cui
860 2685 1011 2739 nulla
1043 2685 1300 2739 voluntas
1330 2693 1415 2739 est
1442 2684 1725 2751 accidens,
1761 2693 1857 2740 aut

273 2787 468 2832 natura
524 2777 828 2847 passibilis,
892 2792 1018 2832 cum
1073 2777 1277 2830 dicitur
1325 2776 1655 2830 naturaliter
1700 2777 1856 2831 carni

273 2869 483 2934 unitus,
521 2884 634 2922 non
657 2866 1008 2934 necessitate,
1036 2867 1135 2923 sed
1166 2866 1453 2921 voluntate
1483 2867 1731 2921 creditur
1752 2867 1857 2922 hoc

272 2961 487 3018 fecisse.
523 2961 786 3031 Alioquin
836 2976 1045 3031 quzero,
1095 2968 1282 3014 utrum
1313 2959 1640 3013 naturaliter
1681 2959 1857 3014 Deum

273 3052 462 3108 credas
502 3066 629 3105 esse
663 3067 734 3104 an
759 3049 1112 3104 voluntarie?
1145 3048 1201 3103 Si
1234 3047 1384 3103 enim
1428 3047 1740 3102 voluntarie
1773 3047 1860 3103 di-

271 3143 435 3209 xeris,
473 3143 740 3213 sequitur
769 3151 830 3197 ut
862 3157 978 3196 non
1011 3140 1083 3196 sit
1107 3139 1438 3195 naturaliter
1463 3139 1632 3194 Deus.
1665 3139 1722 3195 Si
1758 3155 1859 3194 au-

273 3249 380 3294 tem
399 3237 738 3294 naturaliter
769 3238 956 3311 pergis
977 3252 1249 3303 asserere,
1279 3237 1389 3292 erit
1410 3250 1543 3306 ergo
1572 3237 1729 3306 juxta
1762 3251 1862 3292 vos

272 3331 414 3401 Deus
439 3333 799 3396 necessitate,
838 3347 948 3386 non
988 3330 1297 3394 voluntate,
1333 3327 1483 3398 quod
1504 3328 1572 3383 de
1597 3328 1711 3384 Deo
1737 3344 1862 3384 cre-

272 3424 398 3481 dere
429 3441 630 3497 magna
663 3423 942 3479 dementia
975 3430 1080 3478 est.
1110 3423 1178 3478 Et
1207 3421 1332 3476 ideo
1351 3436 1462 3475 non
1491 3430 1577 3476 est
1605 3419 1859 3490 impium,

268 3531 372 3571 nec
409 3533 438 3571 a
485 3514 783 3571 catholicis
810 3512 1164 3587 dogmatibus
1192 3513 1474 3578 alienum,
1514 3512 1689 3567 Deum
1723 3512 1861 3568 Ver-

275 3609 401 3664 bum
443 3608 777 3664 naturaliter
805 3605 1045 3678 proprire
1073 3607 1226 3661 carni
1266 3604 1482 3659 unitum
1515 3604 1762 3671 credere,
1790 3604 1861 3660 ad

273 3701 650 3757 excludendos
705 3715 803 3756 eos
853 3699 949 3769 qui
1001 3705 1258 3753 naturam
1311 3695 1691 3752 inviolabilem
1745 3712 1862 3753 non

275 3794 502 3849 credunt
553 3792 890 3848 naturaliter
923 3790 1136 3845 unitam
1173 3796 1387 3844 natura:
1437 3789 1720 3859 passibili,
1763 3789 1861 3845 sed

274 3901 515 3956 personae
550 3886 748 3940 nescio
773 3884 930 3956 cujus
946 3885 1058 3954 jam
1089 3881 1336 3936 formata:
1356 3883 1412 3936 in
1437 3890 1597 3936 utero
1620 3882 1863 3940 hominis

274 3975 439 4030 Deum
472 3974 788 4034 secundum
817 3975 1073 4046 gratiam,
1115 3973 1233 4028 sive
1273 3971 1579 4047 secundum
1615 3971 1861 4028 illustra-

274 4067 496 4134 tionem,
528 4068 622 4123 vel
655 4077 806 4124 certe
821 4065 1178 4123 dilectionem
1208 4065 1457 4120 fatentur
1480 4064 1718 4124 unitum.

257 4163 269 4268 ἰ
937 4199 1092 4256 CAP.
1134 4198 1202 4254 ιι.

250 4391 478 4504 ῗνὶᾶθιπίε
509 4427 874 4484 introducere
904 4435 1229 4482 naturarum
1253 4467 1268 4494 ,
1302 4403 1494 4483 dicens
1534 4429 1863 4486 naturaliter

247 4529 497 4620 ‘naturas
523 4517 739 4574 unitas.

245 4609 252 4648 ί
339 4611 402 4669 C.
423 4609 696 4680 Quamvis
720 4624 788 4665 ex
811 4609 1103 4665 divinitate
1121 4619 1178 4666 et
1202 4611 1547 4667 humanitate
1569 4612 1742 4669 Deum
1758 4629 1861 4670 no-

275 4721 442 4768 strum
485 4712 686 4768 Jesum
733 4708 1019 4766 Christum
1069 4709 1441 4782 compositum
1490 4711 1610 4767 sive
1641 4712 1863 4768 unitum

274 4820 389 4860 esse
416 4802 724 4869 fateamur,
748 4802 1133 4858 confusionem
1175 4811 1357 4857 tamen
1389 4811 1718 4858 naturarum
1762 4820 1861 4874 pe-

276 4899 424 4954 nitus
450 4897 786 4971 refugimus,
818 4895 946 4967 quia
997 4902 1261 4967 utrasque
1309 4905 1542 4952 naturas
1579 4897 1863 4956 credimus

279 5005 497 5046 manere
537 4989 841 5062 perfeCtas.

343 5081 408 5136 N.
468 5079 820 5152 Compositio
888 5079 1172 5137 contraria
1233 5079 1566 5151 intelligitur
1630 5081 1859 5149 unitati,

280 5174 402 5242 quia
430 5183 526 5230 aut
547 5173 938 5230 confusionem
954 5171 1140 5238 efﬁcit,
1160 5181 1258 5227 aut
1275 5188 1386 5228 non
1404 5173 1858 5232 caretdivisione.

278 5263 522 5322 Ediﬁcia
573 5265 820 5336 denique
869 5266 1078 5331 omnia,
1133 5281 1256 5335 quae
1287 5265 1686 5336 compositione
1729 5282 1862 5324 cou-

281 5365 444 5426 stant,
479 5360 638 5415 nullo
687 5357 979 5414 dubitante
1026 5359 1354 5420 solvuntur,
1395 5375 1459 5414 ea
1510 5374 1640 5414 vero
1675 5375 1798 5431 quae
1829 5375 1865 5418 a

281 5449 664 5520 pigmentariis
685 5467 715 5505 a
735 5451 970 5506 diversis
985 5466 1174 5506 rerum
1191 5450 1408 5506 naturis
1429 5464 1860 5523 componuntur,

281 5543 506 5600 confusa
527 5547 586 5600 in
619 5560 680 5599 se
709 5554 861 5611 sunt,
895 5559 1000 5599 nec
1031 5544 1142 5599 ulla
1179 5559 1266 5600 res
1289 5558 1519 5614 prorsus
1547 5545 1603 5599 in
1637 5545 1721 5601 eis
1758 5547 1861 5602 ob-

283 5634 416 5692 tinet
455 5635 879 5707 proprietatem.
912 5633 1202 5701 Quomodo
1249 5649 1381 5706 ergo
1428 5649 1525 5690 vos
1573 5634 1862 5702 indivisas,

1954 395 2050 464 qui
2083 394 2368 451 Christum
2404 401 2770 468 compositum
2805 402 3165 471 praedicatis?

2023 485 2087 542 C.
2119 487 2294 544 Omne
2317 491 2684 560 compositum
2711 494 2970 563 passibile
2994 512 3062 550 an
3093 496 3432 569 impassibile
3458 515 3538 556 as-

1956 579 2096 634 seris
2112 580 2135 632 ?

2027 669 2094 724 N.
2126 669 2366 728 Omnino
2407 675 2690 744 passibile.

2027 765 2088 820 C.
2121 765 2198 821 De
2233 781 2345 832 non
2385 769 2695 838 composito
2723 769 2856 838 quid
2883 771 3167 840 Opinaris?

2027 857 2094 912 N.
2131 857 2385 913 Profecto
2421 860 2869 930 impassibilitate
2898 864 3228 920 subsistere.

2029 947 2090 1004 C.
2146 948 2433 1005 Christum
2496 952 2815 1022 passibilem
2871 969 2941 1008 an
2996 954 3395 1025 impassibilem
3455 974 3543 1014 as-

1960 1054 2124 1095 seris.

2029 1131 2095 1185 Ν.
2126 1133 2258 1188 Post
2284 1135 2724 1190 incarnationem
2754 1152 2986 1206 prorsus
3012 1140 3355 1210 passibilem.

2028 1221 2090 1276 C.
2127 1221 2239 1277 Cur
2271 1238 2404 1296 ergo
2436 1224 2721 1282 Christum
2771 1229 2976 1284 Filium
3025 1231 3122 1285 Dei
3175 1232 3286 1288 vivi
3340 1230 3547 1305 refugis

1958 1317 2326 1385 compositum
2357 1315 2636 1383 conﬁteri,
2671 1333 2838 1388 quem
2886 1321 3006 1375 sine
3030 1320 3204 1376 dubio
3245 1322 3389 1378 dicis
3425 1342 3546 1383 esse

1962 1407 2328 1475 passibilem?

2031 1499 2097 1553 N.
2128 1499 2444 1555 Secundum
2476 1500 2904 1567 humanitatem,
2935 1502 3218 1570 videlicet,
3263 1504 3545 1563 Christum

1962 1593 2330 1662 compositum
2363 1593 2570 1655 fateor,
2626 1594 2758 1663 quia
2798 1604 2855 1648 et
2881 1596 3188 1650 secundum
3229 1596 3546 1654 humanita-

1961 1690 2070 1738 tem
2104 1697 2233 1737 eum
2273 1682 2596 1752 passibilcm
2627 1683 2829 1747 credo,
2863 1685 3168 1738 secundum
3197 1685 3547 1743 divinitatem

1954 1783 2139 1829 autem
2160 1773 2608 1844 incompositum,
2625 1776 2752 1844 quia
2773 1785 2829 1829 et
2857 1776 3276 1845 impassibilem.

2025 1863 2086 1920 C.
2134 1865 2276 1932 Quid
2313 1866 2484 1935 igitur
2525 1881 2695 1920 unum
2739 1865 3114 1934 eumdemque
3147 1865 3338 1920 fateris
3368 1882 3434 1922 ex
3461 1867 3548 1921 di-

1956 1956 2187 2011 vinitate
2214 1967 2270 2011 et
2291 1957 2636 2012 humanitate
2659 1966 2783 2026 post
2804 1957 3245 2010 incarnationem
3272 1959 3543 2026 composi-

1957 2060 2096 2112 tum,
2133 2065 2298 2118 quem
2332 2058 2460 2102 ante
2501 2047 2947 2102 incarnationem
2981 2056 3199 2104 constat
3231 2047 3405 2103 fuisse
3460 2048 3547 2102 in-

1957 2143 2368 2213 compositum?

2035 2236 2100 2290 N.
2133 2235 2253 2289 Non
2283 2233 2564 2304 equidem,
2590 2234 2685 2288 sed
2712 2242 3058 2302 assumptum
3083 2232 3367 2289 hominem
3397 2249 3547 2290 com-

1957 2327 2199 2398 positum
2228 2326 2374 2390 dico,
2413 2342 2542 2381 eum
2570 2342 2702 2381 vero
2729 2341 2760 2380 a
2814 2341 2926 2394 quo
2967 2336 3290 2396 assumptus
3319 2338 3425 2394 est,
3467 2328 3549 2382 in-

1957 2417 2352 2488 compositum.

2029 2510 2092 2564 C.
2122 2511 2273 2565 Duos
2301 2509 2445 2564 filios
2478 2508 2672 2579 procul
2697 2507 2871 2564 dubio
2903 2508 3134 2563 credere
3161 2507 3580 2578 deprehende-~

1959 2601 2238 2658 riszunum
2260 2601 2654 2672 compositum,
2685 2600 2924 2655 alterum
2980 2600 3436 2670 incompositum.

2028 2694 2095 2749 N.
2125 2694 2304 2765 Negas
2330 2709 2466 2764 ergo
2501 2703 2561 2747 tu
2594 2689 2908 2750 divinitatis
2939 2700 3199 2746 naturam
3237 2705 3362 2747 esse
3413 2691 3550 2746 sim-

1959 2782 2162 2853 plicem
2197 2792 2254 2837 et
2289 2781 2757 2851 incompositam?

2028 2874 2091 2929 C.
2120 2873 2286 2928 Nullo
2317 2874 2483 2928 modo
2521 2874 2628 2928 hoc
2653 2872 2886 2942 denego.

1887 2998 1930 3058 ε
2033 2967 2100 3021 Ν.
2132 2965 2512 3036 Compositum
2553 2964 2746 3020 fateris
2787 2964 3093 3028 hominem,
3146 2977 3220 3018 an
3261 2962 3549 3033 incompo-

1966 3059 2160 3113 situm.

2032 3149 2095 3205 C.
2125 3148 2507 3220 Compositum
2537 3162 2788 3218 prorsus.

2032 3242 2100 3298 N.
2129 3241 2420 3310 Quomodo
2466 3255 2600 3312 ergo
2631 3255 2798 3311 negas
2843 3238 3128 3296 Christum
3179 3237 3550 3307 compositum

1961 3349 2107 3401 esse,
2137 3343 2194 3389 et
2227 3333 2684 3404 incompositum,
2715 3348 2882 3404 quem
2910 3331 3031 3388 sine
3060 3330 3238 3387 dubio
3275 3331 3448 3386 Deum
3492 3337 3551 3388 et

1963 3424 2248 3480 hominem
2276 3423 2603 3480 confiteris?

2032 3513 2094 3570 C.
2131 3514 2306 3570 Deum
2346 3513 2573 3584 quidem
2623 3520 2680 3568 et
2708 3511 2991 3568 hominem
3016 3510 3216 3566 Filium
3245 3509 3343 3566 Dei
3373 3509 3550 3584 eonfi-

1963 3615 2083 3662 teor
2113 3621 2243 3662 :eos
2269 3581 2454 3660 autem
2489 3603 2585 3674 qui
2608 3618 2720 3660 non
2753 3605 3011 3659 eumdem
3034 3603 3321 3660 Christum
3347 3581 3550 3658 Filium

1962 3702 2059 3757 Dei
2116 3711 2174 3757 et
2233 3700 2664 3771 incompositum
2732 3707 2863 3755 ante
2929 3698 3423 3765 incarnationem,
3491 3707 3550 3755 et

1960 3801 2084 3864 post
2109 3792 2551 3849 incarnationem
2591 3791 2957 3846 compositum
3006 3789 3347 3848 confitentur
3389 3788 3550 3845 valde

1960 3884 2194 3957 refugio.

2031 3978 2099 4032 N.
2133 3976 2580 4034 Contractionem
2609 3974 2908 4046 quamdam
2940 3971 3146 4030 divinae
3171 3982 3384 4029 natura:
3405 3989 3546 4045 prte-

1963 4068 2150 4124 dicare
2189 4067 2562 4138 cognosceris,
2582 4066 2842 4121 eumdem
2867 4066 3080 4130 dicens,
3121 4073 3179 4120 et
3213 4072 3342 4119 ante
3364 4064 3550 4119 incar-

1962 4158 2246 4214 nationem
2290 4155 2719 4225 incompositum
2753 4194 2768 4219 ,
2815 4161 2872 4209 et
2921 4163 3048 4224 post
3104 4154 3545 4210 incarnationem

1965 4248 2356 4320 compositum.
2383 4245 2672 4314 Quomodo
2703 4254 2889 4300 autem
2929 4251 3113 4314 potest
3132 4244 3547 4301 incircumscri-

338 4338 402 4393 N.
421 4333 900 4408 Compositionem
925 4332 1220 4403 quamdam
1249 4343 1307 4389 et
1325 4333 1706 4418 confusionem
1728 4335 1866 4406 mihi
1891 4347 1944 4410 ι)
1970 4349 2064 4415 pta
2101 4349 2158 4397 et
2185 4339 2396 4410 ubique
2433 4338 2635 4393 diffusa
2668 4345 2866 4394 natura
2896 4337 3331 4407 circumscriptae
3379 4347 3435 4392 et
3488 4338 3543 4396 in

1962 4448 2137 4506 parvo
2172 4433 2294 4488 loco
2346 4430 2661 4487 constitutae
2690 4439 2906 4486 naturae
2930 4428 3235 4486 secundum
3266 4430 3547 4500 composi—

1964 4524 2170 4580 tionem
2201 4522 2372 4589 uniri,
2394 4521 2501 4578 nisi
2529 4523 2693 4590 forte,
2716 4530 2780 4577 ut
2812 4521 2948 4588 dixi,
2977 4530 3073 4578 aut
3090 4521 3400 4578 divinitatis
3417 4538 3547 4578 con-

1963 4615 2291 4671 tractionem
2345 4622 2444 4670 aut
2503 4613 2686 4670 carnis
2728 4614 3110 4670 extensionem
3143 4614 3347 4671 factam
3377 4615 3546 4686 impie

1964 4707 2152 4764 fateris
2167 4709 2190 4762 τ

2031 4799 2093 4856 C.
2127 4799 2340 4870 Opinor
2373 4813 2701 4870 corpoream
2735 4808 2788 4853 te
2826 4799 3054 4856 credere
3087 4799 3330 4855 divinam
3353 4815 3550 4856 essen-

1963 4893 2117 4958 tiam,
2166 4907 2332 4963 quam
2383 4891 2549 4947 modo
2589 4891 2843 4947 contrahi
2883 4892 2954 4946 ad
2999 4907 3220 4948 carnem
3274 4893 3546 4959 aestimas,

1961 4985 2127 5040 modo
2151 4984 2374 5040 extendi
2409 4998 2534 5039 cum
2565 4998 2731 5039 carne
2756 4982 3132 5053 pronuntias,

2027 5077 2098 5134 Ν.
2133 5077 2296 5134 Absit
2315 5077 2423 5134 hoc
2448 5077 2517 5133 ab
2548 5077 2734 5133 animo
2751 5076 3088 5134 Christiano.

2031 5169 2096 5226 C.
2121 5170 2266 5239 Quid
2304 5185 2437 5243 ergo
2454 5170 2629 5226 sentis
2646 5169 2889 5225 divinam
2911 5184 3034 5226 esse
3062 5177 3317 5224 naturam
3334 5169 3360 5222 ?

2033 5263 2099 5318 N.
2129 5263 2408 5320 Virtutem
2452 5263 2648 5334 procul
2677 5262 2854 5321 dubio
2890 5277 3178 5334 magnam,
3231 5270 3292 5317 et
3342 5260 3550 5333 ubique

1964 5361 2157 5422 totam.

2036 5445 2097 5504 C.
2145 5447 2342 5506 Totam
2389 5447 2595 5518 ubique
2649 5445 2958 5503 secundum
3011 5452 3182 5502 totum
3233 5457 3356 5499 eam
3413 5443 3551 5501 dicis

1964 5541 2233 5597 exsistere
2255 5541 2279 5596 ἳ

2036 5634 2106 5691 Ν.
2133 5633 2253 5690 Non
2302 5634 2496 5704 utique
2521 5631 2830 5690 secundum
2864 5638 3044 5686 totum
3079 5629 3287 5704 ubique
3324 5635 3432 5694 est,
3454 5625 3554 5682 sed
