3984 6296
354 5260 360 5275 Ι

488 203 593 271 I35

1746 216 2065 278 IOANNIS
2100 218 2365 284 MAXEN
2372 227 2447 286 TI
2457 228 2483 287 Ι

3651 259 3756 328 136

481 312 554 371 ab
581 331 644 372 ea
680 320 1031 381 rationabilia
1062 328 1257 395 aliter,
1308 332 1713 391 irrationabilia
1754 334 1934 399 aliter,
1973 339 2068 387 aut
2094 334 2289 401 A‘bra,
2329 355 2397 393 an
2449 345 2716 414 majorem
2755 350 2986 420 quidem
3026 368 3242 427 partem
3282 363 3407 434 ejus
3454 366 3509 421 in
3543 374 3754 446 majore

481 410 630 446 omni
656 425 820 446 cana“
841 419 1079 446 ηη-ηηστ..
1121 425 1476 446 --_.:_-_.___

478 410 630 463 omni
655 425 822 469 sensu
839 419 1081 474 carentia
1116 425 1498 480 continentur.

548 498 612 554 C.
645 500 783 558 Tota
814 510 1117 566 secundum
1152 522 1328 571 totum
1355 518 1410 572 in
1437 535 1774 592 unoquoque
1799 523 2056 578 rationali

477 596 725 662 animali,
769 615 832 653 ac
861 603 1272 668 particulariter
1303 625 1427 665 esse
1467 615 1841 682 cognoscitur.

544 677 612 733 N.
632 677 1040 739 Particulariter
1054 695 1201 742 certe
1222 689 1382 755 inest,
1401 706 1508 748 non
1525 677 1825 754 secundum
1850 709 2043 771 totum,

471 769 599 839 quia
621 770 820 842 singuli
843 776 1045 845 quique
1067 777 1135 833 de
1157 778 1492 848 plenitudine
1507 789 1623 858 ejus
1643 793 1937 863 accipiunt.

541 864 606 922 C.
637 866 925 933 Quomodo
954 867 1087 945 ergo
1131 878 1334 949 ubique
1369 892 1482 939 tota
1510 893 1617 951 est,
1663 904 1787 959 qua:
1814 907 1927 947 non
1968 904 2054 951 est

469 954 529 1010 in
557 973 894 1031 unoquoque
918 965 1175 1022 rationali
1197 972 1424 1029 animali
1456 985 1569 1032 tota
1587 979 1610 1032 ’ἰ
1631 954 1727 1035 sed
1753 984 2053 1051 particula-

467 1045 642 1101 riter?
661 1057 717 1103 et
747 1044 1030 1119 quomodo
1063 1058 1491 1131 particulariter,
1525 1083 1647 1138 quae
1668 1083 1778 1125 non
1820 1080 1906 1127 est
1927 1089 2053 1129 cor-

464 1151 592 1205 pus,
621 1138 718 1193 sed
751 1142 1025 1211 spiritus?

535 1228 603 1282 N.
639 1229 761 1300 Ipsa
814 1236 1042 1304 quidem
1075 1240 1142 1297 ad
1172 1244 1408 1315 seipsam
1439 1258 1584 1318 tota,
1636 1263 1690 1309 et
1739 1259 2043 1315 secundum

465 1324 642 1374 totum
682 1323 889 1394 ubique
925 1336 1044 1396 est,
1100 1344 1366 1402 quantum
1408 1350 1591 1397 autem
1627 1345 1694 1400 ad
1737 1358 2043 1408 creaturam

461 1408 725 1478 pertinet,
753 1428 863 1469 non
886 1416 1083 1486 edicit,
1113 1432 1174 1478 ut
1207 1440 1329 1481 eam
1362 1431 1631 1490 rationale
1663 1437 1865 1493 animal
1909 1441 2045 1497 sibi-

461 1507 578 1555 met
598 1502 796 1561 adesse
818 1548 833 1574 ,
881 1518 977 1566 aut
1020 1513 1201 1573 inesse
1235 1521 1459 1588 sentiat,
1496 1525 1600 1580 nisi
1631 1540 1898 1598 quantum
1921 1533 2041 1605 ipsa

460 1590 813 1653 indicaverit.
1880 1638 1887 1643 ·

520 1867 588 1923 Ν.
622 1870 957 1933 Arianorum
988 1889 1045 1936 et
1063 1883 1557 1959 Eunomianorum,
1578 1911 1688 1950 non
1721 1897 2034 1957 Catholica-

449 1971 573 2012 rum
599 1959 797 2033 dogma
836 1976 941 2035 est,
968 1972 1294 2033 dissimilem
1329 1983 1491 2036 Patri.
1524 1984 1722 2041 Filium
1770 1989 1825 2043 in
1876 1999 2032 2060 parte

445 2051 631 2120 aliqua
671 2058 919 2117 credere.
986 2126 999 2135 .

513 2142 577 2198 C.
612 2146 924 2207 Perfectum
951 2157 1124 2227 enim,
1153 2162 1301 2217 sicut
1327 2175 1412 2221 est
1444 2168 1592 2225 Patri
1614 2174 1864 2243 aequalis,
1896 2193 2027 2249 pro-

440 2233 577 2302 prin:
606 2239 762 2294 carni
812 2243 1001 2302 dicitis
1053 2252 1294 2320 unitum,
1336 2273 1408 2312 an
1458 2233 1763 2319 secundum
1813 2233 2026 2339 aliquid

441 2324 683 2393 unitum,
724 2337 781 2384 et
802 2336 1107 2391 secundum
1134 2342 1344 2412 aliquid
1375 2363 1485 2403 non
1517 2352 1778 2409 unitum?

509 2416 578 2471 N.
612 2419 819 2477 Paulus
837 2423 1051 2494 docuit,
1077 2431 1143 2485 In
1164 2451 1266 2504 quo
1294 2448 1419 2492 sunt
1447 2457 1631 2499 omnes
1665 2448 1907 2504 thesauri
1937 2469 2028 2506 sa-

436 2507 651 2578 pientia:
671 2522 720 2564 et
744 2514 977 2572 scientiis
1005 2520 1299 2580 abscondi“
1320 2527 1391 2591 “.

506 2595 570 2653 C.
602 2598 740 2658 Tota
765 2618 902 2677 ergo
930 2617 989 2664 et
1021 2616 1330 2674 secundum
1364 2629 1566 2691 totum,
1609 2635 1672 2682 ut
1711 2638 1799 2685 est
1835 2633 2023 2703 perfe-

431 2697 525 2743 et:
552 2687 649 2745 Dei
682 2692 856 2752 Verbi
904 2699 1172 2763 divinitas
1201 2712 1433 2782 aequatis
1459 2687 1633 2785 Patri,
1680 2687 2021 2786 carnirunita

427 2787 522 2835 est
541 2781 567 2836 ἲ

602 2873 802 2935 Nullus
836 2879 943 2938 hoc
969 2884 1187 2947 dubitat
1214 2892 1591 2961 Christianus.

493 2958 563 3017 C.
619 2963 764 3031 Quid
818 2968 993 3042 igitur
1057 2987 1499 3047 contractionem
1568 2996 1899 3071 divinitatis,

425 3055 811 3115 extensionem
827 3066 1014 3123 carnis
1044 3068 1242 3129 factam
1260 3082 1487 3150 asseris,
1512 3089 1642 3157 quia
1667 3108 1779 3148 non
1799 3105 2011 3166 potest,

534 3145 665 3166 λεδ,
723 3150 736 3163 .
816 3154 828 3166 .
1092 3163 1101 3166 -

430 3152 495 3198 ut
530 3145 692 3216 dicis,
721 3150 1203 3235 incircumscripta
1253 3179 1314 3226 et
1355 3145 1564 3247 ubique
1595 3145 2016 3244 diﬂ‘usarnatura

430 3235 865 3315 circumscriptae
888 3258 945 3304 et
968 3268 1145 3321 parvo
1193 3260 1317 3317 loco
1338 3269 1659 3327 constitutae
1686 3285 1899 3334 naturai
1926 3294 2014 3336 se-

426 3330 670 3387 cundum
692 3341 1156 3408 compositionem
1195 3352 1383 3409 uniri?

493 3421 561 3477 N.
577 3424 767 3497 Neque
791 3440 1004 3490 naturae
1021 3444 1481 3517 contractionem,
1505 3469 1687 3526 neque
1735 3464 2012 3543 extensio-

493 3529 550 3543 ..νη
576 3515 829 3543 ι--υ-Α-μ
856 3523 897 3543 οέ
923 3533 960 3543 λ·

422 3527 553 3568 nem
576 3515 835 3578 humana:
854 3523 1054 3584 factam
1080 3546 1291 3604 assero,
1338 3542 1468 3611 quia
1502 3545 1609 3602 hoc
1628 3553 1851 3622 proprie
1881 3528 2009 3612 cor-

421 3618 626 3675 porum
669 3620 775 3680 est,
830 3632 945 3673 non
988 3633 1178 3681 autem
1214 3630 1448 3700 spiritus
1499 3648 1555 3692 et
1600 3618 1846 3712 virtutis,
1886 3664 2009 3719 quae

1243 3697 1262 3700 _
1724 3697 1846 3712 η--τι
1890 3697 2004 3719 *ι’-ν’

419 3697 578 3752 carni
610 3702 757 3758 uniri
788 3710 1097 3768 secundum
1143 3724 1603 3790 compositionem
1650 3748 1761 3789 non
1801 3747 2004 3807 potest,

416 3792 725 3858 praesertim
745 3794 905 3870 553
927 3816 1056 3858 cum
1078 3806 1580 3889 incircumscripta,
1600 3792 1817 3895 utdixi:
1836 3792 2005 3887 Verbi

419 3880 709 3954 divinitas,
736 3899 794 3946 et
813 3895 1002 3951 omnia
1028 3900 1344 3962 continens.

533 4015 550 4030 .
589 3978 971 4054 Compositum
1025 3992 1169 4053 dicis
1219 4000 1498 4062 sustinere
1554 4007 1872 4084 hominem,
1928 4033 2001 4075 an

413 4063 842 4141 incompositum
856 4077 881 4132 ἲ

481 4157 553 4215 N.
586 4159 988 4237 Compositum.

477 4249 544 4307 C.
582 4253 666 4310 Ex
703 4261 909 4329 quibus
937 4266 1154 4325 rebus?

476 4342 545 4400 N.
582 4346 660 4401 Ex
689 4352 878 4409 anima
920 4356 1113 4428 utique
1161 4369 1221 4418 et
1267 4378 1458 4423 carne.

475 4455 543 4514 C.
582 4461 835 4521 Animam
880 4471 1414 4538 consubstantialem
1446 4486 1600 4543 carni
1651 4492 1876 4563 asseris,

340 4593 363 4607 ,
407 4543 644 4605 diversa
689 4557 947 4612 naturae?

476 4639 548 4696 N.
587 4641 829 4702 Diversae
870 4652 1120 4735 omniqo.

481 4748 544 4813 (ἒ.
594 4752 790 4812 Utrum
817 4763 949 4831 quia
973 4779 1085 4822 non
1120 4768 1193 4825 sit
1218 4786 1368 4847 caro,
1389 4787 1446 4836 et
1470 4782 1550 4847 sit
1574 4799 1798 4861 corpus,
1827 4796 1981 4865 quia,

1353 4843 1361 4847 τ
1470 4843 1475 4847 .
1618 4843 1625 4844 κ
1673 4843 1698 4861 ς
1721 4843 1798 4860 -η,
1873 4843 1981 4864 --ι

406 4843 662 4910 quamvis
695 4850 876 4907 omnis
913 4868 1043 4913 caro
1068 4872 1292 4933 corpus,
1318 4879 1637 4934 nontamen
1664 4843 1982 4942 omnejcor-

404 4944 509 5000 pus
539 4948 670 4990 caro
699 4939 817 4995 est?

470 5044 538 5154 1:.
582 5048 747 5154 Nullo
774 5060 940 5118 modo
979 5081 1082 5138 ego
1130 5085 1336 5146 corpus
1363 5078 1492 5139 dico
1527 5087 1773 5149 animam
1796 5108 1942 5154 esse.

474 5134 537 5194 C.
578 5139 725 5208 Quid
761 5163 896 5223 ergo
936 5134 1116 5216 dicis?

470 5251 540 5311 N.
577 5255 850 5330 Spiritum
890 5270 1011 5330 sine
1054 5277 1248 5349 dubio,
1282 5286 1380 5343 sed
1417 5304 1529 5348 non
1564 5294 1981 5363 incircumscri-

398 5351 575 5418 ptum.
819 5359 825 5372 '

463 5437 532 5497 ο.
573 5442 767 5506 Totam
785 5451 980 5515 fateris
1005 5476 1126 5517 eam
1153 5465 1414 5528 diﬂ‘usam
1441 5490 1543 5534 per
1563 5479 1779 5554 singula
1803 5501 1976 5545 mem-

448 5611 502 5646 “
536 5625 747 5686 Coloss.
777 5647 836 5701 it,
871 5636 925 5692 5.
1001 5641 1046 5675 ⁸⁸
1080 5642 1224 5701 Psal.
1261 5664 1348 5718 xv,
1396 5652 1453 5706 2.

2162 432 2435 501 membro,
2475 438 2746 495 minorem
2789 459 2923 500 vero
2972 448 3030 502 in
3072 452 3330 511 minore?

2231 523 2296 578 N.
2337 525 2529 582 Totam
2579 530 2634 586 in
2678 548 3018 608 unoquoque
3062 546 3313 603 membro
3362 544 3615 623 corporis
3662 561 3751 618 sui

2158 628 2280 669 eam
2308 631 2430 674 esse
2456 622 2646 689 credo,
2697 627 2854 697 quia,
2880 629 3020 688 licet
3048 634 3120 689 sit
3145 637 3592 716 circumscripta,
3619 665 3750 720 par-

2157 705 2308 763 tibus
2336 717 2518 767 tamen
2549 729 2671 770 eam
2703 729 2963 778 constare
2995 726 3150 781 nullo
3176 730 3343 787 modo
3371 737 3591 806 opinor,
3617 743 3747 811 quia

2155 802 2429 857 truncatis
2473 807 2741 867 membris
2788 817 3079 886 corporis,
3130 821 3250 893 ipsa
3298 826 3512 900 integra
3553 849 3747 904 perse-

2154 899 2333 947 verat.

2222 983 2284 1038 C.
2327 984 2383 1040 Si
2412 1004 2545 1060 ergo
2580 993 2786 1062 anima,
2826 1014 2950 1070 quae
2977 1019 3089 1060 non
3121 1017 3208 1063 est
3241 1025 3467 1083 corpus,
3501 1017 3597 1072 sed
3632 1020 3746 1090 spi-

2150 1073 2313 1142 ritus,
2340 1082 2493 1135 carni
2513 1086 2819 1143 secundum
2840 1097 3301 1164 compositionem
3325 1106 3505 1171 unita,
3530 1112 3743 1168 nullam

2148 1171 2586 1227 contractionem
2618 1176 2676 1231 in
2718 1180 2956 1251 minore,
2986 1189 3195 1245 nullam
3238 1198 3629 1257 extensionem
3682 1207 3740 1260 in

2146 1261 2360 1331 majore
2409 1266 2621 1333 patitur
2668 1274 2942 1340 membro,
2976 1281 3073 1336 sed
3100 1283 3220 1341 sine
3261 1287 3349 1343 sui
3383 1291 3734 1362 confusione,

2146 1356 2260 1406 tota
2304 1354 2358 1408 in
2393 1358 2623 1428 majore,
2659 1370 2775 1418 tota
2800 1380 2924 1422 esse
2960 1372 3215 1431 creditur
3246 1378 3302 1434 in
3329 1381 3549 1440 minore
3581 1403 3595 1440 :
3623 1404 3736 1458 quo

2142 1453 2305 1511 pacto
2342 1445 2607 1506 divinitas
2628 1453 2726 1508 Dei
2748 1456 2915 1514 Verbi
2943 1465 3251 1523 secundum
3272 1445 3735 1545 compositionem

2141 1537 2380 1605 propriae
2415 1542 2571 1597 carni
2621 1545 2797 1613 unita,
2831 1556 3274 1616 contractionem
3326 1574 3423 1619 aut
3447 1573 3733 1628 extensio.

2138 2101 2544 2152 monstrantur.

2202 2181 2266 2236 N.
2308 2182 2483 2242 Omne
2530 2194 2901 2263 compositum
2957 2203 3211 2272 partibus
3255 2219 3513 2272 constare
3602 2233 3723 2278 non

2127 2271 2361 2330 dubium
2391 2287 2498 2344 est,
2545 2297 2675 2352 pars
2725 2296 2909 2344 autem
2958 2271 3145 2352 minus
3182 2308 3268 2355 est
3300 2317 3465 2372 quam
3514 2315 3726 2376 totum;

2125 2374 2212 2420 est
2240 2382 2374 2438 ergo
2419 2369 2562 2428 Deus
2603 2374 2846 2433 Verbum
2896 2397 3024 2452 pars
3066 2369 3508 2465 Christi,_quem
3536 2415 3606 2456 ex
3631 2369 3728 2458 di;

2123 2456 2354 2516 vinitate
2389 2472 2447 2518 et
2484 2464 2831 2528 humanitate
2892 2482 3265 2549 compositum
3316 2485 3552 2556 asseris;
3578 2500 3637 2547 et
3668 2497 3717 2553 si

2122 2549 2270 2607 Deus
2317 2553 2559 2612 Verbum
2598 2576 2727 2630 pars
2769 2573 2857 2620 est
2898 2566 3128 2640 Christi,
3166 2583 3224 2630 et
3274 2577 3422 2636 Deus
3467 2549 3716 2640 Verbum

2116 2640 2274 2711 juxta
2318 2660 2419 2701 vos
2463 2649 2648 2707 minor
2672 2652 2922 2726 Christo,
2964 2662 3129 2735 cujus
3156 2675 3214 2723 et
3251 2683 3382 2738 pars
3421 2680 3536 2741 est;
3561 2677 3717 2746 quod

2119 2732 2171 2788 si
2212 2750 2341 2805 pars
2384 2737 2598 2798 Christi
2638 2743 2787 2803 Deus
2829 2757 2936 2817 est,
2985 2732 3272 2825 quomodo
3313 2761 3481 2832 Deus,
3517 2732 3718 2823 abim-

2118 2826 2406 2897 perfectus
2436 2842 2521 2889 est
2539 2835 2565 2889 τ

1940 3020 2015 3061 an
2042 3016 2089 3081 ρ
2120 3016 2182 3065 ut
2211 3006 2579 3082 perficeretur
2606 3024 2987 3095 assumptione
3012 3032 3197 3089 carnis
3219 3006 3476 3109 indiguitl,
3512 3043 3611 3099 sed
3652 3055 3716 3101 ut

2115 3114 2249 3156 caro
2288 3105 2656 3173 perﬁceretur
2692 3111 2753 3168 in
2795 3116 2998 3175 melius
3046 3134 3410 3193 commutata,
3443 3132 3603 3189 carni
3649 3150 3716 3192 se

2114 3192 2349 3263 uniens;

2112 3280 2287 3340 dubio
2314 3300 2532 3347 summe
2563 3293 2802 3366 simplex
2834 3309 2891 3355 et
2924 3280 3351 3378 incompositus,
3396 3314 3711 3384 perfectus-

2111 3390 2222 3445 que
2251 3393 2355 3448 per
2385 3383 2594 3451 omnia,
2625 3397 2819 3460 utpote
2852 3391 3021 3450 Deus.
3055 3396 3335 3471 Scriptum
3360 3383 3510 3462 enim
3536 3408 3608 3464 de
3640 3419 3736 3466 eo‘

2110 3476 2219 3535 est,
2253 3471 2387 3542 quia
2426 3474 2700 3535 bonorum
2730 3493 3054 3544 nostrorum
3095 3506 3209 3548 non
3249 3508 3411 3568 egeat
3454 3501 3523 3556 ".
3553 3503 3707 3560 Nihil

2108 3561 2260 3617 enim
2278 3564 2358 3620 illi
2379 3570 2638 3639 contulit,
2663 3585 2760 3630 aut
2779 3576 3040 3649 detraxit,
3066 3561 3354 3660 assumpta
3381 3607 3483 3662 pro
3508 3605 3704 3654 nostra

2107 3654 2291 3712 salute
2335 3657 2580 3719 humana
2624 3676 2862 3737 natura,
2916 3687 3085 3744 quam
3134 3680 3391 3739 unitione
3436 3698 3539 3742 sua
3581 3689 3706 3760 ipse

2106 3748 2296 3816 potius
2342 3750 2702 3815 ineﬂ‘abiliter
2737 3762 3095 3833 glorificavit.
3141 3770 3338 3843 Neque
3384 3778 3570 3835 minor
3602 3748 3703 3840 est

2105 3839 2255 3897 Deus
2291 3842 2540 3903 Verbum
2565 3848 2812 3922 Christo,
2837 3857 2967 3928 quia
2996 3859 3114 3932 ipse
3144 3839 3515 3927 est—Christus
3550 3889 3565 3926 :
3592 3839 3701 3931 nec

2103 3938 2292 4011 seipse
2324 3942 2510 3999 minor
2536 3961 2662 4005 esse
2706 3957 2915 4021 potest,
2948 3965 3007 4012 et
3033 3970 3317 4033 assumpta
3348 3978 3514 4023 carne
3546 3967 3699 4027 idem

2102 4031 2311 4088 mansit
2348 4032 2498 4095 Deus
2527 4038 2647 4095 sine
2695 4041 3050 4106 dubitatione
3092 4031 3395 4122 perfectus.
3430 4058 3697 4132 Alioquin

2099 4120 2149 4177 si
2197 4130 2256 4178 et
2299 4134 2426 4195 post
2471 4126 2914 4193 incarnationem
2962 4120 3200 4214 negatur
3249 4145 3510 4208 Christus
3567 4120 3695 4213 esse

2099 4215 2464 4285 compositus,
2493 4223 2702 4280 mansit
2729 4240 2886 4300 ergo,
2910 4233 3061 4302 quod
3087 4245 3209 4294 erat
3238 4248 3425 4308 antea,
3453 4242 3694 4316 simplex

2023 4358 2073 4418 Β
2098 4310 2159 4359 et
2199 4303 2624 4379 incompositus.
2667 4314 2737 4371 Et
2774 4319 2908 4389 quia
2952 4337 3044 4380 res
3091 4339 3307 4385 summe
3349 4303 3588 4406 simplex
3629 4348 3693 4393 et

2098 4392 2467 4469 incomposita
2481 4404 2693 4462 nullam
2716 4411 2947 4470 omnino
2968 4414 3025 4470 in
3041 4431 3102 4473 se
3129 4421 3329 4494 recipit
3344 4426 3689 4498 passionem,

2091 4576 2248 4649 juxta
2297 4597 2399 4640 vos
2423 4584 2679 4648 Christus
2715 4608 2819 4665 pro
2848 4595 3093 4658 humana
3130 4576 3315 4662 salute
3361 4576 3687 4682 perpessus.

2095 4665 2153 4723 Si
2199 4680 2384 4728 autem
2416 4675 2653 4749 simplex
2691 4697 2926 4743 manens
2948 4698 3006 4745 et
3042 4691 3453 4768 incompositus
3484 4715 3685 4771 passus

2092 4768 2200 4827 est,
2238 4762 2355 4834 jam
2402 4781 2517 4822 non
2548 4770 2782 4843 simplex
2823 4776 3192 4853 incomposita
3229 4762 3431 4846 natura
3457 4762 3544 4848 est
3572 4792 3683 4848 im-

2092 4853 2394 4922 passibilis.
2429 4858 2590 4926 Quod
2619 4865 2664 4919 si
2692 4865 2928 4940 simplex
2969 4881 3027 4930 et
3058 4875 3431 4952 incomposita
3479 4892 3681 4941 natura

2092 4940 2457 5014 impassibilis
2518 4968 2632 5011 non
2677 4965 2785 5025 est,
2830 4975 2966 5035 ergo
3014 4940 3296 5037 passibilis
3340 4981 3428 5030 est
3470 4940 3679 5033 Christi

2090 5030 2375 5094 divinitas.
2411 5039 2469 5097 Si
2516 5056 2702 5103 autem
2744 5030 2955 5112 Christi
2999 5030 3263 5119 divinitas
3314 5030 3675 5138 impassibilis

2088 5139 2398 5198 permanet,
2448 5135 2594 5192 sicut
2635 5148 2694 5196 et
2739 5158 2936 5204 verum
2979 5160 3089 5219 est,
3139 5164 3312 5213 restat
3355 5135 3419 5213 ut
3472 5169 3674 5218 natura

2085 5220 2324 5292 simplex
2361 5235 2419 5281 et
2461 5226 2830 5304 incomposita
2881 5256 2995 5298 non
3038 5245 3113 5300 sit
3161 5248 3464 5318 passibilis.
3504 5252 3670 5324 Quia,

2085 5316 2341 5383 quamvis
2372 5317 2634 5379 Christus
2672 5326 2986 5392 divinitatis
3018 5351 3133 5394 sua:
3163 5316 3585 5413 simplicitatem
3618 5357 3668 5404 et

2083 5405 2586 5478 impassibilitatem
2635 5419 2803 5477 etiam
2855 5435 2982 5496 post
3028 5405 3339 5491 unitionein
3388 5439 3661 5509 composi-

2081 5495 2402 5570 tionemque
2441 5517 2762 5579 conservet,
2802 5495 2985 5573 tamen
3032 5530 3262 5593 propter
3302 5527 3514 5586 unitam
3557 5528 3666 5587 sibi
