3984 6296
1527 300 1861 381 DIALOGI,
1908 304 2054 372 LIB.
2121 316 2205 377 Il.

3377 343 3395 404 l
3409 347 3476 408 38

3377 380 3476 408 1'10

235 395 459 434 “amem
485 380 632 451 ,ῖυεῑθ
660 383 730 439 ad
763 384 940 457 ipsam
983 400 1322 466 compositus
1351 419 1472 462 esse
1499 412 1810 471 credendus
1839 432 1878 484 Α
1913 424 2063 490 plum
2110 426 2242 496 quid
2296 427 2589 504 intelligas,
2649 436 2694 490 si
2747 438 2943 508 placet,
3007 438 3244 503 lucidius
3299 458 3478 510 mani-

235 475 336 510 ρει
418 471 771 510 Πιιςηιι-ηηιω.
833 480 963 510 ,ιη-ε.
1041 502 1146 510 ..--
1467 508 1476 510 _
1544 503 1556 510 .

219 840 342 897 post
385 835 828 894 incarnationem
883 845 1192 915 simplicem
1239 867 1295 909 et
1343 857 1791 934 incompositum,

219 929 275 970 ut
319 931 438 974 erat
473 935 658 990 antea,
691 932 914 998 asseris,
947 938 1268 997 nullatenus
1300 961 1522 1014 passum
1564 970 1662 1023 pro
1691 958 1793 1012 hu-

217 1023 376 1064 mana
425 1015 605 1069 salute
648 1021 888 1075 testeris.

281 1100 347 1152 N.
378 1103 490 1157 Nec
515 1105 758 1162 divinam
786 1121 1039 1169 naturam
1064 1123 1384 1187 passibilem
1408 1133 1598 1198 credo,
1623 1152 1788 1206 quam

213 1203 426 1244 summe
472 1194 779 1264 simplicem
811 1209 868 1254 et
902 1203 1326 1277 incompositam
1367 1219 1515 1286 dico,
1545 1233 1599 1278 et
1624 1226 1788 1282 Chri-

211 1287 356 1332 stum
404 1297 504 1350 pro
542 1285 782 1344 humana
833 1294 1010 1349 salute
1059 1315 1284 1368 passum
1323 1285 1611 1379 confiteor,
1659 1321 1786 1388 quia

208 1383 318 1423 non
373 1373 543 1429 Deum
579 1386 813 1446 tantum,
845 1386 940 1439 sed
974 1396 1029 1441 et
1059 1391 1338 1451 hominem
1363 1417 1490 1456 eum
1523 1421 1781 1476 agnosco.

207 1459 404 1524 Quare
456 1477 643 1523 autem
673 1480 861 1528 utrum
895 1485 1352 1548 compositionem
1377 1493 1518 1549 hanc
1539 1497 1594 1550 in
1621 1502 1783 1555 vulva

206 1549 448 1622 Virginis
467 1556 668 1614 factam
699 1579 936 1632 asseras,
961 1586 1031 1624 an
1058 1584 1347 1646 postquam
1370 1588 1584 1654 peperit
1611 1590 1779 1646 lilium

205 1656 362 1698 suum
404 1649 860 1721 primogenitum.

273 1735 332 1788 C.
372 1738 430 1792 In
473 1743 636 1798 vulva
682 1762 930 1815 prorsus.
983 1753 1120 1808 Nam
1154 1762 1432 1827 quomodo
1465 1767 1637 1824 Deum
1674 1787 1773 1826 na-

207 1829 326 1876 tura
372 1829 697 1897 crederem,
751 1853 914 1906 quem
961 1847 1268 1902 secundum
1316 1857 1772 1922 compositionem

203 1917 354 1970 carni
405 1923 622 1976 unitum
667 1927 867 1996 fateor,
915 1933 960 1989 si
991 1946 1118 2004 post
1161 1950 1381 2008 partum
1414 1952 1771 2019 compositio-

200 2018 328 2057 nem
363 2019 694 2070 naturarum
729 2028 1082 2083 assererent?
1118 2029 1236 2086 haec
1273 2036 1421 2090 enim
1460 2055 1564 2094 nec
1623 2059 1772 2098 com-

197 2096 422 2160 positio,
468 2117 574 2157 nec
598 2107 774 2166 unitio
809 2115 1080 2182 creditur,
1114 2119 1211 2174 sed
1255 2123 1485 2182 alterius
1517 2129 1572 2183 in
1595 2132 1770 2188 altero

196 2183 493 2244 habitatio.

828 2314 977 2371 CAP.
1038 2321 1127 2375 Ill.

264 2409 328 2462 N.
370 2411 615 2470 Docuisti
650 2431 820 2486 certe,
860 2431 1006 2495 quod
1052 2437 1239 2491 multis
1270 2437 1537 2495 hactenus
1564 2445 1765 2500 verbo-

191 2513 312 2551 rum
357 2503 682 2575 ambagibus
736 2521 920 2584 tegere
967 2522 1266 2592 videbaris,
1304 2532 1764 2600 compositionem

191 2590 506 2651 nullatenus
557 2611 880 2661 naturarum
921 2625 1146 2671 servare
1178 2621 1593 2690 proprietatem.

255 2682 314 2735 C.
351 2684 602 2749 Quonam
635 2695 800 2749 modo
832 2707 1295 2771 compositionem
1342 2714 1521 2771 docui~
1538 2728 1762 2779 natura-

187 2785 305 2825 rum
337 2790 444 2829 non
486 2793 711 2837 servare
761 2794 1196 2860 preprietatem?

254 2863 318 2917 N.
359 2865 420 2921 In
453 2885 523 2924 eo
545 2875 695 2941 quod
728 2878 1118 2944 inhabitationi
1150 2903 1272 2948 eam
1303 2904 1637 2959 contrariam
1665 2909 1755 2978 ju-

183 2953 350 3012 dicas.

1903 511 2061 568 festa.

1973 603 2040 657 N.
2073 604 2191 661 Mea
2228 611 2577 680 espositione
2617 631 2728 672 non
2763 620 2995 693 indiget,
3027 629 3173 696 quod
3207 632 3274 686 ab
3303 649 3475 690 evan-

1900 692 2096 760 gelista
2128 707 2346 754 constat
2376 717 2718 772 expressum.
2764 692 3012 783 Denique
3045 692 3170 786 post
3206 723 3351 778 illam
3379 728 3475 781 de-

1901 783 2036 840 bent
2079 804 2271 845 vocem
2313 797 2618 863 expositam
2657 801 2894 858 dicentis
2927 825 2939 859 :
2971 783 3164 867 Soivite
3218 820 3472 890 templum

1899 879 2014 944 hoc,
2057 890 2108 934 et
2137 884 2194 936 in
2223 887 2398 941 triduo
2428 894 2744 947 resuscitabo
2767 895 2924 964 illud,
2960 915 3084 954 mox
3114 919 3340 963 secutus
3368 913 3469 966 ad-

1889 969 2074 1038 junxit
2101 990 2113 1025 :
2143 973 2253 1028 Hoc
2272 986 2448 1031 autem
2476 981 2680 1036 dicebat
2709 985 2772 1038 de
2814 989 3006 1058 templo
3039 998 3269 1062 corporis
3299 1003 3380 1054 sui
3400 1003 3464 1056 ⁸⁸.

1962 1060 2025 1116 C.
2064 1062 2280 1134 Corpus
2319 1068 2426 1123 hoc
2465 1072 2584 1136 Dei,
2631 1089 2701 1128 an
2757 1077 3002 1134 hominis
3037 1097 3159 1137 esse
3191 1086 3366 1144 dicis?

1962 1151 2029 1206 N.
2072 1151 2325 1211 Hominis
2358 1160 2476 1215 sine
2511 1162 2683 1218 dubio
2718 1174 3005 1240 assumpti.

1961 1242 2021 1296 C.
2066 1243 2123 1296 Si
2163 1245 2407 1302 hominis
2447 1254 2713 1322 assumpti
2750 1257 2855 1312 hoc
2889 1277 3088 1334 corpus
3117 1277 3220 1335 est,
3261 1286 3465 1343 corpus

1888 1347 2019 1400 ergo
2071 1333 2178 1388 hoc
2226 1339 2492 1407 assumpti
2539 1341 2780 1400 hominis
2831 1333 3094 1420 templum
3130 1358 3251 1410 est?

1958 1423 2023 1477 N.
2064 1425 2182 1479 Non
2216 1437 2300 1481 est
2330 1430 2591 1499 templum
2619 1441 2887 1507 assumpti
2920 1441 3182 1514 hominis,
3212 1450 3308 1504 sed
3342 1450 3461 1522 ejus

1884 1514 1976 1582 qui
2011 1515 2064 1568 in
2098 1515 2218 1584 ipso
2264 1518 2479 1574 habitat
2516 1522 2892 1584 invisibiliter.

1953 1603 2012 1657 C.
2057 1605 2123 1660 Et
2159 1609 2285 1676 quis
2328 1620 2412 1664 est
2447 1613 2741 1674 invisibilis
2773 1623 3035 1692 templum
3072 1625 3423 1686 inhabitans?

1950 1694 2014 1748 N.
2058 1695 2202 1751 Deus
2231 1702 2420 1768 procul
2450 1704 2643 1760 dubio.

1805 1748 1848 1802 Β
1945 1783 2007 1838 C.
2049 1787 2147 1841 Est
2187 1748 2320 1858 errgo
2356 1807 2577 1862 corpus,
2619 1812 2729 1852 non
2778 1794 3024 1860 hominis
3068 1812 3356 1879 assUmpti,
3393 1820 3454 1869 ut

1875 1876 2099 1940 asseris,
2136 1878 2232 1932 sed
2268 1880 2561 1954 Dei,cujus
2601 1897 2657 1942 et
2690 1892 2952 1960 templum
2992 1904 3097 1950 est.

1945 1960 2009 2014 N.
2053 1961 2107 2015 Si
2139 1979 2340 2034 corpus
2380 1980 2525 2026 esset
2568 1977 2844 2045 exanime,
2888 1981 2944 2034 in
2992 1999 3102 2053 quo
3149 1986 3448 2048 invisibilis

1873 2049 2020 2104 Deus
2064 2051 2359 2118 habitaret,
2407 2071 2554 2115 esset
2583 2063 2774 2133 utique
2809 2055 3010 2139 corpus
3037 2075 3156 2140 Dei,
3189 2095 3299 2133 non
3342 2077 3446 2134 ho-

1873 2139 2041 2193 minis
2073 2146 2362 2213 assumpti.
2398 2148 2598 2203 Verum
2628 2153 2756 2221 quia
2788 2172 2992 2227 corpus
3014 2165 3313 2222 animatum
3339 2178 3442 2236 est,

1871 2229 1927 2282 in
1959 2246 2071 2298 quo
2103 2233 2316 2289 habitat
2345 2239 2508 2306 Deus,
2541 2250 2628 2296 est
2655 2259 2858 2316 corpus
2892 2266 3003 2305 non
3041 2251 3161 2322 Dei,
3208 2260 3303 2314 sed
3342 2261 3444 2318 ho-

1869 2322 2036 2376 minis
2064 2329 2352 2397 assumpti.

1936 2412 1997 2466 C.
2039 2414 2158 2469 Non
2187 2433 2318 2488 ergo
2345 2435 2567 2492 corpus,
2605 2425 2699 2482 sed
2722 2429 2888 2486 homo
2913 2436 3176 2506 templum
3206 2451 3291 2496 est
3317 2441 3438 2511 Dei,

1867 2503 1994 2570 quia
2014 2504 2070 2558 in
2095 2521 2330 2577 corpore
2353 2513 2594 2570 animato
2611 2516 2780 2587 (quod
2804 2531 2888 2577 est
2912 2503 3227 2586 sine—dubio
3248 2533 3436 2608 homo)

1865 2594 2064 2648 asseris
2100 2597 2351 2654 habitare
2392 2602 2564 2659 Deum
2615 2607 2968 2668 invisibilem.

1933 2685 1997 2738 N.
2032 2685 2174 2741 Num
2221 2688 2321 2743 tibi
2369 2693 2475 2749 hoc
2506 2711 2617 2750 non
2659 2699 2920 2757 videtur?

1931 2775 1992 2829 C.
2016 2778 2204 2834 Absit!
2234 2781 2340 2838 hoc
2361 2786 2510 2840 enim
2536 2791 2763 2847 omnino
2791 2799 3128 2854 centr‘arium
3157 2808 3242 2858 est
3269 2820 3434 2862 cvan-

1859 2867 2070 2934 gelistte
2117 2872 2472 2941 expositioni,
2523 2880 2618 2948 qui
2658 2882 2797 2941 dixit
2839 2879 2868 2939 τ’
2896 2907 2912 2940 ι
2947 2889 3060 2944 [loc
3093 2902 3276 2948 autem
3317 2913 3431 2953 non

1859 2958 2078 3014 dicebat
2111 2961 2179 3016 de
2213 2967 2416 3035 templo
2449 2967 2690 3028 hominis
2715 2977 2824 3043 sui,
2849 2978 2944 3032 sed
2973 2980 3040 3035 de
3075 2985 3279 3053 templo
3302 3001 3430 3042 cor-

249 3048 309 3102 C.
351 3052 509 3112 Sicut
547 3077 658 3118 non
698 3065 992 3121 confundit
1040 3081 1265 3130 naturas
1314 3082 1508 3148 unitio,
1544 3086 1618 3141 ita
1653 3105 1756 3144 nec
1782 3059 1825 3116 Ο
1858 3064 2196 3148 ΡΟῘῘΒῘ¹¹¹²Ἶ

182 3146 528 3215 compositio,
555 3152 685 3219 quia
713 3170 816 3209 nec
848 3159 1046 3213 animte
1071 3171 1126 3216 et
1158 3167 1341 3222 carnis
1365 3182 1591 3238 naturae,
1634 3194 1755 3246 qua:

182 3234 481 3290 secundum
502 3245 961 3311 compositionem
987 3253 1152 3307 unita;
1169 3267 1318 3324 sunt,
1339 3263 1753 3322 confundtmtur

182 3324 231 3378 in
272 3345 412 3387 sese.
456 3334 705 3394 Alterius
733 3351 918 3397 autem
942 3345 996 3399 in
1029 3348 1206 3405 altero
1237 3353 1564 3413 inhabitatio
1591 3378 1751 3430 pror-

179 3430 270 3473 sus
309 3421 552 3479 duorum
593 3437 698 3484 est.
758 3431 904 3486 Deus
949 3445 1133 3490 autem
1169 3446 1224 3492 et
1269 3441 1435 3511 hom-0
1461 3463 1571 3502 non
1607 3451 1747 3506 alter

180 3506 231 3560 in
281 3513 456 3568 altero
500 3525 606 3580 est,
655 3520 749 3573 sed
788 3522 933 3576 idem
961 3525 1129 3592 Deus,
1155 3506 1302 3584 idem
1334 3533 1500 3590 homo
1533 3547 1637 3592 est.

243 3601 308 3654 N.
347 3604 612 3670 Quamvis
640 3613 944 3667 secundum
967 3617 1271 3675 unitionem
1310 3639 1455 3680 unus
1487 3627 1744 3700 idemque

177 3687 248 3742 sit
269 3692 411 3748 Deus
427 3696 618 3763 homo,
642 3704 947 3758 secundum
980 3718 1208 3767 naturas
1228 3720 1406 3768 tamen
1439 3718 1577 3772 alter
1597 3721 1744 3778 Deus

175 3790 273 3847 est,
296 3784 436 3840 alter
460 3787 651 3844 homo.
683 3792 817 3846 Nam
856 3795 901 3849 si
936 3796 1051 3867 ipse
1081 3801 1228 3858 Deus
1248 3805 1414 3862 homo
1446 3819 1550 3877 est,
1574 3814 1738 3870 etiam

173 3877 473 3932 secundum
523 3890 771 3950 naturas,
821 3891 1098 3956 quomodo
1133 3909 1244 3950 non
1280 3898 1416 3954 dicit
1465 3918 1479 3954 :

1925 3141 1989 3193 N.
2027 3142 2096 3196 Ut
2126 3143 2259 3198 mihi
2283 3146 2522 3214 videtur,
2561 3151 2798 3208 animam
2822 3173 2930 3213 non
2962 3163 3143 3219 credis
3166 3165 3425 3224 habuisse

1851 3226 2130 3286 Christum
2157 3232 2180 3285 ?

1921 3319 1983 3374 C.
2025 3322 2225 3380 Procul
2274 3341 2305 3380 a
2345 3342 2434 3384 me
2482 3332 2709 3389 omnino
2742 3336 2814 3391 sit
2853 3339 2955 3395 ista
2985 3343 3277 3403 calumnia.

1917 3410 1982 3463 N.
2009 3411 2295 3478 Quomodo
2313 3434 2448 3489 ergo
2469 3425 2626 3491 quasi
2648 3430 2988 3486 contrarium
3014 3439 3249 3505 respuis,
3272 3443 3420 3510 quod

1847 3513 1876 3551 ι
1911 3500 2070 3556 nobis
2102 3504 2251 3562 Deus
2273 3507 2479 3565 dicitur
2500 3513 2765 3573 habitare
2788 3519 2844 3574 in
2867 3500 3123 3594 ιιοιηίι-ιεξ
3142 3530 3186 3584 si
3217 3500 3419 3604 corpus

1844 3590 2082 3646 animam
2113 3594 2318 3652 habere
2343 3599 2624 3661 Christum
2651 3606 2878 3665 fateris?

1909 3677 1973 3733 C.
2009 3681 2148 3746 Quia
2193 3699 2395 3756 corpus
2442 3705 2552 3747 non
2611 3693 2854 3753 hominis
2902 3706 3191 3775 assumpti,
3250 3719 3310 3764 ut
3357 3720 3415 3767 tu

1839 3771 2063 3838 asseris,
2098 3775 2194 3830 sed
2239 3777 2337 3832 Dei
2373 3781 2677 3852 conﬁteris,
2714 3790 2872 3859 cujus
2915 3797 3254 3854 et-animam
3289 3818 3414 3858 esse

1839 3858 2026 3926 credo,
2071 3869 2128 3916 et
2148 3863 2275 3919 ideo
2308 3882 2420 3922 non
2447 3871 2619 3927 Deum
2654 3875 2709 3930 in
2737 3858 2982 3946 homine,
3020 3886 3115 3939 sed
3146 3887 3317 3944 Deum
3355 3895 3411 3947 in

1838 3962 2073 4018 corpore
2118 3955 2377 4021 prmdico.
2415 3959 2676 4033 Alioquin
2718 3969 2857 4024 nihil
2905 3982 2990 4027 est
3022 3977 3172 4033 aliud
3221 3983 3409 4054 dicere

1837 4039 2012 4095 Deum
2047 4043 2102 4097 in
2143 4044 2390 4115 homine,
2425 4053 2531 4108 nisi
2579 4056 2859 4114 hominem
2908 4063 3027 4129 Dei,
3075 4069 3262 4140 sicque
3295 4089 3408 4131 non

324 4059 335 4070 ,
1837 4054 2012 4095 neum
2047 4059 2102 4097 in
2143 4054 2390 4115 nomine,
2425 4054 2531 4108 nisi
2579 4056 2859 4114 hominem
2908 4063 3027 4129 Dei,
3075 4069 3262 4140 sicque
3295 4089 3408 4131 non

174 4054 284 4143 ".‘bo
316 4056 450 4113 “Iud
495 4061 586 4114 ﬂ?
800 4178 930 4226 (Ap
987 4087 1058 4226 'w
1830 4130 1944 4198 jam
1983 4133 2131 4188 Deus
2175 4135 2362 4202 homo,
2405 4144 2501 4197 sed
2534 4145 2699 4202 homo
2744 4150 2840 4204 Dei
2874 4151 3201 4226 intelligitur
3245 4164 3408 4222 Chri-

1832 4228 1972 4285 stus,
2003 4226 2150 4306 quod
2194 4228 2263 4284 de
2293 4233 2551 4289 omnibus
2580 4237 2673 4305 qui
2720 4238 2831 4294 Deo
2866 4240 3103 4300 ﬁdeliter
3133 4254 3400 4321 serviunt,

1832 4310 1942 4366 dici
1989 4325 2191 4384 potest.

800 4178 950 4235 CAP.
991 4183 1076 4239 IV.

230 4277 288 4332 C.
327 4280 500 4338 Miror
534 4293 590 4340 te
624 4303 786 4344 voces
829 4295 1194 4364 evangelicas,
1225 4315 1362 4368 quas
1406 4305 1514 4360 tuis
1547 4311 1729 4366 credis

167 4372 559 4430 assertionibus
581 4382 881 4437 convenire
901 4389 1170 4442 memoria
1192 4391 1452 4458 retinere,
1481 4414 1574 4454 eas
1595 4417 1724 4457 vero
1758 4388 1800 4443 ι)

168 4468 292 4522 quas
318 4465 428 4517 tuis
457 4467 722 4534 partibus
758 4475 1012 4542 agnoscis
1045 4492 1170 4533 esse
1211 4488 1536 4554 contrarias,
1568 4495 1726 4560 quasi

164 4557 432 4617 nunquam
474 4555 725 4616 audieris
766 4567 1071 4631 praeterire.
1119 4571 1202 4625 An
1233 4589 1364 4630 vero
1409 4580 1504 4647 qui
1547 4555 1722 4639 dixit:

165 4630 344 4692 Solvite
387 4646 646 4716 templum
685 4630 798 4717 hoc,
830 4670 942 4710 non
967 4657 1084 4727 ipse
1116 4671 1242 4730 post
1277 4630 1518 4723 inl‘usbm
1544 4687 1572 4724 a
1600 4688 1724 4727 mu-

165 4723 286 4783 liere
327 4747 497 4804 super
530 4751 698 4808 caput
721 4758 881 4800 suum
907 4761 1247 4819 unguentum
1274 4756 1480 4813 dixisse
1506 4760 1717 4816 fertur:

164 4811 314 4874 Sinite
348 4840 488 4891 eam,
539 4829 732 4886 bonum
760 4851 890 4904 opus
931 4811 1153 4909 operata
1189 4855 1264 4899 est
1316 4849 1374 4901 in
1427 4867 1556 4917 me;
1590 4857 1714 4908 mit-

163 4912 261 4961 ιεηε
291 4928 516 4986 namque
547 4922 656 4975 lucc
683 4936 1005 4995 unguentum
1047 4932 1142 4985 hoc
1190 4936 1246 4988 in
1272 4954 1462 5008 corpus
1517 4959 1710 5008 meum,

162 4997 222 5048 ad
241 5005 592 5071 sepeliendum
629 5029 712 5066 me
745 5017 865 5084 fecit
886 5019 976 5072 ⁸τῖ
1011 5020 1207 5078 Cernis
1240 5043 1350 5082 non
1381 5031 1548 5086 alium
1589 5050 1710 5090 esse

158 5092 434 5160 sepultum,
474 5101 585 5154 nisi
619 5118 746 5158 eum
781 5108 941 5177 cujus
971 5121 1030 5166 et
1060 5117 1324 5184 templum
1347 5122 1467 5175 est?

215 5177 278 5233 N.
317 5183 369 5238 Si
422 5188 516 5244 ille
570 5195 819 5261 sepultus
867 5208 952 5253 est
993 5204 1150 5274 cujus
1172 5177 1256 5260 ἐι
1297 5213 1562 5280 templum
1601 5225 1707 5282 est,

2480 4415 2631 4473 CAP.
2680 4420 2740 4476 V.

1891 4492 1959 4550 N.
1989 4496 2046 4553 Si
2078 4513 2278 4572 corpus
2305 4503 2402 4559 Dei
2428 4515 2532 4573 est,
2560 4527 2671 4565 non
2703 4521 2970 4588 assumpti
3003 4522 3268 4595 hominis,
3296 4547 3398 4588 cur

1821 4601 1930 4641 non
1973 4588 2181 4646 dictum
2212 4610 2225 4646 :
2253 4594 2369 4648 Nisi
2407 4601 2848 4660 manducaveritis
2879 4624 3103 4668 carnem
3128 4617 3257 4686 Dei;
3297 4625 3393 4680 sed

1825 4689 2040 4729 carnem
2057 4677 2182 4733 Filii
2203 4682 2448 4751 hominis,
2473 4703 2576 4758 non
2605 4690 2855 4750 habebitis
2882 4701 3046 4756 vitam
3077 4706 3132 4758 in
3148 4710 3287 4764 vobis
3311 4713 3395 4767 "‘2

1891 4763 1953 4819 C.
1995 4767 2256 4833 Quamvis
2281 4785 2413 4829 caro
2459 4777 2532 4830 sit
2579 4777 2702 4835 Filii
2745 4784 3010 4857 hominis,
3044 4793 3161 4864 ipsa
3207 4807 3392 4860 tamen

1823 4871 1950 4912 caro
1973 4860 2100 4917 Filii
2146 4864 2387 4922 hominis
2425 4885 2555 4926 caro
2594 4873 2691 4929 Dei
2722 4887 2826 4948 est.
2869 4881 3004 4939 Nam
3055 4888 3099 4942 si
3133 4903 3262 4948 caro
3293 4897 3391 4952 Dei

1821 4965 1931 5004 non
1975 4962 2080 5020 est,
2118 4960 2396 5028 quomodo
2421 4972 2606 5031 potest
2633 4968 2803 5025 vitam
2836 4984 3096 5034 teter-nam
3126 4995 3390 5052 praestare

1819 5043 2173 5101 credentibus
2195 5048 2218 5100 ’ἰ

154 5276 309 5326 restat
339 5284 399 5329 ut
426 5281 697 5350 templhm
733 5301 837 5341 nec
871 5290 1110 5348 solutum
1147 5297 1239 5360 sit,
1275 5313 1377 5354 nee
1407 5276 1704 5371 sepultum.

210 5355 267 5413 Β.
301 5362 576 5431 Quoniam
599 5375 703 5428 sub
733 5380 958 5436 nomine
1003 5386 1212 5454 templi,
1241 5388 1412 5443 alium
1457 5392 1707 5464 insepul-

153 5454 274 5518 tum,
323 5458 494 5514 alium
533 5465 811 5533 sepultum
853 5471 988 5524 mihi
1016 5473 1222 5532 videris
1258 5493 1529 5548 asserere,
1564 5493 1703 5541 tem-

1879 5313 1942 5369 C.
1998 5315 2054 5371 Si
2098 5316 2210 5373 Deo
2257 5323 2410 5378 unita
2465 5334 2552 5381 est
2596 5343 2748 5399 caro,
2801 5343 3079 5406 quomodo
3127 5359 3239 5401 non
3295 5360 3382 5406 est

1809 5418 1937 5459 caro
1975 5407 2071 5462 Dei
2090 5409 2115 5461 ?

1874 5493 1940 5549 N.
1981 5494 2118 5561 Quia
2160 5508 2354 5555 contra
2380 5509 2726 5568 manifestam
2755 5515 3039 5588 Evangelii
3068 5537 3261 5580 vocem
3289 5526 3388 5612 in-_

209 5625 250 5657 "
279 5629 432 5688 Joan.
479 5651 540 5699 ιι,
581 5639 667 5692 l9.
747 5644 790 5676 ³⁷
823 5642 1013 5699 Matth.
1045 5664 1189 5716 xxvi,
1221 5654 1308 5720 10,
1344 5658 1431 5712 l2.
1497 5663 1500 5666 ’
1531 5661 1576 5694 ⁸⁵
1598 5663 1752 5724 Joan.

1888 5669 1978 5726 21.
2054 5671 2102 5706 ³³
2126 5673 2283 5731 Joan.
2321 5694 2394 5746 vt,
2431 5681 2520 5738 54.

443 5748 722 5815 PATROL.
755 5757 871 5820 Gn.
907 5762 1254 5828 LXXXVI.

3009 5809 3054 5884 5
3382 5859 3444 5900 ,ι
