3984 6296
379 287 653 380 ""139

1773 304 2092 366 JOANNIS
2155 304 2528 366 MAXENTII

3693 302 3787 368 1L0

545 417 861 478 verecunde
895 416 1208 484 contendis,
1241 429 1452 486 quaero,
1481 415 1606 485 quis
1630 423 1716 470 est
1745 417 1838 486 qui
1869 398 2030 487 555.
2055 415 2123 469 ad
2157 424 2196 476 Α
2225 427 2330 481 est,
2361 415 2658 472 cruciﬁxus
2689 423 2774 471 est
2806 429 2938 486 ergo
2963 421 3018 470 et
3047 415 3286 471 Iacobus
3317 411 3484 468 frater
3512 386 3632 480 Dei,
3665 417 3787 486 quis

550 512 866 583 passionem
911 523 1234 580 properans,
1279 507 1418 562 dicit
1461 505 1748 577 discipulis
1787 506 2114 561 suiszAcci-

551 605 657 674 pile
685 611 732 656 et
760 600 896 655 edite
917 614 982 653 ea:
1002 600 1097 654 hoc
1119 613 1320 664 omnes;
1337 598 1432 650 hoc
1445 603 1522 650 est
1544 597 1683 650 enim
1707 611 1894 668 corpus
1917 611 2112 659 meum,

549 692 689 765 quod
702 707 798 764 pro
815 692 953 746 vobis
969 690 1250 761 frangetur
1263 689 1318 742 in
1337 688 1694 742 remissionem
1708 685 2118 758 peccatorum"?

1193 817 1346 874 CAP.
1384 818 1474 872 Vl.

619 950 682 1007 C.
725 951 825 1006 Ille
869 957 957 1005 est
1007 949 1295 1016 nimirum,
1331 948 1424 1020 qui
1463 949 1602 1004 dixit
1638 967 1653 1004 :
1704 949 1814 1020 Ego
1854 965 1970 1003 sum
2013 949 2121 1014 via,

533 1040 749 1098 teritus
788 1049 836 1095 et
881 1042 990 1094 vita
1015 1042 1082 1094 ".

622 1132 690 1187 Ν.
711 1133 832 1186 Vita
857 1147 991 1202 ergo
1015 1131 1270 1185 manibus
1292 1127 1784 1199 comprehenditur
1805 1126 2124 1196 impiorum,

553 1224 668 1279 vita
709 1221 1071 1293 crucifigitur,
1103 1228 1389 1291 postremo
1417 1207 1652 1273 moritur
1689 1219 1904 1285 vita,,et
1939 1217 1986 1271 si
2016 1217 2128 1270 vita

555 1321 794 1377 mortua,
815 1312 941 1383 quis
958 1312 1126 1365 vitam
1145 1309 1380 1364 mortuis
1407 1317 1664 1378 praestare
1682 1306 1990 1361 credendus
2012 1305 2130 1360 est?

624 1401 688 1456 (Ξ.
719 1401 775 1456 Si
814 1401 862 1454 is
893 1400 988 1470 qui
1022 1399 1134 1452 vita
1157 1405 1262 1459 est,
1303 1413 1410 1451 non
1435 1403 1520 1450 est
1553 1394 1872 1459 crucifixus,
1895 1403 1952 1448 et
1987 1408 2131 1447 mor-

558 1501 709 1558 tuus,
725 1505 946 1560 sperare
965 1490 1131 1542 vitam
1149 1486 1348 1540 mortui
1371 1486 1680 1539 nullatenus
1696 1484 1918 1538 debent.
1933 1483 2132 1538 Verum

559 1583 687 1652 quia
726 1578 1026 1636 crucifixus
1073 1587 1180 1642 est,
1229 1585 1284 1630 et
1323 1583 1576 1630 mortuus
1644 1575 1691 1628 is
1730 1575 1825 1644 qui
1866 1582 1950 1628 cst
2001 1573 2132 1638 vita,

560 1687 672 1726 non
712 1685 820 1734 me,
871 1669 968 1723 sed
999 1668 1222 1723 beatum
1251 1667 1470 1721 Petrum
1514 1666 1580 1720 ad
1624 1666 1844 1722 Judaeos
1866 1665 1991 1720 audi
2023 1665 2136 1718 cla-

560 1771 804 1816 mantem
835 1779 848 1814 :
891 1760 1127 1824 Petistis,
1159 1759 1362 1827 inquit,
1389 1773 1567 1810 verum
1601 1757 1918 1810 homicidam
1945 1756 2134 1810 donari
2167 1746 2206 1806 Β

561 1854 723 1919 vobis,
758 1861 1027 1907 auctorem
1053 1867 1174 1906 vero
1221 1851 1344 1904 vita
1373 1850 1712 1903 interemistis
1741 1849 1809 1902 ".
1849 1861 1852 1865 ‘

632 1943 700 2000 N.
735 1941 998 2012 Quamvis
1030 1951 1224 1995 auctor
1253 1940 1380 1994 vitae
1425 1939 1659 2008 propriae
1691 1939 1836 1994 Deus
1869 1953 1990 1993 esse
2023 1954 2136 1994 cre-

564 2036 746 2099 datur,
781 2044 964 2088 tamen
1005 2031 1132 2102 quia
1175 2039 1232 2086 et
1290 2029 1543 2086 homines
1573 2040 1829 2085 auctores
1857 2031 1985 2084 vitae
2011 2043 2136 2098 pos-

565 2141 754 2183 sumus
805 2123 1102 2198 appellare,
1159 2121 1255 2194 qui
1301 2119 1650 2192 disciplinam
1721 2121 1949 2176 tradunt
1995 2122 2135 2178 bene

563 2218 810 2283 vivendi,
845 2215 1195 2273 manifestius
1225 2212 1382 2278 doce,
1421 2211 1468 2268 si
1497 2213 1669 2277 vales,
1702 2212 2022 2270 crucifixam
2051 2215 2136 2269 vel

566 2317 840 2364 mortuam
874 2307 1066 2361 vitam.

637 2399 702 2454 C.
775 2397 1100 2465 Quanquam
1151 2410 1262 2450 non
1322 2395 1576 2450 homines
1630 2395 1724 2464 qui
1785 2395 2138 2466 disciplinam

569 2490 799 2547 tradunt
831 2488 972 2542 bene
1017 2484 1263 2551 vivendi,
1297 2485 1394 2540 sed
1428 2487 1572 2540 Deus
1615 2486 1768 2540 solus
1795 2494 1988 2541 auctor
2014 2487 2142 2541 vitae

569 2594 683 2635 non
717 2584 866 2632 recte
914 2574 1197 2642 credatur,
1235 2583 1417 2630 tamen
1447 2583 1505 2630 ει
1531 2575 1578 2631 si
1616 2591 1740 2630 eum
1773 2577 1870 2646 qui
1891 2585 1974 2632 est
2004 2577 2136 2644 vita,

570 2677 852 2726 mortuum
872 2675 926 2722 et
948 2667 1274 2723 crucifixum
1294 2681 1360 2720 ex
1392 2666 1692 2736 Scripturis
1715 2667 1978 2732 docuero,
2013 2685 2137 2722 rur-

573 2775 670 2824 sus
709 2759 776 2815 ad
819 2758 926 2817 alia
961 2767 1015 2814 te
1059 2765 1412 2824 convertens,
1463 2757 1594 2812 dum
1628 2773 1738 2813 non
1784 2759 1867 2813 vis
1915 2759 2140 2814 credere

573 2851 816 2918 veritati,
837 2848 1147 2922 superfluas
1171 2849 1505 2921 quaestiones
1533 2862 1754 2904 movere
1777 2863 1888 2904 non
1912 2848 2137 2904 desinis.

1201 2984 1352 3042 CAP.
1396 2983 1506 3040 VII.
1747 2983 1775 2993 “

2216 516 2272 562 ει
2313 507 2484 563 frater
2525 507 2745 562 Domini
2793 506 3000 560 dicitur
3037 505 3062 560 ?

2285 598 2348 655 C.
2387 599 2505 654 Non
2539 607 2624 654 est
2651 597 2790 652 alter
2821 599 2986 660 Deus,
3021 599 3161 650 alter
3197 595 3480 662 Dominus,
3533 597 3629 650 scd
3679 596 3781 650 Do-

2218 689 2403 744 minus
2444 689 2560 758 ipse
2600 696 2688 742 est
2742 687 2909 751 Deus,
2956 685 3228 754 Propheta
3277 684 3498 738 dicente
3535 701 3549 736 :
3604 683 3789 738 Scitote

2219 781 2358 852 quod
2399 780 2655 835 Dominus
2699 779 2810 850 ipse
2838 788 2914 832 est
2962 777 3104 830 Deus
3144 777 3212 829 ”.
3245 776 3314 830 Et
3336 775 3463 830 ideo
3499 784 3650 830 recte
3677 791 3789 830 om-

2221 873 2354 926 nino
2375 873 2522 926 Deus
2546 871 2734 942 gloriae
2761 885 2792 923 a
2835 867 3041 924 Judasis
3067 867 3317 922 creditur
3345 866 3664 930 cruciﬁxus,
3696 881 3788 922 nec

2223 972 2308 1018 est
2345 963 2646 1018 secundum
2690 961 2833 1014 hanc
2881 959 3168 1032 Propheta;
3211 972 3402 1011 vocem
3462 955 3791 1011 contrarium

2227 1053 2465 1116 veritati,
2532 1051 2797 1107 Jacobum
2846 1050 3071 1104 fratrem
3117 1049 3358 1114 Domini,
3421 1047 3650 1102 fratrem
3701 1049 3789 1104 Dei

2227 1143 2430 1199 dicere'
2447 1141 2751 1198 secundum
2802 1156 3046 1196 carnem.

2297 1232 2371 1290 ΝΣ
2400 1233 2548 1290 Nova
2582 1234 2830 1304 quaedam
2867 1241 2924 1286 et
2971 1229 3334 1285 intolerabilis
3387 1230 3638 1285 doctrina
3687 1231 3791 1285 haec

2229 1337 2415 1383 vestra
2460 1335 2545 1382 est
2586 1340 2708 1396 quae
2751 1326 2924 1378 Deum
2969 1323 3287 1393 passibilem
3343 1323 3628 1391 prmdicat,
3679 1336 3792 1376 cum

2232 1422 2301 1476 dc
2327 1436 2396 1476 eo
2420 1421 2514 1490 qui
2545 1437 2574 1474 a
2605 1419 2806 1476 Iudaeis
2838 1426 2924 1473 est
2945 1415 3260 1479 crucifixus,
3290 1415 3489 1468 Petrus
3523 1413 3793 1483 apostolus

2235 1513 2291 1566 in
2323 1513 2550 1566 Actibus
2584 1509 2958 1580 apostolorum
2999 1507 3288 1560 manifeste
3323 1504 3677 1567 testificetur,
3720 1503 3794 1557 di-

2235 1617 2366 1655 cens
2390 1618 2403 1653 :
2431 1598 2621 1653 Notum
2643 1599 2712 1651 sit
2740 1597 2976 1650 omnibus
3004 1595 3164 1658 vobis,
3197 1602 3247 1647 et
3269 1595 3412 1646 omni
3439 1591 3576 1662 plebi
3603 1589 3788 1651 Israel,

2238 1688 2362 1762 quid
2417 1693 2472 1744 in
2523 1691 2731 1742 nomine
2763 1687 2887 1741 Iesu
2941 1685 3132 1742 Christi
3171 1685 3461 1748 Nazareni,
3509 1699 3666 1754 quem
3715 1699 3796 1736 vos

2235 1783 2586 1851 cruciﬁxistis,
2625 1795 2778 1850 quem
2814 1778 2952 1832 Deus
2984 1779 3258 1832 suscitavit
3293 1793 3324 1829 a
3354 1775 3596 1835 mortuis,
3631 1776 3688 1828 in
3713 1776 3797 1827 hoc

2233 1874 2330 1926 ista
2381 1879 2521 1925 astat
2551 1885 2731 1924 coram
2763 1867 2902 1922 uobis
2929 1882 3090 1920 sanus
3117 1866 3182 1917 ⁸⁷.
3221 1865 3290 1918 Ει
3323 1865 3522 1918 iterum
3563 1881 3576 1916 :
3613 1863 3794 1918 Certis-

2233 1965 2382 2022 sime.
2431 1962 2630 2030 inquit,
2669 1960 2800 2012 sciat
2841 1958 3009 2010 omnis
3064 1957 3248 2009 domus
3286 1955 3480 2019 Israel,
3529 1957 3657 2025 quia
3694 1955 3796 2008 Do-

2236 2054 2438 2106 minum
2454 2059 2502 2104 et
2523 2049 2789 2105 Christum
2819 2063 2938 2101 eum
2967 2047 3102 2100 Deus
3137 2047 3254 2115 fecit
3283 2046 3420 2098 hunc
3445 2045 3627 2098 Iesum
3655 2059 3795 2112 quem

2237 2159 2323 2196 vos
2356 2139 2690 2208 cruciﬁxistis
2722 2139 2787 2192 ’⁸.
2821 2137 2958 2192 Cum
2981 2152 3117 2206 ergo
3149 2153 3178 2190 a
3219 2137 3332 2191 Deo
3355 2151 3482 2190 eum
3519 2152 3686 2206 quem
3713 2135 3796 2189 Ju-

2237 2232 2338 2287 daei
2375 2233 2767 2286 crucifixerunt
2794 2229 3087 2283 Dominum
3135 2227 3417 2282 Christum
3457 2227 3686 2290 factum,
3721 2235 3792 2281 te-

2237 2331 2416 2379 stetur
2437 2322 2740 2392 apostolus,
2769 2335 2878 2373 non
2921 2320 2976 2373 in
3002 2319 3222 2372 occulto
3259 2327 3346 2372 est
3397 2320 3492 2388 qui
3525 2319 3600 2374 sit
3629 2319 3796 2372 Domi-

2237 2430 2344 2470 nus
2371 2414 2556 2484 gloria:
2601 2410 3019 2481 intelligendus,
3077 2411 3164 2464 vel
3209 2416 3360 2464 certe
3416 2408 3571 2478 quia
3605 2407 3794 2462 tudinis

2239 2504 2548 2560 credendus
2575 2510 2659 2558 est
2701 2500 2997 2556 crucifixus
3025 2515 3040 2565 ;
3065 2513 3245 2569 neque
3297 2498 3445 2552 enim
3483 2498 3539 2552 in
3590 2505 3789 2552 tantum

2238 2595 2443 2650 erroris
2487 2594 2778 2662 abruptum
2827 2589 2993 2644 credo
3039 2603 3140 2643 vos
3167 2587 3484 2652 devenisse,
3519 2595 3582 2642 ut
3611 2587 3795 2642 Filium

2240 2686 2338 2741 Dei
2389 2685 2562 2740 Deum
2611 2699 2642 2738 a
2670 2682 2782 2736 Deo
2830 2680 3034 2735 factum
3064 2679 3359 2734 Dominum
3391 2692 3515 2733 esse
3546 2676 3796 2732 credatis.

2239 2774 2394 2832 Unde
2427 2774 2690 2828 docemur
2729 2787 2826 2843 per
2857 2773 2999 2826 hanc
3038 2771 3270 2841 apostoli
3297 2769 3630 2824 sententiam
3659 2777 3714 2822 et
3737 2767 3796 2820 il-

2240 2865 2346 2920 lam
2381 2879 2409 2919 a
2435 2873 2484 2918 te
2505 2863 2768 2934 prolatam
2797 2862 3077 2932 prophetae
3100 2875 3315 2924 vocem,
3337 2859 3554 2914 Domini
3608 2873 3796 2914 nomen

2241 2968 2352 3008 non
2393 2967 2612 3021 semper
2642 2951 2814 3006 Deum
2850 2948 3185 3019 signiﬁcare,
3221 2948 3316 3002 sed
3347 2947 3650 3018 aliquando
3689 2955 3797 3001 tan-

2167 3065 2210 3123 ο
2243 3053 2358 3099 ιιιιιι
2391 3045 2584 3107 Deum,
2611 3041 2904 3112 aliquando
2937 3041 3218 3094 hominem
3253 3047 3487 3104 tantum,
3509 3037 3797 3106 aliquando

643 3126 710 3182 Ν·
752 3123 808 3182 εί
842 3123 1044 3180 nonem
1081 3120 1311 3177 credere
1339 3118 1581 3183 νετίιειίν
1611 3131 1890 3188 “unquam
1928 3131 1992 3172 ea
2019 3131 2143 3184 illm
2177 3118 2208 3123 V
2244 3148 2373 3188 vero
2415 3133 2586 3187 Deum
2622 3140 2680 3186 et
2710 3131 2987 3186 hominem
3017 3147 3030 3182 :
3056 3129 3181 3184 ideo
3212 3143 3322 3183 non
3349 3128 3598 3198 cogimur
3641 3128 3798 3182 Deum

539 3247 546 3252 α
575 3233 661 3273 me
691 3224 932 3281 movent,
966 3213 1023 3268 in
1048 3211 1290 3266 medium
1319 3207 1666 3264 discutienda
1697 3205 2023 3276 proferrem.
2061 3205 2142 3258 Tu

576 3323 732 3374 vero,
781 3305 912 3360 dum
963 3317 1077 3358 non
1115 3301 1266 3356 vales
1317 3297 1654 3368 respondere
1696 3296 1951 3367 objectis,
1983 3295 2144 3350 nobis

577 3396 736 3470 quasi
779 3391 1058 3463 superflua
1090 3389 1465 3462 quaerentibus
1511 3387 1764 3442 insultas.

647 3489 713 3558 (ξ.
753 3488 956 3543 Verum
1001 3485 1110 3538 hoc
1152 3479 1378 3537 omnino
1414 3485 1500 3534 est
1543 3477 1690 3547 quod
1731 3491 1842 3532 non
1875 3478 1998 3548 ego,
2049 3475 2143 3532 sed

581 3583 700 3652 ipse
735 3579 805 3634 de
844 3591 954 3648 quo
1003 3573 1204 3645 agitur,
1243 3571 1355 3626 tuis
1399 3585 1498 3640 pro
1530 3583 1618 3623 me
1667 3568 1952 3639 respondit
1997 3568 2146 3638 obje-

580 3669 880 3733 ctionibus,
930 3675 1096 3736 teque
1147 3677 1310 3718 suum
1341 3659 1719 3716 adversarium
1749 3668 1949 3714 notans
1969 3658 2148 3728 loqui-

583 3771 693 3825 tur,
729 3759 787 3814 in
835 3751 1264 3812 Deuteronomio
1308 3749 1376 3806 ad
1423 3749 1688 3820 populum
1729 3749 1914 3804 Israel.
1967 3749 2038 3803 Et
2066 3751 2145 3803 vi-

580 3851 786 3916 debitis,
815 3845 1016 3917 inquit,
1034 3845 1197 3899 nitam
1233 3851 1459 3896 uestram
1489 3839 1799 3912 pendentem
1825 3841 1880 3894 in
1911 3839 2075 3911 ligno,
2097 3847 2147 3893 et

582 3955 688 3998 non
723 3936 942 3992 credetis
974 3935 1022 3990 ei
1051 3933 1121 3988 ”.

649 4027 717 4089 Η.
758 4027 826 4083 Ει
869 4021 1151 4097 quomodo
1199 4028 1383 4092 potest
1423 4019 1537 4074 vita
1585 4035 1686 4090 per
1716 4033 1776 4074 se
1806 4019 2048 4091 pendere
2089 4019 2146 4074 in

579 4116 764 4189 ligno?
805 4116 950 4171 Deus
977 4127 1110 4185 ergo
1136 4127 1167 4166 a
1190 4110 1398 4168 ludatis
1428 4119 1516 4166 est
1558 4107 1902 4164 cruciﬁxus?

647 4207 710 4272 ϐ,
749 4208 870 4264 Non
901 4205 1060 4272 mihi,
1103 4203 1200 4260 sed
1238 4201 1522 4274 propheta:
1565 4199 1730 4256 crede
1769 4199 1976 4254 dicenti
2027 4217 2040 4252 :
2089 4198 2148 4254 Si

579 4298 738 4371 aﬂigit
756 4298 908 4352 homo
933 4294 1126 4358 Deum,
1143 4292 1270 4363 quia
1289 4307 1377 4344 uos
1401 4287 1660 4358 conligitis
1690 4303 1774 4341 me
1798 4303 1924 4354 gens
1949 4295 2059 4341 tota
2076 4287 2142 4340 “.

2246 3221 2546 3290 intelligere
2599 3221 2945 3284 crucifixum,
2993 3234 3059 3272 eo
3105 3217 3252 3287 qu'od
3301 3217 3369 3271 ab
3413 3217 3666 3286 apostolo
3708 3215 3801 3269 Do-

2244 3311 2428 3365 minus
2475 3311 2662 3380 gloriae
2690 3309 2896 3364 dicitur
2926 3307 3244 3372 crucifixus,
3281 3321 3387 3360 nec
3421 3306 3548 3375 quia
3571 3304 3801 3358 Iacobus

2245 3399 2414 3455 frater
2448 3399 2662 3454 Domini
2695 3399 2921 3464 dicitur,
2957 3398 3184 3452 fratrem
3213 3411 3342 3451 eum
3377 3393 3664 3450 credimus
3693 3393 3798 3448 Dei.

2873 3531 3024 3588 CAP.
3079 3531 3174 3586 1X.

2315 3668 2390 3725 C.’
2411 3671 2486 3724 De
2513 3670 2642 3725 Jesu
2669 3669 2968 3732 Nazareno,
2999 3665 3144 3737 quod
3175 3665 3321 3721 Dens
3342 3665 3432 3730 sit,
3459 3664 3707 3721 arbitror
3725 3675 3801 3717 me

2246 3759 2580 3816 sufficienter
2609 3769 2717 3814 tam
2747 3758 2981 3822 ratione,
3011 3770 3173 3826 quam
3198 3756 3368 3810 etiam
3396 3755 3729 3810 testimoniis
3751 3753 3799 3807 in

2247 3851 2532 3919 superiore
2559 3865 2814 3906 sermone
2839 3843 3112 3912 docuisse,
3147 3839 3245 3901 sed
3295 3845 3612 3902 inﬁdelibus
3639 3855 3800 3902 totum

2247 3937 2386 3992 nihil
2419 3946 2524 3994 est.
2557 3939 2636 3994 De
2663 3954 2732 3993 eo
2753 3947 2936 3992 autem
2959 3935 3106 4007 quod
3130 3951 3387 4006 magnum
3418 3950 3666 3990 errorem
3693 3947 3800 3990 esse

2241 4029 2480 4102 judicas,
2529 4030 2702 4084 Deum
2748 4027 2950 4084 factum
2985 4027 3277 4082 Dominum
3325 4042 3354 4081 a
3403 4027 3515 4082 Deo
3564 4027 3801 4084 credere.

2248 4121 2378 4190 quia
2406 4120 2616 4176 dictum
2662 4129 2747 4174 est
2785 4135 2813 4174 a
2860 4119 3026 4174 Petro
3067 4117 3136 4172 de
3179 4118 3308 4174 Jesn
3353 4117 3639 4182 crnciflxo,
3690 4117 3802 4188 quia

2252 4208 2545 4264 Dominum
2589 4223 2715 4267 eum
2768 4217 2826 4264 et
2879 4209 3164 4263 Christum
3215 4208 3362 4262 Deus
3405 4206 3578 4270 fecit,
3629 4219 3803 4276 quam

2250 4308 2458 4364 utrum,
2482 4313 2608 4354 cum
2640 4307 2788 4352 esset
2828 4297 3008 4362 Iesus,
3054 4307 3112 4352 et
3147 4307 3332 4351 tamen
3379 4309 3491 4350 non
3531 4305 3680 4350 esset
3711 4295 3806 4348 Do-

647 4385 718 4442 Ν.
760 4383 982 4440 Falsum
1023 4387 1110 4435 est
1135 4377 1384 4442 omnino,
1415 4390 1696 4444 nunquam
1733 4373 1840 4428 hoc
1872 4375 1929 4428 in
1975 4376 2148 4430 eccle-

2251 4389 2456 4454 minus,
2500 4388 2678 4444 factus
2713 4395 2800 4444 est
2829 4403 2858 4442 a
2901 4389 3014 4442 Deo
3059 4386 3360 4442 Dominus?
3397 4401 3468 4440 an
3501 4399 3629 4440 cum
3669 4389 3806 4440 esset

578 4473 820 4532 siastlcis
861 4469 1024 4526 libris
1071 4468 1308 4538 legitur,
1341 4463 1593 4534 quamvis
1645 4463 1909 4533 script-um
1970 4465 2040 4520 sit
2087 4467 2142 4521 in

575 4559 841 4619 Malachia
875 4555 1142 4629 propheta
1174 4570 1187 4605 :
1214 4551 1272 4607 Si
1293 4550 1604 4630 supplantat
1625 4551 1774 4605 homo
1801 4551 1984 4619 Deum,
2017 4557 2142 4624 quia

575 4648 936 4721 supplantatis
975 4660 1057 4699 me
1094 4659 1182 4698 vos
1219 4659 1344 4714 gens
1378 4650 1510 4696 tota.

644 4742 708 4795 C.
741 4739 860 4800 Non
901 4743 987 4794 est
1013 4733 1277 4810 dubium,
1306 4733 1378 4787 ita
1424 4741 1484 4786 ut
1530 4741 1588 4788 tu
1623 4733 1785 4800 dicis,
1835 4735 1891 4790 in
1917 4737 2141 4806 antiqua

577 4829 851 4892 contineri
900 4822 1168 4888 editione,
1215 4823 1274 4878 in
1315 4823 1529 4880 novella
1569 4839 1701 4880 vero
1746 4825 1884 4880 illud
1929 4827 2076 4896 quod
2110 4842 2142 4880 a

577 4921 741 4976 nobis
785 4926 870 4974 est
898 4916 1160 4990 positum.
1191 4915 1393 4978 Verum
1440 4905 1486 4971 si
1523 4911 1626 4973 tibi
1665 4931 1860 4973 recens
1888 4927 2140 4972 contem-

577 5011 758 5068 nenda
784 5009 1001 5066 videtur
1020 5006 1278 5062 editionis
1306 5006 1623 5073 auctoritas,
1665 5007 1790 5064 audi
1818 5007 2139 5077 Apostolum

577 5102 906 5157 clamantem
939 5117 952 5152 :
984 5097 1262 5157 Dominum
1295 5095 1480 5170 gloria
1503 5095 1812 5171 cruciﬁxum
1843 5097 1909 5152 ”.

1189 5253 1342 5310 CAP.
1386 5251 1523 5308 Vlll.

642 5393 710 5456 Ν.
731 5391 788 5448 Si
814 5389 1080 5452 Dominus
1101 5385 1287 5458 gloria:
1307 5382 1624 5450 cruciﬁxus,
1655 5381 1800 5445 Deus
1831 5384 2142 5442 credendus

641 5586 690 5620 '°
728 5585 918 5640 Matth.
944 5599 1088 5650 xxvi,
1120 5579 1227 5650 26.
1277 5583 1326 5650 7"
1363 5581 1524 5638 Joan.
1560 5581 1649 5650 ﬂ,
1681 5580 1735 5636 6.
1812 5581 1858 5614 ”
1898 5582 2020 5638 Act.
2082 5599 2158 5648 ιιι,
2193 5583 2281 5647 14,
2318 5585 2400 5638 15.

577 5655 623 5694 ’⁸
659 5653 836 5712 lCor.
871 5667 928 5718 ιι,
971 5653 1025 5715 8,

2247 4479 2533 4541 Dominus.
2564 4479 2742 4534 factus
2767 4485 2854 4532 est
2880 4493 2910 4531 a
2939 4478 3052 4532 Deo
3085 4475 3384 4531 Dominus?

2317 4570 2386 4624 Ν.
2425 4567 2736 4634 Quomodo,
2763 4567 2810 4621 si
2835 4575 2982 4622 esset
3017 4567 3301 4631 Dominus,
3321 4581 3350 4620 a
3385 4565 3497 4620 Deo
3525 4564 3682 4620 ﬁeret
3709 4563 3806 4618 Do-

2247 4657 2452 4720 minus,
2479 4671 2600 4711 cum
2631 4654 2724 4708 fiat
2747 4669 2910 4710 nemo
2937 4654 3085 4724 quod
3129 4656 3254 4708 est?
3282 4655 3376 4709 sed
3401 4654 3530 4724 quia
3551 4669 3664 4708 non
3693 4658 3804 4709 erat

2247 4747 2533 4811 Dominus,
2567 4745 2690 4800 ideo
2721 4760 2752 4799 a
2783 4745 2895 4799 Deo
2925 4743 3336 4798 factus'dicitur
3366 4744 3649 4798 Dominus.

2315 4835 2378 4891 ϐ.
2425 4836 2558 4890 Erat
2600 4849 2730 4904 ergo
2774 4832 2996 4904 quando
3024 4849 3140 4888 non
3170 4841 3290 4888 erat
3324 4833 3484 4888 Jesus
3509 4832 3805 4888 Dominus?

2313 4927 2382 4982 N.
2423 4927 2544 4982 Non
2595 4932 2715 4980 erat
2759 4933 3053 4993 antequam
3102 4921 3262 4976 fieret
3291 4923 3576 4977 Dominus.

2311 5017 2374 5074 C.
2401 5015 2688 5084 Quomodo
2711 5031 2842 5085 ergo
2870 5013 3056 5068 dixisti
3083 5030 3096 5064 :
3129 5011 3186 5067 Si
3211 5020 3358 5066 esset
3388 5013 3676 5077 Dominus,
3700 5025 3800 5066 non

2241 5109 2400 5165 ﬁeret
2427 5123 2458 5161 a
2490 5107 2604 5162 Deo
2633 5106 2920 5170 Dominus,
2957 5105 3054 5160 sed
3077 5105 3205 5175 quia
3239 5120 3350 5160 non
3373 5111 3494 5159 erat
3525 5102 3798 5164 Dominus,

2239 5204 2368 5258 ideo
2399 5218 2430 5257 a
2475 5201 2589 5256 Deo
2625 5199 2804 5255 factus
2849 5209 2935 5255 est
2965 5199 3274 5254 Dominus?

2309 5295 2376 5349 Ν.
2411 5291 2570 5360 Quia,
2601 5298 2894 5360 antequam
2927 5297 3270 5352 nasceretur,
3307 5304 3416 5344 non
3438 5297 3561 5344 erat
3587 5288 3683 5358 qui
3711 5286 3802 5340 ﬁe-

2241 5396 2327 5448 ret
2347 5385 2634 5448 Dominus,
2661 5396 2765 5438 nec
2805 5390 3162 5454 posteaquam
3195 5387 3358 5434 natus
3389 5387 3494 5442 est,
3523 5377 3701 5434 factus
3721 5382 3800 5430 est

2510 5583 2556 5615 "
2592 5582 2750 5638 Deut.
2807 5597 3010 5648 xxvm,
3057 5579 3151 5638 66.
3255 5579 3304 5612 ’⁸
3340 5577 3573 5634 Malach.
3637 5591 3715 5640 ιιι,
3745 5571 3798 5632 8ο

1185 5649 1233 5689 ³⁸
1263 5649 1410 5711 Psal.
1449 5665 1594 5734 xctx,
1639 5649 1694 5704 ὅ.
1767 5650 1816 5683 ’⁷
1838 5651 1957 5706 Act.
1989 5666 2062 5718 tv,
2099 5652 2181 5708 l0.
2257 5654 2301 5687 "
2337 5655 2460 5708 Act.
2497 5667 2556 5718 ιι,
2601 5652 2693 5706 56.
