3984 6296
171 284 261 352 141

1473 285 1802 357 DIALOGI,
1847 285 1988 345 LIB.
2021 284 2100 344 ΙΙ.

3320 286 3419 351 ΗΞ

171 396 458 459 Dominus,
493 395 586 450 sed
621 395 677 449 in
728 395 847 464 ipsa
888 407 1114 464 prorsus
1148 394 1306 448 vulva
1356 393 1603 448 unitione
1635 394 1754 447 Filii
1791 403 1829 456 Α
1929 393 1989 447 C.
2039 393 2391 446 Divinitatem
2453 394 2673 461 quidem
2735 394 3045 463 passibilem
3107 397 3418 452 nullatenus

171 488 266 542 Dei
297 487 474 541 factus
499 497 585 541 est
614 488 903 541 Dominus.

239 577 300 633 C.
341 578 494 632 Alter
511 593 646 647 ergo
662 586 748 632 est
777 578 955 632 Filius
985 576 1104 642 Dei,
1142 576 1281 630 alter
1303 575 1466 630 Jesus
1497 573 1592 643 qui
1625 573 1750 626 uni-

171 670 317 724 tione
349 669 474 722 Filii
498 670 596 722 Dei
633 669 705 722 sit
743 669 1050 722 Dominus?

212 755 303 813 'N.
342 759 495 813 Idem
529 759 646 828 ipse
695 767 806 828 est,
855 760 998 812 sicut
1049 759 1305 828 superius
1348 759 1460 827 jam
1505 758 1638 821 dixi,
1667 755 1752 811 di-

169 851 372 920 gnitate
424 858 482 904 et
530 850 888 916 auctoritate,
925 865 1035 903 non
1083 860 1268 903 autem
1303 849 1606 904 secundum
1652 863 1750 902 na-

172 945 344 992 turas.
880 940 886 946 ’

229 1028 295 1084 C.
336 1029 654 1088 Secundum
685 1037 914 1084 naturas
951 1045 1082 1099 ergo
1111 1029 1221 1083 duo
1251 1039 1414 1093 sunt,
1451 1027 1544 1083 sed
1573 1027 1750 1098 digni-

169 1128 277 1174 tate
334 1130 391 1175 et
434 1121 682 1189 potentia
729 1136 874 1173 unus
923 1128 1006 1173 est
1054 1119 1244 1182 Filius,
1311 1127 1368 1172 et
1401 1118 1495 1186 qui
1546 1132 1612 1170 ex
1661 1117 1748 1171 his

166 1210 400 1265 formam
453 1213 602 1266 servi
633 1213 912 1281 accepisse
946 1211 1258 1265 credendus
1292 1210 1426 1264 est?

235 1303 303 1356 N.
346 1303 463 1356 Non
507 1312 636 1356 sunt
681 1303 792 1356 duo
823 1303 944 1366 lilii,
979 1311 1038 1356 ut
1072 1310 1128 1355 tu
1161 1303 1424 1367 somnias,
1469 1304 1564 1358 sed
1601 1320 1747 1359 unus

167 1400 249 1444 est
267 1392 438 1444 Filius
463 1393 580 1455 Dei,
613 1408 778 1461 quem
803 1401 983 1445 tamen
1013 1393 1066 1445 in
1095 1391 1310 1444 duabus
1339 1393 1553 1446 naturis
1578 1395 1746 1448 unitis

167 1481 464 1546 credimus,
498 1483 594 1552 qui
629 1484 818 1547 etiam,
850 1498 975 1537 cum
1007 1490 1155 1536 esset
1185 1483 1242 1534 in
1271 1482 1450 1536 forma
1476 1484 1593 1547 Dei,
1631 1483 1744 1537 for-

169 1586 310 1625 mam
360 1573 504 1626 servi
541 1574 758 1640 accepit
803 1574 871 1625 ’9.

234 1661 296 1716 C.
338 1662 567 1732 Accepit
596 1678 728 1732 ergo
768 1663 941 1716 Filius
969 1663 1088 1726 Dei,
1123 1679 1249 1716 cum
1285 1673 1431 1718 esset
1459 1665 1605 1718 Deus
1635 1663 1740 1717 Do-

1854 485 2093 553 przedico
2130 503 2142 537 :
2176 485 2346 538 Deum
2379 494 2562 538 autem
2591 500 2752 540 carne
2784 501 3000 554 pass-um
3026 487 3252 540 omnino
3282 504 3416 542 eon-

1853 573 2033 637 liteor,
2062 573 2191 642 quia
2215 574 2400 627 Jesum
2421 573 2698 628 Christum
2730 575 2900 628 Deum
2929 592 3123 629 verum
3158 592 3414 646 agnosco.

1917 660 1984 716 N.
2019 661 2180 715 Nullo
2213 664 2376 716 modo
2428 663 2597 716 Deum
2645 677 2864 731 passum
2914 679 3078 718 carne
3133 667 3414 734 proliteor,

1851 751 1998 821 quod
2045 753 2100 806 in
2153 753 2457 822 Scripturis
2485 755 2692 807 sanctis
2724 755 3038 808 nullatenus
3072 758 3287 826 legitur,
3322 759 3416 812 scd

1849 843 2128 899 Christum
2163 861 2383 914 passum
2433 859 2620 910 carne,
2657 860 2896 913 sequens
2930 846 3152 898 Petrum
3200 859 3419 916 aposto-

1849 933 1984 996 lum,
2027 934 2222 988 l‘ateor.
3359 987 3362 989 _

1918 1023 1959 1076 C
2005 1022 2118 1092 Ego
2140 1025 2360 1092 quidem
2388 1033 2689 1094 utrumque
2715 1026 3001 1090 conﬁteor,
3027 1036 3082 1080 et
3101 1028 3271 1080 Deum
3297 1043 3419 1096 pas-

1847 1130 1968 1168 sum
2007 1131 2195 1178 carne,
2223 1125 2278 1169 et
2308 1115 2586 1170 Christum
2618 1134 2838 1186 passum
2875 1135 3056 1177 carne,
3093 1119 3220 1187 quia
3253 1120 3412 1173 Chri-

1848 1214 1966 1260 stus
1997 1221 2162 1274 super
2201 1208 2385 1260 omnia
2422 1208 2567 1260 Deus
2601 1216 2705 1262 est.
2737 1209 2816 1260 Tu
2850 1219 3031 1261 autem
3062 1210 3184 1260 ideo
3215 1211 3419 1278 refugis

1847 1297 2020 1350 Deum
2061 1297 2293 1364 passum
2331 1312 2494 1350 carne
2539 1297 2748 1360 dicere,
2803 1301 2931 1367 quia
2974 1297 3252 1353 Christum
3308 1317 3417 1354 non

1847 1387 2028 1439 credis
2071 1387 2241 1440 Deum
2300 1403 2440 1441 esse.
2485 1387 2641 1452 Quod
2694 1388 2739 1441 si
2785 1389 3066 1443 Christum
3098 1391 3266 1443 Deum
3298 1405 3418 1446 esse

1845 1493 1956 1530 non
2002 1478 2261 1547 denegas,
2309 1494 2531 1547 passum
2589 1477 2871 1532 Christum
2932 1496 3120 1543 carne,
3184 1482 3288 1535 hoc
3335 1493 3419 1535 ρει

1845 1569 2069 1622 omnino
2114 1569 2261 1637 quod
2306 1570 2480 1622 Deum
2534 1585 2754 1638 passum
2812 1587 2978 1625 carne
3033 1573 3240 1634 dicere,
3288 1575 3415 1642 quia

1844 1657 2094 1712 Christus
2108 1659 2199 1726 qui
2238 1674 2430 1728 passus
2451 1670 2553 1722 est,
2581 1660 2698 1713 sine
2728 1660 2899 1714 dubio
2928 1662 3087 1730 555
3118 1663 3260 1716 Deus
3275 1675 3379 1716 est.

169 1751 370 1817 minus,
417 1751 648 1807 formam
686 1753 854 1818 servi,
883 1768 952 1806 an
985 1753 1090 1808 hoc
1134 1755 1361 1808 credere
1389 1770 1634 1808 errorem
1665 1754 1742 1808 fa-
1773 1723 1813 1776 Β
1912 1749 1978 1801 N-
2029 1748 2086 1801 Si
2137 1749 2375 1818 idipsum
2424 1759 2508 1802 est
2539 1751 2712 1804 Deum
2756 1767 2977 1820 passum
3027 1765 3214 1818 Came,
3269 1754 3416 1822 quod

171 1843 303 1898 teris
319 1843 343 1896 ?
874 1894 878 1897 .

236 1934 304 1987 N.
339 1934 441 2000 Qui
474 1935 580 1989 hoc
607 1951 720 1989 non
750 1935 947 2000 credit,
1000 1951 1230 2004 prorsus
1265 1952 1511 2005 paganus
1543 1944 1647 1990 est.

237 2023 298 2078 C.
341 2025 398 2078 Si
419 2041 550 2094 ergo
577 2040 688 2077 non
712 2033 797 2078 est
828 2039 1008 2087 error,
1035 2025 1231 2078 Filium
1267 2026 1364 2078 Dei
1388 2027 1582 2087 Deum,
1617 2040 1740 2078 cum

165 2120 317 2166 esset
349 2113 496 2165 Deus
526 2120 582 2165 et
619 2112 902 2176 Dominus,
946 2119 1135 2180 utpote
1181 2112 1408 2180 aaqualis
1442 2112 1553 2166 Deo
1594 2112 1742 2165 Patri

165 2201 225 2255 in
265 2201 444 2254 forma
473 2200 639 2263 servi,
685 2200 884 2254 factum
930 2199 1160 2253 credere
1197 2215 1440 2263 servum,
1476 2200 1604 2268 quia
1638 2200 1743 2254 hoc

164 2291 335 2345 etiam
381 2291 496 2359 ipse
529 2291 596 2345 de
647 2290 765 2358 ipso
820 2298 1069 2353 testatur,
1116 2289 1308 2344 dicens
1361 2290 1429 2344 ad
1479 2291 1737 2344 Patrem:

162 2379 286 2451 Ego
322 2396 500 2434 servus
544 2389 686 2442 tuus,
737 2389 786 2432 et
831 2379 975 2446 ﬁlius
1022 2379 1233 2434 ancillae
1265 2388 1370 2434 tua:
1398 2382 1448 2444 ¹;
1496 2395 1606 2433 non
1657 2387 1740 2434 est

163 2471 394 2524 omnino
425 2486 580 2524 error
603 2471 803 2524 Filium
827 2470 925 2524 Dei
954 2471 1148 2534 Deum,
1176 2471 1478 2525 secundum
1512 2471 1566 2525 id
1593 2471 1741 2540 quod

163 2559 344 2614 factus
373 2569 458 2614 est
489 2575 704 2621 servus,
739 2560 971 2614 credere
1017 2576 1048 2614 a
1093 2561 1204 2614 Deo
1237 2562 1420 2626 Patre,
1446 2561 1740 2615 Dominum

145 2636 400 2715 'factum;
446 2660 503 2704 et
529 2649 737 2703 idcirco
764 2664 900 2716 non,
922 2659 982 2702 ut
1004 2657 1061 2702 tu
1091 2650 1250 2713 dicis,
1276 2652 1570 2720 aliquando
1596 2652 1742 2706 Deus

162 2748 401 2803 tantum,
450 2739 749 2808 aliquando
788 2739 952 2793 homo
986 2749 1220 2807 tantum,
1262 2741 1558 2810 aliquando
1609 2757 1740 2796 vero

158 2829 310 2884 Deus
352 2839 409 2884 et
446 2830 636 2895 homo,
677 2830 774 2885 sed
806 2847 1024 2900 semper
1053 2832 1318 2886 Dominus
1353 2833 1740 2903 intelligendus

159 2929 246 2976 est
273 2921 444 2986 Deus,
479 2929 535 2975 et
563 2921 711 2977 Deus
738 2922 1128 2992 intelligendus
1168 2931 1252 2976 est
1281 2921 1565 2986 Dominus,
1611 2923 1738 2991 quia

1842 1836 2120 1892 Christum
2148 1855 2365 1906 passum
2381 1855 2544 1898 carne
2569 1842 2753 1895 dicere
2783 1859 2795 1894 :
2825 1843 3142 1912 crgo,juxta
3162 1858 3277 1907 vos,
3307 1860 3416 1898 non

1843 1928 2227 1991 solumFilius,
2253 1944 2441 1981 verum
2461 1930 2626 1983 etiam
2647 1931 2806 1983 Pater
2821 1931 3094 1994 Christus,
3118 1933 3246 2000 quia
3274 1934 3418 1987 Deus

1842 2020 2034 2088 procul
2068 2019 2238 2073 dubio
2264 2021 2431 2073 etiam
2460 2021 2577 2089 ipse
2611 2031 2717 2075 est.
2996 2042 3001 2046 ·
3301 2078 3304 2079 ν

1911 2108 1973 2162 C.
2002 2109 2120 2162 Non
2155 2120 2241 2163 est
2295 2111 2458 2164 Pater
2498 2112 2790 2176 Christus,
2845 2113 3098 2183 quamvis
3129 2114 3200 2168 sit
3241 2115 3412 2178 Deus,

1842 2199 1970 2279 quia
1995 2215 2107 2253 non
2139 2199 2317 2268 ipsum
2347 2210 2428 2254 est
2460 2203 2623 2265 Deus,
2657 2203 2804 2271 quod
2833 2215 2916 2256 est
2940 2203 3216 2257 Christus.
3246 2205 3418 2259 Filius

1842 2299 2026 2345 autem
2061 2292 2188 2345 ideo
2227 2302 2312 2346 est
2355 2293 2632 2357 Christus,
2685 2294 2814 2362 quia
2868 2310 2978 2348 non
3040 2296 3277 2364 idipsum
3308 2305 3414 2358 est,

1841 2382 1938 2436 sed
1981 2383 2107 2450 quia
2155 2382 2269 2451 ipse
2333 2393 2420 2437 est
2462 2385 2608 2436 Deus
2662 2384 2937 2438 Christus.
2989 2384 3098 2438 llac
3143 2386 3211 2439 de
3251 2401 3416 2439 causa

1843 2479 2139 2539 utrumque
2180 2472 2517 2526 confitentur
2556 2471 2860 2538 Catholici,
2893 2483 2949 2527 et
2981 2476 3152 2529 Deum
3193 2491 3414 2544 paSsum

1841 2577 2028 2628 carne,
2052 2571 2109 2617 et
2129 2563 2408 2618 Christum
2428 2579 2649 2634 passum
2689 2581 2875 2620 carne.

2488 2651 2640 2710 CAP.
2693 2655 2760 2709 Χ.

1909 2744 1975 2797 Ν.
2015 2743 2070 2798 Si
2107 2745 2252 2799 Deus
2285 2753 2372 2799 est
2395 2744 2673 2808 Christus,
2705 2745 2832 2814 quis
2877 2754 2962 2800 est
3004 2747 3098 2816 qui
3139 2747 3276 2801 dicit
3312 2748 3415 2802 Ju-

1841 2835 1974 2890 dwis
2001 2852 2013 2887 :
2048 2834 2186 2899 Quid
2218 2853 2297 2890 me
2325 2837 2485 2890 vultis
2509 2839 2742 2890 occidere
2776 2839 3062 2902 hominem,
3097 2841 3187 2908 qui
3215 2844 3413 2895 veritu-

1843 2936 1948 2979 tem
1982 2926 2184 2980 locutus
2211 2944 2328 2980 sum
2351 2929 2490 2980 vobis
2523 2930 2542 2960 ⁵
2565 2929 2587 2980 ?

158 3028 274 3067 non
312 3013 452 3066 alter
498 3029 528 3066 a
578 3013 691 3066 Deo
723 3013 902 3068 factus
940 3014 1207 3067 Dominus
1242 3013 1596 3083 praedicatur,
1631 3014 1736 3068 nisi
1765 3041 1806 3099 ο
1911 3013 1972 3068 C.
2009 3015 2104 3068 llle
2131 3015 2378 3080 omnino,
2412 3016 2479 3070 de
2511 3032 2620 3084 quo
2655 3017 2922 3086 scriptum
2957 3028 3042 3074 est
3071 3037 3082 3072 :
3111 3019 3247 3084 Quia
3273 3039 3416 3092 qua'~

161 3103 210 3158 is
242 3104 344 3173 qui
389 3103 621 3157 formam
660 3104 805 3158 servi
847 3104 1149 3173 accipiens,
1177 3103 1352 3159 factus
1391 3111 1476 3157 est
1523 3119 1736 3170 servus,

158 3211 290 3250 cum
341 3203 489 3250 esset
533 3204 660 3249 ante
710 3195 907 3249 saecula
938 3195 1203 3248 Dominus
1245 3194 1538 3263 gloriosus,
1575 3209 1739 3263 quem

159 3286 371 3341 Paulus
417 3302 448 3340 a
501 3286 708 3341 Judaeis
751 3286 1014 3356 praedicat
1060 3283 1403 3339 cruciﬁxum.
1456 3284 1594 3338 Hinc
1655 3291 1740 3338 est

157 3377 311 3444 quod
346 3377 616 3431 exclamat
659 3375 727 3430 ad
755 3377 972 3430 Patrem
1004 3393 1017 3428 :
1050 3375 1234 3440 Pater,
1269 3373 1509 3444 gloriﬁca
1547 3373 1740 3428 Filium

161 3476 313 3522 tuum
358 3485 420 3521 ea
469 3467 642 3538 gloria
715 3485 876 3542 quam
912 3467 1095 3521 habuit
1149 3465 1290 3535 apud
1341 3473 1389 3517 te
1429 3466 1739 3534 priusquam

159 3560 392 3612 mundus
435 3558 590 3626 ﬁeret
615 3561 654 3611 ³.
688 3557 951 3628 Nunquid
991 3573 1098 3612 vox
1134 3556 1237 3610 ista
1285 3571 1397 3609 non
1464 3555 1612 3608 illius
1659 3564 1742 3610 est

158 3649 254 3716 qui
289 3648 475 3702 dixit:
515 3649 707 3702 Discite
755 3667 788 3702 a
823 3664 904 3702 me
945 3648 1072 3718 quia
1105 3649 1246 3700 mitis
1287 3663 1407 3700 sum
1454 3655 1502 3698 et
1527 3645 1740 3699 humilis

154 3740 318 3793 corde
363 3739 382 3770 ³
409 3741 433 3792 ?
456 3740 749 3810 Nunquam
794 3740 941 3794 enim
977 3739 1150 3793 Filius
1183 3737 1302 3804 Dei,
1347 3739 1492 3793 Deus
1521 3752 1551 3790 a
1583 3737 1740 3791 Patre

158 3829 275 3884 Deo
295 3828 457 3883 ﬁeret
476 3829 764 3894 Dominus,
783 3829 913 3894 nisi,
941 3843 1065 3882 cum
1085 3835 1230 3881 esset
1244 3828 1530 3890 Dominus,
1551 3833 1742 3894 utpote

159 3917 334 3982 Deus,
357 3917 588 3973 formam
623 3919 768 3974 servi
792 3918 1115 3988 accipiendo
1148 3917 1325 3974 factus
1352 3924 1499 3972 esset
1529 3930 1738 3970 servus.

158 4007 276 4062 Nec
307 4023 369 4062 se
406 4007 704 4078 glorificari
747 4016 1071 4078 precaretur
1105 4023 1133 4061 a
1167 4009 1348 4072 Patre,
1387 4008 1432 4062 si
1476 4021 1586 4060 non
1616 4020 1741 4059 cum

161 4107 316 4153 esset
352 4099 498 4167 apud
537 4099 776 4164 Patrem,
803 4101 1121 4169 priusquam
1150 4098 1392 4153 mundus
1417 4097 1594 4160 ﬁeret,
1621 4096 1739 4166 glo-

161 4187 376 4251 riosus,
423 4188 780 4256 semetipsum
817 4197 1012 4257 sponte
1062 4203 1162 4257 pro
1197 4195 1384 4242 nostra
1426 4186 1598 4239 salute
1638 4185 1740 4239 hu-

159 4276 457 4330 miliassel.
482 4276 568 4331 Fit
586 4277 872 4343 Dominus,
898 4288 954 4332 et
983 4277 1324 4348 gloriﬁcatur
1347 4293 1376 4330 a
1399 4277 1558 4330 Patre
1582 4275 1741 4329 Jesus

1842 3103 2026 3156 rebant
2059 3120 2177 3156 eum
2209 3104 2504 3172 interﬁcere
2533 3105 2728 3169 Judrei,
2769 3121 2873 3158 non
2919 3107 3091 3160 solum
3139 3111 3262 3177 quia
3309 3112 3416 3163 sol-

1839 3191 1989 3244 vebat
2010 3189 2320 3256 Sabbatum,
2348 3193 2438 3245 sed
2488 3195 2613 3262 quia
2645 3193 2845 3248 dicebat
2877 3194 3094 3249 Patrem
3120 3213 3274 3250 suum
3305 3215 3416 3252 esse

1838 3281 2030 3344 Deum,
2049 3281 2310 3350 aqualem
2341 3298 2397 3335 se
2419 3283 2619 3351 faciens
2651 3281 2758 3336 Deo
2791 3286 2830 3340 ⁸.
2858 3284 3120 3354 Nunquid
3149 3288 3417 3357 relinqui-

1843 3381 1935 3427 tur
1957 3374 2116 3428 nobis
2157 3374 2340 3430 adhuc
2362 3375 2510 3431 ullus
2539 3376 2918 3447 ambiguitatis
2959 3381 3273 3450 scrupulus,
3303 3401 3413 3452 quo

1839 3479 1952 3518 non
2008 3464 2264 3518 credatur
2316 3473 2516 3519 natura
2559 3467 2705 3520 Deus
2742 3482 2863 3522 esse
2909 3468 3069 3523 Jesus
3112 3469 3364 3526 Christus
3391 3478 3413 3526 ’ἰ

1840 3553 1972 3622 quia
2005 3555 2050 3607 si
2077 3555 2272 3623 gratia,
2302 3563 2358 3608 et
2386 3570 2495 3609 non
2522 3564 2720 3610 natura
2751 3557 2896 3612 Deus
2923 3569 3090 3625 esset,
3127 3576 3410 3630 nunquam

1842 3657 1900 3697 se
1917 3642 2186 3711 aqualem
2219 3643 2427 3698 faceret
2452 3645 2585 3700 Deo.

1910 3733 1976 3787 N.
2014 3732 2245 3786 Fallitur
2299 3748 2431 3803 ergo
2477 3733 2683 3788 Paulus
2728 3736 2964 3790 dicens:
3011 3737 3110 3791 Per
3151 3741 3410 3793 hominem

1843 3841 2004 3902 mors,
2033 3833 2084 3877 et
2117 3841 2209 3894 per
2237 3825 2499 3878 hominem
2528 3819 2841 3881 resurrectio
2879 3838 3204 3883 mortuorum
3233 3832 3250 3859 ⁷
3274 3833 3296 3883 ?

1911 3914 1972 3970 C.
2009 3916 2076 3969 Et
2125 3915 2402 3984 quomodo
2451 3932 2550 3984 per
2599 3917 2877 3972 hominem
2919 3930 3100 3988 potest
3148 3938 3271 3976 esse
3320 3939 3410 3976 re-

1840 4006 2114 4060 surrectio
2170 4013 2538 4071 mortuorum,
2578 4007 2684 4060 nisi
2744 4009 2815 4062 sit
2861 4011 2977 4078 ipse
3017 4011 3182 4065 homo
3225 4029 3409 4067 resur-

1841 4095 2038 4158 rectio,
2066 4094 2160 4163 qui
2207 4095 2411 4149 clamat
2455 4096 2509 4148 in
2535 4097 2830 4164 Evangelio
2861 4117 2874 4150 :
2911 4099 3022 4168 Ego
3066 4118 3183 4154 sum
3236 4119 3409 4156 resur-

1841 4186 2003 4238 rectio
2027 4194 2075 4237 et
2103 4185 2211 4237 vita
2235 4183 2299 4234 3?
2325 4184 2391 4238 Et
2419 4185 2547 4253 quia
2575 4189 2906 4241 resurrectio
2935 4197 2990 4242 et
3028 4190 3138 4244 vita
3160 4193 3404 4246 omnium

1840 4275 2060 4330 nonnisi
2089 4276 2234 4329 Deus
2253 4283 2358 4339 est,
2413 4279 2602 4343 procul
2631 4278 2802 4333 dubio
2828 4279 2972 4333 idem
2995 4280 3161 4335 homo
3180 4293 3282 4347 est,
3309 4299 3407 4352 per

160 4364 338 4420 Filius
374 4366 472 4420 Dei
512 4367 678 4432 Deus,
713 4382 821 4421 non
852 4383 917 4422 ea
963 4369 1138 4438 gloria
1174 4384 1339 4437 quam
1384 4383 1494 4422 non
1519 4367 1730 4430 habuit,
1768 4361 1808 4414 D
1837 4379 2000 4436 quem
2033 4363 2499 4419 resurrectionem
2534 4381 2654 4420 esse
2694 4369 2990 4435 Apostolus
3021 4370 3298 4437 praedicet.

157 4455 257 4508 sed
286 4470 456 4524 quam
486 4455 683 4510 habuit
707 4457 852 4526 apud
876 4458 1114 4522 Patrem,
1143 4459 1462 4527 priusquam
1494 4457 1732 4510 mundus

155 4542 338 4598 ﬂeret.
391 4545 736 4616 Quapropter
781 4547 1142 4602 dubitandum
1187 4549 1412 4601 omnino
1464 4563 1575 4601 non
1625 4556 1729 4612 est,

157 4641 362 4688 natura
408 4636 581 4689 Deum
627 4651 750 4691 esse
801 4637 1032 4707 Jesum;
1071 4653 1234 4707 quem
1274 4637 1416 4691 sicut
1439 4636 1728 4690 Dominum

156 4737 186 4775 a
225 4725 343 4780 Deo
395 4725 623 4791 factum,
657 4727 734 4782 ita
765 4729 932 4782 etiam
973 4743 1098 4783 eum
1147 4729 1508 4798 gloriticatum
1554 4743 1584 4780 a
1622 4728 1738 4782 Deo

157 4812 428 4878 praedicat
449 4813 647 4872 Petrus
672 4819 976 4887 apostolus,
1005 4818 1194 4874 dicens
1223 4836 1235 4872 :
1270 4818 1411 4874 Deus
1442 4818 1733 4877 Abraham.

1908 4455 1973 4509 N.
2007 4455 2235 4524 Ignarus
2282 4470 2415 4524 ergo
2459 4458 2686 4511 omnino
2736 4458 2900 4528 hujus
2946 4462 3271 4514 sacramenti
3311 4463 3406 4515 tie--

1836 4548 2206 4617 prehenditur
2241 4547 2382 4600 idem
2415 4550 2708 4618 Apostolus
2735 4551 2926 4605 dicens
2961 4571 2972 4605 :
3019 4552 3280 4607 Mediator
3309 4554 3406 4610 Dei

1838 4650 1887 4692 et
1907 4641 2199 4700 hominum,
2230 4641 2382 4692 homo
2410 4641 2562 4693 Jesus
2599 4640 2836 4695 Christus
2871 4641 2932 4694 ’?

1910 4729 1972 4784 C.
2009 4730 2166 4784 Sicut
2191 4745 2300 4783 non
2333 4739 2418 4784 est
2446 4731 2670 4800 ignarus
2696 4733 2860 4802 hujus
2895 4734 3225 4788 sacramenti
3257 4735 3406 4804 Apo-

1836 4820 2032 4884 stolus,
2057 4821 2132 4873 ita
2153 4834 2256 4874 nec
2287 4820 2620 4890 sibimetipsi
2660 4824 3005 4888 contrarius,
3037 4825 3226 4880 dicens
3264 4843 3278 4878 :
3309 4825 3403 4879 Se-

156 4903 376 4960 ctDeus
394 4905 573 4975 Isaac,
595 4918 646 4963 et
663 4909 804 4964 Deus
825 4909 1008 4975 Jacob,
1033 4910 1349 4982 gloriﬁcavit
1367 4909 1562 4964 Filium
1581 4926 1733 4963 suum
1832 4912 2060 4967 cundum
2105 4912 2388 4966 aduentum
2435 4915 2616 4983 magni
2667 4913 2763 4968 Dei
2808 4924 2857 4968 et
2895 4913 3190 4971 Saluatoris
3239 4922 3405 4972 nostri

155 4991 365 5062 Jesum,
388 5013 542 5066 quem
565 5015 655 5053 vos
680 5000 888 5069 quidem
915 5001 1142 5071 negastis
1173 5009 1298 5055 ante
1326 5000 1514 5070 faciem
1545 4998 1731 5066 Pilati,
1831 5002 1957 5056 Jesu
1992 5001 2206 5067 Christi,
2239 5005 2328 5073 qui
2346 5003 2495 5056 dedit
2546 5007 2882 5074 semetipsum
2914 5024 3010 5074 pro
3055 5011 3279 5077 peccatis
3310 5025 3401 5061 no-

145 5085 434 5151 judicantc
473 5087 570 5142 illo
601 5090 795 5144 dimitti
840 5095 882 5147 ⁵.

224 5177 295 5231 Ν.
350 5177 468 5233 Nisi
510 5179 631 5234 haec
680 5181 866 5236 omnia
917 5191 1143 5251 propter
1185 5180 1489 5236 unitionem
1527 5179 1618 5232 Dei
1665 5178 1733 5233 ad

153 5267 444 5322 hominem
497 5268 697 5326 laetam
749 5273 1089 5339 credideris,
1149 5273 1492 5326 divinitatem
1547 5271 1736 5341 procul

151 5357 332 5412 dubio
383 5361 704 5429 passibilem
757 5352 1059 5433 praedicare
1105 5365 1468 5420 convinceris.

221 5565 269 5666 .'.'
310 5565 746 5666 'Z‘A“‘PP°.I‘:-°'

158 5648 278 5698 ml,
331 5634 582 5691 40.".1

827 5569 842 5600 ¹
882 5570 1026 5625 Psal.
1067 5586 1186 5632 ειν,
1237 5570 1322 5625 16.

588 5651 712 5690 oon.
753 5653 808 5702 ν,
857 5639 941 5694 18.
1021 5641 1038 5671 ⁷
1084 5641 1102 5694 Ι
1152 5640 1277 5697 Cor.
1316 5657 1402 5705 xv,
1443 5640 1531 5692 21.

1427 5571 1446 5600 ’
1485 5570 1642 5624 Joan.
1693 5585 1821 5632 xvn,
1856 5570 1908 5624 5.

1641 5640 1661 5670 ⁸
1695 5639 1854 5694 Joan.
1904 5655 1977 5707 XI,
2029 5639 2116 5694 25.

1833 5096 1958 5148 stris
1996 5094 2059 5147 ³ο.
2107 5094 2246 5150 Cum
2305 5109 2436 5162 ergo
2472 5096 2638 5150 homo
2681 5096 2840 5151 Jesus
2888 5098 3145 5154 Christus
3195 5101 3402 5152 media-

1837 5192 1922 5238 tor
1976 5185 2074 5239 Dei
2131 5193 2188 5238 et
2237 5185 2522 5239 hominum
2561 5202 2793 5256 magnus
2837 5197 2950 5252 est,
2989 5191 3083 5258 qui
3129 5189 3278 5242 dedit
3312 5204 3400 5240 sc-

1837 5275 2134 5344 metipsum
2196 5291 2297 5344 pro
2339 5278 2586 5344 peccatis
2617 5279 2823 5332 nostris
2855 5319 2867 5341 ,
2895 5295 3005 5334 non
3050 5288 3136 5333 est
3176 5278 3402 5332 omnino

1839 5366 2201 5432 contrarium,
2227 5367 2323 5420 sed
2353 5382 2525 5422 unum
2556 5368 2815 5437 idemque
2842 5369 3015 5424 Deum
3040 5383 3258 5440 passum
3281 5383 3403 5422 car-

2018 5570 2038 5600 ³
2079 5570 2270 5624 Matth.
2324 5585 2396 5632 xt,
2450 5570 2541 5626 29.

2221 5641 2241 5671 ’
2280 5639 2472 5695 lTim.
2520 5655 2578 5709 ιι,
2631 5641 2683 5695 5.

2645 5570 2667 5602 ’⁵
2706 5570 2824 5626 Act.
2850 5587 2928 5633 Ill,
2978 5571 3064 5625 i3.
3182 5573 3203 5604 '
3239 5571 3396 5633 Joan.

2783 5641 2827 5672 ¹⁰
2865 5639 2972 5697 Tit.
3012 5656 3084 5713 ιι,
3115 5641 3202 5699 15.
3257 5679 3300 5722 λ,

3310 5740 3334 5745 .-
3361 5729 3430 5748 ραις
