3984 6296
192 377 294 442 145

185 505 249 556 et
293 501 396 602 ipsi
443 503 696 563 homines
739 509 836 565 Dei
885 511 1170 582 dicuntur,
1218 528 1274 574 et

185 604 355 659 passi.

785 730 936 787 CAP.
978 735 1117 792 XIII.

246 861 312 915 N.
346 863 492 919 Deus
511 867 736 934 quidem
765 883 963 937 passus
985 887 1096 927 non
1121 883 1226 939 est,
1268 880 1398 947 quia
1423 883 1594 940 Deum
1627 903 1755 956 pas-

175 950 393 1005 sibiiem
425 955 725 1023 pnedicare
749 1001 762 1023 ,
815 962 1170 1033 sacrilegium
1207 977 1311 1029 est.
1341 973 1437 1028 sed
1471 950 1642 1033 Deus-
1665 983 1750 1035 sui

174 1043 428 1110 corporis
456 1045 588 1101 fecit
615 1051 868 1120 proprias
892 1055 1199 1121 passiones.

240 1133 306 1188 C.
342 1136 662 1206 PrOprietas
693 1144 883 1199 multis
917 1146 1246 1218 intelligitur
1281 1154 1482 1210 modis.
1533 1160 1670 1216 Nam
1695 1173 1750 1218 et

170 1222 422 1280 Ecclesia
454 1242 656 1299 corpus
680 1233 802 1301 ejus
832 1235 1057 1302 dicitur,
1095 1242 1455 1315 ejusdemque
1485 1249 1748 1310 Ecclesia:

167 1314 302 1371 facit
354 1319 500 1375 Deus
529 1325 784 1392 proprias
837 1330 1141 1396 passiones,
1185 1350 1284 1403 pro
1320 1314 1428 1406 qua
1467 1343 1634 1397 etiam
1688 1347 1745 1401 in

167 1407 310 1460 caelo
339 1410 553 1476 positus
586 1413 787 1470 clamat
816 1433 828 1467 :
871 1417 1053 1483 Saule,
1087 1422 1268 1488 Saule,
1296 1429 1422 1496 quid
1447 1445 1528 1484 me
1564 1451 1744 1502 perse-
1782 1477 1784 1480 μ

165 1498 342 1563 queris
369 1498 450 1552 ἐἳ
479 1501 946 1576 Etunusquisque
994 1510 1236 1568 fidelium
1287 1498 1598 1578 membrum
1621 1529 1742 1596 ejus

163 1595 268 1648 est,
305 1588 448 1645 sicut
475 1591 619 1646 idem
646 1595 808 1650 docet
839 1598 1136 1666 Apostolus
1162 1644 1177 1668 ,
1213 1605 1406 1663 dicens
1440 1628 1454 1664 :
1489 1613 1586 1668 Vos
1616 1588 1738 1672 estis
1778 1642 1786 1645 μ

160 1691 350 1743 corpus
391 1679 606 1747 Christi,
647 1691 698 1736 et
748 1688 983 1743 membra
1022 1692 1086 1744 de
1131 1698 1361 1751 membro
1396 1702 1477 1770 "5
1526 1705 1622 1758 'sed
1682 1717 1738 1762 et

161 1768 318 1833 panis
367 1770 462 1824 ille
492 1786 660 1841 quem
707 1777 962 1833 universa
1008 1781 1256 1840 Ecclesia
1301 1789 1354 1842 in
1406 1797 1730 1852 memoriam

1505 404 1837 482 DIALOGI,
1879 412 2024 472 LIB.
2088 414 2170 477 II.

1321 537 1423 592 pro
1458 527 1577 596 ipso
1626 539 1756 586 sunt
1787 537 1829 592 Α
1859 537 2017 606 cujus
2071 537 2459 592 vestimentum
2514 536 2630 592 sive
2715 553 2844 594 caro
2884 549 3004 606 est,
3043 541 3191 598 illius
3252 552 3442 616 procui

3330 435 3443 498 .156

1869 625 2040 681 dubio
2073 627 2274 697 injuria
2303 635 2360 681 et
2390 627 2540 682 illius
2572 628 2758 697 passio
2805 631 3066 687 credatur
3086 648 3228 704 esse,
3283 641 3444 711 cujus

1866 731 1996 772 caro
2029 731 2126 772 seu
2153 717 2544 773 vestimentum
2573 726 2678 773 est.

2478 826 2629 882 CAP.
2663 817 2801 882 XIV.

1931 938 1998 992 Ν.
2029 939 2097 993 Ει
2115 939 2338 994 ubinam
2363 955 2566 1010 corpus
2592 941 2688 996 Dei
2716 940 2883 997 Verbi
2909 943 2964 997 in
2987 941 3292 1014 Seripturis
3308 962 3434 1001 san-

1859 1030 1962 1085 ctis
1985 1031 2165 1100 legisti
2194 1032 2512 1098 Eeclesiam,
2533 1042 2588 1089 et
2609 1050 2718 1089 non
2749 1036 2934 1104 potius
2970 1052 3171 1108 corpus
3197 1040 3440 1098 Christi?

1927 1120 1989 1176 C.
2009 1119 2119 1176 IIac
2139 1123 2442 1178 assertione
2467 1135 2579 1190 tua,
2608 1126 2842 1180 alterum
2871 1127 3003 1183 facis
3025 1128 3304 1186 Christum
3324 1173 3337 1197 ,
3361 1134 3443 1188 al-

1857 1219 2038 1266 terum
2066 1212 2237 1267 Deum
2254 1213 2490 1268 Verbum
2512 1215 2691 1285 :quod
2713 1217 2880 1272 sinon
2906 1221 3142 1274 estaiter
3159 1220 3433 1285 Christus,

1853 1301 1993 1356 alter
2019 1303 2163 1358 Deus
2189 1303 2450 1369 Verbum,
2471 1305 2566 1360 sed
2585 1307 2728 1362 Deus
2754 1307 2995 1362 Verbum
3025 1310 3140 1381 ipse
3164 1320 3248 1366 est
3276 1313 3440 1367 Chri-

1852 1400 1990 1457 stus,
2013 1393 2368 1448 sieutdicitur
2393 1396 2811 1465 corpusChristi
2830 1397 3099 1466 Ecclesia,
3119 1402 3192 1457 ita
3229 1401 3435 1469 dicitur

1850 1497 2052 1551 corpus
2086 1485 2178 1539 Dei
2200 1486 2388 1540 Verbi.
2418 1477 2622 1542 Verum
2661 1489 2706 1543 si
2740 1505 2944 1559 corpus
2969 1491 3174 1548 Christi
3213 1511 3322 1549 non
3349 1507 3433 1554 est

1849 1589 2048 1644 corpus
2073 1577 2168 1631 Dei
2189 1578 2374 1644 Verbi,
2402 1580 2679 1649 quomodo
2709 1580 2893 1636 dixisti
2921 1585 3176 1654 superius
3207 1602 3430 1642 carnem

1847 1666 1940 1719 Dei
1976 1683 2188 1735 passam
2211 1669 2234 1722 ?

1914 1757 1979 1811 Ν.
2004 1757 2236 1813 Carnem
2256 1761 2349 1815 Dei
2372 1761 2481 1816 dixi
2507 1779 2742 1834 passam,
2771 1781 2879 1820 non
2901 1777 3086 1822 autem
3115 1768 3211 1824 Dei
3239 1770 3427 1835 Verbi,

158 1857 458 1918 Dominica:
510 1867 783 1934 passionis
832 1871 1148 1942 participat,
1205 1893 1409 1948 corpus
1443 1887 1562 1954 ejus
1773 1879 1811 1932 Β
1843 1848 1970 1915 (mia
2013 1849 2156 1954 De":
2178 1859 2262 1950 θέει
2291 1851 2502 1908 honore
2546 1863 2604 1908 et
2647 1855 2916 1954 dignity?
2947 1856 3223 1954 risms’
3269 1862 3427 1954 (ian

155 1944 500 2019 Quapropter
525 1957 805 2022 quomodo
851 1960 1022 2015 Deam
1071 1944 1322 2034 corporis
1347 1973 1430 2025 sui
1471 1944 1729 2045 preprias

153 2034 356 2092 iecisse
390 2042 594 2098 asseris
619 2046 923 2115 passiones,
981 2056 1248 2127 exemplis
1294 2068 1346 2114 te
1379 2034 1605 2131 planum
1643 2069 1727 2125 fa-

152 2145 284 2184 cere
319 2136 600 2190 convenit.

222 2219 290 2275 Ν.
325 2221 540 2278 Faciam
565 2237 832 2298 quantum
860 2242 1114 2301 potuero,
1170 2239 1334 2295 modo
1361 2251 1422 2298 ut
1450 2252 1502 2300 te
1531 2249 1600 2302 ab
1626 2251 1728 2306 hac

147 2308 465 2369 intentione
497 2316 765 2373 divertam
789 2361 802 2385 ,
851 2326 998 2392 quod
1029 2328 1263 2384 ulterius
1292 2332 1514 2391 desinas
1553 2339 1724 2395 Deum

151 2399 392 2456 Verbum
423 2421 642 2474 passum
675 2426 840 2468 carne
870 2430 1143 2482 asserere,
1172 2425 1428 2489 quamvis
1467 2443 1596 2483 caro
1625 2432 1723 2487 Dei

145 2492 217 2546 sit
249 2509 432 2561 passa,
465 2511 586 2566 quze
617 2515 724 2554 non
766 2503 842 2556 ita
871 2505 1078 2560 dicitur
1111 2525 1315 2580 corpus
1351 2514 1468 2581 Dei,
1517 2528 1575 2572 ut
1618 2523 1723 2577 Ec-

141 2580 344 2648 clesia,
371 2597 472 2637 nec
517 2584 591 2640 ita
622 2596 683 2640 ut
731 2591 890 2658 panis
950 2593 1044 2649 ille
1077 2611 1241 2664 quem
1287 2600 1342 2654 in
1400 2580 1720 2666 memoriam

144 2671 420 2736 passionis
448 2673 655 2731 Christi
685 2681 982 2751 participat
1013 2687 1265 2743 universa
1303 2693 1546 2751 Ecclesia
1578 2716 1592 2752 :
1625 2703 1720 2756 sed

141 2757 234 2811 Dei
260 2759 340 2812 ita
385 2760 590 2818 dicitur
636 2781 860 2836 corpus,
910 2780 972 2826 ut
1023 2774 1257 2847 alicujus
1297 2781 1540 2842 hominis
1587 2807 1755 2859 pro—-

357 2891 371 2913 ,
442 2869 551 2922 quo
611 2857 841 2917 indutus
914 2862 1076 2934 556
1139 2877 1222 2922 est
1280 2857 1718 2948 vestimentum,

137 2941 282 3005 quod
316 2957 438 2996 cum
470 2946 537 2998 ab
571 2949 756 3017 aliquo
778 2952 1011 3008 scissum
1043 2957 1232 3024 fuerit,
1262 2961 1463 3034 injuria
1491 2969 1557 3022 ad
1589 2941 1718 3027 eum

137 3027 382 3082 refertur
427 3032 520 3100 qui
554 3034 608 3088 in
639 3036 758 3104 ipso
796 3039 1026 3097 indutus
1063 3055 1166 3100 est.
1219 3027 1536 3109 Secundum
1571 3059 1713 3115 hanc

134 3117 308 3187 igitur
341 3123 611 3180 rationem
653 3127 786 3184 facit
834 3132 982 3189 De’us
1037 3141 1285 3208 corporis
1333 3145 1419 3200 sui
1457 3153 1714 3220 proprias

135 3226 447 3278 passrones.

198 3302 260 3358 C.
294 3304 449 3360 Facit
471 3324 600 3378 ergo
631 3315 879 3382 proprias
914 3317 1060 3374 Deus
1111 3325 1298 3380 carnis
1348 3343 1460 3384 sua:
1492 3335 1710 3400 passio-

133 3406 226 3444 nes
277 3396 587 3452 secundum
627 3402 989 3472 relationem,
1041 3396 1708 3477 nonsecundumseram

130 3492 184 3535 et
217 3483 472 3540 intimam
503 3493 894 3559 proprietatem
921 3515 933 3550 :
966 3508 1022 3553 et
1051 3506 1326 3570 quomodo
1354 3508 1551 3567 fecisse
1577 3530 1708 3582 pro-

130 3576 276 3642 prias
316 3577 462 3633 Deus
493 3585 677 3638 carnis
711 3602 823 3642 suae
854 3593 1139 3658 passiones
1169 3599 1503 3665 przedieatur
1543 3621 1572 3659 a
1609 3623 1707 3661 vo-

129 3663 210 3718 his
235 3668 336 3736 qui
360 3685 467 3724 non
493 3677 796 3730 secundum
827 3684 1243 3752 proprietatem,
1269 3691 1364 3744 sed
1398 3697 1704 3753 secundum

128 3756 453 3812 relationem
493 3761 626 3817 facit
667 3770 852 3824 carnis
901 3782 1013 3828 Suae
1065 3780 1319 3848 proprias"
1366 3786 1707 3852 passiones?

127 3844 296 3910 Quam
351 3861 533 3906 autem
585 3861 977 3927 prOprietatem
1031 3844 1214 3935 potest
1273 3844 1478 3930 habere
1531 3881 1705 3934 vesti-

126 3949 372 3995 mentum
405 3945 472 3998 ad
505 3961 632 4001 eum
683 3951 778 4018 qui
830 3953 950 4022 ipso
976 3966 1061 4012 est
1097 3960 1346 4028 indutus,
1401 3982 1527 4021 cum
1560 3969 1701 4026 nihil

126 4035 398 4095 pertineat
426 4037 494 4090 ad
526 4040 646 4107 ejus
676 4043 1042 4101 substantiam
1068 4051 1091 4102 ?
1135 4051 1326 4122 Neque
1381 4057 1529 4112 enim
1572 4076 1699 4116 cum

124 4118 417 4180 definimus
445 4129 579 4196 quid
612 4131 684 4186 sit
728 4135 914 4202 homo,
949 4141 1118 4196 etiam
1153 4118 1544 4204 vestimentum
1578 4154 1699 4223 ejus

123 4213 564 4282 complectimur,
613 4222 760 4288 quod
797 4225 986 4294 utique
1037 4246 1148 4284 non
1198 4235 1448 4304 ejusdem
1479 4213 1697 4296 constat

121 4311 234 4352 esse
258 4302 609 4362 substantiae.
656 4310 808 4366 Facit
827 4330 960 4384 ergo
984 4302 1292 4390 Deusjuxta
1316 4341 1413 4380 vos
1435 4327 1698 4388 Ecclesite

121 4400 225 4441 sua:
254 4391 442 4458 potius
478 4397 749 4465 proprias,
785 4417 950 4470 quam
986 4408 1072 4461 sui
1106 4414 1360 4480 corporis
1387 4418 1693 4484 passiones.

122 4473 207 4531 Iila
235 4481 389 4534 enim
418 4498 621 4554 corpus
659 4488 754 4543 Dei
800 4492 1026 4560 dicitur,
1085 4500 1216 4567 quia
1261 4508 1693 4564 communicavit
1729 4538 1769 4591 ο

122 4565 251 4591 nm“
287 4573 436 4591 μυ,
470 4583 508 4591 η
725 4581 737 4591 .
785 4583 796 4591 .

121 4565 253 4656 Deus
279 4573 436 4626 carni
459 4583 514 4628 et
545 4581 889 4648 sanguini,et
919 4598 1085 4655 caput
1103 4565 1279 4648 factus
1307 4603 1392 4648 est
1412 4596 1687 4656 Ecclesia.

119 4653 355 4757 53c?th
384 4675 518 4757 ve"?
545 4682 644 4735 Per
675 4665 838 4726 ﬁdem
869 4653 1065 4733 rursus
1097 4682 1374 4754 particeps
1403 4689 1524 4757 ejus
1567 4653 1686 4744 suif.’

119 4745 313 4814 ficitur,
340 4755 667 4823 accipiendo
697 4759 961 4830 Spiritum
988 4745 1260 4827 sanctum.
1383 4745 1546 4833 vobis
1583 4796 1688 4833 au-

119 4841 219 4888 tem
248 4855 454 4910 corpus
498 4846 592 4900 Dei
638 4849 809 4905 instar
847 4857 1094 4911 cred-itur
1125 4861 1439 4918 vestimenti
1471 4907 1485 4930 ,
1532 4871 1680 4936 quod

117 4926 244 4980 nihil
273 4931 344 4984 ad
373 4932 798 4995 divinitatisxcl
855 4947 1040 5002 carnis
1079 4950 1205 5022 ejus
1247 4926 1502 5009 naturam
1551 4926 1678 5027 per-

118 5012 282 5103 tinere
305 5020 583 5078 videatur.
610 5025 779 5084 Isaias
800 5043 983 5088 autem
1005 5012 1393 5098 vestimentum
1416 5045 1513 5102 Dei
1542 5012 1679 5103 nihil

113 5101 253 5157 aliud
279 5109 565 5179 pradicat,
602 5117 711 5171 nisi
743 5135 967 5177 carnem
994 5125 1112 5191 Dei,
1146 5129 1336 5186 dicens
1371 5151 1384 5185 :
1419 5133 1546 5199 Quis
1581 5140 1681 5193 istc

112 5196 183 5281 est
199 5195 288 5260 qui
311 5200 452 5250 venit
476 5215 540 5253 ea:
569 5201 760 5270 Edam,
803 5210 1095 5268 rubicunda
1130 5227 1268 5272 veste
1296 5237 1360 5274 ex
1380 5195 1572 5278 Rostra
1600 5229 1680 5281 ὀἳ

111 5277 255 5382 Quod
311 5287 358 5339 si
417 5297 475 5343 et
517 5301 576 5346 tu
623 5298 1017 5356 vestimentum
1048 5306 1180 5374 Dei,
1226 5310 1366 5366 nihil
1419 5314 1682 5388 intelligis

110 5368 205 5462 nisi
233 5389 459 5432 carnem
482 5381 602 5447 Dei,
633 5399 888 5455 superest
937 5402 997 5446 ut
1038 5396 1152 5452 sive
1217 5399 1540 5458 scissionem
1584 5368 1680 5462 voe-

108 5457 361 5529 stimeuti,
396 5469 514 5523 sive
558 5475 840 5540 passiones
885 5484 1066 5539 carnis
1112 5486 1189 5542 ad
1223 5505 1348 5544 eum
1383 5495 1637 5551 retuleris
1664 5540 1679 5563 ,

168 5668 225 5739 '_'_
257 5672 372 5728 Act.
421 5693 496 5739 ιτ,
546 5681 600 5734 4.

102 5743 139 5798 ι,
175 5736 266 5806 l8;
304 5736 506 5803 IJoan'.
561 5766 634 5815 tv,
693 5736 1366 5831 12ί;”ίί’1”⁵ἱ“’ίιιῖ.’ἶοι,16ί

681 5684 775 5761 ’λι
811 5684 1063 5761 C9_|'-_i|_|~
1101 5693 1191 5746 Ἦ.
1266 5697 1310 5727 ²⁰
1346 5699 1445 5752 Isa.
1479 5717 1624 5761 LXIII,
1675 5706 1718 5757 i.

1447 5770 1490 5802 ³⁸
1538 5771 1711 5828 Exod.
1760 5792 1941 5848 xxxul,
1993 5780 2083 5837 “20.
2159 5770 2212 5814 "7
2243 5785 2344 5840 Isa.
2387 5801 2472 5852 tu,
2513 5770 2564 5841 6.

1839 1951 2058 1990 carnem
2104 1938 2216 1992 dixi
2268 1957 2509 2010 passam,
2564 1954 2790 2014 propter
2827 1947 3232 2004 inhabitantem
3275 1953 3329 2005 in
3366 1969 3425 2006 se

1839 2028 2010 2081 Deum
2045 2029 2305 2086 Verbum.
2343 2032 2482 2088 I-Iinc
2516 2035 2755 2098 denique
2783 2045 2840 2092 et
2869 2039 3040 2093 Deum
3073 2043 3268 2110 negavi
3293 2058 3420 2111 pas-

1835 2133 1979 2181 sum,
2011 2127 2066 2172 et
2105 2127 2285 2175 tamen
2321 2137 2546 2176 carnem
2571 2124 2664 2177 Dei
2698 2141 2913 2194 passam
2948 2126 3235 2184 confessus
3274 2145 3420 2186 sum.

1903 2208 1963 2263 C.
1997 2209 2117 2264 Non
2139 2221 2224 2265 est
2251 2227 2381 2281 ergo
2407 2214 2554 2269 Deus
2572 2231 2739 2270 verus
2760 2214 3036 2281 Christus,
3067 2218 3163 2272 sed
3199 2229 3423 2288 propter

1834 2297 2230 2354 inhabitantem
2257 2301 2309 2354 in
2345 2317 2404 2356 se
2432 2303 2876 2370 DeumVerbum,
2909 2305 3421 2376 honore,dignitate

1832 2404 1926 2442 seu
1955 2390 2137 2458 potius
2181 2391 2406 2446 nomine
2451 2401 2662 2446 tantum
2720 2395 3025 2449 secundum
3074 2412 3175 2450 vos
3214 2397 3418 2452 dicitur

1832 2477 1976 2534 Deus
2007 2496 2021 2530 τ
2056 2487 2112 2532 et
2143 2481 2418 2549 quomodo
2446 2482 2551 2537 hoc
2577 2499 2686 2537 non
2711 2492 2796 2538 est
2828 2485 3270 2541 contrariumiiii
3293 2502 3419 2542 scn-

1833 2569 2014 2624 tentite
2035 2569 2262 2626 Joannis
2287 2573 2543 2641 apostoli,
2570 2590 2678 2644 qua
2715 2575 2851 2630 dicit
2889 2595 2901 2630 :
2939 2575 3150 2632 Scimus
3175 2579 3298 2648 quia
3327 2597 3417 2633 ue-

1831 2663 1906 2714 nit
1931 2659 2094 2716 Filius
2121 2662 2232 2726 Dei,
2263 2672 2312 2716 et
2343 2665 2484 2718 dedit
2511 2667 2657 2720 nobis
2703 2684 2913 2722 sensum
2944 2677 3002 2723 ut
3041 2686 3417 2740 cognoscamus

1831 2749 1996 2804 Deum
2021 2768 2220 2817 verum,
2248 2764 2294 2807 et
2319 2755 2480 2809 simus
2501 2758 2555 2809 in
2582 2773 2701 2810 vero
2726 2757 2858 2813 Filio
2897 2760 3145 2830 ejusJesu
3171 2760 3375 2816 Christo
3395 2781 3415 2827 ;

1828 2840 1908 2892 hic
1941 2849 2015 2892 est
2064 2839 2206 2894 Deus
2234 2859 2386 2895 verus
2426 2851 2474 2895 et
2496 2845 2602 2897 vita
2626 2852 2826 2899 (eterna
2851 2847 2916 2901 “.

1897 2913 1963 2980 Ν.
1991 2927 2045 2980 Si
2071 2943 2182 2981 non
2230 2938 2453 2997 propter
2484 2932 2752 2987 honorem
2795 2944 2852 2989 et
2889 2935 3218 3004 dignitatem
3250 2938 3389 2993 inha'

1827 3016 2053 3073 bitantis
2094 3019 2188 3073 Dei
2222 3020 2387 3074 Verbi
2417 3022 2590 3076 Deum
2622 3023 2830 3079 dixeris
2863 3025 3165 3091 Christum,
3222 3029 3404 3084 visum

1827 3109 2073 3179 profecto
2095 3119 2152 3164 et
2177 3120 2580 3166 contrectatum
2616 3113 2753 3168 facis
2771 3115 2840 3170 ab
2867 3116 3188 3173 hominibus
3207 3121 3401 3175 Deum.

2456 3223 2606 3280 CAP.
2643 3225 2760 3281 XV.

1881 3329 1942 3385 C.
1975 3331 2030 3385 Si
2057 3347 2165 3386 non
2195 3340 2280 3387 est
2302 3333 2457 3388 visus
2501 3343 2557 3389 et
2584 3343 2960 3392 contrectatus
2988 3339 3057 3394 ab
3082 3341 3402 3398 hominibus

1811 3422 1976 3488 Deus,
2002 3425 2280 3492 quomodo
2309 3426 2446 3480 dicit
2485 3427 2630 3482 idem
2676 3429 2918 3486 Joannes
2952 3448 2964 3482 :
3001 3431 3152 3497 Quod
3192 3435 3292 3504 fuit
3333 3437 3399 3490 ab

1809 3511 1979 3575 initio,
2011 3513 2152 3581 quod
2177 3513 2498 3579 audivimus,
2547 3518 2689 3586 quod
2717 3519 2941 3573 vidimus
2979 3523 3144 3576 oculis
3183 3527 3397 3592 nostris,

1809 3610 1854 3651 et
1883 3605 2259 3671 perspeximus,
2279 3614 2326 3658 et
2357 3622 2547 3661 manus
2572 3617 2766 3664 nostra:
2795 3618 3161 3666 tractaverunt
3182 3615 3246 3668 de
3271 3614 3397 3670 Ver-

1807 3691 1869 3744 bo
1889 3694 2026 3754 vitm,
2049 3701 2098 3746 et
2123 3696 2230 3748 vita
2249 3698 2610 3766 manifestata,
2641 3709 2689 3753 et
2716 3702 2962 3781 vidimus,
2978 3711 3027 3756 et
3043 3713 3319 3772 testamur,
3344 3717 3398 3761 et

1810 3786 2195 3838 annuntiamus
2235 3787 2378 3842 nobis
2405 3791 2571 3844 vitam
2595 3796 2874 3859 aeternam,
2920 3805 3040 3866 quae
3097 3807 3214 3853 erat
3246 3803 3392 3870 apud

1807 3872 2044 3936 Patrem,
2077 3885 2126 3928 et
2148 3882 2400 3948 apparuit
2447 3882 2592 3950 nobis
2622 3885 2712 3938 "?
2741 3886 3007 3942 Percnrre
3048 3889 3262 3961 singula
3290 3934 3304 3958 ,
3333 3904 3392 3950 et

1809 3967 1930 4021 vide
1957 3968 2135 4022 visum
2166 3977 2221 4023 et
2251 3977 2654 4028 contrectatum'
2703 3976 2772 4030 ab
2823 3978 3144 4035 hominibus
3191 3983 3387 4040 Deum.

1805 4057 2055 4126 Denique
2098 4060 2346 4115 Verbdm‘
2374 4065 2522 4127 vitae,
2573 4065 2723 4133 quod
2763 4067 2871 4122 fuit
2907 4068 2976 4122 ab
3033 4071 3190 4126 initio
3240 4075 3386 4142 apud

1803 4148 2044 4212 Patrem,
2078 4150 2232 4219 quod
2265 4167 2332 4205 ex
2359 4152 2480 4222 lege
2503 4163 2561 4208 et-
2579 4157 2867 4224 proplietis
2889 4159 3182 4215 audierunt
3208 4164 3384 4218 visum

1803 4248 1860 4292 ct
1903 4250 2253 4309 perspectum
2288 4243 2470 4298 oculis
2515 4245 2668 4311 suis,
2729 4250 3082 4320 prepriisque
3128 4253 3384 4310 manibus

1802 4330 2204 4383 contrectatam
2233 4331 2559 4387 testiﬁcatur
2612 4345 2798 4391 tantus
2847 4341 3148 4408 apoStolus.
3196 4343 3264 4396 Et
3310 4360 3381 4400 ne

1799 4419 1948 4472 aliud
1984 4419 2225 4475 Verbum
2244 4429 2444 4491 printer
2474 4424 2528 4477 i‘d
2563 4427 2712 4495 quod
2739 4438 2824 4482 est
2852 4429 2998 4485 Deus
3021 4433 3164 4502 apud
3182 4435 3376 4500 Deum,

1798 4509 2032 4576 quilibet
2073 4511 2252 4566 visum
2296 4520 2353 4567 et
2381 4522 2793 4574 contrectatum
2827 4529 3069 4578 tentaret
3099 4539 3373 4592 asserere,

1796 4607 1924 4652 mox
1947 4602 2198 4670 sequitur
2230 4620 2242 4654 :
2287 4603 2358 4656 Et
2384 4606 2513 4668 vita,
2549 4605 2750 4676 inquit,
2802 4613 3150 4682 manifestata
3179 4625 3278 4680 est,
3323 4627 3376 4670 et

1789 4688 2034 4754 vidimus,
2057 4697 2112 4743 et
2156 4699 2433 4757 testamur,
2487 4704 2537 4748 et
2593 4701 2975 4755 annuntiamus
3021 4704 3162 4758 vobis
3210 4707 3373 4760 vitam

1790 4786 2066 4845 cateruam,
2104 4799 2223 4850 qua:
2259 4791 2374 4836 erat
2407 4785 2555 4853 apud
2584 4785 2798 4842 Patrem
2821 4799 2871 4842 et
2914 4795 3163 4862 apparuit
3199 4796 3367 4852 nobis.

1855 4868 1922 4922 N.
1951 4869 2213 4924 Mentitur
2243 4888 2373 4942 ergo
2404 4875 2521 4942 ipse
2558 4875 2826 4933 Dominus
2851 4919 2866 4942 ,
2920 4881 3115 4938 dicens
3152 4901 3165 4937 :
3197 4884 3364 4941 Deum

1778 4973 1938 5014 nemo
1961 4962 2088 5015 vidit
2110 4977 2343 5033 unquam
2363 4965 2442 5018 '3?
2469 4967 2537 5019 Et
2559 4967 3110 5042 Apostolusloqnens
3131 4973 3199 5029 de
3218 4974 3364 5029 Deo:

1787 5048 1952 5114 Quem
1985 5067 2136 5106 nemo
2161 5094 2175 5117 ,
2231 5055 2433 5123 inquit,
2468 5058 2744 5113 hominum
2771 5061 2924 5126 vidit,
2954 5063 3046 5117 sed
3069 5081 3166 5119 nec
3193 5067 3359 5120 videri

1788 5150 1954 5209 potest
1982 5141 2047 5195 “.
2082 5143 2149 5198 Et
2179 5145 2245 5198 ad
2297 5146 2534 5217 Moysem
2587 5149 2722 5203 dicit
2765 5151 2912 5207 Deus
2943 5171 2956 5207 :
2985 5153 3150 5208 Nemo
3191 5164 3359 5226 potest

1781 5231 1954 5286 videre
1983 5235 2169 5301 faciem
2201 5251 2392 5301 meam,
2434 5247 2483 5291 et
2509 5241 2680 5294 viuere
2711 5243 2778 5297 ".

1850 5321 1911 5376 C.
1954 5323 2008 5377 Si
2039 5339 2146 5378 non
2177 5335 2261 5379 est
2290 5327 2435 5383 Deus
2483 5331 2580 5398 qui
2613 5332 2764 5386 visus
2786 5341 2892 5396 est,
2921 5335 3203 5403 quomodo
3238 5335 3356 5404 ipse

1781 5411 1957 5467 dicit:
1991 5413 2123 5468 Ecce
2167 5417 2256 5485 qui
2299 5416 2570 5488 loquebar,
2613 5425 2801 5475 adsum
2824 5424 2908 5489 '°;
2951 5432 3004 5478 et
3035 5424 3298 5491 prephcta
3335 5445 3347 5478 :

1787 5501 1922 5556 Deus
1947 5505 2218 5575 manifeste
2240 5510 2405 5562 veniet
2434 5527 2452 5563 :
2491 5510 2626 5565 Dens
2652 5522 2848 5578 noster,
2874 5524 2922 5567 et
2951 5532 3052 5568 non
3083 5515 3250 5570 silebit
3271 5517 3354 5572 ’τῖ’

1821 5709 1858 5738 ’ί
1902 5709 1919 5762 I
1967 5711 2120 5785 ἔρξω,
2165 5731 2216 5785 v.
2273 5716 2362 5769 20.
2467 5719 2509 5748 ²²
2549 5718 2565 5771 Ι
2603 5717 2759 5772 Joan.
2799 5735 2836 5777 ι,
2868 5720 2912 5783 I,
2957 5719 3014 5776 2.
3089 5724 3137 5757 ’³
3185 5724 3342 5785 Joan.

2645 5788 2686 5820 ³⁷
2730 5788 2874 5844 Psai.
2918 5806 3061 5862 χιιι,
3085 5796 3138 5854 li.
