3984 6296
608 400 708 466 147

1818 397 2135 458 JOANNIS
2172 395 2549 459 MAXENTII
3749 403 3837 470 N8

677 520 742 574 Ν.
769 517 1054 574 Contraria
1109 528 1244 585 ergo
1293 511 1624 582 sibimetipsi
1671 511 1824 580 loqui
1891 511 2168 566 credenda
2199 508 2242 562 Α
2270 514 2526 568 inhabitat
2550 515 2717 568 omnis
2757 512 3028 585 plenitudo
3061 515 3354 569 divinitatis
3401 514 3833 586 corporaliter”.

605 620 692 666 est
720 609 1000 678 Scriptura
1031 606 1267 661 divina?

671 699 733 754 C.
751 699 868 752 Non
889 705 974 752 est
995 695 1279 764 Scriptura
1295 692 1478 747 divina
1498 691 1599 746 sibi
1620 690 1721 760 ipsi
1739 691 2012 746 contraria
2035 687 2180 759 apud

605 805 700 845 eos
729 789 820 858 qui
842 803 962 842 eam
995 787 1084 856 pie
1119 785 1458 852 intelligunt,
1512 783 1608 837 scd
1653 783 1763 838 illis
1791 783 2014 836 videtur
2042 797 2180 836 con-

603 880 774 932 traria
794 879 887 947 qui
915 876 1178 930 haeretica
1199 873 1416 942 decepti
1441 873 1639 942 spiritu
1669 888 1776 926 non
1807 879 2038 940 possunt
2059 885 2182 940 quae

603 955 733 1022 vera
769 975 898 1020 sunt
929 981 1143 1034 sapere.
1173 965 1308 1018 Nam
1340 964 1467 1032 quia
1496 978 1658 1016 nemo
1691 964 1976 1032 corporeis
2003 964 2182 1017 oculis

604 1068 788 1130 potest
820 1057 1005 1112 videre
1034 1067 1284 1110 naturam
1317 1057 1648 1117 divinitatis,
1677 1071 1797 1123 qua:
1845 1057 2035 1124 utique
2069 1071 2178 1108 non

606 1161 688 1203 est
720 1166 920 1218 corpus
946 1191 958 1208 ,
995 1149 1088 1202 sed
1124 1149 1378 1216 spiritus,
1412 1147 1617 1199 dictum
1658 1157 1744 1200 est
1775 1163 1788 1198 :
1825 1147 1989 1198 Deum
2030 1161 2181 1212 nemo

606 1243 734 1295 vidit
796 1249 1151 1310 unquam;et
1209 1239 1428 1293 :Nemo
1477 1240 1613 1293 videt
1672 1239 1858 1308 faciem
1917 1246 2181 1298 meam,et

607 1335 760 1385 vivet.
817 1332 1048 1394 Rursus,
1071 1331 1200 1400 quia
1232 1330 1504 1383 videndus
1553 1337 1700 1383 esset
1751 1329 1820 1382 ab
1865 1329 2184 1381 hominibus

608 1423 754 1476 Deus
808 1422 862 1474 in
911 1430 1192 1489 assumpta
1243 1435 1412 1474 carne
1463 1419 1626 1474 docet
1668 1418 2036 1488 praeliguratio
2090 1418 2183 1471 illa

607 1512 748 1566 facta
780 1512 846 1566 ad
881 1511 1086 1577 Iacob;
1119 1511 1362 1580 denique
1406 1524 1532 1564 cum
1573 1509 1800 1592 homine
1847 1509 2183 1564 colluctatur

609 1602 667 1656 in
697 1603 910 1657 visione
945 1602 1087 1656 idem
1113 1602 1307 1656 beatus
1329 1601 1663 1670 patriarcha,
1687 1609 1743 1654 et
1767 1599 2092 1654 benedictus
2114 1599 2184 1654 ab

609 1707 676 1746 eo
711 1691 881 1746 dicit:
917 1691 1028 1745 Vidi
1047 1690 1214 1744 Deum
1243 1689 1376 1759 {acie
1398 1690 1467 1742 ad
1496 1687 1925 1759 faciem,etsalva
1951 1689 2092 1758 facta
2109 1697 2186 1743 est

609 1781 789 1833 anima
815 1795 932 1832 mea
963 1779 1026 1832 ’⁸.
1061 1777 1200 1833 llinc
1228 1786 1286 1832 et
1305 1775 1542 1844 Thomas
1572 1786 1695 1846 post
1719 1777 2180 1831 resurrectionem

603 1869 824 1924 Domini
858 1870 1086 1940 palpans
1127 1878 1184 1924 et
1211 1875 1565 1924 contrectans
1594 1867 1900 1937 perfossum
1927 1866 2174 1922 Domini-

606 1977 730 2016 cum
755 1962 917 2024 latus,
937 1961 1206 2016 exclamat
1231 1977 1242 2011 :
1273 1960 1523 2013 Dominus
1549 1975 1694 2012 meus
1715 1968 1765 2012 et
1786 1958 1920 2012 Deus
1941 1974 2085 2013 meus
2107 1960 2174 2013 ⁸³.

676 2051 740 2106 Ν.
770 2053 1022 2116 Multum,
1071 2051 1205 2106 licet
1238 2051 1455 2114 nolens,
1506 2049 1713 2104 nostris
1759 2049 2010 2120 partibus
2049 2065 2181 2120 pro-

602 2143 756 2198 fuisti
828 2143 986 2206 Nam,
1025 2158 1151 2197 cum
1195 2142 1385 2196 divina
1413 2150 1606 2196 natura
1653 2157 1762 2196 non
1811 2142 1885 2196 sit
1934 2157 2178 2210 corpus,

604 2237 701 2291 SCtl
755 2235 1024 2306 spiritus,
1069 2235 1212 2288 sicut
1257 2243 1313 2287 tu
1345 2247 1566 2302 quoque
1599 2231 1884 2301 professus
1929 2247 2024 2296 es,
2059 2248 2182 2302 quae

601 2333 800 2380 natura
848 2325 962 2378 visa
1005 2324 1091 2378 vel
1125 2322 1383 2376 confossa
1429 2323 1504 2375 sit
1537 2322 1854 2391 ambiguum
1905 2338 2015 2376 non
2049 2332 2179 2386 est;

605 2413 990 2468 dubitantibus
1014 2427 1254 2479 namque
1281 2410 1350 2464 de
1385 2425 1448 2464 se
1474 2409 1782 2478 discipulis,
1817 2410 1960 2464 idem
2003 2411 2188 2464 Domi-

604 2520 748 2558 nus:
782 2502 1026 2573 Palpate,
1062 2500 1269 2570 inquit,
1309 2507 1360 2553 et
1393 2501 1561 2554 videte
1593 2541 1607 2564 ,
1658 2502 1783 2570 quia
1809 2503 2024 2570 spiritus
2067 2518 2184 2555 ossa

607 2603 658 2648 et
688 2611 902 2648 carnem
924 2610 1026 2647 non
1049 2594 1222 2656 habet,
1243 2594 1377 2646 sicut
1404 2608 1485 2646 me
1522 2593 1702 2646 videtis
1721 2593 1911 2646 habere
1947 2593 2013 2646 ³ο.
2037 2592 2181 2658 Qua-

607 2691 834 2752 propter
863 2682 1014 2737 visus
1039 2691 1094 2736 et
1119 2683 1372 2751 palpatus
1399 2688 1483 2734 est
1521 2681 1788 2736 Dominus
1831 2679 1993 2736 Jesus
2023 2680 2188 2736 Chri-

606 2783 746 2836 stus,
776 2774 871 2843 qui
895 2772 1185 2828 confossus
1205 2780 1310 2836 est,
1341 2787 1506 2842 quem
1535 2787 1660 2826 cum
1691 2771 2008 2841 agnovisset
2048 2787 2182 2841 apo-

608 2863 784 2918 stolus
834 2871 957 2932 post
1010 2861 1495 2920 resurrectionem.
1551 2862 1822 2916 exclamat
1871 2870 1928 2917 et
1993 2863 2179 2918 dicit:

605 2953 866 3008 Dominus
894 2971 1040 3010 meus
1067 2964 1116 3009 et
1142 2955 1277 3008 Deus
1313 2953 1497 3009 meus!
1530 2953 1667 3008 Hinc
1695 2955 1982 3010 evidenter
2013 2970 2186 3024 appa-

605 3056 693 3102 ret
737 3063 848 3103 non
874 3063 996 3104 esse
1026 3049 1199 3103 Deum
1219 3049 1405 3104 Jesum
1423 3048 1727 3112 Christum,
1747 3062 1912 3117 quem
1936 3063 2002 3102 ex
2030 3063 2181 3102 mor-

2347 605 2408 660 C.
2449 605 2854 661 Plenitudinein
2890 606 3198 660 divinitatis
3239 606 3582 662 habitantem
3603 609 3661 663 in
3687 607 3836 664 Chri-

2281 707 2368 754 sto
2395 698 2526 767 quid
2559 697 2868 767 intelligis?

2350 787 2416 841 N.
2457 786 2650 841 Totam
2680 787 2872 855 procul
2907 787 3078 841 dubio
3110 787 3458 843 Trinitatem.

2893 890 3046 946 CAP.
3087 891 3230 946 XVI.

2348 983 2409 1039 C.
2449 984 2688 1050 Quartus
2733 997 2866 1052 ergo
2905 983 3016 1054 jam
3061 981 3315 1038 Christus
3343 989 3450 1048 est,
3498 983 3555 1037 in
3597 998 3708 1053 quo
3739 992 3836 1039 tota

2283 1076 2554 1130 inhabitat
2590 1075 2881 1129 Trinitas?
2978 1090 2987 1098 ·

2351 1168 2416 1222 Ν.
2457 1167 2598 1238 Ergo
2631 1167 2950 1222 mendacem
2977 1165 3208 1221 iacimus
3242 1166 3473 1220 Paulum
3507 1167 3602 1237 qui
3634 1167 3738 1222 hoc
3759 1183 3836 1221 as-

2283 1259 2418 1313 serit
2451 1259 2476 1311 ?

2351 1348 2412 1402 C.
2440 1348 2558 1402 Non
2596 1355 2680 1403 est
2712 1347 2946 1402 mendax
2977 1347 3202 1412 Paulus,
3231 1347 3356 1416 quia
3391 1363 3502 1400 non
3527 1346 3832 1400 Trinitatem

2283 1439 2420 1492 dicit
2455 1439 2510 1492 in
2559 1437 2781 1493 Christo
2807 1438 3142 1504 inhabitare,
3175 1453 3299 1493 cum
3321 1437 3606 1493 Christum
3639 1437 3832 1493 nesciat

2283 1536 2606 1583 extraneum
2655 1544 2686 1582 a
2719 1528 3010 1583 Trinitate.

2352 1619 2418 1674 N.
2443 1619 2496 1673 Si
2525 1635 2635 1674 non
2667 1619 3008 1674 inhabitatin
3035 1619 3256 1675 Christo
3277 1619 3544 1684 Trinitas,
3579 1621 3838 1690 quomodo

2284 1709 2341 1762 in
2371 1707 2590 1762 Christo
2635 1709 2815 1762 omnis
2858 1709 3150 1778 plenitudo
3196 1708 3509 1763 divinitatis
3539 1708 3834 1763 inhabitat?
3928 1741 3944 1760 .

2284 1797 2394 1852 Aut
2446 1797 2594 1851 enim
2642 1814 2755 1852 non
2803 1799 3076 1853 inhabitat
3119 1799 3408 1866 plenitudo
3455 1799 3757 1855 divinitatis
3787 1801 3832 1852 in

2281 1886 2522 1950 Christo,
2557 1887 2604 1941 si
2649 1903 2758 1940 non
2801 1887 3077 1942 inhabitat
3115 1887 3170 1940 in
3193 1887 3414 1942 Christo
3439 1889 3685 1944 Trinitas
3713 1906 3726 1942 :
3755 1897 3834 1942 aut

2281 1977 2326 2031 si
2374 1976 2588 2031 habitat
2633 1976 2918 2046 plenitudo
2965 1976 3292 2041 divinitatis,
3346 1979 3542 2046 procul
3590 1978 3757 2033 dubio
3786 1977 3830 2030 in

2279 2067 2501 2123 Christo
2532 2067 2776 2122 Trinitas
2806 2067 3038 2122 habitat.

2349 2158 2411 2215 C.
2455 2160 2523 2214 Et
2544 2159 2760 2213 habitat
2790 2159 3074 2229 plenitudo
3103 2159 3413 2214 divinitatis
3439 2159 3494 2214 in
3522 2160 3762 2222 Christo,
3789 2169 3833 2212 et

2244 2266 2245 2269 ‘
2282 2264 2393 2304 non
2427 2249 2700 2304 inhabitat
2734 2251 2789 2303 in
2830 2249 3054 2305 Christo
3094 2248 3357 2313 Trinitas,
3393 2266 3463 2304 ne
3496 2252 3570 2305 sit
3597 2267 3706 2305 non
3733 2250 3833 2304 Tri-

2284 2340 2448 2404 nitas,
2501 2339 2595 2394 sed
2625 2340 2984 2409 quaternitas.
3031 2337 3166 2393 Nam
3194 2355 3342 2402 cum,
3363 2341 3518 2394 nullo
3544 2340 3832 2400 dubitante,

2285 2432 2470 2492 Pater,
2490 2438 2545 2484 et
2568 2431 2758 2494 Filius,
2790 2440 2846 2485 et
2877 2429 3118 2500 Spiritus
3158 2439 3386 2484 sanctus
3412 2431 3486 2484 sit
3514 2431 3766 2490 Trinitas.
3789 2439 3834 2484 et

2286 2522 2410 2575 ideo
2457 2537 2567 2575 non
2608 2521 2934 2575 Trinitatem
2981 2520 3184 2574 Paulus
3211 2521 3266 2573 in
3315 2521 3540 2576 Christo
3587 2521 3744 2575 docet
3769 2522 3836 2573 in-

2288 2613 2557 2675 habitare,
2590 2612 2818 2666 dicens:
2850 2611 2986 2677 Quia
3011 2613 3065 2664 in
3098 2613 3211 2682 ipso
3244 2613 3516 2666 inhabitat
3547 2615 3717 2666 omnis
3743 2612 3836 2682 ple-

2288 2703 2468 2757 nitudo
2489 2702 2778 2756 divinitatis
2801 2699 3183 2772 corporaliter;
3203 2699 3299 2754 sed
3320 2701 3536 2756 Patrem
3562 2703 3622 2756 in
3647 2701 3836 2756 Christo

2287 2793 2451 2848 docet
2487 2793 2818 2847 inhabitare.
3462 2798 3466 2800 '

2359 2887 2424 2940 N.
2457 2886 2513 2942 Si
2558 2887 2738 2940 omnis
2788 2883 3073 2955 plenitudo
3115 2884 3424 2941 divinitatis
3484 2884 3739 2939 habitans
3788 2882 3834 2935 in

2287 2978 2511 3033 Christo
2570 2978 2734 3032 solus'
2766 2978 2928 3032 Pater
2976 2977 3372 3048 intelligendus
3408 2960 3514 3039 est,
3549 2993 3663 3031 non
3691 2973 3838 3030 relin-

2292 3069 2482 3138 quitur
2533 3065 2671 3120 Filio
2715 3073 2772 3120 et
2821 3064 3050 3134 Spiritui
3100 3075 3312 3129 sancto,
3372 3075 3435 3120 ut
3484 3065 3653 3120 Deus.

607 3139 718 3195 tuis
744 3141 1129 3195 resuscitatum
1150 3141 1370 3196 viditet
1389 3141 1752 3196 contrectavit
1773 3139 2032 3203 Thomas,
2074 3139 2256 3230 nisi'c
2355 3159 2417 3215 ο,
2456 3161 2682 3214 plenum
2729 3166 2784 3211 ει
2830 3157 3138 3226 perrectum
3190 3157 3363 3211 Deum
3419 3155 3627 3211 asseras
3663 3151 3840 3212 patris,

606 3240 831 3301 propter
851 3231 1245 3286 iuhabitantem
1273 3231 1324 3285 in
1341 3247 1407 3285 eo
1423 3233 1618 3292 Deum,
1636 3246 1799 3300 quem
1812 3247 1976 3286 nemo
1992 3235 2180 3301 procul

2288 3266 2354 3304 an
2406 3250 2564 3320 557
2591 3247 2988 3318 perfectionem
3015 3255 3068 3302 et
3094 3247 3498 3317 plenitudinem
3525 3247 3649 3316 ejus
3665 3244 3836 3299 Filium

609 3324 782 3378 dubio
804 3323 1089 3378 hominum
1117 3322 1288 3386 videt,
1337 3332 1394 3376 et
1415 3323 1585 3376 vivet.

595 3401 600 3406 ’
678 3413 742 3469 C.
773 3415 1100 3470 Nullatenus
1147 3422 1372 3484 propter
1415 3414 1842 3480 inhabitantem,
1871 3425 1932 3471 ut
1959 3416 2182 3482 asseris,

609 3521 736 3561 eum
765 3520 929 3576 quem
959 3503 1098 3558 vidit
1118 3511 1173 3558 et
1188 3503 1554 3558 contrectavit
1594 3503 1856 3569 Thomas,
1877 3505 2054 3560 Deum
2088 3521 2186 3574 ap-

608 3598 824 3669 pellat,
875 3595 1005 3666 quia
1045 3594 1240 3665 procul
1291 3601 1375 3648 est
1425 3593 1494 3647 ab
1539 3595 1837 3664 apostolica
1883 3594 1988 3650 fide
2039 3595 2184 3650 duos

610 3689 754 3744 filios
783 3686 1036 3751 credere,
1085 3685 1189 3742 sed
1219 3685 1398 3756 ipsum
1443 3701 1696 3755 prorsus,
1745 3688 1904 3757 cujus
1939 3686 2184 3742 fossuras

611 3779 994 3843 contrectavit,
1018 3777 1310 3832 Dominum
1332 3785 1389 3832 et
1407 3777 1575 3831 Deum
1603 3792 1762 3832 suum
1781 3792 1903 3832 esse
1921 3784 2182 3844 testatur;

611 3870 986 3940 apostolorum
1013 3869 1160 3924 enim
1189 3869 1355 3931 Deus,
1383 3883 1496 3922 non
1523 3867 1812 3939 dignitate,
1845 3868 1960 3923 sed"
1979 3878 2178 3924 natura

610 3973 694 4018 est
715 3964 878 4017 Deus.
912 3962 1271 4032 Apertissime
1317 3960 1558 4030 denique
1589 3961 1658 4016 de
1699 3975 1766 4015 eo
1814 3961 1908 4032 qui
1948 3961 2100 4017 visus
2127 3972 2186 4018 et

611 4061 984 4108 contrectatus
1028 4059 1134 4116 est,
1171 4051 1318 4122 quod
1353 4060 1550 4106 natura
1585 4051 1660 4106 sit
1703 4051 1868 4119 Deus,
1917 4052 2184 4108 Jeremias

609 4145 876 4214 propheta
909 4152 1143 4198 testatur
1174 4161 1188 4197 :
1221 4144 1318 4198 Hic
1343 4143 1481 4197 Deus
1503 4149 1702 4208 noster,
1737 4149 1786 4196 et
1815 4159 1919 4196 non
1945 4145 2186 4198 (estima-

611 4243 698 4287 tur
725 4234 862 4288 alter
881 4234 949 4288 ad
964 4251 1113 4298 eum;
1135 4235 1223 4304 qui
1245 4234 1442 4288 invenit
1473 4248 1683 4287 omnem
1703 4232 1844 4286 viam
1864 4232 2181 4302 disciplinw,

610 4335 660 4378 et
687 4327 826 4380 dedit
854 4343 970 4380 eam
1001 4325 1161 4379 Iacob
1189 4341 1350 4395 puero
1379 4340 1496 4397 sup,
1545 4333 1596 4376 et
1625 4322 1800 4376 Israel
1831 4323 2020 4376 dilecto
2063 4341 2181 4378 suo.

607 4418 848 4472 Posthwc
883 4418 940 4469 in
977 4403 1131 4469 terris
1158 4415 1294 4469 visus
1334 4421 1432 4476 est,
1451 4421 1500 4466 et
1516 4429 1635 4466 cum
1650 4412 1944 4467 hominibus
1967 4413 2183 4469 courier;-

2285 3351 2340 3398 et
2387 3340 2649 3408 Spiritum
2684 3345 2932 3392 sanctum
2963 3352 3085 3391 esse
3135 3336 3404 3390 testaris?

2355 3431 2419 3486 Ν.
2451 3431 2674 3486 Plenum
2705 3429 2897 3500 procul
2928 3427 3098 3482 dubio
3130 3435 3188 3482 et
3218 3427 3546 3497 perfectum.

2353 3524 2415 3580 C.
2449 3525 2566 3580 Non
2593 3540 2724 3595 ergo
2753 3523 3017 3593 relinquit
3070 3524 3268 3592 plenus
3309 3531 3366 3576 et
3407 3521 3690 3591 perfectus
3717 3520 3837 3574 Deus

2283 3615 2464 3676 Pater,
2488 3622 2550 3667 ιιι
2571 3614 2642 3668 sit
2678 3613 2822 3668 Deus
2842 3601 2867 3677 ,’
2889 3610 2983 3666 aut
3003 3611 3194 3675 Filius,
3227 3618 3322 3664 aut
3351 3609 3593 3680 Spiritus
3623 3617 3836 3694 sanctus.

2283 3699 2485 3755 Verum
2512 3699 2554 3753 si
2587 3698 2691 3752 hoc
2722 3698 2946 3766 impium
2977 3706 3060 3752 est
3079 3698 3304 3752 credere
3337 3739 3349 3763 ,
3381 3706 3550 3752 restat
3579 3708 3640 3753 ut
3662 3713 3758 3751 non
3781 3695 3838 3748 sit

2284 3791 2642 3854 contrarium,
2676 3791 2785 3845 imo
2801 3791 2984 3859 potius
2997 3790 3154 3844 valde
3173 3805 3474 3861 congruum
3499 3790 3734 3851 veritati,
3755 3789 3837 3842 Pa-

2286 3891 2422 3937 trem
2450 3882 2845 3952 plenitudinem
2887 3881 3189 3951 intelligere
3219 3880 3545 3936 divinitatis.
3591 3882 3724 3948 Quia
3749 3878 3836 3932 sic-

2285 3981 2347 4025 ut
2395 3971 2512 4041 ipse
2547 3970 2828 4040 plenitudo
2865 3985 2961 4024 sua
2991 3979 3094 4033 est,
3123 3969 3381 4024 similiter
3409 3979 3465 4024 et
3495 3971 3667 4033 Filius
3687 3965 3834 4039 pleni-

2287 4059 2437 4120 tudo,
2467 4068 2523 4112 et
2549 4059 2789 4128 Spiritus
2821 4065 3044 4112 sanctus
3095 4057 3382 4126 plenitudo
3413 4098 3428 4122 ,
3476 4067 3532 4112 et
3559 4059 3720 4112 simul
3741 4069 3837 4109 om-

2285 4167 2404 4213 nes,
2439 4152 2542 4204 hoc
2563 4157 2666 4212 est,
2693 4157 2802 4203 tota
2832 4149 3074 4204 Trinitas
3101 4191 3116 4213 ,
3149 4164 3258 4203 non
3285 4159 3398 4204 tres
3425 4189 3438 4212 ,
3464 4149 3560 4203 sed
3624 4164 3726 4202 una
3770 4151 3837 4199 cst

2285 4241 2570 4312 plenitudo
2621 4239 2928 4294 divinitatis
2960 4280 2975 4304 ,
3016 4240 3145 4310 quia
3200 4248 3256 4294 et
3293 4239 3570 4310 perfectus
3593 4240 3770 4298 Pater,
3795 4240 3838 4286 et

2283 4332 2561 4402 perfectus
2604 4330 2775 4386 Filius
2799 4371 2812 4394 ,
2854 4339 2909 4384 et
2941 4330 3216 4400 perfectus
3253 4329 3492 4399 Spiritus
3513 4338 3734 4384 sanctus
3762 4367 3775 4390 ,
3796 4336 3839 4377 ct

2285 4423 2446 4478 simul
2475 4436 2667 4476 omnes
2691 4461 2706 4484 ,
2733 4436 2842 4476 non
2871 4430 2984 4475 tres
3039 4419 3428 4490 perfectiones,
3481 4417 3577 4473 sed
3602 4432 3708 4472 una
3741 4429 3840 4484 per-

609 4519 756 4562 satus
780 4514 854 4560 est
870 4505 1299 4574 ".Quapropter
1322 4503 2182 4562 visusetconversatusestDeus
2213 4493 2258 4551 ο
2283 4513 2468 4568 factio.
2527 4513 2583 4568 Si
2631 4512 2778 4565 enim
2834 4511 3047 4575 Filius,
3114 4511 3258 4566 sicut
3306 4509 3375 4564 de,
3412 4524 3480 4564 eo
3542 4507 3840 4564 testiﬁcatur

613 4597 778 4650 homo
806 4594 1254 4658 JesusChristus,
1285 4594 1353 4648 ad
1371 4609 1534 4663 quem
1550 4607 1662 4646 non
1683 4592 1987 4648 aestimatur
2019 4595 2180 4652 alter.

681 4687 748 4741 N.
791 4685 848 4740 Si
891 4685 1076 4739 nullus
1113 4684 1254 4739 alius
1294 4685 1442 4739 Deus
1469 4683 1774 4739 aestimatur
1817 4684 1886 4740 ad
1929 4699 2055 4741 eum
2086 4687 2182 4758 qui

2283 4605 2520 4662 Joannes
2543 4643 2558 4665 ,
2585 4603 2788 4657 dicitur
2821 4601 3108 4671 plenitudo
3161 4599 3326 4670 (Nos,
3359 4598 3560 4668 inquit,
3601 4611 3769 4651 omnes
3791 4591 3838 4644 de

2283 4692 2608 4765 plenitudine
2635 4691 2749 4760 ejus
2775 4691 3070 4760 accepimus
3089 4691 3136 4723 ”
3154 4678 3198 4760 )’,
3222 4686 3500 4759 quomodo
3547 4686 3708 4740 Pater
3740 4693 3838 4736 esse
3923 4721 3925 4723 .

613 4777 901 4832 confossus
947 4785 1004 4830 et
1025 4775 1322 4830 cruciﬁxus
1359 4782 1442 4829 est
1469 4789 1500 4828 a
1519 4773 1744 4842 ludatis,
1773 4775 1899 4846 quis
1927 4785 2014 4833 est
2037 4777 2184 4834 Deus
2283 4784 2566 4856 negandus
2587 4790 2673 4838 est
2716 4782 3000 4852 plenitudo
3027 4781 3052 4836 ἲ

614 4867 706 4936 qui
743 4867 1047 4936 aestimetur
1071 4865 1141 4921 ad
1173 4865 1542 4921 crucifixum?

683 4955 743 5010 C.
767 4955 1086 5011 Nullatenus
1107 4966 1166 5010 tu
1197 4956 1412 5012 recedis
1439 4974 1470 5013 a
1497 4960 1720 5038 propria
1749 4959 2052 5016 intentione
2075 4975 2185 5031 quo

527 5087 534 5094 .
613 5046 893 5100 Christum
928 5062 1038 5100 non
1066 5046 1217 5102 aliud
1263 5048 1470 5118 aliquid
1497 5051 1604 5106 nisi
1631 5067 1800 5106 unum
1830 5066 1898 5106 ex
1931 5052 2041 5108 illis
2072 5067 2189 5108 cre-

614 5137 736 5204 das,
768 5138 838 5192 de
865 5137 1067 5208 quibus
1103 5138 1240 5194 dicit
1274 5139 1418 5195 Deus
1455 5159 1484 5206 ε,
1503 5141 1766 5207 Quoniam
1802 5143 2107 5198 inhabitabo
2128 5146 2184 5198 in

615 5225 723 5280 illis
761 5236 809 5280 et
844 5227 1146 5295 ambulabo,
1177 5238 1228 5284 et
1253 5246 1343 5286 ero
1380 5231 1600 5288 illorum
1637 5233 1796 5302 Deus,
1823 5242 1871 5288 et
1901 5235 2002 5306 ipsi
2031 5244 2186 5290 erunt

615 5317 744 5372 mihi
794 5319 850 5371 in
887 5317 1136 5388 papulum
1181 5320 1248 5376 ³³.
1971 5309 1978 5318 ’

685 5406 752 5462 Ν.
797 5406 904 5462 Sed
936 5408 1005 5463 de
1049 5408 1270 5464 nemine
1303 5409 1525 5466 illorum
1555 5411 1763 5468 dictum
1809 5422 1895 5468 est
1923 5414 2070 5484 quod
2113 5413 2183 5470 de

2353 4851 2420 4929 ᾗ.
2445 4875 2562 4931 Una
2606 4881 2692 4928 est
2718 4851 3007 4926 idivinitas
3071 4869 3360 4925 Trinitatis
3395 4911 3410 4936 ,
3464 4877 3520 4924 et
3556 4883 3699 4923 unus
3721 4865 3839 4920 Dens
3921 4851 3923 4867 ¹

2291 4965 2554 5028 Trinitas,
2581 4979 2649 5018 an
2672 4973 2786 5018 tres
2820 4962 2928 5032 dii,
2961 4971 3018 5017 et
3045 4970 3157 5018 tres
3189 4960 3510 5016 divinitates
3531 4959 3557 5010 τ

2359 5055 2420 5111 C.
2444 5055 2562 5111 Una
2591 5053 2780 5124 procul
2806 5053 2975 5108 dubio
2997 5051 3260 5108 divinitas
3290 5051 3596 5116 Trinitatis,
3630 5056 3687 5103 et
3721 5053 3839 5099 unus
3917 5075 3919 5124 ς

2291 5146 2436 5201 Deus
2452 5145 2717 5200 Trinitas.

2358 5235 2423 5290 N.
2458 5233 2514 5290 Si
2535 5249 2666 5304 ergo
2700 5243 2785 5288 est
2815 5247 2924 5286 una
2981 5231 3242 5286 divinitas
3288 5229 3576 5285 Trinitatis
3608 5267 3624 5292 ,
3650 5235 3703 5280 et
3723 5229 3840 5278 unus

2285 5327 2432 5381 Deus
2453 5325 2696 5379 Trinitas
2722 5365 2737 5389 ,
2785 5324 3064 5394 quomodo
3119 5338 3228 5378 non
3255 5323 3530 5377 inhabitat
3564 5321 3620 5374 in
3645 5314 3839 5373 Christo

2287 5415 2529 5469 Trinitas
2562 5454 2577 5477 ,
2627 5413 2768 5468 sicut
2821 5412 3109 5482 plenitudo
3136 5413 3446 5469 divinitatis
3504 5410 3754 5466 habitans
3793 5401 3835 5453 in

616 5494 836 5555 Christo
879 5508 1108 5555 testatur
1156 5501 1472 5570 Apostolus,
1517 5503 1708 5558 dicens
1731 5497 1764 5557 ἐ
1816 5503 1954 5569 Quia
1980 5507 2036 5560 in
2069 5507 2182 5576 ipso
2283 5505 2525 5570 Christo,
2564 5520 2686 5575 qua:
2714 5518 2821 5557 una
2843 5511 2900 5558 et
2926 5504 3042 5559 sola
3067 5503 3200 5558 est?
3908 5494 3914 5606 1

3905 5453 3914 5781 ἰ

693 5702 743 5774 ’ἶ
773 5702 908 5757 Cen.
957 5713 1118 5769 natu,
1162 5702 1281 5774 50.;
1326 5705 1370 5736 ³⁵
1407 5704 1564 5759 Joan.
1605 5720 1694 5770 xx,
1733 5705 1823 5761 28.
1900 5706 1944 5738 ⁸³
1980 5706 2114 5760 Luc.
2157 5723 2298 5774 xxxv,
2337 5708 2424 5765 59.

2530 5709 2568 5742 ³³
2612 5707 2824 5764 Baruch
2867 5723 2962 5776 ιιι,
2999 5707 3190 5764 56-58.
3269 5707 3314 5740 “
3355 5707 3529 5764 Levit.
3573 5720 3715 5772 sm,
3752 5698 3836 5764 ης
3904 5691 3912 5776 Ι

620 5770 664 5826 ll
705 5771 832 5826 Cor.
881 5789 954 5837 ιἰ,
997 5774 1084 5827 t6.
1160 5774 1205 5805 ³³
1245 5772 1456 5828 Coloss.
1494 5789 1553 5839 lt,
1602 5777 1656 5840 9,
1732 5775 2124 5842 "Joan.t,l6.
