3984 6296
237 314 340 384 149

237 531 447 585 naturis
468 532 637 587 unitis
677 535 1002 603 subsistere,
1039 557 1148 596 una
1188 543 1496 602 divinitatis
1518 589 1533 613 ,
1561 559 1618 604 et
1636 551 1810 607 altera

238 620 609 678 humanitatis.
650 626 720 680 Et
746 627 875 697 quia
900 645 1008 684 una
1038 642 1094 687 et
1119 634 1232 689 sola
1256 644 1341 691 est
1380 640 1549 695 totius
1572 641 1809 697 Trinita-

234 710 300 764 tis
322 710 599 777 divinitas,
617 723 703 770 est
732 719 1073 789 ergo,juxta
1107 738 1223 790 vos,
1250 722 1488 783 Trinitas
1527 738 1584 784 et
1613 730 1809 785 huma-

230 799 369 854 nitas
393 800 649 859 Christus
689 807 783 875 qui
816 823 885 862 ex
931 809 1219 867 divinitate
1271 816 1440 871 totius
1484 817 1805 884 Trinitatis,

174 890 177 895 ’
230 905 345 958 quae
384 907 493 946 una
520 901 577 947 et
601 896 718 949 sola
745 906 858 972 est,_
879 908 936 954 et
965 901 1306 959 humanitate
1334 907 1608 965 subsistit.
1634 911 1807 965 Porro

229 983 268 1034 si
294 982 534 1039 Trinitas
560 995 615 1041 et
646 987 960 1046 humanitas
983 1003 1067 1047 est
1087 994 1341 1052 Christus
1369 1038 1383 1063 ,
1406 999 1517 1067 jam
1570 1016 1683 1055 non
1709 1002 1809 1057 ha-

231 1072 367 1126 bitat
393 1073 635 1132 Trinitas
684 1079 738 1132 in
795 1078 1051 1148 Christo,
1111 1085 1206 1139 sed
1260 1095 1344 1140 est
1400 1087 1517 1156 ipsa
1567 1089 1809 1147 Trinitas

232 1163 504 1222 Christus.

850 1286 1001 1342 CAP.
1041 1287 1203 1345 XVII.

295 1369 358 1422 Ν.
393 1370 512 1425 Non
535 1381 618 1427 est
641 1374 880 1431 Trinitas
904 1386 961 1431 et
986 1379 1299 1435 humanitas
1331 1379 1621 1450 Christus;
1647 1393 1702 1439 et
1727 1392 1805 1441 ta-

232 1473 353 1513 men
377 1475 444 1513 ex
477 1462 768 1520 divinitate
818 1468 1058 1535 perfecta
1090 1478 1147 1524 et
1196 1471 1538 1528 humanitate
1563 1476 1805 1544 perfecta

230 1556 311 1601 est
328 1548 598 1616 Christus,
627 1561 684 1608 et
728 1553 943 1611 habitat
976 1558 1215 1615 Trinitas
1254 1560 1321 1614 'in
1344 1561 1586 1629 Christo,
1611 1573 1668 1619 et
1696 1582 1805 1621 non

228 1649 309 1694 est
332 1649 559 1709 quartus
582 1684 598 1707 ,
620 1654 682 1699 ut
730 1655 791 1700 tu
835 1657 1108 1712 autumas,
1133 1651 1405 1709 Christus.
1434 1656 1596 1725 Pater
1629 1657 1800 1724 enim,

227 1730 373 1784 nullo
404 1733 714 1800 dubitante,
741 1737 797 1791 in
830 1737 968 1793 Filio
1003 1740 1230 1807 habitat,
1248 1751 1306 1796 et
1332 1744 1498 1799 Filius
1532 1746 1587 1798 in
1619 1746 1800 1812 Patre,

226 1837 255 1874 a
278 1823 476 1892 quibus
498 1840 607 1880 non
640 1838 929 1896 separatur
955 1831 1192 1901 Spiritus
1222 1844 1444 1890 sanctus
1467 1879 1479 1890 .
1512 1837 1683 1893 Filius
1709 1809 1807 1894 au-
1838 1809 1879 1864 Β

228 1917 335 1964 tem
366 1912 505 1968 Deus
527 1955 543 1979 ,
586 1916 643 1970 in
666 1931 777 1985 quo
806 1917 1017 1973 habitat
1043 1920 1204 1975 Pater
1230 1960 1245 1985 ,
1278 1922 1353 1975 ita
1375 1931 1459 1977 est
1490 1923 1546 1977 in
1579 1923 1802 1981 Christo

226 2003 478 2056 mundum
510 2006 852 2062 reconcilians
882 2009 981 2063 sibi
999 2010 1065 2071 ³³,
1095 2019 1155 2065 ut
1188 2020 1417 2081 propter
1445 2015 1803 2084 conjunctum

130 2137 134 2140 .
225 2093 332 2147 sibi
362 2093 579 2159 Filium,
620 2113 762 2153 unus
781 2106 837 2152 et
863 2100 979 2169 ipse
1016 2101 1088 2155 sit
1119 2101 1290 2157 Filius
1313 2112 1371 2157 et
1404 2103 1701 2172 Christus;
1749 2114 1806 2160 et

225 2179 330 2235 hac
376 2183 581 2239 ratione
615 2185 827 2242 habitat
863 2188 1104 2245 Trinitas
1126 2192 1180 2247 in
1205 2192 1426 2248 Christo
1446 2234 1461 2258 ,
1492 2203 1552 2263 et
1576 2212 1688 2251 non
1721 2202 1806 2252 est

223 2280 452 2340 quartus
475 2272 748 2330 Christus.
1797 2289 1803 2295 ’

290 2362 353 2417 C.
376 2363 559 2434 Magna
582 2367 747 2421 nimis
769 2377 853 2423 est
878 2369 1003 2433 ista,
1021 2386 1131 2425 non
1156 2374 1296 2429 ratio
1316 2416 1330 2441 ,
1346 2375 1440 2431 sed
1472 2377 1802 2437 absurditas.

218 2453 353 2507 Nam
406 2470 528 2509 cum
585 2456 853 2514 hactenus
888 2460 1211 2518 Trinitatem
1248 2465 1303 2519 in
1334 2464 1553 2521 Christo
1573 2477 1804 2524 conten-

219 2544 383 2599 debas
411 2545 738 2614 inhabitare,
759 2565 856 2619 pro
882 2567 948 2606 eo
985 2553 1131 2622 quod
1167 2554 1374 2609 dictum
1429 2540 1545 2612 est:
1578 2557 1717 2623 Quia
1748 2561 1804 2614 in

218 2638 327 2706 ipso
349 2638 546 2691 habitat
563 2642 730 2693 omnis
747 2640 1023 2711 plenitudo
1047 2644 1336 2699 divinitatis
1353 2647 1701 2717 corporaliter
1731 2649 1799 2699 ³⁸,

219 2742 361 2782 nunc
376 2730 488 2799 jam
510 2745 627 2784 non
652 2738 821 2787 totam
848 2732 1196 2799 Trinitatem,
1227 2737 1322 2791 sed
1349 2738 1519 2792 Deum
1554 2746 1802 2793 tantum-

225 2819 383 2873 modo
431 2820 631 2874 Filium
695 2822 752 2876 in
795 2823 1015 2879 Christo
1037 2841 1160 2881 esse
1190 2827 1366 2891 dicis,
1396 2844 1498 2898 pro
1534 2845 1602 2884 eo
1654 2831 1802 2900 quod

220 2910 479 2978 scriptum
509 2919 593 2965 est
626 2929 639 2964 :
665 2911 806 2966 Deus
828 2922 945 2967 erat
972 2916 1029 2969 in
1059 2915 1265 2971 Christo
1291 2958 1306 2981 ,
1339 2919 1596 2972 mundum
1620 2936 1804 2974 recon-

218 3000 400 3053 cilians
426 3000 545 3054 sibi.
572 3001 631 3055 In
660 3019 771 3071 quo
803 3011 985 3060 tamen
1013 3007 1170 3073 Filio,
1206 3008 1337 3077 quia
1367 3008 1585 3064 habitat
1637 3011 1800 3065 Pater

218 3091 270 3143 in
295 3106 359 3144 eo
378 3133 390 3151 ,
417 3100 473 3146 et
501 3091 619 3161 ipse
645 3093 700 3146 in
724 3094 882 3149 Patre
894 3134 922 3159 .,
948 3112 976 3149 a
1006 3098 1208 3166 quibus
1233 3113 1342 3152 non
1368 3108 1656 3168 separatur
1671 3100 1798 3169 Spi-

216 3182 346 3234 ritus
377 3196 602 3237 sancms
625 3223 640 3247 ,
670 3200 862 3241 rursus
890 3195 1060 3241 totam
1117 3188 1439 3243 Trinitatem
1482 3191 1783 3245 secundum

217 3271 352 3325 hanc
385 3273 648 3329 videlicet
680 3277 947 3331 rationem
979 3279 1177 3334 asseris
1200 3280 1252 3333 in
1287 3280 1509 3335 Christo
1565 3280 1785 3335 inhabi-

217 3371 324 3416 tare
350 3381 366 3427 ;
400 3364 496 3418 sed
528 3364 674 3430 ideo,
706 3364 887 3435 inquis
912 3407 928 3428 ,
956 3384 1065 3423 non
1101 3378 1187 3424 est
1211 3371 1552 3439 quaternitas
1593 3386 1782 3441 quam-

218 3455 294 3507 vis
320 3455 530 3509 habitet
562 3456 618 3509 in
642 3455 861 3513 Christo
900 3459 1140 3514 Trinitas
1171 3500 1186 3525 ,
1225 3462 1353 3530 quia
1376 3462 1522 3515 Deus
1545 3452 1787 3529 Verbum

216 3542 285 3595 ila
314 3543 451 3598 inest
472 3544 696 3599 Christo
724 3554 783 3599 ut
816 3556 1038 3617 propter
1051 3551 1401 3619 conjunctum
1424 3550 1624 3604 Filium
1647 3567 1791 3606 unus

216 3631 284 3683 sit
310 3631 570 3697 Filius,et
590 3649 733 3688 unus
754 3635 1022 3692 Christus.
1047 3636 1151 3691 Sed
1173 3639 1287 3697 sive
1308 3638 1652 3704 Trinitatem,
1675 3640 1792 3695 sive

216 3721 380 3774 Deum
406 3723 651 3778 Verbum
682 3725 857 3781 inesse
873 3727 1078 3782 dixeris
1097 3728 1319 3784 Christo
1334 3771 1349 3795 ,
1369 3730 1794 3799 quaternitatem

218 3812 459 3879 omnino,
485 3830 604 3868 non
628 3815 932 3871 trinitatem
957 3820 1255 3887 praedicare
1286 3821 1650 3876 convinceris.
1700 3896 1702 3899 .

287 3902 348 3955 N.
378 3903 631 3970 Quonam
659 3906 821 3961 modo
846 3947 860 3972 ,
882 3909 997 3963 sive
1020 3910 1188 3963 Deum
1214 3909 1452 3965 Verbum
1496 3909 1553 3964 in
1578 3909 1798 3966 Christo

148 4013 160 4026 -
223 3991 638 4072 inessedixero,
665 3999 1117 4066 quaternitatem,
1148 4017 1257 4056 non
1281 4002 1628 4068 Trinitatem,
1658 4016 1798 4072 prat-

221 4071 399 4138 dicare
427 4087 735 4140 convincor
759 4088 784 4140 ἲ

281 4170 343 4226 C.
362 4172 499 4239 Quia
523 4175 772 4231 Trinitas
793 4178 970 4244 Pater,
994 4189 1051 4235 et
1088 4183 1276 4249 Filius,
1301 4193 1358 4240 et
1409 4185 1647 4257 Spiritus
1677 4207 1796 4248 san-

218 4272 334 4317 ctus
363 4273 479 4328 est,
503 4268 651 4320 sicut
669 4269 924 4338 superius
947 4272 1058 4341 jam
1079 4274 1347 4342 diximus;
1366 4278 1460 4346 qui
1485 4281 1529 4333 si
1567 4280 1621 4335 in
1641 4281 1801 4337 Chri-

1826 3132 1869 3189 C

121 4416 132 4427 .
220 4362 301 4406 sto
340 4356 658 4411 inhabitant
701 4397 715 4422 ,
781 4370 1009 4428 quartus
1071 4363 1408 4435 intelligetur
1464 4369 1585 4424 sine
1637 4371 1807 4427 dubio

218 4444 489 4511 Christus,
523 4449 581 4503 in
604 4464 715 4517 quo
747 4450 960 4507 habitat
983 4453 1241 4510 Trinitas.
1298 4456 1507 4512 Rursus
1531 4476 1544 4511 :
1568 4459 1625 4513 Si
1655 4460 1798 4516 inest
1830 4476 1872 4530 υ

222 4534 271 4587 in
295 4535 514 4593 Christo
545 4539 697 4593 Deus
723 4538 912 4604 Filius,
954 4557 1064 4596 non
1086 4543 1197 4612 jam
1230 4544 1346 4614 ipse
1370 4555 1455 4601 est
1482 4545 1738 4602 Christus
1767 4566 1783 4615 ;

220 4634 272 4679 et
290 4628 332 4681 si
366 4629 480 4698 ipse
516 4646 633 4683 non
659 4639 741 4685 est
757 4630 1008 4687 Christus
1028 4673 1041 4697 ,
1067 4634 1178 4689 duo
1203 4646 1339 4691 sunt.
1373 4639 1620 4706 omnino,
1646 4641 1793 4696 Deus

222 4717 382 4774 Filius
408 4720 742 4776 etChristus
771 4722 824 4776 in
847 4738 957 4792 quo
978 4717 1247 4780 inhabitat
1273 4745 1287 4780 :
1314 4729 1564 4797 quamvis
1601 4730 1797 4787 callide

222 4806 282 4859 ad
322 4808 690 4880 decipiendos
732 4811 1006 4881 simplices
1035 4830 1203 4869 unum
1241 4832 1338 4871 eos
1370 4832 1491 4873 esse
1512 4835 1804 4889 argumen-

224 4900 365 4953 taris.
395 4890 698 4971 Apostolus
722 4918 958 4973 namque
986 4908 1240 4975 superius
1264 4907 1453 4963 docuit
1506 4911 1676 4965 Deum
1698 4913 1804 4967 Pa-

225 4994 372 5055 trem,
403 5009 514 5048 non
549 4995 723 5049 Deum
751 4995 946 5051 Filium
976 5039 990 5060 ,
1040 4999 1216 5054 inesse
1270 5000 1510 5067 Christo,
1542 5006 1807 5061 mundum

228 5080 325 5133 sibi
359 5086 848 5153 reconciliantem;
880 5088 1120 5158 denique
1144 5091 1223 5145 ait
1261 5109 1272 5144 :
1314 5090 1371 5146 Si
1393 5110 1498 5162 qua
1523 5097 1579 5147 in
1604 5094 1809 5151 Christo

152 5186 156 5189 ‘
229 5189 351 5227 nova
382 5185 635 5231 creatura
664 5218 680 5240 ,
714 5186 889 5233 vetera
913 5182 1260 5234 transierunt.
1332 5181 1465 5236 Ecce
1486 5185 1630 5253 facta
1683 5195 1808 5238 sunt

226 5268 393 5320 omnia
424 5272 564 5323 nova‘
588 5270 656 5324 ³⁷.
679 5270 872 5325 Omnia
897 5281 1077 5328 autem
1103 5289 1200 5342 per
1225 5275 1417 5339 Deum,
1446 5275 1537 5344 qui
1564 5277 1810 5330 reconci-

226 5354 373 5410 liavit
405 5374 510 5413 nos
534 5361 646 5415 sibi
672 5376 769 5430 per
794 5362 1103 5418 Christum.
1140 5365 1295 5430 Quod
1323 5365 1367 5419 si
1390 5365 1613 5420 videtur
1629 5366 1809 5421 adhuc

228 5449 447 5507 dubium
468 5496 483 5520 ,
515 5471 682 5524 quem
703 5457 873 5511 Deum
906 5458 1054 5512 dicat
1101 5474 1198 5527 per
1220 5459 1506 5515 Christum
1547 5461 1807 5515 mundum

231 5538 326 5593 sibi
363 5544 744 5612 reconciliare,
775 5554 961 5601 utrum
992 5549 1204 5603 Patrem
1225 5566 1292 5604 an
1318 5550 1549 5615 Filium,
1593 5550 1661 5604 ab
1692 5551 1810 5619 ipso

1566 342 1877 405 DI-ALOGI

1434 393 1441 395 .
1566 393 1899 420 --η-νη,
1930 393 2074 409 ..-ω
2106 393 2188 411 μ.

304 437 368 493 C.
394 436 513 493 Non
534 446 622 494 est
648 439 882 505 dubium
924 445 1069 516 apud
1089 463 1192 505 nos
1212 450 1492 508 Christum
1522 455 1576 510 in
1599 456 1814 514 duabus
1841 464 1890 521 Α
1915 462 2144 522 1)οωὶηο
2163 508 2178 533 ,
2205 469 2501 528 doceamur

1930 348 2074 409 LIB.
2106 352 2188 411 II.
3392 376 3494 444 15o

2537 493 2550 529 :
2584 476 2766 547 Pater,
2800 475 3015 554 inquit,
3049 488 3106 543 in
3138 506 3220 545 me
3251 508 3492 562 manens,

1917 553 2027 623 ipse
2057 557 2184 625 facit
2214 577 2375 630 opera
2400 582 2518 621 sua.

1942 650 1945 653 ’
2085 648 2200 704 Una
2220 662 2276 706 et
2301 658 2527 724 aequalis
2555 701 2568 725 ,
2600 674 2669 716 an
2705 663 2920 722 diversa
2952 679 3038 726 est
3056 674 3233 730 virtus
3281 683 3338 733 et
3361 692 3495 749 opes

1916 735 2056 789 ratio
2082 738 2367 799 Trinitatis
2394 747 2419 799 ἲ

1985 823 2044 879 C.
2081 828 2196 883 Una
2237 847 2481 901 prorsus.

1983 913 2047 967 N.
2088 918 2346 978 Universa
2375 942 2505 999 ergo
2542 947 2663 1001 quae
2701 945 2959 993 creantur
2997 956 3028 996 a
3068 952 3178 1000 tota
3224 947 3491 1008 Trinitate

1915 1017 2173 1065 creantur
2198 1030 2210 1064 :
2253 1031 2319 1071 an
2343 1018 2439 1073 tibi
2479 1023 2583 1078 hoc
2606 1042 2714 1081 non
2744 1029 3004 1086 videtur?

1983 1098 2045 1153 C.
2073 1100 2267 1160 Omnia
2293 1123 2414 1178 quae
2449 1112 2580 1167 facit
2610 1116 2789 1185 Pater,
2823 1120 2938 1176 haec
2996 1124 3186 1180 eadem
3238 1128 3489 1189 similiter

1914 1196 1969 1279 et
1989 1189 2158 1279 Filius
2184 1194 2342 1260 facit;
2378 1216 2483 1256 nec
2514 1205 2633 1260 sine
2654 1206 2863 1277 Spiritu
2886 1224 3076 1271 sancto
3109 1217 3269 1274 Pater
3306 1229 3362 1277 et
3394 1222 3488 1279 Fi-

1914 1276 2022 1335 lius
2046 1283 2252 1354 aliquid
2280 1289 2505 1348 faciunt.

2522 1406 2671 1463 CAP.
2712 1410 2914 1472 XVIIL

1982 1507 2048 1562 N.
2079 1509 2250 1567 Omne
2280 1518 2510 1573 mortale
2569 1532 2813 1579 creatura
2844 1526 3449 1592 dicisanincreatum?

1982 1598 2043 1653 C.
2080 1601 2314 1659 Omnino
2348 1618 2611 1666 creatum.

1981 1691 2048 1745 N.
2091 1690 2145 1747 Si
2175 1686 2305 1765 ergo
2328 1714 2490 1755 omne
2523 1703 2669 1772 quod
2700 1707 2933 1763 moritur
2979 1721 3241 1768 creatura
3255 1710 3364 1782 est,
3387 1730 3487 1771 er-

1913 1795 1979 1851 go
2016 1791 2072 1836 et
2094 1782 2346 1843 Christus
2369 1806 2467 1859 pro
2503 1797 2706 1852 nostris
2737 1802 2977 1868 peccatis
3015 1813 3267 1861 mortuus
3293 1847 3308 1871 ,
3337 1822 3492 1863 crea-

1910 1880 2029 1928 tura
2057 1883 2160 1930 est.
2193 1878 2260 1933 Et
2290 1880 2419 1949 quia
2442 1885 2590 1941 nulla
2621 1897 2705 1944 est
2723 1903 2975 1948 creatura
3022 1910 3189 1965 quam
3228 1913 3341 1953 non
3365 1898 3491 1953 Tria

1905 1963 2049 2017 nitas
2080 1977 2339 2056 operetur
2358 2011 2372 2036 ,
2409 1974 2656 2042 profecto
2690 1978 2963 2047 Christus,
2991 1963 3155 2054 quem
3174 2002 3273 2056 pro
3289 1989 3492 2043 nostris

1904 2054 2143 2120 peccatis
2170 2068 2444 2116 mortuum
2470 2065 2813 2135 credimus,a
2835 2078 2945 2127 tota
2979 2054 3246 2133 Trinitate
3269 2087 3492 2135 creatus

1904 2147 2006 2204 est,
2031 2150 2085 2195 et
2109 2147 2466 2205 resuscitatus
2487 2167 2518 2206 a
2538 2155 2788 2222 mortuis,
2812 2161 2942 2228 quia
2966 2175 3085 2216 ‘una
3115 2173 3199 2219 est
3239 2165 3414 2222 virtus
3433 2174 3491 2222 et

1904 2234 2147 2299 operatio
2176 2233 2478 2295 Trinitatis.
2511 2242 2667 2309 Quod
2698 2247 2741 2301 si
2764 2263 2873 2302 non
2897 2258 2983 2305 est
3025 2254 3363 2309 contrarium
3390 2271 3491 2312 ve-

1905 2322 2076 2386 ritati,
2105 2323 2385 2382 Christum
2421 2342 2663 2388 creatum
2689 2344 2745 2390 et
2769 2340 3153 2396 resuscitatum
3174 2383 3187 2406 ,
3243 2345 3492 2399 sicutra-

1905 2410 1982 2464 tio
2007 2413 2231 2480 docuit,
2258 2432 2287 2470 a
2328 2427 2439 2474 tota
2472 2424 2698 2480 credere
2720 2424 2994 2483 Trinitate
3021 2470 3036 2495 ,
3096 2447 3197 2488 nec
3232 2433 3338 2488 hoc
3382 2436 3491 2490 erit

1905 2508 2239 2561 contrariqu
2280 2512 2536 2579 veritati,
2591 2522 2761 2572 totam
2823 2519 3144 2577 Trinitatem
3196 2526 3402 2594 pariter
3433 2528 3489 2582 in

1903 2594 2124 2652 Christo
2154 2598 2463 2658 inhabitare
2498 2645 2513 2670 ,
2541 2621 2703 2676 quem
2730 2608 2852 2665 sine
2879 2611 3049 2668 dubio
3078 2616 3426 2693 resuscitavit
3458 2634 3490 2673 ιι

1912 2688 2169 2743 mortuis.
2516 2690 2529 2703 “

1973 2774 2035 2831 C.
2069 2776 2239 2849 Impia
2284 2784 2508 2839 omnino
2529 2794 2585 2841 et
2612 2788 2871 2861 sacrilega
2907 2832 2922 2856 ,
2954 2800 3119 2863 atque
3150 2792 3484 2851 Arianorum

1903 2865 2259 2936 blasphemiis
2280 2871 2397 2928 haec
2425 2877 2654 2933 assertio
2677 2883 3006 2950 coaequanda
3027 2892 3131 2949 est,
3159 2900 3280 2954 qua:
3320 2885 3495 2941 Chri-

1906 2962 2049 3007 stum
2074 2971 2186 3011 non
2214 2958 2386 3013 Deum
2409 2962 2694 3033 praedicat,
2719 2968 2816 3022 sed
2836 2980 3170 3027 creaturam.
3193 2973 3305 3028 Nec
3319 2974 3490 3039 enim,

1908 3055 1967 3101 ut
1994 3046 2159 3117 impie
2179 3062 2590 3120 argumentatus
2612 3058 2986 3122 es,Christum
3013 3078 3113 3133 pro
3135 3065 3341 3119 nostris
3366 3080 3490 3134 pee-

1902 3139 2038 3193 catis
2060 3148 2336 3196 mortuum
2369 3151 2478 3198 tota
2504 3154 2653 3200 creat
2680 3156 2735 3202 et
2755 3151 3045 3207 resuscitat
3070 3153 3312 3209 Trinitas
3332 3172 3345 3208 :
3363 3171 3489 3210 cum

1887 3229 2140 3286 Christus
2173 3241 2427 3290 mortuus
2453 3223 2814 3308 pro'peccatis
2838 3243 3044 3296 nostris
3063 3259 3171 3298 non
3191 3255 3488 3301 extraneas

1890 3329 1983 3375 aut
2001 3322 2230 3389 alienus,
2251 3324 2345 3379 sed
2366 3341 2509 3382 unus
2525 3343 2591 3382 ex
2610 3329 2723 3398 ipsa
2747 3329 3012 3388 Trinitate
3031 3333 3491 3405 sit.Creaturqui-
3558 3348 3569 3358 '

1892 3410 2015 3465 dem
2038 3419 2094 3465 et
2124 3413 2483 3469 resuscitatur
2515 3431 2545 3469 a
2569 3424 2680 3471 tota
2732 3418 3021 3485 Trinitate,
3065 3438 3176 3476 non
3207 3422 3483 3490 Christus,

1894 3500 1987 3554 sed
2013 3515 2144 3555 caro
2166 3500 2283 3557 sine
2311 3502 2479 3558 dubio
2507 3503 2743 3560 Christi:
2780 3514 2836 3559 et
2857 3509 2986 3576 quia
3031 3524 3158 3563 caro
3189 3525 3299 3564 non
3345 3509 3489 3564 alte-

1897 3590 2031 3658 rius,
2057 3592 2150 3646 sed
2174 3593 2347 3661 ipsius
2369 3602 2451 3649 est
2471 3595 2697 3659 Christi,
2723 3606 2873 3651 creat
2905 3600 3272 3654 etresuscitat
3320 3600 3484 3655 Chri-

1898 3689 2017 3735 stus
2063 3682 2417 3751 semetipsum
2483 3686 2787 3739 secundum
2833 3703 3053 3743 carnem
3090 3704 3214 3744 cum
3242 3690 3402 3746 Patre
3430 3701 3487 3747 et

1902 3770 2107 3840 Spiritu
2141 3783 2329 3827 sancto
2357 3790 2371 3837 ;
2404 3790 2531 3828 nam
2562 3786 2617 3831 et
2637 3777 2931 3847 Apostolus
2976 3796 3083 3835 non
3115 3797 3145 3837 a
3193 3783 3483 3847 Trinitate.

1903 3860 2000 3915 sed
2033 3876 2062 3915 a
2087 3861 2248 3916 Patre
2285 3864 2668 3929 resuscitatum
2704 3867 2983 3924 Christum
3009 3870 3085 3925 ita
3110 3879 3364 3939 testatur,
3399 3875 3487 3929 di-

1904 3962 2037 4003 cens
2072 3965 2085 4001 :
2120 3948 2320 4005 Paulus
2351 3953 2618 4023 apostolus
2640 3995 2659 4020 ,
2704 3973 2810 4012 non
2859 3959 2922 4012 ab
2958 3961 3277 4028 hominibus,
3322 3981 3488 4034 neque

1908 4055 2000 4109 per
2026 4041 2307 4106 hominem,
2336 4045 2428 4097 sed
2455 4061 2548 4114 per
2562 4045 2746 4101 Iesum
2786 4048 3053 4104 Christum
3104 4061 3152 4104 et
3191 4052 3354 4106 Deum
3376 4053 3487 4108 Pa-

1910 4139 2062 4197 trem,
2089 4136 2179 4204 qui
2198 4139 2467 4190 suscitavit
2496 4154 2615 4192 eum
2639 4158 2671 4193 a
2706 4143 2932 4195 mortuis
2950 4143 3016 4197 ³⁸.
3046 4143 3158 4198 Nec
3187 4145 3336 4198 enim
3358 4147 3488 4216 quia

1911 4223 2048 4278 dixit
2087 4241 2100 4277 :
2154 4224 2271 4279 Non
2299 4226 2363 4279 ab
2387 4229 2712 4295 hominibus,
2765 4247 2932 4301 neque
2969 4249 3062 4302 per
3081 4234 3365 4299 hominem,
3396 4237 3489 4290 sed

1914 4331 2003 4385 per
2049 4314 2230 4369 Iesum
2292 4314 2554 4379 Christum
2608 4361 2622 4385 ,
2656 4321 2825 4375 Deum
2869 4336 2997 4376 eum
3043 4325 3440 4380 tantummodo
3472 4368 3486 4390 ,

1917 4423 2024 4461 non
2046 4416 2103 4462 et
2125 4408 2401 4463 hominem
2444 4410 2763 4478 praedicavit
2795 4453 2811 4478 ,
2840 4414 3088 4469 scribens
3107 4414 3317 4470 Calatis
3344 4456 3360 4480 ,
3391 4419 3487 4486 qui

1901 4497 2117 4553 fuerant
2143 4515 2172 4553 a
2201 4499 2513 4555 Iudaeorum
2545 4504 3021 4575 pseudoapostolis
3042 4582 3047 4587 μ
3070 4520 3212 4576 pene
3239 4507 3484 4578 decepti.

1895 4588 2171 4656 sapienter
2202 4604 2513 4645 sermonem
2559 4599 2858 4663 temperat,
2889 4603 2948 4648 ut
2976 4610 3078 4651 nec
3126 4597 3297 4652 Deum
3327 4614 3480 4652 mor-

1896 4684 2051 4731 tuum
2084 4693 2113 4732 a
2148 4679 2257 4733 Deo
2284 4680 2442 4735 Patre
2460 4683 2843 4738 resuscitatum
2897 4686 3188 4743 audientes
3250 4690 3486 4745 scanda-

1901 4767 2220 4835 lizarentur,
2252 4769 2390 4825 duos
2433 4770 2537 4826 sibi
2559 4772 2692 4828 deos
2743 4775 3079 4835 aestimantes
3102 4778 3172 4836 ab
3225 4779 3489 4850 Apostolo

1906 4857 2193 4926 prmdicari
2211 4898 2224 4921 ,
2243 4874 2345 4913 nec
2362 4876 2556 4928 purum
2582 4863 2858 4919 hominem
2882 4867 3175 4927 crederent
3203 4868 3486 4928 Christum

1911 4963 1941 5001 a
1974 4948 2205 5005 mortuis
2225 4949 2543 5005 suscitatum
2564 4991 2580 5005 .

2554 5089 2705 5147 CAP.
2735 5092 2879 5151 XIX.
3512 5150 3566 5197 ﬂ

1986 5196 2052 5250 N.
2077 5196 2214 5251 Cum
2240 5198 2391 5253 velut
2426 5199 2649 5270 impiam
2672 5209 2729 5258 et
2760 5203 3083 5260 Arianorum
3129 5205 3489 5275 blasphemiis

1911 5287 2297 5355 coaequandam
2330 5292 2688 5366 assertionem
2724 5310 2905 5350 meam
2961 5312 3158 5371 arguas
3183 5337 3197 5360 ,
3225 5297 3353 5367 quia
3375 5297 3488 5353 dixi

1903 5384 2215 5429 creaturam
2269 5363 2551 5434 Christum
2612 5421 2627 5446 ,
2677 5384 2772 5452 qui
2832 5398 2933 5453 pro
3008 5363 3484 5456 nostris—pecca-

1913 5465 1983 5518 tis
2017 5474 2101 5518 est
2126 5478 2381 5524 mortuus
2403 5511 2418 5533 ,
2451 5471 2582 5541 quia
2611 5473 2791 5528 omnis
2827 5474 3016 5544 utique
3049 5484 3306 5531 creatura
3339 5493 3488 5532 mor-

1914 5552 2076 5613 talis,
2139 5555 2445 5613 immortale
2504 5568 2688 5614 autem
2721 5567 2812 5615 est
2843 5560 2989 5631 quod
3041 5561 3352 5619 incrcatum
3402 5572 3486 5619 est

300 5696 339 5724 "
362 5697 404 5752 Il
431 5700 563 5754 Car.
589 5717 642 5764 v,
676 5700 754 5753 l9.
832 5702 872 5733 ³⁶
895 5702 1102 5757 Coloss.
1128 5703 1270 5769 ",9.
1334 5705 1374 5737 ³⁷
1399 5705 1449 5761 II,
1471 5706 1595 5760 Cor.
1618 5722 1669 5772 γ,
1700 5705 1780 5760 l7.

1933 5706 2113 5765 (inlati.
2144 5707 2264 5781 1,,1.
