3984 6296
543 342 639 408 Η
703 403 716 414 .

1801 337 2108 398 JOANNIS

2217 338 2555 400 AXENTII-
3646 316 3654 326 ’
3693 341 3783 406 15Ξ

538 470 594 515 et
624 456 1048 531 quaternitatem
1080 456 1381 530 pradicare
1415 470 1486 510 ne
1529 453 1772 510 astimes
1801 493 1816 517 ,
1847 469 1916 508 eo
1974 452 2121 522 quod
2152 457 2200 514 Δ
2231 457 2283 510 in
2317 471 2570 520 niiniero,
2603 475 2712 514 non
2747 458 2925 514 solum
2959 459 3264 515 secundum
3297 471 3578 528 personas.
3604 471 3782 514 verum

539 553 654 608 dixi
705 553 958 608 eumdem
1011 550 1293 607 Christum
1325 565 1357 603 a
1379 556 1494 604 tota
1519 547 1790 602 Trinitate
1826 552 2074 600 creatum
2099 584 2114 609 ,

537 653 596 701 et
617 661 648 700 a
669 643 903 699 mortuis
941 641 1332 700 resuscitatum
1365 657 1382 694 :
1417 646 1474 694 tu
1508 637 1736 693 omnino
1779 637 1933 707 juxta
1957 633 2118 689 Aria-

535 750 640 790 nos
659 734 994 790 llomousion
1017 731 1266 788 dividere
1285 771 1298 795 ,
1327 737 1385 786 et
1421 728 1846 800 quateruitatem
1869 740 1972 795 pro
1994 724 2118 780 Tri-

533 826 706 881 nitate
738 825 1042 896 praedicare
1065 838 1126 879 es
1153 821 1550 892 deprehensus.

605 914 667 971 (ἶ.
701 915 1026 986 Quanquam
1076 913 1330 984 imperite
1357 913 1524 968 nimis
1554 925 1776 967 omnem
1803 913 2118 966 creaturam

536 1008 826 1062 mortalem
855 1020 976 1061 esse
1011 1005 1240 1060 deﬁnias
1265 1045 1280 1068 ,
1306 1003 1403 1058 ubi
1435 1013 1619 1062 tamen
1661 1015 1746 1056 me
1779 999 2120 1055 Homousion

499 1146 505 1152 .
537 1096 811 1161 dividere,
845 1105 941 1150 aut
979 1093 1406 1165 quaternitatcm
1436 1107 1536 1164 pro
1592 1091 1866 1146 Trinitate
1922 1087 2121 1158 pradi-

538 1203 666 1242 care
700 1187 955 1258 coarguis
981 1188 1006 1240 ?

2221 551 2386 605 etiam
2415 549 2722 606 secundum
2752 560 3008 606 naturam
3033 548 3280 606 Trinitas
3302 549 3706 604 numerabitur.
3727 547 3785 604 Et

2219 643 2370 714 quia,
2399 651 2461 697 ut
2490 642 2650 707 dicis,
2677 645 2859 700 omnis
2889 659 3158 700 numerus
3179 643 3235 698 in
3266 642 3600 696 divisionem
3632 639 3784 701 cadit.

2222 750 2252 789 a
2289 743 2340 788 te
2376 734 2582 804 potius,
2613 751 2723 791 non
2760 751 2788 790 ι
2821 735 2987 790 nobis
3017 735 3358 790 Homousion
3387 732 3678 792 dividitur.
3705 735 3786 804 qui

2221 839 2394 878 unum
2428 825 2612 879 credis
2641 827 2803 895 posse
2833 826 2918 882 vel
2949 813 3238 881 numerari
3264 825 3353 880 vel
3384 825 3578 880 dividi.
3615 823 3717 879 Sed
3747 825 3786 879 si

2221 925 2432 979 Unum,
2475 914 2624 984 quod
2674 910 2978 984 perfectum
3027 923 3113 971 est
3159 925 3217 972 et
3264 914 3647 979 individuum,
3690 929 3785 969 non

2215 1011 2405 1072 potest
2443 1004 2499 1058 in
2533 1004 2868 1060 divisionem
2911 1005 3130 1060 numeri
3174 1006 3356 1075 aliqua
3395 1004 3610 1059 ratione
3647 1018 3787 1058 recc-

2219 1091 2388 1156 dere,
2435 1109 2545 1148 non
2601 1094 2904 1150 dividimus
2953 1094 3292 1150 Homousion
3341 1110 3467 1149 cum
3515 1094 3785 1148 Christum

2223 1199 2394 1239 unum
2419 1197 2486 1238 ex
2508 1184 2778 1240 Trinitatc
2803 1201 2925 1241 esse
2950 1186 3224 1242 veraciter
3244 1187 3592 1240 conﬁtemur.
3614 1185 3787 1253 Neque

2219 1277 2368 1330 enim
2410 1277 2595 1332 omnia
2633 1293 2754 1346 qua:
2791 1285 3156 1333 numerantur
3188 1279 3356 1334 etiam
3391 1277 3558 1340 rebus
3593 1276 3786 1346 pariter

610 1279 678 1332 Ν.
709 1278 768 1332 1η
797 1293 862 1332 eo
892 1293 1016 1332 cum
1049 1277 1188 1332 dicis
1217 1291 1388 1331 unum
1418 1293 1486 1331 ex
1512 1275 1804 1356 Trinitate.

610 1370 672 1424 C.
699 1371 841 1424 Doce
865 1384 1016 1440 ergo,
1039 1384 1245 1439 quaeso,
1269 1367 1734 1438 quemadmodum
1759 1366 1878 1422 haec
1907 1365 2117 1428 dicens,
2217 1365 2568 1432 dividuntur,
2595 1368 2850 1436 quamvis
2877 1369 3066 1423 omnia
3100 1383 3224 1439 quae
3256 1367 3583 1423 dividuntur
3611 1365 3829 1483 rebus...

610 1460 866 1483 ..2-2-_.__
901 1461 1142 1483 :__-_-_.
1178 1459 1430 1483 ’νηὶ-εικῆ
1481 1459 1566 1483 -.-1
1604 1457 2026 1483 ηιιΔίΑ--εζίιιΙΑ-ιυκ
2063 1456 2116 1483 Ξ..
2221 1456 2382 1483 ..ξ-...1
2427 1458 2589 1483 λιι-..
2633 1469 2994 1483 ---μμ--..ιη-
3047 1459 3415 1483 ιτ--..-..-...---
3458 1458 3604 1483 -..Σ-υ.
3677 1473 3780 1483 -..μ

542 1460 868 1516 divisionem
901 1461 1144 1530 ingeram
1178 1459 1454 1522 Trinitati,
1481 1459 1569 1513 vel
1602 1457 2030 1527 quaternitatem
2063 1456 2118 1510 in
2220 1456 2384 1512 simul
2423 1458 2590 1512 etiam
2630 1469 3014 1514 numerentur.
3047 1459 3417 1514 Numeramus
3455 1458 3640 1522 enim,
3673 1456 3792 1548 cum;

544 1551 933 1626 praedicatione
959 1546 1248 1606 Trinitatis
1277 1551 1554 1606 inducam.
2219 1546 2458 1604 dicimus
2495 1549 2634 1604 duas
2670 1549 2938 1605 ellieacias
2977 1550 3110 1616 soli,
3147 1549 3498 1620 spientiorcm
3541 1546 3790 1620 videlicet;

566 1692 576 1700 ,
614 1641 679 1694 N.
709 1640 904 1695 Omnia
945 1655 1066 1710 qua:
1102 1641 1292 1695 insunt
1329 1639 1508 1705 factis,
1533 1638 1751 1695 infectis
1791 1637 1972 1693 inesse
2005 1651 2118 1691 non
2215 1645 2277 1692 et
2297 1639 2560 1700 calorem.
2587 1655 2689 1694 nec
2717 1650 2899 1696 tamen
2914 1633 3019 1696 cas
3043 1641 3366 1704 dividimus,
3394 1641 3524 1710 quia
3557 1627 3803 1714 tantum-7

543 1737 792 1798 possunt.
823 1727 1030 1784 infecta
1073 1744 1208 1784 vero
1248 1735 1333 1784 est
1373 1727 1636 1794 Trinitas,
1667 1738 1742 1795 et,
1768 1737 1828 1782 ut
1866 1727 2114 1783 omittam
2149 1785 2188 1800 η
2219 1725 2384 1781 modo
2423 1741 2521 1782 eas
2565 1728 2877 1798 cognitione
2921 1730 3282 1800 percipimus.
3325 1730 3594 1786 Similiter
3634 1730 3782 1784 etiam

544 1818 926 1884 ra:tera,im:st
956 1817 1114 1874 factis
1147 1817 1313 1874 etiam
1347 1833 1632 1884 numerus,
1661 1818 1716 1872 in
1749 1832 1982 1872 numero
2014 1831 2115 1872 au-
2139 1785 2189 1840 ’Β
2217 1831 2596 1882 numeramus.
2625 1834 2751 1874 cum
2783 1819 3020 1876 dicimus
3049 1821 3336 1878 Christum
3371 1823 3662 1877 Dominum
3693 1835 3781 1874 no-

543 1919 652 1961 tmn
682 1908 819 1963 ordo
841 1916 925 1964 est
949 1907 1110 1978 primi
1137 1916 1194 1963 et
1217 1907 1466 1972 secundi,
1493 1909 1547 1964 in
1576 1907 1770 1964 ordine
1792 1924 1923 1964 vero
1948 1909 2119 1980 majo-
2218 1915 2392 1963 strum
2423 1911 2480 1964 in
2505 1909 2722 1966 duabus
2745 1914 2962 1968 naturis
2989 1913 3182 1979 unitis,
3207 1914 3303 1972 sed
3336 1930 3445 1968 non
3474 1915 3602 1969 ideo
3632 1912 3781 1968 rebus

541 2000 618 2054 ris
640 1999 981 2070 minorisque
1005 1999 1252 2070 gradatio
1279 2008 1458 2071 potest
1482 2000 1732 2055 accidere
1757 2000 2035 2066 Trinitati,
2061 2009 2118 2056 et
2215 1998 2438 2054 easdem
2462 2005 2688 2056 naturas
2711 2000 3036 2069 dividimus,
3057 2019 3196 2074 quas
3223 2001 3338 2058 sola
3368 2012 3582 2061 tantum
3612 2002 3781 2072 cogni-

537 2107 602 2146 ca
641 2091 853 2146 ratione
883 2107 989 2161 qua
1024 2090 1076 2147 ci
1111 2105 1220 2146 non
1255 2091 1462 2154 Insunt,
1487 2107 1609 2161 qua:
1642 2091 1832 2146 insunt
1859 2106 2112 2155 numero,
2216 2089 2367 2145 tione
2409 2089 2798 2147 discernimus.
2841 2093 3170 2150 Trinitatem
3225 2103 3408 2148 autem
3430 2135 3445 2159 ,
3489 2095 3636 2149 sicut
3684 2095 3778 2163 jam

536 2199 640 2240 nec
670 2199 938 2239 numerus
971 2183 1115 2239 inest
1144 2183 1222 2238 ei.
1247 2183 1596 2254 Quapropter
1627 2199 1737 2238 non
1771 2191 1857 2238 est
1887 2182 2114 2238 omnino
2215 2183 2472 2252 superius
2501 2183 2710 2239 dictum
2737 2194 2843 2250 est,
2875 2186 3181 2240 secundum
3211 2199 3476 2255 personas
3503 2192 3559 2238 et
3589 2184 3781 2238 discer-

534 2276 755 2330 veritati
785 2291 1112 2346 congruum,
1141 2291 1310 2329 unum
1345 2292 1413 2329 ex
1442 2275 1710 2329 Trinitate
1741 2275 1926 2329 dicere
1954 2273 2116 2328 Chri-
2215 2271 2399 2325 nimus
2420 2281 2476 2326 et
2497 2287 2872 2337 numeramus,
2894 2291 3058 2343 quam
3091 2283 3272 2329 tamen
3300 2275 3610 2330 secundum
3636 2282 3780 2328 natu-

535 2373 705 2430 stum,
729 2365 857 2436 quia
887 2382 1074 2428 unum,
1100 2365 1314 2420 numeri
1345 2373 1558 2420 constat
1581 2381 1704 2420 esse
1731 2365 2058 2419 vocabulum
2095 2383 2108 2418 :

536 2465 594 2510 et
630 2457 760 2525 quia
799 2457 980 2511 omnis
1019 2471 1286 2511 numerus
1325 2457 1378 2511 in
1419 2456 1691 2512 divisione
1732 2465 1836 2523 est,
1866 2456 2114 2512 dividere

536 2554 623 2599 est
661 2543 1029 2610 liomousion,
1065 2559 1236 2598 unum
1282 2545 1469 2600 dicere
1511 2561 1577 2599 ex
1616 2543 1913 2608 Trinitate,
1948 2561 2110 2615 quam

538 2645 757 2692 constat
799 2637 856 2691 in
892 2637 1126 2702 unitate,
1162 2651 1271 2691 non
1315 2636 1371 2692 in
1406 2635 1678 2692 divisione
1717 2636 2038 2691 subsistere.

606 2727 668 2783 C.
717 2727 900 2783 Multis
953 2737 1010 2782 et
1060 2727 1350 2798 superﬂuis
1401 2727 1920 2783 ratiocinationibus
1971 2727 2111 2782 nihil

535 2831 768 2888 prorsus
809 2817 1002 2888 egisti,
1037 2817 1146 2872 nisi
1193 2827 1254 2872 ut
1293 2826 1347 2872 te
1387 2825 1511 2886 post
1552 2816 1782 2871 nimium
1826 2815 2108 2882 iaborem,

538 2907 914 2964 Sabelliannm
956 2909 1298 2972 ostenderes,
1330 2907 1425 2978 qui
1461 2906 1604 2962 sicut
1635 2921 1799 2962 unam
1834 2915 2109 2973 naturam,

2212 2377 2370 2424 ram,
2401 2378 2524 2431 quae
2571 2379 2678 2418 una
2727 2374 2784 2419 ct
2825 2364 2943 2419 sols
2986 2373 3100 2430 cst,
3132 2379 3238 2422 nec
3279 2365 3652 2420 discernimus
3693 2378 3780 2418 nec

2215 2467 2570 2507 numeramus
2619 2471 2634 2507 :
2685 2454 2814 2524 quia
2867 2455 3052 2510 unitas
3099 2457 3216 2511 sive
3263 2455 3651 2526 singulm-itas,
3696 2469 3776 2509 seu

2211 2551 2366 2599 certe
2409 2544 2578 2614 (quod
2613 2546 2813 2600 melius
2845 2545 2958 2600 dici
2991 2546 3147 2616 puto)
3183 2546 3316 2602 unio
3347 2546 3662 2601 divinitatis
3692 2559 3782 2598 nec

2213 2635 2572 2698 discernitur,
2603 2651 2707 2691 nec
2747 2645 3093 2692 numeratur.
3125 2637 3340 2692 Dicitur
3373 2651 3505 2706 ergo
3545 2635 3782 2691 Christus

2213 2743 2359 2782 unus
2400 2745 2468 2783 ex
2520 2728 2822 2793 Trinitate,
2855 2737 2913 2784 et
2953 2744 3066 2784 non
3111 2728 3381 2784 dividitur
3426 2728 3780 2788 limnousion,

2212 2820 2341 2890 quia
2378 2804 2830 2874 non-secundum
2865 2819 2923 2875 id
2967 2820 3114 2890 quod
3153 2827 3479 2875 numeratur
3517 2817 3779 2879 Trinitas.

2213 2909 2308 2964 sed
2337 2908 2644 2966 secundum
2673 2909 2728 2964 id
2753 2925 2865 2980 quo
2892 2918 3216 2964 numeratur
3240 2925 3384 2963 unus
3407 2925 3475 2963 ex
3501 2908 3778 2970 Trinitate,

537 3001 620 3056 sic
668 3017 833 3056 unam
883 3010 940 3058 et
987 3001 1354 3058 substantiam
1408 3001 1522 3056 sive
1569 3015 1862 3072 personam
1913 3001 2113 3056 asserit
2207 2999 2470 3056 Christus
2517 3000 2806 3056 asseritur.
2843 3001 3160 3071 Praecipue,
3191 3001 3323 3070 quia
3365 3017 3540 3054 unum
3589 3016 3780 3070 πριιιιδο

537 3091 846 3148 Trinitatis.
871 3093 964 3169 Sic
991 3094 1161 3160 enim,
1185 3101 1246 3148 ut
1276 3101 1333 3147 tu
1363 3093 1466 3154 vis.
1493 3093 1550 3146 in
1581 3093 1730 3147 nulla
1753 3099 1911 3162 parte
1935 3093 2114 3147 aderit
2137 3106 2182 3162 ς
2213 3104 2377 3160 quam
2399 3131 2414 3153 ,
2454 3097 2518 3144 ut
2566 3090 2776 3146 dictum
2826 3099 2942 3156 est,
2985 3099 3276 3160 reputetur
3325 3091 3380 3144 in
3431 3105 3696 3153 numero,
3733 3096 3780 3143 et

537 3199 804 3240 numerus
829 3183 1137 3248 Trinitatis,
1165 3199 1276 3238 non
1303 3185 1415 3254 jam
1447 3181 1714 3249 Trinitas,
1744 3181 1842 3236 sed
1874 3191 2115 3238 tantum-

537 3273 703 3328 modo
743 3273 877 3328 unio
921 3281 1037 3327 tota
1081 3273 1385 3328 secundum
1427 3280 1602 3329 totum
1643 3279 1728 3326 est
1769 3289 1782 3324 :
1821 3278 1878 3325 et
1913 3272 1960 3326 si
1999 3279 2113 3327 tota

538 3363 844 3417 secundum
881 3370 1054 3417 totum
1089 3363 1221 3416 unio
1252 3371 1357 3423 est,
1390 3361 1668 3432 quomodo
1697 3360 1972 3417 Trinitas?
2003 3361 2112 3417 nisi

537 3458 680 3508 torte
721 3453 1040 3508 nominibus
1082 3461 1322 3518 tantum,
1359 3463 1416 3507 et
1459 3467 1568 3506 non
1610 3453 1962 3519 substantiis,
1995 3453 2112 3509 sive

536 3537 1325 3612 personis.Trinitatem,quta
1352 3539 1674 3606 Sabellium,
1689 3541 1828 3596 sicut
1856 3543 2112 3614 superius

536 3630 743 3683 dictum
789 3638 903 3694 est,
943 3628 1108 3706 558
1151 3639 1207 3685 et
1251 3617 1481 3686 Paulum
1530 3631 1944 3688 Samosatenum
1989 3647 2110 3689 esse

535 3719 846 3774 contendis.
879 3719 988 3774 Aut
1019 3720 1066 3774 si
1103 3720 1269 3775 rebus
1301 3717 1372 3774 et'
1393 3719 1714 3776 substantiis
1747 3719 1938 3778 lateris
1975 3721 2108 3776 sub.

537 3807 734 3863 sistere
771 3809 1131 3874 Trinitatem,
1170 3818 1225 3864 et
1267 3811 1435 3864 alium
1477 3809 1616 3865 dicis
1657 3809 1901 3876 Patrem,
1942 3811 2109 3867 alium

535 3896 763 3961 Filium,
795 3897 962 3952 alium
1005 3907 1186 3953 autem
1226 3897 1490 3970 Spiritum
1531 3907 1802 3965 sanctum,
1832 3900 2109 3970 quomodo

535 3987 780 4043 Trinitas
828 4004 937 4043 non
989 3990 1352 4046 numeratur?
1396 4004 1522 4045 nam
1567 3989 1676 4046 hoc
1727 3989 1906 4060 ipsum
1958 3991 2108 4060 quod

534 4073 779 4134 Trinitas
850 4079 1058 4136 dicitur
1097 4119 1112 4144 ,
1167 4081 1388 4136 nonnisi
1458 4097 1749 4137 numerum
1813 4081 2104 4154 significat.

530 4165 866 4222 Numeratur
897 4185 1027 4242 ergo
1057 4169 1330 4237 Trinitas,
1357 4179 1413 4226 et
1444 4187 1554 4227 non
1589 4182 1914 4228 numeratur
1947 4190 1960 4226 :
1995 4189 2106 4228 non

533 4268 854 4316 numeratur
875 4261 1178 4318 secundum
1203 4273 1480 4329 naturam,
1503 4265 1630 4334 quia
1655 4265 1724 4320 de
1749 4280 1813 4320 ea
1838 4267 2106 4335 scriptum

532 4360 617 4404 rst
649 4367 662 4404 :
699 4350 768 4406 Et
795 4352 1068 4422 sapientia:
1099 4354 1212 4422 ejus
1241 4371 1346 4408 non
1377 4363 1452 4408 est
1480 4371 1727 4408 numerus
1749 4354 1814 4420 ”,
1841 4370 2110 4412 numerus

2214 3181 2404 3238 omnia
2449 3198 2572 3252 quae
2615 3182 2900 3239 intellectu
2949 3191 3352 3246 numerantur,
3382 3197 3492 3236 non
3543 3183 3781 3252 protinus

2211 3275 2386 3329 rebus
2431 3275 2598 3328 etiam
2642 3274 2990 3330 dividuntur.
3024 3273 3166 3330 Hinc
3205 3283 3262 3329 et
3304 3274 3509 3328 Paulus
3556 3291 3569 3327 :
3621 3273 3779 3334 Unus.

2212 3363 2418 3432 inquit,
2443 3363 2584 3417 Deus
2617 3363 2802 3428 Pater,
2828 3379 2895 3417 ex
2926 3380 3030 3435 quo
3059 3366 3260 3428 omnia,
3289 3373 3338 3417 et
3369 3380 3506 3417 unus
3541 3363 3780 3419 Dominus

2213 3461 2396 3508 uoster
2414 3453 2568 3508 Iesus
2594 3452 2850 3516 Christus,
2873 3470 2966 3524 per
2986 3471 3142 3525 quem
3167 3456 3345 3508 omnia
3363 3453 3427 3506 “.
3451 3453 3782 3523 Quapropter

2217 3554 2327 3600 tam
2370 3544 2583 3600 ratione
2627 3561 2790 3614 quam
2829 3546 2917 3601 his
2955 3545 3160 3600 divinis
3197 3545 3532 3600 testimoniis
3567 3560 3701 3598 vana
3735 3551 3781 3596 et

2215 3636 2398 3692 inanis
2434 3635 2667 3691 docetur
2699 3637 2789 3691 illa
2835 3646 2927 3692 tua
2966 3637 3157 3692 multis
3196 3635 3530 3708 syllogismis
3567 3637 3781 3691 collecta

2215 3727 2498 3782 conclusio
2518 3767 2533 3788 ,
2555 3743 2680 3796 qua:
2711 3726 2849 3780 dicit
2889 3743 2999 3781 non
3037 3727 3334 3782 convenire
3367 3727 3590 3782 veritati
3626 3741 3779 3780 unum

2214 3832 2282 3872 ex
2308 3815 2578 3871 Trinitate
2607 3815 2792 3871 dicere
2817 3815 3105 3872 Chrissum
3142 3835 3156 3870 :
3191 3817 3324 3886 quia
3355 3831 3550 3880 unum,
3577 3815 3777 3871 numeri

2213 3907 2499 3978 proprium
2537 3918 2640 3975 est,
2675 3923 2938 3963 numerus
2974 3919 3157 3963 autem
3195 3909 3378 3964 omnis
3421 3909 3478 3964 in
3521 3907 3779 3963 divisione

2213 4009 2317 4058 cst.

2845 4090 2998 4147 CAP.
3037 4091 3158 4147 XX.

2283 4183 2349 4239 N.
2374 4182 2651 4252 Quidquid
2679 4198 2747 4238 ex
2777 4182 2960 4252 aliquo
2985 4198 3108 4238 esse
3134 4183 3363 4246 dicitur,
3385 4191 3482 4237 aut
3507 4198 3609 4253 per
3633 4197 3782 4254 gene-

2214 4274 2521 4338 rationem,
2551 4280 2648 4328 aut
2675 4287 2776 4343 per
2805 4273 3246 4343 proccssionem,
3281 4275 3518 4329 alterum
3553 4273 3780 4330 ostendit

2211 4379 2280 4418 ex
2319 4364 2496 4419 altero
2539 4381 2552 4418 :
2598 4379 2697 4434 per
2733 4365 3174 4434 generationem.
3213 4375 3274 4421 ut
3315 4382 3346 4420 a
3390 4367 3552 4422 Patre
3589 4367 3777 4426 Filius,

533 4452 717 4502 t‘ulem
746 4442 1050 4496 secundum
1085 4457 1374 4511 personas,
1405 4444 1536 4514 quia
1565 4452 1678 4500 tres
1711 4459 1960 4514 personae
1987 4445 2110 4500 Tri—
2141 4449 2184 4508 D
2211 4450 2358 4506 Deus
2385 4451 2534 4505 enim
2567 4467 2636 4506 ex
2664 4451 2780 4507 Deo
2804 4451 3013 4508 dicitur
3041 4469 3057 4507 :
3092 4469 3191 4523 per
3215 4455 3631 4523 processionem
3661 4467 3781 4507 vero

536 4532 704 4593 nitas,
730 4533 890 4588 Pater
917 4541 973 4588 et
997 4533 1168 4589 Filius
1195 4544 1251 4590 et
1277 4533 1520 4604 Spiritus
1549 4544 1789 4591 sanctus.
1817 4535 1962 4608 Ergo
1995 4553 2106 4594 non

535 4622 713 4675 solum
739 4621 1034 4692 singularis
1056 4638 1320 4679 numerus
1343 4625 1398 4679 in
1419 4622 1710 4691 Trinitate,
1728 4641 1918 4680 verum
1940 4626 2105 4683 etiam

536 4710 766 4782 pluralis
787 4711 1118 4776 admittitur,
1139 4713 1269 4769 licet
1290 4729 1400 4769 non
1426 4714 1609 4770 omnia
1638 4714 1852 4772 admitti
1879 4726 2104 4788 queant,

538 4815 662 4868 quae
703 4801 891 4858 insunt
925 4818 1178 4859 numero.
1211 4801 1528 4862 Secundum
1565 4806 1832 4876 pluralem
1869 4823 2106 4879 namque

446 4889 470 4948 ἓ,
537 4903 831 4944 numerum
860 4889 1068 4945 dictum
1099 4899 1184 4948 est
1213 4909 1227 4946 :
1260 4892 1538 4948 Faciamus
1571 4894 1831 4950 hominem
1864 4897 1936 4951 ad
1965 4897 2105 4952 ima-

446 4983 478 5046 ς
538 4980 714 5052 ginem
757 4991 808 5035 et
848 4981 1247 5038 similitudinem
1292 4993 1528 5039 nostram
1557 4985 1624 5040 ⁸⁸.
1661 4985 1729 5040 Et
1774 5004 1788 5040 :
1835 4987 2108 5044 Veniemus

539 5089 636 5142 ego
673 5080 724 5126 et
759 5071 941 5137 Pater,
977 5082 1026 5126 et
1065 5076 1390 5130 mansionem
1423 5077 1568 5146 apud
1605 5093 1724 5132 eum
1767 5077 2019 5148 faciemus
2041 5080 2106 5135 ⁸¹.

537 5162 610 5223 Et
643 5179 658 5218 :
686 5162 802 5234 Ego
837 5169 889 5216 et
917 5161 1081 5222 Pater
1107 5179 1273 5219 mium
1301 5180 1484 5220 sumus
1506 5164 1573 5230 ⁸³,
1598 5180 1768 5222 unum
1801 5167 2107 5224 secundum

541 5264 825 5320 naturam,
851 5268 962 5310 non
997 5256 1303 5318 secundum
1338 5271 1621 5334 personas.
1649 5257 1792 5314 Hinc
1842 5258 2108 5316 docemur

539 5362 710 5412 unum
757 5360 871 5401 non
915 5360 1037 5402 esse
1078 5361 1398 5413 numerum,
1435 5349 1687 5418 quamvis
1736 5351 1808 5406 sit
1852 5352 2010 5423 origo
2055 5360 2112 5408 et

538 5435 872 5516 principium
909 5434 1162 5501 numeri,
1193 5437 1342 5506 quod
1379 5437 1618 5494 solidum
1649 5454 1872 5510 semper
1903 5441 2107 5498 indivi-

537 5540 771 5596 sumque
803 5526 1075 5585 subsistit.
1103 5525 1361 5600 Alioquin
1396 5527 1442 5583 si
1479 5544 1648 5583 unum
1675 5545 1704 5586 θ
1737 5539 1790 5586 te
1817 5538 2106 5600 reputetur

2209 4540 2469 4596 similiter
2500 4541 2741 4611 Spiritus
2779 4550 3032 4606 sanctus,
3063 4558 3190 4598 nam
3228 4554 3286 4599 et
3319 4543 3388 4599 de
3423 4559 3491 4600 co
3525 4546 3780 4614 scripturn

2209 4640 2300 4688 est
2342 4651 2356 4688 :
2393 4631 2502 4688 Nos
2543 4641 2722 4687 autem
2760 4650 2866 4688 non
2905 4635 3154 4704 spiritum
3184 4636 3354 4706 hujus
3375 4637 3558 4690 mundi
3587 4636 3780 4705 accepi-

2213 4737 2352 4785 mus,
2375 4721 2467 4776 sed
2491 4723 2739 4792 spiritum
2759 4709 2852 4793 qui
2876 4738 2941 4776 ea:
2963 4722 3072 4776 Deo
3097 4732 3174 4777 est
3193 4723 3258 4778 “.
3282 4722 3440 4790 Quod
3469 4724 3514 4778 si
3537 4723 3784 4780 Christus

2213 4828 2282 4869 ex
2308 4813 2581 4869 Trinitate
2608 4822 2713 4878 est,
2741 4823 2834 4868 aut
2864 4828 2964 4884 per
2991 4814 3409 4884 generationem
3439 4815 3582 4871 alter
3606 4825 3709 4875 est.
3731 4821 3781 4867 et

2213 4911 2300 4960 est
2321 4903 2468 4958 ﬁlius
2489 4904 2775 4960 Trinitatis
2802 4922 2816 4958 :
2843 4914 2940 4960 aut
2963 4921 3063 4975 per
3083 4909 3499 4976 processionem
3526 4907 3666 4962 aiter
3681 4915 3776 4968 est,

2215 4995 2374 5066 quasi
2412 5011 2442 5050 a
2483 4995 2758 5050 Trinitate
2802 4997 3128 5066 procedens.
3167 4996 3234 5052 Et
3270 4999 3422 5068 quod
3465 5015 3567 5053 nos
3605 4999 3778 5052 dicere

2214 5085 2456 5155 putatis,
2497 5100 2598 5141 vos
2644 5094 2902 5155 quartum
2958 5094 3017 5143 et
3065 5097 3389 5145 extraneum
3442 5105 3473 5144 a
3522 5088 3775 5144 Trinitate

2211 5173 2492 5230 Christum
2522 5174 3002 5244 deprehendimini
3031 5176 3357 5246 praedicare,
3383 5177 3632 5232 dicentes
3660 5190 3775 5229 eum

2210 5281 2334 5322 esse
2375 5282 2444 5322 ex
2481 5266 2774 5322 Trinitate.
2810 5267 3161 5338 Quapropter
3198 5285 3372 5324 unum
3422 5268 3475 5323 in
3518 5267 3775 5323 Trinitate

2209 5355 2492 5412 Christum
2545 5355 2737 5421 fateri,
2785 5359 3119 5414 catholicum
3171 5358 3393 5430 judico,
3441 5373 3554 5414 non
3601 5365 3774 5412 autem

2211 5459 2382 5499 unum
2425 5459 2492 5498 ex
2530 5442 2818 5499 Triuitate.

2279 5533 2340 5588 C.
2367 5533 2526 5609 Sicut
2568 5547 2667 5602 per
2703 5535 3118 5604 generationem
3145 5543 3214 5592 .et
3245 5552 3345 5608 per
3375 5534 3774 5607 processioncm

608 5730 650 5768 ³·
676 5729 816 5793 Psai.
843 5747 1011 5800 cxm,
1037 5734 1088 5798 5.
1169 5737 1209 5769 "°
1237 5736 1372 5792 Gen.
1393 5755 1431 5802 ι,
1454 5737 1542 5792 26.
1622 5739 1660 5771 δ’
1681 5739 1834 5796 Joan.
1865 5755 1970 5805 xrv,
1995 5738 2085 5794 23.

2225 5738 2382 5796 Jcan.
2409 5757 2460 5808 κ,
2483 5739 2570 5795 30.
2650 5739 2735 5795 “l
2765 5739 2892 5796 Cor.
2917 5757 3028 5808 vin,
3055 5739 3111 5800 6.
3190 5739 3276 5796 “1
3312 5737 3440 5795 Cor.
3464 5753 3524 5805 n,
3551 5735 3640 5796 ﬂ.
