3984 6296
235 335 346 403 ’153

1530 344 1865 420 DlALOGI,
1908 347 2055 408 LIB.
2092 349 2177 407 II.

3387 355 3485 419 154

234 455 381 509 alter
410 452 722 509 oSteuditur
749 471 818 511 ex
853 456 1047 517 altero,
1080 454 1154 510 ita
1190 462 1245 510 et
1277 470 1375 526 per
1401 456 1810 525 processionem
1838 460 1881 514 Α
1911 458 2144 528 pulatis,
2177 473 2339 513 unam
2378 472 2668 529 personam
2707 459 2908 516 Christi
2942 460 3140 515 factam
3174 477 3295 516 csse
3330 479 3483 520 com-

236 546 433 615 proeul
474 544 642 600 dubio
688 546 830 602 alter
868 546 1100 601 docetur
1137 562 1202 602 ex
1244 547 1451 611 altero,
1483 548 1612 617 quia
1648 555 1706 603 et
1742 548 1811 603 de

237 646 493 691 creatura
536 635 763 705 dicitur,
808 637 994 692 omnia
1038 652 1108 692 ex
1155 637 1287 692 Deo.
1331 637 1674 708 Quapropter
1716 639 1812 708 qui

234 724 516 780 Christum
542 742 573 780 a
592 724 867 784 Trinitate
893 733 1142 781 creatum
1172 736 1229 781 et
1254 728 1639 784 resuSeitatum
1668 744 1815 783 asse-

236 820 390 876 runt,
421 823 682 882 quartum
716 828 845 869 eum
882 814 1170 869 evidenter
1203 823 1523 870 extraneum
1560 831 1591 869 a
1624 815 1810 870 Trini-

237 909 350 956 tate
374 918 474 971 per
492 905 826 959 creationem
852 913 1117 960 statuunt.
1139 904 1293 970 Quod
1318 906 1448 974 quia
1472 913 1529 959 tu
1558 907 1813 975 superius

234 1003 492 1049 astruere
524 1006 756 1051 conatus
789 1010 870 1060 es,
902 996 1032 1050 ideo
1064 995 1157 1050 hic
1188 1011 1287 1065 per
1314 997 1723 1066 generationem
1756 1008 1814 1053 et

234 1087 673 1154 processionem,
703 1089 941 1143 alterum
976 1086 1185 1143 docens
1223 1101 1344 1142 esse
1382 1103 1450 1141 ex
1489 1088 1683 1150 altero,
1715 1103 1813 1158 per

232 1178 573 1232 creationem
600 1179 785 1234 dicere
813 1178 1061 1244 noluisti,
1078 1194 1149 1233 ne
1175 1184 1365 1232 contra
1391 1178 1625 1248 teipsum
1652 1194 1813 1249 agere

234 1267 531 1323 videreris.
563 1268 675 1325 Nos
703 1276 888 1323 autem
919 1283 1099 1338 neque
1128 1284 1227 1343 per
1253 1269 1687 1338 generationem,
1714 1285 1813 1323 ne-

237 1372 351 1427 que
390 1372 489 1429 per
518 1359 951 1429 processionem,
978 1368 1160 1429 neque
1197 1375 1297 1429 per
1328 1361 1683 1423 creationem,
1716 1359 1811 1417 sed

229 1450 390 1519 juxta
418 1454 734 1511 numerum,
756 1446 1045 1502 Christum
1073 1462 1240 1507 unum
1274 1447 1509 1503 fatemur
1538 1462 1605 1502 ex
1633 1448 1814 1503 Trini-

235 1546 372 1600 tate,
402 1539 546 1598 sicut
574 1540 817 1594 solemus
849 1552 1021 1595 unum
1053 1539 1354 1608 quemlibet
1383 1554 1451 1594 ex
1483 1539 1698 1595 duobus
1726 1541 1812 1596 vel

236 1630 418 1685 tribus
464 1631 788 1699 pluribusve
833 1630 1150 1698 specialiter
1200 1630 1615 1696 demonstrare,
1657 1633 1811 1702 juxta

233 1735 401 1790 quem
444 1722 668 1776 modum
708 1734 813 1776 nec
852 1720 1148 1775 diminutio
1190 1720 1278 1787 ﬁt,
1314 1738 1418 1776 nec
1457 1731 1809 1793 augmentum

232 1809 359 1878 ejus
392 1811 642 1875 numeri,
675 1816 797 1880 quo
819 1811 1201 1881 unusquilibet
1229 1811 1547 1880 specialiter
1575 1812 1805 1866 demon-

228 1907 463 1953 stratur.
513 1899 702 1968 Neque
762 1898 910 1953 enim
971 1898 1279 1953 diminutas
1331 1907 1415 1953 est
1464 1899 1551 1954 vel
1616 1909 1808 1954 auctus

228 2007 501 2045 numerus
529 1992 924 2059 apostolorum,
950 2005 1074 2045 cum
1108 1991 1314 2045 dicitur
1339 2009 1352 2045 :
1393 1988 1539 2046 Unus
1568 2006 1632 2045 ea:
1668 1991 1808 2044 vobis

230 2082 413 2135 tradet
453 2081 619 2145 me“,
644 2090 738 2136 aut
773 2082 1013 2151 seipsum
1048 2082 1289 2137 Joannes
1328 2082 1571 2137 alienum
1610 2081 1741 2136 facit
1777 2096 1809 2135 a

226 2172 553 2237 duodecim,
583 2182 681 2226 aut
711 2173 928 2227 tertium
962 2172 1238 2227 decimum
1273 2171 1488 2242 probat,
1516 2187 1641 2226 cum
1674 2170 1810 2226 dicit

226 2263 305 2318 de
333 2264 517 2333 seipso
544 2280 557 2316 :
587 2262 654 2317 Et
675 2272 790 2317 erat
813 2263 1106 2317 recumbens
1136 2280 1275 2317 unus
1305 2279 1369 2318 ea:
1398 2262 1670 2333 discipulis
1693 2261 1807 2331 ejus

132 2374 145 2381 ”
226 2355 290 2408 in
322 2355 441 2408 sinu
468 2353 613 2420 Jesu,
644 2369 798 2425 quem
827 2353 1076 2426 diligebat
1109 2354 1400 2425 plurimum
1418 2354 1494 2419 “;
1532 2362 1627 2407 aut
1656 2360 1805 2407 certe

227 2454 586 2516 augmentum
618 2444 720 2509 ibi;
743 2454 837 2500 aut
864 2444 1161 2503 diminutio
1187 2445 1368 2513 aliqua
1392 2443 1533 2499 facta
1561 2450 1647 2495 est
1670 2441 1808 2495 duo-

229 2550 356 2590 rum
389 2534 784 2606 discipulorum
816 2537 1067 2595 euntium
1101 2535 1160 2590 in
1191 2536 1481 2597 Emmaus,
1508 2548 1633 2587 eum
1663 2532 1807 2586 dici-

196 2662 199 2665 -
230 2636 326 2680 tur
357 2645 369 2679 :
409 2626 475 2680 Et
509 2636 627 2680 erat
660 2643 797 2680 unus
832 2642 895 2680 ea:
928 2625 1035 2680 illis
1079 2624 1342 2696 Cleophas
1362 2626 1429 2678 ⁸⁷.
1461 2622 1807 2693 Quapropter

229 2731 413 2786 neque
452 2724 839 2787 augmentum,
876 2732 1056 2785 neque
1090 2715 1384 2769 diminutio
1418 2712 1478 2767 ﬁt
1512 2712 1801 2778 Trinitati,

229 2807 510 2867 Christum
557 2807 746 2863 dicere
787 2823 959 2862 unum
1004 2822 1070 2861 ex
1110 2805 1407 2868 Trinitate,
1440 2804 1535 2860 sed
1578 2804 1804 2874 speciali

230 2898 609 2967 assignatione
661 2910 833 2951 unum
880 2913 1005 2952 cum
1051 2912 1116 2950 ex
1165 2896 1436 2954 Trinitate
1482 2910 1603 2950 esse
1646 2910 1806 2949 mou-

229 2998 501 3053 strantes,
535 2996 593 3044 et
631 3003 728 3044 eos
767 2988 861 3058 qui
903 2988 1281 3043 confusionem
1323 2987 1804 3045 subsistentiarum

232 3081 564 3177 pmfncam’
597 3080 917 3177 “Bilclmsi
950 3088 1016 3177 cf,
1043 3095 1142 3135 eos
1179 3082 1274 3150 qui
1315 3090 1803 3177 °9m_exmnf’um
1834 3109 1877 3168 C
1908 3080 2056 3169 enim
2088 3129 2197 3169 non
2226 3122 2312 3168 est
2336 3080 2583 3168 Trinitas
2614 3112 2733 3168 sine
2764 3110 3009 3177 Christo,

231 3171 469 3225 credunt
509 3186 577 3224 ex
614 3169 917 3234 Trinitate,
947 3169 1157 3224 alienos
1199 3186 1228 3223 a
1269 3169 1537 3225 catholica
1579 3168 1807 3226 veritate

230 3260 581 3316 declaramus
608 3278 622 3314 :
651 3261 797 3332 quod
826 3261 955 3330 quia
982 3271 1043 3315 tu
1068 3262 1287 3316 veritati
1314 3261 1655 3317 contrarium
1685 3277 1805 3317 esse

225 3351 480 3422 jadicas,
521 3360 617 3406 aut
665 3351 1097 3408 substantiarum
1148 3351 1526 3407 confusionem
1578 3352 1806 3408 credere

228 3442 689 3511 deprehenderis,
712 3452 808 3496 aut
831 3450 1151 3497 extraneum
1180 3456 1209 3496 a
1235 3442 1504 3498 Trinitate
1525 3443 1807 3499 Christum

229 3547 464 3604 prorsus
498 3532 780 3602 intelligis.
804 3533 983 3589 Unum
1016 3542 1198 3586 autem
1237 3532 1291 3586 in
1321 3532 1589 3587 Trinitate
1621 3534 1807 3588 dicere

227 3624 543 3689 Christum,
579 3631 635 3679 ct
678 3639 849 3678 unum
898 3639 1025 3678 eum
1074 3638 1142 3677 ex
1184 3622 1453 3677 Trinitate
1499 3622 1803 3694 denegare,

229 3731 345 3769 non
382 3714 816 3779 Catholicorum,
846 3721 906 3767 ut
938 3715 1161 3777 asseris,
1187 3713 1281 3767 sed
1313 3713 1536 3767 illorum
1568 3723 1655 3768 est
1678 3731 1807 3784 pro-

225 3807 447 3878 prium,
473 3808 567 3876 qui
615 3805 895 3862 Christum
928 3821 959 3860 a
989 3804 1258 3859 Trinitate
1296 3814 1542 3859 creatum
1580 3806 1653 3860 ita
1684 3821 1807 3861 esse

228 3897 470 3951 credunt
502 3897 559 3950 in
593 3895 885 3958 Trinitate,
916 3903 976 3948 ut
1014 3909 1127 3948 non
1166 3893 1238 3949 sit
1274 3893 1343 3947 de
1378 3894 1671 3957 Trinitate,
1701 3895 1807 3950 hoc

228 3999 343 4052 est,
375 4004 482 4042 non
508 4004 634 4042 eum
661 3986 967 4041 secundum
992 4000 1136 4049 esse,
1162 3984 1258 4040 sed
1290 3985 1593 4041 secundum
1627 3986 1807 4041 inesse

228 4086 589 4149 cognoscant.
620 4077 776 4132 Sicut
812 4086 869 4131 et
908 4077 1289 4146 unusquisque
1332 4084 1584 4130 nostrum
1627 4085 1712 4130 est
1752 4077 1806 4130 in

226 4170 533 4234 Trinitate,
561 4169 690 4240 quia
737 4184 881 4223 unus
922 4176 1007 4223 est
1049 4168 1225 4231 Deus,
1255 4168 1310 4220 in
1353 4184 1454 4237 quo
1495 4169 1715 4222 vivimus
1757 4176 1806 4220 et

230 4277 503 4315 movemur
532 4267 583 4313 et
609 4277 790 4313 sumus
812 4257 890 4326 “;
918 4260 1005 4315 vel
1040 4266 1191 4313 certe
1221 4258 1367 4312 sicut
1393 4257 1617 4321 dicitur,
1644 4258 1807 4312 Pater

232 4350 295 4404 in
325 4350 485 4413 Filio,
513 4348 651 4403 alter
674 4349 907 4403 docetur
932 4348 985 4402 in
1015 4348 1193 4403 altero
1221 4365 1233 4399 :
1268 4348 1341 4401 ita
1371 4364 1495 4402 cum
1521 4364 1642 4417 esse
1672 4349 1807 4402 dici—

233 4449 326 4495 tur
354 4438 608 4494 Christus
642 4440 697 4494 in
732 4440 1028 4505 Trinitate,
1060 4439 1203 4495 alius
1242 4448 1441 4508 praeter
1474 4437 1798 4499 Trinitatem
1833 4442 1881 4505 υ

187 4567 203 4601 ς
235 4534 413 4587 inesse
446 4530 770 4601 intelligitur
796 4530 1073 4585 Trinitati.

836 4642 986 4698 CAP.
1029 4643 1167 4699 XXI.

301 4735 370 4791 N.
400 4733 546 4789 Nihil
579 4735 725 4805 quod
759 4744 815 4789 et
845 4735 943 4789 tibi
978 4735 1234 4806 objiciam
1274 4737 1520 4793 occurrit
1554 4737 1803 4801 ulterius,

227 4823 341 4878 nisi
372 4825 499 4893 quia
528 4840 639 4879 non
672 4840 841 4879 unum
875 4839 943 4879 ex
969 4824 1260 4891 Trinitate,
1285 4826 1381 4881 sed
1414 4842 1578 4881 unam
1612 4842 1798 4896 perso-

229 4929 360 4968 nam
397 4914 677 4970 Christum
713 4931 778 4970 ex
813 4914 1083 4970 Trinitate
1123 4916 1320 4972 melius
1356 4916 1596 4971 arbitror
1628 4917 1803 4972 conﬁ-

232 5004 358 5067 teri,
381 5005 656 5074 praicipue
680 5006 810 5075 quia
834 5016 948 5061 tres
973 5021 1223 5075 persona:
1248 5018 1378 5062 sunt
1403 5007 1709 5064 Trinitatis.

304 5094 368 5151 C.
395 5095 708 5152 Catholicos
749 5112 862 5152 non
902 5097 1038 5153 latet
1066 5114 1097 5153 a
1131 5098 1461 5168 quibusdam
1508 5100 1583 5155 ita
1638 5117 1803 5156 unam

229 5197 527 5256 personam
571 5186 679 5242 diei
727 5185 1040 5253 Christum,
1077 5196 1137 5243 ut
1186 5199 1367 5245 tamen
1414 5206 1527 5246 non
1572 5192 1663 5246 ille
1708 5194 1803 5264 qui

229 5293 337 5348 pro
367 5279 526 5334 nobis
552 5296 719 5336 carne
749 5290 834 5336 est
859 5282 1176 5348 cruciﬁxus,
1204 5300 1312 5339 una
1347 5286 1421 5340 sit
1445 5278 1512 5341 ex
1539 5287 1804 5344 Trinitate

226 5384 490 5440 persona.
517 5371 637 5426 Non
674 5374 823 5428 enim
864 5389 932 5429 ex
970 5374 1186 5432 duabus
1224 5378 1440 5431 naturis
1477 5380 1806 5435 naturaliter

225 5459 440 5525 nuitis,
482 5478 649 5518 unam
697 5463 934 5520 credunt
972 5465 1173 5521 Christi
1225 5482 1549 5536 personam,
1591 5469 1685 5523 sed
1737 5485 1805 5523 ex

227 5551 448 5608 duabus
478 5555 733 5624 personis
766 5570 866 5624 per
890 5556 1331 5627 conjunctionem
1364 5568 1427 5612 et
1448 5558 1676 5629 gratiam
1708 5575 1803 5614 eo-

304 5709 348 5745 “
366 5712 528 5770 Marc.
555 5731 666 5781 xxv,
702 5714 781 5769 18.
863 5715 905 5746 ⁸⁸
923 5714 1078 5771 Joan.
1103 5718 1213 5785 xui,
1238 5716 1328 5774 25.
1409 5718 1448 5750 "
1470 5717 1606 5775 Luc.
1630 5735 1774 5789 xxxv,
1806 5719 1886 5780 18.
1946 5719 2012 5797 f'
2031 5720 2157 5780 Act.
2182 5733 2311 5791 xm,
2334 5717 2424 5775 28.
2504 5718 2547 5751 ”
2568 5717 2712 5776 Gen.
2733 5731 2811 5788 In,
2835 5714 2931 5772 αξ.

1913 558 2250 616 memorant,
2284 544 2536 606 dicentes
2573 550 2852 609 Christum
2892 566 3056 607 unam
3098 568 3168 607 ex
3212 549 3484 612 Trinitate

1913 657 2223 710 personam,
2256 658 2424 698 unum
2456 642 2735 698 Christum
2768 660 2832 698 ex
2860 642 3128 699 Trinitate
3160 644 3319 700 fateri
3356 647 3484 701 nul-

1913 733 2129 787 latenus
2163 733 2542 803 acquiescant,
2574 749 2641 787 ex
2672 734 2875 803 quibus
2911 744 2962 789 te
2994 751 3162 790 unum
3196 746 3318 791 esse
3353 753 3482 806 pro-

1912 822 2037 886 bas,
2064 822 2195 892 quia
2226 839 2390 878 unam
2421 836 2711 892 personam
2740 823 3019 878 Christum
3047 826 3239 880 dicens
3266 844 3331 882 ex
3358 827 3481 881 Tri-

1912 915 2118 977 nitate,
2165 929 2336 969 unum
2382 931 2507 969 eum
2553 915 2738 969 dicere
2780 931 2845 969 ex
2896 916 3168 971 Trinitate
3218 919 3478 973 declinas.

1911 1004 2049 1070 Quis
2086 1005 2234 1061 enim
2275 1013 2384 1059 tam
2428 1006 2633 1061 stultus
2675 1015 2731 1060 et
2770 1022 2964 1061 vecors
3002 1017 3107 1069 est,
3138 1010 3231 1078 qui
3275 1011 3422 1066 dicat
3467 1029 3480 1065 :

1913 1095 2108 1149 Petrus
2139 1111 2204 1150 ex
2238 1097 2554 1151 hominibus
2587 1113 2695 1151 una
2730 1112 2964 1167 persona
2997 1108 3101 1162 est,
3130 1115 3241 1153 non
3268 1109 3358 1155 est
3386 1117 3483 1155 au-

1915 1195 2023 1240 tem
2056 1203 2199 1242 unus
2230 1202 2295 1241 ex
2321 1187 2641 1243 hominibus
2668 1188 2894 1243 Petrus?
2926 1188 3269 1259 Quapmpter
3293 1191 3485 1244 catho-

1912 1276 2017 1335 lica
2047 1282 2132 1333 est
2156 1278 2425 1344 deﬁnitio,
2452 1279 2622 1336 Deum
2653 1279 2886 1333 Verbum
2920 1280 3210 1334 Dominum
3238 1289 3487 1334 nostrum

1912 1369 2189 1425 Christum
2216 1384 2340 1423 eum
2371 1369 2591 1439 pr0pria
2617 1385 2803 1433 carne,
2832 1386 3001 1424 unum
3029 1370 3185 1426 fateri
3217 1385 3283 1423 ex
3308 1370 3490 1425 Trini-

1914 1466 2046 1522 tate,
2072 1457 2200 1513 licet
2226 1473 2337 1513 non
2370 1460 2441 1514 sit
2491 1459 2794 1513 secundum
2829 1474 3050 1516 carnem
3081 1460 3149 1516 de
3178 1462 3485 1515 substantia

1915 1549 2222 1604 Trinitatis.

1982 1640 2049 1694 N.
2080 1639 2372 1709 Nunquam
2417 1655 2521 1711 ego
2560 1639 2843 1695 Christum
2888 1656 3063 1695 unum
3105 1657 3170 1696 ex
3214 1641 3484 1696 Trinitate

1915 1730 2209 1793 conﬁteor,
2250 1731 2378 1800 quia
2424 1731 2478 1785 in
2528 1732 2679 1785 nulla
2729 1732 2835 1786 hoc
2883 1732 3167 1801 Scriptura
3220 1733 3484 1787 canonica

1910 1825 2130 1895 legitur.
2159 1824 2480 1893 Exemplum
2508 1832 2694 1876 autem
2726 1822 2862 1877 illud
2888 1824 3036 1892 quod
3064 1823 3131 1878 de
3160 1825 3323 1878 Petro
3354 1839 3484 1893 pro-

1910 1915 2053 1969 ferre
2082 1913 2325 1977 voluisti,
2352 1913 2491 1967 nihil
2525 1912 2593 1967 ad
2628 1926 2851 1967 causam
2883 1913 3163 1982 pertinere
3198 1916 3486 1983 cognosci-

1913 2012 2023 2063 tur,
2046 2003 2175 2072 quia
2212 2003 2406 2071 singuli
2445 2002 2650 2071 quique
2689 2002 2941 2068 homines
2977 2002 3046 2057 ab
3085 2003 3318 2057 invicem
3358 2011 3487 2058 sunt

1910 2093 2071 2148 divisi
2112 2110 2124 2146 :
2162 2092 2309 2162 quod
2343 2092 2411 2146 de
2442 2091 2531 2146 illa
2564 2091 2847 2146 individua
2881 2100 2937 2146 et
2969 2093 3323 2162 inseparabili
3359 2093 3487 2147 Tri-

1909 2183 2080 2237 nitate
2116 2182 2344 2237 credere
2380 2181 2606 2235 omnino
2643 2180 2870 2249 impium
2911 2182 3321 2250 comprobatur.
3345 2181 3486 2235 Illud

1909 2283 2091 2327 autem
2141 2271 2422 2327 fatendum
2471 2281 2584 2338 est,
2626 2272 2758 2341 quia
2805 2273 2928 2327 sine
2978 2272 3201 2328 Christo
3244 2272 3486 2328 Trinitas

1909 2377 2020 2419 non
2058 2370 2163 2418 est.

2514 2474 2665 2530 CAP.
2707 2474 2875 2532 XXII.

1976 2566 2037 2622 C.
2066 2566 2123 2623 Si
2156 2583 2438 2639 nunquam
2473 2566 2577 2623 nisi
2606 2567 2753 2636 quod
2784 2570 2840 2621 in
2871 2563 3175 2637 Scripturis
3203 2567 3486 2623 canonicis

1906 2658 2240 2723 continetur,
2275 2668 2326 2713 te
2360 2646 2543 2713 dicere
2611 2656 2960 2725 protestaris,
2996 2656 3221 2713 ubinam
3258 2657 3313 2710 in
3354 2657 3486 2727 ipsis

1905 2749 2084 2818 legisti
2139 2762 2309 2803 unum
2335 2749 2390 2803 in
2417 2747 2689 2802 Trinitate
2715 2746 3017 2811 Christum,
3043 2754 3139 2801 aut
3171 2762 3333 2801 unam
3363 2763 3489 2817 pcr-

1906 2854 2096 2900 sonam
2122 2854 2190 2897 cx
2213 2836 2506 2903 Trinitate,
2525 2838 2613 2892 vel
2638 2847 2810 2901 certe,
2835 2836 2985 2906 quod
3008 2850 3122 2894 non
3148 2837 3220 2892 sit
3243 2837 3487 2894 Trinitas

1905 2931 2026 2985 sine
2054 2929 2308 2985 Christo?
2329 2929 2484 2996 Quod
2520 2942 2645 2984 cum
2677 2928 2900 2991 dicitur,
2926 2927 3052 2996 quis
3079 2943 3188 2982 non
3218 2926 3489 2996 intelligat

1905 3022 2331 3091 quaternitatem
2360 3035 2460 3075 eos
2486 3020 2582 3090 qui
2616 3020 2721 3074 hoc
2755 3026 3032 3082 asserunt,
3060 3017 3392 3088 praedicare?
3428 3016 3487 3072 Si

3035 3120 3119 3167 est
3144 3125 3276 3182 ergo
3303 3108 3489 3167 Trini-

1911 3216 1992 3263 tas
2024 3223 2146 3262 cum
2181 3207 2425 3263 Christo.
2449 3208 2585 3263 Nam
2618 3216 2674 3262 et
2706 3222 2833 3262 cum
2870 3220 3205 3278 unoquoque
3233 3215 3482 3265 nostrum

1905 3308 1993 3355 est
2020 3300 2264 3355 Trinitas
2292 3300 2466 3364 Deus,
2490 3300 2585 3370 qui
2616 3314 2731 3355 non
2762 3299 2831 3354 de
2867 3298 3008 3368 ipso,
3025 3296 3121 3353 sed
3155 3298 3211 3351 in
3241 3296 3362 3366 ipso
3396 3311 3490 3350 su-

1906 3405 2046 3452 mus,
2062 3391 2325 3461 sicutjam
2349 3390 2625 3458 superius,
2646 3388 2906 3458 Apostolo
2930 3386 3483 3457 teste,probavimus.

1905 3478 2147 3545 Quartus
2190 3486 2276 3532 est
2315 3494 2448 3548 ergo
2495 3478 2785 3543 Christus,
2820 3493 2944 3533 eum
2988 3492 3100 3547 quo
3145 3484 3202 3531 et
3243 3475 3488 3530 Trinitas

1906 3568 2068 3622 Pater
2114 3575 2173 3621 et
2217 3564 2392 3622 Filius
2438 3574 2495 3622 et
2542 3566 2784 3635 Spiritus
2830 3573 3075 3622 sanctus.
3108 3560 3314 3620 Verum
3356 3563 3488 3633 quia

1905 3656 2187 3712 Christum
2214 3672 2383 3713 unum
2410 3673 2478 3711 ex
2505 3656 2779 3710 Trinitate
2808 3656 2995 3710 dicere
3020 3654 3242 3708 veritati
3271 3662 3487 3707 contra.

1908 3747 2051 3801 rium
2090 3747 2337 3818 judicas,
2386 3748 2672 3816 cujusnam
2721 3761 2914 3813 vocem
2962 3744 3110 3800 illam
3150 3758 3271 3798 esse
3317 3742 3485 3805 dicis,

1906 3853 2013 3906 qua
2040 3837 2248 3892 dictum
2293 3845 2379 3893 est
2408 3854 2421 3891 :
2446 3836 2640 3893 Factus
2669 3845 2746 3893 est
2769 3836 2943 3892 Adam
2973 3843 3231 3906 tanquam
3262 3850 3393 3887 unus
3424 3849 3491 3886 ea:

1909 3926 2052 3979 nobis
2075 3926 2157 3978 u?

1977 4018 2041 4071 N.
2072 4017 2167 4072 Dei
2197 4018 2390 4086 procul
2416 4017 2610 4072 dubio.
2999 4080 3010 4091 _

1975 4106 2036 4162 C.
2066 4107 2258 4161 Plures
2294 4122 2446 4176 ergo.
2485 4116 2544 4160 et
2581 4121 2691 4159 non
2732 4121 2878 4159 unus
2913 4114 2999 4159 est
3030 4104 3194 4174 559
3229 4104 3395 4164 Deus,
3421 4118 3489 4162 ex

1907 4198 2110 4269 quibus
2135 4213 2280 4252 unus
2305 4196 2440 4251 dicit
2461 4195 2530 4250 ad
2555 4204 2786 4251 caeteros
2813 4212 2827 4249 :
2856 4194 3049 4249 Factus
3073 4202 3149 4249 est
3173 4194 3343 4248 Adam
3369 4202 3492 4247 tam

1908 4307 2070 4366 quam
2089 4304 2224 4343 unus
2253 4304 2317 4343 ea:
2347 4288 2537 4342 nobis?

1978 4381 2043 4435 N.
2073 4380 2195 4435 Non
2219 4386 2349 4434 sunt
2371 4378 2557 4448 plures
2602 4377 2711 4442 dii,
2750 4377 2846 4432 sed
2881 4393 3023 4433 unus
3048 4385 3133 4433 est
3155 4379 3302 4433 Deus
3325 4377 3490 4431 Pater

1903 4479 1958 4526 ct
1983 4470 2156 4528 Filius
2184 4477 2240 4524 et
2262 4467 2505 4537 Spiritus
2542 4475 2787 4523 sanctus.

1972 4560 2033 4615 C.
2061 4558 2203 4628 Quid
2232 4573 2363 4629 ergo
2389 4558 2553 4629 hujus
2605 4558 2723 4623 Dei,
2758 4558 2850 4628 qui
2899 4565 2984 4613 est
3015 4558 3175 4612 Pater
3218 4566 3273 4612 et
3320 4557 3494 4614 Filius

1904 4661 1958 4706 et
1992 4648 2230 4720 Spiritus
2281 4656 2524 4713 sanctus,
2560 4665 2751 4704 vocem
2770 4650 2916 4703 illam
2939 4664 3059 4703 esse
3086 4648 3404 4718 proﬁteris?
3431 4657 3486 4701 ct

1898 4745 1947 4799 si
1979 4744 2141 4813 hujus
2162 4741 2257 4796 Dei
2292 4758 2393 4797 vox
2439 4743 2529 4796 illa
2567 4751 2646 4796 est
2678 4780 2692 4804 ,
2734 4741 2802 4795 ad
2861 4756 3024 4810 quem
3075 4740 3211 4796 dicit
3244 4757 3261 4795 :
3300 4736 3486 4793 Factus

1904 4842 1980 4889 est
2003 4834 2173 4889 Adam
2203 4844 2458 4904 tanquam
2500 4850 2636 4886 unus
2664 4848 2729 4885 ea:
2765 4832 2909 4886 nobis
2938 4832 2963 4885 ?

1978 4924 2042 4980 Ν.
2075 4925 2220 4983 Deus
2250 4925 2441 4994 procul
2477 4923 2646 4978 dubio
2675 4923 2836 4977 Pater
2868 4922 2937 4976 ad
2970 4922 3139 4976 Deum
3167 4922 3383 4977 Filium.

1956 5017 2040 5076 .C.
2074 5017 2209 5073 Cum
2238 5032 2368 5086 ergo
2393 5016 2554 5070 Pater
2593 5022 2647 5067 et
2680 5012 2848 5066 Filius
2867 5020 2923 5067 et
2970 5011 3210 5081 Spiritus
3266 5021 3490 5066 sanctus

1910 5109 1983 5163 sit
2009 5107 2199 5177 procul
2229 5105 2399 5160 dubio
2426 5120 2531 5158 una
2561 5103 2822 5167 Trinitas,
2850 5117 2973 5156 cum
3006 5102 3166 5157 Pater
3198 5102 3262 5156 ad
3290 5103 3488 5156 Filium

1910 5197 2058 5251 dicat
2087 5211 2104 5247 :
2128 5195 2262 5249 Ecce
2282 5195 2451 5265 factus
2474 5203 2547 5248 est
2566 5194 2737 5248 Adam
2763 5204 3022 5264 tanquam
3050 5210 3183 5245 unus
3209 5208 3270 5244 ea:
3301 5192 3443 5244 nobis
3468 5207 3486 5245 :

1905 5301 2014 5339 non
2047 5284 2144 5339 tibi
2176 5285 2396 5339 videtur
2432 5285 2617 5340 dicere
2651 5325 2666 5350 ,
2694 5293 2962 5356 tanquam
2995 5301 3128 5338 unus
3161 5324 3175 5348 ,
3206 5284 3309 5336 hoc
3361 5291 3446 5336 est
3472 5321 3488 5348 ,

1905 5376 1998 5447 qui
2024 5391 2214 5430 sumus
2245 5375 2534 5431 Trinitas?
3187 5368 3189 5371 ’

1975 5469 2040 5522 Ν.
2083 5467 2237 5522 Licet
2260 5467 2366 5522 hoc
2398 5467 2545 5522 dicat
2578 5467 2739 5522 Pater
2767 5467 2833 5521 ad
2860 5466 3056 5523 Filium
3095 5505 3109 5527 ,
3141 5479 3243 5534 ego
3280 5472 3486 5527 tamen,

1905 5560 2050 5629 quod
2071 5560 2274 5615 dicitur
2301 5566 2330 5613 a
2369 5559 2673 5628 Scriptura,
2694 5559 2798 5613 etsi
2837 5559 3051 5623 nolens,
3081 5556 3254 5613 fateor
3287 5573 3299 5609 :
3342 5554 3490 5626 quod

3406 5822 3416 5832 ο
3466 5816 3496 5831 ἢ.
