3984 6296
449 4709 484 4784 ἐξ

534 309 639 376 155

536 517 736 573 audeo.
771 517 874 573 Sed
899 517 1247 574 sollieitmihi
1276 560 1290 582 ,
1327 527 1388 573 ut
1413 519 1702 574 calumniae
1743 515 2098 572 contentione

537 623 772 671 caream,
810 609 912 663 hoc
943 618 1152 664 tantum
1186 609 1255 664 de
1285 609 1423 663 Filio
1455 610 1660 670 dicere,
1689 607 1834 676 quod
1865 605 2100 676 in.Sym-

537 695 664 750 bolo
691 697 1023 757 continetur,
1060 700 1231 752 Deum
1261 698 1473 752 scilicet
1500 705 1556 752 et
1589 698 1786 751 Filium
1811 705 1867 751 et
1907 697 2092 766 unige-

539 785 709 839 nitum
751 787 926 841 Patris
976 795 1163 841 natum
1217 787 1284 840 de
1330 787 1536 856 Spiritu
1577 796 1766 842 sancto
1816 802 1884 840 ex
1935 786 2100 840 Maria

535 877 775 945 Virgine.

599 965 660 1020 (Ι.
695 966 801 1022 Sed
827 969 996 1021 Deum
1028 977 1212 1021 natum
1233 983 1300 1022 ex
1327 967 1549 1038 Virgine
1597 968 1761 1022 etiam
1789 968 1878 1022 ille
1911 967 2050 1024 dixit
2087 1007 2104 1030 ,

529 1051 623 1120 qui
649 1053 792 1121 apud
818 1051 1094 1122 Ephesum
1128 1053 1522 1108 condemnatus
1545 1063 1627 1108 est
1658 1072 1670 1106 :
1699 1066 1812 1106 non
1841 1069 1950 1122 quo
1976 1069 2105 1107 vere

530 1149 588 1196 et
618 1143 836 1222 proprie
863 1151 1049 1197 natum
1071 1145 1426 1198 conﬁteretur
1451 1146 1620 1199 Deum
1645 1161 1711 1198 ex
1733 1144 1932 1197 femina
1961 1183 1977 1206 ,
2009 1143 2106 1197 sed

529 1243 755 1303 propter
779 1236 1080 1291 unitionem
1129 1237 1224 1290 Dei
1257 1237 1422 1291 Verbi
1461 1235 1530 1288 ad
1560 1236 1836 1290 hominem
1862 1235 2064 1290 factum
2089 1275 2104 1298 ,

528 1335 689 1388 quem
717 1323 878 1392 Virgo
911 1324 1066 1377 enixa
1099 1333 1202 1378 est.

601 1411 664 1464 Ν.
692 1413 802 1480 Ego
831 1413 1000 1466 Deum
1028 1413 1269 1468 Verbum
1313 1411 1620 1467 secundum
1648 1428 1870 1467 carnem
1917 1423 2108 1468 natum

529 1499 656 1556 dico
687 1517 752 1556 ex
783 1501 1010 1558 femina.

1129 1641 1260 1696 CAP
1275 1683 1288 1696 .
1335 1643 1523 1698 XXIII.

598 1771 660 1826 C.
689 1773 858 1827 Deum
885 1774 1127 1830 Verbum
1167 1791 1329 1845 quem
1369 1790 1553 1832 natum
1601 1779 1740 1834 dicis
1771 1796 1838 1835 ex
1864 1779 2064 1836 femina
2087 1821 2102 1846 ,

527 1869 680 1914 extra
719 1863 1046 1918 Trinitatem
1073 1905 1086 1928 ,
1128 1875 1222 1921 aut
1252 1867 1612 1932 Trinitatem,
1659 1879 1754 1924 aut
1813 1887 1982 1925 unum
2039 1887 2108 1926 ex

531 1951 805 2007 Trinitate
826 1955 1103 2024 proﬁteris
1134 1957 1158 2010 ?

606 2041 674 2095 Ν.
735 2043 924 2112 Neque
971 2045 1319 2113 Trinitatem,
1370 2064 1548 2118 neque
1574 2059 1726 2104 extra
1783 2051 2108 2107 Trinitatem

525 2131 698 2186 Deum
748 2134 988 2189 Verbum
1017 2137 1306 2204 conﬁteor,
1336 2140 1431 2194 sed
1467 2141 1662 2196 Filium
1689 2143 1784 2197 Dei
1815 2144 1982 2199 Deum
2009 2161 2108 2214 pro

523 2235 714 2277 nostra
739 2225 913 2281 salute
947 2243 1015 2281 ex
1048 2228 1249 2282 femina
1289 2231 1590 2286 secundum
1639 2249 1858 2297 carnem
1917 2244 2105 2289 natum

525 2327 855 2383 passumque
894 2319 1162 2373 conﬁteor
1181 2361 1194 2383 ,
1240 2323 1346 2374 tuis
1374 2330 1555 2375 autem
1575 2324 1703 2376 nolo
1731 2325 1810 2378 uti
1839 2326 2110 2397 sermoni-1
2145 2324 2171 2344 ”

524 2405 633 2462 bus
660 2447 676 2473 ,
705 2424 805 2463 nec
826 2425 952 2464 eum
981 2427 1148 2465 unum
1180 2428 1246 2466 ex
1272 2414 1544 2469 Trinitate
1573 2415 1864 2471 conﬁteor.

1127 2541 1280 2598 CAP.
1330 2544 1516 2600 XXIV.

595 2673 658 2728 C.
685 2674 803 2730 Non
833 2676 1062 2739 meis.ut
1093 2680 1225 2734 mihi
1261 2681 1498 2746 videtur,
1515 2681 1598 2737 vis
1623 2685 1702 2739 uti
1730 2687 2101 2755 sermonibus,

525 2766 838 2835 prtt‘sertim
895 2783 1018 2822 cum
1047 2785 1157 2844 ηοῃ
1189 2787 1308 2826 mea
1329 2813 1344 2836 ,
1390 2773 1484 2826 sed
1522 2775 1770 2830 veritatis
1792 2775 1908 2831 haec
1929 2771 2106 2834 'verba

524 2855 636 2908 sint
661 2871 674 2920 ;
704 2857 798 2910 sed
831 2858 938 2911 tuis
965 2860 1145 2927 potius
1175 2861 1260 2915 vis
1290 2861 1462 2926 abuti,
1498 2879 1648 2918 more
1681 2864 1938 2923 haeretica
1960 2909 1974 2934 ,
2000 2869 2107 2924 hoc

524 2945 702 3016 ipsum
747 2950 892 3018 quod
933 2951 1070 3007 dicis
1102 2953 1479 3024 ,abnegando.
1543 2957 1677 3010 Nam
1701 2967 1756 3012 et
1781 2959 1966 3014 Ariani
2005 2977 2106 3016 no-

522 3037 734 3137 biscum
772 3051 887 3097 tres
909 3058 1170 3112 personas
1194 3045 1468 3110 fatentur,
1499 3049 1711 3105 Patrem
1737 3059 1794 3105 et
1821 3051 2016 3106 Filium
2046 3063 2100 3108 et
2129 3079 2169 3137 α

523 3125 791 3196 Spiritum
826 3143 1074 3186 sanctum
1107 3175 1121 3196 ,
1154 3135 1248 3189 sed
1276 3137 1525 3191 nolentes
1565 3139 1896 3195 Homousion
1917 3143 2098 3199 dicere

521 3215 763 3272 damnati
793 3231 940 3275 sunt.
977 3221 1244 3278 Similiter
1273 3224 1606 3280 llomousion
1630 3229 1975 3286 Paulianisue
2005 3249 2102 3288 no-

520 3307 733 3362 biscum
763 3312 1063 3378 praedicant
1087 3353 1100 3376 ,
1139 3315 1233 3368 scd
1261 3315 1387 3382 quia
1416 3299 1525 3370 tres
1550 3333 1812 3386 personas
1831 3322 2102 3392 denegant

521 3397 808 3454 Trinitatis
828 3442 842 3464 ,
870 3402 1110 3456 haeretici
1137 3405 1368 3473 judicati
1393 3417 1540 3460 sunt.
1577 3409 1749 3480 I'Equc
1777 3428 1906 3483 ergo
1929 3415 1982 3468 hi
2006 3417 2098 3484 qui

521 3491 694 3547 Deum
717 3493 937 3562 quidem
963 3495 1202 3549 Verbum
1229 3497 1416 3550 dicunt
1438 3509 1623 3554 natum
1656 3505 1956 3558 secundum
1983 3521 2102 3559 car-

520 3594 648 3634 nem
690 3595 756 3634 ex
791 3581 1006 3652 Virgine
1034 3625 1048 3646 ,
1085 3584 1179 3637 Sed
1234 3585 1575 3642 nolunteum
1627 3591 1877 3645 conﬁteri
1931 3610 2098 3648 unum

520 3684 590 3726 ex
629 3670 892 3726 Trinitate
921 3713 934 3734 ,
968 3681 1064 3726 aut
1120 3688 1242 3728 eum
1311 3675 1548 3730 Sabellio
1584 3678 1762 3733 'unam
1811 3698 2098 3750 personam

521 3765 692 3818 totius
721 3763 1003 3828 Trinitatis
1039 3764 1416 3836 intelliguntur
1467 3785 1712 3841 asserere
1738 3813 1753 3834 ,
1796 3782 1891 3828 aut
1930 3777 2097 3830 alium

521 3854 710 3907 nescio
736 3870 898 3924 quem
925 3897 940 3921 ,
968 3856 1139 3910 Deum
1193 3857 1429 3912 Verbum
1467 3855 1766 3928 praedicare
1791 3905 1805 3928 ,
1838 3881 1947 3918 non
1972 3882 2097 3922 eum

525 3944 617 4013 qui
649 3960 715 3997 ex
754 3945 1022 4000 Trinitate
1048 3955 1132 4000 est
1157 3987 1170 4011 ,
1212 3949 1586 4004 confutantur.

695 4035 799 4089 Sed
827 4036 972 4090 aliud
1007 4047 1090 4091 est
1110 4037 1292 4092 dicere
1320 4077 1332 4098 .
1361 4047 1472 4092 tres
1511 4055 1772 4109 personas
1791 4084 1804 4102 ,
1833 4052 1888 4097 et
1915 4043 2100 4099 Trini-

525 4131 692 4180 tatem
750 4127 913 4181 unius
957 4128 1205 4182 essentia:
1252 4127 1561 4199 denegare,
1614 4140 1708 4184 aut
1765 4131 2097 4189 Ilomousion

524 4215 772 4272 00nﬁteri
799 4259 815 4284 ,
855 4227 910 4272 et
951 4227 1064 4274 tres
1105 4235 1368 4288 personas
1394 4223 1542 4275 nulla
1575 4223 1786 4277 ratione
1820 4225 2096 4293 recipere,

523 4309 666 4376 quod
702 4308 866 4364 rebus
890 4309 1066 4378 ipsisa
1089 4310 1320 4365 veritate
1353 4310 1625 4374 dissentit,
1643 4319 1700 4366 et
1731 4313 1880 4366 aliud
1901 4321 1985 4367 est
2016 4330 2102 4368 re-

524 4400 628 4456 bus
651 4419 951 4472 congruere
980 4443 994 4466 ,
1025 4412 1081 4456 et
1111 4403 1296 4457 verbis
1333 4405 1712 4458 tantummodo
1742 4405 2048 4462 dissonare.

593 4493 653 4550 C.
691 4494 833 4564 Quid
871 4511 1004 4564 ergo
1029 4495 1361 4548 catholicum
1403 4511 1525 4550 esse
1563 4497 1700 4552 dicis
1731 4538 1748 4559 ,
1777 4507 1834 4554 et
1878 4501 2096 4558 veritati

523 4598 848 4650 ccngruum,
879 4598 1046 4636 unum
1071 4582 1256 4637 dicere
1281 4583 1558 4638 Christum
1591 4601 1658 4640 ex
1685 4585 1997 4643 Trinitate?

595 4674 660 4728 N.
690 4674 832 4726 .‘lihil
855 4673 980 4726 volo
1005 4673 1072 4728 de
1097 4672 1198 4728 hac
1222 4689 1278 4729 re
1297 4673 1530 4730 ulterius
1553 4685 1732 4730 tecum
1749 4679 2092 4748 conquirere.

594 4764 656 4816 (ἶ.
695 4762 900 4816 Mecum
926 4763 1253 4832 conquirere
1275 4765 1505 4820 ulterius
1531 4782 1640 4820 non
1691 4769 1796 4822 alia
1840 4777 1892 4825 te
1935 4787 2096 4827 causa

523 4845 812 4915 prohibet,
847 4844 951 4898 nisi
1000 4845 1127 4915 quia
1153 4861 1318 4900 sensu
1356 4847 1614 4904 haeretico
1645 4891 1658 4916 ,
1689 4852 1876 4908 nescio
1932 4869 2095 4923 quem

524 4937 696 4991 Deum
719 4935 978 5000 Verbum,
1005 4951 1113 4990 non
1146 4953 1270 4992 eum
1297 4939 1390 5008 qui
1421 4955 1488 4994 ex
1514 4939 1783 4996 Trinitate
1815 4958 1958 4998 unus
1991 4954 2111 5010 est,

520 5027 675 5098 juxta
736 5026 1060 5081 Manichazos
1091 5027 1387 5096 praedicare
1440 5031 1804 5085 convinceris.
1855 5031 1912 5086 Si
1949 5033 2096 5086 enim

523 5134 634 5174 non
669 5117 723 5172 in
751 5133 937 5182 sensu,
968 5119 1064 5173 sed
1084 5126 1290 5174 tantum
1315 5121 1370 5174 in
1398 5121 1746 5176 sermonibus
1763 5121 2096 5184 dissonares.

522 5209 790 5278 probares
819 5209 1010 5278 utique
1057 5208 1382 5263 catholicum
1425 5224 1544 5264 esse
1589 5227 1756 5264 unum
1802 5227 1870 5265 ex
1917 5211 2102 5265 Trini-

524 5306 635 5356 tate
678 5299 956 5355 Christum
988 5300 1164 5356 fateri.

589 5385 661 5442 N.
688 5388 808 5442 Non
845 5389 943 5444 tibi
973 5389 1193 5444 videtur
1230 5389 1467 5458 idipsnm
1502 5404 1621 5444 esse
1643 5431 1656 5453 ,
1684 5391 1830 5460 quod
1855 5399 1912 5445 tu
1939 5389 2096 5456 dicis,

521 5486 581 5534 et
597 5479 744 5548 quod
780 5496 882 5550 ego
909 5499 921 5534 :
945 5491 1092 5536 antu
1135 5481 1302 5536 alium
1333 5482 1521 5536 nescio
1554 5497 1740 5550 quem,
1776 5498 1885 5536 non
1927 5482 2100 5536 Deum

523 5580 715 5620 verum
747 5569 931 5626 Jesum
965 5570 1268 5636 Christum,
1317 5569 1456 5625 dicis
1486 5586 1607 5627 esse
1643 5587 1814 5628 unum
1863 5587 1929 5628 ex
1975 5573 2100 5626 Tri-

509 5645 638 5718 mu.
647 5659 737 5742 te}

1464 309 1781 370 JOANNIS
1820 307 2198 368 MAXENTII
2235 295 2746 381 DIALOGI,'LIB.
2779 305 2862 367 II.

447 452 452 456 α
534 438 716 484 autem
745 429 879 498 ipsis
906 429 1088 485 verbis
1113 443 1220 484 non
1247 427 1528 498 exprimit,
1555 427 1737 482 dicere
1757 424 1980 480 omnino
1995 427 2180 486 non_A
2277 421 2336 478 C.
2370 423 2557 479 Jesum
2585 423 2704 480 sine
2728 422 2900 478 dubio
2921 462 2936 488 ,
2971 436 3076 478 nec
3099 421 3331 478 alterum
3362 420 3657 492 aliquando
3684 437 3768 478 co—

3679 303 3770 372 156

2203 529 2388 585 gnovn

2272 604 2338 658 N.
2369 604 2426 659 Si
2453 620 2582 676 ergo
2617 605 2854 674 idipsnm
2893 613 2998 670 est,
3027 603 3199 660 audes
3219 619 3306 659 me
3342 603 3659 658 haereticum
3695 591 3770 658 di;

2203 709 2350 756 cere,
2381 695 2426 750 si
2459 694 2567 750 tuis
2605 695 2954 749 sermonibus
2984 695 3062 748 uti
3091 695 3354 756 noluero,
3388 707 3480 754 ne,
3513 693 3642 746 dum
3678 691 3767 746 tibi

2205 783 2502 847 satisfacio,
2549 783 2673 837 aliis
2703 781 2977 837 haereticis
3029 781 3380 836 occasionem
3430 780 3516 835 sui
3571 779 3766 835 erroris

2205 873 2398 928 videar
2425 873 2706 928 exhibere.

2275 963 2333 1018 C.
2365 964 2420 1018 Si
2455 965 2527 1019 ob
2550 965 2603 1019 id
2629 982 2738 1020 non
2799 975 2887 1021 est
2937 964 3192 1031 Christus
3232 963 3490 1018 fatendus
3535 978 3676 1018 unus
3709 979 3768 1018 ex

2207 1053 2508 1120 Trinitate.
2535 1071 2604 1109 ne
2645 1055 2776 1110 dare
2809 1055 3152 1108 occasionem
3181 1052 3468 1106 videamur
3488 1051 3765 1116 hzereticis,

2208 1159 2316 1197 non
2343 1153 2472 1198 sunt
2503 1143 2826 1198 conﬁtenda:
2854 1154 2966 1197 tres
3003 1157 3250 1212 personae
3276 1182 3290 1205 ,
3310 1150 3366 1196 et
3395 1142 3638 1195 Trinitas
3656 1181 3670 1204 ,
3706 1155 3767 1195 ne

2209 1235 2402 1290 demus
2441 1234 2659 1290 Arianis
2707 1235 3050 1290 occasionem
3081 1235 3104 1287 ?
3139 1249 3240 1288 nec
3275 1248 3468 1288 rursus
3512 1235 3767 1288 conﬁten-

2209 1327 2337 1380 dum
2363 1325 2720 1389 llomousion,
2751 1339 2818 1378 ne
2848 1324 3054 1378 similes
3075 1322 3362 1378 videamur
3388 1321 3768 1377 Paulianistisl

2209 1416 2494 1471 Postremo
2527 1425 2796 1486 negentur
2819 1415 2940 1468 dum
2961 1423 3190 1478 naturas,
3219 1413 3348 1483 quia
3381 1429 3476 1468 eas
3498 1412 3768 1467 Nestorius

2210 1523 2428 1578 semper
2455 1515 2512 1562 et
2539 1507 2742 1578 ubique
2767 1507 3047 1577 professus
3066 1514 3151 1562 est
3182 1522 3198 1572 ;
3231 1505 3378 1576 quod
3413 1506 3459 1560 si
3487 1505 3582 1559 ﬁat
3609 1545 3624 1568 ,
3649 1503 3766 1574 quid

2213 1598 2582 1654 conﬁtendum
2603 1599 2695 1663 sit,
2725 1599 2929 1652 nescio.
2965 1598 3374 1659 Verumtamen,
3429 1597 3474 1650 si
3507 1597 3632 1666 quis
3682 1594 3766 1648 tibi

2213 1690 2432 1744 dixerit:
2457 1688 2535 1745 Ch
2545 1689 3074 1743 ristotocon-beatam
3093 1687 3268 1742 fateor
3285 1688 3584 1757 Virginem,
3607 1686 3768 1740 Theo-

2209 1791 2370 1836 tocon
2403 1795 2534 1834 vero
2576 1779 2762 1834 dicere
2812 1779 3130 1832 nullatenus
3181 1779 3496 1847 acquiesco,
3547 1777 3766 1832 catholi-

2205 1887 2330 1926 cum
2363 1870 2510 1924 hunc
2537 1884 2606 1922 an
2640 1867 2955 1922 haareticum
2985 1882 3106 1921 esse
3134 1866 3506 1936 pronuntias?

2275 1959 2341 2024 Ν.
2377 1957 2708 2012 Hieretieum
2728 1957 2918 2026 procul
2956 1955 3126 2010 dubio
3160 1955 3356 2018 fateor,
3386 1955 3518 2024 quia
3553 1954 3658 2009 hoc
3672 1955 3768 2024 jam

2205 2048 2448 2120 synodus
2484 2048 2677 2103 statuit
2705 2087 2720 2107 .
2755 2047 2900 2102 sicut
2935 2055 2991 2102 et
3021 2047 3112 2100 illa
3144 2047 3331 2100 omnia
3360 2061 3484 2116 quae
3513 2061 3544 2100 a
3591 2055 3647 2102 te
3685 2061 3767 2100 su-

2207 2139 2396 2210 perius
2418 2147 2547 2192 sunt
2575 2138 2807 2207 prolata.

2275 2230 2337 2286 C.
2367 2229 2575 2286 Rursus
2601 2230 2693 2297 qui
2724 2229 2820 2282 tibi
2845 2227 3009 2282 dicit:
3032 2228 3207 2284 Unam
3227 2237 3481 2283 naturam
3501 2229 3595 2282 Dei
3622 2227 3769 2292 Verbi

2205 2321 2544 2376 inearnatam
2569 2331 2626 2374 et
2656 2321 2950 2374 animatam
3007 2320 3187 2374 anima
3215 2321 3468 2375 rationali
3493 2331 3547 2374 et
3570 2320 3770 2374 intelle-

2205 2412 2373 2466 ctuali
2401 2395 2678 2464 Christum
2705 2409 2994 2472 conﬁteor,
3015 2409 3153 2465 duas
3177 2425 3309 2464 vero
3359 2419 3588 2464 naturas
3627 2407 3770 2462 fateri

2206 2517 2314 2557 non
2344 2501 2556 2566 audeo;
2587 2501 2671 2555 vel
2701 2509 2850 2554 certe
2903 2501 2996 2569 qui
3026 2501 3122 2554 tibi
3163 2499 3366 2555 dixerit
3409 2517 3424 2554 :
3463 2500 3542 2554 Ex
3571 2497 3770 2553 duabus

2207 2595 2420 2649 naturis
2435 2593 2600 2648 credo
2627 2593 2930 2650 Christum.
2951 2595 3005 2646 in
3035 2591 3252 2646 duabus
3302 2601 3487 2645 autem
3513 2606 3643 2644 eum
3674 2603 3772 2642 non

2205 2701 2427 2756 possum
2461 2684 2709 2744 credere,
2736 2699 2805 2736 ne
2831 2683 3020 2737 videar
3044 2683 3389 2738 occasionem
3433 2682 3568 2736 dare
3616 2681 3770 2735 htere-
3829 2683 3838 2690 '

2209 2777 2352 2838 ticis,
2377 2774 2510 2844 quid
2541 2773 2608 2828 de
2631 2774 2834 2827 talibus
2859 2774 3095 2827 censes?
3125 2773 3266 2826 Num
3293 2771 3464 2825 audes
3493 2786 3592 2825 eos
3614 2771 3772 2824 haere-

2205 2867 2343 2920 ticos
2366 2867 2551 2920 dicere
2577 2905 2590 2927 ,
2629 2880 2752 2918 eum
2811 2864 2951 2928 aliis.
2988 2863 3172 2918 verbis
3202 2862 3338 2916 duas
3363 2863 3525 2916 fateri
3561 2871 3772 2916 naturas

2206 2957 2586 3028 intelligantur
2623 2957 2676 3010 in
2707 2955 2949 3018 Christo,
2991 2953 3088 3009 sed
3119 2969 3188 3008 ne
3213 2953 3511 3008 videantur
3539 2953 3670 3006 dare
3693 2965 3774 3004 oe-

2206 3049 2480 3103 casionem
2535 3047 2844 3112 barretieis,
2902 3045 3040 3100 duas
3079 3061 3190 3101 non
3219 3045 3581 3114 aequiescunt
3603 3041 3770 3097 verbis

2203 3139 2335 3207 ipsis
2358 3155 2383 3191 ο
2395 3137 2699 3207 xprinicre?

2268 3233 2334 3287 N.
2355 3232 2514 3286 Tales
2537 3246 2638 3301 ego
2673 3246 2780 3284 nou
2803 3229 2982 3284 solum
3020 3227 3228 3283 alienos
3261 3242 3291 3282 a
3312 3227 3550 3282 veritate
3578 3221 3776 3297 judico,

2198 3340 2390 3378 verum
2416 3323 2578 3377 etiam
2609 3321 3033 3380 anathematiZo,
3071 3319 3187 3374 haec
3206 3333 3438 3387 namque
3462 3328 3518 3370 et
3541 3330 3651 3369 non
3679 3310 3776 3367 alia

2200 3427 2362 3466 causa
2387 3421 2472 3466 est
2508 3410 2636 3480 quia
2665 3425 2774 3462 non
2824 3409 3299 3462 communicamus
3322 3404 3616 3476 Egyptiis.

2807 3499 2960 3554 CAP.
2993 3498 3156 3552 XXV.

2269 3589 2329 3646 C.
2367 3588 2421 3644 Si
2450 3603 2582 3659 ergo
2621 3595 2678 3642 et
2707 3585 2926 3654 hosqui
2961 3585 3082 3639 aliis
3133 3584 3318 3638 verbis
3381 3584 3519 3638 duas
3570 3593 3775 3639 naturas

2200 3677 2532 3746 praedicant,
2567 3673 2662 3730 sed
2679 3674 2886 3728 'nolunt
2914 3663 3020 3727 hoc
3058 3672 3200 3726 idem
3233 3672 3366 3741 ipsis
3390 3673 3578 3728 verbis
3607 3673 3774 3742 expri-

2199 3781 2349 3822 mere
2370 3808 2384 3832 ,
2413 3765 2662 3835 quamvis
2697 3778 3048 3833 pnepropere
3073 3770 3126 3814 tu
3153 3761 3445 3816 haereticos
3470 3777 3582 3816 non
3611 3763 3771 3818 solum

2201 3871 2432 3926 censes,
2487 3869 2678 3908 verum
2735 3851 2900 3906 etiam
2951 3849 3516 3904 anathematizaszet
3575 3865 3670 3904 eos
3691 3849 3772 3918 qui

2198 3946 2582 4002 Christotocon
2623 3944 2812 3996 dicunt
2849 3943 3064 3994 beatam
3095 3941 3665 4004 Mariam,Theotoeon
3691 3953 3776 3994 au-

2203 4044 2309 4088 tem
2351 4049 2472 4087 eam
2499 4032 2654 4085 fateri
2672 4047 2782 4084 non
2816 4019 3210 4100 .acquiescunt,
3255 4032 3508 4086 similiter
3545 4032 3773 4094 damnat,

2201 4139 2324 4177 cum
2347 4130 2560 4176 constet
2579 4120 2858 4175 Christum
2883 4122 3053 4175 Deum
3072 4137 3193 4176 esse
3217 4131 3272 4175 et
3297 4123 3468 4176 Deum
3488 4121 3774 4183 Christum,

2200 4213 2478 4284 quomodo
2499 4211 3311 4284 nosCatholicosiudicabimus
3333 4229 3432 4268 eos
3475 4213 3569 4282 qui
3598 4213 3776 4268 dicunt

2204 4305 2372 4358 Deum
2393 4302 2631 4358 Verbum
2657 4311 2852 4356 natura
2873 4300 3174 4356 secundum
3199 4315 3422 4354 carnem
3445 4299 3512 4354 de
3540 4299 3768 4370 Virgine,

2136 4411 2180 4464 ι)
2207 4402 2262 4447 et
2297 4407 2514 4459 passum
2537 4405 2702 4446 carne
2737 4406 2837 4461 pro
2861 4391 3054 4456 nobis,
3107 4399 3164 4446 et
3196 4400 3401 4461 negant
3431 4407 3558 4446 eum
3612 4401 3771 4444 unum

2199 4500 2318 4540 esse
2373 4500 2437 4538 ex
2493 4493 2680 4538 sancta
2705 4491 2760 4537 et
2814 4481 3098 4537 individua
3151 4481 3466 4547 Trinitate,
3499 4483 3768 4552 pra-cipue

2198 4576 2324 4646 quia
2375 4574 2565 4628 dicunt
2584 4573 2690 4628 hoc
2717 4571 3000 4628 catholicae
3023 4571 3149 4626 ﬁdei
3173 4574 3472 4628 convenire
3495 4573 3518 4626 ?

2271 4667 2333 4720 Ν.
2366 4665 2472 4720 Sed
2499 4673 2554 4719 et
2602 4665 2738 4719 duas
2767 4672 2990 4718 naturas
3022 4672 3079 4718 et
3103 4663 3418 4719 Theotocon
3445 4663 3628 4718 dicere
3655 4675 3774 4733 syn-

2199 4759 2338 4810 odus
2362 4756 2630 4818 deﬁnivit,
2650 4756 2755 4810 hoc
2781 4765 2965 4809 autem
2990 4755 3142 4809 nulla
3170 4755 3414 4826 synodus
3433 4754 3642 4808 statuit.

2267 4850 2328 4903 C.
2357 4849 2501 4903 Nihil
2530 4849 2694 4918 igitur
2713 4847 3007 4902 arbitraris
3027 4847 3326 4902 dicendum
3345 4857 3542 4920 pmter
3565 4845 3618 4900 id
3641 4839 3774 4915 quod

2199 4941 2481 5014 synodicis
2505 4939 2708 4994 litteris
2735 4939 3098 4994 continetur?

2269 5031 2334 5086 N.
2359 5029 2509 5096 Nihil
2529 5030 2774 5083 omnino.

2270 5119 2332 5174 C.
2355 5118 2411 5174 Si
2437 5117 2533 5172 tibi
2557 5118 2624 5172 ab
2653 5117 2838 5186 aliquo
2866 5115 3034 5171 fuerit
3063 5117 3338 5186 obiectum
3361 5155 3376 5178 ,
3403 5123 3588 5169 utrum
3610 5115 3772 5168 Deum

2201 5210 2416 5264 Patrem
2449 5208 2694 5279 genitum
2724 5223 2792 5262 au
2823 5209 3125 5278 ingenitum
3147 5205 3368 5260 fatearis
3389 5245 3404 5270 ,
3463 5205 3594 5276 quid
3625 5203 3676 5262 ei
3719 5216 3775 5256 es

2204 5315 2572 5368 responsurus
2595 5299 2619 5352 ?

2271 5392 2336 5446 N.
2365 5391 2674 5460 lngeuitum
2712 5389 2900 5460 procul
2929 5386 3118 5441 dubio.

2270 5480 2330 5535 C.
2362 5480 2418 5534 Si
2445 5479 2540 5533 tibi
2573 5479 2799 5532 dixerit:
2829 5477 2940 5531 lloc
2965 5492 3072 5530 non
3097 5475 3328 5545 accipio,
3361 5475 3492 5546 quia
3518 5475 3662 5530 nulla
3679 5473 3770 5528 hoc

2203 5573 2395 5626 Statuit.
2422 5571 2664 5636 synodus
2688 5570 2710 5621 ?

2372 5660 2713 5732 llespouzleo,
2733 5657 2859 5730 quia
2881 5675 2977 5713 nec
3002 5658 3185 5714 dicere
3213 5660 3406 5715 vetuit.
