3984 6296
321 315 435 383 157
1207 335 1213 339 ’
1360 317 1824 379 THEODORUS
1855 322 1894 380 L

2020 321 2603 401 ron—norum.
3490 320 3593 387 153

400 429 469 483 Ο.
500 428 709 483 Rursus
739 468 754 489 ,
807 428 853 483 si
882 426 980 485 tibi
1008 425 1270 501 obiecerit
1298 426 1618 483 Trinitatem
1641 430 1750 485 dici
1800 448 1910 487 non
1940 441 1985 495 Α
2081 433 2144 489 C.
2176 435 2415 489 Mirabar
2440 436 2696 505 equidem
2731 436 2804 490 ita
2824 435 3048 491 vincere
3086 449 3249 505 posse
3295 435 3594 492 humanam

331 518 552 581 debere,
579 518 706 587 quia
736 520 887 574 nulla
920 521 1161 592 synodus
1181 522 1421 577 statuit?
2012 526 2264 595 gloriam,
2298 534 2359 580 ut
2387 527 2535 581 nulla
2561 535 2614 580 te
2643 528 2926 583 conclusio
2960 534 3285 601 superaret,
3319 534 3596 598 quatenus

400 611 465 664 Ν.
489 609 866 679 Hocipsumei
890 612 1290 681 reapondeo,et
1312 616 1447 671 nihil
1473 604 1643 683 aliud,
1668 618 1916 688 quiasic-
2013 634 2309 688 congruam
2346 617 2567 672 veritati
2590 618 2950 681 sententiam,
2983 633 3148 687 quam
3183 618 3452 673 hactenus
3487 619 3593 671 im-

328 712 388 757 ut
413 703 708 757 dicendum
749 720 859 759 non
897 706 1110 772 statuit,
1141 707 1213 762 ita
1236 725 1338 764 nec
1360 712 1585 766 omnino
1606 712 1911 782 prohibuit.
2012 724 2373 780 pugnaveras,
2397 709 2582 763 divina
2606 717 2900 777 correptus
2921 696 3253 765 auctoritate
3288 711 3589 779 reciperes.

397 791 459 848 C.
502 793 744 848 Econtra
769 796 813 849 si
848 796 937 851 ille
982 797 1187 852 dixerit
1215 817 1228 852 :
1259 799 1413 854 Sicut
1443 818 1552 856 non
1600 792 1773 858 vetuit
1795 846 1810 868 ,
1839 803 1913 857 ita
2014 802 2214 856 Verum
2243 802 2372 871 quia
2415 799 2562 869 apud
2588 809 2639 854 te
2687 799 2973 855 definitum
2998 810 3106 865 est,
3136 801 3190 854 in
3215 802 3380 856 tua'te
3412 802 3594 870 potius

325 892 382 936 et
409 883 556 966 quod
589 885 642 936 in
670 886 855 940 verbis
877 903 986 940 non
1011 889 1328 944 continetur
1351 893 1734 957 conciliorum,
1763 894 1913 948 dice—
2015 893 2299 946 continere
2358 891 2629 945 sententia
2666 933 2681 956 ,
2731 906 2897 959 quam
2954 906 3141 944 veram
3186 891 3589 945 confessionem

329 989 389 1026 re
426 974 652 1027 omnino
678 991 786 1028 non
818 978 1098 1041 convenit,
1125 979 1257 1048 quid
1295 981 1360 1035 ad
1390 981 1491 1036 ista
1522 982 1913 1051 respondebis?
2010 1000 2194 1038 amore
2219 992 2436 1039 aeterna:
2465 984 2824 1040 beatitudinis
2881 984 3187 1054 approbare
3221 1026 3235 1048 ,
3267 999 3370 1037 nec
3415 998 3514 1052 ego
3540 990 3591 1037 te

402 1065 468 1118 Ν.
498 1065 621 1119 Ηίιξο
642 1067 711 1119 de
733 1067 954 1122 Patrum
987 1071 1207 1140 scriptis
1234 1087 1456 1142 possum
1490 1073 1802 1127 ostendere.
2016 1088 2256 1142 unquam
2289 1072 2434 1127 aliud
2467 1072 2671 1140 aliquid
2696 1087 2857 1142 quam
2918 1071 3234 1125 haereticum
3287 1069 3543 1139 iudicabo
3574 1110 3590 1133 ,

400 1156 463 1211 C.
488 1158 593 1211 Sed
624 1167 680 1213 et
706 1175 808 1214 nos
828 1161 973 1230 quod
1005 1179 1149 1217 unus
1172 1181 1238 1219 ex
1261 1164 1531 1220 Trinitatc
1555 1164 1907 1228 Christussit,
2015 1165 2108 1233 qui
2141 1164 2309 1218 Deum
2338 1164 2575 1218 Verbum
2592 1163 2883 1218 Dominum
2916 1171 3168 1216 nostrum
3215 1160 3400 1216 Jcsum
3428 1161 3591 1215 Chri-

328 1260 397 1300 ex
423 1247 645 1301 Patrum
676 1250 898 1319 scriptis
925 1252 1288 1308 ostendimus.
2016 1265 2184 1320 stum,
2206 1257 2298 1325 qui
2317 1272 2416 1326 pro
2442 1263 2628 1318 nostra
2659 1256 2831 1310 salute
2876 1269 3071 1323 passus
3090 1265 3174 1307 est
3199 1267 3384 1316 carne,
3421 1268 3590 1307 unum

400 1335 468 1389 N.
495 1336 814 1408 Quanquam
840 1348 897 1395 et
948 1341 1054 1397 hoc
1099 1360 1165 1397 ex
1205 1344 1427 1397 Patrum
1456 1342 1679 1413 scriptis
1729 1343 1917 1400 doceri
2015 1361 2139 1401 esse
2172 1363 2241 1407 ex
2260 1355 2447 1401 sancta
2483 1356 2538 1401 et
2560 1345 2840 1399 individua
2859 1345 3131 1399 Trinitate
3166 1359 3275 1398 non
3300 1342 3588 1412 approbas,

328 1422 490 1477 facile
512 1424 679 1479 credo
699 1466 713 1491 ,
744 1427 841 1481 sed
869 1443 970 1497 ego
1013 1429 1199 1485 dicere
1221 1431 1536 1485 nullatenus
1573 1431 1863 1498 acquiesco
1897 1473 1917 1496 ,
2015 1437 2107 1492 cui
2130 1437 2306 1491 honor
2337 1444 2394 1492 et
2424 1436 2597 1506 gloria
2623 1435 2681 1490 in
2712 1435 2911 1491 sagula
2942 1434 3286 1490 mulorum.
3317 1433 3514 1487 Amen.

327 1522 433 1561 nec
461 1515 638 1563 tecum
667 1512 903 1573 ulterius
931 1513 1250 1571 sermonem'
1272 1515 1548 1571 conferam
1568 1553 1583 1580 ,
1614 1514 1711 1570 sed
1736 1530 1919 1571 meam

330 1603 598 1657 tenaciter
630 1603 828 1660 fovebo
847 1610 1197 1666 sententiam.

950 1966 1467 2057 JOANNIS
1542 1965 2140 2055 MAXENTII
2217 1965 2368 2053 ET
2444 1962 2989 2053 ALIORUM

1092 2156 1432 2212 EPISTOLA
1467 2156 1559 2210 AD
1598 2154 1969 2211 EPISCOPOS
2005 2155 2074 2210 IN
2111 2154 2435 2210 SARDINIA
2474 2152 2810 2211 EXSULES.
2876 2169 2882 2173 ·

782 2312 993 2383 (Exstat
1020 2313 1160 2366 inter
1183 2310 1319 2383 Opp.
1353 2313 1528 2366 sancti
1567 2310 1853 2381 Fuigentii.
1891 2310 2006 2364 νεά.
2034 2310 2357 2380 Patrologia:
2384 2309 2592 2364 Latinae
2630 2319 2670 2363 t.
2715 2309 2875 2375 LXV,
2905 2308 3005 2363 col.
3034 2308 3179 2376 442.)

332 2504 3569 2562 W

1624 2705 1796 2752 ANNO
1841 2706 2072 2750 DOMINI
2116 2706 2318 2750 DXXV.

772 2882 2108 3095 THEODORUS
2264 2883 3182 3160 LECTOB.

1687 3337 2228 3430 NOTITIA.

666 3547 767 3619 (Ex
796 3546 991 3604 Leonis
1025 3545 1239 3603 Amm
1266 3542 1508 3600 Diatriba
1538 3541 1604 3595 de
1626 3537 1928 3601 Tlteodoris,
1954 3534 2101 3605 apud
2124 3533 2262 3603 Aug.
2294 3530 2399 3586 Mai
2422 3528 2670 3585 Biblioth.
2701 3544 2821 3583 nou.
2853 3538 2893 3585 t.
2925 3528 3014 3595 Vl,
3042 3543 3098 3598 p.
3133 3524 3282 3598 159.)

415 3844 740 3909 Theodori
771 3845 1171 3923 Anagnostae,
1206 3841 1269 3903 id
1307 3848 1402 3902 est
1432 3837 1887 3908 Lectoris,duu
1928 3834 2071 3897 libri
2097 3833 2298 3897 Graeci
2333 3831 2882 3894 Collectaneorum
2929 3845 3007 3889 ex
3039 3825 3325 3888 historim
3383 3824 3592 3887 eccle-

331 3947 613 4008 siasticae
643 3945 927 4024 antiquis
971 3944 1365 4016 auctoribus,
1401 3940 1659 4004 Parisiis
1698 3956 1733 4000 a
1766 3939 2038 4000 Roberto
2069 3935 2413 4014 Stephano,
2439 3943 2498 3996 et
2527 3933 2789 3995 Basilem
2818 3932 2884 3991 in
2917 3928 3166 3991 ofﬁcina
3191 3927 3593 3990 Frobeniana

335 4046 564 4107 Latine
627 4045 1014 4125 Wolfgango
1066 4045 1363 4107 Musculo
1399 4044 1743 4121 interprete
1789 4038 1943 4101 editi
1998 4045 2172 4099 sunt.
2213 4037 2407 4098 Addit
2468 4035 2859 4096 Possevinus
2898 4039 3146 4093 exstare
3178 4031 3241 4089 in
3279 4038 3448 4088 torno
3482 4028 3593 4087 Vll

330 4145 753 4207 Bibliotheca)
806 4151 1091 4206 veterum
1143 4146 1395 4204 Patrum
1423 4140 1667 4218 Bignazi
1697 4138 1848 4200 edit.
1874 4138 1935 4197 2.
1969 4139 2130 4197 Tum
2165 4141 2377 4195 monet
2410 4155 2424 4193 :
2462 4132 2539 4192 At
2590 4149 2743 4210 quos
2786 4130 3204 4207 Wolfgangus
3237 4127 3593 4199 Masculus,

330 4248 407 4307 in
444 4248 657 4324 prima
701 4247 898 4308 classe
953 4247 1022 4307 in
1072 4246 1344 4305 Romano
1381 4242 1598 4304 Indiae
1630 4240 2019 4320 prohibitus,
2047 4237 2400 4306 transtulit,
2446 4236 2512 4298 hi
2538 4236 2993 4312 circumspecte
3030 4228 3272 4310 legendi
3306 4236 3475 4300 sunt,
3518 4227 3593 4288 ob

333 4369 410 4411 ea
441 4369 575 4428 quin
605 4348 883 4411 diximus
918 4347 991 4409 de
1022 4348 1132 4410 illo
1158 4348 1226 4409 in
1269 4346 1454 4409 verbo
1494 4348 1813 4420 Socrates,
1850 4355 1906 4405 et
1965 4345 2032 4405 in
2065 4344 2250 4405 uerbo
2298 4343 2716 4403 Sozomenus.
2757 4337 3059 4414 Editique
3114 4342 3412 4413 praeterea
3444 4345 3595 4396 sunt

333 4450 625 4511 Colonias
691 4448 1106 4527 Allobrogum
1164 4464 1334 4509 anno
1402 4448 1580 4519 1612,
1622 4463 1746 4507 non
1774 4445 1917 4508 sine
1970 4445 2191 4506 eadem
2250 4440 2528 4503 Musculi
2578 4436 3131 4518 interpretatione,
3164 4434 3227 4494 in
3256 4432 3412 4494 folio
3445 4449 3590 4519 cum

331 4548 482 4607 aliis
514 4548 969 4611 ecclesiasticis
1010 4549 1321 4612 historiis.
1353 4549 1627 4612 Vossius
1661 4549 1745 4607 De
1788 4547 2111 4609 historicis
2136 4545 2374 4607 Gmcis
2404 4544 2516 4605 lib.
2557 4562 2626 4615 η,
2657 4559 2793 4620 cap.
2830 4540 2906 4602 32
2937 4561 2951 4599 :
2983 4538 3262 4618 Reliquit
3300 4535 3455 4595 duos
3507 4535 3592 4595 li-

331 4648 486 4706 bros
528 4645 1070 4709 Collectaneorum
1116 4651 1400 4711 historia:
1452 4649 1905 4709 ecclesiasticae.
1942 4647 2185 4725 Incipit
2254 4649 2464 4704 autem
2490 4662 2528 4703 a
2555 4651 2753 4703 morte
2788 4638 3125 4702 Theodosii
3173 4636 3489 4706 Junioris,
3523 4651 3597 4694 ac

332 4749 564 4811 desinit
585 4754 651 4810 in
681 4750 1062 4827 temporibus
1091 4752 1360 4817 Justini.
1378 4753 1486 4830 qui
1514 4751 1822 4829 imperare
1842 4749 2019 4829 carpit
2045 4767 2206 4809 anno
2224 4748 2362 4809 518.
2386 4751 2673 4808 Attamen
2709 4745 3107 4806 Collectanea
3134 4741 3264 4803 hinc
3294 4737 3595 4801 historica

333 4865 465 4910 non
507 4851 883 4914 concinnata
907 4858 1057 4911 sunt
1090 4867 1124 4911 a
1155 4849 1527 4921 Theodoro,
1560 4852 1670 4910 sed
1704 4865 1738 4909 a
1782 4846 2141 4924 Nicephoro
2173 4843 2436 4905 Callisto
2469 4859 2544 4902 ex
2576 4841 2857 4903 Historia
2894 4838 3330 4902 ecclesiastica
3383 4835 3598 4896 Theo-

335 4953 503 5021 dori,
531 4952 890 5031 dictataque
914 4951 1082 5017 aliis,
1116 4943 1183 5011 ut
1217 4948 1510 5028 praeﬁxus
1544 4946 1908 5008 titulusind

2023 4956 2040 5007 ι
2074 4967 2089 5006 :
2119 4946 2352 5021 Ἐκλογὴ
2397 4950 2505 5002 ἀπὸ
2534 4950 2633 5019 τῆς
2666 4948 3133 5019 ὲκκλησιαστικῆς
3175 4948 3438 5021 Ἱστορίας
3467 4945 3596 4997 Θεο-

335 5054 513 5129 δώρου
557 5060 956 5127 Ἀνχγνώστου,
988 5058 1095 5112 ἀπὸ
1125 5059 1308 5129 φωνῆς
1336 5058 1383 5110 Ν
1392 5057 1661 5129 ικηφόρου
1692 5055 1908 5110 Καλλία-ε

2033 5053 2128 5108 τοῦ
2162 5052 2567 5106 Ξανθοπούλου.
2601 5044 2862 5112 Selecto,
2885 5043 3155 5113 scilicet,
3186 5060 3265 5101 ea:
3299 5041 3596 5102 Historia

338 5157 762 5217 ecclesiastica
834 5154 1144 5217 Theodori
1206 5154 1642 5227 Lectoris,ca:
1700 5171 1806 5212 ore
1876 5151 2175 5213 dictantis
2252 5149 2596 5228 Nicephori
2652 5148 2904 5210 Callisti
2974 5145 3388 5225 Xanthopuli.
3439 5145 3598 5217 Qum

335 5266 657 5333 postrema
745 5258 932 5317 verba
1001 5274 1145 5318 cum
1223 5257 1547 5318 omisisset
1627 5256 1992 5333 interpres,
2051 5254 2284 5316 factum
2341 5262 2437 5314 est
2495 5260 2565 5314 ut
2631 5251 3030 5314 Collectanea
3107 5250 3224 5310 ista
3281 5247 3593 5309 historica

337 5354 678 5416 Theodoro
706 5356 1230 5430 attribuerentur,
1268 5374 1413 5435 quae
1469 5364 1675 5417 tamen
1739 5362 1886 5416 sunt
1948 5373 2058 5433 per
2130 5354 2564 5430 Nicephorum
2619 5350 2948 5414 Callistum
2993 5350 3072 5411 ab
3105 5348 3245 5427 ejus
3316 5348 3595 5411 Historia

340 5459 659 5527 excerpta.
692 5452 874 5526 Quod
940 5459 1085 5515 ante
1142 5471 1257 5515 nos
1312 5455 1558 5515 monuit
1616 5471 1876 5533 quoque
1936 5454 2245 5515 Baronius
2302 5454 2377 5515 ad
2446 5470 2687 5514 annum
2751 5450 2892 5512 £83.
2931 5452 3081 5511 Nam
3112 5447 3309 5508 tradit
3364 5447 3597 5509 Suidas

340 5548 751 5613 Theodorum
806 5554 1104 5617 Ecclesiae
1157 5554 1878 5633 Constantinopolitanae
1912 5556 2208 5618 lectorem
2262 5554 2599 5632 scripsisse
2633 5552 2977 5614 Historiam
3013 5548 3514 5639 ecclesiasticam
3560 5564 3596 5609 a

345 5652 742 5716 Constantini
776 5656 1172 5734 temporibus
1209 5656 1413 5736 usque
1442 5659 1519 5719 ad
1544 5658 1891 5721 Justiuiani
1939 5658 2277 5737 imperium
2321 5680 2333 5719 :
2372 5674 2534 5734 Opus
2569 5655 2755 5734 plane
2796 5652 3125 5715 diversum
3156 5668 3190 5714 a
3248 5647 3590 5730 perbrevi-
