3984 6296
253 232 348 297 151
1719 241 2052 302 NOTITIA.
3397 262 3498 328 ma

247 347 395 423 quia
429 350 709 404 extremo
744 339 906 401 libro
932 359 1142 419 pauca
1183 342 1412 404 subdat
1463 343 1535 406 de
1567 348 1749 406 annis
1781 347 2184 410 Constantini
2216 352 2448 429 Magni,
2479 353 2857 429 Constantii,
2896 358 3225 425 Theodosii
3255 368 3493 446 Magni,

247 444 510 506 Arcadii
555 451 616 503 et
665 441 996 504 Theodosii
1025 444 1316 508 Junioris
1350 448 1380 504 ?
1433 446 1722 509 Sedenim
1781 456 1906 508 tam
1936 451 2060 510 ista
2087 461 2234 512 sunt
2272 455 2490 526 exilia,
2525 469 2596 517 ut
2627 477 2755 518 non
2784 473 3146 524 mereantur
3189 468 3256 528 in
3285 441 3496 533 censi;

249 544 635 605 derationem
662 544 878 602 venire
911 562 930 608 ;
964 547 1321 621 praesertim
1352 564 1490 605 cum
1511 557 1789 607 extremo
1819 545 2095 612 addatur
2121 551 2281 626 loco,
2319 564 2390 616 ut
2422 555 2494 616 ab
2529 557 2655 617 alio
2682 564 2902 636 potius
2933 563 3275 628 videantur
3311 589 3496 632 assu-

249 657 334 707 ta.
380 645 510 703 Ima
542 652 667 706 tam
698 643 920 720 exigui
954 651 1105 702 sunt
1144 643 1267 704 duo
1318 644 1518 707 libelli
1548 645 2110 725 ColleCtaneorum,
2145 661 2217 712 ut
2248 654 2360 714 via:
2393 656 2572 733 digni
2600 658 2729 717 sint
2765 661 3187 738 appellatione
3235 677 3497 749 Ἱστορίας

243 743 728 814 ὲκκληπιαστικῆς,
763 740 1067 818 quomodo
1095 751 1276 802 vocat
1305 745 1557 807 Suidas.
1590 746 1897 824 Equidem
1929 759 2134 810 metuo
2189 771 2265 811 ne
2297 754 2498 828 solum
2528 757 2658 816 sint
2685 771 2984 838 excerpta
3015 765 3316 841 quosdam.
3348 740 3498 832 list-

243 853 359 913 que
405 837 518 896 hoc
577 855 645 900 eo
698 841 1148 912 verosimilius,
1180 843 1346 922 quod
1404 846 1555 908 libri
1606 866 1816 909 secum

1919 851 2249 932 inscriptio
2289 856 2394 924 sit,
2421 863 2558 917 Ἀπὸ
2586 865 2677 918 τοῦ
2705 867 2958 940 δευτέρου
2993 837 3222 946 βὶδλιου,
3273 891 3302 930 e
3332 873 3492 933 libro

240 934 540 996 secundo.
565 935 656 997 Ac
692 936 854 998 libro
888 939 1099 1016 primo
1131 940 1257 1001 haec
1287 945 1760 1018 praemittuntur
1793 965 1813 1002 :

1923 952 2118 1020 κλογαὶ
2142 957 2249 1008 ἀπὸ
2275 960 2374 1027 τῆς
2407 934 2877 1032 ὲκκλησιαστικῆξ
2919 934 3183 1038 Ἰσίτορίας
3207 934 3342 1028 ’ἀπὸ
3381 991 3494 1042 φω-

239 1042 339 1110 νῆς
369 1043 685 1115 Νικηφόρον
727 1046 1034 1100 Καλλίστου
1054 1048 1148 1101 τοῦ
1171 1049 1564 1110 Ξανθοπούλου.
1585 1068 1613 1100 ί(
1648 1043 1812 1102 Eme:

1923 1055 1975 1101 ta
2008 1048 2315 1110 Historia:
2342 1051 2773 1114 ecclesiastica:
2804 1054 2878 1114 ab
2913 1076 3017 1118 ore
3049 1067 3496 1142 exceptaNice-

239 1136 432 1211 phori
465 1137 714 1197 Callisti
751 1138 1163 1215 Xanthopuli.
1191 1161 1219 1193 η
1253 1139 1476 1215 Credo,
1511 1143 1916 1221 Nicephorus
1940 1144 2190 1206 Callisti
2217 1151 2232 1224 (
2263 1149 2373 1224 qui
2400 1167 2561 1208 anno
2605 1151 2758 1212 1320
2785 1154 2953 1213 vixit
2988 1157 3007 1232 )
3037 1175 3162 1217 non
3192 1136 3496 1238 integram

243 1235 559 1296 Theodori
585 1237 963 1308 Historiam,
986 1238 1095 1298 sed
1128 1239 1331 1298 solum
1363 1260 1431 1298 ea
1457 1259 1590 1318 qua:
1621 1250 1888 1318 exceptu
1916 1243 2212 1319 digniora
2239 1248 2525 1322 putavit,
2561 1267 2673 1308 suo
2703 1249 2965 1312 dictavit
2993 1235 3375 1320 amanuensi.
3411 1263 3496 1321 Et

237 1351 388 1392 sane
451 1334 775 1412 appendix
803 1335 1132 1397 Possevini
1183 1335 1265 1408 ad
1300 1338 1704 1420 Apparatum
1751 1359 2002 1400 sacrum
2032 1350 2302 1402 testatur
2331 1346 2399 1404 in
2432 1346 2657 1406 Veneta
2689 1347 3066 1412 bibliotheca
3099 1355 3493 1420 Bessarionis

231 1445 495 1498 exstare
549 1441 857 1517 epitomen
891 1442 1333 1504 Historiarum
1381 1445 1947 1508 ecclesiasticarum
2010 1449 2323 1513 Theodori
2356 1452 2661 1527 Lectoris,
2731 1465 2784 1515 et
2840 1457 3276 1536 Philostorgii.
3339 1460 3494 1519 Item

242 1538 556 1600 Theodori
590 1540 870 1602 Lectoris
913 1545 1424 1622 compositionem
1465 1549 1945 1613 ecclesiasticam
1986 1571 2014 1610 e
2046 1554 2242 1614 variis
2271 1556 2662 1616 auctoribus.
2694 1557 2770 1617 Ut
2799 1559 3151 1619 Historiam
3181 1559 3495 1622 Theodori

225 1639 468 1718 justam
505 1647 565 1698 et
597 1638 867 1719 ejusdem
906 1642 1222 1718 epitomen
1268 1644 1535 1708 alienam
1560 1647 1951 1726 distinguere
1983 1654 2332 1714 conveniat.
2371 1656 2564 1734 Atque
2603 1657 2695 1715 ita
2734 1658 2889 1717 mihi
2923 1658 3168 1735 quidem
3215 1657 3487 1719 videtur.

237 1736 365 1798 Nec
404 1745 607 1798 tamen
628 1737 927 1814 pugnabo
966 1740 1025 1800 si
1056 1742 1194 1818 quis
1225 1760 1365 1802 cum
1405 1743 1583 1822 longe
1613 1745 1978 1808 doctissimo
2026 1748 2261 1809 Labbeo
2320 1762 2590 1824 censeat,
2625 1755 2715 1815 sic
2750 1756 2914 1815 hunc
2957 1755 3188 1815 nodum
3224 1757 3488 1831 exsolvi,

237 1833 402 1912 quod
434 1835 533 1895 vel
560 1833 778 1914 plures
806 1837 1110 1902 historias.
1146 1841 1481 1917 scripserit
1512 1841 1873 1904 Theodorus
1925 1844 2174 1926 Lector,
2214 1848 2310 1906 vel
2331 1847 2552 1924 plures
2582 1851 2823 1927 fuerint
2859 1851 3170 1911 Theodori
3205 1853 3486 1913 lectores.

236 1934 424 2006 Quod
466 1933 520 1992 si
555 1934 711 2012 quid
745 1946 888 2012 post
912 1937 1075 1996 duos
1103 1936 1220 2000 hos
1253 1939 1427 2000 viros
1462 1941 1984 2016 prmclarissimos
2008 1937 2376 2023 conjectare}
2399 1949 2567 2022 licet,
2600 1950 2826 2010 dixero
2849 1969 3049 2012 unum
3080 1955 3488 2016 Theodorum

241 2031 590 2092 Historiam
635 2049 670 2091 a
726 2033 1142 2095 Constantino
1204 2038 1434 2114 Magno
1492 2040 1568 2100 ad
1641 2048 1926 2118 tempora
1982 2043 2327 2104 Iustiniani
2389 2047 2822 2121 continuasse,
2859 2051 2945 2110 ita
2976 2061 3178 2112 tamen
3215 2062 3283 2112 ut
3325 2056 3488 2117 duos

239 2129 442 2192 libros
477 2129 742 2206 priores,
775 2145 918 2190 cum
949 2129 1088 2207 ipse
1123 2147 1253 2193 non
1288 2133 1549 2196 haberet
1581 2136 1659 2197 de
1692 2151 1812 2200 suo
1842 2137 2130 2212 meliora,
2165 2157 2245 2201 ex
2292 2142 2694 2206 Theodoreto
2718 2190 2733 2216 ,
2766 2148 3018 2208 Socrate
3066 2157 3126 2212 et
3186 2153 3487 2214 Sozome-

238 2248 350 2305 no,
389 2231 503 2310 qui
536 2231 982 2292 existimantur
1019 2249 1090 2294 ea
1140 2241 1423 2311 tempora
1455 2237 1624 2300 inter
1667 2237 1830 2299 alios
1892 2244 2251 2303 accuratius
2289 2253 2730 2321 pertractasse,
2773 2253 3292 2325 concinnaverit;
3335 2256 3489 2316 reli-

238 2346 434 2410 quam
469 2329 816 2390 Historiam
855 2329 930 2390 ad
961 2330 1313 2392 Iustiniani
1350 2333 1693 2410 imperium
1725 2353 1804 2399 ex
1825 2353 1968 2397 sese
2000 2339 2647 2416 conscripserit,cum
2681 2353 2906 2419 praeter
2939 2349 3199 2408 eosdem
3233 2351 3488 2414 haberet

236 2436 304 2488 et
357 2429 522 2490 alios
560 2427 1045 2507 diligentiores;
1079 2438 1140 2490 et
1170 2447 1248 2492 ex
1277 2432 1378 2495 his
1415 2435 1885 2510 posterioribus
1945 2436 2126 2496 libris
2187 2437 2350 2498 duos
2401 2439 2762 2517 eclogarum
2823 2443 3020 2505 libros
3054 2447 3487 2524 Nicephorum

237 2525 583 2588 Callixtum
613 2525 1039 2602 decerpsisse,
1074 2541 1203 2588 non
1235 2544 1388 2588 vero
1418 2545 1496 2589 ex
1530 2529 1784 2590 duobus
1843 2531 2192 2607 prioribus,
2237 2533 2408 2610 quod
2437 2535 2759 2612 quidquid
2788 2537 2870 2600 ibi
2904 2540 3371 2616 contineretur,
3405 2562 3482 2606 ex

235 2624 532 2690 fontibus
590 2625 750 2703 ipsis
813 2625 1136 2686 sincerius
1169 2625 1414 2690 hauriri
1464 2637 1727 2707 poterat.
1785 2633 2334 2711 Nuncupaturque
2386 2632 2490 2696 hic
2544 2635 2859 2714 Paphlago
2908 2639 3324 2716 Byzantinus,
3359 2660 3487 2704 non

235 2726 414 2802 quod
478 2730 650 2788 esset
694 2723 891 2801 patria
947 2724 1366 2801 Byzantinus,
1400 2727 1512 2787 sed
1543 2730 1713 2806 quod
1754 2730 2035 2806 Byzantii
2075 2727 2324 2790 lectoris
2370 2749 2608 2793 munus
2647 2733 2872 2794 obiret.
2909 2735 2978 2795 lil
3015 2739 3201 2799 nobis
3254 2741 3488 2802 Suidas

236 2823 625 2906 signiﬁcavit
659 2844 676 2884 :
705 2832 983 2904 Θεόδωρος
1007 2833 1037 2884 ὁ
1076 2833 1184 2884 ἀπὸ
1220 2834 1586 2901 ἀναγνωστῶν
1640 2835 1740 2906 τῆς
1786 2838 1809 2890 l

1914 2835 2044 2904 άλης
2067 2833 2398 2905 Ἐκκλησίας
2446 2839 3094 2905 Κωνσταντινουπὸ).εως.
3129 2836 3487 2898 Theodorus

236 2905 437 2989 lector
475 2925 722 3003 Magnae
747 2923 1047 2988 Ecclesia:
1088 2924 1829 3005 Constantinopolitanw.
1863 2929 1986 2988 Nec
2009 2925 2186 2986 aliud
2219 2927 2418 2987 voluit
2444 2931 2841 3006 Nicepliorus
2871 2933 3202 3002 Callixtus,
3225 2939 3484 3014 quando

236 3023 304 3084 iu
354 3022 727 3087 Praefatione
783 3025 871 3085 ait
905 3045 921 3083 :
953 3031 1049 3087 καὶ
1083 3033 1112 3084 ὁ
1138 3031 1437 3095 Βυζάντιος
1483 3033 1809 3102 ἀναγνώστη

1906 3033 2191 3103 Βεόδωρος,
2261 3036 2319 3084 et
2379 3025 2770 3102 Byzantinus
2843 3028 3038 3090 lector
3097 3031 3479 3116 Theodorus:

237 3122 464 3201 Neque
492 3122 664 3183 enim
698 3123 764 3183 id
803 3131 899 3184 est
928 3122 1211 3201 Byzantii
1240 3130 1459 3184 natum
1495 3141 1664 3197 esse,
1702 3125 1814 3183 sed
1842 3124 2143 3186 lectorem
2178 3125 2463 3204 Byzantii
2491 3126 2722 3202 egisse.
2757 3129 3034 3188 Joannes
3058 3131 3486 3196 Damascenus

237 3231 399 3284 orat.
435 3222 476 3281 3
518 3221 608 3281 De
654 3221 1031 3299 imaginibus
1093 3221 1296 3282 utitur
1343 3221 1710 3283 testimonio
1758 3221 2076 3284 Theodori
2122 3223 2621 3301 historiographi
2672 3225 3354 3307 Constantinopolitani
3408 3251 3486 3293 ex

237 3325 671 3388 ecclesiastica
725 3325 1005 3386 Historia
1056 3324 1135 3390 de
1184 3325 1517 3386 Gennadio
1569 3325 1918 3402 patriarcha
1972 3326 2697 3405 ConstantinOpolitano.
2735 3329 2831 3389 An
2873 3345 2952 3392 ex
2996 3329 3138 3404 hoc,
3203 3332 3304 3395 vel
3363 3334 3488 3398 alio

239 3426 589 3488 Theodoro
620 3425 924 3488 historico
961 3426 1316 3505 Byzantino
1349 3427 1801 3504 desumpserit,
1835 3427 2124 3492 divinent
2152 3428 2281 3492 alii.

3059 3627 3452 3640 —————-—.

1334 3765 1839 3859 NOTITIA
1920 3769 2418 3859 ALTERA.

1006 3946 1236 4017 (FABRIC.
1274 3944 1525 4000 Bibliotlt.
1568 3945 1733 4001 erc.
1792 3945 1880 3999 ed.
1934 3947 2149 4010 Harles,
2187 3953 2225 3999 t.
2254 3945 2343 4009 Vl,
2391 3961 2444 4014 p.
2482 3945 2630 4016 127.)

316 4192 704 4257 Theodorus
767 4202 1187 4276 ἱστοριογράφος
1246 4201 1879 4264 Κωνσταντινουπόλεως

1942 4190 2236 4253 laudatur
2296 4206 2329 4250 a
2387 4191 2628 4250 Joanne
2684 4190 3076 4250 Damascono
3136 4189 3240 4250 lib.
3275 4207 3344 4253 ιιι
3403 4192 3487 4252 De

235 4293 494 4370 imagg.,
531 4308 675 4371 pag.
712 4293 830 4355 386
856 4291 1162 4354 editionis
1195 4290 1476 4369 insignis
1510 4290 1945 4370 Lequiniante,
1988 4289 2124 4369 qui,
2154 4307 2211 4367 p.
2247 4288 2385 4360 380,
2411 4292 2714 4365 praeterea
2743 4294 3098 4365 ἀναγνώστην
3125 4289 3256 4350 sive
3291 4291 3484 4351 lecto-

235 4409 372 4450 rem
407 4392 960 4471 Constantinopoli
981 4391 1186 4454 fuisse
1220 4389 1412 4452 refert
1437 4392 1639 4469 ;quod
1673 4392 1920 4451 ﬁrmant
1950 4389 2136 4451 etiam
2162 4388 2581 4466 Nicephorus,
2607 4385 2718 4446 lib.
2742 4404 2810 4457 ιι,
2837 4403 2971 4464 cap.
2991 4389 3021 4447 1
3046 4388 3244 4456 Hist.:
3269 4399 3486 4452 auctor

235 4503 648 4570 παραστάσεων
672 4501 938 4572 χρονικῶν
965 4492 1032 4552 in
1065 4489 1428 4554 Combeﬁsii
1466 4489 1808 4567 originibus

1912 4489 2407 4567 Constantinop.,
2443 4505 2584 4567 pag.
2627 4486 2704 4545 19
2728 4530 2743 4558 ,
2781 4487 2880 4545 cui
2925 4494 3184 4548 vocatur
3214 4496 3485 4568 Θεόδωρος

234 4602 618 4671 χρονογράφος
667 4600 1041 4673 ἀναρρωσθεὶς
1087 4598 1531 4669 ἀναγνώσμασιν,
1571 4597 1629 4649 et
1661 4590 1807 4651 SUltl

1914 4635 1916 4651 .
1952 4589 2061 4668 qui
2096 4589 2501 4650 Theodorum
2539 4601 2719 4654 vocat
2747 4596 2837 4650 τὸν
2867 4597 2974 4650 ἀπὸ
3003 4596 3366 4666 ἀναγνωστῶν
3385 4597 3487 4666 τῆς

235 4701 500 4771 Μεγάλης
513 4701 836 4772 Ἐκκλησίας
868 4701 1516 4766 Κωνσταντινουπόλεως,
1547 4693 1693 4766 Hic,
1741 4694 1808 4753 JU

1914 4709 1994 4752 no
2033 4701 2090 4753 et
2150 4694 2536 4770 Justiniano,
2577 4704 2644 4758 ut
2703 4697 2978 4768 videtur,
3017 4692 3483 4770 imperantibus

236 4790 478 4862 clarus,
512 4791 770 4852 duobus
804 4790 984 4852 libris
1016 4791 1270 4869 scripsit
1300 4788 1752 4868 Compendium
1785 4791 2088 4850 Historia:
2122 4791 2552 4853 ecclesiastica:
2585 4794 2913 4870 tripertita)
2940 4809 3017 4852 ex
3046 4788 3224 4850 libris
3265 4791 3486 4851 Socra-

237 4886 342 4960 tis,
377 4888 720 4948 Sozomeni
751 4904 824 4951 ac
859 4889 1260 4962 Theodoriti,
1287 4888 1462 4968 quod
1485 4895 1688 4949 exstat
1717 4903 1752 4948 a
1787 4888 2090 4950 vicesimo
2122 4905 2290 4950 anno
2322 4891 2716 4952 Constantini
2747 4893 2832 4952 Μ.
2869 4906 3074 4968 usque
3104 4889 3182 4949 ad
3239 4887 3485 4949 obitum

239 4987 622 5050 Constantii.
657 4991 812 5051 Nam
849 4990 1140 5068 quamvis
1178 4990 1380 5052 lucem
1409 4990 1720 5050 hactenus
1749 5004 1876 5049 non
1921 4989 2102 5060 vidit,
2152 4991 2366 5051 Graece
2407 4997 2615 5050 tamen
2649 5007 2768 5050 ms.
2801 4990 2924 5050 fuit
2952 4988 3118 5066 apud
3150 4987 3480 5060 Allatium,

238 5084 354 5162 qui
378 5087 568 5148 edere
602 5086 828 5160 voluit,
862 5087 1047 5166 cujus
1079 5087 1318 5149 codicis
1351 5087 1538 5166 variis
1565 5087 1948 5150 lectionibus
1975 5089 2140 5149 Sam.
2170 5087 2894 5166 Tennulii,professoris
2936 5089 3482 5166 Noviomagensis,
3568 5145 3573 5153 .

243 5202 436 5246 manu
471 5185 816 5265 descriptis
857 5187 1136 5250 feliciter
1160 5206 1320 5251 usus
1367 5195 1462 5250 est
1486 5185 1785 5249 Valesius
1807 5188 1882 5249 ad
1917 5187 2225 5250 eluendas
2255 5205 2333 5249 ex
2362 5189 2552 5250 trium
2584 5189 2863 5251 virorum
2891 5188 3148 5248 illorum
3184 5185 3484 5246 Historiis

238 5283 528 5358 mendas,
557 5285 667 5364 qui
701 5285 886 5346 etiam
918 5288 1299 5349 Prooemium
1328 5287 1545 5351 Greece
1586 5303 1656 5348 ac
1700 5285 1918 5348 Latine
1959 5287 2310 5364 publicavit
2343 5299 2481 5365 post
2514 5287 2754 5350 Praefat.
2790 5290 2866 5348 ad
2899 5287 3216 5348 Theodor.
3259 5285 3485 5347 Nescio

238 5397 318 5442 an
375 5381 592 5444 Allatii
630 5381 742 5445 ille
793 5382 956 5445 liber
988 5385 1350 5463 descriptus
1386 5383 1582 5448 fuerit
1615 5403 1648 5446 e
1687 5385 1905 5447 codice
1932 5387 2180 5447 Veneto
2207 5387 2266 5447 S.
2301 5387 2516 5456 Marci,
2553 5386 2737 5465 cujus
2792 5385 3179 5446 mentionem
3245 5380 3486 5442 faciunt

235 5474 637 5540 Possevinus
683 5487 743 5538 et
787 5479 850 5540 in
904 5482 1190 5560 catalogo
1257 5499 1412 5543 mss.
1481 5483 1877 5544 Venetorum
1936 5483 2387 5545 Thomasinus.
2438 5485 2617 5547 Certe
2667 5484 2919 5545 videtur
2968 5489 3248 5543 extrema
3311 5487 3486 5557 parte

237 5596 506 5644 mancus
537 5582 768 5658 fuisse,
793 5583 938 5662 quia
969 5577 1270 5648 Historiae
1305 5589 1490 5650 telam
1523 5603 1650 5650 non
1684 5603 1890 5667 usque
1921 5590 1999 5651 ad
2039 5593 2316 5650 extrema
2353 5586 2640 5650 Junioris
2675 5583 3019 5648 Theodosii
3048 5582 3483 5666 persequitur.
