3984 6296
510 248 614 318 153
1749 247 2140 309 THEODORI
2180 251 2545 312 LECTORIS
3255 249 3260 259 ’
3648 257 3741 321 161

591 364 896 423 Praeterea
924 353 1284 432 composuit
1315 361 1376 415 et
1408 351 1545 431 ipse
1577 368 1697 414 suo
1739 363 1933 415 marte
1968 357 2322 417 Historiam
2355 357 2862 433 ecclesiasticam,
2907 331 3083 423 libris
3111 362 3331 427 itidem
3364 366 3640 443 duobus,
3669 372 3742 432 ab

507 459 811 525 extremis
838 456 1235 534 temporibus
1267 453 1616 516 Theodosii
1644 456 1957 530 Junioris,
1980 457 2046 517 in
2079 458 2317 537 quibus
2350 458 2657 520 desinunt
2688 460 2997 535 Socrates,
3024 466 3416 529 Sozomenus
3446 477 3507 530 et
3533 469 3740 533 Theo-

508 562 778 634 doritus,
810 558 889 621 ad
945 557 1273 619 Iustinum
1316 556 1472 634 imp.
1531 555 1859 618 Seniorem
1916 574 2146 636 usque.
2179 560 2261 619 Hi
2313 558 2457 619 libri
2490 560 2621 621 duo
2651 561 2775 639 ipsi
2821 563 3082 642 quidem
3122 566 3373 645 jamdiu
3431 577 3524 629 est
3573 570 3738 646 quod

506 669 993 732 interciderunt.
1019 670 1505 727 Exstanttamen
1532 682 1609 727 ex
1637 665 1768 726 illis
1797 674 1905 728 ἀπὸ
1928 677 2077 747 φωνῆ

2162 678 2454 751 Ἱιόιηφόρου
2477 679 2784 734 Καλλίστου
2805 678 2902 733 τοῦ
2927 675 3304 733 Ξανθοπούλου
3323 679 3616 747 excerpta
3636 672 3735 748 (α),

506 770 861 847 Nicephoro
910 767 1169 830 Callisto
1220 768 1494 830 dictante
1552 774 1820 827 servata.
1862 769 2075 830 Graece
2139 772 2428 848 prodiere
2498 788 2641 833 cum
2697 770 2958 833 Eusebii
3009 777 3070 831 et
3139 770 3411 831 aliorum
3456 770 3739 830 Historia

510 871 930 932 ecclesiastica
960 915 976 944 ,
1011 888 1089 931 ex
1116 870 1332 932 codice
1358 871 1559 948 Regio
1600 871 1765 949 (quo
1796 871 1935 931 solo
1969 873 2153 933 etiam
2185 874 2483 937 Valesius
2511 874 2722 955 usus),
2744 876 2939 937 Paris.
2964 874 3141 947 151th,
3166 872 3276 934 fol.
3320 873 3536 933 Latine
3566 871 3739 933 vertit

506 969 749 1048 Wolfg.
783 971 1144 1044 Musculus,
1174 974 1359 1052 cujus
1392 972 1852 1049 interpretatio,
1891 983 1959 1034 ut
1990 974 2409 1037 Bibliotltecas
2455 980 2706 1039 Patrum
2740 987 2798 1038 et
2829 977 2986 1038 alias
3015 976 3263 1036 Latinas
3297 974 3734 1034 historicorum

507 1075 1087 1139 ecclesiasticorum
1113 1077 1427 1138 editiones
1459 1095 1649 1155 supra
1682 1079 1745 1139 in
1774 1078 2048 1140 Eusebio
2086 1082 2427 1144 recensitas
2459 1083 2721 1156 mittam,
2749 1089 2947 1142 exstat
2981 1082 3170 1142 etiam
3193 1080 3257 1140 in
3281 1078 3738 1141 Graeco-Latina

507 1174 893 1248 Genevensi,
952 1175 1124 1247 1612,
1183 1173 1294 1235 fol.
1330 1174 1690 1236 Novissime
1753 1193 1897 1237 cum
1957 1179 2252 1239 versione
2317 1187 2379 1239 et
2451 1180 2769 1258 praeclaris
2825 1180 2994 1240 notis
3070 1181 3266 1239 Henr.
3312 1176 3547 1238 Vales‘ii
3587 1175 3737 1254 ,qui

507 1277 882 1351 Fragmenta
936 1275 1125 1336 etiam
1159 1272 1475 1335 Theodori
1509 1274 1625 1335 alia
1661 1292 1735 1335 ex
1773 1276 1987 1347 Suida,
2031 1275 2449 1353 TheOphane,
2483 1280 2871 1339 Damasceuo
2901 1285 2961 1338 et
2999 1279 3246 1356 synodo
3286 1278 3557 1352 septima
3589 1274 3736 1335 sub-

497 1376 740 1454 junxit,
761 1376 836 1435 ad
859 1374 1093 1435 calcem
1115 1374 1512 1445 Theodoriti,
1537 1374 1789 1452 Evagrii
1823 1392 1890 1435 ac
1907 1373 2332 1453 Philostorgii,
2353 1376 2430 1435 de
2456 1393 2728 1453 quorum
2748 1375 3282 1454 editionibusjam
3308 1374 3464 1437 dixi.
3482 1375 3736 1434 Adden-

507 1475 661 1534 dum
697 1480 758 1533 et
788 1473 1090 1552 Historiae
1124 1472 1558 1533 ecclesiasticw
1585 1484 2041 1551 ἀποσπασμάτιον
2084 1474 2161 1533 de
2214 1467 2725 1550 expositionibus
2786 1473 2958 1546 ﬁdei,
2985 1475 3156 1545 quod
3188 1490 3220 1532 e
3252 1471 3407 1531 bibl.
3444 1463 3737 1533 Vaticana

508 1571 1074 1649 produxit,etcum
1109 1570 1402 1632 versione
1435 1587 1549 1632 sua
1580 1572 1779 1633 edidit
1810 1574 2126 1651 Josephus
2155 1572 2354 1634 Maria
2388 1570 2725 1632 Suaresius
2754 1571 2830 1632 ad
2858 1571 3056 1631 sancti
3087 1568 3211 1630 Nili
3242 1567 3575 1645 Opuseula,
3604 1586 3732 1646 pag.

505 1672 624 1735 61h
656 1691 672 1742 ;
715 1680 846 1733 tum
886 1689 1030 1750 qum
1059 1689 1092 1732 e
1125 1671 1463 1732 Theodoro
1497 1674 1756 1735 Lectore
1786 1673 2141 1735 afferuntur
2171 1674 2234 1735 in
2267 1670 2635 1750 Originibus
2668 1670 3388 1746 Constantinopolitanis
3417 1685 3450 1727 a
3487 1669 3743 1731 Combe

504 1772 649 1833 ﬁsio
680 1770 1037 1830 illustratis.
1070 1770 1189 1830 Ubi
1227 1787 1376 1830 vero
1405 1772 1866 1845 Damasceuus,
1898 1790 1970 1831 ιιι
2000 1774 2088 1831 De
2119 1771 2519 1849 imaginibus,
2556 1787 2698 1848 pag.
2731 1770 2871 1840 375,
2909 1770 3118 1829 laudat
3154 1777 3319 1847 τόμον
3344 1768 3481 1828 sive
3508 1767 3736 1828 librum

506 1872 828 1933 Theodori
891 1873 1198 1933 Historia:
1255 1872 1471 1934 eccles.
1506 1882 1827 1952 quartum,
1862 1876 2185 1936 secundus
2238 1875 2466 1937 horum
2534 1874 2709 1934 venit
2761 1873 3244 1950 intelligendus,
3286 1872 3437 1951 quia
3493 1878 3735 1948 priores

503 1990 668 2051 quos
723 1974 1066 2035 memoravi
1130 1974 1292 2034 duos
1363 1958 1721 2053 compendii
1758 1994 1833 2036 ex
1868 1977 2145 2049 Socrate,
2171 1977 2522 2036 Sozomeno
2549 1991 2619 2036 ac
2653 1973 3039 2035 Tlieodorito
3079 1972 3269 2033 simul
3326 1970 3733 2048 computavit,

505 2075 771 2152 perinde
830 2084 899 2138 ut
955 2077 1206 2149 Suidas,
1241 2077 1352 2156 qui
1399 2096 1434 2139 a
1466 2078 1867 2139 Constantini
1921 2077 2313 2153 temporibus
2367 2077 2445 2138 ad
2482 2075 2912 2137 Justinianum
2970 2074 3370 2153 pertexuisse
3401 2071 3735 2131 sttoriam

505 2178 912 2242 Theodorum
940 2179 1181 2242 scribit.
1214 2182 1301 2240 Ita
1337 2178 1402 2240 in
1456 2179 1705 2241 actione
1747 2181 1778 2239 1
1836 2178 2067 2259 synodi
2112 2194 2219 2249 vn,
2253 2184 2297 2237 t.
2332 2178 2417 2237 ιιι
2468 2177 2617 2240 edit.
2682 2174 2981 2248 Binianm,
3017 2192 3077 2253 p.
3110 2173 3246 2245 1:95,
3283 2172 3389 2233 ubi
3451 2170 3736 2231 laudatur

453 2274 455 2278 ⁴
502 2279 661 2341 liber
688 2280 975 2357 quintus,
1000 2279 1288 2341 Valesius
1319 2279 1397 2339 ad
1423 2279 1855 2350 Theodorum,
1893 2293 2033 2354 pag.
2069 2277 2207 2348 580,
2256 2282 2471 2336 monet
2522 2282 2737 2354 πρώτου
2775 2299 2872 2350 pro
2909 2286 3158 2353 πέμπτου
3192 2290 3335 2335 esse
3369 2271 3730 2350 legendum.

502 2384 687 2444 Alius
751 2384 926 2444 locus
985 2382 1359 2461 producitur
1422 2383 1484 2441 in
1547 2382 1771 2444 eadem
1832 2382 2082 2461 synodo
2137 2379 2439 2459 septima,
2500 2381 2635 2443 sive
2694 2379 2948 2441 Niemua
3002 2380 3319 2453 secunda,
3377 2378 3627 2440 actione
3676 2375 3729 2448 5,

505 2498 648 2561 pag.
680 2483 798 2542 609
822 2498 960 2561 seq.

574 2663 651 2736 (a)
679 2663 929 2736 Valesius
956 2671 1113 2736 putat
1139 2679 1208 2736 ne
1230 2663 1599 2736 Nicephorum
1624 2660 1853 2736 quidem
1906 2663 2066 2736 plura

2172 2662 2358 2736 genii};
2390 2660 2865 2736 Ntxn_<96pou,__uti
2916 2659 3130 2715 Leontii
3170 2659 3321 2736 liber_
3367 2657 3445 2713 De
3493 2659 3662 2736 sectis,
3689 2673 3729 2736 _a

500 2727 706 2803 alioqui
730 2733 857 2788 inde
884 2735 943 2787 in
958 2727 1234 2803 Historias
1267 2727 1394 2788 suas
1415 2727 1808 2803 derivaturum,
1833 2727 2068 2803 iniegris
2170 2727 2463 2803 Theodoro
2488 2727 2986 2803 abbateﬁictatus
3007 2729 3346 2803 amanuensi-
3368 2742 3496 2803 suo,
3541 2727 3730 2803 inscri-

501 2796 777 2858 Theodori
794 2803 971 2866 libris,
994 2802 1088 2858 sed
1112 2803 1385 2872 excerptis
1406 2802 1524 2857 istis
1544 2801 1886 2872 solummodo
1902 2796 2066 2872 us'um

2169 2802 2323 2872 bitur
2385 2800 2513 2854 Ἀπὸ
2578 2800 2765 2870 φωνῆς
2821 2798 3100 2871 θεοδώρθυ
3163 2799 3256 2853 τοῦ
3323 2796 3727 2867 θεοφιλεστάτου

496 2886 642 2940 esse,
677 2887 850 2946 eaque
893 2872 1111 2930 cuidam
1146 2870 1399 2940 dictasse,
1448 2879 1613 2943 atque
1646 2871 1770 2927 ideo
1807 2870 1917 2927 dici
1958 2870 2067 2925 ἀπὸ
2169 2870 2332 2926 ἁόὃά.
3004 2870 3015 2871 ί
3143 2876 3181 2885 ι
3248 2876 3251 2879 -
