3986 6290
173 329 271 396 193

1138 318 1731 385 ECCLESIASTICIE
1769 318 2157 382 HISTORIA!
2196 320 2344 380 LIB-
2389 320 2473 380 Ιῐ.

3322 318 3424 384 191

164 441 399 514 ρέντιος.
423 434 862 509 χιιροτονοῦνται
891 434 985 489 οὖν
1008 433 1122 499 δύο,
1154 434 1260 489 ὑπὸ
1292 435 1391 504 μὲν
1417 434 1525 487 τῶν
1557 432 1742 486 πλειό-

1873 447 2046 502 copus
2086 430 2403 501 eligeretur.
2451 427 2572 481 Duo
2613 426 2797 497 itaque
2842 425 3082 484 ordinati
3107 439 3256 486 sunt.
3287 432 3358 489 Et
3390 449 3424 489 a

167 547 302 595 νων,
343 531 408 582 ἑκ
428 528 540 581 τῶν
573 527 841 581 διακόνων
866 525 1165 595 Σύμμαχος
1196 541 1210 556 ο
1247 526 1313 577 ἐκ
1337 524 1394 578 δὲ
1417 525 1526 578 τῶν
1548 524 1745 588 ἄλλων,

167 620 523 692 Δαυρέντιος.
544 619 623 672 Δι’
645 618 739 682 οὓς
770 618 865 673 καὶ
886 619 1058 686 φόνοι,
1085 618 1177 669 καὶ
1200 616 1468 685 ἁρπαγαὶ,
1500 619 1592 669 καὶ
1615 617 1749 670 ἄλλα

169 712 347 783 μυρία
369 708 518 764 κακὰ
545 710 691 763 κατὰ
722 707 820 778 τὴν
869 706 1092 776 Ῥώμην
1120 706 1432 775 γεγόνασιν.
1473 706 1750 769 Ὡσαύτως

168 802 340 873 τριῶν
365 800 632 855 ἐνιαυτῶν
661 798 740 871 (αι)
762 798 1119 869 κρατησάσης
1137 799 1236 866 τῆς
1258 797 1517 867 τοιαύτης
1547 797 1751 867 συγχύ-

169 908 330 955 σεως,
365 890 690 960 Θευδέριχος
725 891 753 942 ὁ
786 890 994 958 Ἀφρος
1021 887 1134 959 (65)
1193 888 1414 958 κρατῶν
1462 888 1585 940 τότε
1646 887 1751 956 τῆς

177 980 507 1051 Ῥώμης,εί
563 981 658 1033 καὶ
703 977 980 1049 ’Δρειανὸς
1017 973 1120 1046 ἦν,
1161 978 1381 1031 σύνοδον
1433 976 1749 1030 ἐπισκόπων

168 1071 568 1141 ποιησάμενος,
630 1068 912 1140 Συμμάχῳ
964 1068 1063 1138 μὲν
1129 1069 1229 1137 τὴν
1286 1066 1596 1137 ἐπισκοπὴν
1648 1069 1750 1137 τῆς

179 1163 406 1232 Ῥώμης
436 1162 717 1232 ἐκύρωσε.
790 1159 1123 1228 Λαυρέντιον
1155 1158 1213 1212 δὲ
1242 1159 1323 1221 είς
1366 1159 1497 1228 μίαν
1525 1158 1751 1210 ἐπισκο-

170 1253 285 1324 πὴν
318 1252 534 1314 πόλεως
558 1250 788 1320 ὀνόματι
816 1248 1093 1319 Νοκερίας
1122 1247 1426 1317 ὲνεΘρόνισε
1444 1288 1460 1304 ,
1506 1246 1752 1317 Λαυρέν-

171 1361 289 1407 tto;
326 1342 385 1396 δὲ
414 1342 512 1411 οὐχ
539 1341 834 1412 ἡσύχασεν,
858 1339 976 1393 ἀλλ’
1007 1339 1090 1392 ἔτι
1136 1341 1234 1410 τῆς
1270 1342 1578 1409 ἐπισκοπῆς
1616 1339 1752 1391 Ῥώο

172 1451 286 1505 μης
309 1434 510 1501 ἐφίετο.
544 1431 709 1484 ὐθεν
734 1432 762 1484 ὁ
785 1431 1080 1501 Σύμμαχος
1119 1430 1513 1500 καθαιρεθῆναι
1541 1430 1750 1492 τοῦτον,

169 1524 267 1579 καὶ
290 1523 632 1596 ἐξορισθῆναι
671 1522 1083 1593 παρεσκεύασε.
1136 1522 1246 1576 Καὶ
1279 1520 1449 1584 οὕτω
1482 1522 1516 1592 ἡ
1565 1521 1752 1584 στάσις

169 1614 473 1669 ἐπαύσατο.

246 1877 337 1949 ιη’.
404 1878 733 1951 Θευδὲριχος
776 1880 806 1933 ὁ
848 1878 1095 1948 Ἀφρος,
1151 1877 1400 1931 διάκονόν
1451 1894 1569 1930 τινα
1610 1871 1754 1946 εἶχεν

169 1973 481 2043 ὀρθόδοξον,
515 1971 575 2025 ὃν
614 1973 755 2025 πάνυ
786 1970 980 2039 ἠγάπα
1014 1971 1109 2023 καὶ
1144 1968 1400 2022 ἐθαλπεν.
1433 1962 1600 2031 Οὗτος
1637 1968 1691 2020 δὲ
1726 1970 1755 2021 ὁ

168 2063 424 2125 διάκονος
468 2060 706 2133 νομίζων
748 2060 1057 2131 Θευδερίχῳ
1105 2057 1453 2131 χαρίζεσθαι,
1503 2059 1601 2128 τῆς
1658 2057 1755 2111 τοῦ

168 2155 471 2227 ὀμοουσίου
501 2155 737 2215 πίστεως
767 2154 1008 2213 ἀποστὰς
1041 2150 1174 2223 (64),
1209 2153 1318 2234 τοῖς
1355 2150 1566 2220 Ἀρείου
1590 2151 1755 2222 ἐφρό-

169 2262 312 2319 νησε
378 2245 514 2317 (65).
566 2243 734 2309 Γνοὺς
770 2244 826 2298 δὲ
857 2243 1013 2297 τοῦτο
1053 2242 1395 2313 Θευδέριχος,
1446 2242 1536 2295 τὸν
1584 2241 1758 2306 οὕτως

168 2336 549 2409 ἀγαπώμενον
592 2335 795 2399 εὐθέως
847 2335 1271 2402 ἀπεκεφάλισεν,
1318 2333 1490 2386 είπὼν
1515 2350 1528 2364 ⁸
1570 2334 1635 2387 Et
1680 2334 1758 2405 τῷ

168 2428 298 2500 Θεῷ
330 2428 514 2482 πίστιν
544 2427 646 2481 οὐκ
683 2425 976 2496 ἐφύλαξας,
1020 2425 1139 2488 πῶς
1179 2423 1451 2495 ἀνθρώπῳ
1503 2425 1758 2494 φυλάξεις

172 2519 490 2588 συνείδησιν
511 2512 869 2587 ὑγιαίνουσαν
886 2532 902 2580 ;

252 2607 340 2664 ιδ’.
378 2609 595 2681 Πέρσαι
638 2607 956 2678 κινηθέντες
1009 2605 1153 2660 κατὰ
1208 2601 1512 2677 Ῥωμαίων,
1549 2605 1759 2660 πολλῶν
1796 2599 1801 2605 ’

172 2701 522 2772 κατέδραμον
559 2701 809 2755 πόλεων·
841 2699 938 2752 καὶ
978 2698 1214 2769 μάλιστα
1253 2697 1498 2768 Ἀμίδης.
1547 2695 1656 2750 Τοῦ
1702 2696 1760 2750 δὲ

172 2792 446 2863 βασιλέως
485 2791 624 2862 πρὸς
681 2791 900 2863 Πέρσας
969 2789 1203 2853 σπονδὰς
1258 2792 1608 2861 ποιήσαντος,
1663 2788 1761 2843 καὶ

172 2883 339 2939 Βάνοι
368 2883 464 2938 τοῦ
499 2883 705 2939 Πόντου
738 2882 1081 2953 κατέδραμον
1107 2879 1241 2952 (66).

248 3066 321 3115 κ’.
382 3061 735 3122 ’Λναστὰσιος
755 3060 814 3114 δὲ
840 3062 919 3121 εἰς
947 3058 1016 3112 τὰ
1035 3056 1311 3129 πολεμικὰ
1341 3057 1757 3129 ἀσχολούμενος,

168 3152 279 3222 τῆς
310 3149 453 3205 κατὰ
483 3150 592 3204 τῶν
632 3151 931 3221 ὀρθοδόξων
967 3149 1248 3204 ἐπαύσατο
1300 3149 1441 3219 βίας.
1468 3149 1669 3203 Ἠνίκα
1701 3149 1760 3203 δὲ

176 3227 393 3315 μικρὰν
421 3243 485 3296 ἐκ
507 3241 617 3296 τῶν
649 3243 928 3312 πολεμίων
953 3241 1137 3295 ἄνεσιν
1174 3239 1368 3303 ἔλαϐε,
1424 3239 1584 3294 πάλιν
1618 3241 1762 3296 κατὰ

170 3334 280 3405 τῆς
320 3334 669 3405 Ἑκκλησέας,
700 3333 843 3388 κατὰ
879 3333 1213 3388 Μακεδονίου
1244 3333 1358 3405 (67)
1402 3332 1687 3398 ὡπλίζετο.

251 3515 363 3564 κα’.
401 3509 615 3574 Πολλὰς
654 3511 683 3564 ὁ
738 3509 993 3582 βασιλεὺς
1054 3508 1411 3573 ’Δναστάσιος
1458 3509 1757 3579 ἐκκλησίας

175 3599 241 3653 ιν
270 3598 687 3654 Κωνστανιίνου
715 3598 869 3653 πόλει
892 3598 1174 3652 ἀνέκτισε.
1222 3598 1322 3652 Διὰ
1341 3598 1442 3662 τὰς
1470 3600 1764 3669 γινομένας

175 3687 292 3742 ὑπὸ
317 3687 415 3741 τοῦ
442 3689 571 3743 λαοῦ
598 3690 816 3752 στάσεις
840 3690 899 3743 ὲν
922 3691 987 3760 τῇ
1018 3689 1173 3742 πόλει
1204 3688 1345 3742 κατὰ
1365 3689 1458 3741 τοῦ
1479 3688 1763 3759 βασιλέως,

174 3776 453 3849 ἔπενόησε
488 3779 580 3834 τὸν
615 3780 857 3852 ἔπαρχον
897 3778 1000 3849 τῆς
1042 3780 1251 3844 πόλεως
1289 3778 1604 3834 ἀκολουθεῖν
1644 3784 1766 3846 ταῖς

1850 522 2047 592 majori
2094 520 2318 593 quidem
2374 527 2532 589 parte
2576 519 2865 573 ordinatus
2904 528 2989 575 est
3038 521 3423 592 Symmachus,

1850 628 1995 667 unus
2030 627 2096 666 ex
2130 611 2410 676 diaconis;
2443 609 2512 664 ab
2538 609 2662 663 aliis
2686 624 2818 664 vero
2842 609 3190 667 Laurentius.
3215 612 3430 678 Quibus

1850 703 1919 758 de
1947 702 2130 757 causis
2173 702 2349 757 caades
2386 716 2450 755 ac
2480 700 2839 770 direptiones,
2873 711 2928 755 et
2958 702 3062 757 alia
3093 704 3232 758 mala
3262 704 3428 759 innu-

1851 794 2139 849 merabilia
2170 794 2358 849 Romae
2387 800 2516 847 sunt
2559 799 2895 861 perpetrata.
2936 792 3183 862 Cumque
3231 794 3431 866 hujus-

1852 884 2001 939 modi
2053 883 2401 954 perturbatio
2450 892 2560 938 tres
2608 882 2902 937 ctmtinuos
2949 898 3124 937 annos
3185 885 3240 939 in
3292 887 3431 942 urbe

1854 976 2028 1030 Roma
2070 982 2515 1045 perseverasset,
2558 971 2940 1028 Theodoricus
2987 971 3137 1035 Afer,
3163 974 3257 1042 qui
3314 985 3433 1029 tum

1853 1067 2040 1122 Romae
2073 1066 2359 1136 regnabat,
2388 1064 2641 1134 quamvis
2668 1073 2816 1119 secta
2859 1072 3005 1118 esset
3035 1063 3292 1130 Arianus,
3317 1067 3434 1121 col-

1852 1156 1994 1211 lecta
2030 1166 2211 1211 tamen
2255 1156 2640 1225 episcOpornm
2687 1153 2918 1223 synodo,
2951 1153 3281 1221 Symmacho
3313 1155 3437 1223 qui-

1853 1243 1978 1299 dem
2030 1245 2408 1314 episcopatum
2458 1242 2614 1296 urbis
2646 1242 2834 1296 Roma:
2880 1241 3437 1296 conlirmavit:Lau-

1854 1335 2092 1390 rentium
2119 1350 2251 1390 vero
2276 1335 2558 1404 cujusdam
2590 1333 2770 1398 urbis,
2797 1348 2919 1402 quas
2948 1332 3185 1386 Nuceria
3209 1332 3434 1397 dicitur,

1852 1424 2170 1494 episcopum
2204 1422 2511 1477 constituit.
2552 1420 2889 1477 Laurentius
2923 1429 3105 1476 tamen
3148 1421 3436 1491 haudqua-

1853 1530 2017 1585 quam
2046 1515 2276 1585 quievit,
2307 1515 2404 1569 sed
2439 1515 2817 1585 episcopatum
2850 1512 3007 1568 urbis
3033 1514 3221 1568 Romae
3255 1512 3440 1568 adhuc

1854 1604 2064 1658 ambire
2103 1618 2214 1658 non
2244 1602 2476 1659 destitit.
2505 1603 2678 1669 Quam
2711 1603 2783 1658 ob
2818 1617 3041 1658 causam
3071 1617 3197 1657 eum
3232 1603 3438 1673 deponi

1856 1701 1911 1748 et
1941 1694 1995 1747 in
2025 1695 2277 1749 exsilium
2304 1694 2446 1749 mitti
2476 1695 2690 1749 curavit
2714 1694 3095 1766 Symmachus.
3125 1695 3302 1764 Atque
3332 1694 3440 1750 hoc

1786 1785 1829 1840 Β
1858 1784 2023 1840 modo
2050 1785 2252 1839 seditio
2276 1786 2560 1855 consopita
2594 1793 2699 1840 cst.

1930 1876 2016 1931 l8.
2050 1875 2429 1931 Theodoricus
2450 1875 2581 1929 Afer
2612 1876 2906 1932 diaconum
2931 1876 3223 1947 quemdam
3251 1877 3441 1932 ortho-

1857 1966 2061 2022 doxum
2094 1967 2311 2034 habuit,
2360 1984 2525 2037 quem
2570 1969 2732 2023 unice
2775 1969 3040 2039 diligebat
3086 1984 3150 2024 ac
3195 1969 3437 2025 fovebat.

1858 2057 1960 2113 Hic
1990 2073 2103 2112 rem
2129 2068 2338 2128 gratam
2362 2058 2705 2113 Theodorico
2732 2059 3004 2113 facturum
3040 2074 3098 2114 se
3121 2059 3437 2126 arbitratus,

1858 2163 1889 2201 a
1930 2148 2413 2204 consubstantialis
2442 2149 2547 2204 lide
2580 2149 2891 2216 discedens,
2923 2148 3041 2204 Arii
3072 2149 3271 2220 dogma
3320 2166 3441 2206 am-

1858 2242 2052 2312 plexus
2082 2249 2185 2296 est.
2213 2240 2368 2306 Quod
2398 2242 2494 2296 ubi
2522 2243 2791 2311 comperit
2822 2242 3222 2301 Theodoricus.
3255 2245 3441 2298 statim

1858 2334 1909 2387 ei
1944 2348 2108 2402 quem
2159 2340 2445 2402 tantopere
2474 2332 2760 2403 diligebat,
2800 2342 2966 2403 caput
2995 2336 3322 2403 amputavit,
3356 2335 3443 2390 his

1859 2424 2047 2479 verbis
2092 2439 2224 2479 usus
2254 2441 2267 2477 :
2295 2422 2350 2478 Si
2395 2424 2508 2478 Deo
2540 2423 2702 2477 (idem
2752 2439 2863 2479 non
2907 2424 3159 2489 servasti,
3203 2440 3442 2494 quonam

1861 2522 2021 2585 pacto
2051 2515 2320 2569 sinceram
2349 2515 2743 2570 conscientiam
2774 2514 2983 2569 homini
3007 2524 3326 2571 servaturus
3345 2517 3447 2571 es?

1931 2604 2019 2660 l9.
2076 2607 2276 2671 Persae,
2326 2605 2677 2674 expeditione
2723 2614 2975 2674 suscepta
3021 2605 3287 2662 adversus
3331 2607 3445 2663 Ro-

1860 2710 2054 2751 manos
2084 2696 2285 2751 multas
2318 2696 2505 2760 urbes,
2543 2711 2607 2750 ac
2641 2696 2916 2765 praecipue
2943 2695 3193 2750 Amidam
3231 2696 3448 2752 invase-

1862 2796 2013 2842 runt.
2045 2786 2240 2841 Postea
2274 2801 2409 2841 vero
2439 2801 2564 2840 cum
2600 2786 2901 2855 imperator
2922 2784 3243 2841 Anastasius
3266 2785 3443 2842 fmdns

1863 2892 1988 2933 cum
2018 2877 2203 2933 Persis
2232 2876 2475 2937 fecisset,
2509 2876 2678 2930 Tzani
2708 2891 2928 2946 quoque
2974 2877 3031 2930 in
3071 2877 3307 2932 Pontum
3354 2892 3449 2932 ex-

1863 2968 2154 3023 cursiones
2178 2967 2452 3022 fecerunt.

1933 3059 2024 3115 20.
2060 3060 2232 3114 Porro
2279 3058 2627 3125 Anastasius,
2674 3060 2917 3129 quandiu
2964 3059 3187 3130 quidem
3233 3061 3448 3118 bellicis

1866 3152 2035 3208 rebus
2069 3150 2352 3205 districtus
2386 3150 2695 3216 tenebatur,
2730 3151 2798 3205 ab
2843 3151 3273 3206 orthodoxorum
3319 3168 3449 3222 per-

1869 3244 2154 3298 secutione
2210 3241 2497 3297 abstinuit.
2552 3242 2846 3311 Postquam
2899 3258 3031 3298 vero
3080 3244 3361 3312 paululum
3415 3261 3447 3299 a

1868 3334 2083 3388 bellicis
2127 3332 2585 3403 occupationibus
2608 3332 2919 3401 respiravit,
2969 3332 3153 3387 denuo
3184 3333 3450 3390 adversus

1868 3422 2141 3478 Ecclesias
2161 3431 2218 3477 et
2250 3431 2443 3476 contra
2474 3420 2853 3477 Macedonium
2885 3422 3205 3477 insurrexit.

1938 3514 2028 3568 2i.
2059 3514 2387 3569 Anastasius
2426 3515 2726 3583 imperator
2759 3513 2961 3568 multas
3004 3514 3271 3569 ecclesias
3304 3513 3451 3570 Con-

1866 3604 2221 3674 stantinopoli
2263 3604 2611 3659 instauravit.
2645 3602 2917 3659 Cmterum
2970 3604 3043 3658 ob
3077 3605 3302 3660 crebras
3350 3621 3451 3675 po-

1864 3694 1982 3764 puli
2013 3693 2311 3749 seditiones
2336 3709 2459 3764 qua:
2503 3692 2561 3747 in
2609 3694 2746 3748 urbe
2789 3692 2938 3764 regia
2968 3692 3237 3749 adversus
3267 3695 3447 3764 ipsum

1864 3784 2088 3850 ﬁebant,
2117 3784 2450 3855 excogitavit
2472 3785 2796 3840 Anastasius
2854 3793 2915 3839 ut
2963 3783 3253 3854 praefectus
3296 3785 3449 3841 urbis

1400 3893 1672 3950 VALESII
1701 3894 2148 3953 ANNOTATION
2158 3898 2257 3953 ES.

175 3983 243 4039 id
272 3982 547 4056 evenisse,
592 3992 657 4038 ut
683 3998 795 4056 uno
819 3984 933 4056 jam
968 3985 1151 4056 electo
1176 3984 1463 4056 pontifice,
1497 3986 1640 4041 alter
1671 4002 1766 4041 su-

176 4053 588 4125 pereligeretur
612 4053 933 4125 episcopus.
953 4053 1108 4125 Quod
1151 4053 1375 4125 quidem
1410 4070 1539 4110 raro
1572 4056 1766 4110 admo-

177 4123 321 4196 dum
352 4123 542 4196 Romae
569 4123 870 4196 contigisse
912 4123 1196 4179 fatendum
1237 4132 1343 4190 est,
1393 4133 1764 4196 praeterquam

178 4193 242 4247 in
271 4192 598 4261 pontiﬁcatu
626 4192 868 4249 Damasi.

257 4261 813 4334 (ὓῇθευδέριχοςῤ
838 4265 1082 4334 ῗΑφρος.
1106 4263 1325 4334 Quaeret
1344 4263 1435 4334 hic
1465 4263 1761 4334 quispiam,

180 4346 288 4388 cur

178 4400 337 4457 enim
363 4401 808 4470 cognominatur.
826 4417 937 4457 non
959 4402 1135 4457 solum
1166 4417 1196 4455 a
1222 4401 1519 4457 Theodoro
1547 4411 1759 4468 nostro,

180 4472 285 4541 sed
318 4469 489 4525 etiam
539 4485 569 4524 a
597 4469 934 4541 Theophane
980 4487 1045 4526 ac
1097 4471 1432 4540 Nicephoro.
1487 4472 1761 4541 Equidem

178 4540 367 4596 fateor
396 4541 563 4611 hujus
578 4540 1167 4611 cognomenticausam
1195 4541 1332 4594 mihi
1353 4540 1582 4611 prorsus
1604 4542 1764 4611 igno-

183 4618 299 4665 tam
324 4608 485 4666 esse.‘
503 4608 680 4680 Graeci
706 4610 930 4680 quidem
962 4608 1371 4667 Theodoricuni
1398 4610 1580 4680 hunc,
1601 4608 1765 4668 Vala-

179 4693 402 4761 merem
421 4678 834 4761 cognominant,
856 4695 924 4761 eo
953 4680 1099 4761 quod
1140 4679 1440 4761 Valameris
1472 4679 1637 4761 regis
1655 4681 1767 4737 Go-

184 4748 413 4832 thorum
440 4747 587 4803 [ilius
618 4759 789 4832 esset,
815 4759 912 4832 aut
952 4747 1135 4832 potius
1167 4764 1365 4832 nepos.
1398 4751 1484 4804 An
1531 4747 1767 4832 fortasse

182 4817 355 4873 ναίει·
380 4819 804 4889 cognominatus
830 4817 1046 4885 est,'ob
1096 4817 1353 4874 eximiam
1405 4819 1763 4889 prudentiam

182 4898 355 4960 atque
386 4888 645 4942 astutiam
684 4907 698 4941 :
729 4890 878 4959 quod
911 4896 1338 4960 cognomentum
1362 4888 1554 4959 pbstea
1587 4889 1764 4946 Graeci

182 4957 449 5029 inﬁcppo;
471 4957 760 5029 mutarunt
786 4973 954 5029 :icum
987 4957 1233 5029 'Val‘rum
1273 4957 1419 5012 idem
1473 4973 1596 5014 esse
1637 4975 1763 5015 cum

180 5025 763 5099 Afroexistimarent.
801 5028 909 5084 Sed
942 5028 1073 5099 haec
1098 5026 1236 5099 levis
1258 5029 1580 5099 conjectura
1619 5038 1727 5084 est.

284 5095 376 5169 σι)
405 5098 673 5169 Πίστεως
713 5098 1011 5169 ὑποστάς.
1046 5095 1414 5169 Scriben‘duin
1456 5106 1542 5153 est
1574 5100 1766 5169 procul

1875 4005 1998 4061 rum
2025 4006 2212 4061 amore
2252 3991 2452 4061 arsisse
2484 3990 2640 4061 ﬁngit
2671 4007 2685 4044 :
2720 3990 2876 4060 .quod
2911 3997 3095 4047 tamen
3150 4006 3262 4047 non
3310 3992 3448 4052 dicit

1873 4058 2243 4130 Nicephorus.
2283 4060 2375 4115 Sic
2401 4058 2680 4130 enim'ille
2709 4058 3000 4124 ε’διάκονός
3027 4079 3112 4124 τις
3159 4064 3224 4130 τῇ
3270 4063 3449 4129 ὑγιαια

1872 4128 2039 4202 νούσῃ
2059 4128 2240 4202 πίστει
2258 4128 2508 4202 σαξοιχῶν.
2529 4130 2849 4202 περιμανῶς
2866 4128 3443 4202 ᾕγαπᾶτολτῷνΑφρῳ,

1873 4198 1971 4250 καὶ
1998 4197 2204 4267 παντὸς
2229 4197 2323 4250 τοῦ
2351 4197 2572 4267 ἥδοντος
2601 4197 2734 4267 παρ’
2762 4197 2973 4251 ἐκείνου
3004 4197 3273 4267 ἀπήλαυε.
3308 4197 3443 4266 Quae

1872 4267 1951 4337 sic
1980 4265 2244 4321 vertenda
2272 4265 2434 4337 erant
2465 4284 2479 4320 :
2512 4265 2817 4321 Ministrum
2845 4265 3147 4337 quemdam,
3172 4265 3446 4326 catholica

368 4330 702 4407 heodoricus
731 4330 1039 4407 Gothorum
1068 4347 1166 4387 rex
1210 4332 1344 4407 ᾼ-Ιξειο
1384 4330 1621 4407 dicatur.
1673 4333 1765 4391 Sic
1792 4337 1840 4396 D
1866 4335 1992 4407 ﬁdei
2016 4344 2350 4407 sectatorem,
2378 4336 2726 4407 Theodoricus
2762 4330 2891 4407 Afer
2915 4339 3109 4391 mirum
3135 4330 3206 4391 Vin
3231 4342 3444 4395 modum

1869 4406 2253 4479 ad_amabut,_et
2293 4416 2484 4479 cuncta
2517 4423 2634 4476 quae
2660 4406 2742 4461 illi
2761 4406 3002 4477 jucunda
3043 4417 3232 4474 essent,
3262 4426 3445 4479 prom-

1869 4477 2108 4546 ptissime
2135 4475 2414 4546 tribuebat.
2529 4475 2536 4476 7
2763 4475 2773 4477 ἡ
3262 4475 3273 4479 ⁷
3386 4487 3390 4492 ’

1945 4544 2057 4615 (65)
2087 4544 2212 4618 Τοῖς
2255 4546 2473 4618 Ἀρείου
2504 4546 2864 4618 ἐφρόνησεν.
2890 4547 3120 4602 Rectius
3139 4547 3284 4618 apud
3318 4548 3445 4605 Sui-

1871 4613 1996 4688 dam
2017 4613 2320 4688 scribitur,
2353 4616 2423 4669 τὰ
2456 4613 2668 4688 Ἀρείου
2698 4617 3016 4688 ἐφρόνησεν.

1949 4684 2059 4756 (66)
2097 4685 2207 4739 Kal
2238 4684 2431 4756 Bcirot
2451 4684 2558 4741 τοῦ
2602 4684 2830 4741 πόνέὸυ
2860 4684 3253 4756 κατέδραμον.
3291 4689 3444 4746 Scri-

1873 4753 2119 4824 bendum
2177 4756 2369 4824 procul
2402 4754 2577 4812 dubio
2608 4765 2695 4813 est
2725 4761 2821 4811 καὶ
2850 4753 3069 4822 Τζάνοι.
3114 4753 3312 4823 Τιαηί.
3344 4775 3443 4815 seu

1874 4823 2005 4894 Zani
2044 4823 2235 4894 populi
2271 4833 2432 4879 erant
2464 4826 2622 4881 Lazis
2650 4825 2870 4881 ﬁnitimi
2906 4835 2964 4882 et
3002 4828 3280 4884 Armeniis
3322 4845 3335 4881 :
3375 4829 3445 4887 dc

1873 4893 2078 4966 quibus
2115 4893 2285 4966 multa
2318 4895 2513 4966 scripsi
2552 4896 3094 4966 ingadnotationibus
3123 4897 3190 4952 ad
3240 4898 3444 4954 librum

1872 4976 1976 5036 grav
2001 4963 2279 5018 Ammiani
2332 4963 2654 5036 Marcellini,
2705 4965 2851 5021 haud
2904 4968 3095 5036 procul
3145 4969 3214 5023 ab
3261 4968 3445 5024 initio.

1872 5029 1987 5086 Hoc
2015 5041 2198 5087 autem
2231 5033 2493 5088 mendum
2519 5044 2706 5089 natum
2735 5044 2821 5091 est
2849 5029 2921 5090 ei
2945 5036 3209 5092 affinitate
3234 5038 3446 5093 littera-

1873 5117 2041 5175 _r_um__:
2072 5116 2199 5156 nam
2234 5102 2312 5166 τζ¹
2336 5112 2393 5158 ει
2431 5103 2463 5174 β
2498 5119 2747 5175 magnam
2786 5104 2932 5161 inter
2959 5121 3018 5161 sc
3050 5107 3259 5163 habent
3287 5108 3443 5162 simi-

182 5165 364 5238 dubio
395 5166 682 5238 directae.
715 5167 1029 5238 utﬁflegitur
1072 5169 1216 5238 apud
1261 5166 1491 5238 Suidam
1545 5165 1601 5222 in
1634 5185 1771 5225 voce
1869 5171 2185 5226 litudincm.

181 5235 532 5306 Θευδέριχος,
557 5237 649 5291 ubi
672 5236 765 5292 hic
781 5235 1057 5291 Theodori
1077 5235 1231 5292 locus
1243 5236 1596 5293 describitur.
1613 5238 1772 5292 Eam-

180 5305 316 5360 dem
344 5305 638 5361 hiStoriam
665 5322 735 5362 ex
768 5307 1063 5362 Theodoro
1093 5317 1285 5361 nostro
1316 5307 1585 5361 describit
1610 5309 1770 5363 Nice-

180 5374 396 5445 phorus
416 5377 722 5448 inqcap.g55,
739 5377 836 5448 lib.
859 5377 1151 5448 l6.Verum
1172 5378 1293 5448 ejus
1321 5376 1598 5447 interpres
1614 5380 1767 5448 gravi

179 5446 524 5501 contumelia
553 5446 739 5502 aﬂ‘ecit
772 5446 1214 5513 Theodericum,
1245 5447 1378 5513 dum
1410 5446 1537 5501 eum
1568 5446 1771 5518 puero-

1946 5241 2057 5313 (67)
2091 5241 2251 5313 Κατὰ
2310 5241 2423 5309 τῆς
2465 5244 2846 5311 Ἐκκλησιάς,
2892 5244 3044 5298 κατὰ
3095 5246 3201 5300 τοῦ
3246 5248 3444 5300 Μακε-

1871 5308 2100 5382 δοὺίου.
2129 5311 2307 5382 Lego
2345 5308 2489 5366 κατὰ
2521 5313 2623 5382 τῆς
2668 5308 3019 5382 Ἐκκλησίας,
3065 5317 3159 5369 καὶ
3196 5316 3446 5371 Μακεδο-

1873 5380 2008 5434 νίου.
2044 5380 2180 5435 Vide
2217 5380 2635 5451 TheOpbanem,
2677 5399 2802 5454 pag.
2844 5380 2965 5439 l28.

1638 5559 2025 5617 VARlURUM.

258 5654 339 5736 (ar)
372 5655 555 5723 Τριῶν
603 5655 927 5736 ἐνιαυτῶν.
959 5656 1096 5736 Male
1137 5657 1306 5711 vertit
1353 5656 1628 5736 Valesius,
1662 5666 1767 5710 tres

179 5725 457 5782 continuos
478 5743 690 5793 annos;
731 5741 857 5781 cum
918 5726 1082 5783 tertio
1130 5742 1275 5782 anno
1323 5725 1569 5781 nondum
1624 5740 1771 5780 com-

1880 5657 2029 5732 pleto
2058 5656 2470 5732 seditioﬂsopita
2512 5651 2705 5728 fuerit,
2743 5660 2921 5731 inquit
2957 5661 3156 5732 Pagius
3203 5662 3275 5719 ad
3314 5675 3457 5725 ann.‘

1882 5726 2006 5793 500,
2043 5744 2101 5781 n.
2143 5727 2194 5784 8.
2227 5727 2312 5783 W.
2352 5726 2569 5785 Lowru.
2691 5726 2698 5728 ⁷
2818 5726 2836 5731 ”
3036 5726 3057 5732 ⁷
3449 5737 3456 5745 ’

3447 5809 3476 5855 .i
