3958 6288
531 289 705 386 1,3415

1717 333 1734 353 ι
1808 299 2080 363 SANCTI
2115 297 2414 361 BARSAN
2421 297 2609 360 UPHI
2616 297 2644 357 Ι

579 427 730 491 .dum
764 417 1079 482 diabolum;
1116 416 1235 473 haac
1267 432 1298 471 a
1327 414 1449 470 luto
1477 429 1591 470 non
1619 414 1961 482 extrahunt,
2001 413 2098 470 sed
2126 412 2184 468 in

2301 411 2556 484 βορϐόρου
2594 412 2697 465 οὐκ
2744 409 3069 466 ἀνασπῶσιν
3094 451 3110 476 ,
3148 410 3268 465 ἀλλ’
3297 410 3380 473 εις
3411 407 3722 482 βόρϐορον
3755 421 3886 461 uu-

609 520 778 565 lutum
805 512 1172 580 demergunt;
1209 509 1328 564 haec
1346 515 1478 564 sunt
1503 507 1714 562 zizania
1741 522 1866 578 qua:
1889 505 2185 562 seminavit

608 601 861 654 inimicus
897 600 951 653 in
978 616 1112 666 auro
1145 599 1596 670 patrisfamilias;
1629 598 1716 654 hat
1745 599 1916 669 spinae
1941 597 2186 653 subortae

607 689 660 744 in
693 700 840 744 terra
874 707 904 745 a
940 691 1176 745 Domino
1213 691 1328 746 Deo
1359 690 1656 746 maledicta
1688 707 1702 743 :
1737 690 1994 745 universa
2027 703 2186 744 men-

606 781 846 846 dacium,
864 783 1122 838 universa
1143 783 1407 850 tenebrae,
1429 783 1693 837 universa
1721 796 1904 847 error,
1931 781 2187 836 universa

499 924 507 934 .
607 890 634 928 a
661 873 774 927 Deo
795 874 1000 929 aliena.
1025 875 1172 946 Fuge
1195 875 1308 938 illa,
1340 875 1534 942 frater,
1569 891 1642 930 ne
1674 863 1908 930 verbum
1940 874 2188 944 ipsorum

591 5121 606 5170 Ι

608 963 862 1017 firmetur
886 951 1149 1018 in'corde
1179 973 1294 1018 tuo.
1325 963 1454 1020 llaec
1483 965 1756 1036 lacrymas
1801 963 2186 1032 exstinguunt,

609 1055 726 1109 haec
746 1070 844 1110 cor
859 1065 1158 1120 excaecant,
1182 1057 1239 1110 in
1265 1071 1479 1112 summa
1499 1055 1744 1126 perdunt
1771 1055 2028 1111 homines
2051 1053 2190 1124 ipsis

609 1146 980 1202 attendentes.
1035 1147 1115 1202 Ne
1149 1158 1264 1203 stes
1315 1148 1370 1204 in
1425 1149 1571 1216 illis,
1605 1163 1676 1204 ne
1730 1147 2017 1202 mediteris
2073 1161 2186 1200 ea:

611 1239 979 1294 amaritudine
1009 1241 1217 1310 quippe
1237 1249 1368 1296 sunt
1403 1241 1588 1310 plena,
1635 1239 1962 1308 fructusque
2001 1237 2192 1294 ferunt

612 1328 680 1382 ad
695 1337 950 1383 mortem.
981 1328 1142 1385 Circa
1171 1329 1487 1384 futurorum
1516 1338 1701 1385 autem
1721 1328 2093 1400 cognitionem
2121 1345 2191 1384 ne

612 1422 906 1476 erraveris.
953 1421 1012 1476 Si
1061 1421 1152 1477 hic
1181 1419 1583 1488 seminave'ris,
1637 1421 1754 1475 illic
1807 1431 2006 1477 metes.
2058 1421 2192 1476 Post

615 1510 921 1579 profectum
950 1511 1082 1566 hinc
1106 1526 1273 1566 nemo
1305 1511 1574 1581 prolicere
1596 1520 1798 1581 potest.
1826 1511 1949 1566 Non
1977 1511 2194 1567 laborat

616 1600 760 1653 Deus
787 1598 840 1652 in
875 1599 1114 1654 creando
1155 1599 1396 1654 animam
1428 1615 1538 1654 una
1577 1615 1706 1654 cum
1743 1615 1998 1669 corpore.
2031 1599 2191 1656 Circa

614 1691 867 1745 caelestes
894 1701 1080 1746 autem
1114 1691 1361 1756 ordines,
1389 1691 1566 1746 cuivis
1593 1691 1805 1746 homini
1829 1691 2016 1746 divina
2045 1691 2194 1746 Scri-

615 1791 776 1850 ptura
814 1798 878 1838 os
915 1783 1143 1838 obturat
1182 1783 1270 1838 his
1313 1783 1500 1838 verbis
1533 1801 1546 1837 :
1577 1783 1726 1840 Dixit
1760 1792 1810 1838 et
1850 1785 1996 1854 [acta
2041 1792 2189 1850 sunt,
2220 1750 2270 1812 Β

617 1875 890 1929 mandavit
921 1885 971 1928 et
999 1885 1179 1929 creata
1199 1883 1343 1929 sunt.
1375 1873 1572 1929 Statuit
1597 1893 1662 1930 ea
1693 1877 1746 1930 in
1777 1885 2034 1931 aeternum
2061 1885 2111 1930 et
2137 1878 2194 1932 in

613 1966 868 2020 meatum
902 1967 1084 2021 δαῖσαιὶ
1113 1969 1154 2022 ⁸.
1185 1969 1256 2022 Et
1289 1983 1412 2038 quae
1431 1969 1578 2024 Deus
1602 1969 1911 2032 constituit,
1938 1985 2052 2024 non
2075 1984 2198 2023 mu-

617 2064 823 2112 tantur.
847 2057 968 2111 Non
993 2067 1079 2112 est
1095 2059 1243 2112 enim
1263 2061 1318 2112 in
1343 2073 1412 2113 eo
1436 2061 1692 2125 mutatio,
1714 2061 2021 2116 secundum
2045 2059 2195 2115 Scri-

617 2158 855 2218 pturam.
890 2150 1127 2205 Ubinam
1172 2151 1321 2206 enim
1368 2153 1626 2222 reperisti
1661 2153 1842 2224 angeli
1884 2153 2197 2224 cuiuspiam

615 2244 862 2297 studium
893 2243 1348 2314 diligentiamque
1395 2245 1570 2315 ipsam
1617 2245 1686 2300 ad
1741 2245 2052 2314 profectum
2099 2245 2198 2301 de-

616 2333 879 2389 duxisse?
906 2335 1122 2398 Frater,
1163 2336 1258 2390 ubi
1303 2345 1390 2390 est
1419 2337 1692 2405 operatio,
1717 2336 1833 2391 illic
1855 2344 1913 2390 et
1943 2352 2191 2403 merces;

618 2425 712 2479 ubi
749 2434 1056 2488 certamen,
1083 2427 1156 2480 ibi
1187 2442 1427 2481 coronae.
1458 2427 1672 2490 Frater,
1703 2427 1748 2481 si
1781 2434 1834 2481 te
1861 2427 2076 2482 salvum
2103 2442 2198 2481 ve-

617 2493 693 2571 lis
721 2557 735 2580 ,
789 2533 858 2572 ne
891 2526 943 2571 te
989 2517 1044 2571 in
1075 2533 1164 2573 res
1202 2517 1524 2588 huiusmodi
1565 2518 1855 2588 coniicias.
1903 2517 2196 2572 Testiﬁcor

619 2607 721 2661 tibi
757 2607 1142 2686 inconspectu
1176 2607 1362 2662 Patris
1388 2615 1448 2662 et
1472 2607 1598 2662 Filii
1625 2615 1684 2662 et
1711 2607 1953 2678 Spiritus
1995 2607 2193 2674 sancti,

621 2707 676 2752 te
706 2697 761 2750 in
793 2697 1008 2752 foveam
1063 2697 1270 2752 diaboli
1317 2699 1582 2754 incidisse
1625 2707 1683 2755 et
1729 2700 1787 2754 in
1820 2699 2076 2755 ultimum
2107 2701 2199 2754 ina

617 2789 870 2844 teritum.
899 2790 1148 2846 Abscede
1177 2791 1399 2846 tandem
1429 2792 1499 2847 ab
1523 2778 1613 2859 iis,
1639 2800 1698 2848 et
1718 2792 1944 2847 Patrum
1965 2793 2196 2862 vestigia

619 2891 857 2939 sectare.
885 2883 1157 2955 Compara
1185 2886 1286 2940 tibi
1319 2886 1688 2942 humilitatem
1714 2895 1772 2942 et
1797 2887 2194 2953 obedientiam,

619 2973 912 3044 lacrymas,
950 2975 1424 3041 exercitationem,
1456 2986 1862 3047 paupertatem,
1905 2978 2197 3034 sententiae

619 3066 858 3135 propriae
885 3066 1303 3137 abnegalionem
1327 3109 1342 3135 ,
1373 3075 1430 3124 et
1457 3069 1502 3123 si
1537 3085 1650 3139 qua
1676 3077 1806 3124 sunt
1851 3069 2192 3140 huiusmodi,
2223 3103 2268 3164 Ε

619 3165 682 3212 ιιι
737 3166 794 3211 et
836 3158 890 3212 in
929 3158 1094 3214 dictis
1126 3168 1182 3213 et
1223 3160 1278 3214 in
1321 3160 1436 3215 vita
1464 3175 1660 3214 eorum
1725 3160 1956 3228 reperis.
2009 3161 2197 3216 Facito

619 3257 804 3302 autem
835 3249 1048 3304 fructus
1079 3251 1278 3320 dignos
1313 3251 1693 3320 poenitentia;
1727 3265 1906 3320 neque
1945 3251 2199 3306 attendas

622 3333 757 3386 mihi
788 3333 994 3388 dicenti
1021 3335 1268 3404 quidem,
1300 3336 1397 3391 sed
1425 3353 1536 3391 non
1567 3337 1810 3393 facienti.
1842 3337 1948 3394 Sed
1972 3354 2199 3408 precare

623 3433 685 3477 ut
709 3441 810 3494 ego
839 3441 1059 3496 quoque
1088 3429 1156 3482 ad
1186 3429 1441 3485 veritatis
1470 3431 1838 3502 cognitionem
1860 3433 2196 3503 perveniam,

623 3516 690 3569 ad
731 3517 960 3586 gloriam
1007 3531 1248 3588 sanctae,
1307 3523 1796 3578 consubstantialis
1843 3540 1909 3580 ac
1967 3525 2200 3580 vivificze

625 3607 915 3665 Trinitatis
943 3610 997 3664 in
1024 3613 1223 3667 saecula
1247 3614 1598 3670 saeculorum.
1625 3615 1822 3670 Amen.

1235 3815 1614 3890 Interrogatio.

695 3925 844 3981 lde’m
881 3927 1052 3983 frater
1091 3929 1241 3985 circa
1270 3930 1466 3987 eadem
1497 3947 1688 3988 senem
1725 3931 1897 3987 alium
1945 3931 2200 3988 abbatem

621 4018 890 4074 Joannem
923 4019 1304 4092 interrogavit.

1279 4134 1584 4206 Responsio.

695 4246 821 4301 llrec
853 4247 1125 4317 sapientia
1151 4263 1262 4303 non
1294 4262 1361 4302 ex
1391 4249 1534 4304 coelo
1565 4255 1670 4313 est,
1723 4248 1818 4304 sed
1847 4265 1914 4305 ex
1952 4248 2202 4305 daemone

627 4339 681 4392 in
709 4339 948 4392 animam
977 4339 1258 4407 profecta;
1293 4337 1410 4392 hate
1429 4338 1681 4392 doctrina
1703 4337 1910 4394 diaboli
1933 4347 2050 4406 est;
2085 4339 2204 4394 haec

627 4444 724 4484 eos
749 4429 842 4497 qui
875 4428 976 4498 ipsi
1004 4429 1248 4482 animum
1285 4427 1570 4492 adhibent,
1598 4429 1656 4482 in
1689 4430 2022 4500 supplicium
2042 4437 2206 4486 aeter-

2285 503 2631 568 ποντίζουσιν
2664 519 2678 533 ⁸
2714 502 2890 556 ταῦτά
2917 499 3056 556 ἐισι
3103 503 3170 557 τά
3226 502 3456 568 ζιζάνια
3494 501 3543 556 ἃ.
3593 501 3880 567 ἔσπειρενέ

2285 593 2478 664 ἐχθρὸς
2504 595 2564 646 ἐν
2591 593 2669 658 τῷ
2709 591 2864 664 ἀγρῷ
2893 593 2984 647 τοῦ
3011 594 3394 648 οἰκώεσπότου
3423 612 3439 625 ο
3476 587 3676 647 αὗταί
3703 592 3880 644 statui

2287 686 2524 741 ἀκάνθαι
2569 687 2626 740 αἱ
2658 685 2988 756 ἀναφυεῖσαι
3037 689 3096 739 ὲν
3127 689 3195 758 τῇ
3253 689 3325 758 γῇ
3366 685 3775 755 κατηραμὲντ,
3806 684 3880 734 iis

2286 777 2563 832 Δεσπότου
2592 775 2728 829 Θεοῦ
2749 791 2764 808 ·
2796 777 2896 830 ὅλα
2927 775 3138 842 σκότος,
3165 777 3265 830 ὅλα
3283 776 3498 848 πλάνη,
3518 775 3637 829 ὅλα
3659 773 3878 844 ἀλλότρια

2286 870 2446 925 Θεοῦ.
2474 868 2652 938 Φεῦγε
2708 869 2872 934 αὐτὰ,
2914 869 3136 939 ἀδελφέ,
3175 868 3250 940 μὴ
3308 869 3622 939 βεϐαιωθῇ
3683 869 3713 920 ὁ
3757 867 3881 934 λόγος

2288 965 2468 1018 αὐτῶν
2518 967 2578 1018 ὲν
2621 969 2688 1038 τῇ
2735 966 2937 1037 καρδία
2981 983 3098 1020 σου.
3126 965 3464 1036 Ξηραίνουσι
3529 963 3783 1035 δάκρυα,
3807 978 3877 1014 τδ-

2289 1057 2481 1127 φλοῦσι
2525 1059 2624 1130 τὴν
2664 1059 2916 1128 καρδίαν,
2946 1056 3289 1125 ἁπαξαπλῶς
3351 1055 3735 1110 ἀπολλύουσι
3779 1056 3876 1117 τοὺς

2290 1149 2657 1220 προσέχοντας
2699 1153 2884 1216 αὐτοῖς
2931 1149 3272 1222 ἀνθρώπους.
3297 1149 3392 1220 Μὴ
3423 1151 3583 1220 στῆς
3605 1149 3672 1201 ὲν
3705 1148 3876 1210 απ.

2293 1239 2370 1312 μὴ
2432 1240 2736 1312 μελετήσῃς
2775 1241 2934 1295 αὐτά.
2970 1240 3206 1311 Πικρίας
3254 1239 3527 1311 γέμουσι,
3559 1238 3672 1292 καὶ
3726 1237 3876 1290 nhs.

2292 1331 2520 1403 φοροῦσι
2557 1333 2804 1404 καρποὺς
2828 1334 2909 1397 είς
2941 1332 3194 1386 θάνατον.
3221 1332 3359 1402 Περὶ
3397 1331 3460 1384 δὲ
3491 1332 3622 1400 τῆς
3651 1331 3875 1399 γνώσεως

2291 1425 2402 1478 τῶν
2432 1417 2736 1494 μελλόντων
2775 1424 2850 1496 μὴ
2875 1425 3178 1496 πλανηθῇς.
3197 1425 3323 1481 Ἐὰν
3353 1423 3613 1494 σπείρης
3646 1423 3876 1485 ἐνταῦθα,

2295 1519 2411 1570 ἐκεῖ
2441 1515 2703 1585 θερίζεις,
2729 1516 2830 1569 οὐκ
2861 1515 2940 1569 ἔνι
2968 1516 3110 1586 μετά
3128 1515 3228 1587 τὴν
3253 1515 3447 1586 ἄφιξιν
3481 1515 3612 1568 τῶν
3642 1508 3747 1568 ὧδε
3773 1530 3876 1582 προ-

2294 1607 2461 1677 κόψαι
2505 1606 2648 1660 τινά.
2679 1608 2754 1660 Οὐ
2803 1608 2973 1678 κοπιᾷ
3023 1609 3052 1660 ὁ
3087 1607 3220 1670 Θεὸς
3272 1606 3585 1675 συγκτίσαι
3622 1605 3876 1674 ἀνθρώπῳ

2297 1699 2440 1754 κατὰ
2469 1699 2528 1770 (l.
2557 1698 2676 1769 καὶ)
2704 1698 2804 1769 τὴν
2839 1699 3006 1752 αὑτοῦ
3052 1699 3254 1770 ψυχήν.
3280 1699 3422 1770 Περὶ
3467 1699 3532 1752 δὲ
3573 1698 3694 1752 τῶν
3739 1699 3876 1765 οὔρει

2298 1791 2428 1844 νίων
2483 1790 2784 1858 ταγμάτων
2833 1791 3237 1862 ἐπιστομίζειὴ
3279 1789 3402 1844 θεία
3447 1791 3665 1861 Γραφὴ
3721 1789 3874 1840 πάντα

2297 1881 2588 1953 ἄνθρωπον
2611 1881 2788 1945 οὕτως
2809 1881 3049 1950 λέγουσα
3082 1898 3096 1910 ·
3127 1877 3274 1935 Εἷπε
3309 1883 3414 1935 καὶ
3442 1879 3875 1950 ἐγεννήθησαγ.

2297 1973 2660 2038 ἐνετείλατο,
2701 1973 2802 2028 καί
2837 1975 3210 2040 ἐκτίσθησαν
3234 1990 3248 2004 ⁸
3281 1974 3572 2041 ἔστησεν
3607 1973 3765 2028 αὑτά
3807 1974 3876 2033 εἰς

2298 2065 2407 2119 τὸν
2431 2065 2620 2120 αἰῶνα
2661 2066 2758 2120 καί
2802 2069 2890 2132 είς
2919 2065 3029 2118 τὸν
3070 2065 3257 2118 αἰῶνα
3297 2065 3402 2119 τοῦ
3445 2064 3710 2131 αἰῶνος,
3744 2062 3878 2115 καὶά

2297 2157 2527 2228 ἔστησεν
2559 2159 2586 2210 ό
2645 2157 2778 2219 Θεὸς
2811 2157 2911 2210 οὐκ
2950 2155 3309 2210 ἀλλοιοῦνται.
3339 2157 3418 2210 Οὐ
3485 2158 3606 2227 γάρ
3665 2158 3808 2208 ἐστιν
3830 2155 3876 2206 ὲν

2299 2250 2449 2322 αὐτῷ
2482 2249 2770 2312 ἀλλοίωσις
2819 2249 2962 2303 κατά
3003 2249 3104 2319 τὴν
3140 2249 3390 2320 Γραφήν.
3423 2249 3550 2302 Ποῦ
3593 2249 3710 2318 γάρ
3744 2241 3878 2316 εὗρες

2296 2343 2378 2396 ὅτι
2403 2344 2436 2411 ἡ
2484 2338 2689 2409 σπουδὴ
2723 2339 2881 2392 τοῦδε
2937 2339 3034 2391 τοῦ
3079 2338 3316 2406 ἀγγέλου
3352 2338 3580 2408 ἤγαγεν
3625 2336 3792 2390 αὐτὸν
3814 2339 3878 2398 είς

2298 2432 2620 2502 προκοπήν;
2655 2429 2905 2498 ’Δδελφὲ,
2929 2424 3032 2484 ὦδε
3064 2429 3191 2500 (sic)
3215 2429 3470 2500 ἔργασις,
3501 2430 3634 2481 ἐκεῖ
3659 2428 3840 2497 μισθός
3861 2442 3876 2455 °

2297 2517 2400 2576 ὦδε
2428 2521 2674 2592 ἄθλησις,
2706 2519 2914 2574 ἐκεῖθεν
2941 2519 3216 2587 στέφανοι.
3257 2516 3515 2584 Ἀδελφὲ,
3554 2519 3608 2569 εί
3659 2515 3876 2585 σωθῆναι

2298 2614 2479 2687 θέλῃς,
2520 2611 2595 2684 μὴ
2628 2611 2830 2685 βάλλῃς
2861 2610 3050 2664 ἑαυτὸν
3079 2611 3160 2672 είς
3181 2607 3372 2662 ταῦτα.
3393 2606 3877 2677 Ἐπιμαρτῦρομαί

2299 2725 2382 2762 σοι
2403 2707 2634 2760 ἐνώπιον
2657 2705 2753 2758 τοῦ
2779 2703 3011 2774 Πατρός,
3038 2703 3132 2756 καὶ
3159 2701 3253 2754 τοῦ
3293 2698 3446 2762 Υἱοῦ,
3481 2701 3588 2753 καί
3615 2699 3718 2752 τοῦ
3743 2699 3879 2763 ἀξίω

2298 2795 2637 2864 Πνεῦματος,
2662 2793 2744 2846 ὃτι
2783 2791 2862 2855 είς
2909 2791 3133 2862 βόθυνον
3176 2789 3444 2851 ὲνέπεσας
3476 2788 3585 2840 τοῦ
3622 2787 3882 2847 διαϐόλου,

2297 2885 2393 2938 καὶ
2423 2885 2502 2946 είς
2539 2884 2630 2936 τὸν
2659 2882 2884 2952 ἔσχατον
2918 2881 3170 2935 θάνατον.
3196 2879 3398 2932 Λοιπὸν
3427 2879 3665 2930 ἀπόστα
3693 2877 3878 2929 τούτων

2298 2975 2392 3027 καὶ
2424 2973 2781 3044 ἰχνηλάτησον
2832 2971 2960 3036 τοὺς
3003 2969 3268 3041 πατέρας.
3296 2969 3519 3038 Κτῆσαι
3572 2967 3762 3038 ἐαυτῷ
3799 2965 3878 3036 τὴν

2299 3065 2630 3120 ταπείνωσιν
2668 3065 2784 3118 mal
2837 3065 2938 3135 τὴν
2993 3063 3264 3132 ὑπακοὴν,
3299 3062 3391 3114 τὸν
3438 3060 3764 3128 κλαυθμὸν,
3796 3060 3880 3127 τὴν

2299 3160 2552 3230 ἄσκησιν,
2569 3157 2664 3229 τὴν
2689 3158 2828 3226 ἁκτη
2839 3155 3096 3226 μοσύνην,
3113 3153 3174 3207 τὸ
3192 3153 3522 3223 ἀψήφιστον,
3547 3154 3654 3205 καὶ
3671 3155 3771 3206 ὅσα
3788 3169 3881 3205 τοι-

2299 3251 2440 3306 αῦτά
2468 3253 2574 3304 είσι
2601 3249 2696 3302 καὶ
2717 3248 2992 3318 εὑρίσκεις
3013 3247 3092 3310 είς
3117 3245 3184 3298 τὰ
3217 3247 3441 3316 ῥήματα
3481 3242 3795 3298 αὐτῶνκαὶ
3813 3243 3882 3304 είς

2297 3348 2424 3410 τοὺς
2447 3347 2615 3417 βίους.
2637 3345 2870 3415 Ποίησον
2883 3343 2940 3397 δὲ
2960 3342 3208 3414 καρποὺς
3233 3340 3418 3407 ἀξίους
3439 3340 3544 3408 τῆς
3571 3339 3878 3408 μετανοίας,

2299 3441 2396 3492 καὶ
2459 3439 2536 3508 μὴ
2576 3437 2813 3507 πρόσχες
2861 3435 2986 3506 ἐμοὶ
3013 3433 3092 3503 τῷ
3131 3432 3346 3501 λέγοντι
3378 3431 3478 3484 καὶ
3507 3431 3591 3500 μὴ
3621 3429 3878 3483 ποιοῦντι-

2313 3529 2454 3584 Ἀλλ⁹
2489 3526 2642 3596 εὖξαι
2679 3529 2768 3580 ἵνα
2797 3526 2952 3596 κάγὼ
2976 3525 3116 3579 ἔλθω
3150 3521 3280 3578 ποτε
3323 3525 3403 3586 είς
3446 3522 3764 3590 ἐπίγνωσιν
3795 3518 3880 3588 τῆς

2300 3614 2598 3686 ἀληθείας,
2632 3615 2712 3678 είς
2747 3614 2904 3680 δόξαν
2945 3615 3042 3683 τῆς
3083 3612 3247 3682 ἁγίας
3291 3611 3592 3681 ὁμοουσίου
3623 3612 3732 3664 καὶ
3764 3609 3878 3672 (ωο-

2301 3704 2458 3760 ποιοῦ
2488 3705 2715 3777 Τριάδος
2732 3706 2812 3768 εἰς
2836 3705 2964 3768 τοὺς
2988 3703 3194 3766 αἰῶνας
3215 3701 3327 3756 τῶν
3354 3699 3598 3755 αἰώνων.
3623 3701 3818 3771 Ἀμήν.

2924 3814 3263 3884 Ἐρώτησις.

2388 3929 2446 3984 '0
2475 3927 2634 3992 αὐτὸς
2656 3921 2893 3996 ἀδελφὸς
2912 3928 3171 3997 ἠρώτησε
3191 3925 3368 3979 ταῦτα
3393 3923 3488 3978 τὸν
3508 3924 3686 3979 ἄλλον
3709 3925 3879 3995 γέρω-

2299 4037 2372 4074 τα
2407 4021 2498 4074 τὸν
2540 4018 2739 4072 Ἀϐϐἄν
2781 4017 3056 4086 Ἰωάννην.

2911 4131 3282 4198 Ἀπόκρισις.

2375 4246 2525 4316 Δῦτη
2556 4247 2591 4316 ἠ
2642 4244 2806 4312 σοφία
2856 4242 3065 4298 ἀνωθεν
3114 4242 3214 4294 οὐκ
3280 4238 3628 4302 humani
3683 4238 3877 4309 ψυχικὴ

2302 4336 2663 4408 δαιμονιώδης
2690 4350 2704 4364 '
2739 4334 2880 4404 αῦτη
2909 4337 2942 4404 ἡ
2993 4332 3187 4402 διδαχὴ
3227 4331 3480 4384 διαϐόλου
3525 4331 3684 4385 ἐστίν
3705 4349 3724 4363 ·
3753 4329 3877 4396 αὕτη

2307 4426 2508 4494 ἀπάγει
2537 4426 2664 4487 τοὺς
2690 4423 3060 4494 προσέχοντας
3092 4423 3232 4492 αὐτῇ
3255 4422 3337 4484 εἰς
3379 4420 3611 4473 κόλασιν
3651 4421 3876 4481 αἰώνιον,

625 4534 760 4573 num
788 4489 1035 4572 deducit.
1068 4519 1174 4584 Qui
1214 4519 1270 4572 in
1313 4518 1406 4572 illa
1449 4526 1703 4573 versatur
1745 4489 1814 4574 et.
1848 4521 2196 4587 immoratur,

2303 4520 2334 4571 ὁ
2365 4489 2659 4586 ὲνδελεχῶν
2709 4489 3176 4584 ατὺτῇξ-αίρετικδς
3207 4489 3464 4581 Γγίνεται.
3509 4515 3572 4568 Ὁ
3619 4515 3880 4569 πιστεύων

627 4608 924 4662 haereticus
943 4607 1212 4672 eﬂlcitur;
1243 4607 1340 4677 qui
1365 4607 1480 4661 huic
1505 4609 1704 4672 credit,
1723 4624 1754 4662 a
1781 4611 2016 4665 veritate
2041 4625 2202 4666 ever-

628 4713 726 4750 sus
748 4707 871 4763 est;
901 4698 997 4766 qui
1032 4697 1108 4751 illi
1151 4699 1490 4761 assentitur,
1526 4700 1745 4755 alienus
1783 4709 1869 4755 est
1903 4715 1934 4754 a
1964 4701 2052 4755 via
2079 4700 2199 4756 Dei.

629 4786 875 4855 Operarii
899 4786 1103 4842 Christi
1135 4803 1244 4840 non
1277 4787 1426 4843 itase
1451 4789 1654 4844 habent
1682 4789 1976 4860 :discipuli
1994 4789 2203 4846 Christi

629 4881 746 4936 haec.
766 4895 877 4934 non
899 4880 1212 4935 docuerunt
1231 4897 1246 4946 ;
1265 4881 1360 4951 qui
1377 4881 1611 4938 verbum
1628 4883 1879 4938 veritatis
1903 4883 2201 4952 recipiunt,

627 4972 746 5026 hare
777 4985 889 5024 non
935 4971 1228 5040 recipiunt.
1258 4969 1381 5026 Cito
1409 4973 1479 5028 ab
1509 4971 1597 5028 his
1621 4973 1876 5034 abscede,
1908 4972 2101 5035 frater,
2134 4989 2204 5028 ne

629 5066 869 5119 animam
901 5073 1052 5118 tuam
1085 5063 1351 5118 incendas
1382 5065 1505 5136 igne
1535 5065 1832 5130 diabolica,
1869 5081 1937 5119 ne
1972 5080 2072 5134 pro
2101 5064 2206 5118 tri-

633 5159 742 5213 tieo
767 5159 824 5212 in
853 5166 998 5211 terra
1029 5163 1122 5210 tua
1143 5157 1330 5226 spinas
1351 5157 1580 5219 inseras,
1611 5173 1678 5211 ne
1703 5171 1804 5226 pro
1831 5157 1942 5210 vita
1969 5164 2203 5210 mortem

631 5248 909 5319 accipias;
968 5247 1100 5318 quid
1169 5248 1342 5301 multa
1403 5247 1649 5317 loquor?
1703 5263 1773 5301 ne
1830 5263 1932 5318 pro
1984 5247 2208 5302 Christo

2306 4610 2467 4678 αὐτῇ,
2495 4603 2648 4669 οὗτος
2675 4605 2954 4677 ἐξετράπη
2977 4605 3076 4674 τῆς
3106 4605 3367 4675 ἀληθείας
3394 4622 3409 4636 ο
3445 4609 3476 4660 ὁ
3505 4607 3880 4678 συντιθέμενος

2307 4703 2466 4771 αὐτῇ,
2497 4697 2777 4770 ἀλλότριός
2813 4700 2930 4750 ἐστι
2957 4698 3058 4768 τῆς
3084 4697 3208 4750 ὀδοῦ
3239 4696 3338 4750 τοῦ
3369 4697 3535 4751 Θεοῦ.
3563 4700 3636 4752 Οἱ
3664 4698 3880 4769 ἐργάται

2305 4796 2400 4850 τοῦ
2429 4793 2668 4865 Χριστοῦ
2709 4793 2809 4846 οὐκ
2848 4794 3062 4862 ἔχουσιν
3085 4791 3286 4852 οὕτως.
3321 4793 3385 4845 Οἱ
3426 4790 3487 4844 δὲ
3521 4793 3776 4861 μαθηταὶ
3797 4786 3880 4840 τοῦ

2306 4883 2546 4956 Χριστοῦ
2577 4882 2754 4936 ταῦτα
2781 4882 2882 4934 οὐκ
2903 4880 3151 4944 ἐδίδαξαν
3177 4896 3192 4910 ·
3227 4881 3277 4932 oi
3299 4879 3586 4950 δεχόμενοι
3614 4880 3711 4934 τὸν
3739 4879 3883 4945 λόγον

2307 4977 2409 5045 τῆς
2430 4974 2692 5045 ἀληθείας
2711 4971 2885 5025 ταῦτα
2916 4972 2974 5024 οὐ
3003 4971 3270 5041 δέχονται.
3304 4971 3403 5023 Διά
3433 4971 3645 5041 τάχους
3678 4970 3883 5024 ἀπόστα

2309 5068 2404 5122 ἀπ’
2431 5065 2630 5130 αὐτῶν,
2669 5063 2889 5132 ἀδελφὲ,
2921 5061 2997 5134 μὴ
3026 5062 3240 5136 καὺσῃς
3269 5063 3371 5132 τὴν
3409 5061 3650 5132 καρδίαν
3687 5077 3783 5114 σου
3817 5054 3883 5124 τῷ

2309 5157 2446 5229 πυρὶ
2480 5155 2574 5210 τοῦ
2614 5154 2866 5210 διαϐόλου
2891 5195 2905 5218 ,
2945 5153 3018 5223 μὴ
3048 5153 3170 5206 ἀντὶ
3197 5151 3348 5204 σίτου
3375 5167 3479 5206 σπε
3491 5151 3619 5225 (ρῃς
3643 5153 3704 5204 ὲν
3735 5153 3802 5218 τῇ
3821 5149 3882 5216 τῇ

2305 5265 2402 5301 σου
2434 5247 2678 5310 ἀκάνθας
2699 5285 2715 5309 ,
2743 5243 2816 5316 μὴ
2862 5243 2986 5297 ἀντὶ
3014 5242 3163 5312 ζωῆς
3203 5241 3380 5315 λάϐῃς
3409 5241 3650 5296 θάνατον
3676 5259 3692 5273 ·
3717 5243 3814 5296 καὶ
3839 5237 3884 5289 τί

633 5342 933 5398 diabolum.
977 5341 1058 5396 Ne
1113 5339 1166 5393 in
1227 5339 1315 5393 his
1346 5339 1440 5393 diu
1474 5339 1742 5405 moreris,
1785 5348 1840 5394 et
1889 5353 1919 5392 a
1955 5337 2196 5392 Sodomis

2309 5338 2476 5392 πολλά
2524 5337 2707 5405 λέγως
2758 5335 2834 5405 μὴ
2877 5333 3000 5388 ἀντὶ
3048 5331 3289 5402 Χριστοῦ
3339 5333 3434 5386 τδν
3484 5333 3761 5387 διάϐῡλσν.
3804 5327 3884 5394 Μὴ

634 5453 760 5490 eum
831 5431 932 5489 Lot
1003 5433 1188 5488 salvus
1257 5431 1458 5487 evades
1539 5431 1798 5500 precibus
1845 5437 2204 5490 sanctorum.

636 5524 808 5580 Amen
821 5565 832 5578 .

709 5679 729 5707 ί
759 5677 898 5732 Psal.
933 5694 1145 5740 cuvm,
1175 5679 1224 5738 ὅ.
1259 5677 1308 5728 6.

2315 5427 2572 5500 χρονίσῃς
2593 5427 2651 5479 ἐν
2681 5426 2887 5488 αὐτοῖς,
2919 5422 3014 5477 καὶ
3052 5421 3200 5495 σώζῃ
3226 5421 3304 5487 ὡς
3348 5422 3475 5476 Λώθ
3506 5423 3620 5477 ἀπο
3650 5423 3885 5492 Σοδόμων

2318 5517 2504 5586 εὐχαῖς
2537 5515 2726 5583 ἁγίων.
2765 5513 2959 5582 Ἀμήν.

3906 75 3914 304 l

3911 349 3915 492 ξ
