3958 6288
15 319 107 383 ιθτ

647 420 979 488 Ἐρώτησις.

105 545 152 597 0
187 539 354 605 αὐτὸς
404 537 633 607 ἀδελφὸς
679 533 933 604 ἡρώτησε
978 524 1140 581 αὐτὸν
1186 523 1418 595 γέροντα
1450 537 1463 551 ·
1504 519 1606 572 οὐκ

15 633 310 703 ιφείλομεν
334 626 432 683 οὖν
465 623 870 696 ἀναγινώσκειν
900 618 995 672 καὶ
1031 616 1100 670 τὰ
1128 613 1424 684 Εὐαγρὶου.

630 735 998 811 Ἀπόκρισις.

76 857 169 908 Τὰ
198 856 302 925 μὲν
326 854 579 923 δόγματα
608 850 676 904 τὰ
700 848 925 901 τοιαῦτα
963 844 1038 915 μὴ
1078 841 1260 911 δέχου.
1306 836 1606 915 Ἀναγςνως

15 965 110 1002 τκε
140 947 206 1000 δὲ
248 945 415 999 αὐτοῦ
433 946 484 998 εἰ
507 942 670 1013 θέλῃς
694 939 765 993 τὰ
783 937 920 1009 πρὸς
940 934 1208 1004 ὠφέλειαν
1232 930 1438 999 ψυχῆς,
1470 925 1612 980 κατὰ

15 1040 111 1108 τὴν
172 1035 503 1107 παραϐολὴν
563 1032 664 1103 τὴν
722 1032 780 1083 ὲν
829 1026 906 1098 τῷ
962 1021 1280 1091 Εὑαγγελίῳ
1336 1017 1466 1088 περὶ
1510 1014 1610 1108 τῆς

15 1133 273 1201 ταγήνης
300 1130 376 1191 ώς
407 1128 748 1197 γέγραπται,
779 1124 862 1176 ὅτι
887 1119 957 1173 τὰ
990 1118 1090 1189 μὲν
1123 1114 1266 1167 καλὰ
1304 1113 1384 1174 εἰς
1414 1107 1612 1178 ἀγγεῖα

15 1200 244 1285 ἔϐαλον,
274 1220 344 1274 τὰ
401 1218 456 1271 δὲ
521 1214 709 1288 σαπρὰ
769 1213 875 1277 ἔξω
918 1208 1168 1282 ἔρριψαν.
1197 1203 1385 1266 Οῦτως
1421 1200 1610 1254 καὶσὺ

15 1313 152 1384 ποίη
162 1328 282 1365 σον.

655 1417 992 1485 Ἐρώτησις.

105 1537 168 1590 '0
197 1534 365 1597 αὐτὸς
409 1533 639 1602 ἀδελφὸς
691 1534 719 1586 ὁ
771 1529 942 1584 ταῦτα
982 1527 1286 1597 ἐρωτήσας,
1350 1521 1614 1593 διεκρίνε-

15 1645 77 1683 το
105 1629 168 1680 ὲν
201 1624 383 1695 ἐαυτῷ
405 1622 832 1691 ἐνθυμούμενος,
866 1620 958 1673 καί⁵
985 1618 1178 1686 λέγων·
1205 1616 1301 1669 καὶ
1325 1614 1446 1677 πῶς
1469 1629 1614 1675 τινες

15 1718 128 1770 τῶν
169 1716 272 1769 νῦν
300 1716 552 1785 πατέρων
575 1714 821 1783 δέχονται
872 1711 1032 1774 αὐτὰ,
1065 1709 1159 1763 καὶ
1200 1707 1397 1777 ἔχομεν
1418 1703 1615 1765 αὐτοὺς

15 1820 100 1871 ὅτι
120 1813 288 1867 καλοὶ
314 1829 448 1882 μονα
457 1812 538 1880 χοε
558 1813 666 1863 εἰσι
686 1807 1045 1879 προσέχοντες
1064 1806 1282 1866 ἑαυτοῖς
1303 1817 1318 1866 ;
1344 1800 1455 1854 Καὶ
1475 1796 1615 1870 μετὰ

15 1908 268 1978 ἡμέρας,
304 1905 505 1973 συνέϐη
542 1903 632 1954 τὸν
658 1901 824 1954 αὑτὸν
860 1897 1087 1966 ἀδελφὸν
1124 1894 1347 1965 αἰτῆσαι
1378 1891 1469 1943 τὸν
1519 1888 1616 1959 μέ-

15 2016 123 2068 γαν
152 1997 397 2066 γέροντα
423 1993 688 2057 εὔξασθαι
720 1992 860 2061 ὑπὲρ
891 1988 1059 2042 αὑτοῦ
1081 2027 1094 2049 ,
1124 1986 1222 2040 καὶ
1255 1986 1377 2037 τότε
1414 1981 1617 2051 ἐδήλω-

20 2108 113 2142 σεν
152 2087 313 2157 αὐτῷ
345 2089 373 2139 ὀ
402 2086 581 2156 γέρων
622 2085 717 2151 ἀφ’
751 2081 947 2136 ἑαυτοῦ
981 2081 1108 2150 περὶ
1136 2075 1618 2155 τῆςκὲνθυμήσεως

19 2183 119 2249 τῆς
148 2177 388 2250 καρδίας
421 2173 611 2238 αὑτοῦ,
643 2174 785 2228 ὥστε
827 2173 1110 2242 θαυμάσαι
1134 2170 1232 2223 καὶ⁵
1271 2165 1618 2235 ἐκπλαγῆναι

19 2273 111 2322 τὶν
146 2268 401 2336 ἀδελφόν.

401 2383 737 2445 Ἀπόκρισις
774 2370 1265 2443 Βαρσανουφίου.

114 2494 348 2554 ’.ἐπειδὴ
385 2490 543 2556 εἶπας
577 2494 672 2545 καὶ
716 2492 1089 2563 ἐνεθυμήθης·
1121 2493 1244 2571 δτι,
1280 2491 1369 2546 διὰ
1407 2492 1460 2544 τί
1490 2508 1630 2557 τινες

37 2602 145 2636 των
180 2583 441 2651 Πατὲρων
475 2583 717 2652 δέχονται
751 2582 821 2636 τὰ
862 2581 1136 2649 γνωστικὰ
1162 2581 1454 2653 Εὑαγριου,
1491 2579 1630 2654 [καί]

38 2694 182 2739 τινες
219 2676 442 2744 ἀδελφοὶ
472 2678 546 2738 ὡς
584 2675 880 2744 γνωστικοὶ
915 2675 1162 2745 δέχονται
1200 2673 1361 2736 αὐτὰ,
1405 2675 1502 2726 καὶ
1530 2673 1631 2757 οῦκ

36 2768 342 2839 ἐδεήθησαν
371 2770 465 2822 τοῦ
489 2769 623 2823 Θεοῦ
649 2770 698 2821 εἰ
722 2768 898 2839 ἀληθῆ
927 2771 1056 2832 εἱσι,
1079 2770 1174 2822 καὶ
1195 2768 1409 2839 ἀφῆκεν
1438 2769 1466 2820 ὁ
1498 2766 1632 2827 Θεὸς

34 2861 238 2925 αὐτοὺς
279 2862 407 2932 περὶ
453 2860 643 2914 τούτου
686 2862 744 2913 ὲν
783 2863 849 2933 τῇ
877 2860 985 2932 ἰδίᾳ
1015 2859 1198 2914 αὐτῶν
1226 2857 1428 2927 γνώσει
1452 2875 1465 2890 ·
1511 2848 1626 2911 ἀλλ’

32 2955 186 3018 ὅμως
214 2954 340 3006 οὔτε
369 2954 499 3021 ἐμόν
530 2954 699 3016 ἐστιν,
749 2953 874 3007 οὔτε
934 2953 1027 3007 σὺν
1073 2950 1247 3007 ταῦτα
1271 2948 1476 3019 ζητεῖν,
1515 2948 1630 3003 ἀλλ’

34 3030 288 3098 ὁκαιρὺς
337 3028 498 3099 ἡμῶν
546 3030 693 3081 ἐστιν
739 3028 967 3098 ὲρευνᾷν
1013 3028 1082 3079 τὰ
1124 3028 1273 3096 πάθη
1323 3026 1478 3097 ἡμῶν
1520 3024 1616 3076 τοῦ

34 3117 276 3173 κλαῦσαι
298 3121 393 3173 καὶ
422 3120 713 3189 πενθῆσαι.

49 3312 370 3380 Ἐρώτησις
414 3314 520 3366 τοῦ
563 3313 752 3366 αὑτοῦ
789 3314 884 3365 καὶ
912 3313 1133 3382 ἑτέρων
1163 3310 1444 3382 ἀδελφῶν
1470 3312 1622 3381 πρὸς

400 3384 506 3435 τὸν
532 3385 721 3435 αὐτὸν
755 3386 950 3452 μέγαν
992 3384 1263 3451 γέροντα.

107 3494 227 3546 Οὐκ
283 3493 524 3555 ὀκνοῦσι,
556 3493 752 3560 πάτερ,
782 3496 832 3547 οἱ
879 3494 1056 3547 ταῦτα
1086 3493 1411 3564 φρονοῦντες
1442 3494 1623 3563 λέγειν

43 3585 168 3653 περὶ
206 3584 306 3638 τοῦ
358 3585 513 3651 ἁγίου
553 3584 860 3654 Γρηγορίου
890 3583 982 3636 τοῦ
1026 3583 1348 3648 Ναξιανζῶν
1369 3627 1383 3651 ,
1415 3586 1497 3638 ὅτι
1528 3587 1624 3640 καὶ

42 3677 203 3740 αὐτὸς
228 3676 506 3730 ἐκτίθεται
533 3679 658 3743 περὶ
683 3676 780 3745 τῆς
804 3674 1202 3745 προῦπάρξεως
1232 3676 1291 3727 ὲν
1324 3679 1437 3739 τοῖς
1456 3676 1620 3730 αὐτοῦ

45 3769 443 3839 συγγράμμασι
494 3771 609 3830 τοῖς
660 3765 806 3836 αὐτῷ
861 3767 1104 3837 ῥηθεῖσιν
1168 3766 1225 3818 ἔν
1272 3784 1329 3820 τε
1378 3771 1488 3831 τοῖς
1528 3769 1621 3821 τοῦ

42 3859 248 3929 Κυρίου
283 3858 582 3929 γενεθλίοις
615 3859 711 3911 καί
737 3858 795 3911 ἐν
828 3860 892 3928 τῇ
925 3856 1020 3910 τοῦ
1062 3858 1257 3927 Πάσχα
1289 3858 1494 3929 ἡμέρᾳ,
1533 3861 1625 3930 ἐρ-

47 3950 378 4020 μηνεύοντές
407 3966 533 4002 τινα
562 3949 702 4020 ρητά
729 3949 868 4000 κατὰ
897 3948 1000 4019 τὴν
1025 3948 1205 4000 αὐτῶν
1236 3950 1464 4020 καρδίαν
1484 3992 1498 4015 ,
1527 3954 1624 4005 καὶ

46 4043 489 4114 παρατρέχοντες
537 4041 604 4093 τὰ
656 4042 775 4093 ἐκεῖ
819 4039 1004 4109 σαφῶς
1048 4040 1315 4109 εἰρημένα
1346 4042 1474 4113 περὶ
1525 4045 1624 4112 τῆς

48 4131 273 4202 πρώτης
302 4131 398 4185 τοῦ
432 4131 724 4200 ἀνθρώπου
771 4131 1168 4202 δημιουργίας,
1196 4133 1295 4203 τῆς
1349 4151 1406 4186 τε
1455 4132 1622 4187 αὐτοῦ

46 4221 223 4292 ψυχῆς
263 4224 359 4276 καὶ
410 4223 505 4275 τοῦ
541 4221 798 4291 σώματος
840 4224 983 4275 κατὰ
1022 4221 1120 4292 τὴν
1158 4224 1257 4293 τῆς
1295 4224 1624 4294 Ἐκκλησίας

52 4315 367 4384 παράδοσιν.
401 4315 563 4382 Λέγει
598 4315 710 4384 γὰρ
744 4312 918 4377 οὕτως
939 4331 952 4345 ·
988 4331 1007 4365 ι
1041 4314 1215 4367 Τοῦτο
1243 4313 1298 4368 δὲ
1342 4314 1625 4386 βουληθεὶς

51 4405 79 4455 ὁ
102 4406 356 4476 τεχνίτης
386 4404 764 4471 ἐπιδείξασθαι,
798 4405 988 4468 Λόγος,
1017 4403 1155 4468 ζῶον
1191 4405 1250 4457 ἓν
1293 4406 1350 4472 ἐξ
1386 4407 1625 4476 ἀμφοτέ-

54 4510 158 4565 ρων
173 4497 409 4567 ἀοράτου
431 4495 575 4563 λέγω
603 4497 696 4549 καὶ
723 4494 927 4567 ὁρατῆς
952 4496 1164 4563 φύσεως
1187 4495 1510 4567 δημιουργεῖ
1532 4497 1623 4549 τὸν

54 4586 345 4659 ἄνθρωπον
370 4604 384 4620 ο
423 4589 518 4641 καὶ
548 4588 698 4657 παρὰ
729 4586 827 4656 μὲν
851 4585 952 4656 τῆς
991 4586 1122 4653 ὕλης
1155 4586 1336 4639 λαϐὼν
1372 4587 1433 4640 τὸ
1464 4584 1624 4658 σῶμα

55 4677 150 4748 ήδη
182 4678 631 4749 προῦποστάσης,
677 4677 807 4745 παρ’
838 4676 1036 4729 ἑαυτοῦ
1083 4676 1138 4729 δὲ
1193 4676 1338 4747 ζωὴν
1386 4676 1565 4741 εὐθὺς,
1596 4677 1624 4730 ὃ

54 4767 115 4838 δὴ
130 4773 322 4843 νοερὰν
341 4771 521 4841 ψυχὴν
537 4769 633 4823 καὶ
652 4770 838 4822 εἰκόνα
860 4768 996 4821 Θεοῦ
1027 4766 1169 4822 οἶδεν
1183 4773 1211 4823 ό
1236 4769 1413 4837 λόγος.
1431 4771 1541 4824 Καὶ
1566 4772 1625 4823 ὲν

56 4861 161 4921 τοῖς
203 4859 400 4929 ἑφεξῆς
436 4860 494 4912 δὲ
544 4857 807 4920 πολλάκις
842 4857 1057 4929 εὑρήσῃ
1103 4858 1291 4926 σαφῶς
1327 4860 1420 4911 καὶ
1448 4860 1623 4929 ἀναμ-

56 4951 284 5017 φιϐόλως
333 4951 483 5020 αὑτῷ
517 4950 783 5021 εἰρημένα
814 4948 944 5019 περὶ
972 4949 1068 5001 τοῦ
1108 4950 1401 5020 ἀνθρώπου
1440 4952 1532 5004 τοῦ
1561 4955 1625 5005 ὲκ

56 5038 151 5108 τῆς
181 5040 645 5112 προῢπαρχοῦσης
671 5038 804 5108 ὕλης
827 5039 922 5091 καὶ
951 5038 1052 5107 τῆς
1080 5039 1183 5091 ὑπὸ
1217 5040 1315 5092 τοῦ
1363 5041 1499 5094 Θεοῦ
1536 5043 1626 5095 δο-

60 5127 237 5201 θείσης
254 5134 430 5203 ψυχῆς
456 5128 1030 5190 κατασκευασθέντος·
1079 5130 1138 5183 ἐν
1172 5127 1254 5192 οἷς
1317 5128 1410 5184 καὶ
1455 5132 1625 5186 πολλὰ

60 5219 388 5295 ἐγκωμιάζει
414 5224 514 5295 τὴν
539 5222 634 5276 τοῦ
664 5221 954 5291 ἀνθρώπου
979 5221 1160 5289 φύσιν⁹
1198 5223 1290 5275 καὶ
1320 5222 1465 5288 ἄξιον
1486 5224 1623 5279 Θεοῦ

59 5309 220 5382 δῶρον
273 5317 428 5369 καλεῖ
459 5314 520 5369 τὸ
549 5313 790 5382 σωθῆναι
838 5313 898 5365 τὸ
954 5313 1117 5383 σῶμα
1175 5313 1273 5366 καὶ
1313 5314 1412 5383 τὴν
1447 5314 1626 5386 ψυχὴν

61 5400 326 5476 ἐνδεθῆναι
352 5407 431 5476 τῷ
463 5405 698 5475 σώματι,
717 5405 861 5473 ὑπὲρ
885 5404 996 5457 τῶν
1023 5406 1158 5474 αὑτῇ
1188 5407 1627 5477 προῃμαρτημέυ

63 5507 161 5547 νων
182 5500 619 5570 τιμωρουμένην.
648 5496 759 5549 Καὶ
782 5499 838 5548 ὲν
862 5495 1044 5559 ἄλλοις
1076 5496 1131 5549 δὲ
1158 5496 1323 5549 αὐτοῦ
1347 5497 1626 5567 διαφόροις

65 5585 499 5655 συγγράμμασιν,
527 5588 555 5638 ὁ
591 5582 793 5645 σκοπὸς
843 5583 1010 5635 αὐτοῦ
1068 5584 1393 5655 φανεροῦται
1434 5587 1626 5639 τούτου

36 5675 332 5742 -παντελῶς
367 5675 717 5745 καθαριεῦειν
742 5674 838 5728 τοῦ
869 5673 1160 5744 δόγματος.
1196 5677 1306 5729 Καὶ
1351 5677 1482 5748 περὶ
1530 5677 1626 5732 τοῦ

1461 294 1865 356 DOCTBINA.

3179 286 3287 353 898

2331 402 2701 474 Interrogatio.

1778 513 1928 568 ldem
1969 511 2141 567 frate'r
2181 513 2545 584 interrogavit
2571 528 2759 568 senem
2793 528 2813 569 :
2849 511 2969 568 Non
3017 509 3287 569 debemus

1707 618 1841 675 ergo
1870 602 2092 674 Evagrii
2122 604 2328 674 scripta
2353 604 2537 674 legere
2558 600 2586 657 ?

2355 714 2658 786 Responsio.

1783 829 2046 900 Dogmata
2077 827 2392 898 hujusmodi
2423 843 2499 883 ne
2527 827 2789 898 accipias.
2825 827 2971 898 Lege
3012 835 3194 881 tamen
3238 826 3284 880 si

1711 920 1853 975 velis
1875 933 1943 975 ex
1964 921 2087 990 ejus
2115 920 2339 990 scriptis
2364 936 2428 974 ea
2452 936 2576 989 quae.
2593 920 2659 973 ad
2680 919 2877 973 anima:
2899 919 3130 973 salutem
3158 933 3286 987 spe-

1713 1014 1901 1069 ctant,
1939 1006 2243 1062 secundum
2280 1007 2603 1076 parabolam
2648 1022 2867 1077 sagena:
2915 1022 3038 1077 quae.
3094 1014 3179 1060 est
3231 1006 3287 1058 in

1712 1097 2015 1169 Evangelio
2040 1140 2056 1164 ,
2088 1099 2182 1154 ubi
2236 1099 2438 1169 legitur
2463 1139 2478 1162 ,
2537 1114 2659 1168 quae
2692 1099 2837 1152 bona
2867 1107 3024 1153 erant
3074 1098 3129 1150 in
3161 1112 3289 1150 vasa

1714 1189 1985 1257 immissa,
2011 1206 2134 1260 quae
2163 1206 2297 1245 vero
2332 1192 2498 1256 mala,
2529 1190 2775 1260 projecta
2809 1190 3001 1244 fuisse.
3040 1189 3116 1242 lla
3147 1197 3202 1242 et
3231 1192 3289 1240 tu

1715 1279 1901 1335 facito.

2347 1395 2723 1465 Interrogatio.

1787 1512 1838 1567 Is
1861 1512 1981 1583 ipse
2010 1512 2182 1576 frater
2204 1512 2299 1582 qui
2337 1514 2810 1583 interrogaverat,
2846 1510 2990 1580 apud
3032 1525 3090 1563 se
3131 1509 3291 1563 dulii-

1718 1605 1889 1668 tabat,
1935 1613 1993 1659 et
2025 1605 2141 1659 haec
2172 1605 2429 1659 volvebat
2467 1605 2651 1659 animo
2683 1623 2695 1658 :
2724 1604 2839 1659 Cur
2867 1602 3091 1672 quidam
3119 1618 3184 1655 ex
3223 1602 3291 1654 iis

1719 1698 1813 1766 qui
1839 1713 1989 1752 nunc
2005 1698 2279 1752 exsistunt
2307 1697 2563 1751 Patribus
2602 1696 2719 1751 haec
2745 1696 2944 1763 scripta
2971 1694 3289 1752 admittunt,

1717 1796 1774 1842 et
1809 1803 1907 1843 eos
1951 1796 2134 1842 tamen
2169 1804 2271 1858 pro
2314 1787 2604 1841 monachis
2637 1787 2826 1855 probis
2866 1787 3155 1849 habemus,
3196 1787 3291 1854 qui

1717 1880 1821 1934 sibi
1854 1880 1991 1949 ipsis
2025 1879 2348 1934 attendant?
2375 1879 2703 1948 Elapsisque
2723 1877 2920 1932 diebus
2945 1876 3195 1945 contigit,
3235 1886 3293 1930 ut

1718 1968 1914 2024 eodem
1944 1969 2117 2023 fratre
2149 1982 2405 2037 magnum
2435 1967 2589 2020 illum
2615 1980 2802 2020 senem
2830 1974 3058 2035 rogante
3087 1973 3147 2017 ut
3192 1980 3293 2033 pro

1720 2070 1779 2108 se
1811 2064 2022 2117 oraret,
2048 2062 2182 2109 tunc
2201 2068 2371 2109 senex
2390 2069 2456 2108 ex
2486 2053 2669 2123 seipso
2689 2053 3080 2122 cogitationem
3109 2054 3294 2107 cordis

1722 2146 1808 2200 sui
1837 2145 1942 2214 ipsi
1976 2144 2271 2208 indicaret,
2311 2144 2390 2198 ita
2420 2154 2483 2201 ut
2515 2147 2689 2200 frater
2720 2146 2811 2200 ille
2840 2145 3206 2200 admiratione
3238 2158 3293 2198 et

1723 2240 1950 2304 stupore
1973 2231 2266 2302 correptus
2288 2235 2384 2289 sit.

2170 2350 2456 2421 Responsio
2479 2349 2856 2420 Barsanuplzii.

1791 2459 1930 2526 Quia
1958 2467 2143 2515 tecum
2186 2460 2373 2515 dixisti
2420 2470 2476 2515 et
2509 2452 2781 2530 cogitasti.
2814 2460 2926 2514 Cur
2955 2460 3177 2530 quidam
3226 2476 3287 2513 ex

1666 2552 1677 2565 ‘
1721 2551 1981 2605 Patrihus
2011 2552 2270 2607 Gnostica
2318 2552 2534 2621 Evagrii
2596 2553 2906 2622 recipiunt.
2960 2562 3018 2608 et
3068 2554 3297 2622 quidam

1718 2641 1918 2697 fratres
1953 2650 2145 2712 utpote
2186 2641 2430 2697 Gnoslici
2468 2644 2657 2697 eadem
2691 2644 2805 2714 ipsa
2842 2644 3169 2709 admittunt,
3198 2662 3294 2699 ne-

1720 2748 1827 2802 que
1844 2734 2016 2787 Deum
2048 2734 2254 2803 precati
2281 2742 2407 2788 sunt
2438 2744 2497 2787 ut
2523 2735 2835 2790 ediscerent
2859 2752 2991 2789 num
3024 2736 3139 2789 haec
3165 2752 3297 2791 vera

1719 2823 1851 2886 sint,
1880 2825 2137 2892 Deusque
2168 2824 2289 2878 illos
2316 2826 2369 2877 in
2399 2825 2514 2893 ipsa
2544 2840 2642 2878 sua
2664 2827 2821 2895 ’ρηοδί
2848 2826 2962 2878 sive
2982 2824 3296 2894 cognitione

1720 2914 1990 2981 reliquit?
2023 2929 2123 2984 ego
2150 2915 2516 2969 nihilominus
2544 2916 2670 2968 dico
2708 2916 2827 2979 tibi,
2864 2931 3044 2984 neque
3088 2930 3294 2976 meum,

1721 3022 1901 3075 neque
1941 3017 2094 3060 tuum
2125 3023 2247 3062 esse
2280 3008 2397 3061 haec
2422 3007 2780 3076 perquirere;
2811 3007 2906 3061 sed
2935 3015 3151 3076 tempus
3173 3022 3295 3061 esse

1646 3074 1689 3131 θ
1723 3108 1786 3153 ιιι
1808 3100 2164 3171 aegritudines
2194 3108 2412 3153 nostras
2434 3099 2804 3168 exploremus,
2827 3108 2888 3152 ut
2914 3113 3010 3151 eas
3037 3099 3296 3167 laerymis

1720 3198 1776 3245 et
1806 3191 1961 3245 luctu
1992 3206 2271 3245 curemus.

1721 3303 2073 3374 Interrogatio
2101 3303 2332 3374 ejusdem
2360 3302 2692 3369 aliorumque
2712 3300 2942 3371 fratrum
2970 3300 3039 3354 ad
3061 3284 3297 3355 eumdem

1892 3388 1899 3397 '
2261 3388 2515 3442 magnum
2547 3388 2744 3425 senem.

1791 3484 1895 3551 Qui
1925 3485 2041 3538 haec
2075 3483 2343 3548 sentiunt,
2376 3492 2554 3553 pater,
2586 3482 2770 3536 dicere
2804 3496 2913 3535 non
2938 3480 3196 3536 dubitant
3231 3481 3299 3535 de

1725 3586 1914 3631 sancto
1936 3575 2204 3645 Gregorio
2225 3575 2596 3636 Nazianzcno,
2623 3571 2772 3642 quod
2804 3581 2859 3625 et
2902 3571 3017 3640 ipse
3044 3572 3300 3639 processi-

1723 3667 1981 3721 stentiam
2017 3673 2226 3718 astruat
2262 3666 2316 3718 in
2353 3663 2577 3731 scriptis
2598 3662 2950 3730 suis,nempe
2974 3660 3026 3714 in
3044 3659 3315 3725 Oratione

1723 3758 1791 3813 de
1825 3757 2003 3812 Natali
2033 3755 2245 3809 Domini
2276 3755 2406 3809 etin
2443 3753 2704 3809 Oratione
2735 3752 2804 3806 de
2833 3751 3119 3813 Paschate,
3147 3767 3299 3819 qutu-

1723 3850 1847 3905 dam
1876 3850 1996 3917 ejus
2013 3849 2157 3902 dicta
2178 3862 2242 3900 ex
2260 3846 2427 3899 animi
2450 3844 2535 3898 sui
2555 3843 2824 3898 sententia
2849 3842 3302 3910 interpretantes,

1723 3953 1782 3997 et
1821 3947 2312 4012 praetercurrentes
2341 3953 2403 3990 ea
2457 3951 2579 4006 quae
2614 3935 2687 3988 ibi
2732 3935 2799 3988 de
2836 3934 3015 4003 prima
3059 3934 3307 3987 hominis

1724 4047 1827 4088 nec
1853 4048 1963 4086 non
1990 4031 2187 4085 anima:
2207 4038 2261 4084 et
2285 4028 2536 4098 corporis
2553 4028 2832 4080 creatione
2860 4026 3163 4080 secundum
3197 4025 3304 4079 Ec-

1725 4124 1908 4179 clesiae
1947 4123 2301 4177 traditionem
2338 4120 2619 4173 dicuntur.
2671 4117 2763 4172 Sic
2805 4117 2951 4170 enim
3003 4116 3249 4184 loquitur
3284 4134 3299 4169 :

1733 4230 1750 4262 ι
1774 4209 1889 4264 Hoc
1903 4208 2199 4264 ostendere
2217 4208 2408 4261 volens
2422 4207 2658 4262 Verbum
2678 4205 2883 4274 opifex,
2902 4205 3102 4258 animal
3128 4221 3302 4258 tantum

1726 4318 1793 4356 ex
1827 4309 2087 4370 utraque,
2122 4298 2329 4354 visibili
2379 4313 2579 4365 nempe
2613 4305 2777 4366 atque
2810 4296 3074 4351 invisibili
3105 4297 3301 4350 natura

1653 4417 1698 4473 ι)
1726 4400 1867 4459 erat,
1897 4392 2178 4446 hominem
2203 4390 2413 4446 scilicet
2439 4406 2451 4442 :
2483 4399 2646 4457 atque
2676 4403 2743 4441 ex
2770 4386 2997 4441 mteria
3018 4387 3129 4455 jam
3156 4401 3300 4456 prte-

1725 4485 2027 4541 exsistente
2049 4499 2282 4554 corpore
2310 4489 2612 4551 assumpto,
2634 4497 2700 4535 ex
2732 4494 2789 4535 se
2815 4482 2933 4550 ipso
2962 4479 3147 4532 statim
3181 4480 3301 4531 ani-

1726 4592 1871 4632 mam
1904 4576 2127 4641 indidit,
2168 4589 2331 4645 quam
2364 4574 2569 4628 scimus
2594 4587 2719 4627 esse
2758 4570 3152 4641 intelligentem
3181 4569 3303 4622 ani-

1726 4683 1871 4724 mam
1904 4676 1960 4724 et
1988 4669 2281 4739 imaginem
2317 4668 2438 4721 Dei.
2469 4685 2488 4716 ι
2528 4665 2595 4719 Ει
2644 4664 2698 4717 in
2744 4662 3107 4733 sequentibus
3132 4664 3304 4716 multa

1726 4761 1932 4831 passim
1972 4761 2250 4829 reperias,
2280 4773 2401 4829 quae
2446 4758 2623 4828 palam
2669 4770 2772 4810 nec
2818 4754 3054 4809 obscure
3095 4746 3305 4823 profert

1725 4853 1794 4908 de
1822 4853 2047 4907 homine
2069 4868 2135 4907 ex
2162 4851 2574 4921 przeexsistente
2600 4847 2829 4903 materia
2850 4855 2906 4900 et
2930 4846 3112 4900 anima
3137 4862 3165 4899 a
3191 4846 3309 4899 Deo

1727 4944 1898 4998 indita
1931 4943 2170 4998 formato
2198 4960 2214 5007 ;
2244 4942 2334 4994 nhi
2368 4940 2557 4993 inuitis
2597 4939 2857 4993 laudibus
2878 4938 3177 4991 humanam
3207 4951 3302 4988 or-

1725 5043 1821 5089 nat
1850 5043 2102 5089 naturam
2125 5075 2140 5097 ,
2190 5042 2247 5087 et
2276 5033 2484 5085 donum
2522 5032 2634 5085 Deo
2684 5030 2910 5099 dignum
2940 5038 3120 5091 vocat,
3156 5028 3306 5096 quod

1729 5140 1836 5179 una
1859 5139 2062 5194 corpus
2088 5132 2143 5177 et
2170 5122 2353 5176 anima
2377 5122 2612 5176 salutem
2644 5126 3056 5188 consequantur
3083 5135 3095 5170 :
3125 5131 3306 5185 neque

1726 5232 1859 5272 vero
1910 5216 2006 5275 ait.
2063 5225 2126 5269 ut
2184 5214 2263 5269 illi
2294 5214 2585 5282 iactitant,
2640 5213 2878 5267 animam
2934 5210 3310 5265 damnationis

1725 5323 1890 5363 causa
1955 5306 2177 5375 corpori
2213 5306 2489 5375 alligatam
2542 5303 2757 5365 fuisse,
2825 5310 2887 5356 ut
2939 5315 3131 5355 eorum
3184 5315 3308 5368 qum

1725 5401 1885 5471 prius
1908 5405 2255 5468 peccaverat,
2290 5410 2480 5465 pmnas
2505 5395 2681 5450 daret.
2718 5395 2775 5448 In
2810 5394 2933 5448 aliis
2962 5406 3183 5461 quoque
3212 5407 3307 5444 va.

1729 5494 1835 5548 riis-
1867 5491 2017 5545 illius
2047 5489 2295 5558 scriptis,
2327 5504 2527 5555 scopus
2578 5491 2698 5557 ejus
2744 5483 3185 5555 deprehenditur
3236 5484 3307 5537 ah

1729 5586 1837 5640 hoc
1872 5584 2127 5653 dogmate
2160 5583 2384 5650 penitus
2409 5580 2623 5633 alienus
2650 5591 2816 5648 atque
2842 5593 3036 5648 purus.
3056 5576 3302 5646 Itemque

1729 5676 2031 5747 gestientes
2064 5670 2326 5725 effutiunt
2354 5680 2605 5729 sanctum
2640 5670 2968 5740 Gregorium
3001 5668 3177 5725 sancti
3205 5673 3307 5728 [ta-
