3958 6288
605 276 717 344 899

607 485 887 546 docuisse,
917 483 1038 552 eius
1081 481 1228 534 dicta
1260 477 1508 548 qumdam
1533 491 1699 546 prave
1737 475 2186 542 interpretantes.

608 576 728 644 Ipse
761 583 941 628 tamen
971 571 1116 626 clare
1153 569 1433 625 tricesimo
1459 568 1639 637 capite
1671 565 1856 635 operis
1881 563 1964 617 sui
1991 563 2058 617 de
2086 562 2190 616 ho-

610 663 872 726 rninibus,
897 659 1347 731 praeexsistentize
1367 657 1563 726 dogma
1587 662 1866 725 oppugnat
1890 662 1946 706 ct
1969 652 2188 715 evertit,

607 751 1078 823 quemadmodum
1117 761 1172 804 et
1203 750 1401 804 beatus
1442 746 1613 802 David
1637 787 1652 810 ,
1711 761 1813 800 nec
1863 761 1975 799 non
2014 743 2190 799 sancti

605 847 868 910 Joannes,
893 843 1564 910 Athanasius,omnesque
1591 840 1681 894 alii
1707 839 1799 909 qui
1829 837 2088 892 Ecclesiae
2110 837 2193 889 lu-

609 937 844 991 minaria
906 936 1274 1003 doctoresque
1319 941 1469 987 sunt.
1527 931 1605 985 De
1663 929 2014 984 restitutione
2057 941 2192 981 vero

607 1044 798 1100 aperte
851 1029 1098 1098 loquitur
1129 1026 1272 1080 idem
1317 1023 1619 1095 Gregorius
1651 1023 1968 1093 Nyssenns;
1999 1034 2191 1073 verum

611 1137 721 1175 non
757 1120 824 1173 de
857 1120 960 1173 hac
985 1135 1146 1188 quam
1184 1118 1286 1187 ipsi
1324 1118 1659 1187 przedicant,
1701 1131 1900 1184 nempe
1940 1121 2193 1168 cessante

610 1211 886 1280 supplicio
911 1211 1026 1264 fore
1060 1220 1118 1263 ut
1152 1209 1316 1262 homo
1347 1209 1674 1262 restituatur
1702 1207 1754 1260 in
1778 1205 1831 1258 id
1867 1206 2012 1274 quod
2039 1204 2194 1274 prius

609 1312 750 1368 erat,
787 1303 998 1357 scilicet
1025 1303 1076 1356 in
1105 1317 1272 1371 puras
1298 1299 1708 1370 intelligentias.
1739 1299 1809 1352 At
1845 1311 2192 1366 nequaquam

611 1395 748 1448 dicit
776 1394 866 1448 ille
893 1403 1234 1448 cessaturum
1275 1406 1339 1445 ac
1365 1390 1529 1444 ﬁnem
1555 1390 1874 1444 habiturum
1905 1403 2025 1444 esse
2064 1404 2196 1460 sup-

610 1485 861 1556 plicium.
893 1486 994 1540 Dic
1027 1500 1179 1556 ergo,
1213 1495 1388 1554 pater,
1419 1499 1518 1537 cur
1545 1482 1668 1536 talis
1693 1483 1860 1535 homo
1889 1497 2002 1536 non
2042 1490 2192 1536 recte

611 1581 894 1650 loquatur,
938 1587 996 1632 ut
1025 1595 1122 1648 par
1147 1585 1296 1632 esset
1319 1586 1568 1631 sanctum
1614 1576 1817 1639 virum,
1860 1575 1952 1644 qui
1981 1574 2190 1643 Spiritu

611 1679 804 1725 sancto
845 1669 1063 1723 amante
1107 1667 1256 1738 loqui
1329 1667 1591 1737 dignatus
1631 1666 1722 1720 sit.
1778 1666 1996 1720 Etenim
2045 1665 2192 1720 circa

613 1761 930 1831 paradisum
965 1776 1188 1830 quoque
1219 1759 1560 1814 dissentiunt
1591 1757 1818 1828 quidam
1847 1772 1914 1811 ex
1935 1755 2194 1814 Patribus

609 1863 667 1908 et
687 1854 1031 1916 doctoribus,
1059 1853 1190 1907 dum
1207 1853 1368 1906 aiunt
1390 1850 1544 1905 illum
1572 1867 1681 1905 non
1704 1865 1827 1905 esse
1845 1849 2188 1917 sensibilem,

609 1945 706 2000 sed
756 1944 1184 2014 intelligibilem.
1214 1944 1274 1998 In
1299 1943 1424 1998 aliis
1449 1957 1671 2012 quoque
1711 1941 2012 2012 Scriptura:
2036 1941 2192 2011 capi-

613 2038 744 2092 tulis
772 2036 1068 2106 quamdam
1104 2035 1504 2090 dissonantiam
1551 2034 1800 2104 reperire
1849 2041 1956 2088 est.
2006 2032 2194 2088 Indica

542 2195 546 2198 ,
611 2131 745 2186 illud
773 2146 906 2202 ergo
939 2131 1122 2197 nobis,
1156 2141 1331 2202 pater,
1367 2138 1484 2186 uta
1511 2129 1672 2184 vobis
1697 2128 1992 2183 illuminati
2018 2125 2192 2198 glori-

609 2225 838 2278 ﬁcemus
866 2223 1059 2288 Deum,
1082 2232 1140 2277 et
1164 2223 1439 2295 judicium
1468 2235 1582 2277 non
1609 2219 1855 2275 feramus
1888 2219 1945 2274 in
1972 2225 2194 2274 sanctos

609 2314 800 2370 Patres
827 2325 1067 2370 nostros.

1059 2601 1345 2673 Responsio
1376 2599 1757 2670 Barsanuphii.

682 2720 996 2776 Benedictus
1009 2719 1148 2772 Deus
1171 2727 1218 2772 et
1233 2717 1396 2772 Pater
1414 2716 1628 2770 Domini
1645 2715 1812 2769 nostri
1825 2714 1952 2769 Iesu
1976 2713 2190 2779 Christi,

610 2814 700 2883 qni
734 2810 998 2866 benedixit
1029 2827 1120 2863 nos
1150 2811 1204 2864 in
1253 2809 1396 2863 omni
1433 2807 1788 2862 benedictione
1824 2804 2094 2876 spirituali
2137 2806 2194 2858 in

610 2903 902 2958 cwlestibus
929 2904 983 2956 in
1016 2901 1244 2957 Christo.
1289 2901 1517 2956 Amen".
1571 2899 1794 2954 Fratres
1820 2939 1834 2963 ,
1881 2907 2195 2969 opportune

611 2997 795 3050 dicere
830 3010 1054 3064 possum
1103 3009 1228 3048 cum
1259 2992 1524 3062 Apostolo
1551 3009 1564 3044 :
1593 2991 1787 3045 Factus
1819 3009 1938 3045 sum
1973 2991 2191 3056 stultus,

611 3104 700 3142 vos
731 3101 813 3140 me
851 3085 1095 3155 coegistis
1117 3083 1160 3136 ⁸.
1194 3081 1411 3136 Etenim
1454 3089 1686 3150 pr0pter
1709 3095 1806 3133 vos
1853 3093 2022 3148 cogor
2068 3094 2193 3148 qua:

613 3190 929 3231 mensuram
952 3179 1220 3242 superant
1247 3185 1424 3224 meam
1451 3167 1710 3228 scrutari,
1735 3175 1791 3220 et
1813 3181 1876 3220 ea
1898 3165 2049 3235 loqui
2074 3181 2197 3234 qua:

612 3285 725 3324 non
751 3281 1004 3338 magnam
1027 3264 1226 3318 anima:
1242 3261 1545 3316 utilitatem
1571 3258 1882 3332 conferant,
1924 3258 2026 3312 nisi
2055 3257 2198 3312 forte

615 3363 789 3432 ipsam
830 3358 1057 3414 laedant.
1100 3354 1427 3410 Dimisimus
1475 3351 1704 3406 Paulum
1751 3350 2062 3420 apostolum
2111 3350 2198 3404 di-

614 3461 833 3508 centem
862 3468 876 3504 :
911 3448 1093 3505 Omnis
1119 3448 1204 3502 ira
1234 3453 1282 3500 et
1305 3445 1453 3515 furor
1487 3451 1535 3497 et
1562 3443 1766 3496 clamor
1789 3450 1838 3496 et
1873 3441 2198 3513 blasphemia

617 3545 841 3599 tollatur
862 3562 895 3598 a
917 3542 1058 3597 vobis
1080 3557 1197 3595 cum
1222 3539 1368 3592 omni
1388 3536 1598 3593 malitia
1617 3537 1659 3590 ’.
1691 3536 1806 3606 Ego
1833 3544 2018 3589 autem
2049 3534 2196 3602 dico,
2237 3547 2240 3551 ‘

617 3653 746 3692 cum
774 3634 1081 3692 voracitate
1121 3640 1177 3686 et
1204 3629 1572 3685 fornicatione
1619 3638 1678 3683 et
1721 3627 1956 3683 avaritia
1979 3637 2035 3684 et
2065 3628 2198 3684 reli-

617 3730 745 3802 quis
797 3727 969 3784 animi
1007 3725 1246 3788 morbis,
1302 3722 1372 3778 de
1414 3720 1618 3792 quibus
1657 3720 2038 3775 indesinenter
2066 3719 2199 3774 flere

616 3825 916 3894 lugereque
945 3833 1048 3874 nos
1080 3823 1303 3887 oportet
1331 3813 1420 3868 die
1451 3828 1516 3868 ac
1538 3821 1722 3876 nocte,
1757 3819 1818 3866 ut
1849 3809 2199 3894 vilacryma-

619 3891 740 3968 rum
762 3891 962 3966 horum
992 3907 1242 3978 omnium
1273 3903 1471 3959 sordes
1497 3902 1815 3965 abluantur,
1837 3909 1894 3954 et
1914 3891 2202 3970 possimus

614 4021 682 4061 ex
714 4001 1018 4074 inquinatis
1063 3999 1187 4070 puri
1222 3996 1480 4060 evadere,
1529 4010 1594 4049 ex
1625 3991 2013 4062 peccatoribus
2038 3991 2199 4063 justi,

614 4114 682 4153 ex
714 4094 949 4151 mortuis
976 4094 1246 4149 viventes.
1280 4087 1623 4144 Exercitatio
1640 4093 1826 4140 autem
1852 4092 2040 4138 nostra
2072 4098 2200 4136 ver-

614 4199 771 4246 satur
799 4189 949 4245 circa
983 4201 1155 4240 unum
1189 4192 1406 4239 tantum
1433 4179 1669 4235 verbum
1692 4219 1706 4243 ,
1759 4176 1828 4232 de
1873 4191 1986 4247 quo
2023 4175 2201 4230 ratio-

618 4301 744 4340 nem
773 4283 1048 4339 reddituri
1096 4293 1313 4335 sumus.
1360 4275 1508 4330 Dicit
1537 4273 1686 4327 enim
1717 4286 1733 4324 :
1766 4269 1842 4325 Tu
1880 4268 2064 4323 reddes
2081 4269 2203 4322 uni-

615 4379 804 4438 cuique
825 4375 989 4445 juxta
1017 4387 1178 4442 opera
1203 4385 1302 4422 sua
1327 4367 1368 4398 ¹⁰
1394 4383 1408 4432 ;
1437 4375 1494 4420 et
1525 4365 1727 4418 iterum
1758 4378 1772 4416 :
1806 4361 1915 4416 Nos
1972 4358 2200 4429 manife-

1843 264 2108 324 SANC’l‘l
2152 262 2241 320 BA
2251 260 2440 320 RSAN
2451 259 2674 322 UPIIII
3826 266 3902 330 9η

507 465 520 473 t
604 395 714 452 silii
743 392 970 447 fratrem
1020 388 1072 443 id
1108 390 1288 459 ipsum
1319 386 1543 450 dixisse,
1579 401 1642 438 ac
1688 381 2186 453 praecxsistcntiam

2300 377 2450 446 ὶγίου
2485 378 2789 451 Γρηγορίου
2840 380 2937 433 τοῦ
2977 379 3212 449 ἀδελφοῦ
3250 382 3347 436 τοῦ
3397 383 3586 453 ἁγίου
3649 381 3895 440 8:39.23.-

2292 469 2693 538 ὲπιχαίρουσιν,
2735 471 2818 523 ὅτι
2870 471 2933 522 τὸ
2984 471 3117 524 αὐτὸ
3156 468 3275 526 εἶπε
3327 477 3423 526 καὶ
3455 474 3648 541 λέγει
3676 477 3836 528 κάκεῖ
3858 497 3896 542 ις

2294 561 2664 632 προῦπαρξιν,
2693 562 3209 634 παρερμηνεύοντες
3242 565 3336 616 καὶ
3369 564 3564 618 αὐτοῦ
3596 566 3754 634 ῥητά
3785 581 3893 618 τιν-ε.

2292 651 2465 716 Αὐτὸς
2492 653 2549 706 δὲ
2577 654 2766 724 σαφῶς
2795 657 2852 707 ἐν
2881 655 2960 725 τῷ
2982 655 3292 726 τριακοστῷ
3319 655 3640 728 κεφαλαίῳ
3667 660 3770 726 τῆς
3799 663 3894 727 περὶ

2291 743 2400 796 τῶν
2426 745 2735 816 ἀνθρώπων
2757 747 2925 801 αὑτοῦ
2949 749 3364 818 πραγματείας,
3392 751 3666 818 μάχεται
3689 750 3892 818 iqugé;

2293 836 2468 908 τούτῳ
2519 838 2622 907 τῆς
2685 841 3086 912 προῦπάρξεως
3147 842 3379 912 δόγματι
3443 843 3561 896 καὶ
3621 845 3890 913 ἀνατρέ-εει

2294 928 2450 994 αὑτὸ,
2478 919 2616 984 καθὸ
2669 933 2766 986 καὶ
2799 933 2828 984 ὁ
2861 935 3135 1005 μακάριος
3194 935 3360 988 Δαυὶδ
3407 935 3512 988 καὶ
3575 936 3634 987 οἱ
3671 939 3798 1006 περὶ
3823 938 3889 988 τὶν

2295 1019 2448 1087 ἅγιον
2487 1021 2744 1093 Ἰωάννην
2770 1023 2863 1078 καὶ
2905 1023 3228 1079 Ἀθανάσιον
3254 1027 3350 1078 καὶ
3389 1027 3442 1079 oi
3475 1026 3689 1080 λοιποὶ
3721 1027 3888 1090 atina;

2293 1111 2392 1180 τῆς
2425 1112 2755 1184 Ἐκκλησίας
2807 1115 3096 1186 φωστῆρες
3143 1117 3236 1170 καὶ
3279 1115 3647 1171 διδάσκαλοι.
3683 1119 3812 1187 Περὶ

2294 1204 2802 1270 ἀποκαταστάσεως
2834 1209 3028 1278 σαφῶς
3057 1208 3211 1278 λέγει
3255 1211 3282 1262 ὁ
3333 1210 3504 1273 αὐτὸς
3555 1211 3886 1282 Γρηγὸρτκέ

2295 1296 2520 1368 Νύσσης
2545 1309 2561 1322 ⁶
2600 1297 2715 1352 ἀλλ’
2745 1299 2805 1353 οὗ
2832 1301 2962 1372 περὶ
2995 1301 3202 1370 ταύτης
3225 1297 3288 1372 ἧς
3318 1303 3481 1355 αὐτοὶ
3512 1303 3801 1372 λέγουσιν,
3825 1304 3885 1354 5::

2297 1388 2616 1458 πανομὲνης
2643 1390 2742 1460 τῆς
2762 1391 3040 1456 κολάσεως
3065 1393 3248 1462 μέλλει
3274 1393 3303 1446 ὁ
3332 1394 3434 1448 ἄνθ
3443 1411 3658 1464 ρωπος
3673 1393 3886 1447 ἀποκαθ-

2299 1479 2516 1533 ίτασθαι
2547 1483 2629 1544 εἰς
2657 1481 2794 1554 ὅπερ
2836 1481 2897 1546 ἐξ
2947 1483 3124 1555 ἀρχῆς
3158 1479 3225 1554 ἦν
3254 1522 3269 1548 ,
3302 1487 3381 1547 εἰς
3413 1484 3718 1556 καθαροὺς
3763 1486 3880 1537 νέας.

2309 1571 2449 1623 Ἀλλ’
2481 1573 2542 1624 οὐ
2581 1571 2738 1625 τοῦτο
2760 1573 2931 1641 λέγει,
2955 1575 3037 1627 ὅτι
3059 1574 3294 1629 παύεται
3316 1578 3350 1646 ἡ
3379 1576 3630 1640 κόλασις
3662 1577 3882 1638 καῖτέὶνρς

2295 1663 2584 1734 λαμϐάνει.
2615 1663 2752 1717 Εἰπὲ
2773 1665 2888 1730 οὖν,
2923 1668 3117 1738 πάτερ,
3151 1668 3240 1720 διὰ
3260 1669 3312 1720 τί
3332 1668 3597 1729 τοιοῦτος
3623 1670 3882 1739 ἄνθρακες

2295 1755 2398 1807 οὐκ
2437 1753 2614 1820 ὀρθῶς
2641 1754 2814 1824 λέγει,
2843 1755 3027 1819 καθὼς
3078 1757 3354 1828 ἐνδέχεται
3391 1758 3581 1830 ἄνδρα
3632 1760 3788 1826 ᾶγιον
3813 1761 3881 1811 καὶ

2293 1843 2596 1912 ἀξιωθέντα
2617 1845 2801 1899 λαλεῖν
2831 1847 2895 1900 ἐκ
2921 1847 3234 1917 [Ινεύματος
3286 1849 3474 1917 ἁγίου,
3544 1851 3648 1904 καὶ
3673 1850 3780 1918 γὰρ
3807 1851 3881 1900 zz‘:

2296 1935 2427 2006 περὶ
2466 1936 2562 1990 τοῦ
2596 1939 2930 2008 παραδείσου
2958 1938 3287 2008 διαφωνοῠσί
3310 1957 3464 2005 τινες
3496 1941 3617 1994 τῶν
3643 1941 3883 2011 Enipeu

2295 2027 2394 2080 καὶ
2431 2027 2790 2090 διδασκάλων,
2837 2029 2913 2099 μὴ
2964 2029 3218 2098 λέγοντες
3255 2029 3422 2084 αὐτὸν
3460 2029 3882 2101 αἱσθητδν,ϋὶὶ

2295 2119 2508 2189 νοητόν.
2543 2120 2746 2175 Καην
2779 2121 2962 2186 ἄλλοις
2984 2122 3304 2193 κεφαλαίοις
3341 2124 3447 2193 τῆς
3495 2124 3737 2195 Γραφῆς
3762 2123 3884 2175 ἐστιν

2293 2211 2477 2283 εὑρεῖν
2507 2229 2668 2266 τινων
2701 2213 3020 2282 διαφωνίαν.
3055 2215 3362 2285 Σαφήνισον
3379 2213 3480 2268 οὖν
3513 2216 3679 2286 ⁴ἡμῖν,
3711 2214 3880 2268 δέσπο-

2293 2321 2386 2369 τα,
2417 2303 2602 2367 τοῦτο,
2637 2303 3092 2376 παρακαλοῦμεν,
3135 2304 3224 2357 ἵνα
3247 2303 3382 2374 παρ’
3408 2303 3580 2374 ὑμῶν
3604 2303 3878 2372 φωτισθέν-

2295 2413 2406 2460 τες;
2431 2395 2748 2466 δοξάσωμεν
2781 2396 2874 2450 τὸν
2909 2389 3064 2460 Θεὸν,
3101 2395 3196 2450 καὶ
3241 2395 3318 2466 μὴ
3349 2395 3782 2468 διακρινώμεθα
3813 2398 3877 2458 εἰς

2293 2486 2422 2551 τοὺς
2451 2486 2643 2555 ἁγίους
2671 2488 2704 2556 ἡ
2715 2485 2833 2556 μῶν
2863 2485 3136 2557 Πατέρας.

2663 2601 3002 2669 Ἀπόκρισις
3033 2601 3532 2669 Βαρσανουςείου.

2369 2717 2714 2787 Εὐλογητὸς
2770 2718 2805 2771 ὀ
2865 2715 3027 2782 Θεὸς·
3077 2715 3179 2770 καί
3236 2714 3442 2784 Πατὴρ
3499 2715 3619 2769 τοῦ
3677 2715 3878 2783 Κυρίου

2299 2811 2464 2881 ἡμῶν
2523 2808 2718 2877 Ἰησοῦ
2767 2807 3067 2876 Χριστοῦ,
3123 2811 3154 2861 ό
3212 2805 3574 2877 εὐλογήσας
3617 2807 3783 2878 ἡμᾶς
3824 2809 3878 2860 ἐν

2297 2902 2465 2968 πάσῃ
2490 2901 2740 2970 εὐλογίᾳ
2778 2898 3156 2968 πνευματικῇ
3208 2899 3279 2952 ἐν·
3329 2887 3454 2966 τοῖς
3506 2900 3877 2968 ἐποιερανίεις

2298 2995 2368 3050 ἐν
2399 2994 2660 3062 Χριστῷ,
2705 2991 2915 3062 Ἀμήν.
2950 2992 3220 3060 ’Λδελφοὶ,
3247 2989 3514 3066 εὔκαιρον
3545 2994 3736 3046 εἰπεῖν
3765 2995 3878 3062 μετὰ

2221 3075 2266 3134 C
2301 3084 2394 3138 τοῦ
2442 3081 2801 3136 Ἀποστόλου·
2847 3085 3080 3153 Γέγονα
3115 3083 3342 3153 ἄφρων,
3373 3083 3553 3153 ὑμεῖς
3576 3101 3665 3154 με
3707 3086 3874 3151 mar.

2297 3177 2544 3232 κάσατε.
2610 3175 2718 3228 Καὶ
2769 3175 2880 3247 γὰρ
2915 3176 3306 3246 ἀναγκάζομαι
3349 3176 3418 3230 δι’
3449 3177 3603 3245 ὑμᾶς
3647 3174 3878 3236 «casm-

2301 3269 2480 3340 μετρά
2535 3285 2636 3338 μου
2690 3269 2939 3340 ὲρευνᾷν,
2976 3268 3072 3321 καὶ
3115 3269 3299 3321 λαλεῖν
3336 3269 3404 3321 τὰ
3445 3268 3526 3339 μὴ
3572 3266 3879 3337 ὠφελοῦντα

2298 3363 2442 3415 πάνυ
2481 3359 2580 3431 τὴν
2619 3359 2819 3432 ψυχὴν,
2855 3363 2902 3414 εἰ
2937 3361 3012 3431 μὴ
3053 3361 3149 3414 καὶ
3201 3359 3532 3430 βλάπτοντα.
3573 3361 3879 3431 Ἀφήκαμεν

2299 3450 2514 3506 Παῦλον
2567 3450 2660 3504 τὸν
2715 3451 3022 3506 ἀπόστολον
3054 3449 3324 3520 λέγοντα’
3372 3451 3556 3506 Πᾶσα
3606 3452 3764 3520 ᾀηοὴ
3794 3451 3878 3503 m1

2299 3545 2486 3614 0vyr'rc
2541 3544 2636 3597 καί
2685 3543 2916 3614 κραυγὴ
2961 3543 3060 3596 καί
3110 3543 3483 3613 βλασφημία
3519 3545 3768 3613 ἀρθήτω
3795 3542 3878 3610 ἄρ’

2297 3633 2472 3704 ὑμῶν
2493 3633 2616 3688 σὺν
2659 3632 2829 3701 πάσῃ
2860 3633 3064 3699 κακίᾳ.
3103 3632 3250 3700 Ἐγὼ
3280 3633 3339 3686 δὲ
3362 3633 3533 3702 λέγω,
3575 3633 3683 3686 σὺν
3711 3637 3776 3704 τῇ
3801 3650 3880 3698 γε·

2303 3723 2644 3796 στριμαργίᾳ
2690 3724 2784 3776 καὶ
2817 3722 3050 3794 πορνείᾳ
3101 3725 3198 3776 καὶ
3244 3723 3587 3795 φιλαργυρίᾳ
3633 3727 3742 3778 καὶ
3787 3725 3878 3782 toi;

2301 3817 2510 3878 λοιποῖς
2543 3814 2764 3879 πάθεσι,
2803 3814 2934 3884 περὶ
2979 3806 3054 3869 ὧν
3109 3814 3404 3885 ὀφείλομεν
3453 3813 3686 3868 πενθεῖν
3732 3817 3879 3867 νύκτα

2299 3912 2397 3964 καὶ⁵
2443 3909 2660 3980 ἡμέραν
2703 3909 2797 3962 καὶ
2845 3907 3058 3960 κλαίειν
3091 3907 3480 3972 ἀδιαλείπτως,
3518 3909 3614 3962 ἵνα
3665 3909 3762 3963 διὰ
3805 3905 3876 3958 τοῦ

2300 4002 2413 4056 τῶν
2443 3999 2697 4072 δακρύων
2727 3999 2988 4070 πλήθους,
3011 4001 3040 4053 ὁ
3070 3999 3243 4072 ῥύπος
3266 3999 3475 4054 τούτων
3496 3999 3639 4053 ὅλων
3666 4001 3880 4052 ἐκπλυν-

2303 4098 2394 4166 θῇ,
2428 4095 2523 4148 καὶ
2561 4091 2884 4162 δυνηθῶμεν
2919 4092 3173 4161 γενέσθαι
3225 4093 3292 4145 ὲκ
3327 4092 3600 4180 ῥυπαρῶν
3641 4091 3877 4160 zadae/J1,

2303 4185 2362 4252 ἐξ
2395 4183 2742 4254 ἁμαρτωλῶν
2773 4183 3006 4249 δίκαιοι,
3047 4185 3112 4236 ὲκ
3155 4183 3368 4254 νεκρῶν
3413 4183 3641 4246 ζῶντες.
3695 4184 3879 4236 1591:-

2307 4269 2546 4341 σχοῦμεν
2576 4269 2634 4322 δὲ
2662 4271 2743 4333 είς
2773 4269 2872 4322 Eva
2901 4269 3084 4338 λόγον,
3116 4264 3180 4324 οὗ
3217 4271 3492 4342 μέλλομεν
3531 4272 3729 4326 δοῦναι
3756 4275 3876 4325 ἀπο-

2302 4362 2514 4431 λογίαν.
2543 4362 2712 4432 Φησὶν
2745 4360 2874 4433 γὰρ,
2902 4361 2985 4414 ὅτι
3013 4361 3096 4416 Σὺ
3121 4361 3458 4427 ἀποδώσεις
3473 4363 3719 4431 ἑκάστῳ
3748 4363 3878 4417 κατὰ

583 4469 750 4523 -ειανί
788 4430 992 4536 oportet
1021 4430 1403 4518 a'ntetribunat
1437 4455 1664 4520 Christi,
1708 4462 1766 4507 ut
1803 4453 2001 4522 referat
2035 4467 2196 4505 unus-

2305 4430 2388 4508 tc‘t
2417 4453 2563 4522 ἔργα
2595 4430 2835 4506 αὐτοῦ⁸⁷
2862 4455 2958 4506 καὶ
3007 4454 3193 4506 πάλιν·
3236 4455 3320 4508 ὅτι
3357 4455 3463 4508 Δεῖ
3506 4430 3692 4522 ἡμᾶς
3711 4473 3878 4526 φαγε-

617 4561 837 4630 quisque
855 4573 971 4626 qua:
988 4567 1287 4626 percorpus
1304 4551 1430 4621 egit,
1449 4548 1558 4602 sive
1572 4547 1765 4601 bonum
1783 4547 1892 4598 sive
1910 4543 2115 4620 malam
2133 4544 2199 4598 “.

621 4652 824 4704 Ilorum
865 4662 968 4702 nos
996 4661 1187 4700 curam
1211 4657 1406 4714 gerere
1439 4647 1681 4710 oportet,
1715 4637 1784 4692 de
1812 4636 2016 4707 quibus
2039 4637 2202 4692 Pater

620 4751 811 4795 noster
853 4739 1078 4792 Pmmen
1105 4743 1162 4790 et
1195 4733 1290 4804 qui
1312 4739 1437 4802 post
1457 4731 1636 4800 ipsum
1663 4728 2022 4793 exstiterunt,
2048 4727 2202 4782 solli-

617 4831 713 4888 citi
749 4831 922 4884 fuere.
956 4828 1083 4882 lla:c
1119 4823 1438 4880 sollicitudo
1488 4821 1541 4875 id
1575 4821 1719 4891 parit
1767 4829 1830 4875 ut
1867 4835 1979 4874 non
2022 4818 2198 4873 altum

617 4925 898 4996 sapiamus
922 4963 938 4987 ,
968 4937 1071 4976 nos
1108 4934 1220 4974 non
1270 4916 1452 4987 magni
1487 4913 1773 4978 faciamus,
1809 4911 1905 4968 sed
1940 4921 2201 4981 tanquam

621 5031 824 5076 terram
857 5027 914 5072 et
951 5015 1196 5070 cinerem
1237 5011 1643 5066 existimemus.
1678 5006 1776 5062 llla
1809 5020 1943 5059 vero
1991 5004 2202 5058 sollici-

536 5183 540 5188 _
617 5111 753 5168 tudo
801 5125 917 5180 prae
947 5123 1007 5164 se
1043 5106 1174 5169 fert,
1210 5112 1272 5158 ut
1316 5101 1443 5173 quis
1469 5117 1529 5156 se
1558 5115 1658 5170 pro
1681 5098 1946 5154 Gnostico
1976 5097 2200 5160 habeat,

617 5208 679 5253 ut
712 5207 989 5253 tumorem
1025 5192 1248 5255 inferat,
1277 5200 1340 5246 ut
1371 5189 1500 5260 quis
1539 5189 1712 5242 altum
1732 5185 1929 5255 sapiat,
1957 5200 2202 5254 seseque

617 5289 800 5361 magni
831 5286 1117 5358 quidpiam
1152 5283 1207 5338 in
1241 5282 1501 5337 omnibus
1532 5279 1847 5342 existimet,
1880 5284 1940 5331 ut
1978 5276 2048 5331 ab
2093 5277 2200 5330 hu-

617 5383 851 5438 militate
867 5380 1118 5435 desistat.
1134 5377 1408 5449 Ignoscite
1428 5373 1588 5436 mihi,
1613 5384 1684 5426 an
1710 5386 1821 5425 non
1843 5369 2009 5425 otiosi
2035 5369 2198 5436 estis;

617 5473 855 5544 ideoque
885 5471 951 5526 ad
982 5472 1101 5526 haec
1127 5485 1226 5524 vos
1256 5466 1564 5524 confertis?
1599 5465 1654 5520 Si
1683 5464 1757 5518 ita
1789 5470 1914 5528 est,
1965 5463 2202 5517 descen-

616 5563 731 5620 dite
763 5567 820 5620 in
849 5563 1053 5627 forum,
1108 5562 1286 5616 donec
1314 5558 1502 5613 veniat
1537 5553 1956 5626 paterfamilias,
2001 5562 2058 5608 et
2105 5569 2204 5607 vos

2295 4543 2563 4614 ρωθῆναι
2595 4535 2706 4596 ἐπῖ
2725 4544 2833 4598 τοῦ
2865 4543 3144 4612 βήματος
3182 4545 3292 4600 τοῦ
3331 4547 3619 4615 Χριστοῦ,
3662 4551 3766 4601 ἵνα
3801 4567 3879 4601 ιι·

2299 4637 2556 4706 μίσηται
2595 4634 2858 4702 ἕκαστος
2905 4636 2979 4690 τὰ
3033 4637 3132 4692 διὰ
3170 4639 3276 4693 τοῦ
3337 4639 3620 4709 σώματος
3669 4645 3813 4711 πρὸς
3848 4639 3880 4693 d

2301 4728 2591 4797 ἔπραξεν,
2642 4729 2765 4784 εἶτε
2813 4731 3062 4799 ἀγαθὸν,
3097 4732 3220 4786 alte
3260 4735 3471 4787 κακόν.
3516 4735 3659 4806 Περὶ
3691 4735 3879 4788 τοῦ-των

2303 4819 2595 4890 ὀφείλομεν
2629 4821 2956 4886 σπουδάσαι,
2987 4823 3118 4894 περὶ
3155 4817 3230 4878 ὧν
3261 4825 3356 4878 καὶ
3381 4827 3430 4878 οἱ
3465 4829 3710 4896 πατέρες
3741 4826 3880 4898 ἡμῶν

2299 4913 2349 4964 οἱ
2381 4911 2515 4982 περ)⁸
2534 4911 2626 4964 τὸν
2655 4913 2830 4966 ἀϐϐᾶν
2859 4915 3104 4984 Ποιμένα
3141 4918 3237 4970 καὶ
3267 4919 3396 4980 τοὺς
3421 4919 3666 4990 καθεξῆς
3694 4919 3880 4974 ἐσπού-

2301 5003 2494 5057 δασαν.
2541 5002 2694 5075 Αὕτη
2748 5006 2782 5075 ἡ
2831 5006 3038 5077 σπουδὴ
3090 5006 3203 5078 ἔχει
3241 5009 3302 5063 τὺ
3333 5011 3672 5082 ἀψήφιστον,
3719 5013 3783 5066 τὸ
3819 5012 3882 5082 μὴ

2305 5097 2528 5164 μετρεῖν
2576 5095 2797 5160 ἑαυτὸν,
2843 5097 2906 5150 τὸ
2941 5096 3088 5168 ἔχειν
3135 5100 3329 5154 ἑαυτὸν
3384 5102 3493 5172 γῆν
3529 5103 3632 5157 καὶ
3679 5105 3880 5158 σποδόν.

2315 5186 2530 5258 Ἑκείνη
2575 5187 2633 5240 δὲ
2683 5189 2716 5259 ἡ
2757 5189 2967 5262 σπουδὴ
3004 5191 3120 5261 ὲχεῖ
3146 5191 3210 5245 τὸ
3245 5192 3390 5263 ἔχειν
3431 5195 3632 5249 ἑαυτὸν
3663 5199 3882 5252 Γνωστι-

2305 5279 2424 5344 κῦν,
2454 5278 2514 5332 τὸ
2545 5279 2736 5349 φέρειν
2764 5282 2844 5346 είς
2871 5283 3162 5352 φυσίωσιν,
3189 5284 3250 5338 τὸ
3277 5285 3544 5356 ψηφίζειν
3569 5289 3787 5355 ἑαυτὸν,
3803 5290 3884 5344 καὶ

2309 5373 2536 5441 μετρεῖν
2569 5371 2627 5423 ἐν
2654 5374 2826 5426 παντὶ
2863 5375 3178 5446 πράγματι,
3219 5379 3284 5430 τὸ
3319 5380 3634 5452 ἀποστῆναι
3671 5383 3770 5451 τῆς
3801 5401 3884 5436 τα·

2306 5463 2766 5534 πεινοφροσύνης.
2799 5467 3200 5540 Συγχωρήσατέ
3247 5487 3359 5540 μοι,
3423 5472 3502 5544 μὴ
3553 5477 3720 5549 άργοί
3751 5478 3884 5534 ἐστε,

2305 5554 2401 5606 καὶ
2433 5553 2519 5606 διὰ
2539 5557 2702 5609 τοῦτο
2725 5558 2954 5628 ἔρχεσθε
2983 5561 3063 5622 είς
3093 5561 3271 5616 ταῦτα
3297 5580 3312 5629 ;
3343 5564 3404 5617 Εἰ
3429 5565 3612 5632 οὕτως
3644 5569 3778 5642 ἔχει,
3810 5586 3887 5622 κιο

681 5719 702 5748 ’
737 5716 942 5785 prcs.
985 5735 1023 5778 ι,
1184 5713 1206 5745 ⁸
1232 5715 1277 5768 ll
1311 5713 1440 5768 Cor.
1489 5727 1583 5778 χιι,
1623 5711 1708 5766 il.
1787 5710 1806 5738 ¹’
1836 5708 2039 5782 Epizes.
2077 5723 2150 5774 tv,
2182 5707 2196 5763 ξ

2355 5709 2398 5740 ¹⁰
2425 5710 2568 5766 Psal.
2595 5727 2701 5779 ωιι,
2733 5711 2816 5766 l3.
2897 5715 2938 5746 ¹¹
2979 5714 3026 5770 ll
3050 5713 3178 5771 Cor.
3213 5733 3267 5782 v,
3312 5721 3375 5776 l0

2587 5891 2617 5904 κ
