3958 6288
80 290 190 359 901

1120 294 1484 355 EPISTULA
1520 293 1619 353 DE
1658 292 1962 352 DUABUS
2000 291 2356 351 NATURIS.

3248 290 3358 357 902

78 407 308 465 τέλθετε
350 405 431 468 εἰς
466 401 563 473 τὴν
600 403 849 476 ἀγορὰν,
890 404 994 469 ἕως
1031 405 1163 479 ἔλθῃ
1212 406 1241 457 ὁ
1281 405 1675 474 οἰκοδεσπότης

1788 404 2058 457 conducat
2084 402 2140 455 in
2172 401 2390 454 vineam
2419 414 2596 453 suam.
2630 400 2685 455 Si
2725 402 2779 455 in
2820 400 2988 457 corde
3014 411 3204 458 vestro
3254 405 3354 459 sti-

83 502 187 557 καὶ
209 498 355 570 λάϐῃ
391 498 536 568 ὑμᾶς
569 498 648 560 εἰς
676 497 768 550 τὸν
798 498 1098 567 ἀμπελῶνα
1128 498 1315 552 αὐτοῦ.
1357 497 1418 551 El
1448 492 1516 569 ἦν
1549 495 1674 549 σκό-

79 592 192 661 λοψ
241 589 370 661 περὶ
416 589 518 659 τῆς
567 588 929 659 ἀπαντήσεως
990 590 1211 661 ἐκείνης
1253 592 1312 643 ἐν
1350 592 1416 660 τῇ
1476 588 1678 661 καρδίᾳ

83 680 278 752 ὑμῶν,
316 679 419 732 οὐκ
456 678 632 748 εἴχετε
688 678 1000 748 μνησθῆναι
1048 679 1278 733 τούτων.
1346 678 1678 733 Ἐπελὰθετο

79 776 115 827 ὁ
145 772 431 843 προφήτης
486 771 686 839 φαγεῖν
742 772 834 823 τὸν
903 772 1069 838 ἄρτον
1121 772 1333 826 αὐτοῦ’
1375 773 1472 825 καὶ
1522 771 1677 843 εἰμὴ

82 861 491 932 ἐσπαταλῶμεν
525 862 621 914 καὶ
650 861 1076 933 ἡδιαφοροῦμεν,
1116 863 1217 917 οὐκ
1244 864 1310 918 ἄν
1340 865 1448 918 ἀπὸ
1471 863 1678 918 τούτων

85 951 459 1019 ὲνεπίπτομεν
509 949 590 1012 είς
625 950 823 1004 ταῦτα.
869 952 984 1005 Οὐκ
1026 955 1254 1006 ἀπαιτεῖ
1298 954 1443 1022 ὑμᾶς
1491 954 1520 1006 ὀ
1547 953 1680 1017 Θεὸς

85 1041 295 1105 ταῦτα,
340 1039 461 1095 ἀλλ’
493 1042 793 1110 ἁγιασμὸν,
835 1042 1125 1111 κάθαρσιν,
1176 1046 1414 1115 σιωπὴν,
1452 1045 1549 1098 καὶ
1582 1061 1681 1098 τα-

85 1133 375 1185 πείνωσιν.
414 1131 559 1184 Ἀλλ’
592 1132 785 1202 ἐπειδὴ
815 1134 975 1186 ἐάσαι
1010 1134 1155 1203 ὑμᾶς
1183 1136 1240 1187 ἐν
1267 1137 1548 1205 λογισμοῖς
1579 1135 1681 1188 οὐκ

68 1223 408 1293 ’ἐϐουλόμην
440 1223 535 1276 καὶ
567 1225 628 1277 τὸ
669 1223 931 1294 δεηθῆναι
968 1226 1062 1278 τοῦ
1094 1227 1229 1280 Θεοῦ
1262 1228 1681 1299 πληροφορῆσαί

92 1333 168 1386 με
198 1315 330 1385 περὶ
367 1315 584 1376 τοῦτου,
620 1314 915 1386 ἐθλιϐόμην
959 1317 1323 1387 συνεχόμενος
1353 1318 1412 1381 ἐξ
1442 1317 1683 1389 ἀμφοτέ-

92 1424 239 1477 ρων·
280 1405 620 1477 ἐξελεξάμην
670 1406 873 1476 μᾶλλον
921 1395 1149 1477 ἐμαυτῷ
1202 1408 1301 1478 τὴν
1352 1408 1553 1479 θλίψιν,
1597 1410 1683 1461 ἵνα

91 1498 244 1566 ὑμᾶς
274 1496 373 1567 τῆς
407 1496 643 1566 θλίψεως
673 1495 997 1561 ἀναπαύσω,
1033 1499 1401 1568 μνημονεύων
1423 1514 1438 1529 ⁶
1473 1498 1683 1567 Ἀλλή-

84 1592 229 1641 ¹ζων
262 1588 334 1641 τὰ
358 1586 523 1655 βάρη
551 1586 906 1652 βαστάζετε.
961 1588 1070 1642 Καὶ
1099 1588 1370 1643 ἀκούσατε
1412 1589 1513 1659 τὴν
1543 1590 1683 1643 κατὰ

90 1679 234 1733 Θεὸν
272 1680 673 1751 πληροφορίαν,
696 1680 795 1751 τὴν
828 1680 934 1752 πρὸ
961 1681 1130 1751 τριῶν
1163 1681 1390 1752 ἡμερῶν
1418 1682 1515 1735 τοῦ
1543 1682 1683 1752 γρά-

88 1771 199 1840 ψαι
236 1740 402 1843 ὑμᾶξ·
427 1740 831 1844 την-ἐρώτησιν
864 1740 1339 1845 γενομένην-’μομ
1378 1740 1598 1838 Πάντεξ
1634 1776 1683 1827 oi
1716 1740 1757 1796 Β

83 1864 342 1935 Πατέρες
375 1866 425 1917 ot
472 1863 552 1934 τῷ
592 1863 712 1934 Θεῷ
761 1865 1259 1935 εῦαρεστήσαντες,
1294 1866 1438 1933 ἆγιοι
1469 1866 1565 1919 καὶ
1604 1865 1685 1918 δί-

89 1972 249 2009 καιοι
269 1956 380 2009 καὶ
403 1954 581 2007 δοῦλοι
622 1954 717 2007 τοῦ
754 1954 890 2007 Θεοῦ
919 1957 1132 2025 γνήσιοι
1160 1956 1513 2020 εὐξάσθωσαν
1545 1957 1684 2029 ὑπὲρ

89 2048 260 2115 ἐμοῦ.
307 2046 402 2115 Μὴ
438 2048 700 2115 νομίσητε
731 2045 788 2098 δέ
821 2046 926 2108 ὅτι,
957 2046 1061 2099 κᾶν
1099 2046 1264 2115 ἅγιοι.
1300 2048 1398 2101 ὅλα
1433 2047 1502 2100 τὰ
1544 2047 1682 2119 βάθη

88 2138 191 2191 τοῦ
238 2135 376 2189 Θεοῦ
427 2136 669 2206 γνησίως
707 2133 1058 2204 ἠδυνήθησαν
1096 2133 1444 2187 καταλαϐεῖν.
1487 2134 1547 2187 Ὀ
1576 2133 1688 2205 γὰρ

105 2225 443 2287 Ἀπόστολος
473 2226 622 2293 λέγει
647 2241 662 2254 ο
712 2226 807 2277 Ἐκ
830 2223 1053 2293 μέρους
1081 2223 1582 2294 γινώσκομεν-,καὶ
1617 2224 1687 2278 ἐκ

91 2320 322 2388 μέρους
342 2319 800 2387 προφητεύομεν
819 2332 833 2347 ο
862 2315 959 2369 καὶ
990 2315 1155 2368 πάλιν
1174 2331 1186 2344 ’
1225 2310 1301 2385 ’ᾭ
1334 2315 1561 2370 δίδοται
1590 2315 1688 2371 διὰ

91 2412 209 2466 τοῦ
256 2412 622 2480 Πνεύματος.
654 2409 735 2462 Τὰ
770 2408 866 2461 καὶ
903 2408 1052 2468 τάδε,
1088 2409 1181 2459 καὶ
1212 2409 1310 2477 οὐχ
1353 2408 1449 2461 ὅλα
1480 2409 1687 2471 ἐκεῖνος

95 2486 160 2554 ἐν
194 2502 277 2555 ἐνὶ
306 2501 601 2572 ἀνθρώπῳ
637 2499 777 2553 ἀλλὰ
818 2498 895 2568 τῷ
941 2499 1042 2569 μὲν
1076 2498 1268 2561 οὕτως,
1294 2498 1373 2569 τῷ
1409 2498 1463 2551 δὲ
1487 2498 1682 2563 οὔτως.

92 2594 291 2647 Πάντα
326 2593 383 2646 δὲ
407 2594 624 2664 ἐνεργεῖ
651 2591 711 2644 τὸ
740 2591 820 2644 ἓν.
852 2590 1144 2644 Γινώσκων
1178 2592 1286 2659 γὰρ
1306 2591 1334 2641 ὁ
1365 2590 1686 2654 Ἀπόστολος

94 2685 169 2738 κτὰ
196 2684 293 2737 τοῦ
333 2684 468 2737 Θεοῦ
516 2685 599 2738 ὃτι
636 2682 1002 2754 ἀκατάληπτα
1033 2684 1202 2746 ἐστιν,
1235 2682 1435 2752 ἓκροξε
1472 2681 1683 2752 λέγων·

102 2779 170 2830 Ὦ
197 2778 395 2844 ,ϐάθος
422 2777 697 2830 πλούτου
724 2775 821 2829 καὶ
847 2777 1070 2844 σοφίας
1091 2774 1187 2830 καί
1210 2772 1489 2842 γνώσεως
1520 2774 1689 2839 Θεοῦ,

1780 494 1964 548 mulus
1992 494 2186 548 fuisset
2227 492 2296 546 de
2328 506 2565 545 occursu
2620 492 2769 548 illius
2796 535 2808 557 ,
2856 493 2976 548 hau:
3009 509 3357 564 nequaquam

1778 583 1943 639 vobis
1990 583 2046 637 in
2097 590 2339 637 mentem
2371 580 2679 635 venissem.
2728 582 2947 638 Oblitus
2972 592 3062 638 est
3091 585 3359 655 propheta

1780 675 2076 731 comedere
2110 689 2307 744 panem
2340 688 2501 727 suum
2541 689 2556 725 :
2591 687 2655 727 ac
2680 674 2787 727 nisi
2830 674 2885 728 in
2920 674 3134 729 deliciis
3164 675 3364 729 fuisse-

1780 782 1907 822 mus
1936 777 2102 836 atquc
2154 766 2209 819 in
2256 764 2527 820 desidiam
2568 764 2982 831 incidissemus,
3012 782 3358 836 nequaquam

1780 860 1851 915 ab
1878 860 1967 914 his
1991 861 2047 913 in
2073 860 2165 913 illa
2189 859 2597 913 incidissemus.
2623 859 2742 913 Non
2768 859 2883 913 haec
2909 860 3117 928 expetit
3145 876 3175 915 a
3204 861 3363 915 vobis

1779 950 1950 1013 Deus,
1987 949 2082 1005 sed
2124 950 2619 1004 sanctiticationem
2640 990 2655 1013 ,
2685 950 3136 1005 enmndationem
3155 991 3168 1014 ,
3195 953 3364 1007 silen-

1782 1043 1922 1097 tium
1953 1050 2010 1097 et
2032 1043 2428 1097 humilitatem.
2456 1042 2564 1097 Sed
2598 1042 2728 1111 quia
2760 1044 2891 1096 nolo
2914 1060 3012 1098 vos
3056 1045 3110 1097 in
3156 1048 3366 1115 cogita-

1784 1134 2031 1189 tionibus
2058 1134 2394 1203 relinquere,
2420 1134 2515 1188 sed
2546 1135 2715 1187 Deum
2739 1145 2997 1203 precatus
3028 1151 3146 1189 sum
3185 1146 3245 1189 ut
3278 1152 3362 1189 me

1782 1226 1853 1281 de
1883 1227 1988 1281 hac
2011 1241 2071 1280 re
2103 1227 2395 1279 certiorem
2432 1225 2660 1290 faceret,
2693 1237 2859 1296 atque
2902 1228 3159 1296 utrinque
3190 1229 3331 1281 mole
3357 1261 3363 1267 -

1784 1318 1948 1372 stiam
1984 1333 2182 1388 passus
2220 1333 2364 1379 sum.
2409 1320 2580 1373 malui
2617 1335 2920 1373 aerumnam
2960 1320 3252 1389 amplecti,
3305 1328 3365 1373 ut

1783 1422 1884 1462 vos
1910 1408 1980 1462 ab
2020 1423 2084 1462 ea
2110 1408 2427 1475 liberarem,
2460 1411 2610 1464 illius
2638 1409 2772 1463 dicti
2811 1410 3139 1463 recordatus
3170 1427 3184 1461 :
3218 1408 3369 1462 Alter

1785 1498 2006 1553 alterius
2045 1516 2209 1554 onera
2243 1509 2453 1572 portate
2498 1502 2562 1554 ".
2610 1501 2884 1556 Caeterum
2931 1500 3120 1554 audite
3171 1500 3303 1568 quid
3337 1514 3369 1553 a

1785 1589 1901 1643 Deo
1926 1589 2259 1659 acceperim,
2290 1590 2473 1644 tribus
2502 1601 2628 1644 ante
2652 1588 2851 1643 diebus
2872 1603 3038 1657 quam
3076 1601 3174 1639 vos
3199 1587 3371 1639 inter-

1787 1679 2131 1751 rogationem
2162 1682 2506 1736 scriberetis.
2541 1681 2732 1735 Patres
2767 1694 2963 1734 omnes
2989 1677 3082 1748 qui
3108 1677 3221 1731 Deo
3252 1676 3368 1745 pla-

1789 1782 2048 1839 cuerunt,
2082 1774 2281 1839 sancti,
2321 1768 2477 1845 justi,
2507 1774 2604 1828 Dei
2636 1772 2781 1828 servi
2820 1772 2939 1827 veri
2971 1787 3071 1840 pro
3114 1785 3200 1824 me
3241 1783 3369 1838 pre-

1791 1872 2012 1919 centur.
2043 1864 2125 1920 Ne
2161 1865 2372 1935 putetis
2409 1873 2593 1919 autem
2632 1879 2730 1919 eos
2758 1864 2890 1919 licet
2916 1870 3157 1925 sanctos,
3183 1862 3370 1915 omnia

1791 1956 2065 2026 profunda
2112 1957 2209 2011 Dei
2254 1971 2384 2011 vere
2413 1956 2889 2026 comprehendere
2922 1955 3187 2024 potuisse.
3231 1954 3369 2008 Nam

1795 2047 2088 2117 Apostolus
2109 2048 2245 2103 dicit
2276 2067 2289 2102 :
2322 2049 2407 2102 Ex
2430 2056 2583 2119 parte
2611 2049 2998 2119 cognoscimus,
3044 2056 3093 2099 et
3121 2061 3185 2098 ea:
3218 2052 3372 2115 parte

1792 2139 2167 2209 prophetamus
2189 2138 2232 2170 ¹³
2267 2157 2281 2194 :
2306 2155 2370 2194 ac
2397 2156 2618 2194 rursum
2653 2156 2667 2192 :
2700 2139 2796 2194 Cui
2824 2137 3009 2190 datum
3036 2145 3110 2190 est
3129 2153 3223 2207 per
3246 2133 3370 2205 Spi-

1793 2229 2033 2283 ritum“.
2066 2229 2192 2285 Haec
2219 2231 2420 2294 etalia,
2441 2246 2554 2285 non
2574 2239 2756 2284 tamen
2784 2230 2970 2283 omnia
2996 2227 3093 2282 uni
3118 2214 3369 2290 homini;

1794 2320 1894 2375 sed
1924 2320 2061 2376 huic
2093 2320 2197 2384 sic,
2222 2322 2315 2375 alii
2341 2322 2442 2377 sic.
2476 2317 2671 2376 Omnia
2697 2331 2879 2375 autem
2905 2328 3171 2389 operatur
3201 2334 3368 2373 unus.

1792 2411 1931 2467 Cum
1964 2421 2154 2468 nosset
2180 2412 2480 2483 Apostolus
2512 2411 2607 2467 Dei
2648 2427 2850 2466 arcana
2892 2409 3371 2480 incomprehensi-

1796 2504 1931 2559 bilia
1956 2494 2110 2570 esse,
2169 2505 2445 2559 clamabat
2471 2504 2662 2558 dicens
2691 2521 2704 2557 :
2733 2502 2778 2558 0
2807 2502 3035 2556 altitudo
3065 2502 3374 2555 divitiarum

1791 2599 2071 2668 sapientiae
2105 2607 2153 2651 ct
2200 2599 2434 2653 scfentia:
2468 2598 2595 2651 Det!
2630 2614 2793 2667 quam
2829 2591 3373 2665 incomprehensibilia

1792 2695 1917 2741 sunt
1951 2686 2158 2757 judicia
2193 2688 2307 2757 ejus
2333 2728 2348 2752 ,
2385 2697 2432 2742 et
2462 2685 2853 2756 investigabiles
2894 2685 2990 2738 vite
3031 2682 3174 2753 ejus!
3248 2679 3376 2747 Quis

1799 2778 1939 2832 enim
1972 2778 2212 2847 cognovit
2242 2786 2469 2831 mentem
2508 2775 2765 2831 Domini?
2794 2783 2889 2829 aut
2916 2776 3031 2846 quis
3057 2775 3219 2823 "om.

94 2872 178 2934 ὡς
209 2871 650 2940 ἀνεξερεύνητα
681 2869 752 2924 τὰ
785 2870 1038 2938 κρίματα
1073 2867 1283 2934 αὐτοῦ,
1315 2868 1413 2922 καὶ
1449 2868 1684 2937 ἁνεξιχι

1788 2885 1900 2924 ντοι
1938 2868 2001 2924 al
2032 2868 2160 2923 ὁδοὶ
2194 2870 2417 2933 autcf);
2468 2870 2562 2934 Τίς
2614 2869 2726 2938 τὰρ
2767 2872 2920 2934 ἔγνω
2946 2866 3096 2920 νοῦν
3124 2864 3372 2931 Ki-picv;

96 2964 141 3028 ﬁ
186 2965 341 3029 τίς...

180 3085 226 3115 ¹²
257 3082 435 3139 Galat.
459 3099 533 3146 vr,
572 3083 627 3136 2.
708 3084 752 3115 ⁸⁸
796 3082 970 3139 lCor.
1016 3099 1131 3149 xm,
1166 3085 1220 3140 9.
1289 3084 1333 3116 ιδ
1366 3085 1387 3141 ι
1415 3084 1542 3141 Cor.
1573 3102 1670 3151 vn,

1839 3085 1883 3116 "
1912 3085 2074 3139 Rom.
2115 3100 2191 3148 χι,
2222 3083 2311 3144 '55,
2338 3082 2428 3136 ⁸54.

114 3253 3360 3319 W

1373 3442 1546 3489 ANNO
1583 3442 1731 3488 SBC.
1761 3440 1829 3484 νι
1864 3438 2157 3487 INCERTO.

782 3597 1761 3735 ΕΥΣΤΑΘΙΟΥ
1870 3592 2715 3734 ΜΟΝΑΧΟΥ

522 3842 1096 3958 ΕΠΙΣΤΟΛΗ
1162 3839 1455 3928 ΠΡΟΣ
1521 3834 2118 3927 ΤΙΜΟΘΕΟΝ
2185 3829 2972 3920 ΣΧΟΛΑΣΤΙΚΟΝ

1111 4021 1277 4078 ΠΕΡΙ
1325 4020 1458 4075 ΔΥΟ
1496 4017 1790 4089 ΦΥΣΕΩΝγ
1816 4017 2009 4072 ΚΑΤΑ
2047 4013 2394 4071 ΣΕΥΗΡΟΥ.

902 4352 1777 4486 EUSTATHII
1895 4347 2624 4479 MONACHI

456 4608 1039 4702 EPISTOLA
1114 4607 1265 4695 AD
1337 4602 2079 4696 TIMOTHEUM
2153 4598 3054 4693 SCHOLASTICUM

876 4796 986 4858 DE
1028 4794 1345 4857 DUABUS
1394 4791 1742 4854 NATUBIS
1786 4787 2204 4851 ADVERSUS
2241 4783 2639 4848 SEVERUM.

1110 4958 1263 5031 (Anc.
1295 4957 1422 5023 MM,
1454 4954 1565 5011 Vet.
1597 4952 1795 5024 Script.
1825 4968 1946 5009 nov.
1978 4950 2104 5006 coll.
2127 4949 2243 5015 VII,
2273 4948 2422 5019 277.)

1729 5119 1801 5131 —

196 5242 380 5316 ⁰Ᾱπερ
426 5241 618 5316 πρώην
658 5244 717 5296 ἐν
767 5246 887 5306 ταῖς
932 5238 1243 5310 συντυχίαις
1283 5232 1683 5305 συνεζητοῦμεν

1884 5228 2016 5295 Quae
2035 5241 2218 5297 nuper
2252 5223 2309 5279 in
2342 5223 2634 5294 colloquiis
2668 5221 2871 5277 nostris
2900 5223 3384 5292 conquirehamus,

124 5335 296 5392 ταῦτα
341 5336 439 5390 καὶ
482 5335 573 5390 διὰ
613 5337 962 5407 γραμμάτων
991 5332 1091 5384 οὑκ
1120 5328 1347 5398 ὤκνησα
1384 5325 1706 5397 προσδιαλε-

1809 5320 1901 5375 vel
1944 5334 2047 5390 per
2078 5319 2296 5373 litteras
2350 5324 2532 5370 tecum
2563 5316 2768 5385 agitare
2802 5331 2914 5368 non
2954 5314 3226 5377 dubitavi,
3259 5330 3385 5369 cum

125 5428 315 5501 κὸῆναί
352 5447 458 5493 σοι,
500 5427 689 5497 ἐπειδὴ
722 5426 878 5480 τοῦτο
908 5425 1202 5485 ἐκέλευσας
1225 5465 1240 5487 ,
1271 5418 1684 5489 φιλαληθέστατι

1808 5413 1928 5483 ipse
1960 5411 2097 5467 illud
2125 5410 2378 5481 jusseris,
2401 5407 2652 5462 veritatis
2673 5406 3045 5461 amantissime
3078 5407 3383 5471 'l'imothec.

130 5500 381 5590 Τιμόθεε.
414 5522 477 5574 Οἱ
506 5518 742 5590 Χριστὸν
768 5515 1059 5586 ἀσώματον
1085 5510 1540 5582 ἐπιδεδημηκέναι
1566 5508 1684 5579 τῷδε

1803 5505 2150 5574 Quicumque
2210 5502 2492 5557 Christum
2567 5500 2954 5568 incorporeum
3007 5501 3147 5554 hanc
3217 5502 3387 5555 vitam

125 5608 203 5682 τῷ
232 5612 331 5684 βίῳ
377 5612 867 5683 μυθολογήσαντες,
902 5608 1005 5676 τῆς
1053 5604 1357 5674 φαντασίας
1396 5602 1547 5663 ὄντες
1576 5601 1702 5671 ἐρα-

129 5713 269 5769 σταὶ,
298 5701 527 5767 εἰκότως
571 5701 700 5772 μίαν
746 5696 906 5767 φύσιν
942 5692 1079 5748 εἶναι
1112 5692 1275 5747 αὑτὸν
1313 5690 1697 5759 ἐδογμάτισαν,

1804 5596 2008 5651 adiisse
2069 5596 2297 5658 ﬁnxere,
2347 5588 2749 5664 phanta'smatis
2801 5602 3093 5658 urinatores,
3138 5594 3390 5661 [profecto

1806 5701 1973 5743 unam
2033 5684 2113 5740 illi
2155 5684 2322 5739 fuisse
2377 5689 2631 5737 naturam
2671 5681 3003 5748 docuerunt,
3035 5699 3138 5742 nec
3174 5685 3241 5740 tlc
3273 5683 3388 5753 ipsa
