3958 6288
565 281 678 346 903
1801 261 2219 326 EUSTATHII
2255 259 2597 324 MONACH]
3773 257 3870 320 τοι

567 391 861 447 divinitate
910 397 1096 441 sanam
1145 379 1458 437 doctrinam
1494 377 1866 441 retinuerunt,
1911 381 2144 444 excepto

2260 369 2370 426 >ὐδὲ
2403 373 2535 443 περὶ
2565 372 2738 445 αὐτὴν
2775 374 2878 446 μὲν
2908 374 3009 444 τὴν
3044 371 3281 442 θεότητα
3311 369 3704 438 ὑγιαίνοντες,
3727 372 3868 440 πλὴν

569 484 794 544 numine
825 483 1018 538 Christi
1050 496 1068 534 :
1099 477 1200 534 sed
1247 477 1611 533 vehementer
1648 473 1906 528 doctores
1955 473 2142 527 incre-

2260 464 2508 546 Χριστὸν(
2538 464 2813 535 λέγοντες.
2834 465 3322 536 Διελοιδορήσαντο
3335 461 3396 515 δὲ
3420 462 3556 524 τοὺς
3581 460 3743 515 θεὸν
3764 465 3862 517 Δὸ-

569 592 790 648 pavere,
853 571 1136 627 Christum
1200 569 1256 622 in
1311 571 1478 622 carrie
1531 565 1752 620 venisse
1805 569 2141 628 asserentes,

2260 571 2344 625 γον
2371 557 2432 611 ὲν
2479 558 2647 629 σαρκὶ
2681 557 3005 628 ἐληλυθέναι
3048 556 3330 625 λέγοντας,
3362 553 3440 616 ὡς
3491 553 3596 608 δύο
3667 556 3866 624 ςύσες

563 671 702 724 duas
749 664 968 719 scilicet
1001 669 1233 714 naturas
1263 657 1566 712 confessos.
1603 656 1740 710 Rem
1771 653 1872 708 tibi
1907 660 2144 708 testctur

2260 649 2670 722 ἰμολογοῦντας.
2723 652 2838 704 Καὶ
2871 649 3110 704 πειθέτω
3164 666 3231 733 σε,
3272 649 3588 718 Μανιχαίος
3627 651 3861 720 γράφων

566 763 750 816 Manes
799 757 867 811 ad
922 755 1135 810 Addam
1181 752 1476 808 scribens:
1523 770 1541 802 ι
1577 750 1716 802 Dum
1746 747 1960 803 Galilasi
2005 747 2144 801 duas

2260 742 2388 812 πρὸς
2424 743 2615 798 ’Δδδᾶν
2638 761 2654 776 ·
2695 763 2714 796 ι
2768 744 2892 797 Τῶν
2939 743 3248 797 Γαλιλαίων
3305 743 3402 796 δύο
3457 741 3860 811 ὀνομαζόντων

561 847 848 901 Christum
885 851 1112 897 naturas
1157 841 1366 894 habere
1422 837 1858 903 contendebant,
1915 835 2144 892 cachin-

2260 834 2446 902 ρύσεις
2493 834 2640 903 ἔχειν
2682 836 2773 890 τὸν
2801 835 3065 907 Χριστὸν,
3117 835 3329 888 πλατὺν
3371 835 3745 906 κατεχέαμεν
3773 837 3858 902 τέ-

565 955 695 993 num
719 935 1078 992 sustulimus;
1117 933 1242 986 illos
1263 933 1410 986 enim
1435 929 1702 1000 fugiebat,
1723 927 1871 999 quod
1887 927 2146 983 substan-

2260 923 2418 989 tiirra,
2454 924 2532 988 ὡς
2566 925 2671 979 οὐκ
2701 925 2924 981 εἰδότων
2959 928 3040 980 ὅτι
3079 929 3112 997 ἡ
3137 925 3302 979 οὐσία
3332 924 3431 978 τοῦ
3473 927 3670 992 cum);
3699 926 3857 994 ἑτέρα

567 1029 638 1082 tia
680 1024 932 1087 luminis,
977 1036 1103 1078 cum
1139 1019 1246 1074 alia
1290 1017 1523 1072 materia
1571 1032 1682 1071 non
1725 1018 2142 1078 commiscetur,

2260 1016 2312 1070 at)
2352 1015 2613 1087 μίγνυται
2665 1015 2810 1089 ὕλῃ,
2860 1018 2976 1072 ἀλλ’
3043 1017 3190 1070 ἔστιν
3238 1018 3607 1088 ἀκραιφνὴς,
3659 1018 3854 1086 suasa.

563 1119 660 1174 scd
708 1116 1006 1188 purissima
1044 1121 1151 1178 cst,
1206 1111 1417 1164 nullius
1448 1124 1574 1164 cum
1622 1108 1806 1162 aliena
1835 1106 2147 1163 substantia

2260 1125 2339 1162 vat
2389 1109 2558 1180 ἑτέρᾳ.
2604 1109 2766 1180 οὐσίᾳ
2823 1109 2899 1182 μὴ
2946 1109 3223 1180 δυναμένη
3252 1151 3268 1174 ,
3321 1109 3430 1162 κᾶν
3480 1109 3626 1180 δοκῇ
3693 1112 3854 1178 ταύτῃ

565 1210 789 1266 unionis
841 1223 1034 1278 capax,
1091 1203 1310 1260 etiamsi
1355 1201 1488 1256 huic
1545 1200 1828 1256 cohaerere
1864 1199 2143 1255 videatur.

2260 1199 2547 1272 συνῆφθαι.
2587 1200 2671 1266 ,Ἢ
2711 1201 2772 1256 δὲ
2819 1200 2916 1255 τοῦ
2956 1202 3222 1270 Χριστοῦ
3276 1203 3642 1274 προσηγορία
3691 1201 3852 1269 ὄνοςὰ

565 1303 762 1360 Christi
815 1315 1018 1354 nomen
1055 1311 1154 1367 per
1185 1295 1422 1350 abusum
1468 1280 1803 1364 usurpatur;
1855 1291 2004 1347 istud
2041 1305 2148 1346 nec

2260 1293 2369 1346 ἐστι
2399 1293 2867 1366 καταχρηστικδν,
2903 1292 3028 1347 οὔτε
3079 1294 3257 1357 εἴδους
3291 1293 3421 1347 οὔτε
3451 1295 3661 1357 οὐσίας
3697 1297 3852 1360 ὑπάρ-

563 1395 808 1465 specicm
856 1393 1024 1446 ullam
1063 1388 1338 1458 designat,
1385 1400 1492 1440 nec
1521 1385 1908 1440 substantiam.
1938 1383 2147 1453 Super-

2260 1403 2347 1456 χον
2380 1387 2742 1459 σημαντικόν.
2774 1388 2849 1440 Τὸ
2885 1387 2946 1440 δὲ
2986 1386 3265 1441 ἀνώτατον
3315 1386 3436 1456 φῶς
3483 1391 3610 1451 τοῖς
3663 1389 3850 1440 ἐπυτιῦ

2254 1478 2692 1550 συνουσιωμένον
2718 1518 2735 1544 ,
2771 1478 2976 1544 ἔδειξεν
3019 1480 3212 1533 ἑαυτδν
3251 1481 3310 1531 ὲν
3345 1482 3462 1544 τοῖς
3503 1481 3726 1544 Musei;
3759 1482 3851 1532 51:}-

2256 1587 2424 1642 μασιν
2466 1571 2650 1643 σῶμα,
2685 1573 2786 1642 μία
2813 1571 2874 1624 ὃν
2898 1570 3033 1624 αὐτὸ
3057 1571 3224 1640 φύσις
3247 1571 3309 1624 τὸ
3347 1573 3484 1624 πᾶν.
3523 1591 3546 1624 s
3586 1571 3701 1626 Καὶ
3726 1573 3851 1641 πρὶς

567 1503 698 1542 num
759 1499 890 1540 vero
939 1483 1128 1537 lumen
1167 1480 1412 1548 seipsum
1463 1493 1588 1532 cum
1641 1477 1758 1531 suis
1797 1475 2146 1542 consocians,

567 1577 804 1650 praebuit
833 1591 894 1629 se
917 1586 1118 1642 corpus
1150 1569 1295 1623 inter
1341 1567 1501 1622 rudia
1532 1581 1787 1636 corpora,
1820 1580 1932 1620 una
1965 1564 2148 1634 ipsum

567 1687 665 1742 per
697 1667 881 1724 omnia
905 1671 1122 1720 natura.
1155 1682 1172 1713 ι
1204 1659 1286 1716 Ad
1314 1660 1676 1731 Scythianum
1697 1673 1918 1728 quoque
1947 1656 2148 1712 similia

567 1764 735 1818 habet
771 1778 785 1816 :
831 1779 849 1812 ι
885 1759 1066 1830 ipsius
1098 1755 1326 1811 luminis
1371 1747 1546 1809 Filiu's
1576 1752 1855 1823 propriam
1885 1751 2147 1807 substan-

2254 1663 2556 1718 Σκυθιανὸν
2591 1664 2650 1720 δὲ
2675 1664 2754 1719 κτὰ
2789 1665 2955 1735 ὃμοια
2994 1664 3238 1734 γράφειο
3283 1683 3302 1716 ι
3358 1663 3420 1717 '0
3473 1663 3538 1718 δὲ
3581 1664 3684 1718 τοῦ
3728 1666 3849 1718 ίςίίω

2252 1755 2432 1824 φωτὸς
2469 1757 2604 1820 Υῑὸς
2633 1755 2735 1828 τὴν
2763 1755 2906 1811 ἰδίαν
2923 1756 3114 1810 οὐσίαν
3141 1757 3199 1808 ἐν
3227 1756 3305 1826 τῷ
3332 1756 3454 1828 ὄρει
3479 1758 3847 1827 ἑφανὲρωτεν·

567 1855 696 1911 tiam
739 1853 797 1907 in
836 1857 1028 1906 monte
1082 1846 1389 1910 revelavit;
1427 1861 1540 1900 non
1567 1844 1708 1900 duas
1741 1843 1958 1899 habens
1988 1849 2151 1897 natu-

2260 1845 2314 1900 οὐ
2367 1845 2462 1900 δύο
2512 1847 2652 1918 ἔχων
2699 1847 2916 1918 φύσεις,
2956 1848 3096 1902 ἀλλά
3133 1848 3285 1919 μίαν,
3317 1851 3378 1902 ὲν
3406 1849 3493 1920 τῷ
3524 1851 3722 1922 ὁρατῷ
3764 1853 3848 1904 καὶ

567 1963 674 2012 ras,
725 1945 822 2001 sed
859 1958 1050 2008 unam,
1108 1941 1360 1997 eamdem
1407 1939 1464 1994 in
1497 1935 1713 1994 visibili
1781 1947 1840 1992 et
1889 1937 1949 1992 in
2002 1935 2149 1990 invi-

560 2038 735 2096 sibili;
771 2056 790 2089 ι

631 2129 788 2184 Talia
858 2127 1200 2197 scripserant
1255 2131 1312 2177 et
1359 2120 1607 2177 Marcion
1665 2126 1724 2174 et
1768 2116 2147 2174 Valentinus:

561 2235 801 2292 quorum
824 2216 1076 2288 vestigiis
1100 2213 1390 2275 insistens,
1413 2210 1761 2273 Timotheus,
1782 2215 2152 2279 cognomento

566 2313 808 2373 Aﬁlurus,
855 2309 914 2363 in
945 2318 1142 2362 octavo
1195 2303 1376 2374 capite
1417 2302 1551 2357 dicit
1583 2319 1598 2356 :
1649 2319 1669 2350 ι
1702 2299 1909 2354 Natura
1941 2296 2150 2353 Christi

561 2421 674 2461 una
695 2403 814 2459 sola
855 2398 1138 2460 divinitas,
1174 2395 1315 2450 citra
1347 2393 1515 2449 ullam
1545 2390 2037 2447 commutationem
2067 2389 2154 2444 in-

565 2508 810 2557 carnata.
843 2515 862 2548 ι
899 2495 1050 2550 Idem
1085 2492 1144 2546 in
1187 2489 1415 2558 scriptis
1463 2486 1729 2542 adversus
1759 2479 2001 2539 Lcohem
2041 2485 2154 2539 Ro-

565 2606 791 2647 manum
837 2585 1217 2658 patriarcham
1265 2582 1388 2637 ait:
1434 2579 1599 2634 «Non
1634 2578 1785 2634 enim
1841 2576 2150 2631 substantia

565 2681 772 2740 Christi
827 2687 926 2734 aut
951 2685 1176 2735 natura.
1204 2688 1337 2730 caro
1373 2673 1515 2743 ejus,
1569 2670 1667 2728 sed
1716 2668 2152 2739 dispensationis

565 2769 1056 2848 (incarnationis)
1112 2767 1274 2832 ritus,
1327 2771 1556 2836 propter
1605 2769 1854 2818 nostram
1914 2761 2150 2815 salutem

563 2865 774 2937 optime
805 2863 1117 2918 institutus.
1149 2877 1169 2909 ι
1205 2857 1276 2912 Ει
1300 2857 1501 2912 iterum
1531 2871 1546 2908 :
1588 2873 1608 2906 ι
1647 2853 1806 2921 Quod
1827 2853 1872 2908 si
1907 2852 2148 2907 Verbum

565 2959 780 3033 perﬁcit
815 2971 940 3027 qua:
970 2954 1144 3025 ipsius
1184 2958 1336 3015 sunt,
1367 2958 1429 3004 ut
1465 2963 1612 3003 novo
1662 2945 1917 3002 Nestorio
1945 2945 2146 3014 placet,

2251 1937 2492 2011 ἀοράτῳ.
2535 1957 2554 1990 ι

2324 2126 2566 2182 Τοιαῦτα
2601 2127 2696 2182 καὶ
2739 2127 3008 2199 Μαρκίων
3040 2129 3137 2182 καὶ
3164 2128 3536 2185 Οὐαλεντίνος
3564 2129 3846 2200 ἔγραψαν·

2251 2215 2340 2276 οἷα
2365 2221 2852 2292 κατακολουθήσας
2898 2221 3191 2292 Τιμόθεος,
3221 2222 3251 2274 ό
3288 2221 3532 2292 ἐπίκλην
3570 2223 3846 2294 Δῖλουρος,

2253 2315 2312 2366 ὲν
2350 2313 2428 2383 τῷ
2463 2313 2638 2384 ὀγδόῳ
2672 2312 2956 2384 κεφαλαίῳ
2988 2313 3173 2382 λέγει·
3230 2331 3250 2364 ι
3289 2314 3464 2376 Φύσις
3507 2313 3570 2366 δὲ
3613 2313 3849 2385 Χριστιῦ

2256 2407 2356 2476 μία
2403 2407 2540 2478 μόνη
2575 2405 2803 2478 θεότης,
2839 2407 2890 2459 εἰ
2937 2407 3032 2461 καὶ
3075 2407 3424 2477 σεσάρκωται
3475 2407 3796 2479 ἀτρέπτως,
3825 2425 3842 2455 ι

2266 2500 2356 2552 Ἐν
2391 2500 2450 2553 δὲ
2493 2502 2610 2564 τοῖς
2643 2500 2786 2553 κατά
2826 2499 3058 2563 Λέοντος
3089 2498 3184 2552 τοῦ
3231 2499 3457 2570 Ῥώμης
3504 2501 3847 2572 πατριάρχαι

2253 2593 2422 2664 φησίν
2446 2610 2460 2624 ·
2501 2613 2520 2644 ι
2556 2593 2631 2646 Οὐ
2667 2592 2780 2664 γὰρ
2815 2593 2976 2647 οὐσία
3002 2591 3096 2646 τοῦ
3142 2593 3405 2664 Χριστοῦ,
3446 2593 3583 2646 οἰδὲ.
3626 2593 3844 2663 φύσιςή

2255 2683 2392 2757 σὰρξ
2423 2685 2612 2750 αὑτοῦ,
2656 2683 2795 2738 ἀλλὰ
2827 2684 2993 2754 νόμος
3047 2683 3360 2754 οἰκονομίας
3397 2683 3590 2754 ὀρθῶς
3643 2701 3849 2755 πεπρα-

2253 2775 2456 2846 γμένος
2485 2776 2573 2830 διὰ
2595 2776 2698 2846 τὴν
2736 2773 2896 2846 ἡμῶν
2922 2775 3255 2846 σωτηρίαν.»
3285 2776 3396 2830 Kal.
3424 2776 3622 2830 πάλινο
3657 2796 3678 2828 ι
3710 2778 3772 2830 Εἰ
3797 2777 3846 2830 ἴε

2251 2868 2282 2920 ὁ
2319 2868 2492 2936 Λόγος
2518 2869 2922 2938 κατεργάζεται
2951 2868 3090 2940 ὅπερ
3115 2868 3264 2922 ἐστὶν
3305 2867 3506 2932 αὐτοῦ,
3538 2869 3622 2932 ὡς
3650 2869 3730 2938 τῷ
3754 2870 3848 2940 νέῳ

2252 2959 2536 3030 Νεστορίῳ
2579 2960 2747 3023 δοκεῖ,
2801 2959 3086 3032 ἀλλότριον
3115 2961 3216 3030 τῆς
3260 2959 3416 3024 θείας
3451 2962 3554 3014 καὶ
3605 2962 3846 3033 ἀκράτου

561 3053 807 3108 alienum
836 3047 942 3105 erit
985 3046 1191 3101 divinae
1245 3053 1300 3098 et
1330 3041 1740 3112 simplicissime
1783 3047 1998 3093 naturae
2045 3036 2150 3092 sub

2260 3051 2472 3121 φύσεως
2499 3052 2563 3106 τὸ
2590 3053 2858 3124 ὁραθῆναι
2889 3052 2986 3106 καὶ⁵
3006 3052 3425 3124 ψηλαφηθῆναι,
3457 3054 3601 3109 ῐδιον
3629 3055 3694 3108 δὲ
3715 3055 3846 3125 μᾶλ-

561 3151 924 3216 conspectum
963 3147 1021 3195 et
1053 3145 1260 3192 tactum
1293 3133 1515 3198 cadere,
1553 3131 1650 3187 sed
1687 3131 1941 3186 humana:
1967 3129 2151 3199 potius

2260 3143 2344 3197 λον
2395 3148 2496 3212 τῆς
2553 3145 2907 3217 ἀνθρωπίνης
2961 3145 3082 3198 ἐστὶ
3137 3144 3375 3214 φύσεως.
3428 3165 3447 3196 ι
3495 3146 3614 3199 Καὶ
3648 3148 3845 3201 πάλιν·

561 3248 778 3296 natura:
823 3232 1132 3306 proprium.
1169 3249 1188 3281 ι
1238 3228 1308 3282 Ει
1341 3240 1576 3280 rursus:
1608 3242 1626 3275 ι
1656 3220 1968 3278 Ostendent
1987 3219 2151 3274 nobis

2260 3222 2596 3298 ι’Δείξουσιν
2634 3235 2770 3304 ἡμῖν
2795 3233 2848 3286 οἰ
2883 3218 3173 3302 Διφυσϊται
3213 3233 3324 3286 τῶν
3355 3232 3452 3286 δύο
3501 3232 3733 3301 φύσεων

564 3328 868 3400 Diphysita:
923 3325 1164 3378 duarum
1221 3326 1548 3372 naturarum
1602 3313 2044 3378 distinctionem,
2091 3321 2151 3366 ut

2260 3325 2539 3394 διαφορὰν,
2565 3314 2644 3388 ὡς
2677 3327 2835 3380 αὐτοὶ
2872 3325 3148 3394 λέγουσιν.
3186 3343 3207 3377 ι
3243 3324 3434 3396 Τούτῳ
3467 3327 3572 3378 καὶ
3602 3329 3727 3390 τοῖς
3756 3324 3844 3378 ἀπ’

563 3422 671 3494 ipsi
695 3421 909 3474 dicunt.
947 3435 966 3467 ›
994 3414 1186 3481 Neque
1210 3409 1364 3474 huic,
1394 3421 1576 3476 neque
1602 3404 1877 3461 haereticis
1903 3404 2154 3474 eiusque

565 3513 634 3568 ad
691 3508 962 3565 hodierna
1021 3513 1269 3573 tempora
1327 3499 1680 3564 faventibus,
1739 3496 2153 3552 communicant

567 3598 877 3662 Severiani,
921 3594 1217 3666 acephalos
1245 3607 1344 3648 eos
1372 3597 1654 3648 vocantes.

635 3695 759 3765 Ipse
813 3700 996 3746 tamen
1049 3687 1290 3744 Severus
1339 3683 1696 3739 Timotheum
1743 3681 1975 3752 suscipit
2017 3681 2151 3736 talia

565 3789 900 3861 professum.
949 3781 1163 3838 Scribit
1199 3779 1350 3834 enim
1384 3777 1453 3832 ad
1482 3777 1758 3832 Niciotem
1791 3775 1849 3831 in
1873 3772 2153 3847 synodicis

565 3881 682 3936 suis
706 3899 720 3932 :
751 3897 769 3930 ι
797 3873 1047 3932 Dioscori
1071 3871 1372 3936 Timothei,
1399 3868 1652 3924 veritatis
1678 3874 2150 3938 propugnatorum

565 3976 800 4030 immoto
831 3969 972 4042 pede
999 3975 1172 4040 petra:
1205 3965 1546 4025 innixorum,
1581 3961 1828 4018 horridis
1849 3959 2152 4014 adversan-

565 4071 705 4126 tium
741 4065 1002 4122 ﬂuctibus
1025 4061 1233 4117 frustra
1259 4061 1594 4131 jactatorum
1625 4069 1838 4126 pugnas
1867 4067 2148 4117 revcrcor,

565 4174 622 4221 ct
662 4160 848 4232 magni
891 4157 1054 4214 facio.
1088 4174 1106 4207 ›
1163 4154 1314 4220 Quos
1361 4150 1452 4205 hic
1503 4148 1848 4203 orthodoxus
1891 4143 2153 4200 defendat

565 4251 816 4311 attende.
871 4247 1014 4304 Odio
1063 4245 1122 4298 in
1185 4251 1433 4297 sanctam
1481 4237 1757 4310 synodum
1805 4235 1882 4308 (i)
1940 4244 2146 4299 motus,

487 4325 492 4329 ’
566 4339 1030 4402 Phantasianistis
1061 4336 1228 4398 favet,
1261 4341 1316 4387 et
1340 4333 1560 4385 illorum
1581 4328 1819 4384 vocibus
1843 4325 2150 4382 sententias

565 4447 786 4494 nostras
811 4429 1097 4502 exprimit,
1118 4425 1404 4481 hominum
1432 4423 1500 4476 ad
1522 4421 1824 4490 exemplar,
1850 4419 1946 4488 qui
1969 4417 2146 4472 simu-
2179 4395 2224 4454 Ῑ)

561 4529 733 4586 lacris
763 4520 1086 4594 splendidas
1103 4526 1288 4572 vestes
1317 4513 1728 4584 largiuntur,et
1747 4519 1936 4578 turpes
1958 4508 2146 4562 vultus

563 4612 850 4668 coloribus
895 4615 1188 4664 exornant.
1225 4601 1466 4659 Videsne
1504 4617 1536 4656 a
1587 4599 1796 4670 quibus
1837 4605 1893 4652 et
1939 4612 2048 4668 qua
2079 4595 2150 4652 de

560 4716 736 4757 causa
779 4713 887 4754 una
932 4704 1134 4752 natura
1181 4691 1488 4764 excogitata
1532 4689 1644 4746 sit?

471 5017 485 5048 ε
635 4977 792 5046 Quod
825 4984 1012 5032 autem
1061 4969 1374 5029 orthodoxi"
1399 4971 1591 5026 Patres
1609 4967 1750 5024 duas
1779 4967 2005 5024 Christo
2030 4981 2151 5023 esse

563 5080 794 5126 naturas
844 5066 1219 5131 contendant,
1267 5064 1386 5134 ipse
1435 5069 1671 5117 testatur
1723 5061 2000 5126 Severus;
2033 5059 2154 5114 haec

470 5159 482 5184 ⁵
563 5163 714 5218 enim
759 5161 930 5216 habet
980 5160 1036 5213 in
1087 5165 1344 5222 tractatu,
1373 5154 1470 5226 qui
1500 5154 1822 5209 inscribitur
1870 5152 2145 5224 Expositio

563 5254 690 5324 ﬁdei
719 5269 739 5310 :
774 5271 794 5305 ι
823 5253 1020 5307 Dicere
1047 5249 1185 5304 duas
1217 5257 1445 5303 naturas
1474 5246 1530 5301 in
1557 5243 1800 5310 Christo,
1827 5244 2010 5299 omnis
2031 5244 2145 5299 cri-

565 5346 732 5402 minis
764 5346 1014 5418 plenum,
1058 5342 1191 5398 licet
1221 5356 1252 5395 a
1299 5338 1581 5410 plerisque
1633 5336 1842 5392 sanctis
1891 5337 2148 5392 Patribus

563 5439 774 5494 dictum
795 5438 890 5492 sit.
929 5457 948 5488 »
979 5437 1047 5491 Ει
1069 5436 1234 5506 paulo
1251 5441 1409 5504 post:
1437 5452 1454 5482 ι
1485 5430 1564 5485 Ne
1588 5428 1726 5483 mihi
1762 5428 1963 5483 iterum
1988 5428 2148 5484 dixe-

566 5531 648 5586 ris
689 5529 959 5599 quosdam
993 5543 1060 5582 ex
1095 5525 1356 5582 Patribus
1397 5520 1672 5576 vocabulo
1699 5518 1934 5576 duarum
1985 5531 2149 5576 natu-
2187 5595 2192 5600 ι

638 5706 714 5774 (t)
746 5705 1053 5760 Concilium
1087 5703 1555 5761 Chalcedoncnse.

2254 3417 2426 3473 αὐτοῦ
2469 3417 2634 3490 μέχρι
2674 3418 2776 3488 τῆς
2825 3419 3073 3490 σήμερον
3101 3417 3164 3470 οὐ
3201 3415 3564 3472 κοινωνοῦσιν
3592 3419 3647 3471 οἱ
3677 3418 3840 3488 Σευὴ-

2258 3525 2377 3580 ρου,
2415 3509 2729 3579 ἀκεφάλους
2763 3509 2967 3573 αὐτοὺς
2996 3509 3532 3581 προσαγορεύοντες.

2324 3686 2499 3752 Αὐτὸς
2564 3686 2750 3758 μέντοι
2802 3685 3046 3760 Σευῆρος
3093 3689 3422 3758 ἀποδέχεται
3473 3689 3573 3743 τὸν
3623 3691 3843 3744 τοιαῦτα

2255 3780 2523 3852 εἰρηκότα
2559 3781 2847 3850 Τιμόθεον.
2892 3780 3104 3851 Γράφει
3133 3783 3243 3852 γὰρ
3275 3783 3412 3853 πρὸς
3445 3785 3542 3836 τὸν
3567 3784 3841 3854 Νικιώτην

2253 3875 2313 3926 ὲν
2343 3874 2456 3936 τοῖς
2483 3871 2784 3934 συνοδικοῖς
2818 3871 3008 3924 αὐτοῦ·
3046 3891 3066 3924 ι
3097 3873 3393 3944 Διοσκόρου
3440 3875 3497 3927 δὲ
3537 3878 3635 3928 καὶ
3681 3877 3842 3945 Τιμο-

2255 3963 2402 4031 θέου,
2435 3963 2546 4017 τῶν
2580 3964 2682 4033 τῆς
2715 3963 2973 4035 ἀληθείας
3001 3966 3355 4034 ἀγωνιστῶν,
3391 3967 3501 4020 τῶν
3542 3969 3838 4040 ἀπερίτρέ-

2254 4073 2406 4120 πτως
2433 4055 2526 4110 τὸν
2564 4057 2703 4110 πόδα
2731 4057 3066 4128 ὲρεισάντων
3097 4059 3192 4111 ἐπὶ
3230 4059 3328 4129 τῆς
3365 4059 3604 4129 πέτρας,
3643 4063 3743 4115 καὶ
3771 4061 3840 4130 τῷ

2255 4147 2404 4218 σάλῳ
2451 4147 2559 4200 τῶν
2627 4147 3144 4218 ἀντιδιατιθεμένων
3205 4149 3693 4222 περικλυσθέντων
3747 4153 3839 4224 μὲν

2254 4240 2582 4311 βιαιότερον,
2611 4240 2674 4294 οὐ
2709 4239 3142 4311 παραρρυέντων
3172 4241 3253 4309 δὲ,
3292 4241 3419 4307 τοὺς
3448 4243 3673 4312 ἀγῶνας
3699 4242 3837 4316 τιμῶ

2253 4333 2350 4388 καὶ
2409 4332 2754 4403 ἀσπάζομαι.
2813 4351 2832 4385 ο
2882 4333 2941 4386 '0
2993 4333 3289 4406 λεγόμενος
3349 4335 3640 4408 ὀρθόδοξος
3693 4338 3838 4400 τίνας

2253 4425 2578 4496 ἀποδέχεται
2635 4425 2872 4496 πρόσεχε
2898 4439 2918 4457 ο
2965 4427 2994 4478 ὁ
3043 4425 3133 4480 διὰ
3184 4427 3285 4495 τὴν
3335 4429 3706 4484 ἀντιπάθειαν
3747 4430 3838 4498 τῆς

2253 4517 2419 4586 ἁγίας
2449 4516 2668 4572 συνόδου
2701 4519 2864 4570 παντί
2893 4519 3326 4591 Φαντασιανιστῇ
3355 4521 3835 4592 προσκλινόμενος.

2253 4612 2283 4664 ό
2313 4611 2436 4673 ταῖς
2467 4609 2694 4664 ἐκείνων
2735 4613 2945 4678 φωναῖς
2977 4611 3078 4674 τάς
3107 4611 3394 4684 ἡμετέρας
3439 4615 3655 4679 ἑννοίας
3686 4631 3837 4687 περι·

2256 4699 2450 4764 τιθεὶς,
2477 4699 2552 4765 ὡς
2576 4705 2687 4766 τοῖς
2719 4699 2960 4766 εἰδώλοις
2988 4704 3039 4756 οἰ
3072 4703 3172 4768 τὰς
3200 4703 3461 4778 λαμπράς
3487 4706 3732 4774 ἐσθῆτας
3755 4707 3838 4760 καὶ

2255 4791 2326 4845 τὰ
2357 4791 2570 4862 ἀκαλλῆ
2605 4793 2878 4864 πρόσωπα
2908 4791 2998 4846 διὰ
3031 4796 3344 4864 χρωμάτων
3379 4795 3836 4871 καλλωπίζογτες

2254 4881 2430 4948 ἔγνως
2457 4882 2569 4937 ἀπὸ
2597 4883 2761 4936 τίνων
2789 4884 2885 4937 καὶ
2917 4883 3008 4938 διὰ
3045 4884 3101 4938 τί
3127 4886 3160 4956 ὴ
3197 4887 3296 4956 μία
3327 4885 3492 4954 φύεις
3525 4887 3839 4960 ὲπενοήθῃ

2327 4971 2451 5026 ’Ὁτι
2481 4971 2540 5025 δὲ
2564 4973 2615 5026 οἰ
2645 4971 2916 5043 ὀρθόδοξοι
2939 4974 3186 5045 Πατέρες
3206 4975 3499 5046 εἰρήκασιν
3521 4975 3620 5029 δύο
3655 4975 3841 5046 φύσεις

2258 5060 2400 5118 εἶναι
2455 5065 2549 5119 τὸν
2582 5066 2843 5136 Χριστὸν,
2900 5067 3064 5126 αὐτὸς
3100 5069 3341 5139 Σευῆρος
3377 5074 3672 5141 μαρτυρεῖ·
3699 5071 3841 5138 λέγει

2257 5159 2368 5230 γὰρ
2413 5161 2472 5214 ὲν
2502 5158 2584 5230 τῷ
2629 5159 2974 5230 συντάγματι
3011 5159 3178 5214 αὐτοῦ
3217 5162 3296 5233 τῷ
3328 5162 3838 5234 ἐπιγεγραμμένῳ·

2264 5250 2554 5316 Ἕκθεσις
2579 5251 2864 5318 πίστεως,
2903 5249 3112 5313 οὕτως·
3149 5271 3170 5304 ι
3203 5252 3278 5307 To
3307 5253 3494 5322 λέγειν
3521 5254 3621 5308 δύο
3658 5251 3843 5324 (θύσεις

2259 5340 2352 5394 ὲπί
2379 5341 2646 5414 Χριστοῦ,
2695 5343 2880 5413 πάσης
2913 5343 3253 5414 κατηγορίας
3289 5345 3618 5417 ὲπίμεστον,
3648 5347 3700 5398 εἰ
3759 5344 3845 5397 καὶ

2260 5433 2367 5486 ὑπὸ
2394 5434 2660 5488 πλειόνων
2705 5433 2878 5500 ἁγίων
2910 5435 3174 5506 Πατέρων
3223 5437 3465 5507 εἴρηται.
3518 5455 3538 5488 ι
3581 5437 3696 5490 Καὶ
3734 5433 3845 5507 μετ’

2256 5525 2445 5594 ὀλίγαο
2487 5545 2506 5578 ι
2549 5527 2664 5582 Καὶ
2705 5525 2780 5599 μὴ
2824 5523 2988 5578 πάλιν
3040 5527 3200 5600 εἴπῃς
3248 5528 3324 5593 ὡς
3351 5531 3418 5600 τῇ
3449 5527 3602 5594 λέξει
3643 5531 3720 5602 τῇ
3745 5526 3846 5580 τῶν
