3958 6288
154 291 272 356 9θ5

1190 293 1551 354 EPISTOLA
1580 291 1676 350 DE
1716 291 2018 352 DUABUS
2058 292 2414 352 NATURIS.

3299 285 3402 346 906

153 403 257 456 δύο
277 397 492 467 φύσεὼν
523 415 666 461 τινες
694 398 800 451 τῶν
828 400 1089 471 Πατέρων
1120 402 1423 472 ἐχρήσαντο
1447 401 1732 470 ’ἐχρήσαν-

1848 413 2018 452 arum
2065 414 2192 453 usos
2241 414 2399 463 esse;
2436 414 2502 452 eo
2544 399 2687 453 enim
2737 399 2822 453 usi
2851 406 3004 465 sunt,
3059 397 3265 467 absque
3292 399 3403 451 ullo

151 513 224 548 το
241 496 348 564 γάρ
367 491 722 562 ἀδιαϐλὴτως,
755 490 941 560 ὥσπερ
972 489 1215 561 εἴπομεν·
1240 492 1378 544 κατά
1402 491 1456 544 δὲ
1485 491 1576 542 τὸν
1610 489 1729 558 χρό-

153 605 251 641 νον
277 583 371 637 τοῦ
397 583 664 653 μακαρίου
696 581 961 650 Κυρίλλου
991 581 1090 648 τῆς
1117 582 1271 634 νόσου
1301 582 1410 634 τῶν
1439 580 1733 649 Νεστορίου

156 672 538 743 καινοφωνιῶν
554 672 653 734 τάς
679 671 1003 742 Ἐκκλησίας
1020 671 1439 742 ἐπινεμομένης,
1460 671 1550 724 ἐπὶ
1574 670 1736 722 πλέον

155 767 194 836 ὴ
216 765 360 828 λέξις
386 761 816 830 ἀπεδοκιμάσθη.
832 778 849 810 ι
872 761 980 814 Καὶ
1007 761 1168 813 πάλιν
1185 778 1229 811 ο(
1249 762 1339 831 Μὴ
1359 760 1615 813 δύνασθαι
1638 759 1734 823 τὰς

155 855 274 909 τῶν
305 855 569 924 Πατέρων
604 853 786 920 φωνάς
813 852 921 904 τῶν
954 851 1290 922 ἀδιαϐλήτως
1327 855 1392 923 τῇ
1423 852 1565 918 λέξει
1596 868 1734 922 χρη-

159 946 415 1015 σαμένων
444 943 837 1013 προφέρεσθαι,
881 943 984 996 κᾶν
1015 942 1181 995 αὐτοῦ
1226 943 1496 1013 Κυρίλλου
1527 939 1635 995 εἶεν
1680 941 1734 994 αἱ

158 1035 359 1103 φωναί.
395 1053 413 1083 ›
458 1034 614 1085 Πᾶσα
655 1031 840 1102 σχεδὸν
876 1031 1028 1102 φωνὴ
1059 1032 1364 1103 δογματικὴ
1404 1033 1734 1102 κακουργεῖ-

160 1127 292 1178 σθαι
325 1124 548 1176 δύναται
575 1122 727 1192 παρά
751 1122 858 1174 τῶν
890 1122 1202 1194 αἱρετικῶν,
1233 1122 1348 1175 ἀλλ’
1376 1123 1436 1175 οὐ
1464 1122 1550 1175 διὰ
1578 1121 1736 1174 τοῦτο

157 1214 382 1276 πάντως
415 1213 447 1281 ἢ
476 1211 707 1264 πάντοτε
747 1211 950 1274 ταύτας
977 1211 1391 1281 παραιτούμεθα
1409 1228 1423 1242 °
1454 1213 1533 1274 είς
1561 1211 1617 1264 δὲ
1645 1211 1734 1264 τὸν

161 1304 368 1356 σκοπὸν
411 1301 506 1356 τοῦ
559 1302 849 1365 λαλοῦντος
897 1302 1319 1365 ἀποϐλέποντες,
1353 1304 1495 1356 κατὰ
1532 1302 1594 1354 τὺ
1635 1319 1735 1372 ση-

163 1393 494 1465 μαινόμενον
534 1394 568 1464 ἢ
620 1394 1042 1464 παραδεχόμεθα
1072 1393 1105 1464 ἢ
1142 1393 1509 1463 ἀπωθούμεθα
1540 1393 1734 1455 αὐτάς.

249 1483 440 1552 Ἡμεῖς
468 1478 560 1538 οὖν
586 1485 698 1546 τοῖς
727 1483 1066 1555 ἀδιαΰλήτως
1096 1487 1161 1554 τῇ
1189 1483 1328 1548 λέξει
1371 1485 1736 1554 χρησαμένοις

156 1574 616 1638 ἀκολουθοῦντες,
655 1574 748 1627 δύο
804 1575 996 1642 φύσεις
1044 1576 1281 1644 Χριστοῦ
1326 1575 1580 1644 λέγομεν,
1632 1574 1735 1628 κᾶν

157 1667 389 1736 Σευήρῳ
423 1665 605 1736 πάσης
642 1668 977 1738 κατηγορίας
1023 1667 1319 1737 ὲπίμεστον
1368 1663 1508 1720 εἶναι
1559 1667 1689 1737 δοκῇ
1715 1683 1730 1697 ’

156 1758 259 1808 καὶ
409 1724 674 1809 δύνασθαι
701 1724 808 1819 τάξ
830 1724 1246 1827 τ’ὦνΨΙΙατέρων
1296 1757 1480 1826 φωνὰς
1527 1724 1733 1827 προφέ-
1764 1724 1806 1779 Β

162 1847 359 1916 ρεσθαι
391 1848 677 1917 νομοθετεῖ
720 1849 748 1900 ὁ
789 1850 1086 1918 συνήγορος
1119 1849 1215 1902 καὶ
1245 1849 1541 1912 ἀντίδικος·
1574 1849 1738 1917 ἀρκεῖ

155 1936 206 1988 δ’
232 1937 364 2006 ἡμῖν
380 1937 619 2005 Σευῆρον
651 1939 968 2007 μαρτυρεῖν,
991 1938 1072 1990 ὅτι
1102 1936 1272 2004 ἀγίων
1301 1937 1446 1990 Πατέ
1457 1954 1564 2008 ρων
1588 1936 1737 1989 ἐστὶν

155 2027 192 2095 ἡ
234 2025 344 2077 τῶν
368 2025 460 2077 δύο
494 2026 711 2092 φύσεων
739 2026 906 2092 λέξις,
941 2027 1036 2080 καὶ
1067 2026 1328 2080 πλειόνων
1350 2027 1640 2097 Πατέρωνο
1673 2027 1735 2079 ού

155 2115 276 2185 γὰρ
306 2115 424 2178 ἑνὸς
469 2115 626 2185 ἢδύο
669 2116 848 2184 μόνον.
883 2116 998 2169 Ούκ
1045 2117 1300 2187 ἀληθεύει
1351 2113 1445 2170 οὖν
1498 2119 1526 2170 ὀ
1579 2134 1738 2170 συκο-

160 2209 405 2275 φαντῶν,
447 2209 756 2278 αίρετικοὺς
807 2209 1219 2279 ἐπινενοηκέναι
1266 2211 1363 2280 τὴν
1393 2209 1568 2276 λέξινο
1602 2209 1738 2278 ἀλη-

160 2299 316 2352 θεύει
357 2299 414 2352 δὲ
467 2299 669 2369 μᾶλλον
725 2301 752 2352 ὁ
806 2299 1008 2367 λέγων,
1039 2300 1228 2368 ἁγίους
1263 2301 1402 2353 κατὰ
1447 2299 1738 2370 αἱρετικῶν

162 2390 480 2458 χρήσασθαι
528 2388 722 2461 ταύτῃ.
770 2389 966 2457 Ἀγίων
1005 2390 1077 2456 ξδὲ
1132 2390 1226 2444 καὶ
1283 2389 1495 2442 πολλῶν
1550 2391 1737 2458 φωνάς

165 2478 476 2543 ἐκϐάλλειν,
512 2478 831 2542 ἀλαζονικὸν
870 2478 984 2546 ἅμα
1030 2479 1125 2531 καὶ
1163 2477 1410 2548 μανικόν.
1452 2477 1571 2531 Κᾶν
1602 2493 1738 2547 προ-
1783 2522 1787 2525 .

166 2570 464 2640 φασίζηται
495 2570 731 2639 Σευῆρος
765 2567 852 2622 διὰ
890 2569 1186 2638 Νεστόριον
1232 2567 1738 2638 ἀποδοκιμασθῆναι

163 2663 271 2730 τὴν
301 2660 446 2726 λέξιν
477 2659 683 2730 ταύτην
703 2677 716 2690 ο
747 2660 1159 2732 ἀπεδοκιμάσθη
1191 2661 1248 2714 δὲ
1291 2661 1422 2730 παρ’
1450 2661 1615 2714 αὑτοῦ
1641 2659 1739 2714 καὶ

164 2752 281 2805 τῶν
331 2751 454 2804 κατ’
501 2751 684 2804 αὐτόν.
733 2749 791 2803 '0
829 2750 937 2820 γάρ
996 2749 1262 2819 μακάριος
1296 2749 1567 2819 Κύριλλος
1601 2749 1740 2819 μετὰ

165 2841 465 2916 Νεστέριον
520 2841 617 2911 τὴν
675 2841 813 2911 πρὸς
865 2840 1120 2909 Εὑλὸγιον
1163 2840 1378 2910 γράψας
1424 2839 1738 2910 ἐπιστολὴν,

167 2930 551 3000 ἀπελογήσατο
591 2931 648 2983 ἐν
679 2930 817 3000 αὐτῇ
852 2928 979 2999 περὶ
1021 2928 1128 2982 τῶν
1171 2927 1528 2981 Ἀνατολικῶν
1552 2927 1741 2996 λεγόν-

166 3040 283 3076 των
308 3022 398 3075 δύο
426 3021 640 3090 φύσεις.

243 3115 411 3182 Φησὶν
465 3112 520 3165 δέ
569 3113 806 3182 Σευῆρος
843 3110 939 3165 καὶ
973 3109 1238 3180 ἀλλαχοῦ·
1275 3127 1292 3160 ι
1333 3108 1532 3162 Donat
1566 3108 1742 3177 φωναὶ

169 3205 330 3276 παρά
357 3207 465 3266 τοῖς
493 3205 770 3275 Πατράσιν
799 3201 1137 3272 ἀδιαϐλήτως
1165 3200 1482 3270 λεγόμεναι,
1513 3197 1743 3268 ὕστερον

167 3296 277 3350 οὐκ
296 3295 556 3364 ἀσφαλεῖς
581 3293 844 3363 ὤφθησαν
871 3291 1011 3363 μετὰ
1053 3291 1364 3362 Νεστόριον.
1415 3310 1434 3344 ι
1489 3291 1614 3343 Ἐἀν
1651 3285 1743 3343 οὖν

169 3388 271 3443 καὶ
297 3389 458 3458 ἡμεῖς
507 3389 794 3456 φήσωμεν,
848 3385 1041 3438 πολλαὶ
1080 3385 1253 3452 φωναὶ
1286 3382 1435 3453 παρά
1477 3383 1589 3445 τοῖς
1630 3383 1745 3435 Πα-

165 3479 368 3551 τράσιν
400 3477 736 3548 ἀδιαϐλήτως
769 3477 1084 3546 λεγόμεναι,
1117 3475 1342 3545 ὕστερον
1366 3474 1466 3526 οὐκ
1486 3472 1745 3541 ἀσφαλεῖς

169 3569 441 3638 ὤφθησαν
495 3567 634 3637 μετὰ
690 3567 954 3636 Εὐτυχέα,
988 3566 1040 3618 τί
1095 3566 1156 3618 τὸ
1211 3565 1612 3633 συναγόμενον;
1647 3563 1746 3618 Διά

168 3661 471 3731 Νεστόριον
510 3659 610 3728 μὲν
659 3659 692 3728 ή
743 3657 851 3710 τῶν
890 3656 1000 3710 δύο
1052 3657 1295 3725 φύσεων
1349 3654 1746 3725 ἐκϐληθήσεται

172 3751 354 3820 φωνὴ,
402 3751 468 3803 δι’
499 3751 744 3821 Εὐτυχέα
793 3748 849 3800 δὲ
883 3749 918 3818 ἠ
959 3747 1060 3818 τῆς
1110 3745 1252 3817 μιᾶς
1290 3748 1549 3815 φύσεως.
1585 3746 1646 3798 Ei
1689 3744 1746 3798 δὲ

176 3844 352 3913 ἀγίων
394 3842 652 3910 Πατέρων
694 3841 1025 3911 ἀναιροῦμεν
1072 3838 1276 3906 φωνὰς,
1318 3836 1407 3890 διά
1457 3837 1518 3889 τὸ
1560 3836 1748 3899 κακῶς

174 3936 406 4000 ταύταις
444 3935 753 4005 χρήσασθαι
784 3934 1116 4004 αἱρετικοὺς,
1162 3930 1366 3992 πολλὰς
1409 3929 1504 3983 καὶ
1549 3931 1613 3981 ἐκ
1642 3928 1749 3981 τῶν

177 4030 352 4099 ἁγίων
387 4027 620 4097 Γραφῶν
669 4027 1040 4095 ἀθετήσομεν,
1096 4023 1187 4076 διά
1228 4022 1288 4074 τὸ
1324 4021 1522 4091 ὁμοίως
1566 4017 1750 4082 κακῶς

177 4119 488 4194 χρήσασθαι
542 4118 770 4179 ταύταις
819 4115 1152 4186 αἱρετικούς.
1206 4113 1316 4166 Καὶ
1365 4115 1431 4183 τῇ
1465 4111 1564 4180 μὲν
1597 4111 1748 4179 φωνῇ

175 4210 288 4264 τῶν
317 4209 426 4262 δύο
463 4208 708 4276 φύσεων
737 4205 1037 4276 ἐχρήσαντο
1070 4203 1214 4269 ἆγιοι
1263 4201 1371 4271 πρὸ
1407 4199 1518 4254 τῶν
1547 4202 1753 4269 αίρετι-

179 4300 318 4367 κῶν,
347 4302 411 4369 τῇ
441 4299 497 4352 δὲ
519 4296 662 4367 μιᾶς
682 4297 920 4367 φύσεως
961 4294 1066 4366 πρὸ
1091 4293 1198 4348 τῶν
1229 4293 1594 4364 χρησαμένων
1613 4290 1752 4359 αὐτῇ

1836 487 2091 552 crimine,
2117 488 2197 540 uti
2220 487 2488 541 diximus:
2511 495 2752 558 tempore
2790 497 2973 542 autem
3013 489 3156 542 beati
3190 488 3401 560 Cyrilli,

1836 592 1959 630 cum
2005 578 2329 631 Nestoriana
2357 581 2527 646 pestis
2555 587 2608 632 et
2638 579 2852 634 novitas
2881 580 3156 635 Ecelesias
3206 563 3406 652 depas-

1836 679 2079 734 ceretur,
2125 669 2456 723 vocabulum
2501 669 2625 734 hoc,
2684 680 2744 725 ut
2792 671 3090 740 plurimum
3141 674 3404 744 rejectum

1836 768 1920 814 est
1952 759 2050 830 (2).
2090 778 2108 810 ι
2149 759 2218 814 Ει
2245 775 2434 814 rursus
2469 777 2481 812 :
2517 778 2534 809 ‹
2569 760 2688 813 Non
2725 770 2956 828 possunt
2995 763 3213 817 Patrum
3241 781 3406 820 voces

1835 846 2093 915 proferri,
2131 847 2225 917 qui
2269 848 2374 901 hoc
2415 849 2684 903 vocabulo
2743 849 2949 918 absque
3014 852 3125 905 ullo
3175 854 3406 908 crimine

1837 939 1922 992 usi
1968 947 2134 1004 sunt,
2184 939 2399 993 etiamsi
2441 954 2604 993 voces
2634 940 2739 993 illae
2779 940 2893 994 sint
2941 941 3113 1011 ipsius
3147 943 3352 1014 Cyrilli.
3380 964 3398 994 ι

1835 1030 2152 1100 Dogmatico
2224 1029 2338 1084 fere
2392 1031 2590 1099 quovis
2644 1031 2914 1086 vocabulo
2963 1033 3205 1088 haeretici
3251 1035 3405 1090 abuti

1833 1127 2086 1189 possunt,
2145 1119 2240 1173 sed
2293 1135 2405 1173 non
2455 1120 2580 1174 ideo
2631 1121 2858 1174 omnino
2899 1132 2956 1176 et
3011 1123 3214 1192 ubique
3268 1125 3406 1178 illud

1835 1209 2210 1279 repudiamus,
2259 1211 2354 1264 sed
2395 1218 2632 1264 mentem
2658 1211 2936 1279 loquentis
2969 1213 3404 1276 considerantes.

1834 1313 1936 1368 pro
1982 1299 2138 1353 verbi
2181 1299 2580 1368 signiﬁcatione
2614 1300 2749 1354 illud
2790 1310 2888 1356 aut
2940 1302 3265 1370 retinemus,
3313 1313 3410 1359 aut

1835 1389 2199 1457 explodimus.

1905 1480 2131 1534 Patrum
2167 1479 2335 1550 igitur
2363 1480 2608 1550 vestigiis
2645 1481 2901 1551 ingressi,
2934 1485 3027 1553 qui
3062 1485 3266 1554 absque
3299 1487 3409 1541 ullo

1836 1571 2070 1626 crimine
2115 1571 2221 1625 hoc
2263 1572 2534 1627 vocabulo
2563 1573 2648 1627 usi
2700 1581 2849 1640 sunt,
2905 1575 3042 1629 duas
3083 1576 3139 1630 in
3189 1575 3408 1632 Christo

1837 1673 2063 1716 naturas
2116 1664 2438 1729 asserimus,
2473 1665 2604 1718 licet
2638 1665 2744 1719 hoc
2774 1664 2978 1720 Severo
3005 1667 3230 1736 plenum
3257 1669 3409 1738 peri-

1838 1755 1948 1809 culi
1972 1768 2096 1810 esse
2141 1755 2418 1821 videatur,
2454 1765 2509 1810 et
2538 1757 2763 1810 Patrum
2797 1772 2959 1812 voces
2984 1757 3234 1826 proferre
3260 1767 3412 1813 vetet

1837 1846 2188 1900 adversarius
2210 1847 2373 1901 simul
2397 1855 2453 1902 et
2476 1847 2793 1902 advocatus.
2822 1847 3031 1903 Sufﬁcit
3051 1850 3207 1904 nobis
3232 1852 3409 1919 ipsum

1837 1936 2102 1991 Severum
2138 1937 2364 2002 testari,
2402 1938 2547 2006 quod
2586 1948 2903 1992 sanctorum
2932 1939 3157 1993 Patrum
3202 1940 3273 1993 sit
3307 1941 3413 1995 hoc

1837 2026 2068 2080 duarum
2093 2037 2414 2081 naturarum
2441 2027 2794 2094 vocabulum,
2813 2038 2869 2083 et
2890 2031 3280 2100 plerorumque
3307 2032 3411 2086 Pa-

1841 2124 2007 2180 trum,
2041 2132 2154 2171 non
2199 2116 2364 2170 unius
2397 2124 2610 2171 tantum
2644 2118 2730 2171 vel
2779 2118 3030 2174 alterius.
3091 2119 3135 2173 Α
3181 2121 3411 2176 veritate

1838 2221 1971 2275 ergo
2012 2207 2296 2272 abhorret,
2347 2206 2480 2261 dum
2543 2208 2808 2262 mentitur
2838 2209 2908 2263 ab
2946 2209 3224 2266 haereticis
3272 2212 3412 2266 illud

1838 2294 2008 2350 fuisse
2068 2296 2374 2360 inventum,
2417 2297 2636 2352 veritati
2688 2307 2869 2353 autem
2905 2301 3079 2372 magis
3138 2303 3414 2359 consentit

1840 2385 2049 2447 dicens,
2081 2395 2303 2440 sanctos
2337 2387 2432 2440 illo
2471 2387 2736 2443 adversus
2769 2389 3061 2446 haereticos
3098 2408 3218 2447 esse
3260 2411 3410 2448 usos.

1839 2475 1908 2529 At
1951 2491 2116 2531 voces
2139 2486 2455 2531 sanctorum
2478 2479 2892 2549 multorumque
2921 2482 3172 2552 rcjicere,
3196 2485 3412 2554 jactan-

1842 2566 1914 2620 tis
1947 2566 2108 2620 simul
2141 2575 2196 2621 et
2241 2568 2441 2621 insani.
2483 2569 2561 2622 Ne
2603 2577 2867 2638 praetexat
2907 2572 3143 2629 Severus
3187 2585 3415 2645 propter

1838 2657 2154 2713 Nestorium
2177 2657 2282 2712 hoc
2302 2659 2632 2714 vocabulum
2656 2660 3025 2730 improbatum
3052 2665 3256 2733 fuisse;
3287 2683 3412 2722 nam

1842 2757 1898 2803 et
1950 2749 2325 2818 improbatum
2368 2758 2455 2804 est
2496 2751 2566 2806 ab
2623 2768 2690 2807 eo
2735 2762 2790 2807 et
2847 2770 2877 2808 a
2915 2755 3226 2812 fautoribus
3269 2760 3409 2830 ejus.

1843 2837 2044 2892 Beatus
2075 2839 2220 2894 enim
2245 2838 2480 2910 Cyrillus
2519 2852 2643 2911 post
2670 2843 2986 2900 Nestorium
3020 2847 3087 2902 ad
3121 2849 3411 2920 Eulogium

1841 2931 2092 2985 scribens
2123 2930 2435 3000 epistolam,
2471 2932 2524 2986 in
2549 2948 2613 2988 ea
2639 2933 2950 2992 Orientales
2984 2938 3231 2994 defendit
3277 2940 3413 2995 duas

1843 3030 2068 3078 naturas
2099 3030 2427 3076 asserentes.
2781 3019 2790 3024 ’

1916 3113 2062 3167 Dicit
2107 3114 2271 3168 etiam
2326 3114 2460 3169 alias
2505 3113 2741 3172 Severus
2791 3135 2804 3170 :
2862 3136 2878 3169 σ
2926 3118 3108 3176 Multa:
3151 3120 3414 3191 loquendi

1845 3204 2096 3259 formulae.
2147 3213 2398 3260 veterum
2453 3206 2674 3262 Patrum
2724 3209 2932 3278 absque
2971 3212 3081 3266 ulla
3131 3213 3295 3268 ullius
3329 3231 3418 3269 re-

1845 3295 2220 3363 prehensione
2289 3307 2587 3368 usurpatae,
2627 3309 2750 3367 post
2781 3300 3096 3357 Nestorium
3137 3320 3249 3360 non
3282 3305 3416 3362 visae

1847 3396 1973 3440 sunt
1993 3387 2229 3457 amplius
2259 3396 2409 3443 tutae.
2444 3408 2462 3442 ι
2498 3391 2567 3444 At
2611 3391 2654 3445 si
2685 3407 2785 3446 nos
2819 3409 3040 3464 quoque
3069 3395 3415 3454 diceremus:

1845 3476 2029 3533 Multae
2076 3495 2240 3534 voces
2274 3480 2484 3550 absque
2533 3481 2766 3538 crimine
2797 3499 2828 3537 a
2853 3485 3106 3542 Patribus
3141 3497 3418 3560 usurpatae

1846 3578 1970 3638 post
1989 3571 2273 3642 Eutychen
2323 3587 2436 3632 non
2477 3573 2715 3642 amplius
2767 3583 2896 3630 tutae
2937 3577 3069 3632 visze
3105 3588 3252 3644 sunt,
3285 3580 3417 3650 quid

1849 3661 2017 3715 inde?
2057 3663 2288 3732 Propter
2348 3664 2662 3718 Nestorium
2720 3667 3047 3734 explodetur
3091 3670 3418 3726 vocabulum

1848 3751 2077 3804 duarum
2124 3759 2465 3818 naturarum,
2503 3764 2727 3823 propter
2759 3755 3045 3826 Eutychen
3090 3760 3421 3817 vocabulum

1848 3843 2004 3895 unius
2035 3851 2264 3896 natum.
2303 3842 2458 3908 Quod
2505 3844 2550 3898 si
2611 3853 2928 3900 sanctorum
2978 3848 3200 3903 Patrum
3258 3864 3422 3906 voces

1851 3932 2115 3996 tollimus,
2137 3933 2285 4002 quod
2308 3933 2416 3988 illis
2437 3935 2682 3990 haeretici
2703 3952 2867 4006 prave
2891 3938 3219 4005 abutuntur,
3249 3942 3420 3996 multa

1851 4039 2072 4092 quoque
2099 4023 2167 4078 de
2200 4023 2373 4078 sacris
2399 4025 2700 4094 Scripturis
2731 4025 3055 4090 auferenda,
3083 4029 3212 4098 quia
3248 4038 3304 4084 et
3337 4031 3423 4084 bis

1852 4114 2108 4169 similiter
2151 4113 2395 4170 haeretici
2431 4130 2597 4184 prave
2632 4123 2882 4170 utuntur.
2919 4117 3253 4173 Vocabulum
3285 4120 3422 4174 dua-

1855 4223 1974 4263 rum
2002 4212 2319 4260 naturarum
2342 4215 2752 4276 usurpaverunt
2770 4211 2943 4261 sancti
2966 4216 3093 4262 ante
3116 4208 3422 4272 hatreticos,

1854 4299 2185 4354 vocabulum
2209 4313 2342 4352 vero
2363 4299 2520 4352 unius
2550 4308 2758 4353 naturae
2790 4299 3123 4354 invenerunt
3159 4301 3423 4366 baaretici,

181 4392 440 4462 Πατέρων
465 4429 480 4456 ,
512 4387 731 4458 εὑρεταὶ
759 4387 1046 4454 γεγόνασιν
1080 4385 1368 4456 αίρετικοὶ,
1402 4384 1478 4446 ὡς
1502 4383 1743 4451 ἀνωτέριι

1859 4395 2154 4458 antequam
2195 4401 2264 4443 eo
2295 4387 2484 4442 Patres
2530 4387 2615 4441 usi
2652 4386 2783 4452 sint,
2825 4387 2903 4440 uti
2952 4402 3118 4456 supra
3161 4387 3426 4458 scriptum

179 4489 516 4552 γέγραπται.
559 4481 979 4533 Κατεπλάτυνεν
1017 4479 1074 4532 δὲ
1109 4477 1280 4548 αὐτὴν
1321 4477 1558 4547 μάλιστα
1598 4476 1755 4529 Ἀπο-

179 4575 421 4644 λινάριος
442 4575 468 4624 ὁ
498 4571 828 4642 διμοιρίτης.
861 4570 923 4624 ΕΞ
949 4571 1007 4624 δὲ
1037 4570 1124 4624 διὰ
1155 4569 1282 4633 τοὺς
1305 4569 1616 4640 αἱρετικοὺς
1648 4567 1755 4640 χρὴ

181 4665 368 4734 φωνάς
420 4662 719 4734 ὀρθοδόξων
769 4665 1034 4733 ἀναιρεῖν,
1074 4661 1171 4715 κού⁹
1238 4662 1312 4732 μὴ
1365 4660 1564 4732 μᾶλλον
1613 4659 1757 4713 κατά

183 4755 475 4827 αἰρετικῶν
512 4754 738 4817 ταύταις
786 4756 909 4807 κατ’
943 4753 1189 4822 ἀλλήλων
1232 4753 1488 4823 χρᾶσθαι,
1536 4753 1758 4821 ἀναιρε-

184 4847 409 4918 θήσεται
436 4845 530 4899 διάν
553 4845 841 4898 Σαὸέλλιον
875 4845 935 4897 τὸ
980 4847 1325 4913 όμοούσιον,
1355 4843 1444 4896 διὰ
1478 4840 1758 4895 ’Δπολινάν

189 4956 305 5009 ριον
325 4939 382 4990 δέ
413 4938 507 4992 καὶ
535 4938 802 5008 Εὐνόμιον
825 4938 922 4990 καὶ
948 4937 1168 5006 Ἀρειον
1202 4937 1236 5007 ἡ
1270 4937 1551 4999 Θεοτόκος
1581 4934 1755 5005 φωνή.

187 5030 298 5081 Kal.
318 5028 495 5091 οὕτως
526 5029 712 5082 λοιπὸν
758 5028 824 5081 δι’
861 5027 1260 5091 ἀνακολούθους
1302 5025 1642 5089 ἀκολουθίας,
1677 5024 1758 5087 είς

186 5121 500 5192 ἐφευρέσεις
529 5120 908 5189 καινοφωνιῶν
937 5119 1482 5189 ἀπασχοληθήσονται
1529 5117 1578 5169 οἱ
1621 5117 1758 5184 Χρι-

188 5211 416 5264 στιανοί.
469 5210 650 5264 Καλὸν
682 5205 774 5263 οὖν
816 5213 929 5272 τοῖς
984 5210 1161 5277 ἁγίοις
1203 5209 1483 5278 Πατράσιν
1529 5205 1757 5260 ἀκολου-

189 5302 416 5366 θοῦντας
440 5303 611 5374 ἡμᾶς,
643 5305 753 5366 τοῖς
785 5300 1257 5370 ἀντινομοθετοῦσι
1289 5301 1362 5370 μὴ
1387 5299 1685 5352 πείθεσθαι.

258 5396 453 5448 Καίτοι
479 5411 544 5462 γε
569 5395 661 5447 καὶ
685 5394 838 5459 aurci
866 5392 1010 5445 ἔστιν
1035 5393 1124 5444 ὅτε
1155 5391 1234 5461 τῷ
1264 5391 1473 5460 δυνατῷ
1502 5391 1598 5460 τῆς
1631 5389 1760 5457 ἀλη-

190 5485 339 5550 θείας
389 5487 694 5558 ἡττώμενοι
747 5481 929 5538 tum
972 5483 1358 5556 ὁμολογοῦσιν,
1402 5483 1759 5554 ἆπεράρνεῖ-

1854 4487 1961 4543 est,
2013 4488 2069 4534 et
2101 4478 2234 4532 illud
2267 4476 2602 4548 Apollinaris
2625 4492 2793 4547 opera
2819 4479 3054 4532 maxime
3086 4479 3423 4548 percrebuit.

1855 4571 2011 4640 Quod
2046 4571 2091 4626 si
2120 4578 2343 4641 prapter
2368 4569 2657 4625 haereticos
2685 4569 3116 4624 orthodoxorum
3148 4586 3313 4625 voces
3343 4586 3428 4627 re-

1852 4663 2130 4737 jiciendae,
2180 4670 2389 4716 etnon
2429 4660 2618 4731 potius
2675 4660 2942 4716 adversus
2991 4661 3285 4718 haereticos
3342 4665 3427 4717 vi-
3500 4691 3507 4698 -

1857 4755 2044 4810 cissim
2081 4754 2412 4823 usurpandae
2449 4759 2656 4815 essent,
2712 4752 3040 4823 rejiceretur
3075 4759 3305 4823 propter
3333 4753 3429 4810 Sa-

1857 4846 2086 4900 bellium
2125 4844 2454 4900 vocabulum
2486 4842 2982 4907 consubstantialis;
3012 4851 3236 4912 propter
3260 4843 3428 4913 Apol-

1857 4939 2111 5001 linarem,
2139 4935 2470 4991 Eunomium
2495 4942 2553 4988 et
2594 4933 2809 4999 Arium,
2836 4950 2941 4988 vox
2976 4933 3224 5004 Deipara.
3252 4932 3430 5003 Atque

1858 5027 1935 5083 ita
1977 5041 2196 5095 semper
2222 5025 2404 5094 inepta
2439 5023 2856 5092 consequentia,
2891 5022 3037 5078 circa
3069 5021 3428 5090 excogitanda

1858 5134 2001 5173 nova
2059 5115 2327 5171 vocabula
2394 5114 2816 5183 occupabuntur
2879 5111 3200 5168 Christiani.
3263 5111 3431 5170 Decet

1861 5209 2029 5279 igitur
2049 5221 2152 5260 nos
2180 5212 2496 5258 sanctorum
2537 5205 2757 5258 Patrum
2781 5201 3094 5258 auctoritati
3119 5198 3427 5266 inservien-

1862 5309 1967 5362 tes,
2023 5295 2434 5352 adversantium
2481 5293 2746 5348 libidines
2792 5306 3074 5362 respuere.

1933 5389 2338 5455 Nonnunquam
2379 5393 2560 5438 tamen
2592 5383 2653 5437 ﬁt
2687 5393 2747 5436 ut
2770 5382 2873 5451 ipsi
2904 5380 3152 5445 veritatis
3186 5379 3242 5433 vi
3274 5378 3428 5444 victi,

1864 5481 2056 5536 eadem
2095 5477 2485 5542 conﬁteantur,
2528 5486 2648 5546 quae
2676 5488 2876 5544 negare
2911 5471 3240 5529 studuerant
3265 5477 3323 5526 et
3349 5484 3432 5524 so-

263 5661 340 5733 (2)
371 5661 572 5717 Eadem
605 5619 923 5715 referuntur
973 5659 1041 5713 ab
1059 5658 1346 5712 Anastasio
1390 5656 1618 5723 Sinaita,
1653 5656 1758 5712 Vite
1795 5655 1923 5722 dux,
1961 5669 2080 5724 cap.
2111 5655 2161 5707 7.

509 5754 779 5814 PATBOL.
825 5753 944 5812 Gn.
975 5751 1333 5842 LXXXVI.

3034 5734 3112 5794 29
