3958 6288
505 240 620 305 907

1735 232 2156 296 EUSTATHII
2183 233 2528 296 MONACHI

3679 223 3788 292 908

517 351 728 406 lebant.
761 347 887 403 Haec
913 347 1061 403 enim
1095 345 1257 401 docet
1293 344 1534 400 Severus
1563 341 1618 396 in
1647 339 1794 395 libro
1827 340 2094 400 adversus

2199 340 2321 395 σθαι
2375 341 2470 394 καὶ⁵
2511 337 2856 394 ἐσπούδασαν
2909 341 3004 396 καί
3049 335 3478 413 ἐνομοθέτησαν
3509 343 3646 397 ὅταν
3675 345 3784 417 γάρ

509 438 1048 510 Grammaticum(5)
1079 453 1094 492 :
1134 456 1152 489 ι
1185 435 1269 492 En
1312 435 1426 492 duo
1465 433 1842 500 considerare,
1885 433 2092 488 mentis

521 532 786 604 opinione
833 539 1044 585 tantum
1089 527 1210 584 ﬁeri
1257 534 1442 598 potest
1484 525 1856 581 differentiam
1894 523 2094 580 distin-

518 623 760 694 guentis,
804 629 865 676 ut
909 621 968 675 in
1014 620 1277 690 qualitate
1327 619 1574 690 physica.
1611 635 1630 669 ι
1681 617 1750 694 Et
1808 631 2003 671 rursus
2035 615 2091 670 in

511 690 714 770 eodem
754 712 898 768 libro
933 729 946 766 :
986 730 1005 764 ι
1039 711 1330 778 Quomodo
1355 709 1534 764 omnis
1552 690 1912 779 impudentia:
1942 707 2092 778 pleni

519 802 778 858 homines
814 809 1038 872 negant,
1075 801 1208 855 dum
1246 799 1384 855 duas
1427 807 1656 854 naturas
1702 805 1978 872 asserunt,
2034 811 2093 853 se

520 894 658 950 duas
690 894 1016 966 hypostases
1047 899 1106 946 et
1140 905 1404 962 personas
1427 888 1654 946 dicere?
1681 887 1915 956 Quando
1945 887 2093 942 enim

521 985 854 1056 cogitatione
899 982 1318 1053 distinguuntur
1359 987 1574 1034 naturae
1613 987 1708 1034 aut
1747 979 2091 1050 hypostases,

522 1076 689 1135 simul
719 1075 1030 1145 cogitantur
1051 1083 1109 1129 et
1128 1087 1413 1144 personae;
1442 1086 1570 1126 nam
1605 1070 1876 1142 quidquid
1897 1069 1966 1125 ab
1989 1071 2096 1126 alio

523 1166 884 1237 distinguitur
925 1165 1178 1236 protinus
1227 1163 1506 1236 propriam
1555 1175 1845 1232 personam
1887 1162 2098 1216 consti-

525 1260 650 1314 tuit.
684 1257 790 1314 Ubi
845 1265 1030 1312 autem
1091 1263 1304 1310 naturae
1339 1269 1371 1310 e
1413 1253 1617 1324 quibus
1671 1260 1888 1308 constat
1954 1267 2096 1308 unus

523 1349 779 1407 Christus
809 1347 868 1402 in
888 1346 1284 1417 compositione
1315 1345 1652 1411 subsistunt,
1689 1353 1746 1400 et
1773 1359 1938 1398 unam
1967 1359 2094 1414 per-

527 1439 722 1495 ﬁciunt
765 1437 1089 1510 bypostasin
1131 1443 1188 1492 et
1225 1444 1519 1500 naturam,
1552 1434 1835 1506 Unigeniti
1882 1435 2098 1492 scilicet

523 1529 693 1586 Verbi
719 1529 990 1585 incarnati
1017 1535 1074 1584 et
1105 1525 1474 1592 inhumanati,
1512 1535 1694 1582 cessat
1732 1527 1898 1582 simul
1925 1535 1982 1581 et
2012 1526 2099 1581 bi-

523 1621 718 1675 narius
780 1619 1152 1690 bypostaseon
1207 1630 1687 1688 personarumque
1756 1616 2096 1686 cogitatione

474 1755 478 1762 .
520 1717 826 1782 conceptus
876 1725 1164 1774 numerus,
1213 1708 1272 1762 in
1327 1723 1500 1762 unum
1544 1708 1677 1778 quid
1731 1721 2093 1776 concurrens,

525 1799 582 1854 in
629 1816 795 1856 unam
832 1815 900 1856 ex
945 1799 1213 1861 ambabus
1248 1797 1593 1870 hypostasin,
1645 1813 1708 1853 ac
1751 1799 1950 1854 merito
1973 1816 2096 1870 per-

519 1908 653 1947 sona
667 1898 914 1946 vocatus.
929 1889 1064 1946 Nam
1080 1888 1416 1964 impossibile
1435 1895 1520 1944 est
1540 1887 1651 1944 duo
1671 1903 1782 1944 non
1805 1887 1862 1943 in
1883 1887 2098 1945 duabus

522 1983 778 2054 personis
819 1997 1108 2054 apparere.
1148 1999 1166 2034 ι

590 2073 733 2129 Num
766 2073 868 2128 tibi
923 2087 1035 2127 non
1074 2071 1296 2128 videtur
1335 2078 1460 2141 post
1484 2068 1964 2146 compositionem,
2007 2068 2096 2126 vel

521 2164 782 2221 unionem
814 2204 830 2231 ,
864 2163 1004 2219 duas
1048 2169 1276 2217 naturas
1317 2168 1374 2216 et
1404 2175 1700 2232 agnoscere
1726 2169 1784 2216 et
1812 2173 2012 2216 vocare
2038 2159 2097 2215 in

521 2253 763 2320 Christo,
801 2261 858 2310 et
883 2252 986 2308 bas
1019 2249 1242 2322 quidem
1277 2249 1684 2306 subsistentes?
1722 2247 1869 2315 Quas
1893 2247 2095 2304 distin-

523 2343 641 2414 guit
672 2343 767 2398 ubi
807 2343 949 2408 vult,
991 2349 1054 2397 ut
1085 2341 1244 2406 duas,
1277 2347 1334 2394 et
1357 2354 1551 2394 rursus
1579 2339 1637 2393 in
1665 2354 1832 2392 unam
1863 2338 2093 2410 conjun-

521 2435 622 2505 git,
651 2434 809 2504 quasi
832 2439 1161 2505 potestatem
1183 2431 1416 2486 haberet
1437 2439 1494 2485 et
1515 2428 1736 2484 dicendi
1761 2438 1816 2484 et
1834 2427 2095 2484 faciendi.

526 2525 627 2578 Per
649 2523 834 2578 omnia
868 2521 1089 2577 sibimet
1127 2527 1416 2590 repugnat,
1447 2518 1632 2574 omnia
1665 2519 1920 2573 consulto
1967 2533 2096 2588 per-

524 2612 732 2666 turbat.
760 2613 866 2666 Per
887 2627 950 2666 ea
973 2611 1175 2680 quibus
1206 2624 1373 2664 unam
1410 2617 1664 2664 naturam
1704 2607 2095 2664 stabiliendam

524 2703 776 2772 suscipit,
806 2702 944 2757 duas
973 2701 1170 2772 probat
1207 2712 1472 2766 naturas;
1515 2699 1585 2754 ad
1629 2713 1753 2754 eam
1781 2697 1954 2770 ipsam
1997 2699 2096 2755 do-

523 2796 760 2850 ctrinam
791 2793 1124 2858 deducit,ut
1172 2793 1250 2849 ita
1293 2791 1520 2857 dixeris,
1577 2806 1746 2862 quam
1795 2791 2095 2849 defendere

525 2897 764 2943 recusat.
817 2886 919 2942 Cui
971 2885 1074 2941 soli
1101 2893 1159 2940 et
1207 2899 1320 2940 non
1347 2884 1508 2940 alteri
1557 2891 1786 2954 propter
1832 2899 1987 2938 suam
2036 2883 2094 2939 in

525 2988 747 3034 terrena
783 2978 1052 3048 sapientia
1082 2975 1458 3057 prudentiam,
1494 2973 1622 3028 data
1648 2983 1734 3029 est
1765 2974 1857 3030 illa
1893 2974 2090 3045 gratia,
2118 3004 2165 3065 α

524 3076 585 3124 ut
617 3067 840 3138 quando
869 3065 1132 3130 voluerit,
1163 3079 1270 3120 una
1299 3051 1498 3119 natura
1525 3071 1840 3128 evanescat,
1875 3071 1932 3118 et
1969 3061 2094 3117 duae

521 3169 840 3232 appareant,
902 3168 960 3216 et
1039 3158 1256 3214 duabus
1319 3156 1481 3226 visis.
1548 3169 1744 3210 rursus
1811 3154 1868 3208 in
1929 3167 2094 3208 unam

514 3263 742 3320 coeant,
775 3262 832 3308 et
868 3250 1291 3308 contrahantur.

587 3429 712 3498 Ipse
741 3425 912 3496 igitur
955 3415 1463 3494 primus'omnlum
1502 3417 1700 3489 plenus
1743 3416 2097 3488 impudentia:

523 3519 620 3589 qui
651 3517 818 3571 etiam
849 3514 988 3569 duas
1003 3522 1231 3568 naturas
1261 3509 1576 3566 conﬁtetur.
1603 3509 1722 3564 Non
1745 3510 1892 3566 enim
1915 3509 2092 3565 dixit:

521 3607 868 3680 Cogitationc
881 3620 1005 3660 cum
1017 3603 1389 3674 distinguetur
1401 3608 1618 3665 natura,
1633 3597 1752 3666 sed,
1763 3598 1899 3654 Cum
1912 3598 2098 3654 distin-

526 3705 1064 3773 guerenturnatura;
1081 3710 1212 3760 non,
1229 3692 1462 3760 Quando
1475 3693 1533 3746 in
1549 3692 1957 3762 comparatione
1970 3693 2096 3746 sub-

524 3793 673 3848 sistit
705 3798 930 3854 natura,
961 3787 1082 3854 sed,
1113 3786 1437 3841 Subsistunt
1463 3792 1694 3839 naturae.
1733 3782 1866 3850 Quae
1907 3790 2094 3837 autem

525 3899 639 3938 non
659 3882 838 3938 solum
872 3887 1056 3935 mente
1073 3878 1300 3950 cogitat,
1317 3885 1414 3932 aut
1443 3891 1543 3931 ore
1576 3874 1812 3946 profert,
1827 3875 1922 3930 sed
1951 3875 2092 3930 scri-

519 3974 634 4045 ptis
662 3971 836 4028 etiam
861 3969 1146 4040 exprimit,
1169 3976 1334 4038 atque
1362 3981 1428 4024 ea
1457 3965 1737 4036 octoginta
1771 3974 1828 4020 et
1859 3965 2096 4034 amplius

522 4065 683 4120 annis
711 4073 837 4134 post
868 4061 1204 4119 Nestorium.
1228 4059 1382 4116 Alios
1407 4057 1631 4130 quidem
1657 4063 1808 4111 vetat
1833 4055 1972 4110 duas
1995 4069 2095 4109 na-

525 4165 675 4214 turas
699 4153 908 4217 dicere,
949 4153 1065 4224 ipse
1095 4166 1229 4208 vero
1265 4165 1360 4206 eas
1394 4163 1492 4220 per
1519 4147 1708 4203 omnia
1753 4160 1954 4216 negare
1994 4158 2096 4198 ne-

522 4243 678 4314 ‘quit;
712 4253 768 4299 et
795 4258 936 4314 quas
959 4242 1190 4298 confuso
1243 4247 1300 4296 et
1343 4239 1688 4310 anigmatico
1730 4236 1894 4290 modo
1923 4234 1990 4291 in
2013 4233 2096 4288 al-

2191 433 2252 486 tv
2281 433 2347 502 τῇ
2381 429 2550 502 βίϐλῳ
2598 431 2666 501 τῇ
2723 431 2866 484 κατά
2900 429 3296 502 Γραμματικοῦ
3327 429 3570 501 Σευῆρος

2197 539 2220 576 ι
2259 521 2394 574 Ἰδοὺ
2423 520 2486 575 τὸ
2533 520 2633 590 μὲν
2669 519 2766 575 δύο
2815 524 3064 586 σκοπεῖν,
3111 517 3178 592 τῇ
3223 521 3498 593 φαντασίᾳ
3539 522 3636 577 τοῦ
3691 525 3784 579 νοῦ

2195 610 2358 682 μόνον
2387 610 2624 680 ἐφίεται,
2651 610 3026 683 διακρίνοντος
3051 610 3152 684 τὴν
3183 611 3468 685 διαφορὰν,
3490 615 3596 684 τὴν
3623 617 3704 682 ὡς
3731 621 3787 672 ἐν

2193 701 2444 773 ποιότητι
2476 705 2704 773 φυσικῇ.
2739 720 2758 754 ι
2785 703 2898 756 Καὶ
2943 703 3108 758 πάλιν
3148 707 3208 759 tv
3253 705 3330 777 τῷ
3371 707 3524 777 αὑτῷ
3556 707 3782 781 βιϐλίῳ·

2199 810 2218 848 ι
2265 792 2392 858 Πῶς
2437 794 2488 848 οἱ
2532 793 2714 866 πάσης
2745 794 3026 858 ἀναιδείας
3051 796 3374 867 ἀνάμεστοι,
3404 798 3502 852 δύο
3530 799 3784 868 λέγοντες

2195 882 2412 954 φύσεις,
2463 887 2596 956 φασὶ
2625 885 2703 956 μὴ
2745 885 2929 954 λέγειν
2959 885 3056 940 δύο
3089 887 3420 955 ὑποστάσεις
3475 893 3574 944 καὶ
3612 892 3783 962 πρόσο

2193 992 2350 1042 ωπα;
2399 976 2482 1030 ὅτι
2547 977 2642 1031 καὶ
2683 979 2742 1030 ἐν
2793 967 2861 1050 τῇ
2915 979 3130 1050 ἐπινοίᾳ
3189 979 3607 1052 διαιρουμέναις
3661 989 3781 1048 ταῖς

2195 1064 2422 1136 φύσεσιν
2455 1066 2624 1138 ἧγουν
2659 1067 3046 1137 ὑποστάσεσιν,
3081 1073 3488 1125 συνεπινοεῖται
3515 1073 3590 1126 τὰ
3616 1074 3782 1144 πρόσ-

2194 1174 2354 1214 ωπαο
2401 1159 2626 1232 θάτερον
2671 1161 2782 1234 γὰρ
2834 1161 3067 1234 θατέρου
3135 1163 3560 1235 διαιρούμενον,
3621 1166 3780 1229 εὐθὺς

2197 1251 2330 1306 ῐδιον
2383 1251 2754 1324 ἐπιγράφεται
2805 1253 3142 1324 πρόσωπον⁸
3191 1254 3250 1308 ἐν
3298 1254 3551 1330 συνθέσει
3587 1255 3648 1310 δὲ
3681 1257 3778 1324 ὑφο

2199 1343 2522 1414 ισταμέναις
2558 1345 2678 1408 ταῖς
2705 1342 2934 1416 φύσεσιν
2972 1343 3032 1409 ἐξ
3089 1335 3164 1398 ὧν
3194 1345 3223 1398 ὁ
3263 1339 3344 1408 εἷς
3372 1346 3645 1416 Χριστὸς,
3689 1348 3778 1401 καὶ

2198 1434 2331 1505 μίαν
2380 1433 2776 1498 ἀποτελούσαις
2827 1433 3132 1489 ὑπόστασιν
3188 1436 3283 1490 καὶ
3327 1435 3492 1504 φύσιν
3533 1437 3638 1508 τὴν
3687 1438 3776 1491 τοῦ

2199 1525 2528 1598 μονογενοῦς
2555 1527 2731 1594 Λόγου
2755 1525 3179 1598 σεσαρκωμένου
3206 1527 3301 1582 καὶ
3327 1527 3778 1600 ὲνανθρωπήσαν-

2195 1633 2285 1681 τος
2315 1617 2679 1688 συναπολήγει
2718 1617 2813 1672 καὶ¹
2850 1618 2885 1688 ἡ
2933 1617 3302 1687 φαντασθεῖσα
3331 1621 3398 1688 τῇ
3425 1619 3651 1692 ἐπινοίᾳ
3675 1619 3778 1674 τῶν

2200 1708 2556 1764 ὑποστάσεων
2593 1709 2688 1763 καὶ
2723 1707 3032 1781 προσώπων
3061 1708 3215 1772 δυὰς,
3247 1710 3329 1772 είς
3363 1710 3423 1763 ἓν
3450 1727 3508 1763 τι
3549 1711 3776 1781 cusapa-

2200 1797 2380 1868 μοῦσα
2406 1797 2507 1869 τὴν
2537 1797 2597 1864 ἐξ
2639 1798 2856 1868 ἀμφοῖν,
2881 1797 3012 1868 μίαν
3051 1797 3368 1862 ὑπόστασιν,
3415 1797 3518 1852 καὶ
3553 1799 3776 1852 ἀκολού-

2197 1889 2305 1952 θως
2325 1887 2382 1942 ἐν
2404 1887 2820 1960 ἐπιγραφομένῃ
2855 1888 2914 1942 τὸ
2950 1889 3296 1958 πρόσωπον.
3331 1889 3414 1942 Τά
3442 1889 3558 1960 γάρ
3582 1889 3681 1942 δύο
3707 1889 3778 1960 μὴ

2195 1981 2254 2034 tv
2273 1979 2368 2034 δύο
2389 1979 2675 2050 φαίνεσθαι
2707 1979 3020 2052 προσώποις
3039 2017 3054 2043 ,
3097 1979 3206 2034 τῶν
3239 1979 3523 2034 ἀδυνάτων
3553 1980 3722 2036 ἐστίν.
3752 1999 3771 2034 ι

2264 2065 2393 2143 ’Ἆρ’
2421 2071 2482 2124 οὑ
2518 2071 2668 2124 δοκεῖ
2697 2087 2782 2126 σοι
2827 2069 2970 2142 μετὰ
3001 2070 3099 2141 τὴν
3141 2071 3418 2136 σύνθεσιν,
3453 2071 3633 2143 ἧγουν
3650 2073 3776 2126 tvm-

2197 2181 2304 2230 σιν,
2330 2163 2426 2218 δύο
2465 2165 2560 2218 καὶ
2597 2164 2797 2218 εἰδέναι
2836 2163 2931 2218 καὶ
2965 2163 3252 2234 ὀνομάζειν
3281 2161 3475 2232 φύσεις
3515 2165 3610 2218 ἐπὶ
3642 2165 3776 2236 Χριο

2197 2253 2350 2320 στοῦ,
2389 2254 2486 2309 καὶ
2531 2253 2706 2308 ταῦτα
2743 2254 3180 2318 ἐνυποστάτουςς
3213 2252 3282 2316 ἀς
3327 2254 3424 2307 καὶ
3463 2253 3669 2325 διαιρεί
3694 2256 3777 2308 ὅτε

2197 2347 2449 2418 βούλεται
2481 2347 2562 2412 εἰς
2595 2345 2710 2414 δύο,
2737 2347 2832 2401 καὶ
2863 2347 3088 2416 συνάγει
3110 2347 3194 2410 τίς
3222 2345 3372 2416 μίαν,
3403 2346 3480 2412 ώς
3506 2347 3596 2400 ἐπ’
3631 2345 3779 2412 ἐξου-

2197 2438 2320 2502 σίας
2360 2437 2501 2509 ἔχων
2557 2438 2652 2492 καὶ
2702 2435 2888 2503 λέγειν
2924 2437 3020 2491 καὶ
3067 2437 3355 2509 πράττειν.
3399 2439 3466 2491 ⁸0
3504 2439 3565 2490 ἐν
3610 2440 3776 2492 πᾶσιν

2195 2529 2376 2600 ἐαυτῷ
2418 2527 2851 2600 ἐναντιούμενος,
2889 2529 2918 2581 δ
2958 2527 3046 2582 διὰ
3093 2527 3192 2599 τὴν
3247 2527 3599 2598 κατασκευὴν
3648 2530 3777 2583 ἀνα-

2194 2620 2434 2692 τρέπων.
2477 2617 2538 2674 Ὃ
2565 2619 2634 2674 δι’
2663 2613 2738 2674 ὧν
2767 2617 3020 2690 βούλεται
3049 2605 3182 2690 μίαν
3200 2617 3363 2686 φύσιν
3393 2621 3678 2690 συνιστᾷν,
3709 2619 3774 2673 δι’

2197 2712 2378 2768 αὐτῶν
2411 2711 2506 2766 δύο
2551 2711 2745 2781 φύσεις
2785 2708 3103 2782 παριστῶν·
3142 2709 3239 2762 καὶ
3298 2710 3358 2762 ἐν
3428 2709 3623 2773 αὑταῖς
3681 2708 3774 2779 μὲν

2195 2799 2388 2870 στῆναι
2427 2798 2504 2872 μὴ
2539 2799 2889 2870 βουλόμενος,
2918 2798 2996 2862 ὡς
3023 2797 3072 2851 δ’
3100 2796 3168 2852 ἀν
3201 2798 3346 2853 είποι
3382 2815 3472 2862 τις
3505 2799 3576 2852 δι’
3599 2798 3775 2852 αὐτῶν

2193 2889 2294 2962 τὴν
2325 2891 2562 2961 πάροδον
2589 2891 2931 2960 ποιούμενος.
2963 2882 3034 2963 ᾯ
3059 2889 3206 2961 μόνῳ
3227 2889 3323 2945 καὶ
3347 2889 3449 2944 οὑκ
3476 2891 3623 2962 ἄλλῳ
3645 2893 3772 2958 τινὶ,

2195 2979 2286 3034 διὰ
2319 2979 2420 3049 τὴν
2461 2979 2774 3052 προσοῦσαν
2802 2979 2956 3050 αὐτῷ
2987 2979 3231 3050 χαμόθεν
3281 2979 3606 3052 οίησίσοφον
3636 2983 3770 3052 ἀρε-

2195 3071 2318 3141 τὴν,
2353 3071 2511 3142 ἐδόθη
2555 3073 2590 3142 ἡ
2627 3073 2786 3143 χάρις
2829 3071 2996 3144 αὕτη,
3051 3072 3142 3126 ἴνα
3178 3073 3309 3126 ὅταν
3350 3071 3634 3144 βούληται,
3664 3074 3772 3127 δια·

2197 3161 2444 3232 νοίγηται
2487 3159 2638 3232 αὐτῷ
2671 3162 2706 3234 η
2733 3159 2832 3232 μία
2861 3159 3044 3233 φύσις,
3079 3161 3176 3214 καὶ
3205 3161 3580 3231 ἀναφαίνηται
3621 3163 3770 3231 αὑτῷ

2194 3249 2318 3304 δύο·
2349 3251 2446 3305 καὶ
2479 3249 2619 3321 μετά
2647 3248 2747 3321 τὴν
2773 3249 3080 3320 φαντασίαν
3107 3249 3218 3303 τῶν
3256 3248 3352 3303 δύο
3418 3248 3756 3322 συγκλείητα

2195 3342 2362 3398 πάλιν
2388 3342 2482 3396 καὶ
2513 3343 2808 3411 συνάγηται
2835 3345 2914 3405 είς
2937 3342 3157 3412 ἐαυτήν.

2265 3432 2438 3496 Αὐτὸς
2470 3428 2563 3486 οὖν
2616 3431 2726 3504 ἀρα
2772 3431 2992 3502 πρῶτος
3037 3431 3216 3500 πάσης
3263 3429 3542 3494 ἀναιδείας
3569 3430 3768 3500 ἀνάμε-

2200 3535 2345 3584 στος,
2380 3521 2570 3593 ἐπειδὴ
2609 3519 2820 3580 καὶδύο
2849 3519 3041 3590 φύσεις
3074 3519 3350 3591 ὁμολογεῖ.
3377 3519 3454 3573 Οὑ
3487 3521 3600 3592 γὰρ
3627 3518 3766 3582 εἷπε,

2201 3611 2446 3683 Ἐπινοίᾳ
2475 3611 2860 3683 διαιρουμένης
2887 3611 2988 3682 τῆς
3015 3610 3247 3680 φύσεως.
3267 3609 3426 3673 ἀλλὰ,
3446 3609 3769 3680 Διαιρουμέ-

2199 3702 2318 3768 ναις
2347 3706 2466 3769 ταῖς
2498 3702 2728 3772 φύσεσιν
2749 3704 2873 3756 ’καὶ
2902 3704 2958 3755 ἐν
2981 3705 3050 3774 τῇ
3073 3700 3339 3766 συνθέσει,
3363 3701 3484 3770 οὑχ,
3514 3700 3768 3768 Ύφισταο

2198 3795 2368 3866 μένης
2382 3795 2481 3866 τῆς
2495 3795 2732 3864 φύσεως,
2749 3793 2888 3858 ἀλλ’,
2922 3793 3346 3862 ’Υφισταμέναις
3369 3794 3489 3855 ταῖς
3511 3789 3738 3860 φύσεσιν
3753 3806 3770 3820 ·

2196 3885 2292 3938 καὶ
2326 3885 2402 3956 μὴ
2455 3886 2617 3956 μόνον
2653 3885 2872 3939 σκοπῶν
2905 3884 2998 3938 καὶ
3043 3882 3221 3951 λέγων
3257 3881 3482 3946 ταύτας,
3513 3881 3654 3935 ἀλλὰ
3682 3883 3773 3934 καὶ

2198 3976 2493 4048 ἐγγράφως
2524 3976 2975 4047 ἁποτυπούμενος
2997 3990 3012 4004 '
3042 3975 3142 4029 καὶ
3169 3973 3343 4027 ταῦτα
3380 3971 3524 4040 μετά
3563 3972 3772 4025 Νεστό-

2202 4082 2338 4138 ριον,
2367 4065 2504 4136 μετά
2533 4063 2586 4120 π’
2616 4068 2712 4120 καὶ
2747 4066 2883 4135 πρὸς
2916 4065 3034 4136 ἔτη.
3084 4064 3142 4117 '0
3183 4063 3377 4127 ἀλλους
3405 4061 3508 4132 μὶν
3539 4062 3772 4132 ἀποτρέ·

2200 4175 2318 4212 πων
2344 4156 2438 4211 δύο
2471 4157 2662 4228 φύσεις
2687 4157 2889 4226 λέγειν,
2924 4156 3091 4219 αὑτὸς
3124 4155 3180 4208 δὲ
3213 4153 3614 4225 μὴνδυνάμενος
3641 4171 3772 4206 tav-

2199 4248 2372 4313 τελῶς
2399 4248 2606 4311 ταύτας
2632 4249 2951 4318 ἀρνεῖσθαι·
2981 4247 3012 4299 ὁ
3037 4246 3124 4300 διά
3161 4245 3262 4315 μὲν
3297 4243 3409 4297 τῶν
3443 4243 3770 4313 παρατεθειο
3809 4279 3816 4286 -

516 4334 648 4388 latis
671 4334 862 4389 verbis
891 4333 1172 4398 innuerat,
1222 4333 1278 4385 in
1315 4331 1424 4384 alio
1462 4330 1584 4384 loco
1623 4327 1870 4398 ejusdem
1896 4334 2094 4380 tracta-

2202 4339 2310 4394 σῶν
2346 4337 2512 4393 αὑτοῦ
2557 4337 2758 4404 λέξεων
2801 4337 3171 4408 ἀμυδρότερον
3213 4334 3770 4403 καὶγριφωδέσ-τερον

525 4435 614 4480 tus
643 4426 754 4480 alta
779 4439 916 4480 voce
946 4423 1240 4494 proﬁtetur
1269 4441 1282 4474 :
1321 4440 1340 4472 ι
1369 4420 1552 4475 Nolite
1584 4419 1834 4474 scribere
1870 4418 2097 4474 Chalce-

524 4515 829 4570 donensem
857 4512 1128 4584 synodum
1179 4511 1317 4565 duas
1360 4509 1566 4564 dixisse
1613 4517 1878 4574 naturas;
1933 4508 2096 4577 longe

525 4603 690 4666 absit,
751 4601 849 4656 sed
900 4599 1305 4671 hypostaticatn
1361 4599 1626 4652 unionem
1679 4605 1737 4650 et
1784 4610 1976 4650 vocem
2033 4611 2098 4648 ea:

525 4693 727 4745 duabus
785 4691 974 4746 dicere
1021 4690 1330 4761 prohibuit.
1365 4708 1384 4740 ι
1444 4688 1504 4742 In
1544 4687 1748 4741 librum
1803 4695 1989 4740 autem
2029 4685 2098 4740 ad

525 4782 797 4854 Sergium,
829 4782 904 4836 ita
922 4772 1202 4850 loquituri
1235 4799 1254 4832 ι
1281 4779 1484 4836 Eadem
1507 4778 1675 4850 igitur
1695 4782 1878 4831 mente
1907 4776 2098 4832 incede

523 4881 580 4928 et
597 4871 1164 4944 Iprogredere,eorum
1201 4871 1488 4926 immemor
1511 4885 1634 4941 quae
1660 4877 1832 4937 retro,
1854 4868 1910 4922 in
1931 4885 1996 4924 ea
2017 4869 2100 4922 in-

521 4959 710 5018 tentus
727 4977 852 5033 quae
865 4970 1014 5028 ante,
1033 4969 1090 5018 et
1103 4962 1382 5032 opinionis
1393 4961 1502 5016 obli
1513 4969 1600 5016 tus
1629 4960 1878 5031 perditae,
1901 4975 2023 5029 quae
2043 4960 2100 5013 in

525 5068 692 5108 unam
717 5052 988 5110 conducit
1027 5069 1094 5110 ea
1133 5067 1166 5109 e
1195 5054 1398 5125 quibus
1439 5052 1696 5108 Christus
1735 5051 1873 5106 citra
1905 5049 2102 5106 confu-

526 5143 740 5202 sionem
771 5153 1009 5201 constat.
1037 5144 1144 5212 Qui
1175 5145 1326 5200 enim
1372 5159 1525 5200 nunc
1573 5145 1969 5214 proprietatem
2003 5159 2100 5198 na-

526 5243 776 5292 turarum
811 5235 1151 5308 distinguere
1174 5237 1506 5303 contendit,
1534 5251 1566 5292 e
1591 5236 1795 5306 quibus
1823 5245 1909 5292 est
1937 5234 2100 5290 Chri-

525 5335 665 5394 stus,
687 5327 896 5399 absque
929 5327 1259 5385 confusione
1285 5345 1300 5382 :
1333 5343 1482 5384 nunc
1518 5343 1650 5382 vero
1681 5328 1736 5382 in
1766 5343 1931 5382 unam
1961 5327 2099 5381 sub-

525 5419 782 5474 stantiam
795 5426 852 5474 et
865 5434 1160 5490 personam
1188 5421 1372 5475 omnia
1396 5420 1682 5492 conjungit
1704 5427 1761 5474 et
1785 5417 2097 5484 confundit,

521 5510 673 5566 visus
681 5521 768 5568 est
780 5527 850 5568 ex
859 5513 1206 5572 confessione
1219 5514 1559 5584 manipulum
1573 5513 1784 5568 alferre
1797 5529 1902 5567 non
1912 5511 2101 5566 haben-

515 5607 616 5656 tam
652 5604 788 5658 vires
815 5611 872 5658 ut
894 5605 1058 5675 faciat
1087 5605 1324 5676 farinam
1379 5603 1538 5676 (Osee
1555 5620 1670 5674 vui,
1693 5603 1770 5676 7).
1810 5623 1830 5658 ι
1893 5603 2100 5660 Natura

575 5689 951 5777 (3L30annem
969 5694 1180 5778 scilicet
1213 5693 1625 5752 Caesariensem.
1837 5691 1845 5694 ”

2195 4423 2402 4488 ταύτας
2429 4423 2739 4494 ὁμολογῶν·
2778 4425 2835 4476 tv
2867 4425 2923 4476 δὲ
2950 4424 3124 4493 ἑτέρῳ
3149 4423 3297 4490 τόπῳ
3321 4421 3416 4473 τοῦ
3447 4419 3618 4473 αὑτοῦ
3645 4437 3771 4487 συγ-

2197 4517 2547 4588 γράμματος,
2597 4519 2974 4586 φανερώτερον
3017 4513 3189 4582 βοῶν’
3227 4511 3444 4582 «Μῆτις
3496 4512 3772 4580 ἐγράψατο

2196 4607 2295 4678 τὴν
2326 4609 2384 4662 ἐν
2416 4606 2724 4676 Χαλκηδόνι
2773 4604 2990 4658 σύνοδον
3018 4603 3110 4656 δύο
3141 4601 3332 4672 φύσεις
3373 4601 3638 4655 εἰποῦσαν
3685 4601 3771 4655 τὸν

2198 4697 2472 4769 Χριστόν;
2506 4697 2583 4768 μὴ
2631 4696 2866 4766 γένοιτοί
2915 4695 3032 4748 ἀλλ’
3071 4696 3152 4748 ὅτι
3181 4694 3278 4764 τὴν
3323 4693 3446 4747 καθ’
3474 4693 3770 4746 ὑπόστασιν

2197 4790 2414 4856 ἕνωσιν,
2445 4791 2542 4842 καὶ
2565 4789 2664 4858 τὴν
2689 4788 2758 4842 ἐκ
2786 4787 2898 4841 δύο
2925 4785 3107 4858 φωνὴν
3135 4786 3313 4838 εἰπεῖν
3343 4786 3723 4854 παρῃτήσατο.
3744 4801 3765 4834 ι

2211 4877 2300 4930 Ἐν
2319 4876 2375 4931 δὲ
2392 4877 2468 4946 τῷ
2493 4876 2630 4948 πρὸς
2650 4875 2900 4948 Σέργιον,
2919 4873 3091 4930 ταῦτά
3111 4889 3276 4944 φησιν
3295 4887 3310 4900 ο
3341 4891 3361 4924 ι
3375 4870 3478 4924 Ἴθι
3491 4871 3672 4926 τοίνυν
3687 4863 3770 4923 διά

2198 4971 2298 5039 τῆς
2327 4969 2502 5040 αὐτῆς,
2522 4969 2781 5031 διανοίας,
2809 4967 2904 5022 καὶ
2934 4969 3014 5030 είς
3040 4966 3282 5019 ἐπίδοσιν
3333 4963 3490 5030 ἄγου,
3536 4961 3645 5014 τῶν
3674 4963 3772 5032 μὲν

2199 5061 2421 5116 δπισθεν
2455 5060 2969 5131 ἐπιλανθανόμενος,
3015 5058 3150 5130 πρὸς
3166 5057 3222 5111 δὲ
3240 5055 3310 5110 τὰ
3326 5055 3637 5126 ἔμπροσθεν
3679 5055 3770 5107 ἐκ-

2198 5170 2257 5206 τε
2267 5152 2530 5224 ινόμενος,
2547 5152 2640 5206 καὶ
2654 5153 2754 5221 τῆς
2774 5149 3124 5220 ἐσφαλμένης
3151 5147 3306 5217 δόξης
3332 5147 3548 5216 ἐκείνης
3566 5145 3668 5217 τῆς
3693 5145 3772 5208 εἰς

2205 5243 2334 5314 μίαν
2365 5242 2609 5312 ἀγούσης
2638 5241 2708 5295 τά
2732 5241 2792 5306 ἐξ
2816 5234 2890 5295 ὧν
2915 5237 3238 5308 ἀσυγχύτους
3269 5237 3417 5291 ἐστιν
3454 5237 3484 5290 ό
3512 5235 3768 5308 Χριστός.

2199 5333 2476 5406 Φήσαντος
2499 5331 2609 5402 γάρ
2637 5331 2698 5384 οὑ
2725 5328 3106 5400 συνομολογεῖν
3134 5325 3374 5396 ἰδιότητα
3397 5323 3506 5378 τῶν
3532 5323 3770 5392 φύσεων,

2201 5425 2264 5491 ἐξ
2293 5410 2368 5478 ὧν
2414 5423 2738 5494 ἀσυγχύτως
2776 5420 2926 5489 ἐστιν
2966 5421 2994 5473 ὁ
3037 5419 3292 5488 Χριστὸς,
3344 5416 3441 5470 καὶ
3480 5416 3647 5469 πάλιν
3694 5417 3774 5478 είς

2203 5515 2336 5586 μίαν
2376 5513 2564 5567 οὐσίαν
2609 5511 2704 5566 καλΙ
2756 5509 2950 5580 ἰδίωμα
2996 5507 3058 5561 τὸ
3105 5507 3215 5560 πᾶν
3245 5504 3662 5572 συναλείφοντος
3685 5503 3776 5554 καὶ

2203 5603 2552 5676 συγχέοντος,
2581 5601 2810 5675 εὑρέθην
2839 5599 3198 5672 κομιζόμενος
3225 5597 3343 5690 ἀπὸ.
3361 5596 3460 5669 τῆς
3489 5593 3778 5667 ὁμολογίας
