3958 6288
340 241 445 303 909

1378 238 1740 298 EPISTOLA
1778 237 1875 298 DE
1913 239 2214 299 DUABUS
2248 239 2604 300 NATUBIS.

3478 239 3582 304 910

335 356 559 428 δράγμα
584 354 670 422 μὴ
710 353 855 421 ἕχον
883 351 1066 421 ίσχὺν
1110 349 1360 418 ποιῆσαι
1384 353 1666 420 ἄλευρον.
1690 371 1709 405 ι
1741 352 1891 413 Φύσις

2008 359 2064 404 et
2095 353 2402 408 substantia
2446 351 2531 406 vel
2563 348 2708 420 apud
2741 348 3008 404 Severum
3041 349 3186 404 idem
3235 360 3385 406 sunt.
3441 351 3580 407 Dum

337 447 432 500 καὶ
459 445 618 498 οὐσία
649 445 745 498 καὶ
795 447 950 514 παρά
1012 443 1238 512 Σευήρῳ
1282 442 1476 495 ταυτὸν
1522 443 1692 496 ἐστιν.
1737 443 1794 495 ’0
1817 438 1910 496 οὖν

338 537 692 608 μεμφόμενος
723 535 818 587 τὸν
855 537 935 598 είς
974 534 1108 603 μίαν
1151 534 1339 586 οὐσίαν
1385 534 1504 604 ἦτοι
1571 533 1736 602 φύσιν
1785 551 1911 587 συν-

333 629 535 695 ἀγοντα
564 627 631 678 τὰ
651 624 709 690 ἐξ
735 620 809 679 ὧν
835 627 862 678 6
890 625 1142 694 Χριστὸς,
1165 625 1283 694 οὐχ)¹
1313 625 1559 694 φανερῶς
1590 626 1909 695 ἀποδέχεται

332 721 457 782 τοὺς
489 719 583 771 δύο
603 721 696 771 καὶ
718 717 856 786 μετά
883 718 982 786 τὴν
1011 719 1206 771 ἕνωσιν
1229 717 1622 786 ὁμολογοῦντας
1645 734 1658 783 ;

400 812 512 864 Καὶ
543 812 598 862 ὲν
635 811 712 879 τῷ
746 809 983 879 δευτέρῳ
1024 810 1081 864 δὲ
1120 810 1264 880 λόγῳ
1291 809 1370 880 τῷ
1400 810 1538 880 πρὸς
1579 811 1740 864 αὑτὸν
1775 811 1908 881 Σέρ-

331 917 449 966 γιον
481 894 656 968 (οὗτος
688 899 743 950 δὲ
767 895 835 969 ἦν
860 900 1247 969 γραμματικὸς
1270 899 1718 969 Εὑτυχιανιστὴς)
1735 899 1902 968 λέγει’

335 1011 354 1042 ι
386 992 509 1055 Πῶς
539 993 600 1044 οὐ
647 993 1051 1060 καταγέλαστον
1082 992 1178 1046 καὶ¹
1208 992 1268 1045 τὸ
1295 993 1474 1060 λέγειν
1502 992 1594 1045 δύο
1638 993 1907 1064 ίδιότητας

329 1080 480 1151 ἢδύο
512 1081 830 1151 ὲνεργείας;
868 1080 1047 1133 Πολλὰ
1080 1081 1188 1150 γάρ
1227 1082 1343 1134 ἐστι
1378 1081 1470 1134 καὶ
1519 1083 1580 1134 οὐ
1617 1082 1709 1134 δύο
1743 1083 1903 1151 μόνον

329 1169 565 1236 ἑκάστης
597 1168 813 1237 φύσεως
837 1186 849 1199 ·
881 1162 990 1221 οἷον
1023 1169 1125 1238 τῆς
1162 1169 1584 1239 ἁνθρωπότητος
1613 1170 1673 1222 τὸ
1711 1171 1900 1236 ἁπτὸν,

327 1261 386 1315 τὸ
419 1261 634 1332 ὁρατὸν,
661 1261 721 1314 τὸ
747 1260 962 1331 θνητὸν,
998 1261 1058 1314 τὸ
1091 1261 1416 1316 ὑποκεῖσθαι
1450 1262 1612 1333 πείνῃ
1644 1262 1739 1316 καὶ
1773 1262 1902 1334 δίψῃ

315 1344 420 1420 ’καὶ
472 1354 586 1413 τοῖς
634 1350 812 1414 ἄλλοις
855 1352 1086 1420 ὁμοίως
1119 1353 1227 1409 καὶ
1268 1351 1368 1420 τῆς
1414 1350 1563 1414 θείας
1590 1351 1646 1403 δὲ
1685 1351 1901 1420 φύσεως

315 1419 498 1500 ⁸πολλὰ
545 1449 616 1497 τα
662 1444 786 1509 ἴδια,
815 1419 1167 1512 τὺῗάόρατον,
1201 1443 1260 1495 τδ
1291 1443 1518 1512 ἀναφὲς,
1545 1444 1604 1497 τὸ
1658 1419 1899 1514 προαιώ-

312 1528 461 1620 ςνιον,
521 1536 581 1590 τὸ
633 1535 1070 1605 ἀπερίγραπτον.
1113 1535 1344 1604 Ὁμοίως
1395 1536 1489 1588 καὶ
1545 1535 1614 1588 τὰ
1669 1537 1898 1607 ἐνεργή-

327 1626 674 1696 ματαξπολλὰ
721 1627 814 1678 καὶ
838 1625 1108 1694 διάφορα·
1143 1626 1237 1680 καὶ
1282 1626 1520 1680 τοσαῦτα
1569 1628 1670 1681 ὅσα
1702 1629 1767 1684 ἄν
1811 1647 1895 1692 τις

323 1719 464 1770 εἴποι
499 1717 728 1788 πράξεις
761 1716 909 1780 θείας
939 1733 999 1770 τε
1023 1717 1120 1770 καὶ
1143 1717 1512 1787 ἀνθρωπίνας.
1541 1736 1558 1770 ›
1595 1718 1724 1773 ’ἰδοὺ
1755 1715 1897 1773 οἶδεν

323 1812 417 1862 καὶ⁸
460 1809 599 1879 μετὰ
651 1808 750 1879 τὴν
815 1809 1009 1862 ἕνωσιν
1055 1809 1236 1876 λέγειν
1284 1811 1523 1881 ἑκάστην
1562 1812 1758 1880 φύσινο
1804 1813 1896 1868 ἐπὶ

327 1900 454 1966 μιᾶς
479 1897 535 1950 δὲ
563 1897 780 1964 φύσεως
818 1897 1024 1966 ἑκάστη
1061 1898 1223 1965 φύσις
1266 1899 1326 1950 οὺ
1374 1898 1612 1966 λέγεται,
1651 1900 1766 1954 ἀλλ’
1805 1902 1897 1955 ἐπὶ

322 1990 450 2042 δύο·
483 1990 580 2043 καὶ⁸
608 1990 637 2040 6
667 1989 842 2057 λέγων
874 1989 966 2042 ἐπὶ
1009 1989 1250 2058 Χριστοῦ
1292 1989 1444 2044 θείαν
1486 1991 1670 2059 φύσιν,
1715 2009 1894 2063 παρα-

320 2079 472 2149 δηλοῖ
515 2079 608 2132 καὶ
639 2079 740 2149 τὴν
768 2078 1344 2150 ἀντιδιαστελλομένην
1396 2081 1744 2153 ἀνθρωπίνην
1793 2082 1890 2152 φύ-

323 2187 408 2224 σιν
441 2171 659 2223 εἰδέναι.
688 2171 797 2224 Καὶ
822 2170 1028 2224 τούτων
1059 2171 1330 2240 ἰδιότητας
1358 2174 1452 2225 καὶ
1487 2173 1768 2244 ἐνεργείας
1794 2191 1897 2243 φη-

323 2262 406 2313 σὶν
439 2261 466 2312 ὁ
507 2263 565 2313 ὲν
603 2260 818 2323 πολλοῖς
849 2260 1015 2313 αὐτοῦ
1066 2261 1441 2330 συντάγμασιν
1472 2264 1894 2334 ἁναθεματίζων

323 2353 448 2414 τοὺς
479 2352 735 2420 λέγοντας
768 2352 861 2404 ἐπὶ
894 2351 1134 2422 Χριστοῦ
1163 2351 1431 2421 ἰδιότητας
1461 2355 1556 2406 καὶ
1591 2356 1890 2424 ἐνεργείας.

339 2445 395 2498 Ὀ
432 2444 520 2497 διὰ
546 2444 746 2513 πολλὴν
771 2444 965 2512 σοφίαν
995 2443 1176 2512 πάσης
1207 2443 1364 2512 δόξης
1389 2443 1637 2515 μαθητὴς
1669 2446 1761 2498 καὶ
1784 2446 1891 2499 πά-

328 2550 447 2596 σαις
475 2534 797 2604 μαχόμενος,
825 2533 1031 2603 ἑκάστῃ
1057 2532 1114 2585 δὲ
1138 2535 1202 2602 τῇ
1225 2533 1504 2604 ἀντιθέτῳ.

395 2801 519 2863 Τοῖς
540 2800 638 2869 μὲν
660 2799 766 2868 γὰρ
792 2798 1239 2867 Εὑτυχιανισταῖς
1261 2798 1380 2868 ἢτοι
1409 2799 1896 2860 Φαντασιανισταῖς

325 2892 437 2953 τοῖς
483 2890 581 2959 τῆς
624 2889 951 2958 Ἐκκλησίας
987 2889 1252 2957 δόγμασιν
1303 2887 1620 2942 ἀνθίστατο·
1653 2887 1814 2957 φύσιν
1837 2888 1894 2941 δὲ

327 2980 486 3049 φύσιν
516 2981 711 3048 λέγων,
750 2981 844 3033 καί
876 2979 1118 3048 ἑκάστην
1164 2979 1258 3032 καὶ
1306 2977 1456 3031 θείαν
1486 2980 1581 3031 καὶ
1612 2977 1893 3050 ἀνθρωπί-

324 3090 440 3144 νην,
472 3073 568 3126 καὶ
595 3071 798 3124 τούτων
829 3071 1098 3141 ίδιότητας
1135 3071 1229 3123 καὶ
1258 3071 1556 3140 ἐνεργείας.
1597 3071 1726 3124 Ὅτε
1747 3070 1803 3123 δὲ
1828 3076 1894 3142 τῇ

336 3165 631 3235 Ἐκκλησία
693 3164 968 3234 μάχεται,
1036 3161 1425 3232 ἀναθεματίζει
1480 3163 1693 3229 ταῦτα,
1752 3164 1896 3234 ειπερ

323 3257 464 3310 κατὰ
510 3256 606 3325 τῆς
653 3254 956 3322 φαντασίας
998 3253 1362 3323 προεϐάλετο*
1413 3256 1523 3318 τοῖς
1574 3254 1630 3307 δὲ
1681 3255 1896 3326 ἐκείνης

325 3350 668 3410 συστατικοῖς
697 3347 1096 3417 ἐπιχειρήμασι
1133 3345 1400 3416 κέχρηται
1438 3346 1580 3400 κατὰ
1628 3346 1726 3416 τῆς
1761 3347 1894 3417 ἀλη-

323 3440 497 3504 θείας,
537 3439 623 3491 ἴνα
713 3441 740 3491 ό
768 3437 1062 3506 λεγόμενος
1084 3435 1566 3506 δοξοκαθαιρέτης,
1599 3437 1628 3488 6
1652 3438 1746 3490 καὶ
1769 3439 1894 3491 ἑαυ-

321 3531 400 3601 τῷ
444 3532 538 3585 καὶ
580 3532 715 3584 πᾶσι
749 3532 860 3591 τοῖς
906 3528 1083 3591 ἁγίοις
1114 3527 1363 3599 Πατρὰσι
1401 3529 1744 3598 μαχόμενος·
1777 3530 1894 3592 πῶς

322 3623 433 3692 γὰρ
463 3623 524 3674 ού
583 3622 821 3690 μάχεται
868 3621 980 3680 τοῖς
1015 3618 1293 3686 Πατρόισιν
1323 3620 1351 3671 6
1378 3617 1546 3673 εἰπὼν
1577 3621 1636 3672 ὲν
1668 3622 1734 3691 τῇ
1771 3620 1892 3675 Ἑκ-

321 3716 483 3771 θέσει
512 3713 620 3782 τῆς
655 3713 914 3776 πίστεως
967 3709 1154 3774 αὐτοῦ,
1190 3711 1271 3763 ὅτι
1308 3713 1594 3781 εἰρήκασιν
1645 3713 1694 3764 οἱ
1743 3711 1891 3780 ἅγιοι

322 3807 562 3876 Πατέρες
585 3805 677 3858 δύο
705 3803 921 3872 φύσεις;
975 3802 1062 3856 Ἐν
1089 3801 1145 3854 δὲ
1169 3804 1233 3871 τῇ
1277 3803 1524 3872 συνοδικῇ
1566 3802 1734 3856 αὐτοῦ
1767 3804 1890 3855 ἔπι-

321 3897 484 3967 στολῇ
520 3897 584 3966 τῇ
631 3893 768 3964 πρὸς
809 3892 904 3946 τὸν
935 3890 1214 3962 Νικιώτην
1246 3890 1631 3961 ἁναθεματίζω
1690 3894 1892 3956 αὐτοὺς

318 3991 375 4041 ἐν
404 3987 480 4056 τῷ
513 3985 774 4056 γράφειν·
819 4001 838 4034 ι
870 3981 1368 4052 Ἀναθεματίζομεν
1391 3981 1482 4034 οὖν
1520 3983 1644 4045 τοὺς
1676 3982 1770 4035 δύο
1800 3981 1888 4036 λέ-

315 4094 512 4145 γοντας
552 4075 585 4146 ἢ
625 4076 876 4138 εἰπόντας
909 4074 1100 4142 φύσεις
1135 4073 1274 4144 μετὰ
1301 4073 1401 4142 τὴν
1453 4073 1730 4144 ἄφραστον
1757 4073 1887 4128 ἕνω-

317 4186 404 4222 σιν
457 4169 548 4221 τὸν
576 4167 672 4220 ἕνα
707 4166 916 4237 Κύριον
953 4165 1110 4234 ἡμῶν
1127 4164 1333 4232 Ἰησοῦν
1358 4164 1647 4238 Χριστόν.»
1669 4164 1767 4218 Διὰ
1789 4163 1884 4217 τοῦ

314 4259 634 4322 είπόντας,
697 4256 820 4318 τοὺς
887 4256 1072 4323 ἁγίους,
1150 4255 1399 4325 Πατέρας
1459 4255 1880 4325 ἀναθεμάτισεν,

2013 442 2182 512 igitur
2209 457 2306 496 eos
2338 443 2575 506 incusat,
2603 440 2696 510 qui
2733 440 2788 493 in
2821 455 2984 494 unam
3022 449 3272 494 naturam
3303 449 3400 495 aut
3450 443 3581 496 sub-

2009 534 2267 587 stantiam
2313 547 2377 587 ea
2417 531 2747 586 contrahunt
2798 545 2827 584 e
2853 531 3054 598 quibus
3081 529 3354 596 Christus,
3394 547 3578 586 nonne

2009 624 2293 679 evidenter
2345 623 2467 696 illos
2514 620 2711 690 probat
2739 620 2832 689 qui
2882 621 3020 674 duas
3052 629 3297 685 naturas,
3333 621 3418 676 vel
3453 631 3579 693 post

2010 716 2272 771 unionem
2303 713 2637 769 conﬁtentur
2670 712 2694 764 ?

2077 807 2219 862 Dicit
2278 807 2445 861 etiam
2494 806 2546 859 in
2606 803 2849 860 secunda
2903 805 3154 859 oratione
3201 805 3267 860 ad
3316 806 3574 861 eumdem

2011 897 2266 968 Sergium
2316 898 2430 969 (hic
2477 905 2597 951 erat
2652 895 3042 966 grammaticus
3091 896 3572 966 Eutychianista):

2014 1007 2032 1040 ι
2062 989 2166 1055 Qui
2196 1004 2306 1043 non
2339 987 2635 1042 ridiculum
2671 987 2857 1041 dicere
2905 985 3041 1040 duas
3075 987 3444 1056 proprietates
3481 997 3577 1041 aut

2004 1082 2142 1142 duas
2175 1080 2564 1150 Operationes?
2624 1079 2805 1132 Multae
2850 1078 2994 1131 enim
3029 1088 3178 1142 sunt,
3211 1089 3267 1134 et
3299 1094 3410 1133 non
3456 1079 3576 1133 dum

2005 1181 2219 1225 tantum
2251 1173 2519 1240 cujusque
2547 1180 2791 1230 naturae:
2851 1170 2925 1224 ita
2971 1167 3212 1225 hominis
3240 1177 3325 1225 est
3357 1171 3460 1225 sub
3493 1178 3576 1225 ta-

2010 1270 2160 1316 ctum
2201 1269 2259 1316 et
2288 1262 2391 1315 sub
2421 1268 2776 1330 conspectum
2807 1260 3004 1316 cadere
3031 1279 3044 1327 ;
3069 1261 3235 1316 morti
3278 1261 3573 1317 obnoxium

2001 1367 2143 1416 esse,
2181 1368 2246 1407 ac
2276 1351 2408 1416 fami
2445 1360 2500 1405 et
2549 1352 2660 1416 siti,
2698 1360 2754 1405 et
2799 1360 3001 1406 caztera
3051 1353 3282 1422 hujusce
3334 1353 3574 1423 generis.

2000 1443 2316 1498 Divinitatis
2342 1458 2562 1513 quoque
2612 1443 2798 1496 multae
2827 1441 3227 1511 proprietates,
3271 1459 3396 1496 nam
3439 1443 3578 1496 invi-

1999 1533 2196 1596 sibilis,
2229 1533 2512 1596 intactilis,
2543 1542 2770 1598 zeterna,
2824 1532 3323 1602 incircumscripta.
3361 1534 3577 1588 Pariter

1998 1633 2055 1679 et
2085 1624 2314 1680 effectus
2351 1640 2572 1694 quoque
2604 1632 2732 1679 sunt
2781 1623 3058 1678 innumeri
3091 1639 3154 1678 ac
3194 1623 3349 1689 varii,
3389 1631 3445 1679 et
3497 1631 3576 1680 tot

2006 1716 2277 1781 invenies,
2319 1725 2454 1785 quot
2482 1723 2639 1769 actus
2685 1714 3004 1770 hominibus
3047 1724 3142 1770 aut
3164 1717 3276 1770 Deo
3328 1716 3574 1771 tribuere

2004 1806 2235 1875 poteris.
2266 1825 2283 1857 ι
2318 1807 2396 1860 Εη
2431 1805 2516 1859 vel
2552 1813 2678 1874 post
2715 1803 2976 1860 unionem
3009 1817 3299 1876 utramque
3321 1816 3573 1862 naturam

2004 1896 2190 1950 dicere
2220 1912 2328 1950 non
2358 1895 2611 1960 dubitat;
2647 1894 2715 1948 ad
2747 1911 2912 1948 unam
2947 1910 3078 1950 vero
3122 1904 3374 1950 naturam
3418 1905 3572 1951 utra-

2003 2002 2111 2055 que
2131 1996 2322 2040 natura
2340 2002 2449 2040 non
2477 1985 2737 2050 refertur,
2760 1985 2855 2040 sed
2875 1987 2939 2040 ad
2964 1987 3100 2040 duas
3126 2003 3138 2038 :
3160 1987 3255 2056 qui
3278 1987 3333 2040 in
3353 1986 3573 2044 Christo

2003 2075 2247 2130 divinam
2329 2085 2582 2130 naturam
2637 2076 2926 2146 praedicat,
2986 2076 3192 2131 indicat
3237 2093 3295 2132 se
3350 2093 3571 2148 quoque

2002 2167 2308 2236 oppositam
2369 2167 2496 2220 huic
2571 2166 2866 2220 humanam
2921 2174 3174 2222 naturam
3249 2184 3568 2239 agnoscere.

2001 2256 2273 2326 Loquitur
2303 2256 2468 2311 etiam
2500 2255 2568 2309 de
2599 2255 2826 2310 istarum
2849 2257 3282 2326 pr0prietatibus
3299 2267 3354 2314 et
3379 2274 3574 2328 opera-

2002 2349 2250 2404 tionibus
2279 2349 2372 2418 qui
2407 2349 2463 2402 in
2512 2348 2700 2402 multis
2745 2350 3068 2404 tractatibus
3118 2367 3215 2406 eos
3249 2353 3571 2408 anathema-

2003 2438 2133 2492 tizat
2181 2439 2274 2508 qui
2315 2439 2372 2492 in
2413 2437 2638 2493 Christo
2691 2439 3062 2507 proprietates
3103 2447 3160 2493 et
3219 2443 3572 2510 operationes

2000 2529 2360 2585 conﬁtentur.
2431 2527 2521 2583 Sic
2547 2536 2774 2598 propter
2807 2543 3074 2583 summam
3112 2531 3435 2600 sapientiam
3470 2533 3571 2588 do-

2000 2619 2212 2675 ctrinas
2242 2633 2435 2673 omnes
2466 2618 2628 2674 simul
2661 2617 2907 2674 defendit
2939 2628 2994 2675 et
3037 2619 3340 2693 impugnat,
3375 2624 3460 2679 vel
3490 2624 3573 2680 di-

2000 2712 2347 2765 versissimas
2379 2711 2524 2765 inter
2549 2725 2628 2764 se.

2071 2802 2504 2872 Eutycltianistis
2523 2801 2669 2856 enim
2708 2811 2800 2856 aut
2829 2802 3287 2859 Phantasiauistis
3313 2806 3570 2861 Ecclesia:

2000 2890 2255 2961 dogmata
2303 2890 2533 2962 objicit,
2587 2899 2842 2951 naturam
2889 2907 3112 2957 vocans,
3163 2900 3219 2946 et
3276 2902 3569 2964 utramque

1999 2981 2284 3037 confessus
2321 2980 2564 3034 divinam
2606 2989 2663 3034 et
2710 2981 3030 3046 humanam,
3082 2990 3138 3036 et
3185 2982 3380 3036 harum
3435 2999 3569 3054 pro-

1999 3073 2262 3145 prietates
2289 3080 2343 3127 et
2372 3071 2740 3141 operationes.
2789 3070 3022 3138 Quando
3076 3080 3260 3128 autem
3309 3075 3568 3130 Ecclesiae

1995 3165 2340 3229 adversatur,
2386 3163 2578 3218 eadem
2624 3167 2850 3218 damnat
2899 3181 3021 3235 quae
3085 3178 3279 3220 contra
3330 3167 3565 3237 phanta-

1995 3264 2232 3312 smatum
2259 3255 2504 3310 fautores
2523 3263 2990 3324 propugnaverat,
3020 3264 3077 3310 et
3106 3256 3176 3310 ab
3206 3256 3339 3326 ipsis
3366 3257 3566 3312 adver-

1994 3361 2088 3402 sus
2120 3347 2410 3402 veritatem
2448 3361 2601 3401 arma
2625 3354 2931 3410 mutuatur,
2974 3356 3036 3400 ut
3077 3347 3148 3402 sit
3178 3363 3310 3402 vere
3341 3349 3566 3420 dogma-

1994 3449 2108 3494 tum
2135 3454 2377 3505 eversor,
2411 3439 2634 3494 sibimet
2662 3449 2718 3493 et
2750 3439 2956 3494 sanctis
2989 3439 3244 3494 Patribus
3289 3456 3561 3511 pugnans.

1991 3529 2094 3596 Qui
2133 3531 2280 3585 enim
2324 3529 2582 3586 Patribus
2623 3545 2732 3584 non
2771 3529 3160 3585 adversaretur
3202 3531 3297 3600 qui
3342 3531 3399 3587 in
3452 3532 3566 3587 Ea:-

1993 3626 2245 3694 positione
2273 3625 2396 3693 ﬁdei
2423 3640 2535 3679 sua:
2564 3624 2727 3688 dixit,
2758 3639 2789 3678 a
2824 3625 3030 3680 sanctis
3060 3626 3318 3681 Patribus
3351 3629 3564 3698 agnitas

1989 3734 2112 3774 esse
2155 3719 2292 3772 duas
2323 3725 2592 3781 naturas,
2633 3718 2687 3771 in
2719 3718 2982 3788 synodica
3023 3733 3157 3773 vero
3200 3720 3444 3789 Epistola
3491 3723 3561 3777 ad

1989 3809 2242 3862 Nicioten
2272 3823 2371 3863 eos
2410 3809 2841 3863 anathematizat
2876 3810 3173 3864 scribendo
3201 3828 3214 3863 :
3267 3829 3284 3861 ι
3318 3811 3560 3868 Anathe-

1990 3899 2313 3955 matizamus
2338 3900 2506 3969 igitur
2533 3914 2630 3953 eos
2663 3899 2756 3968 qui
2777 3909 2900 3969 post
2930 3899 3264 3955 ineﬁ‘abilem
3295 3904 3556 3956 unionem

1990 4004 2160 4044 unum
2202 3989 2492 4044 Dominum
2561 3996 2811 4042 nostrum
2853 3987 3040 4043 .lcsum
3086 3987 3366 4044 Christum
3419 3990 3558 4046 duas

1988 4079 2192 4134 habere
2220 4086 2448 4134 naturas
2474 4078 2668 4132 dicunt
2714 4086 2808 4131 aut
2843 4077 3148 4132 dixerunt?
3181 4099 3200 4130 ι
3231 4080 3334 4133 Per
3363 4095 3554 4136 vocem

1985 4171 2253 4235 dixerunt,
2304 4179 2522 4224 sanctos
2573 4169 2761 4222 Patres
2790 4168 3236 4232 anathematizat,
3269 4169 3385 4238 qui,
3437 4171 3555 4240 ipso

1984 4268 2242 4325 testante,
2290 4260 2496 4329 absque
2556 4259 2668 4313 ullo
2717 4259 2949 4313 crimine
3005 4259 3276 4314 vocabulo
3323 4261 3552 4314 duarum

312 4351 438 4412 τοὺς
467 4348 804 4416 ἁδιαόλήτως
832 4345 930 4416 τὴν
964 4345 1144 4414 φωνὴν
1174 4346 1464 4414 εἰρηκότας
1487 4337 1630 4398 κατὰ
1647 4347 1746 4414 τὴν
1773 4346 1882 4402 ,αὐι

1998 4357 2307 4404 ιαειινανιιηι
2358 4349 2440 4402 usi
2493 4356 2660 4412 sunt;
2719 4361 2829 4400 non
2877 4346 3166 4418 distinguit
3211 4348 3392 4415 enim,
3450 4363 3555 4402 nec

312 4439 404 4491 τοῦ
456 4436 792 4508 μαρτυρίαν*
850 4435 913 4487 οὗ
965 4434 1072 4505 γὰρ
1113 4433 1549 4504 προσδιωρίσατο
1601 4433 1694 4486 καὶ
1727 4429 1880 4487 εἶπεν

315 4521 438 4588 τοὺς
468 4524 656 4586 κακῶς
700 4522 1082 4593 χρησαμένους
1131 4523 1198 4592 τῇ
1245 4520 1407 4588 λέξει,
1437 4521 1551 4574 ἀλλ’
1597 4521 1882 4586 ἀπολύτως

311 4619 415 4688 ἔφη
449 4618 573 4679 τοὺς
603 4615 913 4684 εἰρηκότας
936 4613 1028 4666 δύο
1057 4611 1270 4681 φύσεις.
1301 4612 1398 4666 Διὰ
1441 4612 1496 4664 δὲ
1539 4610 1633 4665 τοῦ
1671 4613 1882 4683 λέγον-

313 4728 436 4776 τας,
462 4708 653 4763 ἑαυτὸν
678 4705 1065 4776 ἀναθεματίζει
1083 4721 1098 4737 ⁸
1139 4701 1292 4758 εἶπεν
1337 4705 1446 4774 γὰρ
1467 4705 1559 4758 καὶ
1588 4704 1773 4768 αὐτὸς.
1805 4705 1880 4768 ὡς

273 4817 283 4824 ·
312 4801 814 4872 προαποδέδεικται.

394 4891 854 4961 Ἀξιοθαύμαστος
895 4889 952 4943 δὲ
997 4888 1111 4948 καὶ.
1136 4889 1264 4942 ὅταν
1315 4888 1716 4959 ἀποφαίνηταιο
1749 4908 1767 4940 ι
1798 4888 1880 4942 Τὰ

311 4983 420 5053 γὰρ
441 4982 535 5036 δύο
568 4981 643 5052 μὴ
668 4983 724 5034 ὲν
747 4980 842 5034 δύο
869 4978 1180 5050 προσώποις
1211 4978 1517 5046 φαίνεσθαι,
1548 4979 1657 5032 τῶν
1685 4979 1878 5033 ἀδυνά-

313 5091 417 5128 των
473 5073 683 5128 ἐστίν.»
724 5073 844 5125 Ἵνα
894 5072 1073 5125 πάντα
1120 5070 1406 5141 παρῶμεν,
1457 5069 1733 5141 πανταχοῦ
1784 5071 1878 5124 δύο

310 5164 500 5234 φύσεις
527 5164 699 5230 λέγων
723 5161 886 5224 αὐτὸς
908 5162 1129 5214 σκοπεῖν
1155 5164 1213 5214 ὲν
1242 5161 1318 5231 τῷ
1343 5160 1587 5231 Χριστῷ,
1618 5161 1711 5214 δύο
1736 5162 1875 5215 πάν-

311 5272 415 5317 τως
437 5255 530 5308 καὶ
563 5253 832 5319 πρόσωπα
854 5251 1003 5318 λέγει
1027 5251 1084 5302 ὲν
1116 5249 1286 5318 αὐτῷ,
1312 5248 1455 5304 κατὰ
1473 5251 1569 5321 τὴν
1599 5251 1877 5320 ἀπόφασιν

308 5345 495 5399 αὐτοῦ.
522 5345 634 5400 Καὶ
661 5345 710 5397 εί
751 5345 850 5414 μὲν
887 5341 1278 5410 φαντασιώδεις
1328 5342 1524 5414 θεωρεῖ
1557 5342 1653 5406 τὰς
1684 5343 1882 5412 φύσεις-

308 5439 367 5490 tv
393 5436 472 5507 τῷ
490 5436 711 5506 Χριστῷ
740 5434 1051 5497 ἀκολούθως
1072 5433 1418 5505 φαντασιὼδη
1452 5433 1648 5504 θεωρεῖ
1680 5436 1773 5488 καὶ
1806 5435 1873 5488 τὰ

307 5528 611 5597 πρόσωπαο
645 5529 693 5580 εί
723 5527 779 5580 δὲ
806 5525 1083 5588 οὐσιώδεις
1131 5525 1274 5578 κατὰ
1319 5524 1600 5595 ἀλήθειαν,
1657 5525 1874 5593 ἀληθῶς

305 5619 648 5674 ινυπόστατα
671 5620 767 5672 καὶ
796 5619 865 5672 τὰ
889 5618 1157 5688 πρόσωπα
1190 5616 1412 5686 θεωρεῖ’
1439 5615 1535 5669 δύο
1564 5611 1656 5670 οὖν
1683 5616 1872 5685 φύσεις

1983 4439 2137 4503 dicit,
2167 4437 2269 4505 Qui
2302 4453 2470 4507 prave
2496 4438 2601 4491 hoc
2641 4435 2910 4490 vocabulo
2942 4436 3026 4489 usi
3067 4447 3195 4491 sunt
3216 4478 3230 4501 ,
3261 4438 3356 4492 sed
3393 4437 3554 4492 abso-

1982 4532 2117 4596 lute,
2143 4531 2247 4597 Qui
2273 4532 2515 4585 dixerunt
2549 4530 2688 4583 duas
2719 4537 2962 4583 naturas.
3005 4529 3110 4584 Per
3131 4545 3322 4585 vocem
3362 4540 3550 4586 autem

1979 4623 2180 4686 dicunt,
2240 4622 2480 4690 seipsum
2535 4620 2797 4686 damnat;
2848 4635 2973 4674 nam
3003 4629 3059 4674 et
3091 4620 3206 4691 ipse
3262 4621 3548 4678 confessus

1977 4722 2062 4766 est
2085 4710 2223 4768 duas
2250 4719 2496 4774 naturas,
2527 4717 2584 4764 ut
2617 4725 2782 4780 supra
2811 4709 3328 4766 demonstravimus.

2050 4889 2255 4958 Dignus
2277 4896 2362 4942 est
2388 4888 2556 4942 etiam
2587 4887 2948 4943 admiratione
2996 4888 3217 4957 quando
3264 4887 3543 4944 declarat:

1984 4999 2002 5032 ι
2032 4977 2375 5048 lmpossibile
2417 4985 2502 5031 est
2537 4976 2645 5031 duo
2676 4991 2786 5030 non
2814 4977 2870 5030 in
2899 4977 3116 5031 duabus
3159 4975 3413 5045 personis
3447 4991 3545 5046 ap-

1977 5084 2190 5140 parere.
2229 5088 2248 5121 ι
2302 5068 2374 5123 Ut
2402 5067 2585 5122 omnia
2621 5068 3006 5131 concedamus,
3032 5066 3236 5136 ubique
3270 5065 3407 5120 duas
3450 5082 3546 5120 na-

1978 5169 2132 5216 turas
2156 5161 2287 5216 dum
2317 5161 2455 5215 dicit
2482 5175 2540 5215 se
2583 5160 2639 5214 in
2671 5160 2891 5216 Christo
2931 5160 3194 5229 cogitare,
3250 5159 3388 5214 duas
3426 5172 3544 5213 om-

1975 5255 2110 5310 nino
2145 5267 2410 5322 personas
2437 5252 2634 5306 asserit
2663 5252 2716 5306 in
2774 5251 2888 5315 illo,
2933 5252 3088 5320 juxta
3141 5250 3247 5303 hoc
3294 5249 3538 5303 aﬁ‘atum.

1975 5344 2133 5411 Quod
2182 5345 2228 5400 si
2273 5344 2627 5415 imaginarias
2664 5344 2720 5398 in
2757 5343 2976 5398 Christo
3014 5341 3255 5396 admittit
3289 5348 3538 5404 naturas,

1976 5453 2107 5492 sane
2124 5445 2180 5491 et
2206 5434 2554 5507 imaginarias
2578 5434 2928 5489 confitebitur
2953 5449 3214 5503 personas
3240 5450 3255 5497 ;
3287 5432 3331 5488 si
3358 5439 3539 5486 autem

1975 5528 2382 5592 substantiales,
2415 5537 2473 5583 et
2517 5543 2674 5582 veras
2717 5535 2964 5590 naturas,
3008 5542 3136 5582 vere
3177 5527 3539 5582 subsistentes

1977 5618 2268 5688 proﬁtetur
2297 5627 2353 5674 ct
2399 5632 2683 5688 personas.
2746 5615 2882 5671 Cum
2935 5617 3102 5690 igitur
3139 5619 3275 5675 duas
3312 5627 3538 5672 naturas
