3958 6288
1706 184 1741 208 \

436 271 534 339 911

1658 264 2045 326 'EUSTATHI
2083 263 2434 326 MONACHI

3584 258 3703 327 ί)ίὲ

439 391 578 445 dicit
608 387 664 442 in
687 385 910 443 Christo
938 390 993 435 et
1023 379 1162 434 duas
1191 391 1473 448 personas,
1505 377 1598 447 qui
1633 394 1746 433 non
1775 387 1832 435 ct
1862 377 2003 433 duos

2112 376 2279 446 λέγων
2323 378 2382 431 tv
2427 373 2505 446 τῷ
2535 372 2779 446 Χριστῷ,
2815 374 2911 427 καὶ
2959 374 3052 428 δύο
3096 376 3387 446 πρόσωπα,
3415 378 3535 443 πῶς
3574 380 3699 451 οὐχὶ

438 479 693 536 Christos
712 471 999 545 loquitur?
1035 468 1509 536 Quemadmodum
1533 483 1667 539 ergo
1702 484 1769 524 ex
1793 468 2010 525 duabus

440 570 674 633 naturis,
709 568 782 622 ita
802 581 869 620 ex
895 562 1112 618 duabus
1133 560 1401 631 'personis
1425 574 1685 630 expresse
1730 558 1868 614 dicit
1888 573 2011 615 esse

439 664 721 720 Christum
743 659 798 713 in
829 656 972 712 libro
995 652 1258 709 adversus
1276 652 1695 724 grammaticum
1721 650 2010 717 Joannem,

441 766 494 811 et
546 765 606 810 ut
662 757 822 823 putat
871 745 1286 818 inexpugnabili
1333 744 1570 799 ratione.
1638 744 1779 799 Hinc
1827 751 2012 798 autem

439 855 610 918 patet,
640 846 709 899 ab
750 843 871 912 ipso
894 853 1114 909 quoque
1145 836 1344 905 sapius
1376 835 1507 901 dici,
1545 849 1658 889 non
1700 849 1823 890 esse
1850 841 2013 890 natu—

443 952 559 993 ram
592 948 715 1005 quae
737 946 973 1003 persona
997 937 1198 984 careat.

513 1028 625 1083 Nos
670 1039 805 1080 vero
829 1064 844 1089 ,
890 1019 1170 1092 praeterita
1219 1017 1342 1088 ejus
1371 1016 1475 1072 hac
1503 1015 1908 1080 enurﬂiatione,
1945 1029 2014 1071 ex

439 1120 657 1177 duabus
700 1116 918 1170 naturis
974 1113 1213 1168 dicimus
1259 1124 1380 1166 esse
1402 1108 1706 1173 Christum,
1746 1109 1890 1162 sicut
1946 1122 2016 1163 ex

440 1210 629 1265 multis
684 1204 947 1261 membris
986 1210 1042 1258 et
1082 1201 1336 1272 partibus
1380 1215 1550 1254 unum
1600 1214 1847 1269 corpus:
1901 1213 2015 1253 non

439 1309 625 1356 autem
664 1314 730 1354 ex
756 1296 971 1351 duabus
1001 1293 1272 1364 personis.
1304 1291 1488 1362 Longe
1517 1291 1661 1369 absit
1687 1310 1699 1344 :
1727 1306 1849 1360 quae
1867 1290 2015 1345 enim

439 1393 663 1465 propria
734 1387 1046 1445 substantia
1102 1400 1385 1454 nunquam
1457 1382 1851 1444 substiterunt,
1887 1396 2017 1452 pro-

438 1486 614 1557 priam
665 1494 959 1553 personam
1010 1492 1120 1531 non
1170 1482 1474 1537 assument,
1513 1472 1593 1525 uti
1624 1472 1741 1542 ipse
1778 1470 2017 1525 Severus

439 1578 644 1632 fatetur
684 1613 697 1626 .
761 1590 778 1623 ι
827 1568 1057 1635 Quando
1116 1582 1184 1621 ex
1234 1565 1450 1619 duabus
1500 1561 1716 1617 naturis
1779 1560 2018 1615 dicimus

438 1665 744 1728 Christum,
777 1677 841 1717 ac
873 1660 1010 1716 duas
1037 1666 1283 1720 naturas,
1315 1670 1442 1709 eum
1470 1668 1691 1723 quoque
1726 1652 1783 1707 in
1800 1651 2017 1706 duabus

440 1756 652 1813 naturis
680 1768 800 1809 esse
837 1750 1090 1813 dicimus,
1130 1746 1374 1802 Verbum
1404 1745 1472 1798 ab
1506 1743 1657 1798 omni
1688 1741 2014 1797 confusiOne

439 1859 497 1905 et
518 1844 902 1903 imminutione
932 1842 1174 1896 immune
1210 1843 1514 1892 servantes.
1549 1834 1687 1889 Nam
1722 1832 1773 1888 si
1802 1840 2014 1887 natura:

442 1951 604 1993 unam
635 1946 927 2005 personam
953 1928 1267 2000 perﬁciunt,
1288 1924 1436 1980 unde
1459 1939 1523 1977 ex
1551 1922 1754 1976 duabus
1787 1921 2012 1988 dicitur,

438 2030 534 2100 qui
573 2042 685 2083 non
732 2025 911 2095 ipsum
948 2019 1094 2091 quod
1130 2016 1385 2074 eﬂicient.
1420 2035 1440 2069 ι
1472 2015 1600 2070 Haec
1642 2020 1772 2070 sunt
1811 2013 2015 2083 quibus

439 2128 655 2176 constat
690 2115 836 2189 quod
868 2112 1141 2178 edicitur;
1195 2109 1242 2165 si
1269 2123 1405 2163 vero
1430 2122 1543 2161 non
1578 2106 1656 2160 ita
1682 2120 1740 2161 se
1759 2104 2011 2168 haberet,

441 2207 576 2262 illud
605 2212 753 2261 esset
774 2210 833 2257 ut
856 2201 1097 2256 alienum
1132 2197 1192 2251 in
1217 2197 1418 2251 alieno.
1447 2194 1647 2265 Aspice
1675 2204 1811 2264 quot
1829 2194 2014 2263 inepta

440 2306 497 2353 et
533 2294 774 2351 absurda
805 2292 933 2347 inde
955 2290 1234 2344 oriuntur.
1277 2286 1419 2340 Dum
1445 2300 1544 2340 eos
1590 2284 2015 2339 anathematizat

439 2390 536 2459 qui
558 2386 838 2443 Christum
855 2382 923 2436 in
944 2380 1158 2435 duabus
1185 2377 1399 2432 naturis
1425 2376 1620 2430 dicunt
1651 2390 1796 2442 esse,
1828 2389 2015 2430 nonne

440 2480 687 2549 seipsum
737 2468 1230 2530 anathematizat?
1292 2467 1428 2522 Nam
1478 2467 1617 2521 duas
1665 2474 1893 2521 naturas
1954 2466 2015 2521 in

436 2570 663 2627 Christo
695 2566 792 2622 ubi
832 2562 1037 2634 cogitat
1081 2570 1139 2615 et
1185 2558 1318 2613 dicit
1357 2565 1414 2613 et
1446 2557 1661 2623 scribit,
1710 2556 1769 2611 in
1799 2556 2014 2612 duabus

437 2662 656 2720 naturis
684 2673 810 2715 eum
837 2654 1089 2712 conﬁteri
1122 2653 1388 2723 cogitur;
1444 2649 1557 2705 imo
1597 2664 1710 2704 non
1740 2648 1925 2705 solum
1957 2649 2012 2703 in

438 2754 655 2811 duabus
676 2749 912 2814 naturis,
943 2745 1041 2802 sed
1070 2745 1238 2801 etiam
1265 2745 1324 2799 in
1349 2741 1564 2797 duabus
1591 2741 1838 2811 personis
1857 2740 2016 2811 juxta

435 2845 741 2901 novitatem
770 2855 964 2906 suam;
995 2835 1296 2892 declaravit
1327 2834 1496 2899 enim,
1535 2831 1874 2904 impossibile
1893 2845 2014 2888 esse

438 2939 550 3007 duo
580 2951 689 2991 non
716 2935 773 2989 in
801 2931 1018 2988 duabus
1039 2926 1294 3000 personis
1322 2940 1609 2997 apparere.

2047 1719 2088 1775 Β

2112 469 2207 522 καὶ
2249 467 2346 522 δύο
2394 466 2666 539 Χριστοὺς
2712 465 2901 535 λέγεις
2933 467 3146 540 Ὥσπερ
3165 468 3223 523 δὲ
3247 470 3313 523 ὲκ
3328 469 3436 524 -δύο
3454 470 3697 539 φύσεων,

2110 556 2287 622 οὕτως
2328 558 2422 611 καὶ
2453 559 2520 610 ἐκ
2551 556 2644 610 δύο
2692 555 3003 628 προσώπων
3036 558 3218 629 ῥητῶς
3251 558 3403 628 λέγει
3430 560 3523 614 τὸν
3554 563 3699 632 Χρι-

2114 652 2237 705 στὸν
2259 653 2316 705 tv
2338 650 2416 723 τῷ
2446 651 2591 705 κατά
2622 649 2718 705 τοῦ
2743 652 3139 723 γραμματικοῦ
3181 655 3431 709 Ἰωάννου
3477 656 3704 729 βιϐλίῳ·

2110 742 2188 808 ὡς
2221 743 2279 797 δὲ
2307 742 2521 813 νομίζει
2556 743 2652 797 καὶ
2673 742 3095 808 ἀποδεικτικῶς.
3129 745 3298 801 Τοῦτο
3325 748 3383 801 δὲ
3403 748 3576 821 δηλοῖ,
3602 751 3701 805 καὶ

2111 833 2173 886 τὸ
2190 832 2371 902 λέγειν
2406 833 2570 888 αὐτὸν
2596 834 2662 887 tv
2684 834 2923 900 πολλοῖς,
2967 834 3045 909 μὴ
3087 832 3230 892 εἶναι
3271 836 3437 906 φύσιν
3484 842 3698 912 ἀπρόσ-

2113 941 2283 979 ωπον.
2459 964 2464 971 ο

2197 1013 2392 1085 Ἦμεῖς
2423 1014 2482 1068 δὲ
2525 1015 2732 1088 ταύτην
2765 1015 2934 1072 αὐτοῦ
2982 1019 3084 1090 τὴν
3114 1020 3394 1090 ἀπόφασιν
3434 1026 3701 1095 παρωσά-

2119 1121 2296 1177 μενοι,
2361 1107 2425 1160 ὲκ
2464 1107 2563 1161 δύο
2608 1107 2715 1179 ⁸μὲν
2760 1108 2981 1179 φύσεων
3017 1110 3252 1183 λέγομεν
3292 1114 3389 1167 τὸν
3434 1116 3695 1185 Χριστὸν,

2116 1196 2266 1251 ὥσπε
2276 1214 2306 1268 ρ
2331 1197 2426 1251 καὶ
2452 1198 2517 1252 ἐκ
2533 1199 2745 1255 πολλῶν
2769 1200 2950 1271 μελῶν
2979 1203 3075 1256 καὶ
3106 1204 3290 1274 μερῶν
3313 1205 3375 1257 τὺ
3394 1205 3457 1258 ἓν
3484 1208 3646 1276 σῶμα
3668 1248 3687 1273 ,

2114 1289 2236 1360 οὐχὶ
2263 1290 2319 1342 δὲ
2356 1290 2452 1342 καὶ⁵
2496 1292 2562 1343 ἐκ
2586 1289 2681 1343 δύο
2704 1292 3034 1362 προσώπων.
3058 1295 3151 1365 Μὴ
3177 1296 3419 1363 γένοιτοί
3452 1299 3579 1351 ἐπεὶ
3618 1301 3694 1370 μὴ

2118 1382 2539 1446 ίδιοῦποστάτως
2567 1382 2817 1453 ὑπάρξαν
2859 1386 3010 1451 ποτὲ,
3043 1388 3144 1440 οὐκ
3171 1388 3239 1441 ἂν
3287 1388 3420 1442 ἴδιον
3462 1391 3697 1463 ἐπιγρά-

2113 1474 2278 1543 ψεται
2311 1473 2625 1543 πρόσωπον,
2671 1474 2748 1538 ὡς
2790 1475 2940 1547 αὐτῷ
2984 1478 3210 1550 Σευήρῳ
3232 1480 3413 1536 δοκεῖ’
3450 1503 3473 1535 ι
3501 1485 3695 1537 Ἔστιν

2115 1564 2204 1617 ὅτε
2246 1567 2310 1617 ὲκ
2353 1563 2447 1616 δύο
2499 1563 2594 1618 οὖν
2632 1564 2851 1633 φύσεων
2902 1566 3152 1636 λέγοντες
3175 1570 3267 1623 τὸν
3303 1573 3564 1643 Χριστὸν,
3604 1577 3700 1630 καὶ

2115 1652 2210 1707 δύο
2235 1651 2449 1722 φύσεις,
2478 1656 2575 1707 καὶ⁵
2608 1656 2666 1707 tv
2693 1655 2817 1708 δυσὶ
2842 1656 3040 1725 φύσεσι
3064 1658 3298 1729 λέγομεν
3324 1657 3472 1716 εῖναι
3503 1665 3692 1731 αὐτὸν,

2113 1747 2205 1801 τὸν
2229 1745 2327 1799 τοῦ
2354 1746 2667 1817 ἀσυγχύτου
2687 1750 2784 1801 καὶ
2810 1750 3083 1820 ἀμειώτου
3112 1753 3476 1822 φυλάττοντες
3500 1757 3663 1826 λόγον
3678 1777 3694 1792 ·

2113 1840 2163 1892 εί
2181 1839 2288 1912 γὰρ
2311 1841 2725 1897 ἀποτελεστικαί
2746 1843 2852 1897 εισι
2890 1843 2986 1898 τοῦ
3027 1845 3149 1911 ἑνὸς
3184 1849 3481 1921 προσώπου
3511 1854 3569 1906 αῖ
3597 1853 3697 1923 φύς

2113 1945 2247 1993 σεις,
2266 1929 2432 1983 καθ’-ὃ
2452 1931 2546 1984 καὶ
2575 1933 2641 1985 tx
2662 1932 2755 1985 δύο
2780 1933 3015 2003 λέγεται,
3040 1934 3160 1999 πῶς
3177 1937 3298 2008 ούχὶ
3318 1940 3413 1992 καὶ
3431 1941 3569 1995 αύτδ
3599 1943 3696 1995 καὶ

2111 2019 2175 2071 τὸ
2198 2019 2552 2092 ἀποτέλεσμα
2575 2038 2590 2088 ;
2612 2038 2639 2074 ε
2666 2022 2855 2078 Ταῦτά
2886 2026 3002 2078 ἐστι
3029 2026 3097 2079 τά
3113 2024 3178 2092 ἐξ
3199 2022 3531 2102 ὧνβυνέστη
3558 2031 3693 2085 αὐτὸ

2112 2107 2175 2163 τὸ
2192 2110 2537 2182 ἀποτέλεσμα
2555 2128 2571 2143 ο
2604 2116 2652 2167 εί
2682 2113 2739 2167 δὲ
2767 2113 2843 2186 μὴ
2874 2115 2991 2170 ἐστι
3008 2116 3203 2183 ταῦτα,
3233 2119 3342 2190 ἄρα
3360 2137 3427 2191 γε
3448 2122 3529 2187 ὥς
3553 2125 3689 2179 ἄλλα

2113 2201 2172 2254 tv
2203 2201 2349 2272 ἄλλῳ
2380 2204 2510 2269 είσὶ,
2540 2203 2638 2258 καὶ
2660 2205 2839 2262 τοῦτο.
2872 2207 3073 2261 Σκόπει
3100 2209 3168 2262 σὺ
3207 2210 3275 2263 τὰ
3305 2212 3694 2269 ἀνακύπτοντα

2113 2290 2290 2346 ἄτοπα
2318 2293 2413 2347 καὶ
2453 2295 2634 2365 μωρά.
2678 2295 2739 2348 '0
2760 2296 2817 2348 δὲ
2844 2297 3260 2369 ἀναθεματίζων
3294 2301 3423 2364 τοὺς
3466 2305 3530 2358 tv
3572 2305 3697 2358 δυσὶ

2114 2379 2314 2450 φύσεσι
2345 2381 2605 2452 λέγοντας
2633 2377 2772 2438 εἶναι
2806 2387 2900 2440 τὸν
2931 2388 3189 2458 Χριστὸν.
3213 2386 3306 2462 ἄρ’
3335 2392 3461 2463 οὐχὶ
3494 2394 3695 2450 ἑαυτὸν

2112 2469 2538 2542 ἀναθεματίζεις
2577 2474 2672 2527 δύο
2717 2474 2827 2549 γὰρ
2881 2475 3076 2545 φύσεις
3105 2478 3164 2532 tv
3193 2478 3273 2550 τῷ
3318 2481 3547 2554 Χριστῷ
3596 2487 3694 2537 καὶ

2115 2562 2337 2617 σκοπῶν
2383 2564 2478 2618 καὶ
2515 2564 2691 2634 λέγων
2742 2567 2839 2620 καὶ
2891 2568 3147 2640 γράφων,
3198 2572 3255 2626 tv
3307 2572 3428 2626 δυσὶ
3458 2574 3691 2643 φύσεσιν

2113 2653 2482 2722 ἀναγκάζεται
2512 2657 2800 2726 ὁμολογεῖν
2835 2660 3002 2714 αὐτόν
3020 2679 3036 2694 ο
3062 2664 3159 2716 καὶ
3186 2664 3247 2717 ού
3291 2667 3456 2735 μόνον
3476 2670 3539 2722 tv
3571 2670 3693 2723 δυσὶ

2115 2746 2368 2813 φύσεσιν,
2396 2746 2533 2801 ἀλλὰ
2559 2749 2654 2802 καὶ
2687 2750 2744 2802 tv
2769 2749 2830 2803 δυ
2841 2752 2892 2804 cl
2923 2753 3237 2823 προσώποις
3272 2760 3414 2813 κατά
3436 2762 3538 2830 τὴν
3568 2779 3695 2815 statv-

2114 2837 2389 2905 νοφωνίαν
2421 2837 2620 2891 αὐτοῦ·
2663 2836 2985 2912 ἀπεφήνατο
3014 2844 3123 2914 γὰρ
3156 2845 3227 2899 τά
3266 2847 3363 2901 δύο
3395 2851 3473 2922 μὴ
3506 2852 3569 2906 tv
3598 2851 3693 2906 δύο

2110 2925 2479 3000 ίπροσώποις]
2520 2929 2832 2997 φαίνεσθαι,
2867 2932 3132 2990 ἀδύνατον
3156 2937 3316 2995 εἶναι.

506 3022 665 3092 Quod
694 3022 740 3077 si
763 3019 821 3075 in
866 3031 1120 3074 sermone
1152 3018 1207 3070 in
1231 3014 1589 3070 Nativitatem
1626 3009 1847 3068 veritati
1875 3023 2008 3065 con-

2184 3019 2249 3071 Εί
2279 3018 2335 3072 δὲ
2369 3018 2623 3090 ἀληθεύει
2652 3019 2827 3091 λέγων
2856 3024 2917 3077 tv
2951 3023 3030 3097 τῷ
3051 3025 3195 3097 λόγῳ
3222 3029 3390 3084 αὑτοῦ
3413 3030 3492 3102 τῷ
3515 3035 3596 3097 είς
3624 3035 3692 3089 τά

439 3117 606 3174 sentit
632 3112 982 3170 adversarius
1004 3108 1229 3181 quando
1256 3107 1434 3164 dixit:
1467 3124 1487 3159 ι
1520 3104 1678 3171 Quod
1705 3119 1773 3160 ex
1795 3101 2014 3158 duabus

437 3207 771 3280 quibusdam
828 3203 994 3259 rebus
1030 3205 1473 3270 coagmentatur,
1505 3209 1619 3250 non
1662 3207 1730 3249 ea
1765 3192 2016 3248 continet

436 3300 640 3372 quibus
673 3301 910 3360 constat,
941 3311 961 3346 ι
1011 3299 1068 3347 et
1094 3287 1316 3360 negavit
1350 3287 1633 3358 integrum
1668 3297 1894 3340 manere
1923 3280 2013 3337 bi-

436 3392 656 3449 narium
686 3389 1046 3450 elementum,
1076 3398 1187 3454 qua
1216 3380 1433 3435 ratione
1464 3393 1661 3435 rursus
1699 3377 1756 3432 in
1791 3374 2013 3433 Christo

436 3488 576 3540 duas
596 3491 826 3538 naturas
853 3479 1059 3550 cogitat
1103 3476 1162 3531 in
1186 3472 1587 3544 compositione
1612 3469 1975 3528 subsistentes
1991 3510 2007 3537 ,

439 3586 604 3647 atque
647 3574 724 3628 ita
754 3572 920 3635 “duas,
963 3578 1024 3625 ut
1062 3583 1156 3625 eas
1185 3566 1488 3636 distinguat
1511 3572 1695 3619 mente
1726 3571 1782 3617 et
1805 3563 2012 3631 cogita-

436 3664 586 3719 tione
614 3670 669 3718 et
698 3661 981 3715 intellectu
1007 3655 1389 3713 etsermone?
1428 3655 1582 3710 Dicat
1616 3653 1780 3708 nobis
1822 3660 2008 3707 utrum

438 3767 602 3810 unam
633 3763 890 3808 naturam
909 3749 1200 3814 discernit,
1245 3762 1318 3802 an
1356 3745 1539 3802 duas?
1576 3760 1641 3800 ea
1688 3760 1812 3814 qua:
1853 3750 2005 3808 sunt,

434 3862 503 3902 an
525 3862 589 3901 ea
619 3861 741 3916 quae
770 3858 884 3898 non
927 3841 1103 3898 sunt?
1154 3838 1536 3896 substantialia
1556 3877 1571 3903 ,
1626 3852 1698 3891 an
1722 3850 1846 3906 quas
1893 3848 2007 3891 non

434 3947 561 3994 sunt
587 3935 1010 3994 substantialia?
1039 3934 1109 3989 At
1149 3933 1481 3988 alterutrum
1508 3944 1718 3984 verum
1745 3937 1863 3984 est:
1911 3937 2007 3985 aut

422 4030 708 4099 integrum
742 4023 1303 4082 remanet‘binarium
1335 4021 1691 4086 elementum,
1715 4018 1875 4088 quod
1907 4032 2004 4073 co-

428 4120 607 4189 gitet;
642 4123 739 4172 aut
778 4117 825 4171 si
859 4115 1160 4180 evanescit,
1191 4112 1332 4168 nihil
1375 4112 1602 4182 cogitat,
1632 4118 1689 4165 et
1724 4109 2004 4164 mentitur

431 4207 740 4272 afﬁrmans,
768 4222 826 4262 se
876 4206 1119 4276 cogitare
1170 4218 1294 4272 quae
1346 4217 1460 4256 non
1516 4207 1681 4255 sunt:
1737 4199 2005 4254 mentitur

430 4299 656 4369 quidem
707 4298 862 4369 ipse,
920 4303 1106 4351 manet
1150 4300 1333 4348 autem
1380 4291 1642 4362 quodque
1690 4290 1840 4361 quod
1901 4306 2001 4347 na-

436 4400 556 4443 tura
589 4395 694 4443 est.
1512 4432 1516 4437 .

500 4481 598 4535 Ast
621 4480 737 4548 ipse
766 4476 1037 4532 asserit'in
1058 4475 1206 4530 libro
1228 4474 1500 4529 adversus
1522 4473 1956 4529 Grammatieum
1982 4490 1998 4529 :

2031 4389 2085 4452 Ι)

2121 3107 2378 3164 Γενέθλια
2407 3112 2436 3164 ὁ
2459 3112 2974 3186 ὲναντιωματάρης·
3011 3136 3031 3169 ι
3054 3118 3127 3171 Τὸ
3154 3119 3265 3190 γὰρ
3294 3124 3359 3175 ὲκ
3388 3122 3487 3178 δύο
3529 3126 3693 3180 τινῶν

2121 3202 2605 3272 συνενηνεγμένον,
2640 3202 2762 3257 οὔτε
2794 3205 2863 3259 τὰ
2893 3206 2951 3274 ἑξ
2978 3203 3053 3262 ὧν
3085 3212 3348 3285 συνετέθη
3368 3215 3641 3285 συνέχεεν,
3664 3233 3687 3267 ι

2118 3288 2217 3341 καὶ
2245 3289 2537 3359 ὲμπαγίως
2565 3291 2746 3361 μένειν
2770 3292 2868 3364 τὴν
2904 3294 3076 3349 δυάδα
3104 3299 3407 3371 ἠρνήσατο,
3440 3303 3560 3366 πῶς
3584 3304 3692 3359 πάρ

2119 3377 2202 3433 λιν
2237 3381 2432 3433 σκοπεῖ
2478 3382 2539 3435 tv
2585 3382 2665 3454 τῷ
2696 3384 2939 3457 ’Χριστῷ
2972 3386 3066 3441 δύο
3119 3389 3335 3457 φύσεις,
3362 3394 3458 3447 καὶ
3487 3395 3693 3459 ταύτας

2117 3473 2499 3543 ὑφισταμένας
2548 3475 2609 3528 tv
2652 3479 2720 3548 τῇ
2759 3477 3047 3546 συνθέσεις
3081 3481 3192 3535 Καὶ
3240 3482 3416 3549 οὕτως
3462 3485 3583 3552 δύο,
3612 3488 3692 3551 ὡς

2116 3566 2209 3618 καὶ
2229 3565 2462 3636 διαιρεῖν
2483 3566 2654 3631 αὐτὰς
2679 3567 2756 3640 νῷ
2788 3569 2883 3623 καὶ
2913 3572 3188 3644 φαντασίᾳ
3212 3574 3309 3628 καὶ
3336 3575 3561 3648 ἐπινοίᾳ
3595 3578 3694 3633 καὶ

2114 3653 2537 3726 λόγῳ;Είπάτω
2567 3659 2729 3729 ἡμῖν·
2762 3660 2863 3732 τὴν
2905 3661 3039 3732 μίαν
3084 3664 3247 3732 φύσιν
3269 3666 3496 3737 διαιρεῖ,
3524 3668 3559 3740 ἢ
3592 3669 3692 3733 τὰς

2112 3746 2241 3815 δύο;
2285 3747 2355 3801 τὰ
2392 3748 2546 3815 ὂντα,
2578 3750 2612 3821 ἢ
2658 3749 2729 3803 τὰ
2756 3752 2832 3823 μὴ
2872 3752 3028 3821 ὄντας
3062 3754 3130 3808 τὰ
3158 3756 3521 3825 ένυπόστατα,
3559 3759 3595 3830 ἢ
3624 3761 3691 3815 τὰ

2113 3838 2490 3907 ἀνυπόστατα;
2532 3841 2629 3894 Ἐν
2693 3837 2793 3896 οὖν
2849 3844 2961 3898 τῶν
3024 3847 3304 3916 ὁποτέρων
3356 3849 3587 3919 ἀληθές·
3645 3853 3687 3924 ἢ

2111 3927 2403 3996 έμπαγίως
2429 3929 2583 3997 μένει
2605 3931 2637 4001 ἡ
2662 3929 2795 3995 δυὰς
2823 3933 2920 3987 καὶ
2942 3935 3082 4004 μετὰ
3106 3936 3205 4006 τὴν
3223 3936 3439 4003 ἕνωσιν,
3472 3940 3561 3994 ῖνα
3594 3943 3689 3996 καὶ

2112 4020 2291 4089 σκοπῇ
2341 4017 2581 4090 ταύτην·
2623 4020 2657 4092 ἢ
2700 4022 2751 4075 εί
2792 4023 2869 4093 μὴ
2922 4024 3095 4093 μένει,
3132 4026 3286 4080 οὐδὲν
3343 4034 3557 4098 σκοπεῖ,
3593 4037 3687 4088 καὶ

2110 4107 2369 4178 ψεύδεται
2417 4109 2594 4180 λέγων
2645 4114 2870 4166 σκοπεῖν
2910 4114 2982 4168 τὰ
3027 4115 3102 4187 μὴ
3137 4115 3299 4171 ὄντα·
3329 4119 3591 4190 ψεύδεται
3627 4125 3684 4179 as

2109 4202 2206 4256 καὶ
2236 4202 2266 4255 ὁ
2294 4201 2493 4271 λέγων,
2536 4204 2689 4274 μένει
2709 4204 2768 4259 δὲ
2802 4205 3068 4278 ἑκάτερον
3087 4208 3227 4280 ὅπερ
3256 4211 3375 4265 ἐστὶ
3397 4215 3466 4284 τῇ
3497 4214 3680 4285 φύσει.

2204 4470 2352 4525 Δ).λά
2384 4473 2480 4526 καὶ
2511 4471 2678 4536 αὐτὸς
2706 4472 2934 4540 φάσκων
2974 4473 3033 4528 tv
3063 4474 3141 4545 τῷ
3183 4476 3325 4532 κατά
3372 4478 3469 4532 τοῦ
3489 4480 3683 4550 Γραμ-

430 4589 457 4620 «ς
494 4570 588 4624 Ea
636 4567 705 4622 de
766 4566 969 4636 quibus
1012 4573 1231 4621 constat
1268 4564 1555 4629 Christus,
1590 4572 1815 4619 manent
1863 4564 2003 4620 citra

2112 4562 2376 4633 ματικσῦο
2421 4582 2442 4615 ι
2467 4562 2588 4616 Τῶν
2631 4563 2731 4633 μὲν
2785 4562 2847 4626 ἐξ
2882 4556 2959 4617 ὧν
2981 4566 3131 4618 ἐστιν
3160 4568 3190 4620 ὀ
3224 4567 3464 4638 Χριστὸς
3492 4571 3681 4639 μενάνο

433 4659 601 4713 tillam
645 4655 1085 4711 imminutionem
1120 4663 1177 4710 et
1208 4653 1599 4718 mutationem,
1631 4654 1687 4707 in
1725 4654 2002 4723 composi-

434 4750 585 4804 tione
624 4746 1014 4802 subsiStentiae.
1060 4766 1079 4798 ι
1122 4745 1276 4812 Quod
1317 4747 1364 4800 si
1406 4755 1588 4799 autem
1632 4745 1755 4799 duae
1791 4755 2002 4800 naturae

432 4853 596 4892 unam
627 4835 957 4901 effecerunt,
984 4834 1078 4905 qui
1110 4844 1235 4904 post
1261 4834 1523 4889 unionem
1553 4834 1692 4889 duas
1719 4834 1919 4904 cogitat
1945 4840 2002 4890 et

432 4943 542 4982 non
589 4926 788 4981 unam?
826 4925 895 4981 Et
937 4933 999 4978 ut
1043 4925 1112 4979 de
1162 4941 1271 4980 una
1319 4924 1595 4994 loquitur,
1639 4939 1739 4979 cur
1780 4939 1890 4978 non
1935 4937 2000 4978 ea

429 5019 633 5072 omittit
655 5015 867 5087 quae-ad
893 5018 1737 5087 quamque'pertlnent,‘naturas
1764 5013 1993 5077 scilicet,

426 5102 690 5164 naturam.
710 5109 909 5173 carnis,
933 5118 990 5163 et
1033 5116 1286 5162 naturam
1329 5105 1656 5170 divinitatis,
1685 5114 1741 5160 et
1799 5104 1994 5158 huma-

424 5199 656 5253 nitatem
695 5238 710 5261 ,
739 5207 797 5252 et
856 5197 1202 5252 divinitatem
1240 5195 1491 5264 ?quibus
1536 5194 1818 5249 abundant
1875 5195 1994 5265 ejus

425 5291 648 5360 scripta.
678 5288 737 5344 Si
770 5289 893 5344 duae
926 5296 1164 5349 naturae,
1195 5286 1456 5341 divinitas
1490 5293 1770 5355 nempe-et
1798 5285 1994 5339 huma-

425 5380 589 5444 nitas,
619 5395 783 5435 unam
836 5388 1086 5434 naturam
1137 5378 1475 5441 effecerunt,
1520 5377 1669 5432 dicat
1714 5392 1825 5446 quo
1871 5391 1993 5430 eam

426 5470 647 5526 nomine
673 5472 865 5526 vocet?
892 5471 1073 5527 Unum
1103 5470 1249 5525 enim
1279 5470 1351 5524 sit
1378 5477 1623 5539 oportet,
1649 5467 1796 5536 quod
1828 5483 1992 5521 unam

422 5566 676 5635 naturam
708 5560 975 5630 designat.
1006 5560 1208 5630 Nequit
1241 5559 1389 5613 enim
1423 5573 1586 5612 unam
1617 5557 1802 5612 dicere
1836 5565 1994 5611 natu-

421 5658 536 5698 ram
554 5685 567 5706 ,
590 5659 644 5702 et
670 5648 817 5702 illam
849 5650 1136 5720 utriusque
1166 5648 1483 5705 nominibus
1505 5662 1732 5717 vocare,
1759 5663 1830 5704 ne
1860 5662 1991 5703 rur-

2102 4669 2211 4706 των
2229 4652 2523 4724 ἀμειώτων
2555 4655 2648 4707 καὶ
2670 4654 3074 4721 ἀναλλοιώτων,
3097 4659 3156 4711 tv
3180 4660 3429 4713 συνθέσει
3487 4661 3543 4714 δὲ
3575 4662 3680 4731 ὐφ-

2102 4744 2375 4798 εστώτων.
2397 4763 2417 4796 ι
2452 4746 2523 4799 El
2549 4746 2618 4800 -ὃὲ
2640 4748 2697 4800 αῖ
2739 4747 2834 4801 δύο
2878 4747 3069 4818 φύσεις
3120 4751 3219 4820 μία
3247 4753 3528 4820 γεγόνασι,
3562 4755 3678 4817 πῶς

2105 4836 2245 4905 μετά
2267 4836 2367 4907 τὴν
2402 4837 2596 4891 ἕνωσιν
2628 4839 2722 4892 δύο
2756 4843 2952 4893 σκοπεῖ
2977 4841 3071 4893 καὶ
3105 4841 3230 4911 οὐχὶ
3268 4843 3433 4913 μίαν;
3467 4846 3577 4899 Καὶ
3603 4845 3679 4909 ῶς

2101 4923 2234 4994 περὶ
2292 4926 2425 4995 μιᾶς
2472 4925 2780 4994 διαλέγεται
2824 4927 3012 4982 λοιπὸν
3060 4930 3302 5000 ἀναιρῶν
3350 4932 3414 4985 τὸ
3440 4934 3676 5005 ἑκάστης

2100 5013 2318 5084 φύσεως
2337 5032 2352 5047 ·
2392 5017 2575 5081 καὶαι
2606 5017 2816 5087 φύσεις,
2839 5020 2936 5073 καὶ
2961 5022 2994 5089 ἠ
3022 5020 3123 5091 τῆς
3147 5022 3350 5091 σαρκὸς
3373 5023 3554 5093 φύσις,
3585 5026 3675 5080 καὶ

2099 5106 2133 5175 ή
2175 5106 2277 5175 τῆς
2327 5105 2582 5177 θεότητος
2626 5107 2818 5179 φύσις,
2868 5112 2965 5165 καὶ
3008 5112 3047 5181 ἡ
3084 5111 3465 5185 ἀνθρωπότηξ,
3502 5116 3599 5170 καὶ
3638 5118 3671 5187 ἡ

2099 5193 2325 5265 θεότης’
2347 5198 2550 5252 τούτων
2590 5198 2700 5269 γὰρ
2727 5200 2911 5271 πλήρη
2936 5200 3006 5254 τά
3032 5204 3455 5274 συγγράμματα
3483 5206 3671 5261 αὐτοῦ.

2097 5285 2163 5339 Et
2194 5287 2251 5339 at
2278 5286 2373 5341 δύο
2407 5287 2617 5356 φύσεις,
2651 5291 2930 5344 τουτέστιν
2967 5293 3002 5362 ἠ
3038 5290 3231 5369 θεότης
3267 5294 3362 5347 καὶ
3393 5296 3428 5366 ή
3458 5295 3672 5367 ἀνθρω-

2097 5375 2290 5446 πότης,
2330 5377 2429 5448 μία
2473 5376 2636 5447 φύσις
2687 5379 2995 5447 γεγόνασιν,
3048 5381 3259 5436 εἰπάτω
3312 5382 3369 5436 τί
3398 5384 3459 5437 τὸ
3501 5385 3671 5456 ὄνομα

2093 5465 2336 5541 ταύτης;
2384 5467 2481 5521 "Ev
2524 5469 2636 5539 γὰρ
2692 5471 2900 5538 ὀφείλει
2950 5469 3111 5537 εἶναι,
3148 5472 3226 5537 ὡς
3274 5476 3404 5544 μιᾶς
3455 5474 3672 5543 φύσεως

2097 5558 2456 5627 σημαντικόν.
2492 5560 2602 5613 Kal
2648 5561 2723 5631 μὴ
2780 5562 2910 5632 μίαν
2964 5562 3063 5632 μὲν
3097 5562 3261 5629 φύσιν
3306 5563 3666 5632 λεγέτω,τῶν

2093 5649 2151 5705 δὲ
2189 5648 2286 5704 δύο
2319 5650 2535 5720 φύσεων
2568 5652 2637 5707 τὰ
2667 5653 2907 5723 ὀνόματα
2937 5652 3226 5709 ὲπιτιθέτω
3274 5655 3440 5727 αὐτῇ,
3474 5655 3563 5712 ἵνα
3594 5653 3673 5728 μὴ
