3958 6288
236 345 356 409 ’913

1299 344 1653 405 EPISTOLA
1701 345 1796 404 DE
1839 343 2141 404 DUABUS
2176 342 2537 404 NATURIS.

3400 333 3501 399 9H

249 459 412 514 πάλιν
443 457 652 528 ἀναλύῃ
679 457 775 528 τὴν
811 458 940 529 μίαν
969 459 1048 521 είς
1079 457 1145 512 τὰ
1190 457 1248 522 ἐξ
1297 451 1392 523 ὧν,
1441 459 1578 529 ὅπερ
1610 458 1820 525 ἀπαγο-

1924 473 2017 513 sus
2051 472 2214 512 unam
2247 443 2498 511 naturam
2528 456 2582 510 in
2615 454 2735 510 illas
2769 451 2944 508 s'olvat
2970 464 3001 506 e
3031 449 3232 521 quibus
3267 461 3502 520 constat,

245 550 416 624 ρεύει.
448 549 522 602 Ἦ
567 549 636 602 τὰ
689 549 788 620 μὲν
837 549 1076 619 ὀνόματα
1103 549 1238 619 μόνα
1267 549 1377 601 τῶν
1406 547 1824 602 ἀποτελεσασῶν

245 643 462 712 φύσεων
495 641 668 712 μένει,
696 640 830 696 αὐτὸ
863 642 918 695 δὲ
952 642 1014 695 τὸ
1047 641 1394 709 ἀποτέλεσμα
1435 641 1720 710 ἀνώνυμον
1742 657 1756 672 °
1789 641 1822 712 ἢ

244 730 355 788 οἷον
382 734 427 787 δ’
451 733 518 788 ἂν
539 734 709 803 ὄνομα
738 735 1023 804 ἐπινοήσῃ,
1053 733 1225 805 τούτῳ
1248 733 1342 788 καὶ
1363 736 1396 805 ή
1414 733 1650 788 τεκοῦσα
1677 735 1820 805 Παρ-

245 825 395 887 θένος
422 841 480 877 σε
489 824 845 894 μνυθήσεται.

314 913 446 970 Οἶδα
470 915 526 969 δὲ
549 917 674 979 τοὺς
702 914 868 969 αὐτοῦ
898 915 988 968 διὰ
1015 915 1218 980 ταύτην
1241 917 1340 988 τὴν
1367 916 1546 970 αίτίαν
1567 916 1824 984 λέγοντας

242 1007 334 1059 τὸν
357 1005 612 1076 Χριστὸν,
691 1007 923 1076 Χριστός
944 1008 1112 1071 ἐστιν,
1152 1007 1340 1078 μηδενὶ
1356 1003 1494 1061 εἶναι
1515 1006 1820 1077 όμοούσιον,

242 1099 336 1150 καὶ
378 1097 517 1168 μήτε
545 1097 681 1150 Θεδν
715 1091 856 1150 εἶναι
903 1099 1042 1169 μήτε
1090 1097 1400 1170 ἄνθρωπον.
1449 1098 1512 1150 Et
1557 1097 1614 1150 δὲ
1665 1095 1824 1150 τοῦτο

243 1187 462 1257 ἀληθὲς,
495 1184 620 1239 οὕτε
655 1186 788 1250 Θεός
819 1190 964 1241 ἐστιν
996 1188 1025 1240 ό
1049 1189 1308 1258 Χριστὸς,
1352 1186 1474 1240 οὔτε
1497 1186 1758 1248 Θεοτόκος
1787 1187 1822 1257 ἡ

245 1278 539 1349 Παρθένος,
568 1276 682 1330 ἀλλ’
710 1277 785 1342 ὼς
805 1277 1031 1348 λέγουσι
1053 1279 1421 1350 Χριστοτόκος
1452 1277 1594 1332 κατά
1622 1277 1825 1330 Νεστό-

181 1413 201 1434 ,
244 1385 381 1438 ριον,
415 1362 476 1422 οῦ
518 1368 588 1419 τὰ
629 1367 850 1437 χείρονα
886 1367 1142 1438 φρονοῦσι
1172 1367 1330 1423 πολύ.
1377 1367 1519 1420 Ἀλλ’
1545 1366 1667 1420 οὐδὲ
1694 1366 1822 1420 πάνο

242 1476 349 1521 τως
383 1457 444 1510 τὸ
471 1460 548 1523 ἐκ
599 1456 692 1510 δύο
737 1457 899 1511 τινῶν
933 1459 1330 1528 συνενηγμένον
1377 1457 1657 1527 ἀσύγχυτα
1692 1455 1821 1525 ἐφύ-

242 1547 403 1611 λαξεν
435 1549 504 1600 τὰ
531 1547 588 1612 ἐξ
621 1541 696 1601 ὧν
726 1564 740 1579 ο
777 1548 872 1601 καὶ
908 1549 1018 1618 γὰρ
1055 1544 1200 1612 οἶνος
1229 1550 1326 1602 καὶ
1377 1548 1531 1619 ὕδωρ
1568 1565 1822 1618 συνενεχ-

243 1637 405 1690 θέντα
445 1638 769 1707 συγχέονται
799 1651 815 1668 ⁹
849 1639 1055 1709 ὁμοίως
1096 1638 1190 1692 καὶ
1218 1639 1422 1708 χρυσὸς
1449 1639 1545 1692 καὶ
1576 1639 1820 1710 ἄργυρος

241 1731 299 1782 έν
331 1732 397 1800 τῇ
420 1731 623 1801 χωνείᾳ
648 1745 664 1762 ·
695 1729 814 1784 ἀλλ’
843 1729 968 1783 οὐδὲ
993 1731 1052 1784 τὺ
1075 1732 1138 1784 ἐκ
1169 1731 1264 1785 δύο
1295 1731 1670 1802 γνωσθήσεταί
1690 1747 1818 1784 ποτε

239 1823 322 1873 ὃτι
351 1821 497 1874 ἐστιν
520 1823 583 1873 ὲκ
605 1822 720 1886 δύο,
753 1824 800 1874 εί
839 1823 916 1892 μὴ
949 1821 1092 1876 κατά
1111 1823 1212 1892 τὴν
1244 1823 1440 1876 ἕνωσιν
1465 1823 1559 1875 καὶ
1587 1823 1647 1876 τὸ
1684 1823 1819 1874 ἀπο-

238 1911 500 1980 τέλεσμα.
527 1912 668 1983 ῐῐερϊ
691 1912 748 1965 δὲ
777 1913 1071 1981 ἐνεργειῶν
1095 1914 1190 1967 καὶ
1213 1913 1491 1984 ίδιοτήτων
1529 1914 1676 1976 ὅπως
1704 1915 1819 1966 δια-

242 2005 435 2070 φωνεῖ,
469 2002 601 2056 ποτὲ
633 2004 729 2074 μὲν
757 2003 1175 2074 ἀναθεματίζων
1211 2005 1339 2068 τοὺς
1366 2005 1647 2072 λέγοντας,
1689 2005 1818 2057 ποτὲ

241 2093 300 2146 δὲ
334 2092 609 2161 ὁμολογῶν
628 2094 798 2155 αὐτὰς
818 2096 847 2148 ό
875 2094 1035 2158 αὐτὸς
1063 2093 1415 2166 πολύμορφος
1445 2095 1582 2166 Σευῆ
1593 2112 1704 2166 ρος,
1731 2112 1820 2163 γι-

241 2181 544 2240 νώσκουσιν
593 2185 644 2237 oi
685 2183 1001 2256 φιλαληθῶς
1039 2185 1600 2255 ἀναγινώσκοντες.τά
1631 2187 1816 2243 αὐτοῦ.

241 2268 364 2327 Eia:
398 2275 544 2343 γνῶς
575 2280 591 2298 ¹
624 2274 742 2338 πῶς
772 2275 922 2344 λέγει
955 2276 1081 2340 τοὺς
1116 2275 1369 2347 Πατέρας
1392 2276 1706 2348 χρήσασθαι
1750 2279 1818 2350 τῇ

241 2370 395 2438 φωνῇ
447 2367 557 2420 τῶν
603 2367 713 2422 δύο
767 2369 1014 2437 φύσεων
1067 2369 1408 2435 ἀδιαὸλήτως
1429 2385 1488 2422 τε
1519 2369 1612 2422 καὶ
1636 2369 1820 2438 ἀμέμ-

243 2473 414 2522 πτως,
443 2459 542 2511 οὐκ
579 2456 696 2512 οῖδα
731 2460 876 2521 τίνος
923 2459 1292 2527 καταγελάσει
1331 2450 1513 2524 πλέον,
1567 2458 1732 2512 αὐτοῦ

241 2547 350 2600 τῶν
382 2547 758 2618 ἀπατωμένων
813 2547 904 2601 ὑπ’
957 2547 1165 2601 αὐτοῦ’
1217 2547 1668 2618 διεστραμμένως
1713 2546 1821 2618 γὰρ

239 2638 492 2692 ἐκλαϐὼν
531 2640 696 2703 αὐτὸς
726 2637 827 2710 τὴν
858 2639 1065 2709 φωνήν,
1097 2637 1508 2708 ἐσυκοφάντησε
1545 2638 1676 2701 τοὺς
1705 2639 1820 2691 Πα-

239 2729 408 2801 τέρας
424 2729 594 2793 οὕτως
615 2731 806 2798 νοῆσαι
830 2730 1028 2794 αὐτοὺς
1047 2729 1273 2798 ταύτην,
1302 2729 1491 2800 ὥσπερ
1519 2729 1614 2782 καὶ
1636 2731 1817 2792 αὐτός.

325 2821 571 2874 Ἰωάννου
635 2821 729 2874 τοῦ
789 2821 1181 2892 γραμματικοῦ
1248 2821 1628 2892 παραθεμένου
1689 2824 1824 2892 χρῆ-

245 2929 332 2965 σιν
359 2911 452 2964 τοῦ
490 2912 763 2983 μακαρίου
805 2913 1157 2984 Ἀμφιλοχίου
1187 2912 1454 2982 κειμένην
1484 2913 1542 2967 ὲν
1566 2912 1644 2984 τῷ
1681 2913 1824 2982 λόγῳ

241 3002 408 3057 αύτοῦ
439 3002 536 3073 τῷ,
577 3004 629 3056 Ὀ
683 3003 886 3071 Πατὴρ
931 3007 966 3058 ό
1007 3005 1250 3074 πέμψας
1302 3021 1400 3074 με,
1454 3003 1666 3073 μείζων
1702 3005 1822 3073 μού

239 3095 436 3159 ἐστιν,
481 3093 709 3164 ἔχουσαν
749 3094 919 3158 οὕτως
945 3112 958 3126 ·
992 3114 1010 3146 ι
1047 3095 1335 3166 Διάκρινον
1364 3095 1550 3149 λοιπὸν
1579 3097 1678 3160 τὰς
1712 3095 1818 3164 φύ-
1847 3123 1892 3183 c

243 3203 358 3248 σεις
390 3187 490 3256 τήν
514 3203 574 3239 τε
602 3186 697 3240 τοῦ
731 3185 868 3240 Θεοῦ
914 3189 1014 3258 τήν
1073 3205 1132 3240 τε
1164 3187 1256 3241 τοῦ
1305 3187 1595 3259 ἀνθρώπου
1630 3205 1644 3220 ’
1695 3187 1819 3242 οὔτε

241 3275 352 3344 γὰρ
395 3277 516 3327 κατ’
544 3274 820 3328 ἔκπτωσιν
849 3277 913 3328 ὲκ
941 3275 1079 3328 Θεοῦ
1112 3276 1334 3344 γέγονεν
1363 3275 1666 3345 ἄνθρωπος,
1697 3272 1820 3326 οὔτε

239 3363 388 3418 κατὰ
409 3366 693 3436 προκοπὴν
723 3366 781 3432 ἐξ
807 3365 1096 3438 ἀνθρώπου
1129 3366 1262 3431 Θεός
1289 3382 1303 3396 ο
1342 3366 1474 3419 Θεὸν
1498 3365 1555 3419 δὲ
1583 3366 1677 3420 καὶ
1727 3365 1820 3418 ἄνα

239 3457 462 3526 θ’ρωπον
493 3455 689 3522 λέγων,
724 3457 854 3510 ὅταν
887 3457 952 3510 τὰ
985 3455 1288 3526 παθήματα
1318 3457 1384 3526 τῇ
1410 3456 1594 3526 σαρκὶ,
1629 3457 1724 3508 καὶ
1753 3456 1820 3510 τά
1851 3494 1864 3504 .

241 3543 498 3614 θαύματα
519 3543 596 3612 τῷ
626 3545 744 3614 Θεῷ
773 3545 898 3615 δῷς,
928 3546 1140 3617 ἀνάγκῃ
1179 3547 1274 3600 καὶ
1325 3546 1402 3617 μὴ
1447 3547 1616 3600 θέλων
1663 3545 1820 3608 δίδως

237 3637 370 3700 τοὺς
404 3635 502 3704 μὲν
527 3637 821 3700 ταπεινοὺς
849 3637 1045 3704 λόγους
1070 3637 1149 3708 τῷ
1179 3640 1244 3691 έκ
1282 3639 1501 3709 Μαρίας
1524 3637 1817 3710 ἀνθρώπῳ,

232 3727 368 3790 τοὺς
394 3727 452 3780 δὲ
476 3728 820 3798 ἀνηγμένους
851 3728 946 3783 καὶ
967 3729 1292 3802 θεοπρεπεῖς
1317 3729 1396 3800 τῷ
1415 3731 1485 3784 ἐν
1506 3729 1666 3800 ἀρχῇ
1691 3731 1820 3784 ὄντι

238 3819 429 3888 Λόγῳ.
467 3837 485 3870 ι
529 3818 704 3882 Αὐτὸς
742 3819 891 3872 δοκεῖ
921 3821 1128 3892 ταύτην
1162 3820 1486 3892 ἑρμηνεύειν
1509 3820 1818 3890 καταγινώ-

239 3926 387 3964 σκων
420 3909 516 3962 τοῦ
543 3911 944 3982 Γραμματικοῦ
999 3912 1074 3976 ὡς
1108 3911 1298 3975 κακῶς
1355 3913 1676 3981 νενοηκότος
1721 3912 1820 3982 τήν

237 4000 456 4070 χρῆσιν,
494 4001 589 4054 καί
626 4019 791 4072 φησιν
818 4019 832 4034 ·
879 4023 898 4056 ι
933 4003 1120 4057 Ταῦτα
1153 4003 1248 4058 καὶ
1269 4005 1326 4056 έν
1355 4007 1464 4066 τοϊς
1487 4004 1588 4074 ήδη
1621 4019 1821 4071 προγε-

235 4092 641 4162 γυμνασμένοις
680 4093 1066 4164 ἀπεδείξαμεν,
1113 4094 1189 4156 ὡς
1233 4092 1474 4155 ἅπαντες
1510 4093 1559 4146 oi
1598 4092 1698 4162 τῆς
1727 4092 1817 4144 εύ-

238 4183 455 4246 σεϐείας
479 4184 787 4238 διδάσκαλοι
813 4186 951 4256 πρὸς
969 4187 1094 4249 τοὺς
1125 4184 1318 4248 ἀθέους
1359 4185 1674 4254 ’Δρειανοὺς
1694 4184 1820 4248 τοὺς

234 4272 428 4340 λόγους
473 4275 808 4345 ποιούμενοι,
846 4277 1204 4349 βιαζομένους
1240 4279 1396 4350 παρά
1418 4280 1520 4352 τὴν
1555 4278 1818 4349 ἀλήθειαν

233 4365 361 4426 τοὺς
396 4369 461 4436 τῇ
496 4367 907 4436 ὲνανθρωπήσει
938 4370 1031 4422 καὶ
1059 4371 1125 4439 τῇ
1146 4369 1379 4438 ἑκουσίῳ
1407 4369 1651 4440 πτωχείᾳ
1680 4369 1817 4438 πρέ-

1925 547 2074 620 quod
2119 547 2402 602 abhorret.
2435 548 2546 602 Aut
2587 546 2808 601 nomina
2853 545 2969 600 sola
3012 550 3237 598 manent
3275 549 3507 598 natura-

1925 656 2048 695 rum
2091 639 2546 695 constituentium
2569 680 2584 704 ,
2610 637 2840 695 effectus
2892 649 3025 691 vero
3051 649 3384 705 anonymus;
3411 641 3507 687 aut

1927 733 2035 788 tale
2063 733 2314 788 invenies
2342 747 2574 796 nomen,
2602 745 2713 802 quo
2737 739 2794 785 et
2819 730 3052 800 Deipara
3078 727 3246 799 Virgo
3275 726 3503 798 gloriari

1924 825 2119 896 possit.

1995 916 2115 971 Non
2165 917 2357 988 ignoro
2399 916 2642 972 fautores
2683 915 2804 986 ejus
2847 914 2950 969 hac
2999 912 3067 968 de
3109 927 3276 968 causa
3317 909 3503 964 dicere

1923 1007 2237 1072 Christum,
2264 1023 2371 1077 qua
2411 1006 2666 1062 Christus
2703 1015 2817 1066 est,
2850 1003 3061 1060 nemini
3100 1018 3222 1058 esse
3259 999 3502 1056 consub-

1925 1098 2268 1164 stantialem,
2296 1113 2361 1153 ac
2391 1113 2570 1167 neque
2602 1098 2775 1152 Deum
2805 1111 2967 1161 esse,.
2986 1109 3165 1164 neque
3194 1091 3498 1147 hominem.

1925 1189 1981 1244 Si
2008 1196 2191 1242 autem
2214 1187 2322 1243 hoc
2343 1203 2537 1244 verum
2556 1228 2570 1248 ,
2600 1203 2710 1241 non
2737 1187 2884 1241 Deus
2907 1195 2992 1241 est
3009 1185 3262 1240 Christus
3279 1223 3293 1246 ,
3321 1195 3502 1250 neque

1923 1279 2153 1348 Deipara
2174 1278 2360 1349 Virgo,
2385 1277 2480 1333 sed
2505 1276 2864 1347 Christipara,
2881 1283 2942 1330 ut
2965 1275 3120 1329 aiunt
3134 1275 3285 1344 juxta
3309 1270 3503 1325 Nesto-

1923 1369 2098 1434 rium,
2132 1385 2254 1439 quo
2282 1371 2456 1424 multo
2493 1369 2651 1438 pejus
2691 1368 2956 1423 sentiunt.
2993 1365 3091 1420 Ast
3133 1379 3241 1418 non
3284 1375 3501 1429 semper

1922 1469 2102 1517 servat
2128 1476 2216 1516 res
2243 1461 2383 1515 citra
2417 1459 2795 1514 confusionem
2827 1473 2892 1512 ea
2918 1471 2948 1511 e
2981 1455 3184 1526 quibus
3216 1449 3502 1520 componi-

1923 1563 2044 1618 tur;
2087 1567 2216 1607 nam
2251 1553 2439 1606 vinum
2473 1562 2530 1606 et
2563 1565 2702 1620 aqua
2737 1546 3128 1620 conjunctione
3165 1543 3500 1605 miscentur;

1923 1645 1997 1700 ita
2020 1651 2076 1699 et
2097 1653 2384 1714 argentum
2410 1659 2472 1698 ac
2501 1657 2694 1698 aurum
2727 1641 2780 1695 in
2809 1641 3048 1694 fornace.
3073 1638 3186 1692 Nec
3210 1649 3503 1705 cognosce-

1922 1746 2012 1792 tur
2032 1751 2063 1791 e
2089 1735 2308 1790 duobus
2331 1750 2452 1790 esse
2476 1734 2619 1805 quod
2642 1749 2672 1787 e
2698 1732 2913 1787 duobus
2937 1738 3040 1794 est,
3063 1728 3168 1782 nisi
3198 1734 3322 1796 post
3344 1725 3504 1779 unio—

1920 1843 2046 1883 nem
2073 1835 2128 1882 et
2147 1828 2378 1882 eﬂ‘ectus
2403 1842 2467 1882 ea
2497 1826 2755 1881 retineat.
2774 1824 2849 1877 De
2874 1819 3290 1892 Operationihus
3317 1825 3502 1870 autem

1920 1928 1976 1974 et
2004 1919 2438 1989 proprietatibus
2471 1933 2636 1988 quam
2667 1915 2887 1970 diversa
2916 1913 3119 1967 sentiat
3147 1907 3503 1963 multiformis

1921 2007 2176 2074 Severus,
2215 2022 2365 2060 nunc
2402 2021 2499 2060 eos
2533 2005 2800 2058 damnans
2834 2001 2926 2072 qui
2951 2001 3070 2054 illas
3104 1997 3326 2059 dicunt,
3353 2009 3502 2048 nunc

1922 2100 2044 2154 illas
2094 2100 2210 2170 ipse
2259 2097 2562 2162 confitens,
2605 2090 2946 2166 cognoscunt
2989 2092 3083 2162 qui
3135 2088 3337 2157 scripta
3383 2087 3502 2156 ejus

1921 2191 2167 2246 veritatis
2193 2189 2377 2244 studio
2399 2190 2607 2259 legunt.
2631 2188 2748 2242 J'am
2773 2185 2974 2240 novisti
3002 2179 3282 2252 quomodo
3307 2178 3498 2233 Patres

1921 2283 2066 2338 dicat
2083 2282 2290 2351 absque
2307 2280 2732 2351 reprehensione
2756 2287 2812 2332 et
2853 2274 3084 2330 crimine
3113 2287 3247 2327 voce
3273 2271 3498 2324 duarum

1926 2383 2248 2430 naturarum
2317 2387 2440 2428 esse
2511 2386 2670 2437 usos;
2709 2369 2896 2424 nescio
2935 2382 3098 2438 quem
3139 2364 3312 2434 magis
3349 2362 3494 2416 deri-

1921 2466 2300 2536 deam,ipsum
2328 2471 2423 2518 aut
2460 2463 2698 2517 asseclas
2736 2460 2886 2531 ejus;
2931 2473 3056 2511 nam
3099 2456 3284 2524 inepte
3308 2467 3499 2507 vocem

1922 2558 2198 2622 attollens,
2237 2557 2428 2612 Patres
2461 2555 2728 2626 increpat,
2746 2551 2891 2624 quod
2909 2551 3100 2606 eadem
3119 2557 3248 2604 sunt
3263 2544 3501 2604 confessi

1923 2665 2043 2720 quae
2070 2650 2194 2720 ipsi.

1993 2826 2233 2881 Joannes
2289 2824 2678 2895 grammaticus
2736 2824 2918 2878 locum
2993 2822 3143 2875 hunc
3194 2818 3501 2890 protulerat

1925 2917 2070 2971 beati
2099 2915 2466 2985 Amphilochii
2494 2932 2562 2970 ex
2591 2930 2846 2970 sermone
2877 2915 2999 2985 ejus
3029 2914 3084 2968 in
3119 2911 3253 2966 illud
3292 2931 3305 2966 :
3337 2909 3502 2964 Pater

1925 3008 2014 3078 qui
2044 3006 2185 3059 misit
2214 3022 2316 3070 me,
2342 3005 2517 3076 major
2539 3020 2621 3059 me
2651 3012 2748 3069 est,
2773 3004 3146 3072 desumptum.
3185 3020 3204 3052 ι
3235 3002 3499 3056 Discerne

1925 3097 1993 3153 de
2039 3104 2237 3153 caetero
2281 3105 2526 3162 naturas,
2555 3097 2801 3151 divinam
2847 3102 2904 3150 et
2947 3095 3283 3148 humanam:
3320 3106 3499 3160 neque

1923 3189 2072 3244 enim
2124 3187 2409 3259 dignitatis
2464 3187 2852 3241 imminutione
2909 3201 2976 3240 ex
3025 3185 3140 3239 Deo
3189 3182 3364 3238 factus
3415 3189 3501 3234 est

1923 3279 2126 3344 homo,
2184 3293 2364 3347 neque
2429 3277 2714 3347 dignitatis
2774 3276 3090 3332 accessione
3148 3290 3215 3330 ex
3275 3273 3498 3327 homine

1922 3366 2069 3420 Deus
2107 3365 2205 3436 (4).
2239 3367 2410 3421 Deum
2443 3375 2500 3422 et
2533 3365 2814 3421 hominem
2857 3365 3076 3432 dicens,
3113 3361 3334 3434 quando
3374 3377 3499 3431 pas-

1922 3459 2109 3514 siones
2147 3459 2299 3512 carni
2336 3466 2392 3512 et
2437 3457 2701 3513 miracula
2740 3459 2854 3513 Deo
2879 3458 3126 3523 :tribuis,
3154 3469 3377 3509 necesse
3415 3461 3500 3506 est

1923 3559 1984 3604 ut
2018 3549 2106 3604 vel
2142 3549 2349 3604 invitus
2383 3549 2621 3605 humiles
2655 3564 2940 3605 sermones
2972 3547 3185 3603 homini
3226 3563 3294 3601 ex
3329 3544 3497 3600 Maria

1921 3649 2050 3695 nato
2079 3639 2321 3695 ascribas
2355 3679 2369 3701 ,
2395 3640 2660 3695 sublimes
2683 3656 2816 3695 vero
2843 3650 2900 3695 et
2924 3639 3142 3694 divinos
3173 3637 3334 3691 Verbo
3362 3636 3503 3706 quod

1921 3733 1976 3784 in
2017 3731 2274 3802 principio
2312 3740 2448 3784 erat.
2484 3751 2501 3784 ›
2546 3732 2720 3797 Quem
2767 3733 2949 3786 locum
2991 3731 3107 3801 ipse
3147 3728 3496 3798 interpretari

1921 3829 2108 3891 putat,
2145 3822 2394 3876 incusato
2437 3823 2679 3889 Joanne,
2711 3822 2865 3892 quasi
2919 3836 3086 3891 prave
3131 3820 3285 3874 illum
3333 3819 3498 3873 intel-

1920 3911 2163 3966 lexisset.
2195 3929 2213 3962 ι
2243 3911 2361 3967 Jam
2395 3912 2448 3966 in
2475 3912 2766 3982 prooemio,
2789 3912 2885 3976 ait,
2911 3911 3286 3983 probavimus,
3309 3924 3502 3964 omnes

1921 4003 2144 4073 pietatis
2165 4003 2422 4057 doctores
2445 4004 2512 4057 ad
2539 4004 2738 4072 impios
2761 4003 2995 4058 Arianos
3017 4003 3185 4059 verba
3210 4000 3498 4063 facientes,

1921 4092 2017 4161 qui
2056 4092 2505 4161 spretaveritate
2539 4107 2823 4147 sermones
2853 4092 3094 4146 humiles
3130 4089 3497 4146 incarnaticni

1920 4190 1978 4238 et
2009 4183 2332 4238 voluntariae
2365 4183 2676 4255 paupertati
2711 4183 3104 4237 convenientes
3135 4180 3205 4236 ad
3236 4189 3494 4253 aeternam

1920 4274 2199 4345 Unigeniti
2239 4274 2660 4340 essentiam,.ad
2683 4275 2900 4329 'nudam
2934 4283 2992 4329 et
3021 4289 3185 4328 carne
3217 4278 3496 4326 carentem

1921 4364 2266 4421 divinitatem
2306 4367 2514 4422 referre
2551 4367 2917 4432 conabantur,
2949 4367 3093 4420 hanc
3132 4365 3263 4435 ipsis
3302 4362 3496 4432 impie-

235 4469 436 4516 ποντας
451 4457 742 4516 ταπεινοὺς
769 4456 961 4524 λόγους
987 4460 1082 4511 καὶ
1112 4458 1263 4527 πάθη
1293 4457 1428 4528 πρὸς
1445 4457 1545 4528 τήν
1574 4455 1816 4527 προαιῶ-

1925 4465 2091 4512 tatem
2131 4457 2350 4512 crimini
2383 4460 2635 4514 vertisse.
2665 4459 2934 4528 Tempora
2972 4459 3059 4528 pie
3093 4458 3495 4517 distinxerunt.

233 4561 346 4596 νιον
394 4544 637 4615 ὓπαρξιν
692 4547 847 4616 ἄγειν
904 4547 1000 4601 τοῦ
1043 4547 1405 4616 Μονογενοῦς,
1470 4548 1567 4603 καὶ
1604 4547 1818 4619 γυμνὴν

235 4635 330 4687 καὶ
360 4634 601 4705 ἀσαρκον
635 4637 732 4708 τὴν
764 4637 1016 4708 θεότητα,
1054 4638 1339 4709 διήλεγχον
1361 4637 1542 4692 αὐτῶν
1567 4637 1666 4710 τὴν
1689 4637 1818 4692 ἀσέ-

234 4727 390 4780 ϐειαν
424 4727 758 4800 διαιροῦντες
787 4731 912 4794 τοὺς
940 4731 1165 4801 χρόνους
1187 4731 1448 4796 εὐσεϐῶς,
1481 4730 1606 4796 τούς
1627 4747 1686 4783 τε
1706 4730 1815 4801 πρὸ

233 4817 334 4886 τῆς
360 4819 830 4890 ἐνανθρωπήσεως
848 4823 1085 4884 καὶτοὺς
1105 4821 1244 4891 μετὰ
1258 4822 1358 4894 τὴν
1377 4821 1812 4892 ὲνανθρώπησιν,

233 4907 547 4973 δεικνύντες
605 4913 870 4982 μηδαμῶς
928 4913 1224 4984 ἁρμόττειν
1270 4913 1347 4984 τῷ
1396 4913 1516 4984 Θεῷ
1550 4912 1710 4982 Λόγῳ
1745 4912 1818 4966 τά

231 5014 291 5050 τε
323 4998 472 5069 πάθη
504 5001 601 5053 καὶ
631 5002 698 5054 τὰ
740 5003 974 5056 ταπεινά
1012 5005 1231 5075 ῥήματα
1262 5005 1386 5074 δίχα
1430 5003 1633 5075 σαρκὸς
1683 5020 1815 5057 σκο-

232 5089 531 5162 πουμένῳ·
577 5092 648 5148 τά
698 5094 880 5164 μέντοι
933 5112 997 5164 γε
1051 5095 1306 5166 θαύματα
1371 5097 1672 5166 προσήκειν
1719 5097 1818 5148 αύ-

229 5181 307 5250 τῷ
345 5183 490 5238 κατὰ
552 5185 715 5254 φύσιν
765 5187 884 5240 ὄντι
900 5187 1023 5258 Θεῷ
1080 5190 1172 5242 καὶ
1206 5189 1612 5258 σεσαρκωμένῳ
1645 5204 1662 5220 ⁸
1701 5188 1815 5242 δια-

230 5271 437 5340 κρίνειν
481 5275 590 5346 γάρ
652 5277 928 5332 ἐδίδασκον
1000 5278 1099 5342 τὰς
1153 5279 1343 5349 φύσεις
1414 5282 1490 5351 τῇ
1539 5279 1634 5334 τοῦ
1686 5281 1816 5350 χρό-

1921 4548 1980 4602 in
2009 4563 2082 4604 ea
2108 4564 2230 4619 quae
2260 4557 2388 4606 ante
2423 4550 2888 4616 incarnationem,
2923 4551 3090 4620 inique
3127 4565 3188 4602 ea
3222 4563 3343 4619 qua:
3377 4559 3509 4616 post.

1920 4637 2394 4709 incarnationem,
2433 4643 2788 4698 ostendentes
2827 4643 3110 4713 nunquam
3161 4642 3270 4697 Deo
3315 4639 3497 4694 Verbo

1916 4733 2200 4801 passiones
2230 4744 2288 4789 et
2312 4735 2541 4790 humilia
2568 4738 2735 4791 verba
2763 4737 3082 4799 convenire,
3111 4736 3249 4795 citra
3277 4748 3494 4790 carnem

1918 4826 2297 4892 considerato;
2336 4828 2602 4883 miracula
2635 4844 2768 4884 vero
2805 4829 2910 4898 ipsi
2949 4836 3264 4897 competere
3299 4825 3498 4878 divina:

1919 4925 2131 4973 natura:
2153 4927 2210 4974 et
2234 4920 2517 4974 incarnato
2545 4922 2677 4975 Deo.
2699 4919 2934 4977 Naturas
2961 4920 3273 4974 docuerunt
3300 4916 3495 4970 distin-

1919 5009 2162 5080 guendas
2189 5024 2308 5065 esse
2342 5019 2650 5080 temporum
2683 5011 3034 5074 differentia,
3057 5018 3222 5078 atque
3255 5008 3328 5061 ita
3358 5006 3493 5061 dcti-

1920 5101 2148 5155 nierunt
2182 5117 2304 5170 quae
2341 5102 2509 5157 fuerit
2550 5113 2746 5158 natura
2791 5118 2955 5158 carne
2994 5101 3242 5156 destituti
3286 5099 3413 5162 Dei,
3441 5111 3499 5152 et

1922 5207 2044 5260 qua;
2091 5201 2286 5246 natura
2331 5194 2426 5246 Dci
2471 5209 2570 5262 per
2618 5194 3088 5264 dispensationem
3133 5191 3342 5261 absque
3389 5190 3502 5244 ulla

1923 5282 2228 5336 mutatione
2263 5281 2630 5339 inhumanati.
2663 5305 2680 5335 ›

232 5381 327 5417 νου
390 5368 666 5443 διαστολῇ,
731 5371 815 5436 τίς
864 5389 924 5425 τε
964 5374 1126 5442 φύσις
1181 5373 1425 5444 ἀσάρκου
1485 5373 1643 5440 Θεοῦ,
1694 5375 1777 5437 τίς
1816 5392 1874 5428 τε
1927 5375 2090 5444 φύσις
2141 5375 2261 5428 κατ’
2319 5377 2630 5446 οἰκονομίαν
2685 5376 2970 5450 ἀτρέπτως
3012 5373 3303 5446 ἀνθρώπου
3344 5389 3495 5443 γενος

236 5455 419 5525 μένου.
449 5478 467 5511 ι

301 5575 320 5594 ¹
353 5571 443 5628 Sic
467 5575 750 5630 mendose.
779 5577 862 5632 An
900 5578 1192 5650 legendum
1226 5582 1287 5633 Ei
1314 5582 1370 5634 δὲ
1402 5581 1514 5652 γνῷ
1542 5601 1659 5650 τις;
1686 5599 1812 5637 mox

1929 5582 2001 5636 im
2035 5581 2090 5636 in
2117 5582 2343 5652 apodosi
2377 5583 2578 5654 legitur
2609 5582 2990 5652 καταγελάσει.
3029 5583 3174 5638 Ευιτ.

305 5661 380 5733 (⁴·)
412 5665 568 5746 Αἰ)υά
591 5668 942 5746 Αητίξῐεείυηι
970 5672 1053 5746 it_a_
1075 5688 1134 5728 se
1148 5673 1320 5746 habet
1343 5673 1679 5746 hic'lor-usu
1702 5673 1811 5729 Ne-

235 5748 342 5800 que
369 5739 517 5793 enim
536 5739 839 5796 secundum
868 5741 1328 5801 iuhabitationcm
1369 5760 1436 5801 ex
1485 5749 1598 5803 Dco
1629 5745 1807 5802 factus

1921 5683 2005 5729 est
2033 5674 2218 5739 homo,
2267 5690 2444 5745 neque
2483 5676 2786 5730 secundum
2827 5675 3129 5745 profectum
3174 5691 3240 5730 ex
3273 5674 3495 5734 homins

1913 5746 2074 5804 Deus.
2109 5745 2374 5817 (Biblioth.
2403 5748 2657 5816 maxima,
2688 5745 2779 5816 l.\,
2809 5763 2862 5817 p.
2887 5746 3032 5816 851.)
