3958 6288
426 257 529 323 915
1663 258 2079 320 EUSTATHII
2114 257 2459 321 MONACHI
3589 258 3703 324 916

493 368 639 429 Proh
669 360 886 431 insania
913 377 970 425 et
990 367 1219 439 perﬁdia
1250 367 1544 438 sapientis!
1575 369 1685 422 Aut
1708 369 1858 423 enim
1890 368 1996 439 ipse

2183 369 2324 437 Εὖγε
2381 368 2485 440 τῆς
2543 369 2835 433 ἀσυνεσίας
2895 370 2989 423 καὶ
3050 369 3151 440 τῆς
3210 369 3425 441 ἀπάτης
3463 371 3561 425 τοῦ
3608 388 3714 425 σο-

423 479 536 519 non
577 463 851 518 intellexit
887 475 1009 531 qua:
1052 459 1300 525 dicebat,
1337 467 1431 513 aut
1476 459 1766 515 audientes
1809 451 1996 516 fallere

2107 460 2208 533 φοῦ
2233 462 2246 515 !
2276 462 2346 514 Ἦ
2374 462 2482 533 γάρ
2509 460 2673 525 αὐτὸς
2704 462 2766 516 οὐ
2802 461 3037 533 συνῆκεν
3066 460 3209 533 άπερ
3243 457 3422 527 εἶπεν,
3465 461 3499 534 ἢ
3549 464 3703 517 ἀπα-

422 555 622 612 voluit.
656 552 813 610 Haud
857 552 1017 608 aliter
1061 568 1118 607 se
1165 551 1334 624 gessit
1376 566 1441 606 ac
1478 553 1731 621 lepores,
1764 550 1860 622 qui
1905 550 1996 606 ubi

2104 554 2268 625 τῆσαι
2295 552 2563 626 ἐϐουλήθη
2580 554 2706 618 τοὺς
2734 555 3031 626 ἀκροατὰς,
3061 557 3155 609 καὶ
3182 554 3482 625 πεποίηκεν
3508 555 3705 625 ὅμοιόν

423 644 696 716 fugientes
728 658 788 698 se
821 657 945 697 mox
980 658 1011 696 a
1046 640 1511 712 persequentibus
1544 639 1840 710 capiendos
1873 654 1996 694 sen-

2107 663 2160 700 τι
2233 646 2347 709 τοῖς
2406 645 2641 713 λαγωοῖς
2668 661 2683 677 ·
2737 645 2789 699 οἳ
2858 646 2985 699 ὅταν
3040 645 3335 715 φεύγοντες
3394 646 3703 699 αἴσθωνται

425 738 597 802 tiunt,
631 735 749 792 solo
787 734 1113 807 perturbato
1148 742 1204 789 et
1237 733 1463 803 pulvere
1519 748 1620 801 per
1669 731 1996 788 subeuntem

2107 738 2192 791 ὅτι
2221 736 2737 807 καταλαμϐάνονται
2775 736 2883 795 ὑπὸ
2928 736 3038 791 τῶν
3066 737 3395 802 διωκόντων,
3435 740 3705 807 συγκινή-

424 842 551 883 aera
584 827 844 892 excitato,
868 825 1101 897 vestigia
1130 840 1228 880 sua
1256 825 1525 895 relegant,
1550 824 1653 878 ista
1684 831 1801 878 arte
1832 838 1889 877 se
1918 822 1996 876 in-

2109 844 2305 893 σαντες
2328 827 2421 895 τὸν
2451 828 2813 899 ὑποκείμενον
2857 827 2988 898 χοῦν
3021 826 3117 883 καὶ
3149 827 3431 899 κονιορτοῦ
3456 827 3701 899 πληρώ-

422 918 814 990 vestigantium
843 918 1035 973 oculos
1059 917 1321 971 illusuros
1358 921 1663 985 sperantes,
1683 921 1739 968 et
1765 912 1996 967 salutem

2106 934 2300 981 σαντες
2360 917 2454 972 τὸν
2503 918 2937 991 περικεχυμένον
2973 918 3132 988 ἀέρα,
3173 920 3253 981 είς
3281 916 3527 972 τούπίσω
3567 920 3703 971 ἀνα-

421 1018 840 1066 consecuturos.
869 1009 940 1063 At
983 1007 1147 1079 periti
1192 1014 1481 1061 venatores
1524 1012 1642 1059 arte
1687 1018 1799 1058 non
1843 1003 1996 1059 deci-

2104 1009 2434 1080 στρέφουσι,
2455 1011 2522 1081 τῇ
2575 1012 2794 1081 μηχανῇ
2813 1009 2987 1083 ταύτῃ
3003 1011 3128 1074 τοὺς
3148 1008 3247 1081 μὲν
3272 1008 3700 1081 ίχνηλατοῦντας

419 1100 671 1169 pientur,
706 1109 764 1155 et
790 1098 1037 1170 vestigiis
1078 1096 1428 1162 insistentes,
1472 1110 1598 1150 mox
1637 1103 1996 1165 assequentur

2103 1099 2443 1155 ὲπισκοτίσαι
2478 1100 2818 1172 βουλόμενοι,
2855 1102 3012 1156 αὐτοὶ
3055 1100 3114 1154 δὲ
3141 1101 3431 1170 διαδρᾶσαι
3463 1102 3698 1172 ἐπινοή-

419 1189 703 1262 fugitivos.
739 1189 983 1260 Simplex
1025 1198 1113 1245 est
1150 1188 1403 1243 veritatis
1442 1202 1644 1244 sermo.
1680 1186 1863 1254 Quare
1902 1202 1996 1257 per

2103 1209 2311 1256 σαντες.
2354 1192 2495 1247 Ἀλλ’
2532 1193 2582 1246 oi
2621 1191 2876 1264 ἔμπειροι
2928 1191 3038 1246 τῶν
3086 1191 3390 1262 διωκόντων
3432 1191 3563 1245 οῦτε
3608 1193 3698 1246 τδν

421 1288 502 1335 tot
524 1279 700 1337 ﬂexus
727 1288 782 1336 te
813 1280 883 1336 ad
906 1282 1193 1353 aenigmata
1221 1289 1277 1336 et
1302 1280 1537 1351 ineptias
1563 1280 1785 1349 recipis,
1811 1279 1996 1346 homo,

2104 1282 2254 1335 δόλον
2291 1281 2675 1351 ἀγνοήσουσιν,
2723 1282 2817 1335 καὶ
2849 1280 2919 1335 τά
2948 1279 3072 1352 τχνη
3098 1281 3572 1354 ἀναζητήσαντες,
3605 1282 3697 1334 τὸν

418 1369 682 1426 omnibus
707 1371 1053 1442 perturbatis
1081 1380 1139 1426 et
1161 1369 1437 1437 confusis,
1465 1378 1527 1424 ut
1554 1368 1838 1425 auditores
1870 1370 2005 1425 cali-

418 1461 546 1533 gine
571 1461 881 1518 obcaecatos
903 1462 1073 1519 variis
1099 1463 1210 1517 tuis
1238 1461 1792 1532 interpretationibus
1813 1461 1999 1528 fallas,

417 1559 517 1622 per
537 1552 860 1609 verisimilia
885 1553 1056 1609 verba
1087 1554 1261 1623 ipsam
1290 1553 1580 1608 veritatem
1611 1552 1894 1622 devitans;

2107 1371 2378 1442 φεύγοντα
2408 1372 2795 1443 συλλήψονται.
2842 1372 3075 1438 Ἀπλοῦς
3116 1373 3146 1425 ό
3188 1373 3347 1441 λόγος
3405 1373 3511 1443 τῇς
3563 1372 3697 1440 ἀλη-

2108 1462 2278 1528 θείας.
2309 1462 2375 1517 Τί
2406 1464 2629 1535 μακράν
2660 1465 2800 1535 πρὸς
2830 1465 3066 1535 γρίφους
3099 1464 3196 1518 καὶ
3239 1462 3702 1533 ῦθλουςῖποτρέ-

2106 1550 2245 1625 χεις,
2289 1554 2566 1625 ἄνθρωπε,
2612 1555 2790 1610 πάντα
2839 1555 3088 1626 συγχέων
3152 1555 3245 1609 καὶ
3278 1555 3696 1623 συνταράσσων,

418 1639 506 1698 ἵνα
533 1644 660 1708 τοὺς
705 1643 983 1716 ἀκροατὰς
1015 1646 1094 1708 εἰς
1144 1644 1479 1699 σκοτοδινίαν
1554 1643 1842 1714 ἐμϐαλὼν,
1892 1646 2013 1709 ταῖς
2046 1644 2360 1711 ἀλλοκότοις
2388 1664 2482 1700 σου
2550 1647 2873 1719 ἑρμηνείαις
2910 1647 3191 1719 διαλάθῃς,
3221 1647 3309 1701 διὰ
3338 1649 3450 1711 τῶν
3513 1648 3698 1719 ῥημά-

416 1751 525 1790 των
548 1738 649 1808 τῆς
675 1735 933 1807 ἀληθείας
964 1738 1063 1810 τὴν
1092 1735 1349 1808 ἀλήθειαν
1376 1735 1702 1806 ἀποφεύγων
1736 1753 1752 1804 ;

487 1826 725 1884 Sanctus
753 1843 878 1883 cum
904 1828 1191 1899 passiones
1214 1827 1367 1882 carni
1394 1827 1618 1892 tribuit,
1644 1835 1701 1882 et
1727 1826 1994 1883 miracula
2026 1837 2072 1897 Β

417 1919 567 1986 Deo,
605 1919 816 1991 absque
862 1920 976 1976 ulla
1016 1920 1550 1984 circumlocutione,
1589 1926 1820 1975 naturas
1863 1919 2002 1975 duas

416 2011 602 2068 carnis
649 2020 706 2068 et
730 2012 1036 2068 divinitatis
1061 2012 1264 2079 innuit,
1286 2021 1343 2069 et
1364 2028 1459 2069 eas
1481 2012 1616 2069 dicit
1638 2011 1998 2084 distinguere,

417 2103 753 2175 cogitatione
799 2104 1047 2172 scilicet;
1094 2120 1198 2160 nec
1245 2113 1494 2175 tempora
1538 2103 1862 2175 distinguit,
1898 2117 2000 2158 nec

416 2202 731 2265 temporum
765 2195 1082 2253 diﬂerentia
1111 2212 1280 2252 unam
1311 2203 1461 2251 tuam
1488 2204 1740 2251 naturam
1775 2194 1831 2249 in
1861 2194 2001 2249 duas

417 2294 676 2353 naturas,
708 2288 860 2342 omni
909 2303 1109 2359 nempe
1154 2287 1463 2343 substantia
1512 2298 1784 2344 carentes.
1822 2286 1999 2343 Unam

416 2377 566 2433 enim
604 2385 757 2434 tuam
799 2388 1057 2434 naturam
1098 2380 1518 2435 substantialem
1554 2380 1694 2435 dicis
1726 2389 1784 2436 et
1816 2380 1999 2435 subsi-

418 2476 690 2536 stentem;
722 2470 819 2525 ubi
843 2485 976 2526 vero
1004 2486 1123 2527 eam
1152 2471 1425 2526 binariam
1452 2486 1740 2537 numeras,
1767 2487 1876 2526 non
1905 2470 2001 2525 ad-

412 2559 542 2631 jicis
568 2559 877 2615 divinitatis
901 2570 1113 2617 naturae
1135 2570 1390 2617 naturam
1415 2564 1599 2617 carnis
1621 2578 1786 2632 quam
1812 2576 2000 2618 susce-

415 2649 500 2720 pit
522 2650 672 2706 Deus
696 2650 961 2717 Verbum,
987 2662 1044 2707 et
1066 2661 1295 2723 propter
1318 2669 1482 2723 quam
1511 2669 1579 2708 ex
1602 2653 1817 2709 duabus
1840 2662 2000 2709 natu-

416 2740 498 2795 ris
527 2748 791 2797 constans
819 2732 1028 2798 dicitur
1059 2744 1181 2799 duae
1212 2755 1458 2811 naturae;
1494 2746 1590 2801 sed
1626 2745 1797 2814 ipsam
1834 2760 1998 2800 unam

417 2828 664 2887 divinam
707 2832 1103 2901 substantiam,
1132 2834 1217 2890 vel
1252 2832 1504 2892 naturam
1524 2876 1537 2899 ,
1569 2835 1626 2889 in
1655 2835 1791 2890 duas
1815 2844 2000 2906 partes

418 2923 637 2981 ratione
673 2932 985 2996 temporum
1029 2926 1346 2998 distinguis.
1373 2925 1532 2994 Quod
1566 2926 1612 2981 si
1646 2926 1751 2981 hac
1788 2926 1998 2981 ratione

422 3029 532 3071 una
562 3023 763 3072 natura
801 3025 887 3073 est
916 3016 1174 3074 Christus
1206 3017 1352 3088 apud
1391 3027 1445 3073 te
1480 3016 1501 3087 (
1512 3030 1583 3072 ne
1617 3015 1764 3072 dicat
1793 3017 2000 3072 veritas

409 3097 562 3177 apud
591 3106 842 3177 Patres),
870 3124 1002 3166 sane
1033 3110 1129 3180 qui
1160 3125 1227 3165 ex
1257 3108 1476 3164 duabus
1500 3108 1716 3162 naturis
1745 3116 1994 3173 constat,

418 3175 527 3256 non
572 3214 642 3255 ex
682 3175 976 3257 divinitate
1018 3175 1076 3257 et
1118 3200 1463 3255 humanitate
1502 3207 1617 3266 est,
1652 3199 1759 3254 hoc
1804 3207 1889 3255 est
1930 3215 1997 3255 ex
2023 3175 2067 3236 (ἶ

415 3294 615 3342 natura
643 3302 811 3344 carne
840 3289 1050 3343 carenti
1078 3298 1135 3343 et
1158 3304 1352 3343 rursus
1377 3303 1446 3342 ex
1467 3286 1661 3343 eadem
1690 3288 1993 3355 incarnata,

414 3375 558 3431 nihil
583 3376 905 3447 perﬁciente
932 3394 1097 3434 carne
1122 3378 1271 3449 quod
1302 3385 1502 3433 natura
1529 3377 1636 3433 dici
1665 3379 1865 3448 possit;
1898 3379 1993 3434 sed

417 3472 647 3536 propter
670 3465 936 3537 temporis
964 3466 1336 3522 diﬂerentiam
1362 3481 1471 3520 una
1497 3473 1693 3519 natura
1725 3465 1908 3520 divina
1939 3472 1997 3520 et

419 3556 540 3613 ﬁeri
569 3567 628 3614 et
652 3558 760 3614 dici
788 3566 973 3630 potest
996 3559 1119 3616 duae
1146 3568 1380 3614 naturas.

486 3736 793 3805 Praeterea,
837 3751 873 3793 ο
921 3737 1361 3807 sapientissime,
1405 3736 1450 3792 si
1498 3750 1663 3791 carne
1714 3743 1994 3790 carentem

415 3826 762 3883 divinitatem
811 3843 979 3884 unam
1028 3835 1277 3883 naturam
1324 3843 1521 3892 vocas,
1562 3836 1760 3882 natura
1811 3826 1997 3882 carnis

416 3917 744 3981 instructam
791 3935 893 3975 cur
933 3936 1127 3976 rursus
1171 3936 1336 3976 unam
1375 3920 1555 3976 dicis?
1618 3919 1768 3990 quod
1817 3919 1862 3974 si
1904 3918 1995 3973 illa

415 4015 722 4079 permanet,
753 4018 814 4065 ut
836 4010 954 4082 ipse
976 4010 1155 4083 ﬁngis,
1182 4012 1274 4067 ubi
1299 4011 1482 4067 carnis
1495 4019 1770 4074 naturam,
1798 4009 1994 4063 huma-

414 4102 607 4159 nitatis
627 4110 883 4159 naturam
912 4113 1246 4175 assumptam
1275 4118 1399 4159 esse
1429 4102 1652 4171 asseris,
1676 4100 1733 4157 in
1762 4103 1994 4173 conjun-

415 4194 599 4252 ctione
634 4194 757 4252 dua:
793 4196 1163 4254 subsistentes
1198 4204 1408 4250 natura;
1444 4193 1799 4250 admittenda:
1832 4201 1989 4258 sunt,

413 4300 525 4341 non
545 4301 656 4342 una
679 4294 893 4342 tantum
916 4294 1134 4341 natura.
1154 4285 1208 4341 Si
1235 4293 1514 4354 assumpta
1534 4284 1772 4339 humana
1795 4293 1991 4339 natura

413 4382 609 4430 cetera
648 4373 835 4429 omnia
874 4374 1134 4438 retinuit,
1180 4379 1243 4427 ut
1283 4374 1597 4428 nominetur
1640 4372 1988 4436 humanitas,

413 4462 628 4530 anima,
656 4478 889 4533 corpus,
920 4478 1077 4530 caro,
1111 4477 1282 4517 unum
1314 4478 1446 4518 vero
1482 4463 1586 4519 hoc
1620 4462 1808 4518 amisit
1839 4461 1989 4531 quod

412 4553 632 4609 dicatur
657 4563 884 4621 natura,
915 4554 1081 4625 proh,
1110 4554 1345 4610 absurda
1379 4554 1656 4620 conditio,
1688 4569 1719 4608 a
1752 4554 1987 4609 Doceta-

413 4634 537 4700 rum
567 4642 876 4701 fautoribus
903 4645 1156 4701 inventa!
1187 4645 1297 4702 Nos
1325 4656 1509 4703 autem
1543 4646 1678 4702 illud
1701 4643 1989 4702 contendi—

413 4750 583 4791 mus:
618 4745 680 4791 ut
719 4745 915 4792 caetera
952 4737 1136 4792 omnia
1177 4740 1489 4803 retinentur
1528 4746 1585 4793 et
1624 4736 1889 4792 dicuntur
1931 4736 1987 4790 in

412 4827 817 4898 assumptione,
843 4836 900 4884 et
937 4837 1166 4900 propter
1200 4830 1461 4885 unionem
1504 4827 1724 4899 propria
1764 4827 1988 4882 nomina

411 4933 524 4973 non
553 4918 858 4990 deponunt,
881 4921 957 4976 ita
985 4921 1102 4992 ipsa
1127 4930 1327 4977 natura
1355 4921 1560 4976 dicitur
1582 4929 1811 4992 propter
1831 4921 1991 4976 unio-

411 5025 538 5065 nem
566 5026 747 5082 neque
776 5020 1060 5069 contracta
1084 5028 1266 5082 neque
1295 5013 1496 5068 deleta.
1522 5012 1815 5070 Permanet
1840 5013 1988 5070 enim

411 5110 643 5171 utraque
671 5111 869 5159 natura
899 5118 1013 5158 non
1044 5103 1224 5159 solum
1254 5102 1402 5172 quod
1431 5111 1517 5158 est
1541 5104 1593 5159 vi
1624 5112 1863 5171 naturae,
1891 5103 1987 5160 sed

411 5191 545 5247 illud
578 5194 822 5250 retinens
846 5193 994 5265 quod
1018 5208 1222 5249 nomen
1247 5193 1415 5249 habet
1438 5204 1671 5264 natura),
1699 5197 1778 5251 uti
1809 5205 1865 5252 et
1889 5196 1989 5251 tibi

409 5281 615 5342 Severo
641 5284 881 5352 videtur,
906 5300 1031 5341 cum
1063 5284 1132 5340 de
1161 5293 1394 5356 utraque
1425 5301 1677 5343 seorsum
1700 5288 1985 5359 loqueris;

410 5386 536 5426 nam
577 5375 915 5446 coniunctim
959 5378 1099 5432 duas
1140 5384 1365 5433 naturas
1432 5377 1619 5434 dicere
1660 5379 1989 5450 plerumque

411 5473 663 5533 recusas,
692 5480 762 5521 ne
797 5468 1027 5524 Docetas
1055 5483 1155 5539 per
1184 5469 1370 5525 omnia
1404 5470 1774 5525 contristeris.

483 5630 600 5693 Una
631 5638 798 5709 igitur
823 5643 920 5701 Dei
946 5646 1113 5703 Verbi
1148 5655 1379 5720 natura,
1407 5656 1464 5706 et
1494 5656 1778 5721 assumpta
1809 5651 1992 5707 carnis

2176 1828 2238 1882 '0
2253 1828 2406 1897 ἅγιος
2432 1828 2609 1894 διδοὺς
2632 1828 2702 1883 τὰ
2729 1829 3032 1900 παθήματα
3057 1831 3126 1901 τῇ
3159 1830 3455 1901 σαρκὶ,καὶ
3471 1830 3544 1884 τά
3561 1832 3695 1885 θαύο

2107 1936 2253 1991 ματα
2278 1919 2355 1991 τῷ
2382 1919 2523 1992 Θεῷ,
2550 1921 2720 1993 χωρὶς
2748 1922 2930 1992 πάσης
2959 1921 3434 1993 περιεργολογίας,
3456 1920 3561 1988 τὰς
3594 1924 3696 1992 φύ-

2105 2026 2219 2073 σεις
2240 2009 2340 2079 τὴν
2372 2009 2551 2081 σάρκα
2581 2011 2677 2065 κα)⁵
2706 2011 2809 2084 τὴν
2841 2011 3075 2084 θεότητα
3098 2013 3341 2084 ἐνόησεν,
3373 2012 3471 2067 καὶ
3490 2013 3695 2079 ταύτας

2102 2094 2258 2155 εἶπεν
2290 2100 2589 2174 διακρίνειν
2615 2103 2861 2174 δηλονότι
2893 2106 2960 2176 τῇ
2997 2105 3214 2176 ὶπινοίᾳ
3244 2121 3260 2137 ο
3295 2105 3355 2157 οὐ
3405 2103 3520 2176 γὰρ
3559 2106 3694 2177 χρό-

2101 2207 2225 2254 νους
2245 2191 2342 2244 καὶ
2378 2193 2443 2264 τῇ
2475 2190 2572 2245 τοῦ
2603 2193 2800 2265 χρόνου
2827 2193 3079 2265 διαστολῇ
3125 2194 3567 2248 συνδιαστέλλειν
3594 2198 3694 2265 τὴν

2105 2282 2238 2353 μίαν
2286 2300 2381 2336 σου
2418 2281 2582 2352 φύσιν
2614 2285 2696 2348 είς
2725 2282 2822 2337 δύο
2850 2284 3062 2353 φύσεις,
3103 2284 3213 2353 καὶ.
3244 2284 3437 2354 φύσεις
3467 2287 3574 2339 οῦκ
3598 2286 3694 2338 ού-

2103 2374 2337 2438 σιὼδεις.
2372 2374 2497 2451 ἎΤὴν
2551 2375 2649 2445 μὲν
2691 2374 2800 2446 γὰρ
2830 2375 2962 2446 μίαν
2992 2374 3155 2446 φύσιν
3180 2373 3415 2445 οὐσιὼδη
3443 2376 3544 2430 καὶ
3603 2378 3690 2429 έν-

2101 2465 2402 2520 υπόστατον
2438 2464 2640 2535 λέγεις.
2660 2467 2829 2521 Ὅταν
2858 2466 2916 2520 δὲ
2965 2466 3171 2538 ταύτην
3229 2466 3330 2538 τὴν
3391 2467 3523 2538 μίαν
3594 2468 3690 2523 δύο

2100 2558 2365 2631 ἀριθμῇς,
2405 2558 2469 2614 ού
2497 2561 2565 2631 τῇ
2605 2561 2706 2632 μιᾷ
2733 2561 2798 2632 τῇ
2832 2559 2931 2630 τῆς
2963 2559 3216 2631 θεότητος
3245 2559 3565 2631 προστιθεῖς
3586 2562 3686 2631 τὴν

2100 2650 2264 2721 φύσιν
2291 2652 2394 2722 τῆς
2437 2651 2640 2722 σαρκὸς
2682 2653 2750 2724 ἢν
2779 2649 3041 2707 ἀνέλαϐεν
3067 2653 3098 2705 δ
3126 2650 3261 2715 Θεὸς
3290 2651 3484 2720 Λόγος,
3513 2651 3585 2705 δι’
3616 2652 3684 2723 ἢν

2099 2739 2195 2795 καὶ
2223 2742 2283 2795 τδ
2302 2742 2368 2797 ὲκ
2393 2741 2486 2796 δύο
2506 2742 2723 2812 φύσεων
2741 2742 2961 2813 λέγεται
2992 2743 3085 2797 δύο
3113 2742 3329 2813 φύσεις,
3362 2743 3479 2797 ἀλλ’
3511 2745 3683 2813 αὐτὴν

2099 2831 2198 2904 τὴν
2239 2832 2366 2903 μίαν
2398 2832 2585 2906 θεῖκὴν
2615 2833 2829 2897 οὐσίαν,
2857 2836 2977 2907 ἦτοι
3008 2834 3194 2904 φύσιν,
3217 2834 3299 2898 εἰς
3324 2833 3418 2887 δύο
3442 2834 3683 2902 διαιρου-

2101 2921 2273 2994 μένην
2300 2923 2587 2994 χρονικῶς.
2625 2924 2691 2979 Εί
2728 2922 2783 2976 δὲ
2814 2924 2952 2979 κατὰ
2976 2924 3135 2979 τοῦτο
3177 2924 3277 2995 μία
3316 2922 3481 2993 φύσις
3536 2923 3681 2975 ἐστὶν

2097 3011 2126 3063 ὁ
2154 3010 2392 3081 Χριστὸς
2430 3011 2581 3083 παρά
2609 3011 2694 3066 σοὶ
2736 3010 2837 3081 (μὴ
2866 3010 2975 3083 γὰρ
3013 3013 3159 3066 εἴποι
3193 3014 3229 3082 ἠ
3259 3011 3490 3081 ἀλήθεια
3530 3011 3683 3081 παρά

2097 3103 2210 3164 τοῖς
2250 3101 2554 3173 Πατράσιν)
2584 3100 2892 3164 ἀκολούθως
2941 3101 3037 3155 καὶ
3089 3102 3151 3156 τδ
3194 3103 3261 3156 ὲκ
3305 3101 3401 3155 δύο
3441 3101 3681 3171 φύσεων,

2098 3191 2199 3245 οὐκ
2230 3190 2297 3245 ὲκ
2331 3191 2587 3263 θεότητος
2632 3192 2727 3247 καὶ
2750 3192 3168 3264 ἀνθρωπότητος
3194 3191 3370 3257 ἔσται,
3403 3192 3683 3246 τουτέστιν

2100 3283 2161 3350 ἐξ
2190 3284 2436 3358 ἀσάρκου
2470 3285 2711 3354 φύσεως,
2754 3284 2849 3340 καὶ
2881 3283 3045 3338 πάλιν
3088 3283 3150 3348 ἐξ
3190 3283 3362 3353 αὐτῆς
3395 3299 3685 3355 σεσαρκω-

2103 3374 2293 3448 μένης,
2357 3375 2456 3446 τῆς
2508 3375 2709 3448 σαρκὸς
2760 3374 2927 3447 μηδὲν
2989 3374 3349 3446 συντελούσης
3388 3376 3471 3438 εἰς
3512 3375 3686 3445 ὄνομα

2099 3467 2337 3537 φύσεως,
2372 3467 2509 3521 ἀλλά
2535 3466 2636 3537 τῆς
2662 3465 2946 3536 διαστολῆς
2976 3464 3069 3519 τοῦ
3108 3465 3305 3536 χρόνου
3340 3464 3498 3518 τοῦτο
3530 3482 3689 3536 χαρι-

2099 3555 2335 3628 ζομένης
2369 3558 2434 3628 τῇ
2461 3556 2560 3628 μιᾷ
2586 3554 2745 3625 φύσει
2779 3558 2845 3627 τῇ
2876 3555 3056 3627 θεῖκῇ,
3087 3555 3149 3610 τὸ
3178 3555 3276 3610 καὶ
3295 3555 3557 3626 γενέσθαι
3586 3557 3685 3611 καὶ

2097 3647 2350 3716 λέγεσθαι
2385 3647 2479 3711 δύο
2511 3646 2723 3718 φύσεις.

2168 3733 2324 3802 Εἶτα,
2361 3733 2406 3792 ὧ
2444 3739 2622 3793 πάντα
2644 3739 2798 3808 σοφὲ,
2829 3740 2878 3792 εί
2906 3738 3122 3809 γυμνὴν
3153 3738 3356 3810 σαρκὸς
3387 3735 3556 3793 οὖσαν
3583 3737 3682 3807 τὴν

2098 3829 2328 3900 θεότητα
2378 3829 2509 3901 μίαν
2558 3830 2721 3900 φύσιν
2773 3829 3086 3901 ὀνομάζεις,
3134 3829 3550 3900 προσλαϐοῦσαν
3583 3828 3682 3900 τὴν

2099 3920 2261 3990 φύσιν
2306 3921 2406 3992 τῆς
2457 3920 2682 3992 σαρκὸς,
2728 3920 2844 3985 πῶς
2879 3920 3042 3974 πάλιν
3083 3921 3213 3990 μίαν
3238 3920 3535 3984 ἀποκαλεῖς
3567 3937 3584 3986 ;
3618 3918 3683 3973 Et

2100 4010 2354 4076 σώζεται,
2381 4007 2573 4081 ὥσπερ
2599 4008 2697 4062 καὶ
2719 4010 2785 4063 σὺ
2815 4010 3008 4073 ποιεῖς,
3047 4007 3195 4063 ἔστιν
3224 4010 3314 4062 ὅτε
3351 4007 3553 4079 σαρκὸς
3582 4008 3684 4078 φύ-

2096 4117 2204 4166 σιν,
2244 4100 2341 4153 καὶ
2384 4099 2805 4171 ἀνθρωπότητος
2842 4097 3006 4170 φύσιν
3046 4098 3221 4169 λέγων
3260 4100 3680 4172 προσειλῆφθαι,

2096 4192 2191 4246 καὶ
2242 4192 2300 4245 ὲν
2349 4195 2413 4262 τῇ
2456 4191 2705 4246 συνθέσει
2751 4191 3128 4263 ὑφισταμένας
3152 4192 3345 4261 φύσεις
3376 4194 3530 4264 ὁρᾷν,
3560 4193 3683 4263 οὐχὶ

2098 4282 2229 4354 μίαν
2269 4282 2432 4353 μόνον
2461 4282 2623 4351 φύσιν
2646 4299 2662 4313 ο
2694 4284 2744 4336 εί
2777 4281 2836 4336 δὲ
2868 4283 3281 4355 προσληφθεῖσα
3303 4285 3337 4355 ή
3359 4283 3681 4354 ἀνθρωπίνη

2095 4372 2259 4443 φύσις
2290 4374 2472 4428 πάντα
2506 4373 2607 4444 μὲν
2634 4374 2703 4429 τὰ
2731 4373 2866 4428 ἀλλα
2892 4373 3097 4427 ἔσωσεν
3128 4373 3394 4443 ὀνόματα,
3433 4375 3495 4428 τὸ
3525 4375 3714 4475 λέγε-ι

2097 4463 2221 4517 σθαι
2254 4463 2636 4537 ἀνθρωπότης,
2661 4464 2830 4536 ivxta
2859 4464 3043 4534 σῶμ’
3084 4464 3244 4536 σὰρξ⁹
3272 4464 3431 4518 τοῦτο
3483 4465 3543 4519 δὲ
3578 4467 3678 4536 μό-

2094 4571 2186 4610 νον
2240 4554 2525 4610 ἀπώλεσεν
2568 4555 2631 4609 τὸ
2679 4556 2932 4625 λέγεσθαι
2984 4557 3169 4627 φύσις,
3213 4557 3315 4626 φεῦ
3344 4557 3445 4628 τῆς
3473 4559 3677 4612 ἀτόπου

2092 4645 2552 4719 ἀποκληρώσεως,
2568 4648 2669 4718 τῆς
2684 4649 2934 4721 ὲπινενοη
2944 4648 3109 4721 μένης
3122 4651 3237 4709 τοῖς
3268 4649 3673 4720 φιλοδοκήταιςῑ
3736 4654 3737 4657 “

2106 4737 2299 4809 Ἡμεῖς
2323 4738 2380 4793 δὲ
2407 4738 2567 4794 τοῦτό
2588 4757 2791 4811 φαμεν,
2819 4739 3009 4812 ὥσπερ
3045 4740 3114 4796 τά
3147 4741 3288 4796 ἀλλα
3331 4743 3512 4795 πάντα
3572 4741 3677 4795 σώο

2095 4828 2247 4893 ζεται
2283 4830 2381 4884 καὶ
2415 4831 2635 4901 λέγεται
2671 4830 2776 4902 τῆς
2821 4830 3202 4904 προσλήψεως,
3246 4831 3325 4903 μὴ
3366 4832 3674 4901 ἀποϐεϐλη-

2092 4912 2323 4975 κότατά
2364 4920 2510 4976 ίδικά
2552 4920 2792 4994 ὀνόματα
2816 4920 2906 4976 διὰ
2936 4921 3037 4991 τὴν
3063 4921 3280 4986 ἕνωσιν,
3312 4919 3486 4982 οὕτως
3519 4920 3615 4973 καὶ
3639 4922 3672 4990 η

2091 5010 2254 5080 φύσις
2307 5011 2525 5081 λέγεται
2573 5013 2650 5083 μὴ
2702 5011 3135 5082 συναλειφομένη
3174 5011 3269 5065 καὶ
3293 5010 3669 5081 ἀφανιζομένη

2091 5102 2180 5157 διὰ
2211 5103 2309 5174 τὴν
2334 5102 2602 5159 σύνθεσιν.
2646 5104 2960 5174 Μένειιγάρ
2989 5103 3228 5175 ἑκατέρα
3262 5101 3447 5172 φύσις,
3481 5104 3544 5155 ού
3576 5101 3674 5172 p.6-

2092 5208 2182 5245 vov
2208 5192 2342 5263 ὅπερ
2372 5192 2489 5245 ἐστὶ
2520 5194 2585 5264 τῇ
2627 5195 2807 5262 φύσει,
2846 5192 2982 5247 ἀλλά
3014 5191 3112 5246 καὶ
3148 5190 3349 5263 ἔχουσα
3391 5192 3531 5263 ὅπερ
3558 5190 3671 5262 ἔχει

2092 5281 2266 5354 ὄνομα
2294 5286 2360 5355 τῇ
2418 5283 2601 5355 φύσει,
2632 5283 2821 5355 ὥσπερ
2849 5284 2947 5338 καὶ
2982 5284 3065 5337 σοὶ
3099 5284 3325 5354 Σευήρῳ
3348 5282 3517 5348 δοκεῖ,
3546 5282 3674 5335 ὅταν

2095 5365 2232 5447 περτ
2247 5377 2487 5446 ἑκάστης
2515 5375 2658 5441 ίδίως
2677 5376 2919 5447 διαλέγῃ·
2947 5376 3063 5447 ἅμα
3097 5375 3206 5447 γὰρ
3229 5374 3332 5437 τάς
3359 5374 3454 5427 δύο
3482 5372 3673 5443 φύσεις

2094 5468 2379 5538 ὀνομάσαι,
2412 5468 2481 5522 τά
2512 5467 2684 5522 πολλά
2718 5471 2979 5540 παραιτῇ,
3013 5468 3102 5520 ἵνα
3144 5465 3219 5538 μὴ
3261 5466 3515 5538 λυπήσῃς
3546 5464 3675 5526 τοὺς

2096 5560 2340 5631 Δοκήτας
2376 5562 2434 5613 ὲν
2473 5561 2658 5617 πᾶσιν.

2167 5648 2315 5724 Ἀρα
2343 5647 2488 5724 οῦνή
2514 5651 2614 5725 μία
2641 5651 2735 5708 τοῦ
2764 5651 2897 5708 Θεοῦ
2916 5650 3091 5723 Λόγου
3114 5649 3295 5721 φύσις,
3324 5648 3470 5720 καὶὴ
3501 5660 3671 5719 προσ-
