3958 6288
153 323 275 389 917.

1204 317 1568 381 EPISTULA
1607 319 1702 378 DE
1743 318 2048 379 DUABUS
2085 318 2444 380 NATURIS.

3297 313 3400 378 918

153 427 414 498 ληφθεῖσα
435 427 534 496 τῆς
556 429 757 498 σαρκὸς
786 428 966 497 φύσις,
999 429 1092 482 δύο
1117 429 1308 499 φύσεις
1337 430 1432 482 καὶ
1466 429 1601 483 εἰσὶν
1629 429 1722 480 καὶ

1853 437 2042 493 latura,
2068 428 2191 484 dua:
2215 437 2424 482 naturae
2451 435 2577 481 sunt
2600 434 2656 482 et
2679 426 2971 490 dicuntur;
2998 431 3055 479 tu
3081 437 3212 478 vero
3239 441 3400 481 unam

155 519 398 587 λέγονται
434 534 448 548 ’
487 520 550 572 σὺ
577 520 634 572 δὲ
671 518 769 588 τὴν
809 520 936 589 μίαν
971 520 1070 589 μὲν
1105 522 1470 591 παρασιωπᾷς
1500 521 1598 590 τὴν
1628 520 1727 589 τῆς

154 609 373 681 σαρκός,
402 611 474 681 μὴ
511 610 855 682 συναριθμῶν
871 611 1072 682 ταύτην
1106 615 1170 683 τῇ
1188 612 1552 692 θεότητι,ριλλ’
1574 614 1730 683 ὲφελ-

154 702 382 772 κόμενος
418 700 518 770 μὲν
547 701 642 754 καὶ
683 701 1011 774 παρασύρων
1032 703 1222 774 αὐτὴν,
1255 703 1303 756 εί
1347 706 1419 774 μή
1459 722 1562 757 που
1590 705 1728 758 ἰδια-

156 793 374 854 ζόντως,
413 792 602 862 ὥσπερ
643 792 672 845 ὃ
719 793 876 863 ἔφην.
918 794 1030 864 Τὴν
1073 794 1128 846 δὲ
1158 795 1253 865 τῆς
1281 794 1532 866 θεότητος
1569 797 1730 866 μόνον

152 882 433 951 ὀνομάζων
460 882 643 952 φύσιν,
694 885 787 937 καὶ
814 885 1040 955 ταύτην,
1081 886 1157 948 ὡς
1187 887 1251 938 σὺ
1287 887 1411 957 φὴς,
1444 887 1521 957 τῷ
1553 887 1730 958 χρόνῳ

156 973 601 1040 συνδιαστέλλων,
635 976 827 1044 καινὴν
860 977 993 1046 ἡμῖν
1029 977 1396 1045 φυσιολογίαν,
1440 979 1640 1046 μᾶλλον
1672 979 1731 1032 δὲ

158 1064 495 1134 μωρολογίαν
523 1066 812 1136 τερατεύῃ,
849 1067 945 1136 τὴν
993 1067 1123 1137 μίαν
1179 1069 1338 1138 φύσιν
1387 1068 1480 1121 δύο
1539 1069 1730 1137 φύσεις

155 1153 444 1207 ἀποκαλῶν
479 1171 492 1184 ο
527 1153 600 1218 ὡς
660 1155 708 1207 εί
746 1155 1084 1226 σαφέστερον
1133 1156 1269 1227 ἔφης
1312 1159 1448 1228 ὅπερ
1478 1157 1729 1227 ἐνόησας,

157 1244 379 1316 προὶιτην
410 1246 506 1298 καὶ
539 1245 822 1316 δευτέραν,
862 1247 956 1300 καὶ
992 1249 1020 1300 ό
1058 1249 1134 1317 μὴ
1163 1247 1487 1319 βουλόμενος
1517 1249 1616 1312 τάς
1638 1248 1732 1302 δύο

155 1335 349 1401 φύσεις
382 1335 476 1388 τοῦ
518 1336 779 1406 Χριστοῦ,
820 1336 912 1391 δύο
947 1338 1296 1409 ὁμολογῆσαι,
1332 1341 1432 1410 τὴν
1474 1341 1603 1410 μίαν
1640 1340 1732 1394 δύο

154 1424 328 1491 λέγων
363 1426 464 1478 οὐκ
490 1426 721 1498 αἰσχύνῃ
754 1443 768 1491 ;
810 1427 957 1496 Πλὴν
992 1427 1162 1480 πολλά
1193 1427 1511 1499 περιελθὼν,
1541 1445 1735 1482 παντε-

154 1517 260 1581 λῶς
314 1521 508 1587 φυγεῖν
556 1518 654 1589 τὴν
681 1518 940 1589 ἀλήθειαν
966 1519 1066 1571 οὐκ
1091 1519 1384 1590 ⁴ὴδυνήθης.
1411 1518 1594 1572 Εἰπὼν
1624 1518 1734 1590 γάρ

154 1609 280 1672 τοὺς
318 1611 384 1680 τῇ
426 1609 838 1680 ὲνανθρωπήσει
875 1609 1184 1681 πρέποντας
1213 1611 1503 1674 ταπεινοὺς
1541 1609 1734 1679 λόγους

155 1701 247 1754 ἐπὶ
286 1701 384 1773 τὴν
415 1702 647 1774 θεότητα
681 1702 837 1771 ἄγειν
865 1703 990 1766 τοὺς
1031 1704 1364 1772 ’Λρειανοὺς,
1405 1703 1610 1768 ἔδειξας
1642 1704 1735 1758 καὶ

155 1792 304 1844 ἄκων
436 1795 500 1862 τῇ
701 1770 884 1862 φύσει,
922 1770 1196 1847 τουτέστιν
1236 1798 1301 1866 τῇ
1332 1794 1511 1864 θεῖκῇ,
1545 1796 1610 1867 ἢν
1639 1795 1732 1848 καὶ
1767 1770 1808 1824 Β

159 1881 330 1950 μόνην
357 1881 519 1950 φύσιν
549 1873 839 1952 ὀνομάζειν
861 1883 1097 1938 ἐνταῦθα
1116 1883 1299 1957 βιάζῃ,
1328 1885 1392 1938 ὲκ
1418 1884 1512 1938 τοῦ
1540 1886 1733 1939 Λίλού-

156 1988 255 2041 ρου
287 1972 619 2042 παραλαϐών
649 1989 662 2004 ο
708 1973 822 2026 ἀλλ’
876 1975 1038 2046 ἑτέρᾳ
1095 1975 1202 2029 τινὶ
1241 1975 1486 2046 δηλονότι
1524 1980 1590 2047 τῇ
1635 1980 1735 2047 τῆς

156 2056 575 2128 ἀνθρωπότητος
603 2061 702 2131 τῆς
727 2061 1000 2126 οὐσιωδῶς
1030 2064 1316 2134 ἠνωμένης
1344 2064 1421 2134 τῷ
1443 2064 1562 2135 Θεῷ
1579 2067 1736 2136 Λόγῳ

157 2145 421 2217 ἁρμόζειν
450 2148 690 2214 τούτους.
735 2151 799 2202 Τί
833 2152 942 2223 γὰρ
966 2153 1150 2224 ἕτερόν
1179 2157 1327 2208 ἐστιν
1360 2156 1422 2209 τὸ
1463 2157 1736 2228 ὲνανθρω-

157 2238 334 2309 πῆσαι
363 2240 456 2294 τὸν
480 2240 613 2295 Θεὸν
640 2243 834 2313 Λόγον,
863 2245 895 2315 ἢ
918 2246 978 2299 τὸ
996 2247 1054 2299 ὲν
1085 2246 1463 2320 ἀνθρωπότητι
1486 2251 1738 2320 γενέσθαι

159 2329 324 2383 αὐτόν
349 2345 365 2394 ;
398 2333 459 2384 El
487 2332 544 2385 δὲ
575 2334 716 2388 κατὰ
747 2336 909 2404 φύσιν
947 2336 1046 2408 οὐχ
1077 2338 1312 2409 ἁρμόζει
1340 2341 1417 2412 τῷ
1438 2341 1555 2411 Θεῷ
1580 2343 1739 2412 Λόγῳ

159 2423 227 2476 τά
257 2439 318 2476 τε
359 2424 505 2495 πάθη
529 2425 623 2479 καὶ
652 2427 722 2481 τὰ
757 2429 990 2482 ταπεινὰ
1042 2430 1286 2502 ῥήματα,
1335 2432 1443 2503 ἄρα
1486 2450 1549 2501 γε
1598 2435 1740 2488 κατά

163 2512 326 2580 φύσιν
353 2513 584 2586 ἁρμόζει
616 2519 682 2588 τῇ
719 2516 1097 2589 ἀνθρωπότητι
1137 2519 1478 2585 αὐτοῦ,κατά
1507 2521 1566 2576 δὲ
1595 2525 1739 2575 οίκο-

160 2605 396 2676 νομικὴν
419 2607 696 2662 οἰκείωσιν
731 2609 825 2662 καὶ
863 2608 1011 2680 αὐτῷ
1040 2608 1118 2680 τῷ
1147 2609 1269 2682 Θεῷ
1304 2613 1481 2682 Λόγῳ,
1517 2613 1596 2683 τῷ
1620 2615 1742 2668 κατ’

161 2698 352 2752 οὐσίαν
373 2698 635 2754 ἑνώσαντι
667 2701 844 2772 ἑαυεῷ
897 2704 998 2772 τὴν
1053 2704 1472 2776 ἀνθρωπότητα,
1529 2709 1596 2777 ἢν
1647 2708 1742 2760 καὶ

165 2789 347 2860 σάρκα
374 2791 733 2864 ἐψυχωμένην
754 2792 898 2865 ψυχῇ
928 2794 1121 2867 λογικῇ
1149 2813 1349 2866 φαμεν,
1372 2797 1468 2850 καὶ
1490 2798 1742 2853 ένωθέντι

163 2881 302 2953 αὐτῇ
340 2884 461 2936 κατ’
491 2884 699 2941 οὐσίαν.
735 2885 894 2941 Οὖτω
939 2888 1047 2958 γὰρ
1110 2889 1204 2942 καὶ
1246 2889 1464 2959 ἀπαθής
1519 2892 1668 2945 ἐστιν
1716 2893 1744 2946 ό

165 2972 400 3042 Χριστὸς
431 2977 496 3045 τῇ
525 2974 760 3048 θεότητι,
797 2980 891 3031 καί
933 2978 1178 3049 παθητὸς
1209 2982 1275 3051 τῇ
1303 2980 1575 3046 οὐσιωδῶς
1605 2985 1746 3053 ἠνω-

169 3066 307 3135 μένῃ
339 3065 486 3137 αὐτῷ
515 3069 701 3140 σαρκί.

237 3157 307 3210 Τί
345 3157 402 3210 δὲ
436 3159 531 3213 καὶ
563 3164 920 3232 συκοφαντεῖς
967 3163 1318 3233 ’Δρειανούςς
1349 3167 1485 3222 Οὐδὲ
1517 3168 1626 3239 γὰρ
1650 3169 1748 3223 αὒ-

167 3251 252 3302 τοὶ¹
285 3250 348 3303 τὰ
379 3252 480 3322 τῆς
517 3255 719 3325 σαρκὸς
750 3257 920 3329 πάθη,
946 3259 1193 3314 τουτέστι
1240 3260 1475 3332 σταυρὸν
1511 3264 1604 3316 καὶ
1644 3265 1750 3334 μά-

172 3351 368 3410 στιγας
394 3345 490 3398 καὶ
515 3345 829 3419 διατρήσεις
853 3349 1001 3420 ἥλων
1032 3351 1128 3404 καὶ
1169 3351 1402 3406 θάνατον
1430 3353 1617 3421 ἔλεγον
1650 3357 1751 3424 τὴν

170 3434 404 3505 θεότητα
453 3437 798 3508 ἐπιδέχεσθαι
833 3441 935 3510 πρὸ
973 3442 1076 3511 τῆς
1105 3444 1598 3515 ὲνανθρωπήσεως,
1635 3447 1750 3500 ἀλλ’

169 3523 298 3576 οὐδὲ
336 3524 476 3593 μετὰ
508 3526 607 3594 τὴν
657 3529 1076 3600 ἐνανθρώπησιν
1099 3549 1114 3565 ο
1160 3533 1274 3586 ἀλλ’
1308 3535 1406 3588 ἐὰν
1447 3536 1555 3607 άρα
1589 3537 1656 3590 τά
1685 3540 1751 3609 τῇ

165 3616 321 3687 ψυχῇ
352 3616 660 3686 ἁρμόζοντα
687 3621 828 3673 κατά
860 3621 1042 3690 φύσιν,
1069 3624 1244 3695 λύπην
1274 3626 1368 3680 καὶ
1395 3627 1638 3696 ἀγωνίαν
1661 3628 1755 3682 καὶ

172 3710 241 3760 τά
273 3707 485 3772 τούτοις
509 3710 692 3780 ὃμοια.
729 3713 872 3782 Πρὸς
906 3712 999 3776 οὓς
1031 3715 1453 3786 ἀποτεινόμενος
1499 3718 1756 3788 ’Λμφιλόα

175 3819 314 3870 χιος,
348 3800 418 3854 τὰ
442 3799 591 3872 πάθη
631 3803 725 3858 καὶ
747 3806 816 3858 τὰ
844 3807 1079 3860 ταπεινὰ
1106 3809 1330 3878 ῥήματα
1364 3813 1428 3880 τῇ
1464 3809 1623 3879 φύσει
1657 3813 1755 3882 τῆς

177 3895 384 3964 σαρκὸς
410 3937 424 3960 ,
456 3896 626 3967 ἤγουν
658 3897 757 3967 τῆς
787 3897 1212 3971 ἀνθρωπότητος
1243 3901 1561 3970 ἀπένειμεν,
1604 3903 1672 3956 τά
1699 3905 1756 3958 δὲ

176 3987 438 4058 θαύματα
461 3992 528 4059 τῇ
553 3989 713 4058 φύσει
741 3990 839 4061 τῆς
865 3991 1119 4062 θεότητος
1142 4010 1155 4022 ⁸
1182 3993 1276 4046 καὶ
1307 3991 1510 4057 ταύτας
1543 3994 1756 4065 διακρί-

179 4096 295 4132 νειν
331 4079 431 4150 ἔφη
458 4080 558 4161 τὰς
591 4081 782 4150 φύσεις
803 4098 820 4114 ο
860 4083 960 4136 οὐκ
990 4083 1099 4152 ἄρα
1141 4079 1234 4137 οὖν
1267 4084 1462 4154 φύσεις
1491 4085 1590 4156 τὴν
1629 4085 1757 4156 μίαν

181 4171 344 4238 φύσιν
373 4172 595 4243 ἐνόησεν
641 4172 1013 4244 ’Λμφιλόχιος,
1043 4175 1077 4245 ἢ
1100 4174 1258 4239 ἄλλος
1291 4192 1374 4238 τις
1399 4175 1507 4229 τῶν
1537 4176 1756 4242 όρθοδό-

180 4263 287 4327 ξων
337 4265 618 4335 Πατέρων.
675 4267 734 4319 Ὀ
766 4266 823 4320 δὲ
866 4266 1058 4338 χρόνον
1092 4262 1250 4321 εἷπεν
1285 4267 1622 4340 διακρίνειν,
1665 4271 1760 4324 καὶ

179 4357 358 4428 τούτῳ
413 4359 813 4429 συνδιακρίνειν
859 4359 955 4414 καλ⁸
999 4359 1433 4415 συνδιαστέλλειν
1479 4361 1580 4432 τὴν
1628 4361 1760 4432 μίαν

181 4451 346 4518 φύσιν
389 4454 469 4515 είς
510 4453 604 4506 δύο
635 4453 848 4521 φύσεις.
889 4451 1052 4506 ’Λλλά
1088 4453 1250 4524 μόνος
1299 4454 1362 4507 σὺ

181 4543 250 4597 τά
299 4543 436 4614 όρθά
483 4545 827 4616 διαστρέφων
868 4545 957 4599 διὰ
1006 4545 1100 4598 τὸν
1137 4545 1270 4599 ἴδιον
1309 4545 1533 4610 σκοπὸν,
1564 4545 1660 4599 καὶ
1710 4546 1759 4599 οἱ

186 4632 503 4704 πειθόμενοι
522 4653 626 4699 σοι,
641 4635 671 4686 ὁ
685 4637 784 4707 τὴν
803 4637 1256 4708 ψηφοπαικτικήν
1268 4654 1362 4690 σου
1385 4636 1760 4706 φυσιολογίαν,

189 4726 392 4795 μᾶλλον
425 4727 480 4781 δὲ
506 4729 891 4799 τερατολογίαν
909 4770 924 4794 ,
971 4729 1191 4796 διδάξας
1216 4729 1343 4794 τοὺς
1367 4729 1761 4800 ἀποσχίζεσθαι

189 4814 555 4886 βουλομένους
582 4819 680 4886 τῆς
705 4819 983 4890 ἀληθείας.

271 4908 737 4974 Ἐπαναλαόόντες
767 4909 824 4964 δὲ
852 4911 1015 4964 πάλιν
1039 4911 1220 4979 φαμέν
1249 4928 1264 4942 ο
1299 4911 1361 4964 Et
1391 4911 1481 4964 διὰ
1513 4911 1614 4981 τὴν
1645 4912 1762 4965 δια-

187 4997 386 5067 στολὴν
411 4999 507 5052 τοῦ
533 4999 725 5070 χρόνου
755 5002 789 5072 ἡ
833 5001 930 5071 μία
961 5001 1121 5069 φύσις
1141 5001 1234 5054 δύο
1255 5001 1494 5068 λέγεται,
1530 5002 1623 5054 καὶ
1643 5003 1764 5074 οὐχὶ

185 5093 274 5146 διὰ
300 5093 402 5163 τὴν
422 5094 618 5148 ἕνωσιν
640 5094 740 5164 τῆς
765 5094 955 5163 θεῖκῆς
976 5093 1192 5162 φύσεως
1236 5095 1328 5147 καὶ
1357 5095 1455 5163 τῆς
1484 5093 1761 5164 ἀνθρωπίο

186 5203 307 5254 νης,
341 5186 435 5240 δύο
462 5185 652 5254 φύσεις
680 5187 830 5240 ἐστὶν
858 5186 886 5238 ό
905 5185 1161 5252 Χριστὸς,
1192 5185 1314 5238 οὐδὲ
1339 5187 1403 5237 ἐκ
1426 5185 1520 5238 δύο
1549 5185 1766 5254 φύσεὼν

189 5282 340 5333 ἐστιν
381 5282 410 5333 ὁ
444 5279 681 5349 Χριστός
703 5293 718 5308 ⁶
759 5278 872 5332 ἀλλ’
909 5279 958 5330 εἰ
993 5277 1101 5348 ἄρα
1127 5278 1190 5329 ὲκ
1222 5278 1351 5346 μιᾶς
1383 5275 1482 5346 μέν
1505 5279 1675 5342 ὲστιν,
1703 5278 1768 5330 ὲκ

189 5370 284 5424 δύο
316 5371 373 5424 δὲ
402 5371 620 5440 λέγεται
649 5370 768 5442 μὲν,
799 5371 898 5424 οὐκ
925 5368 1073 5422 ἔστιν
1101 5369 1178 5434 δὲ,
1213 5367 1312 5436 τῆς
1347 5366 1634 5437 διαστολῆς
1673 5367 1768 5419 τοῦ

194 5461 389 5533 χρόνου
422 5463 520 5533 τὴν
553 5463 683 5534 μίαν
715 5462 876 5532 φύσιν
895 5461 993 5514 δύο
1013 5459 1274 5528 λέγεσθαι
1306 5457 1591 5529 ποιούσης,
1627 5458 1770 5526 κατά

195 5553 294 5622 τὴν
327 5552 713 5607 πολυποίκιλον
749 5551 940 5620 σοφίαν
969 5550 1230 5620 Σευήρου.
1260 5549 1326 5600 Ei
1364 5547 1420 5600 δὲ
1454 5549 1486 5616 ἠ
1517 5546 1772 5618 διαστολὴ

195 5645 292 5697 τοῦ
327 5661 518 5716 χρόνου
550 5647 650 5716 τὴν
684 5645 813 5715 μίαν
839 5643 1001 5712 φύσιν
1021 5641 1114 5696 δύο
1144 5639 1402 5709 λέγεσθαι
1432 5638 1733 5709 πεποίηκεν
1755 5679 1770 5703 ,

201 5740 235 5810 ή
269 5739 324 5793 δι
347 5740 601 5810 διαστολὴ
644 5739 866 5808 γέγονεν
909 5736 997 5790 διὰ
1028 5735 1123 5806 τὴν
1153 5734 1212 5799 ἐξ
1243 5732 1475 5803 οὐρανοῦ
1506 5731 1730 5787 κάθοδον
1756 5771 1772 5800 ,

1773 3107 1820 3168 C

1829 521 2030 576 retices
2053 521 2240 575 carnis
2267 527 2548 582 naturam,
2575 526 2738 587 atque
2768 516 3047 571 divinitati
3079 531 3187 570 non
3220 533 3403 571 annu-

1830 627 2042 676 meras,
2082 611 2178 666 sed
2219 626 2339 665 eam
2380 610 2568 672 elidis,
2599 618 2655 662 et
2687 608 2924 672 omittis,
2954 607 3060 662 nisi
3098 607 3239 663 forte
3280 624 3402 663 eam

1831 717 2080 757 seorsum
2109 716 2401 765 memores,
2426 701 2505 753 uti
2533 699 2647 754 dixi
2683 713 2851 753 :eum
2885 706 3067 753 autem
3099 699 3406 754 divinitatis

1834 803 2047 848 tantum
2064 807 2317 850 naturam
2344 809 2527 857 vocas,
2555 791 3246 860 illamque,.uteontendis,
3271 801 3407 846 tem-

1831 903 1965 958 pore
2011 887 2338 958 distinguis,
2378 901 2576 940 novam
2628 885 2790 938 nobis
2840 884 3270 955 physiologiam,
3313 896 3412 939 aut

1831 979 2016 1047 potius
2042 979 2448 1048 stultiloquium
2475 977 2778 1046 exeogitas,
2801 974 2933 1041 dum
2959 990 3124 1029 unam
3152 983 3405 1030 naturam

1832 1069 1972 1124 duas
2020 1079 2250 1124 naturas
2294 1083 2485 1123 vocas.
2517 1066 2732 1122 Clarius
2785 1080 2916 1120 sane
2964 1073 3202 1119 mentem
3257 1073 3406 1118 tuam

1831 1161 2222 1230 expressisses,
2256 1161 2491 1230 primam
2536 1159 2772 1212 dicendo
2809 1165 2867 1211 et
2900 1155 3228 1210 secundam.
3261 1155 3408 1208 Duas

1831 1248 2034 1304 Christi
2066 1256 2290 1303 naturas
2323 1245 2573 1301 conﬁteri
2607 1244 2746 1298 duas
2778 1259 2904 1298 cum
2932 1239 3212 1304 nolueris,
3241 1255 3404 1292 unam

1833 1340 1968 1396 duas
2003 1355 2202 1395 vocare
2244 1354 2353 1392 non
2395 1335 2707 1392 erubescisl
2747 1334 2817 1389 At
2857 1333 2989 1387 licet
3025 1339 3109 1385 tot
3145 1330 3410 1386 ﬂexiones

1834 1431 2184 1501 quaesiveris,
2213 1430 2498 1484 veritatem
2535 1428 2764 1484 omnino
2794 1424 3042 1480 devitare
3072 1439 3184 1478 non
3219 1423 3408 1492 potui-

1836 1525 1924 1580 sti.
1957 1523 2093 1578 Nam
2128 1521 2350 1593 quando
2383 1521 2526 1576 dicis
2561 1520 2629 1576 ab
2661 1517 2890 1578 Arianis
2919 1515 3160 1571 humiles
3194 1528 3408 1570 sermo-

1836 1632 1934 1670 nes
1981 1609 2037 1670 et
2077 1608 2924 1670 incarnationiaccommodatos
2969 1605 3035 1662 ad
3060 1606 3408 1660 divinitatem

1838 1707 2065 1773 referri,
2092 1706 2336 1778 probasti
2377 1705 2463 1759 vel
2503 1703 2713 1759 invitus
2749 1700 2874 1756 illos
2911 1714 3023 1754 non
3065 1697 3162 1752 uni
3198 1705 3420 1751 natura:-

1839 1808 2184 1868 competere,
2212 1797 2321 1851 hoc
2355 1803 2440 1849 est
2473 1793 2702 1854 divinae,
2734 1803 2898 1858 quam
2933 1786 3102 1841 solam
3136 1783 3213 1838 ibi
3249 1792 3410 1836 natu-

1842 1906 1959 1944 ram
1985 1904 2189 1944 vocare
2219 1887 2462 1949 conaris,
2489 1882 2663 1939 Eluri
2694 1879 2943 1950 vestigiis
2973 1877 3282 1939 insecutus;
3316 1875 3411 1927 sed

1839 1982 1998 2036 alteri
2057 1997 2224 2043 sane,
2266 1975 2598 2033 humanitati
2649 1969 3085 2027 substantialiter
3127 1981 3254 2021 cum
3302 1966 3412 2019 Deo

1839 2071 2020 2128 Verbo
2070 2071 2259 2128 unitaa.
2305 2068 2447 2136 Quid
2499 2067 2646 2122 enim
2700 2062 2851 2118 aliud
2909 2058 3182 2115 inearnari
3236 2057 3409 2112 Deum

1839 2161 2114 2227 Verbum,
2148 2160 2254 2215 nisi
2295 2174 2424 2214 eum
2470 2157 2526 2211 in
2572 2154 2919 2210 humanitate
2963 2148 3119 2204 ﬁeri?
3164 2145 3320 2213 Quod
3364 2145 3409 2201 si

1841 2253 2145 2308 secundum
2209 2261 2459 2306 naturam
2523 2263 2677 2304 suam
2738 2259 2850 2299 non
2913 2240 3248 2296 conveniunt
3299 2238 3413 2292 Deo

1840 2342 2023 2397 Verbo
2058 2340 2345 2412 passiones
2375 2349 2430 2395 et
2461 2336 2693 2393 humilia
2718 2333 2914 2395 verba,
2947 2346 3078 2386 sane
3109 2327 3412 2384 secundum

1841 2443 2100 2489 naturam
2128 2431 2458 2487 humanitati
2489 2430 2609 2500 ejus
2636 2425 2996 2487 conveniunt,
3024 2431 3080 2476 et
3108 2419 3413 2476 secundum

1844 2522 2242 2579 incarnationis
2271 2519 2743 2590 dispensationem
2778 2515 2880 2585 ipsi
2911 2515 3026 2568 Deo
3053 2511 3259 2576 Verbo,
3287 2510 3417 2564 sub-

1844 2615 2180 2671 stantialiter
2206 2613 2311 2668 sibi
2345 2611 2743 2666 humanitatem
2775 2604 3074 2668 adunanti,
3105 2616 3270 2673 quam
3299 2616 3418 2657 car-

1843 2721 1971 2761 nem
2008 2720 2270 2761 vocamus
2307 2701 2581 2774 spirituali
2619 2699 2802 2755 anima
2836 2697 3164 2756 animatum,
3197 2701 3253 2748 et
3285 2691 3418 2747 sub-

1845 2799 2176 2854 stantialiter
2219 2797 2322 2867 ipsi
2375 2795 2606 2849 unitam.
2646 2791 2736 2847 Sic
2777 2794 2924 2844 enim
2968 2785 3293 2857 impatihilis
3334 2795 3420 2839 est

1844 2887 2099 2943 Christus
2128 2887 2418 2942 divinitate
2436 2926 2450 2951 ,
2478 2895 2534 2939 et
2559 2882 2802 2955 patibilis
2834 2895 2998 2936 carne
3027 2880 3129 2951 ipsi
3160 2877 3421 2934 substan-

1849 2982 2050 3038 tialiter
2078 2984 2248 3038 unita.

1919 3159 2058 3227 Quid
2093 3169 2276 3213 autem
2332 3160 2566 3214 Arianos
2622 3155 2953 3211 insectaris?
2996 3153 3114 3209 Non
3163 3153 3310 3221 enim
3343 3154 3465 3209 illi"

1849 3254 2035 3309 carnis
2083 3253 2387 3322 passiones,
2445 3251 2551 3305 hoc
2601 3259 2708 3314 est,
2763 3261 2987 3304 crucem
3036 3253 3092 3300 et
3131 3244 3337 3316 plagas,
3367 3254 3427 3300 et

1851 3343 2133 3396 clavorum
2181 3343 2434 3408 vulnera,
2486 3351 2542 3396 et
2586 3349 2821 3395 mortem
2853 3353 2884 3393 a
2915 3336 3204 3392 divinitate
3256 3335 3430 3391 fuisse

1853 3441 2078 3503 accepta
2130 3443 2260 3489 ante
2313 3431 2780 3495 incarnationem,
2831 3428 2927 3484 sed
2976 3443 3158 3498 neque
3193 3437 3318 3498 post
3341 3426 3427 3481 in-

1854 3527 2233 3581 carnationem
2279 3532 2670 3585 asseruerunt;
2714 3522 2809 3577 sed
2837 3536 2902 3576 ea
2930 3535 3052 3589 qua:
3081 3529 3279 3574 natura
3308 3517 3427 3572 ani-

1855 3633 1956 3672 mae
2009 3616 2369 3679 conveniunt,
2427 3615 2673 3669 dolorem
2701 3613 2914 3667 scilicet
2961 3620 3018 3666 et
3069 3610 3344 3681 agoniam,
3373 3616 3431 3663 et

1849 3695 2055 3761 caetera
2106 3707 2336 3776 hujusce
2363 3704 2606 3776 generis.
2658 3700 2888 3772 ln'quos
2927 3700 3177 3754 intentus
3200 3699 3424 3767 Amphi-
3471 3728 3474 3730 —

1849 3798 2092 3863 lochius,
2147 3797 2434 3867 passiones
2478 3803 2534 3851 et
2591 3795 2831 3849 humiles
2883 3805 3170 3848 sermones
3219 3798 3440 3845 naturas»

1858 3888 2041 3942 carnis
2100 3887 2187 3941 vel
2263 3885 2626 3941 humanitatis
2677 3883 2908 3946 tribuit,
2978 3883 3241 3937 miracula
3298 3897 3430 3935 vero

1858 3986 2071 4033 natura:
2114 3975 2441 4030 divinitatis.
2485 3975 2620 4029 Istas
2659 3974 2736 4028 ait
2771 3988 2829 4028 se
2877 3972 3216 4042 distinguere
3270 3980 3431 4026 natu—

1860 4083 1981 4132 ras;
2013 4082 2126 4121 non
2159 4081 2292 4121 vero
2324 4075 2554 4119 naturas
2604 4078 2768 4118 unam
2820 4077 2942 4117 esse
2984 4071 3237 4116 naturam
3265 4076 3432 4116 exco-

1859 4157 2057 4228 gitavit
2094 4156 2534 4226 Amphilochius,
2587 4169 2770 4224 neque
2830 4153 2973 4208 alius
3013 4151 3139 4221 quis
3169 4151 3433 4206 orthodo-

1862 4263 2059 4303 xorum
2137 4248 2382 4302 Patrum.
2429 4245 2673 4302 Severus
2741 4253 2927 4299 autem
2988 4241 3142 4297 illum
3185 4251 3435 4312 tempora

1861 4338 1941 4393 ait
1993 4337 2358 4407 distinguere,
2415 4343 2472 4391 et
2515 4335 2592 4390 ita
2659 4334 2826 4388 simul
2875 4348 3041 4387 unam
3088 4341 3342 4387 naturain
3381 4334 3448 4388 in‘

1409 4421 1678 4526 Σευῆροξ,
1731 4455 1760 4508 ὁ
1788 4447 1838 4508 υ
1863 4427 2002 4484 duas
2043 4427 2366 4526 discernere
2422 4435 2478 4480 et
2522 4423 2866 4526 distinguere
2913 4431 3158 4526 naturas.
3192 4423 3262 4477 At
3291 4421 3442 4477 solus

1872 4529 1927 4575 tu
1962 4520 2068 4574 hoc
2089 4517 2247 4584 facis,
2283 4517 2509 4582 Severe,
2538 4524 2590 4572 et
2628 4515 2875 4570 fautores
2905 4513 3008 4580 tui,
3038 4513 3132 4584 qui
3157 4513 3439 4584 prepriam

1869 4618 1942 4674 ob
1986 4629 2210 4672 causam
2237 4614 2439 4670 bonam
2490 4610 2655 4666 ﬁdem
2700 4607 2929 4674 evertis,
2957 4616 3014 4662 et
3045 4603 3441 4676 praestigiosam

1870 4718 2020 4765 tuam
2053 4705 2456 4779 physiologiam
2487 4704 2574 4760 vel
2601 4701 2787 4773 potius
2831 4705 3214 4771 portentosam
3239 4693 3438 4751 doctri-

1869 4817 1997 4857 nam
2051 4816 2148 4856 eos
2191 4800 2357 4856 doces
2381 4797 2476 4868 qui
2503 4811 2534 4851 a
2560 4795 2792 4850 veritate
2814 4791 3002 4848 reduci
3034 4789 3253 4844 volunt.

1941 4893 2023 4948 Ad
2072 4893 2418 4964 propositum
2464 4886 2673 4943 reversi
2720 4885 2839 4939 haec
2897 4881 3286 4939 contendimus
3325 4893 3342 4931 :
3397 4879 3443 4932 si

1871 4993 2098 5055 propter
2130 4981 2502 5038 differentiam
2555 4987 2864 5046 temporum
2926 4989 3035 5028 una
3085 4979 3281 5026 natura
3326 4969 3447 5024 dua:

1873 5078 2102 5139 dicitur,
2153 5091 2264 5129 non
2315 5080 2527 5137 autem,
2571 5079 2800 5140 propter
2848 5066 3112 5120 unionem
3145 5059 3345 5116 divinae
3391 5065 3448 5113 et

1873 5171 2132 5225 humana:
2165 5174 2400 5229 naturae,
2450 5162 2573 5217 duae
2618 5168 2830 5215 natura:
2849 5165 2937 5213 est
2961 5154 3234 5216 Christus,
3267 5166 3448 5220 neque

1874 5277 1942 5316 ex
1977 5259 2194 5313 duabus
2220 5256 2437 5310 naturis
2480 5261 2564 5308 est
2587 5250 2864 5308 Christus.
2891 5248 3024 5303 Nam
3076 5261 3146 5299 ex
3201 5257 3310 5298 una
3340 5249 3448 5304 est,

1876 5368 1943 5408 ex
1987 5351 2205 5405 duabus
2245 5362 2377 5402 vero
2407 5344 2634 5408 dicitur,
2668 5342 2800 5397 licet
2828 5356 2939 5394 non
2967 5338 3059 5403 sit,
3111 5334 3238 5405 quia
3284 5346 3450 5386 unam

1878 5453 2136 5500 naturam
2171 5443 2310 5498 duas
2337 5452 2537 5494 vocare
2580 5432 2895 5489 differentia
2943 5440 3250 5498 temporum
3268 5423 3451 5495 jubet,

1876 5543 2031 5612 juxta
2069 5535 2468 5592 multiformem
2499 5528 2687 5584 Severi
2731 5524 3096 5595 sapientiam;
3134 5530 3190 5575 at
3219 5519 3265 5575 si
3295 5515 3453 5572 diffe-

1883 5611 2061 5688 rentia
2094 5639 2403 5699 temporum
2443 5639 2606 5678 unatn
2639 5628 2894 5676 naturam
2948 5616 3086 5671 duas
3135 5625 3333 5669 vocare
3363 5611 3456 5681 ju-

1884 5730 2030 5797 beat,
2062 5728 2181 5800 ipsa
2218 5741 2350 5783 vero
2377 5723 2493 5778 haec
2527 5715 2842 5776 differentia
2869 5730 2938 5772 ex
2969 5728 3036 5770 eo
3063 5711 3134 5768 sit
3160 5715 3280 5767 orta
3307 5703 3455 5779 quod
