3958 6288
474 214 578 280 919

1737 202 2144 273 EUSTATIIII
2173 194 2517 261 MONACHI

3663 196 3769 263 920

471 302 541 366 de
575 311 717 366 caelo
749 308 1120 372 descenderit,
1147 315 1199 363 et
1235 306 1303 360 ad
1329 322 1430 362 nos
1451 306 1672 362 venerit
1702 321 1806 360 una
1830 313 2046 370 natura,

2159 303 2243 355 καὶ
2272 301 2411 372 πρὸς
2433 302 2585 372 ἡμᾶς
2620 301 2918 373 ἐπιδημίαν
2937 302 3039 371 τῆς
3072 302 3202 373 μιᾶς
3224 303 3442 369 φύσεως
3472 339 3489 362 ,
3520 299 3643 369 ἄρα
3689 317 3753 367 γε

472 419 601 461 cum
648 403 844 459 eadem
897 402 1125 473 spiritus
1183 403 1239 456 in
1280 401 1496 456 inferos
1543 399 1765 464 adierit,
1813 410 1927 455 tres
1965 397 2050 451 di—

474 499 648 555 cenda
690 499 801 554 erit
844 512 953 551 una
1006 505 1245 555 natura;
1282 497 1394 551 imo
1435 510 1605 563 super
1655 509 1850 550 omnes
1877 492 2050 548 caelos

473 606 670 647 rursus
695 590 907 646 elevata
932 604 1119 644 coram
1150 589 1263 643 Deo
1293 587 1549 657 splendet
1568 603 1583 641 :
1602 593 1841 656 quatuor
1879 585 2051 654 igitur

471 689 686 736 natura:
708 687 896 733 erunt.
927 678 1045 745 Qua
1065 678 1134 733 de
1163 693 1327 733 causa
1357 693 1467 732 non
1492 678 1670 732 solum
1695 675 2051 745 exquiremus

471 790 595 844 qua:
623 781 821 827 natura
866 772 965 827 Dei
991 788 1158 828 carne
1202 771 1479 836 carentis,
1513 780 1570 826 et
1594 784 1717 841 qua:
1752 767 2047 831 incarnati,

472 864 570 920 sed
611 864 781 919 etiam
832 879 956 934 quae
1001 862 1230 918 animati
1280 870 1496 918 tantum
1542 863 1641 917 Dei
1668 863 1815 934 (nam
1843 860 2052 929 absque

471 971 639 1012 carne
668 957 904 1012 infernis
928 956 1111 1026 adiit),
1138 964 1196 1010 et
1227 970 1349 1026 quae
1364 963 1565 1011 natura
1584 955 1704 1020 Dei,
1738 969 1904 1010 carne
1926 953 2052 1022 qui—

472 1046 600 1102 dem
649 1047 943 1112 instructa,
998 1047 1095 1103 sed
1150 1047 1563 1118 incorruptibili
1596 1056 1653 1103 et
1709 1044 2052 1102 immortali?

473 1155 600 1194 nam
643 1139 712 1194 ad
754 1140 888 1195 istas
920 1139 1157 1209 ineptias
1187 1138 1416 1194 deducit
1464 1155 1566 1195 nos
1606 1147 1917 1194 monstrosa
1949 1136 2053 1191 do-

473 1232 650 1286 ctrina
685 1230 899 1286 Severi.

541 1406 736 1476 Neque
787 1405 892 1461 hoc
940 1406 1333 1471 omittendum,
1384 1406 1533 1477 quod
1565 1407 1622 1463 in
1649 1407 1795 1462 libro
1827 1407 2053 1463 Amator

473 1496 585 1548 veri
636 1494 906 1564 inscripto
954 1494 1095 1549 dixit
1148 1511 1163 1549 :
1222 1513 1241 1546 r
1294 1496 1507 1551 Vanum
1546 1505 1634 1552 est
1680 1512 1932 1567 quaerere
1982 1496 2052 1551 de

2150 392 2569 465 ἐπιδημησάσης
2592 393 2763 463 αὐτῆς
2788 395 2903 459 τοῖς
2930 396 2989 448 ἐν
3016 393 3234 464 φυλακῇ
3262 391 3570 461 πνεύμασι,
3590 395 3753 463 τρεῖς

2152 486 2346 557 φύσεις
2382 484 2771 557 λεχθήσεταιὴ
2823 486 2923 556 μία
2959 486 3144 555 φύσις.
3178 487 3289 540 Καὶ
3330 486 3497 540 πάλιν
3532 483 3751 547 ἀναϐὰς

2153 576 2410 648 ὑπεράνω
2464 576 2684 629 πάντων
2735 576 2841 630 τῶν
2886 577 3155 649 οὐρανῶν,
3213 578 3627 649 ἐμφανισθῆναι
3671 576 3750 647 τῷ

2152 670 2430 742 προσώπῳ
2455 669 2552 724 τοῦ
2585 670 2746 736 Θεοῦ,
2782 670 3050 741 τέσσαρες
3077 670 3270 740 φύσεις
3294 669 3471 724 ἔσται.
3505 670 3622 722 Kal
3659 669 3748 721 διὰ

2151 761 2311 816 τοῦτο
2334 763 2395 815 οὐ
2441 761 2602 833 μόνον
2622 764 2972 832 ἐρωτήσομεν
2999 761 3084 824 τίς
3125 760 3287 830 φύσις
3309 760 3561 830 ἀσάρκου
3581 759 3743 825 Θεοῦ,

2153 859 2247 912 καὶ
2296 857 2379 920 τίς
2408 855 2834 927 σεσαρκωμένου
2857 894 2873 919 ,
2902 853 3040 907 ἀλλά
3065 853 3162 907 καὶ
3182 852 3266 915 τίς
3304 851 3468 920 φύσις
3489 850 3741 921 ἐμψύχου

2158 948 2317 1019 μόνον
2343 946 2480 1001 Θεοῦ
2504 964 2520 980 ·
2546 946 2789 1018 ἄσαρκος
2818 946 2925 1017 γάρ
2954 944 3303 1014 ἐπεδήμησεν
3333 946 3449 1006 τοῖς
3472 945 3534 996 ἐν
3569 942 3700 1013 ᾅδου
3726 959 3742 973 ο

2154 1041 2248 1095 καὶ
2296 1040 2381 1104 τίς
2431 1041 2594 1109 φύσις
2640 1039 2801 1104 Θεοῦ,
2854 1037 3279 1109 σεσαρκωμένου
3317 1037 3437 1106 μὲν,
3484 1034 3655 1105 aapxl
3688 1031 3742 1085 δὲ

2153 1130 2418 1204 ἀφθάρτῳ
2469 1132 2563 1185 καὶ
2595 1132 2885 1202 ἀθανάτῳ·
2932 1132 3013 1194 είς
3043 1128 3250 1199 ταύτην
3296 1127 3406 1198 γὰρ
3439 1127 3541 1198 τὴν
3582 1126 3745 1194 φλυαο

2156 1222 2280 1294 ρίαν
2304 1222 2532 1294 ποδηγεί
2563 1222 2712 1293 ἡμᾶς
2753 1221 2823 1275 τὰ
2853 1221 3242 1293 τερατόμορφα
3287 1217 3543 1289 δόγματα
3569 1217 3741 1288 Σευη-

2158 1332 2278 1385 ρου.

2227 1407 2337 1462 Kal
2373 1406 2532 1460 τοῦτο
2561 1406 2619 1460 δὲ
2671 1406 2880 1468 ἰστέον,
2911 1404 2995 1458 δτι
3023 1405 3083 1459 ἐν
3103 1402 3181 1475 τῷ
3225 1403 3559 1468 Φιλαλήθει
3595 1401 3743 1470 είρη-

2154 1496 2268 1560 κώς
2297 1513 2311 1528 ο
2373 1515 2392 1549 ι
2441 1498 2693 1551 Μάταιον
2737 1496 2797 1550 τὸ
2838 1496 3128 1568 ἐπερωτᾷν
3177 1494 3273 1548 ἐπὶ
3315 1491 3575 1563 Χριστοῦ
3614 1491 3742 1545 ποία

474 1585 700 1641 Christo
735 1587 916 1657 qualis
947 1595 1175 1655 natura;
1230 1588 1337 1644 hoc
1364 1589 1515 1644 enim
1544 1590 1624 1644 nil
1652 1589 1802 1644 aliud
1830 1598 1917 1645 est
1944 1588 2052 1644 nisi

2159 1583 2319 1661 φύσις
2338 1606 2351 1621 ·
2383 1589 2540 1644 τοῦτο
2567 1589 2677 1661 γὰρ
2711 1589 2866 1643 οὐδὲν
2890 1587 3077 1656 ἕτερόν
3107 1589 3288 1652 ἐστιν,
3323 1586 3359 1658 ἢ
3391 1585 3609 1656 κυρίως
3646 1583 3738 1636 λῦ-

474 1694 735 1750 expresse
787 1681 1002 1737 solvere
1047 1681 1332 1736 unionem.
1372 1699 1391 1734 ι
1428 1681 1528 1737 Hic
1568 1689 1758 1736 monet
1780 1697 1885 1737 nos
1908 1680 2048 1752 ipse,

2159 1655 2245 1736 σαι
2271 1681 2368 1755 τὴν
2414 1655 2689 1735 ἐνωσινοτι
2725 1679 2963 1736 ἐνταῦθα
2992 1678 3231 1744 ἐδίδαξεν
3261 1655 3408 1750 ἡμας
3427 1655 3526 1730 καὶ
3555 1675 3740 1739 αὐτὸς,

476 1779 537 1826 ιιι
566 1787 706 1841 papa
732 1770 844 1827 Leo
876 1772 976 1843 (5),
1024 1771 1218 1828 dicens
1242 1788 1366 1843 quae
1397 1788 1462 1828 ac
1491 1789 1633 1843 quae,
1657 1781 1719 1827 ut
1744 1784 2055 1843 quaeramus

474 1861 657 1933 qualis
684 1870 885 1917 natura
919 1862 977 1916 in
1016 1863 1199 1919 erucis
1234 1863 1386 1935 ligno
1417 1863 1769 1935 pependerit.
1812 1863 2057 1918 Interro-

475 1955 687 2026 gahunt
731 1955 934 2024 quibus
984 1955 1234 2020 libuerit,
1277 1956 1404 2026 quis
1451 1964 1706 2011 mortuus
1760 1956 1853 2021 sit,
1908 1955 2056 2010 Deus

476 2061 642 2102 carne
687 2045 1014 2115 destitutus,
1050 2063 1118 2102 an
1150 2049 1298 2104 Deus
1328 2047 1700 2104 incarnatus?
1743 2046 1881 2114 Quis
1931 2046 2054 2101 ani-

476 2154 594 2195 mas
634 2139 693 2193 in
737 2139 974 2195 infernis
996 2140 1269 2208 docuerit,
1294 2141 1440 2196 Deus
1472 2141 1794 2197 incarnatus
1832 2155 1902 2194 an
1933 2139 2055 2194 ani-

477 2231 709 2285 matus?
743 2230 880 2297 Quis
920 2231 1130 2301 angelis
1158 2231 1516 2300 apparuerit?
1549 2231 1646 2286 His
1675 2230 1935 2286 omnibus
1967 2229 2054 2283 in—

474 2322 699 2376 venitur
731 2320 974 2376 Severus
996 2337 1110 2375 non
1136 2322 1318 2377 solum
1347 2322 1609 2377 Patribus
1650 2336 1921 2392 pugnans,
1958 2321 2056 2377 sed

475 2411 829 2482 sibimetipsi.
883 2411 1119 2478 Quando
1181 2412 1329 2467 enim
1400 2413 1538 2477 vult,
1585 2427 1751 2467 unam
1796 2421 2054 2468 naturam

476 2502 699 2566 dividit,
756 2501 1007 2572 duasque
1059 2510 1290 2558 naturas
1346 2513 1405 2559 et
1450 2504 1581 2559 facit
1628 2514 1684 2559 et
1736 2505 1907 2572 dicit;
1956 2505 2055 2579 ubi

475 2607 613 2648 vero
645 2593 697 2648 ei
728 2592 980 2658 libuerit,
1027 2600 1257 2663 propter
1285 2594 1544 2649 unionem
1577 2595 1715 2650 duas
1747 2611 1911 2650 unam
1939 2593 2056 2650 elli-

475 2684 555 2740 cit
590 2693 647 2740 et
681 2691 880 2739 vocat:
917 2693 1082 2755 atque
1113 2686 1229 2741 haec
1252 2687 1656 2744 sexcentesimo
1697 2703 1869 2759 prope
1908 2702 2055 2743 anno

475 2783 601 2844 post
678 2776 941 2831 unionem
971 2817 985 2841 ,
1023 2776 1162 2832 duas
1207 2777 1685 2848 subsistentesque
1728 2789 1957 2834 naturas
1995 2778 2055 2834 in

475 2862 700 2921 Christo
737 2867 980 2938 cogitare
1027 2866 1319 2923 conﬁtens.
1347 2870 1427 2924 Ac
1469 2886 1666 2927 rursus
1694 2886 1791 2927 eos
1825 2870 2053 2925 anathe-

2152 1774 2229 1839 ὡς
2263 1777 2292 1828 6
2324 1775 2515 1838 πάπας
2547 1773 2731 1838 Λέων,
2759 1772 2847 1826 διὰ
2906 1771 3003 1825 τοῦ
3036 1773 3212 1825 εἰπεῖν
3255 1770 3342 1833 τίς
3374 1769 3472 1822 καὶ
3502 1768 3616 1833 τίς,
3643 1768 3742 1819 ἐπ-

2154 1867 2364 1937 ερωτᾷν
2390 1864 2519 1918 ποία
2538 1863 2701 1933 φύσις
2729 1863 2787 1916 ἐν
2814 1860 2910 1914 τοῦ
2936 1859 3170 1932 σταυροῦ
3196 1859 3340 1930 ξύλῳ
3367 1857 3739 1928 ηκρέμαπα

2155 1957 2555 2027 Ἐρωτήσουσιν
2584 1955 2640 2008 δέ
2687 1956 2737 2008 οἱ
2772 1954 3090 2025 βουλόμενοι
3116 1954 3211 2008 καὶ
3250 1952 3337 2015 τίς
3369 1954 3398 2005 6
3427 1948 3740 2013 ἀποθανὼν,

2154 2052 2182 2105 6
2207 2050 2448 2120 ἄσαρκος
2468 2047 2621 2113 Θεὸς,
2652 2047 2686 2120 ἢ
2713 2049 2742 2100 6
2768 2045 3191 2116 σεσαρκωμὲνος
3215 2062 3231 2111 ;
3255 2044 3350 2098 καὶ
3372 2043 3458 2107 τίς
3483 2045 3514 2096 ό
3542 2059 3743 2111 πορευ-

2156 2142 2273 2206 θεὶς
2300 2140 2535 2214 κηρύξαι
2572 2137 2684 2202 τοῖς
2735 2139 2794 2191 ἐν
2825 2138 2977 2210 ᾅδου,
2999 2140 3028 2191 6
3063 2135 3488 2207 σεσαρκωμένος
3518 2134 3677 2198 Θεὸς,
3708 2132 3741 2203 ἢ

2155 2236 2182 2287 6
2213 2233 2485 2304 ἔμψυχοςς
2525 2230 2621 2285 καὶ
2646 2229 2730 2293 τίς
2760 2231 2789 2283 6
2812 2228 2997 2298 ὀφθεὶς
3028 2232 3141 2292 τοῖς
3166 2228 3452 2297 ἀγγέλοις;
3488 2226 3580 2279 διά
3606 2227 3741 2279 πάνο

2155 2341 2263 2377 των
2280 2322 2393 2376 τῶν
2414 2320 2720 2393 εἰρημένων
2742 2320 3060 2387 εὑρίσκεται
3078 2319 3319 2389 Σευῆρος
3343 2318 3405 2371 οὐ
3434 2316 3601 2386 μόνον
3630 2318 3739 2379 τοῖς

2157 2417 2441 2488 Πατράσιν
2470 2413 2887 2484 ἐναντιούμενος
2906 2454 2921 2479 ,
2959 2412 3096 2466 ἀλλὰ
3132 2411 3229 2465 καὶ
3260 2409 3440 2480 ἐαυτῷ
3467 2409 3738 2479 ἀσύμφωο

2156 2526 2266 2573 νος.
2313 2508 2443 2561 Ὅτε
2487 2508 2586 2578 μὲν
2619 2505 2727 2577 γὰρ
2767 2505 3038 2577 βούλεται,
3087 2506 3188 2574 τὴν
3239 2504 3368 2573 μίαν
3409 2501 3739 2555 διαστέλλων

2157 2598 2342 2668 φύσιν,
2372 2597 2466 2650 δύο
2495 2597 2686 2667 φύσεις
2711 2595 2805 2649 καὶ
2845 2598 2991 2650 ποιεῖ
3017 2595 3115 2649 καὶ
3141 2594 3292 2662 λέγει
3313 2610 3329 2625 θ
3353 2594 3486 2647 ὅταν
3520 2591 3579 2645 δέ
3608 2592 3737 2661 δοκῇ

2155 2688 2325 2759 αὐτῷ,
2352 2688 2441 2743 διά
2465 2688 2565 2760 τὴν
2590 2687 2804 2753 ἐνωσιν,
2831 2688 2931 2750 τὰς
2954 2685 3048 2741 δύο
3075 2685 3206 2755 μίαν
3230 2685 3489 2739 ἀποτελεῖ
3513 2683 3611 2739 καὶ
3628 2685 3739 2736 ὀνο-

2158 2777 2358 2849 μάζει·
2404 2778 2499 2833 καὶ
2540 2775 2714 2830 ταῦτα
2741 2778 2770 2829 6
2796 2774 2938 2846 μετὰ
2969 2773 3229 2839 ἑξακόσια
3277 2772 3467 2844 σχεδὸν
3513 2774 3609 2843 ἐτη
3646 2768 3739 2836 τῆς

2156 2867 2423 2933 ἐνώσεως,
2447 2866 2540 2920 δύο
2557 2865 2749 2936 φύσεις
2768 2864 3049 2935 ὁμολογῶν
3072 2865 3299 2919 σκοπεῖν
3316 2866 3375 2917 ὲν
3393 2861 3474 2932 τῷ
3491 2858 3735 2932 Χριστῷ,

478 2955 710 3011 matizas
752 2957 849 3026 qui
903 2967 1030 3027 post
1077 2958 1342 3014 unionem
1391 2959 1530 3017 duas
1561 2960 1777 3016 dicunt.
1814 2960 1973 3028 Quod
2004 2960 2049 3015 si

2159 2962 2250 3016 καὶ
2293 2959 2498 3024 ταύτας
2539 2958 2931 3030 ὑφισταμένας.
2962 2958 3074 3012 Kal
3118 2957 3282 3031 πάλιν
3322 2952 3738 3023 ἀναθεματίζων

474 3056 602 3117 post
625 3048 886 3104 unionem
924 3049 1047 3105 duae
1088 3058 1303 3106 naturae
1346 3067 1512 3107 unam
1557 3052 1889 3117 effecerunt,
1917 3067 2055 3122 quo-

474 3133 641 3193 modo
689 3139 808 3210 ipse
844 3138 925 3194 tot
953 3140 1115 3195 annis
1141 3148 1267 3209 post
1305 3141 1589 3209 unionem,
1632 3142 1774 3198 duas
1803 3143 1860 3198 in
1887 3142 2054 3198 Chri-

475 3238 563 3285 sto
591 3238 819 3286 naturas
864 3231 1108 3301 cogitat?
1138 3231 1270 3298 Qum
1300 3241 1486 3288 autem
1522 3235 1727 3305 cogitat
1751 3244 1809 3290 et
1832 3235 1969 3290 dicit
1999 3243 2056 3291 et

474 3320 692 3383 scribit,
738 3321 1019 3390 quomodo
1050 3336 1247 3378 rursus
1282 3325 1488 3394 negat?
1532 3326 1604 3382 Ut
1626 3327 2055 3398 praestigiatores

475 3407 840 3477 quicalculos
868 3423 1000 3464 suos
1027 3410 1189 3465 simul
1234 3411 1535 3469 ostendunt
1559 3424 1617 3470 et
1643 3416 1945 3483 occultant,
1977 3417 2055 3474 ita

475 3512 650 3568 prope
679 3499 797 3568 ipse
836 3498 999 3554 simul
1039 3500 1337 3556 conﬁtetur
1371 3502 1531 3571 duas,
1564 3506 1844 3579 simulque
1865 3516 2051 3581 negat,

477 3588 617 3644 duas
683 3589 740 3645 in
802 3605 969 3646 unam
1019 3593 1378 3671 contrahens.
1421 3596 1600 3653 Abeat
1656 3600 1882 3656 mobilis
1947 3602 2053 3658 ista

479 3683 663 3737 mens!
693 3682 818 3738 Noli
855 3683 1112 3740 conﬁteri
1146 3701 1269 3756 quae
1312 3703 1501 3760 negas,
1537 3700 1637 3747 aut
1674 3708 1879 3764 negare
1930 3710 2053 3764 qua
2093 3740 2102 3748 .

478 3774 778 3832 conﬁteris.

548 3958 698 4014 Alios
723 3973 945 4029 quoque
988 3974 1054 4014 ex
1098 3959 1333 4017 diversis
1366 3963 1488 4033 ejus
1522 3958 1848 4021 tractatibus
1898 3966 2051 4023 locos

475 4050 802 4120 producam,
847 4050 1053 4120 quibus
1097 4053 1411 4109 accuratius
1448 4065 1710 4125 appareat
1741 4056 1970 4128 ineptia,
1994 4068 2052 4114 et

475 4140 800 4211 depravatio
852 4140 1117 4208 hominis,
1153 4153 1348 4213 sponte
1378 4155 1435 4201 et
1466 4161 1535 4201 ex
1579 4146 1858 4204 destinato
1898 4136 2049 4205 veri-

476 4233 575 4287 tati
607 4233 989 4305 repugnantis.
1035 4233 1244 4289 Scribit
1283 4236 1338 4290 in
1367 4236 1513 4292 libro
1552 4237 1821 4296 adversus
1851 4242 2049 4297 Gram-

2156 3053 2286 3118 τοὺς
2314 3052 2407 3107 δύο
2438 3052 2697 3122 λέγοντας
2726 3051 2864 3122 μετά
2887 3051 2988 3122 τὴν
3018 3050 3236 3105 ἕνωσιν.
3264 3050 3328 3104 Εἰ
3358 3047 3452 3103 διά
3482 3046 3587 3119 τὴν
3608 3048 3736 3101 ἐνω-

2159 3162 2245 3200 σιν
2273 3147 2328 3199 αί
2360 3143 2455 3199 δύο
2495 3144 2594 3214 μία
2623 3144 2940 3214 γεγόνασιν,
2971 3142 3090 3207 πῶς
3126 3143 3292 3206 αὐτὸς
3323 3141 3467 3212 μετά
3499 3138 3735 3195 τοσαῦτα

2158 3238 2256 3309 ἔτη
2283 3237 2382 3306 τῆς
2411 3234 2677 3305 ἐνὼσεως,
2705 3236 2799 3290 δύο
2836 3235 3027 3307 φύσεις
3061 3236 3255 3288 σκοπεῖ
3285 3235 3342 3288 ἐν
3378 3235 3459 3303 τῷ
3481 3232 3733 3303 Χριστῷς

2167 3332 2235 3383 ’Λ
2271 3328 2328 3383 δὲ
2364 3330 2558 3382 σκοπεῖ
2584 3328 2680 3381 κα)⁵
2727 3327 2878 3396 λέγει
2906 3327 3001 3381 καὶ
3040 3328 3265 3398 γράφει,
3299 3324 3419 3388 πῶς
3454 3326 3732 3396 άρνεῖται;

2161 3420 2274 3474 Kal
2315 3418 2570 3490 καθάπερ
2603 3419 2654 3472 οἱ
2703 3418 3083 3489 ψηφοπαῖκται
3125 3417 3242 3486 ἃμα
3291 3417 3389 3487 μὲν
3434 3415 3736 3469 δεικνύουσι

2158 3513 2259 3576 τὰς
2283 3511 2517 3583 ψήφους,
2567 3509 2685 3580 ἅμα
2722 3509 2780 3562 δὲ
2809 3511 3136 3579 ἀφανίζουσι
3171 3508 3377 3573 ταύτας
3405 3522 3421 3538 ·
3452 3507 3738 3578 παραπλη·

2164 3604 2297 3667 σίως
2342 3602 2439 3656 καὶ
2465 3600 2628 3664 αὐτὸς
2656 3599 2772 3670 ἅμα
2807 3600 2906 3671 μὲν
2931 3599 3188 3669 ὁμολογεῖ
3204 3599 3300 3653 δύο
3336 3600 3585 3664 σκοπεῖν,
3625 3597 3738 3666 ἅμα

2162 3697 2219 3753 δὲ
2260 3696 2528 3768 ἀρνεῖται,
2559 3692 2660 3757 τὰς
2687 3691 2783 3747 δύο
2835 3694 2916 3756 είς
2962 3692 3091 3763 μίαν
3125 3692 3491 3760 συναλείφων,
3525 3690 3739 3755 ’Δπαγε

2160 3791 2260 3860 τῆς
2293 3789 2529 3843 ἀστάτου
2587 3786 2845 3856 γνὼμηςί
2881 3784 3014 3838 Δέον
3057 3784 3092 3857 ἢ
3139 3785 3216 3856 μὴ
3267 3784 3555 3854 ὁμολογεῖν
3601 3785 3741 3851 άπερ

2162 3882 2423 3961 ἀρνεῖται,
2455 3879 2488 3949 ἢ
2536 3878 2612 3950 μὴ
2642 3878 2922 3948 ἀρνεῖσθαι
2946 3878 3091 3948 άπερ
3112 3877 3385 3947 ὁμολογεῖ.

2234 3970 2633 4042 Παραθήσομαι
2681 3968 2738 4022 δὲ
2768 3969 2862 4022 καὶ
2891 3969 3084 4039 ἑτέρας
3108 3969 3337 4038 χρήσεις
3365 3968 3430 4021 ἐκ
3467 3967 3741 4036 διαφόρων

2159 4062 2323 4118 αὐτοῦ
2355 4060 2772 4130 συνταγμάτων,
2802 4060 2872 4114 δι’
2899 4053 2974 4114 ὧν
3003 4060 3396 4131 ἀκριϐέστερον
3420 4058 3731 4111 τδάλλόκο·

2157 4173 2249 4210 τον
2277 4155 2373 4209 καὶ
2400 4151 2862 4223 ἐθελοκακοῦργον
2888 4150 3365 4224 ἐπιγνωσθήσεται
3396 4151 3495 4204 τοῦ
3526 4152 3737 4223 ἀνδρὸς,

2161 4249 2222 4302 ἐν
2247 4248 2446 4315 γνώσει
2480 4250 2793 4317 μαχομένου
2814 4247 2882 4317 τῇ
2911 4243 3162 4317 ἀληθείᾳ.
3185 4244 3391 4315 Γράφει
3412 4245 3473 4297 ἐν
3490 4243 3573 4312 τῷ
3604 4243 3741 4297 κατά

472 4324 733 4380 maticum
766 4342 781 4379 :
826 4343 846 4376 ι
880 4324 1216 4395 Diﬁ'erentiae
1241 4329 1596 4399 coniungitur
1644 4332 1890 4387 omnium
1936 4334 2053 4390 dis-

2160 4340 2253 4394 τοῦ
2281 4335 2675 4410 Γραμματικοῦ
2705 4335 2893 4408 βιϐλίῳ
2914 4353 2928 4366 ο
2965 4354 2986 4387 ι
3019 4337 3098 4408 Τῇ
3126 4336 3362 4409 διαφορᾷ
3383 4336 3738 4399 συνέζευκται

474 4414 692 4470 tinctio.
732 4433 751 4466 ι
816 4414 1027 4469 Deinde
1055 4415 1281 4471 sibimet
1309 4434 1559 4488 pugnans
1585 4420 1643 4475 in
1670 4422 1779 4477 alio
1803 4425 2051 4495 ejusdem

473 4505 605 4559 libri
653 4505 777 4560 loco
830 4504 949 4559 haec
996 4504 1212 4560 habet:
1254 4526 1272 4558 ι
1309 4506 1447 4563 Cum
1497 4511 1646 4565 enim
1699 4528 1902 4585 corpus
1936 4532 2051 4573 non

472 4605 597 4649 erat
626 4593 894 4660 Verbum,
948 4610 1054 4652 ne:
1087 4595 1266 4666 ipsum
1303 4614 1372 4654 ex
1402 4599 1573 4656 Maria
1606 4618 1813 4675 corpus
1844 4605 2049 4663 factum

473 4694 561 4742 est
583 4685 827 4741 Verbum
853 4701 868 4753 ;
897 4698 1237 4759 quapropter
1282 4706 1314 4746 e
1365 4693 1690 4751 substantiae
1735 4696 2049 4756 diﬁ‘erentia

472 4773 759 4830 derivatur
783 4774 1037 4832 absoluta
1066 4776 1371 4837 distinctio.
1405 4801 1424 4834 ›
1460 4783 1530 4838 Et
1553 4800 1749 4842 rursus
1768 4787 1824 4843 in
1852 4790 2048 4847 eodem

476 4866 619 4923 libro
651 4884 665 4921 :
712 4884 731 4917 ι
762 4866 1091 4925 Emmanuel
1111 4885 1141 4925 e
1164 4870 1382 4927 duabus
1404 4875 1620 4930 naturis
1643 4876 1913 4945 dicentes,
1937 4896 2046 4936 non

472 4956 809 5013 substantias
858 4958 1234 5026 intendimus,
1294 4972 1553 5033 naturas,
1614 4982 1736 5037 quae
1798 4977 2044 5025 mutuam

471 5051 919 5106 communionem
972 5053 1293 5122 praebeant,
1346 5065 1403 5111 et
1466 5059 1670 5116 multas
1731 5061 2053 5132 hypostases

473 5142 966 5212 comprehendant,
1008 5144 1105 5199 sed
1166 5162 1331 5202 unam
1390 5148 1714 5221 hypostasin
1767 5154 1959 5221 Verbi,
1992 5165 2055 5211 et

478 5246 639 5287 rinam
713 5249 936 5290 carnem
1000 5236 1329 5310 intelligenti
1388 5242 1573 5298 anima
1636 5246 1958 5312 animatam,
2019 5262 2051 5302 e

474 5324 681 5392 quibus
731 5327 938 5398 absque
984 5329 1092 5383 ulla
1146 5332 1454 5389 mutatione
1484 5335 1768 5393 confertur
1793 5339 1851 5393 in
1879 5356 2047 5395 unum

472 5420 528 5466 et
550 5418 921 5487 componitur.
950 5418 1049 5475 Est
1074 5421 1240 5478 etiam
1276 5439 1384 5479 una
1418 5433 1617 5481 natura
1659 5437 1716 5483 et
1739 5429 2051 5500 hypostasis

2159 4432 2253 4488 καὶ
2279 4433 2313 4501 ἡ
2360 4429 2504 4485 κατά
2561 4430 2740 4484 πάντα
2765 4428 3049 4499 διαίρεσις.
3081 4449 3102 4482 ι
3138 4425 3274 4483 Εἶτα
3324 4430 3739 4498 ἐναντιούμενκ

2159 4521 2335 4594 ἐαυτῷ
2367 4522 2424 4575 ἐν
2459 4520 2632 4593 ἑτέρῳ
2657 4521 2807 4593 τόπῳ
2834 4521 2928 4574 τοῦ
2955 4521 3119 4575 αὑτοῦ
3153 4520 3359 4591 βιϐλίου
3387 4521 3571 4590 λέγει·
3612 4540 3631 4571 ι
3663 4519 3736 4574 Οὐ

2157 4613 2267 4686 γὰρ
2310 4612 2499 4684 ἐπειδὴ
2556 4614 2716 4683 σῶμα
2744 4614 2847 4666 οὐκ
2873 4608 2941 4683 ἦν
2970 4615 2999 4667 6
3032 4613 3228 4681 Λόγος,
3278 4611 3405 4666 οὔτε
3436 4614 3547 4683 μὴν
3590 4610 3653 4665 τὸ
3674 4612 3739 4663 ἐκ

2157 4704 2378 4776 Μαρίας
2419 4704 2578 4775 σῶμα
2638 4705 3029 4774 μετεφοίτησεν
3079 4703 3174 4758 τοῦ
3218 4699 3361 4757 εἶναι
3400 4703 3607 4771 Λόγος·
3649 4702 3738 4754 διὰ

2155 4796 2316 4852 τοῦτο
2342 4797 2407 4863 δὴ
2427 4800 2493 4868 τῇ
2522 4796 2757 4868 διαφορᾷ
2772 4797 2873 4867 τῆς
2900 4796 3107 4864 οὐσίας,
3133 4796 3491 4868 ἀκολουθήσει
3518 4796 3739 4857 πάντως

2157 4889 2253 4944 καὶ
2305 4891 2338 4960 ἡ
2385 4888 2671 4958 διαίρεσις.
2719 4907 2739 4940 ι
2793 4889 2904 4942 Kal
2931 4889 3094 4942 πάλιν
3125 4888 3183 4940 ἐν
3209 4887 3289 4958 τῷ
3334 4886 3485 4955 αὐτῷ
3542 4885 3733 4956 βιϐλίῳ

2156 4976 2320 5047 φησίν
2352 4993 2368 5009 ο
2403 4996 2421 5028 ι
2471 4976 2662 5046 Ἡμεῖς
2683 4977 2747 5029 ἐκ
2770 4976 2864 5030 δύο
2886 4976 3100 5046 φύσεων
3126 4976 3376 5045 λέγοντες
3401 4975 3494 5031 τὸν
3523 4976 3733 5045 Ἐμμα-

2158 5066 2340 5138 νουήλ,
2375 5068 2478 5121 οὐκ
2503 5068 2690 5131 οὐσίας
2725 5066 2954 5138 νοοῦμεν
2984 5068 3083 5131 τὰς
3125 5066 3339 5135 φύσεις,
3363 5065 3460 5130 τὰς
3489 5066 3594 5135 τῆς
3623 5082 3737 5119 κοιο

2163 5159 2378 5230 ἀότητος
2423 5159 2764 5229 δηλωτικὰς,
2801 5161 2894 5213 καὶ
2933 5158 3144 5211 πολλῶν
3191 5158 3544 5212 ὑποστάσεων
3584 5174 3733 5227 περι-

2155 5247 2403 5315 εκτικὰς,
2434 5250 2573 5303 ἀλλὰ
2597 5250 2695 5320 τὴν
2743 5250 2873 5320 μίαν
2910 5249 3209 5302 ὑπόστασιν
3242 5248 3336 5301 τοῦ
3387 5248 3561 5315 Λόγου
3589 5287 3606 5309 ,
3644 5245 3735 5299 καὶ

2158 5342 2259 5412 τὴν
2317 5342 2446 5411 μίαν
2495 5343 2674 5414 σάρκα
2725 5341 2822 5411 τὴν
2871 5340 3233 5410 ἐψυχωμένην
3276 5339 3501 5410 νοερῶς,
3553 5335 3615 5405 ἐξ
3658 5330 3732 5390 ὧν

2158 5431 2444 5504 ἀτρέπτως
2470 5433 2951 5503 συνενήνεκταιείς
2987 5431 3045 5484 ἓν
3093 5431 3189 5484 καὶ
3221 5429 3579 5485 συντέθειται.
3624 5431 3729 5485 Καὶ

548 5587 620 5654 (5)
655 5588 756 5659 Ep.
780 5590 851 5646 28
872 5591 937 5647 ad
961 5586 1285 5652 Flavianum
1317 5600 1667 5672 episcopum:
1701 5603 1869 5671 «Qua:
1898 5615 2090 5665 natura
2123 5608 2383 5666 transﬁxa
2405 5610 2570 5668 clavis
2598 5609 2924 5681 pependerit
2954 5608 3007 5664 in
3027 5609 3207 5666 crucis
3236 5609 3436 5683 ligno.»
