3958 6288
225 329 325 391 921

1234 330 1594 392 EPISTOLA
1635 329 1731 388 DE
1757 327 2074 389 DUABUS
2115 329 2470 388 NATURIS.

3354 321 3462 384 922

217 445 330 499 ἐστι
360 441 458 514 μία
482 441 642 511 φύσις
667 457 723 494 τε
749 441 841 494 καὶ
870 440 1166 502 ὑπόστασις
1197 442 1229 509 ἠ
1259 440 1351 493 τοῦ
1384 441 1556 506 Λόγου
1589 455 1784 508 σεσαρ-

1890 437 2057 492 Verbi
2104 438 2407 502 incarnati;
2461 445 2517 490 at
2563 452 2674 491 non
2705 433 2849 506 cegit
2892 434 3026 493 illud
3061 447 3163 488 nos
3197 433 3460 489 unionem

217 536 435 606 κωμένη
461 550 476 567 ο
511 536 606 588 καὶ
643 533 742 586 οὐκ
773 534 837 585 ἐκ
863 531 1054 585 τούτου
1086 531 1527 602 περικλειόμεθα,
1562 531 1697 602 πρὸς
1728 532 1788 584 τὸ

216 631 310 682 καὶ
339 629 404 680 ἐκ
433 626 529 681 δύο
555 625 863 698 προσώπων
902 626 1082 691 λέγειν
1111 624 1210 696 τὴν
1243 624 1457 677 Ξνωσιν.
1495 643 1513 674 ι
1566 623 1789 694 Πρῶτον

218 722 391 773 ἐκεῖνο
430 718 666 790 ἐροῦμεν
689 759 702 783 ,
737 718 852 770 Μία
883 719 975 771 καὶ
1002 717 1134 787 μία,
1173 717 1305 787 μίαν
1349 717 1410 769 οὐ
1443 719 1621 778 ποιεῖ,
1655 716 1790 769 ἀλλὰ

216 809 309 864 δύο
330 827 343 840 ·
373 809 480 872 ἕως
517 809 628 878 γὰρ
659 809 788 878 μίαν
809 809 904 862 καὶ⁵
937 809 1068 878 μίαν
1107 807 1321 879 θεωρῇς
1348 808 1444 860 καὶ
1469 807 1634 881 λέγῃς
1655 845 1669 864 .
1697 807 1791 860 δύο

218 901 314 954 καὶ
339 900 563 971 θεωρεῖς
586 902 679 954 καὶ
715 901 913 968 λέγεις.
950 903 1012 956 Εί
1037 902 1095 954 δὲ
1129 901 1272 955 κατά
1301 902 1392 954 τὸν
1419 901 1512 954 σὺν
1537 903 1660 970 ὅρον
1690 901 1790 954 οὐκ

217 993 332 1046 ἐστι
386 992 548 1062 φύσις
598 995 946 1064 ἀπρόσωπος,
1003 995 1123 1058 πῶς
1190 995 1254 1048 ἐκ
1301 993 1394 1048 δύο
1449 994 1668 1062 φύσεων
1714 992 1789 1045 ὢν

215 1085 245 1138 ό
280 1085 512 1156 Χριστὸς
540 1125 555 1148 ,
600 1086 718 1156 οὐχὶ
754 1087 848 1139 καὶ
892 1088 956 1140 ἐκ
992 1086 1088 1139 δύο
1131 1087 1442 1158 προσώπων
1472 1087 1591 1139 ἐστὶ
1637 1084 1790 1154 παρά

219 1171 300 1225 σοί
319 1189 334 1238 ;

287 1266 397 1318 Καὶ
447 1267 504 1318 ἐν
559 1266 710 1336 αύτῷ
755 1267 812 1320 δέ
872 1268 1034 1321 πάλιν
1080 1268 1160 1337 τῷ
1217 1269 1558 1336 συντάγματι
1615 1267 1785 1336 ἔφης·

223 1373 243 1405 ‹
287 1355 427 1408 Ἀλλ’
448 1356 594 1419 εῖτις
622 1357 691 1410 τὰ
718 1357 777 1422 ἐξ
801 1353 876 1413 ὧν
906 1359 1023 1411 ἐστι
1046 1361 1315 1427 σκοπῆσαι
1339 1359 1624 1429 ζητήσειεν
1646 1399 1661 1422 ,
1697 1357 1790 1410 νοῦ

220 1446 358 1518 μόνῃ
375 1449 644 1518 φαντασίᾳ
664 1450 757 1502 καὶ
774 1448 945 1520 λεπτῇ
971 1451 1172 1522 θεωρίᾳ
1190 1451 1283 1502 καὶ
1307 1449 1519 1519 ἐπινοίᾳ
1545 1448 1788 1518 διαιρῶν,

216 1538 417 1608 Θεωρεῖ
458 1539 551 1592 δύο
597 1541 832 1608 φύσεων,
877 1542 1047 1612 ἦγουν
1099 1542 1481 1603 ὑποστάσεων,
1537 1541 1786 1594 σύνοδονο

217 1629 312 1682 καὶ
338 1629 398 1682 τὸ
422 1631 658 1698 ἑκάστης
675 1633 878 1698 τρόπον
902 1634 1020 1685 τινὰ
1047 1633 1380 1700 φαντάζεται
1411 1633 1703 1701 πρόσωπον
1732 1633 1791 1684 ἐν

218 1719 431 1791 ἐπινοίᾳ
458 1721 662 1776 λαϐεῖν.
695 1723 1052 1777 Συνεισιοῦσα
1075 1723 1131 1775 δὲ
1161 1726 1226 1794 τῇ
1254 1723 1460 1793 διανοίᾳ
1511 1723 1605 1776 καὶ
1630 1725 1662 1794 ἡ
1693 1723 1790 1792 τῆς

215 1810 459 1876 ἐνώσεως
493 1813 740 1882 δύναμις,
794 1816 890 1867 καὶ
936 1815 1034 1883 τὴν
1078 1815 1136 1878 ἐξ
1163 1815 1365 1884 ἀμφοῖν
1393 1813 1616 1878 δείξασα
1662 1815 1790 1883 μίαν

215 1898 536 1964 ὑπόστασιν,
565 1902 632 1953 τά
658 1903 871 1973 ἐπινοίᾳ
899 1903 1241 1971 σκοπηθέντα
1263 1902 1357 1956 δύο
1381 1905 1447 1972 τῇ
1475 1903 1788 1967 ὑποστάσει,

213 1989 308 2042 δύο
342 1991 524 2060 μένειν
549 1993 609 2043 οὐ
644 1996 919 2062 συγχωρεῖ
940 2009 953 2023 ·
988 1994 1125 2060 μετά
1153 1993 1260 2063 γὰρ
1287 1993 1388 2062 τὴν
1421 1995 1518 2062 τῆς
1545 1992 1791 2055 ἐνώσεως

214 2079 446 2146 ἔννοιαν,
480 2083 914 2155 ἀναφαινομένης
945 2087 1072 2154 μιᾶς
1103 2085 1317 2152 φύσεως
1343 2086 1442 2153 τῆς
1469 2084 1564 2137 τοῦ
1593 2085 1788 2150 Λόγου,

213 2173 686 2242 σεσαρκωμένης,
738 2175 771 2244 ἡ
821 2176 1032 2228 ἐπίνοια
1073 2175 1182 2228 τῶν
1236 2175 1646 2244 φαντασθεισῶν
1698 2177 1790 2229 δύο

213 2263 525 2330 προσώπων
574 2264 606 2334 ἢ
645 2265 859 2332 φύσεων
903 2267 935 2336 ἢ
967 2268 1315 2320 ὑποστάσεων
1348 2267 1722 2331 ὑπεξίσταται.
1765 2285 1785 2318 ι

214 2352 437 2416 Τούτοις
469 2355 719 2425 ἐπιφέρει
753 2358 1064 2427 μαρτυρίαν
1092 2358 1234 2423 τινὸς
1275 2359 1597 2428 πολύστιχον
1636 2359 1789 2428 ἔχουο

214 2459 313 2496 σαν
345 2445 403 2496 ἐν
449 2443 526 2514 τῷ
555 2445 696 2498 τέλει
743 2445 920 2507 οὕτως
947 2462 961 2476 ο
1000 2464 1019 2497 ι
1051 2446 1560 2515 Συγκατωροῶσθαί
1608 2464 1788 2516 φαμεν
1844 2493 1861 2502 -

214 2535 526 2603 ἀναγκαίως
553 2538 618 2606 τῇ
639 2535 747 2590 τῶν
777 2537 1124 2590 ὑποστάσεων
1155 2537 1289 2607 πρὸς
1315 2538 1544 2607 ἑνότητα
1569 2537 1789 2608 συνδρο-

217 2627 330 2694 μῇ,
374 2625 468 2678 καὶ
507 2625 686 2679 αὐτῶν
731 2627 838 2680 τῶν
882 2625 1192 2696 προσώπων
1209 2627 1307 2697 τὴν
1336 2627 1552 2680 ἕνωσιν.
1591 2628 1788 2698 Ἐχρῆν

217 2713 320 2783 μὲν
358 2715 431 2784 μὴ
462 2715 637 2783 λέγειν
660 2733 718 2769 σε
760 2716 1068 2786 προσώπων
1097 2717 1322 2770 ἕνωσινο
1355 2737 1374 2768 ι
1409 2718 1583 2784 λέγων
1635 2718 1711 2781 δὲ,
1735 2718 1788 2770 τί

214 2804 354 2874 ἀρνῇ
376 2822 391 2866 ;
423 2805 486 2858 El
513 2804 818 2876 προσώπων
841 2807 1034 2868 ἓνωσις
1065 2807 1304 2874 γέγονεν,
1333 2807 1548 2876 πρῶτον
1574 2809 1784 2878 ὑπέστη

213 2896 242 2948 ὁ
297 2895 604 2964 ἄνθρωπος,
655 2899 750 2949 καὶ
801 2897 921 2950 τότε
962 2896 1146 2967 ήνώθη
1199 2898 1276 2967 τῷ
1322 2897 1786 2968 προῦφισταμένῳ

215 2982 338 3054 Θεῷ
357 2985 533 3053 Λόγῳ.
575 2985 887 3058 Προσώπων
920 2988 976 3041 δὲ
1001 2989 1215 3054 ἕνωσιν,
1242 2989 1363 3043 οὐδὲ
1387 2990 1681 3062 Νεστόριος
1711 2993 1788 3044 εί-

215 3076 340 3128 πεῖν
369 3075 683 3148 ἐτόλμησεν,
714 3079 1006 3149 πρόσωπον
1033 3079 1092 3132 δὲ
1132 3081 1312 3150 μόνον.

284 3339 562 3410 Θαυμάζω
585 3341 642 3394 δέ
674 3359 753 3406 σε,
785 3345 885 3413 τῆς
915 3343 1160 3406 ἐνώσεως
1188 3343 1488 3415 γενομένης
1517 3347 1610 3398 καὶ
1647 3346 1782 3399 ἀνα-

210 3431 476 3500 φανείσης
493 3434 592 3501 τῆς
619 3433 746 3501 μιᾶς
773 3432 986 3501 φύσεως
1013 3433 1130 3498 πῶς
1154 3435 1314 3497 αὐτὸς
1329 3434 1534 3502 ταύτην
1557 3436 1782 3505 διαιρεῖν

209 3521 441 3574 δύνασαι
470 3521 661 3586 πάλιν,
691 3525 782 3576 καὶ
819 3524 1071 3577 ἀναλύειν
1096 3527 1177 3587 είς
1203 3525 1271 3577 τὰ
1311 3525 1370 3589 ἐξ
1405 3519 1480 3578 ὧν
1505 3566 1520 3590 ,
1557 3527 1652 3580 καὶ
1681 3527 1782 3596 τὴν

214 3614 348 3683 μίαν
391 3612 484 3666 δύο
509 3613 732 3684 θεωρεῖν
758 3615 819 3667 οὐ
854 3615 1012 3684 μόνον
1043 3615 1255 3684 φύσεις,
1305 3617 1444 3670 ἀλλὰ
1489 3619 1584 3671 καὶ
1612 3619 1782 3688 πρόσ-

210 3720 360 3759 ωπα.
397 3705 466 3756 Ἦ
503 3704 642 3774 τάχα
668 3707 724 3757 ἐν
775 3705 858 3757 σοί
902 3707 1018 3757 ἐστι
1049 3705 1142 3758 καὶ
1165 3704 1314 3758 λύειν
1351 3707 1447 3778 τὴν
1466 3707 1657 3759 ἕνωσιν
1689 3705 1781 3759 καὶ

212 3795 468 3864 συνάγειν
515 3796 719 3865 αὐτὴν,
757 3795 850 3848 καὶ
886 3796 1012 3848 ὅταν
1050 3797 1152 3865 μὲν
1197 3796 1358 3867 βούλῃ
1384 3838 1399 3863 ,
1436 3797 1659 3866 θεωρεῖς
1683 3799 1783 3860 τὰς

210 3887 428 3955 φύσεις,
481 3887 568 3939 ὅτε
600 3887 658 3939 δὲ
722 3887 896 3950 Θέλεις
921 3926 937 3951 ,
979 3887 1385 3952 ὑπεξίστανται.
1430 3890 1492 3942 Ei
1531 3889 1585 3941 δὲ
1616 3889 1780 3954 ὑπεξ-

209 3977 468 4056 έστησμν,
487 3979 711 4046 ἀφανεῖς
749 3979 1060 4046 γενόμεναι,
1095 3977 1218 4030 οὕτε
1240 3979 1332 4032 δύο
1361 3977 1482 4032 οὗτε
1512 3979 1609 4049 μία
1646 3978 1677 4046 ἦ
1701 3982 1780 4033 εί-

210 4069 365 4140 σινῆ
414 4069 777 4140 Θεωροῦνται,
826 4073 940 4132 τοῖς
990 4071 1430 4132 ἀποτελεστικοῖς
1485 4089 1781 4139 συναφανι-

210 4163 432 4225 σθέντος
477 4162 571 4214 τοῦ
610 4162 1076 4232 ἀποτελέσματος·
1114 4164 1162 4215 εἰ
1199 4163 1254 4215 δὲ
1279 4163 1378 4234 τῆς
1411 4165 1535 4233 μιᾶς
1569 4165 1780 4232 ἀναφα-

208 4257 412 4326 νείσης,
444 4257 477 4325 ἡ
510 4255 720 4308 ἐπίνοια
761 4257 894 4326 μόνη
938 4257 1309 4321 ὑπεξίσταται,
1337 4257 1435 4309 οὐκ
1483 4255 1656 4321 ἔξεστί
1696 4273 1779 4310 σοι

209 4350 442 4401 ἐπινοεῖν
469 4347 567 4401 ἔτι.
604 4348 843 4400 Γίνωσκε
892 4348 950 4400 δὲ
991 4350 1071 4401 ὅτι
1101 4350 1162 4400 τὸ
1191 4349 1316 4400 κατ’
1354 4349 1598 4403 ἐπίνοιαν
1631 4350 1778 4402 ἐστιν

1891 532 1977 586 vel
2007 547 2075 586 ex
2095 531 2312 586 duabus
2337 531 2588 599 personis
2613 529 2810 583 factam
2849 527 3118 600 proﬁteri.
3159 545 3179 579 ›
3213 525 3460 581 Primum

1891 624 2070 678 dicam
2101 642 2113 676 :
2142 623 2259 678 Una
2293 633 2350 676 et
2371 638 2499 686 una,
2530 637 2639 676 non
2667 621 2799 675 facit
2831 635 3020 683 unam,
3047 619 3144 674 sed
3167 617 3340 684 duas;
3365 619 3464 673 do-

1891 730 1994 769 nec
2043 715 2212 785 igitur
2257 730 2422 769 unam
2460 729 2526 768 ac
2556 729 2719 767 unam
2752 713 3071 767 consideres
3103 719 3161 765 et
3189 711 3457 780 loquaris,

1890 805 2030 859 duas
2075 805 2394 859 consideras
2422 813 2477 858 et
2518 803 2781 873 loqueris.
2817 803 2974 866 Dein,
3009 803 3052 855 si
3080 803 3233 871 juxta
3260 801 3460 856 deﬁni-

1893 895 2098 949 tionem
2154 904 2304 948 tuam
2333 910 2442 948 non
2486 908 2571 949 est
2603 909 2797 948 natura
2826 909 2948 962 qua:
2982 908 3215 962 persona
3253 900 3458 957 careat,

1891 1002 2002 1055 quo
2042 996 2202 1056 pacto
2249 1003 2317 1041 ex
2366 987 2586 1040 duabus
2611 987 2824 1040 naturis
2880 1001 3005 1039 cum
3055 986 3128 1038 sit
3180 984 3457 1048 Christus,

1891 1091 2002 1130 non
2025 1091 2093 1130 ex
2125 1075 2342 1130 duabus
2362 1075 2616 1146 personis
2649 1091 2776 1129 eum
2805 1074 3058 1128 diceres?

1960 1256 2021 1310 In
2061 1257 2182 1325 ipso
2214 1256 2380 1311 etiam
2429 1263 2670 1310 tractatu
2713 1254 2942 1308 dixisti:
2978 1273 2995 1304 ι
3037 1251 3191 1317 Quod
3237 1251 3282 1305 si
3335 1250 3462 1319 quis

1889 1361 1955 1402 ea
1981 1364 2011 1402 e
2039 1348 2246 1416 quibus
2290 1357 2374 1401 est
2423 1345 2782 1400 considerare
2831 1344 3093 1407 voluerit,
3139 1357 3312 1412 eaque
3343 1342 3460 1395 sola

1891 1439 2092 1492 mentis
2112 1438 2465 1508 cogitatione,
2505 1445 2559 1490 et
2586 1437 2775 1491 subtili
2808 1435 3169 1490 meditatione
3195 1443 3251 1488 et
3276 1443 3462 1486 mente

1891 1529 2164 1594 diviserit,
2197 1531 2430 1585 duarum
2455 1537 2777 1584 naturarum
2808 1537 2905 1583 aut
2928 1528 3299 1599 bypostaseon
3329 1540 3464 1580 con-

1891 1640 2115 1679 cursum
2132 1623 2434 1694 perspiciet
2457 1640 2472 1688 ;
2500 1638 2563 1677 ac
2586 1624 2854 1692 cujusque
2881 1635 3171 1690 personam
3188 1618 3460 1687 quodam-

1893 1716 2059 1771 modo
2128 1716 2467 1786 cogitatione
2507 1714 2802 1783 complecti
2856 1711 3158 1766 videbitur.
3193 1709 3293 1765 Ubi
3358 1723 3459 1761 au-

1895 1817 2002 1862 tem
2031 1815 2273 1861 mentem
2303 1806 2666 1861 commoverit
2700 1805 2785 1858 vis
2811 1801 3058 1867 unionis,
3091 1815 3255 1854 unam
3290 1799 3462 1868 hypo-

1890 1870 2064 1952 stﬁin
2110 1913 2177 1951 ex
2231 1898 2446 1952 duabus
2494 1895 2885 1974 comprobans,
2931 1909 3042 1948 non
3089 1890 3359 1946 concedet
3400 1898 3461 1944 ut

1891 1994 2213 2042 remaneant
2240 1987 2372 2049 duo,
2400 2002 2522 2055 quae
2541 1985 2652 2039 duo
2677 1983 2959 2054 hypostasi
2997 1979 3256 2050 cogitatio
3281 1977 3461 2031 fuerat

1892 2079 2178 2134 meditata.
2233 2078 2466 2134 Unionis
2495 2079 2643 2132 enim
2695 2077 2748 2130 vi
2803 2075 3104 2136 intellecta,
3149 2086 3257 2125 una
3287 2069 3458 2125 Verbi

1891 2173 2165 2227 incarnati
2225 2180 2420 2226 natura
2470 2177 2780 2240 perspecta,
2835 2164 3118 2222 evanescit
3151 2163 3240 2217 illa
3269 2161 3458 2230 opinio

1890 2263 2124 2318 duarum
2179 2276 2543 2331 personarum
2598 2268 2695 2314 aut
2742 2267 3090 2317 naturarum,
3135 2263 3229 2307 aut
3284 2252 3460 2321 hypo-

1889 2363 2109 2409 staseon
2157 2352 2490 2422 cogitatione
2537 2359 2950 2418 conceptarum.
2985 2367 3002 2397 ι
3060 2345 3192 2408 Quae
3261 2342 3457 2396 fusiori

1889 2443 2174 2514 cujusdam
2207 2444 2313 2496 viri
2361 2442 2682 2496 testimonio
2709 2439 3024 2500 conﬁrmat,
3060 2437 3217 2503 cujus
3246 2447 3458 2487 summa

1888 2537 1968 2590 sic
1999 2551 2058 2590 se
2092 2534 2255 2590 habet
2290 2555 2304 2587 :
2345 2553 2364 2585 ι
2397 2534 2576 2602 Ipsam
2631 2545 2992 2602 personarum
3050 2528 3310 2582 unionem
3356 2539 3458 2578 ne-

1888 2627 2128 2681 cessario
2161 2625 2352 2695 perﬁci
2383 2625 2626 2679 diximus
2652 2637 2926 2678 concursu
2977 2620 3344 2690 hypostaseon
3387 2613 3458 2668 ad

1889 2717 2180 2771 unitatem.
2212 2736 2230 2767 ι
2265 2716 2384 2770 Non
2419 2715 2519 2769 tibi
2549 2713 2926 2768 conﬁrmanda
2950 2720 3070 2765 erat
3103 2708 3236 2762 unio
3262 2720 3452 2776 perso-

1886 2822 2114 2870 narum;
2164 2815 2219 2860 at
2260 2820 2404 2868 eam,
2441 2803 2536 2857 ubi
2579 2801 3014 2863 conﬁrmaveris,
3055 2812 3227 2867 quare
3253 2793 3458 2864 negas?

1841 2908 1850 2919 '
1887 2897 2045 2962 Quod
2074 2898 2120 2950 si
2165 2910 2529 2965 personarum
2575 2893 2705 2947 unio
2729 2892 2870 2946 facta
2905 2900 3011 2955 est,
3048 2889 3288 2959 primum
3320 2885 3457 2940 sub-

1888 2988 2119 3044 sistebat
2162 2988 2351 3052 liomo,
2405 2995 2462 3040 et
2509 2995 2642 3040 tunc
2678 3000 2804 3039 cum
2866 2982 3318 3052 praesubsistente
3343 2978 3457 3034 Deo

1812 3099 1854 3154 ο
1886 3082 2067 3136 Verbo
2106 3081 2297 3135 unitus
2342 3087 2446 3133 est.
2494 3079 2864 3133 Personarum
2910 3076 3172 3130 unionem
3216 3087 3285 3126 ne
3339 3072 3456 3140 ipse

1888 3173 2111 3242 quidem
2157 3170 2447 3226 Nestorius
2499 3169 2744 3240 proﬁteri
2792 3183 2960 3222 ausus
3009 3173 3114 3230 est,
3161 3163 3258 3220 sed
3290 3177 3453 3217 unam

1888 3271 2097 3318 tantum
2129 3279 2421 3333 personam
2456 3261 2664 3317 docuit.

1954 3355 2123 3410 Miror
2150 3364 2335 3410 autem
2378 3353 2678 3424 quomodo,
2723 3352 2930 3405 unione
2969 3349 3110 3403 facta
3134 3355 3190 3400 et
3215 3359 3324 3400 una
3353 3360 3454 3398 na-

1884 3458 2010 3504 tura
2055 3457 2367 3516 perspecta,
2415 3445 2560 3497 hanc
2611 3455 2802 3496 rursus
2851 3438 3100 3493 dividere
3157 3435 3334 3505 possis
3388 3447 3454 3488 ac

1882 3540 2187 3595 dissolvere
2237 3538 2293 3591 in
2323 3552 2385 3590 ea
2423 3551 2453 3589 e
2481 3534 2705 3604 quibus,
2733 3541 2787 3586 et
2825 3545 2989 3584 unam
3023 3539 3276 3583 naturam
3315 3527 3456 3581 duas

1882 3633 2121 3702 cogitare
2148 3646 2259 3684 non
2284 3628 2448 3683 modo
2479 3637 2722 3690 naturas,
2749 3623 2845 3679 sed
2864 3631 2921 3677 et
2942 3637 3226 3692 personas.
3254 3619 3452 3674 Tibine

1882 3732 1967 3778 est
2006 3721 2236 3776 facultas
2311 3719 2574 3772 unionem
2645 3714 2897 3771 solvendi
2959 3728 3024 3766 ac
3091 3707 3454 3780 perﬁciendi?

1882 3812 2114 3880 Quando
2171 3810 2268 3864 tibi
2316 3809 2517 3878 placet,
2547 3815 2776 3861 naturas
2801 3803 2980 3867 vides,
3015 3809 3092 3864 et,
3126 3808 3178 3854 te
3197 3798 3448 3870 jubente,

1883 3904 2068 3959 statim
2152 3907 2508 3955 evanescunt.
2588 3896 2646 3951 Si
2701 3905 2885 3950 autem
2934 3900 3300 3954 evanuerunt,
3349 3903 3453 3944 nec

1875 3994 1987 4064 jam
2019 3990 2260 4060 conspici
2306 3996 2556 4059 possunt,
2602 3999 2783 4054 neque
2807 3984 2931 4038 duae
2970 3998 3150 4050 neque
3187 3996 3294 4034 una
3321 3988 3451 4035 sunt

1882 4091 1978 4138 aut
1999 4083 2278 4143 videntur,
2310 4080 2515 4134 eil‘ectu
2537 4077 2704 4132 simul
2731 4091 2856 4130 cum
2888 4072 3257 4129 efﬁcientibus
3285 4085 3452 4140 appa-

1882 4183 2077 4239 rente;
2115 4173 2161 4228 si
2205 4187 2315 4226 una
2359 4177 2655 4240 apparente
2683 4167 2798 4222 sola
2847 4164 3108 4235 cogitatio
3135 4171 3448 4226 evanescet,

1882 4282 1995 4320 non
2041 4273 2126 4319 est
2159 4263 2292 4334 quid
2338 4261 2518 4315 adhuc
2545 4259 2772 4329 cogites.
2819 4256 2968 4311 Scito
3015 4264 3201 4308 autem
3240 4253 3448 4321 aliquid

1883 4357 1994 4412 dici
2023 4356 2140 4412 ﬁeri
2187 4354 2522 4426 cogitatione
2570 4366 2670 4421 per
2709 4348 3110 4421 oppositionem
3140 4345 3207 4400 ad
3235 4361 3298 4399 ea
3328 4359 3450 4414 qua

209 4440 298 4493 ὅτε
329 4440 466 4508 πρὸς
501 4439 908 4510 ἀντιδιαστολὴν
933 4437 1024 4492 τοῦ
1053 4441 1174 4492 κατ’
1214 4439 1492 4508 ἐνέργειαν
1541 4441 1780 4510 εἴρηται.

1888 4456 2008 4503 actu
2063 4447 2227 4511 ﬁunt;
2268 4459 2392 4500 nam
2440 4453 2588 4509 actu,
2623 4450 2700 4507 et,
2747 4443 2828 4505 ut}
2853 4438 3080 4502 dixeris,
3121 4436 3445 4497 efﬁcienter.

209 4530 287 4600 Τῇ
321 4529 418 4599 μὲν
451 4525 541 4582 οὗν
573 4530 841 4601 ἐνεργείᾳ,
883 4530 976 4582 καὶ
1015 4531 1090 4592 ώς
1136 4531 1202 4583 ἄν
1229 4547 1313 4592 τις
1343 4531 1487 4582 εἴποι
1521 4547 1780 4600 πραγμα-

208 4619 398 4683 τικῶς,
421 4620 531 4672 οὐδ’
559 4621 717 4689 ἡμεῖς
751 4619 1070 4690 διαιροῦμεν
1100 4620 1200 4681 τὰς
1233 4620 1423 4687 φύσεις
1447 4635 1460 4648 °
1495 4623 1558 4691 τῇ
1590 4620 1634 4674 δ’
1660 4623 1781 4674 ἐπι-

210 4710 329 4782 νοίᾳ
378 4711 696 4766 διίστανται.
731 4711 789 4762 Εἰ
816 4711 871 4763 δὲ
901 4710 1114 4762 ἐπίνοια
1149 4710 1243 4763 καὶ
1289 4709 1541 4777 ἐνέργεια
1586 4710 1780 4764 ταυτόν

211 4804 357 4855 ἐστιν
377 4843 392 4868 ,
433 4803 540 4873 ἀρα
567 4803 660 4855 καῖ⁵
688 4801 784 4872 τὴν
818 4801 946 4870 μίαν
979 4801 1141 4870 φύσιν
1165 4800 1375 4870 ἐπινοίᾳ
1398 4799 1578 4867 λέγεις
1615 4817 1780 4867 γεγε-

210 4895 428 4964 νῆσθαι,
467 4894 500 4965 ἢ
530 4896 622 4948 καὶ
643 4895 740 4957 τὰς
769 4893 862 4946 δύο
892 4893 1081 4962 φύσεις
1109 4892 1361 4962 ἐνεργείᾳ
1390 4892 1484 4944 καὶ
1508 4893 1780 4955 ούσιωδῶς

210 4979 346 5038 εῖναι
402 4985 592 5055 φήσεις
659 4983 756 5052 μὲν
805 4983 902 5054 τὴν
947 4985 1162 5037 ἕνωσιν.
1197 4981 1258 5033 Ei
1286 4981 1342 5034 δὲ
1386 4982 1601 5052 ἐπινοίᾳ
1645 4981 1779 5052 μόνῃ

209 5075 496 5145 γνωρίζεις
559 5075 659 5138 τὰς
717 5076 928 5142 φύσεις,
977 5074 1036 5126 τὸ
1085 5073 1432 5142 ἀνύπαρκτον
1459 5071 1640 5124 αὐτῶν
1686 5074 1782 5125 καὶ

209 5165 458 5218 ἁνούσιον
475 5205 490 5232 ,
523 5166 556 5235 ἢ
582 5167 641 5218 τὸ
675 5168 1080 5236 συγκεχυμένον
1109 5165 1202 5217 καὶ
1226 5165 1593 5234 ἠφανισμένον
1616 5180 1780 5216 κατα-

211 5257 495 5321 σκευάζεις
519 5276 536 5293 ο
565 5258 701 5326 ὅπερ
726 5258 820 5311 καὶ
844 5257 1041 5326 μᾶλλον
1073 5257 1284 5317 ώδίνεις
1321 5255 1442 5324 μὲν,
1466 5255 1567 5307 οὐκ
1594 5253 1783 5322 ἐκφαί-

209 5361 318 5408 νεις
365 5345 441 5398 δέ.
491 5346 734 5417 Ἐπινοίᾳ
762 5347 868 5416 γὰρ
901 5347 959 5398 ού
997 5345 1156 5415 μόνον
1188 5346 1322 5413 ἔφης
1355 5345 1616 5412 διαιρεῖν,
1645 5343 1780 5396 ἀλλὰ

209 5435 308 5487 καὶ
345 5440 567 5490 σκοπεῖν
600 5439 698 5501 τάς
737 5438 947 5507 φύσεις,
973 5437 1038 5499 ἃς
1075 5437 1199 5490 οὐδὲ
1237 5437 1417 5506 μένειν
1443 5435 1566 5488 καθ’
1601 5435 1781 5506 ὑπαρ-

214 5525 296 5589 ξιν
325 5532 626 5600 συγχωρεῖς
655 5530 770 5593 νῦν,
801 5533 827 5582 ὁ
857 5531 915 5582 ἐν
945 5528 1156 5590 πολλοῖς
1183 5527 1355 5595 λέγων
1400 5529 1582 5596 μένειν
1613 5527 1780 5590 αὑτὰς

214 5617 270 5668 ἐν
305 5619 372 5686 τῇ
401 5619 666 5684 συνθέσει,
689 5621 776 5672 διὰ
809 5620 904 5689 τὴν
933 5617 1242 5689 προσοῦσάν
1269 5634 1351 5668 σοι
1386 5619 1670 5671 ἀστασίαν.

285 5706 407 5761 Ὅτι
435 5709 491 5763 δὲ
519 5713 581 5764 ἐκ
619 5709 958 5782 διῃρημένων
987 5711 1092 5764 τῶν
1132 5711 1344 5779 φύσεων
1377 5710 1660 5781 ἀναγκάζῃ
1690 5711 1778 5764 λέ-

1879 4557 1950 4596 ne
2003 4555 2107 4594 nos
2151 4537 2374 4606 quidem
2433 4546 2663 4590 naturas
2723 4532 3045 4595 dividimus,
3110 4527 3446 4599 cogitatione

1880 4638 2096 4684 tantum
2137 4628 2573 4697 distinguuntur.
2631 4622 2787 4690 Quod
2823 4623 2870 4676 si
2916 4618 3178 4691 cogitatio
3205 4627 3261 4673 et
3293 4626 3448 4671 actus

1879 4722 2023 4776 idem
2052 4729 2200 4786 sunt,
2235 4735 2398 4775 unam
2443 4727 2694 4772 naturam
2736 4715 3068 4786 cogitatione
3097 4713 3294 4766 factam
3324 4723 3446 4764 esse

1879 4813 2052 4878 dices,
2083 4822 2177 4866 aut
2199 4812 2366 4866 etiam
2401 4811 2536 4864 duas
2563 4818 2789 4862 naturas
2820 4814 2944 4860 actu
2978 4815 3034 4860 et
3063 4800 3446 4859 substantiali-

1881 4911 1965 4958 ter
1989 4918 2110 4957 esse
2137 4901 2439 4956 contendes
2462 4913 2589 4970 post
2623 4900 2906 4953 unionem.
2943 4897 3014 4951 At
3041 4898 3089 4952 si
3115 4895 3446 4965 cogitatione

1879 4993 1993 5046 sola
2043 5001 2270 5046 naturas
2329 4989 2708 5058 consequeris,
2731 4987 2972 5042 essentia
3031 4993 3089 5040 et
3140 4983 3446 5038 substantia

1879 5093 2130 5136 carentes
2177 5081 2349 5150 ﬁnges
2400 5096 2515 5143 eas,
2555 5087 2651 5132 aut
2685 5078 2942 5132 confusas
2981 5083 3037 5130 et
3097 5073 3441 5128 invisibiles:

1879 5168 2025 5238 quod
2065 5167 2288 5237 quidem
2318 5167 2502 5221 innuis
2533 5167 2715 5236 potius
2749 5182 2914 5234 quam
2951 5163 3246 5234 proﬁteris.
3280 5161 3444 5231 Cogi-

1880 5259 2091 5314 tatione
2136 5259 2285 5312 enim
2321 5274 2430 5312 non
2457 5259 2634 5311 solum
2679 5257 2820 5312 dicis
2855 5267 2908 5311 te
2938 5256 3314 5326 distinguere;
3348 5255 3443 5310 sed

1878 5359 1936 5404 et
1965 5349 2322 5404 considerare
2351 5356 2599 5413 naturas,
2631 5363 2768 5416 quas
2796 5363 2944 5401 nunc
2988 5347 3176 5400 fateris
3217 5362 3286 5400 ne
3315 5361 3444 5415 per-

1881 5457 2106 5496 manere
2142 5441 2375 5511 quidem
2421 5456 2518 5495 sua
2549 5439 2890 5502 exsistentia,
2925 5439 3054 5492 dum
3086 5438 3200 5507 ipse
3228 5453 3320 5492 cas
3341 5452 3443 5491 εξε-

1879 5533 2007 5602 pius
2033 5532 2117 5585 vel
2143 5533 2198 5585 in
2227 5532 2618 5600 conjunctione
2653 5544 2996 5599 permanere,
3023 5535 3252 5598 propter
3284 5527 3444 5581 inna-

1883 5632 1989 5677 tam
2019 5631 2165 5676 tuam
2193 5623 2554 5677 mobilitatem
2580 5620 2857 5676 docueris.

1952 5712 2235 5769 Distinctis
2321 5722 2505 5769 autem
2579 5712 2836 5782 naturis,
2896 5712 3262 5772 conﬁtendam
3323 5724 3443 5768 esse
