3958 6288
487 311 598 377 923

1722 311 2134 373 EUSTATHII
2178 310 2522 370 MONACHI

3657 307 3765 370 99!

487 427 746 482 unionem
791 440 858 480 ex
904 425 1013 479 tuis
1059 424 1245 480 verbis
1274 425 1638 496 probabimus
1671 426 1795 490 tibi,
1822 425 2057 481 duarum

2164 440 2279 491 γειν
2305 423 2404 493 τὴν
2434 421 2663 485 ἕνωσιν,
2710 422 2774 474 ἐκ
2807 421 2915 473 τῶν
2967 421 3074 473 σῶν
3111 421 3286 488 λόγων
3321 422 3644 491 ὲλέγξωμεν
3698 440 3761 476 σε

484 528 847 586 personarum
885 514 1121 569 doctori.
1151 516 1301 571 Dicis
1323 517 1471 571 enim
1499 534 1513 570 :
1560 535 1579 569 ι
1618 517 1721 572 Ubi
1751 517 2055 582 distinctio,

487 602 566 657 ibi
590 610 648 656 et
670 601 919 656 binarius
954 618 1242 665 numerus,
1276 614 1332 660 et
1360 604 1455 659 ubi
1489 605 1742 660 binarius
1768 619 2057 669 numerus,

485 692 563 746 ibi
607 699 665 746 et
715 691 999 747 distinctio
1050 694 1122 748 sit
1170 710 1396 751 necesse
1445 704 1550 750 est.
1612 714 1630 746 ι
1695 695 1751 750 Si
1793 710 1927 751 voce
1956 697 2061 748 duo

485 798 661 852 usque
686 793 741 836 et
762 782 1049 838 distinctio
1078 785 1351 850 innuitur,
1378 793 1437 840 et
1479 800 1548 840 ex
1585 800 1721 841 voce
1753 786 1856 839 duo
1886 801 2062 856 usque

485 875 848 942 consequitur
888 875 1151 931 unionem
1202 877 1370 932 rebus
1425 877 1706 932 distinctis
1756 879 2060 947 praesubsi-

486 966 874 1043 stentibusque
924 966 1086 1033 ﬁeri,
1129 984 1196 1023 ex
1247 969 1464 1024 duabus
1486 969 1744 1039 personis
1771 969 1958 1024 dicere
1990 984 2061 1023 ne

488 1071 731 1111 recuses.
778 1056 998 1112 Clarius
1037 1060 1202 1113 etiam
1240 1070 1298 1116 et
1327 1060 1679 1116 manifestius
1708 1061 1858 1116 dicta
1904 1069 2061 1131 pate-

484 1148 641 1203 bunt.
695 1149 753 1202 In
813 1149 930 1217 ipso
963 1149 1227 1205 adversus
1277 1150 1705 1207 Crammaticum
1750 1153 1894 1208 libro
1937 1155 2059 1208 ait:

494 1255 513 1287 ι
546 1237 740 1292 Μετίιο
783 1238 950 1308 igitur
1001 1248 1247 1308 putares,
1275 1240 1548 1311 perfectas
1576 1244 1921 1315 hypostases,
1950 1243 2066 1298 dis-

488 1328 658 1383 tincte
702 1329 1088 1396 subsistentes,
1141 1331 1278 1386 duas
1303 1332 1471 1386 etiam
1502 1334 1560 1387 in
1592 1349 1863 1404 personas
1914 1334 2065 1388 divi-

488 1432 578 1472 sas
605 1432 749 1481 esse,
780 1418 854 1470 ita
890 1426 950 1471 ut
973 1434 1204 1488 quaeque
1229 1422 1508 1491 propriam
1532 1437 1826 1492 personam
1856 1424 2060 1478 consti-

490 1514 630 1571 tuat,
658 1516 715 1561 et
740 1509 966 1577 propria
995 1510 1355 1566 subsistentia
1378 1512 1665 1568 subsistat.
1686 1532 1703 1564 ι
1736 1513 1805 1567 Ει
1833 1529 2061 1569 rursus:

493 1616 515 1650 ι
552 1598 674 1653 Non
698 1598 810 1653 duo
844 1599 1083 1665 Domini,
1108 1617 1219 1655 non
1247 1602 1358 1657 duo
1379 1603 1526 1668 Filii,
1550 1619 1661 1658 non
1693 1603 1805 1659 duo
1835 1603 2062 1669 Christi,

2160 514 2251 568 τὸν
2279 513 2599 569 διδάσκαλον
2623 514 2734 567 τῶν
2758 514 3199 585 διπροσωπιτῶν.
3246 516 3423 585 Ἐφης
3450 533 3462 545 ο
3505 534 3525 566 ι
3567 515 3760 569 Ὅπου

2159 609 2447 678 διαίρεσις,
2502 609 2620 660 ἐκεῖ
2673 606 2768 659 καὶ
2817 606 2978 667 δυάς’
3026 606 3121 659 καὶ
3156 607 3291 659 ὅπου
3324 606 3476 669 δυὰς,
3506 607 3633 659 ἐκεῖ
3660 607 3761 661 καὶ

2159 699 2423 770 διαίρεσις
2456 698 2761 753 ἀκολουθεῖ.
2803 716 2821 749 ι
2857 698 2921 751 Et
2959 700 3024 768 τῇ
3059 697 3169 750 δύο
3207 700 3357 767 φωνῇ
3400 697 3628 760 πάντως
3660 700 3758 750 καὶ

2159 792 2424 861 διαίρεσις
2459 790 2762 855 ἀκολουθεῖ,
2802 791 2896 843 καὶ
2940 792 3007 861 τῇ
3045 789 3114 842 ἐκ
3146 789 3257 842 δύο
3299 790 3525 852 πάντως
3555 789 3754 857 ἕψεται

2160 880 2221 934 τὸ
2272 882 2337 935 ἐκ
2390 880 2735 952 διῃρημένων
2790 882 2882 934 καὶ
2911 880 3348 950 προῦφεστώτων
3399 880 3504 950 τὴν
3549 880 3753 933 ἕνωσιν

2160 973 2485 1042 γεγενῆσθαι
2509 991 2523 1004 ν
2551 973 2631 1026 διὸ
2658 974 2752 1026 καὶ
2783 972 2844 1026 τὸ
2871 975 2939 1028 ἐκ
2959 974 3070 1028 δύο
3094 973 3433 1041 προσώπων
3456 973 3519 1025 οὑ
3545 989 3753 1041 παραι-

2161 1065 2227 1135 τῇ
2261 1063 2457 1130 λέγειν.
2488 1062 2635 1134 Πλὴν
2665 1064 3008 1134 τρανώτερον
3041 1063 3135 1115 καὶ
3162 1064 3497 1131 σαφέστερον
3530 1061 3750 1115 ἀποδει-

2162 1154 2421 1225 χθήσεται
2448 1155 2509 1206 τὸ
2540 1154 2855 1225 λεγόμενον.
2875 1155 2961 1208 Ἐν
2992 1153 3140 1224 αὑτῷ
3161 1152 3240 1223 τῷ
3265 1152 3406 1206 κατά
3430 1151 3527 1204 τοῦ
3558 1152 3749 1221 Γραμ-

2167 1243 2396 1312 ματικοῦ
2434 1243 2625 1313 βιϐλίῳ
2647 1243 2833 1312 φησίν·
2870 1264 2889 1295 ι
2928 1244 3105 1297 Νοοῖτ’
3136 1243 3202 1296 ἂν
3233 1238 3328 1296 οὖν
3367 1243 3597 1304 εἰκότως
3626 1285 3640 1303 ,
3673 1242 3745 1305 ὥς

2163 1333 2367 1387 τέλειαι
2412 1335 2467 1387 αἱ
2497 1335 2840 1398 ὑποστάσεις,
2875 1334 3219 1406 διῃρημένως
3267 1335 3364 1404 μέν
3404 1333 3746 1402 ὑφεστῶσαι,

2163 1425 2445 1497 διῄρηνται
2473 1425 2569 1479 καὶ
2598 1428 2677 1489 είς
2709 1427 2975 1495 πρόσωπα
3001 1426 3115 1491 δύο,
3147 1426 3277 1479 ίδιον
3307 1424 3548 1494 ἑκάστης
3580 1424 3747 1494 πρόσ-

2164 1533 2314 1570 ωπον
2366 1517 2821 1588 ἐπιγραφομένης
2857 1557 2872 1580 ,
2916 1516 2993 1579 ὡς
3054 1515 3441 1578 ίδιοσυστάτως
3490 1512 3742 1583 ὑφεστῶ-

2167 1627 2287 1680 σης.
2315 1629 2334 1660 ι
2370 1611 2482 1663 Καὶ
2505 1608 2665 1663 πάλιν
2688 1626 2700 1639 ·
2740 1628 2759 1661 ι
2784 1609 2860 1663 υύ
2892 1608 2987 1662 δύο
3018 1608 3239 1680 Κύριοι,
3280 1607 3343 1661 ού
3372 1606 3468 1661 δύο
3498 1608 3651 1666 Υἱοὶ,
3683 1608 3743 1658 ού

485 1690 621 1759 quia
650 1690 970 1746 substantiae
1004 1693 1089 1747 vel
1119 1692 1442 1764 hypostases
1465 1705 1562 1751 aut
1602 1704 1815 1751 naturae
1840 1697 2061 1766 propria

2167 1699 2261 1755 δύο
2291 1701 2545 1772 Χριστοὶ.
2578 1701 2668 1754 διὰ
2691 1702 2753 1753 τὸ
2785 1700 2921 1771 μηδὲ
2951 1700 3052 1764 τάς
3079 1700 3266 1762 οὐσίας
3294 1700 3465 1769 ἧγουν
3498 1698 3743 1752 ὑποστά-

486 1781 826 1847 substantia,
867 1798 931 1837 ac
978 1785 1276 1853 separatim
1321 1794 1378 1841 et
1420 1803 1490 1842 ex
1537 1795 1696 1857 parte
1746 1764 2061 1859 non'subsi-

2179 1807 2294 1854 σεις
2384 1789 2575 1859 φύσεις
2608 1764 2988 1853 ίδιοσυστάτως
3038 1764 3405 1859 ὑφεστηκέναι
3444 1789 3541 1842 καὶ
3570 1806 3743 1858 κεχω-

484 1881 663 1928 stunt.
710 1894 728 1925 ι
771 1875 839 1929 Et
871 1890 1064 1930 rursus
1101 1894 1114 1929 :
1161 1894 1179 1927 ι
1218 1855 1564 1949 Cogitatione
1594 1878 1689 1933 ubi
1716 1855 2068 1949 distingtﬁm-

484 1971 581 2018 tur
612 1973 824 2020 natura:
856 1968 944 2021 vel
988 1968 1333 2037 hypostases,
1362 1969 1527 2023 simul
1552 1978 1610 2023 et
1635 1985 1887 2039 personae
1918 1972 2067 2042 cogi-

490 2063 714 2123 tantur;
758 2073 887 2112 nam
934 2074 1059 2114 cum
1110 2060 1244 2129 quid
1295 2061 1363 2115 ab
1410 2061 1516 2115 alia
1563 2077 1625 2116 re
1679 2061 2064 2132 distinguitur,

489 2147 675 2201 statim
724 2149 1009 2219 propriam
1052 2166 1346 2220 personam
1395 2152 1583 2207 efficit.
1624 2172 1643 2204 ι
1677 2153 1747 2207 At
1776 2154 1820 2208 si
1844 2169 1912 2208 ea
1945 2169 2068 2223 qua:

488 2239 792 2295 subsistant
833 2243 1058 2312 propria
1107 2244 1490 2311 subsistentia,
1542 2246 1822 2314 propriam
1871 2262 2067 2314 perso-

490 2345 617 2384 nam
644 2331 978 2398 elﬁciunt,et
1003 2350 1065 2388 ea
1094 2351 1314 2404 quoque
1339 2352 1464 2406 qua:
1497 2336 1755 2392 distincte
1775 2346 2068 2407 etsepara-

493 2422 589 2475 tim
621 2431 679 2477 et
713 2438 777 2477 ex
802 2433 957 2492 parte
988 2416 1322 2491 subsistunt,
1346 2429 1401 2482 in
1425 2441 1691 2496 personas
1717 2427 2068 2498 distinguun-

493 2524 603 2577 tur,
649 2512 902 2571 Christus
953 2531 1064 2570 non
1116 2517 1293 2572 solum
1320 2534 1390 2573 ex
1415 2518 1634 2573 duabus
1668 2518 1885 2572 naturis
1910 2519 2064 2588 juxta

398 2660 417 2679 ρ
491 2601 780 2671 Severum,
809 2607 907 2661 sed
939 2616 997 2662 et
1023 2624 1089 2663 ex
1125 2609 1340 2682 duabus
1371 2612 1627 2680 personis
1663 2618 1767 2666 est.
1816 2612 2066 2666 Primum

395 2688 404 2728 ί
430 2712 439 2773 ς
492 2694 774 2761 distincte,
822 2705 879 2752 et
921 2701 1221 2769 separatim
1270 2710 1328 2758 et
1379 2719 1445 2758 ex
1474 2712 1671 2773 parte,
1730 2711 1787 2758 et
1842 2702 2063 2772 propria

486 2785 850 2844 subsistentia
923 2790 1290 2847 substiterant
1365 2804 1602 2860 naturae,
1659 2804 1718 2850 et
1780 2793 2065 2864 propriam

432 2905 441 2937 τ
491 2884 725 2947 utraque
757 2889 1013 2936 naturam
1056 2885 1458 2952 constituerat;
1506 2896 1698 2957 postea
1730 2900 1867 2940 vero
1896 2885 2065 2941 unita;

486 2976 640 3031 sunt,
689 2977 745 3023 et
783 2970 859 3024 ita
918 2981 1074 3027 ortus
1118 2983 1205 3030 est
1246 2974 1436 3031 Severi
1475 2976 1732 3032 Christus
1756 2991 1825 3031 ex
1848 2975 2064 3030 duabus

2173 1883 2443 1952 ρισμένως
2499 1883 2595 1934 καὶ
2647 1879 2751 1934 ἀνά
2796 1880 3029 1951 μέρος.»
3075 1881 3187 1935 Καὶ
3245 1880 3436 1934 πάλιν·
3479 1899 3498 1932 ι
3535 1880 3626 1932 Ἐν
3676 1883 3741 1949 τῇ

2169 1973 2381 2044 ἐπινοίᾳ
2419 1972 2828 2043 διαιρουμέναις
2864 1975 2986 2035 ταῖς
3018 1972 3271 2041 φύσεσιν,
3298 1972 3467 2044 ἤγουν
3507 1973 3745 2027 ὑποστά-

2146 2073 2313 2128 σεσι,
2350 2066 2750 2117 συνεπινοεϊται
2802 2066 2897 2119 καὶ
2931 2064 3001 2118 τὰ
3048 2064 3348 2135 πρόσωπα’
3374 2063 3609 2135 θάτερον
3634 2063 3742 2133 γὰρ

2167 2154 2400 2225 θατέρου
2429 2155 2824 2226 διαιρούμενον,
2845 2156 3005 2219 εὐθὺς
3023 2156 3153 2211 ἴδιον
3178 2156 3547 2227 ἐπιγράφεται
3576 2156 3744 2225 πρόσ-

2167 2264 2337 2302 ωπον.
2364 2265 2383 2298 ι
2419 2248 2483 2300 Ei
2516 2246 2585 2301 τὰ
2648 2247 3070 2312 ίδιοῦποστάτως
3120 2247 3431 2317 ὑφεστῶτα,
3477 2248 3591 2302 ἴδια
3621 2250 3742 2300 ἐπι-

2166 2337 2440 2408 γράφεται
2483 2339 2770 2409 πρόσωπα,
2805 2339 2897 2392 καὶ
2926 2337 2997 2392 τὰ
3024 2339 3373 2409 διῃρημένως
3412 2340 3510 2392 καὶ
3567 2356 3741 2410 κεχω-

2168 2426 2440 2499 ρισμένως
2461 2428 2554 2480 καὶ
2569 2427 2672 2482 ἀνὰ
2698 2426 2865 2497 μέρος
2885 2426 3168 2495 ὑφεστῶτα
3196 2425 3448 2497 διῄρηται
3472 2426 3554 2487 είς
3574 2426 3738 2494 πρόσ-

2164 2534 2324 2573 ωπα·
2355 2519 2385 2572 δ
2415 2518 2472 2571 δὲ
2511 2518 2750 2588 Χριστὸς
2784 2517 2845 2571 οὐ
2911 2518 3072 2587 μόνον
3100 2519 3164 2571 ἐκ
3195 2517 3289 2571 δύο
3322 2515 3537 2586 φύσεών
3566 2519 3737 2580 ἐστιν,

2166 2610 2300 2665 ἀλλὰ
2330 2610 2425 2663 καὶ
2457 2610 2521 2663 ἐκ
2551 2608 2645 2662 δύο
2682 2607 2993 2680 προσώπων
3037 2609 3177 2664 κατὰ
3203 2609 3442 2679 Σευῆρον
3462 2627 3476 2640 ο
3540 2608 3651 2679 ἄρα
3677 2625 3739 2675 γε

2167 2702 2383 2771 πρῶτον
2448 2700 2797 2772 διῃρημένως
2851 2701 2948 2755 καὶ
2998 2701 3422 2771 κεχωρισμένως
3479 2699 3580 2752 καὶ
3640 2698 3737 2752 ἀνὰ

2169 2793 2335 2864 μέρος
2382 2793 2476 2845 καὶ
2527 2791 2915 2855 ίδιοσυστάτως
2968 2792 3281 2862 ὑπέστησαν
3312 2791 3371 2845 αἱ
3399 2789 3618 2859 φύσεις,
3650 2788 3741 2842 ἵνα

2166 2885 2264 2938 καὶ
2292 2880 2427 2936 ἴδιον
2455 2881 2664 2951 ἑκάστη
2697 2880 3074 2952 ἐπιγράφηται
3111 2880 3405 2951 πρόσωπον
3426 2894 3443 2908 ·
3476 2879 3575 2932 καὶ
3617 2878 3738 2931 τότε

2167 2972 2456 3044 ήνώθησαν
2485 2973 2581 3026 καὶ
2604 2969 2779 3033 οὕτως
2802 2969 3141 3039 ἀπετελέσθη
3172 2972 3200 3023 δ
3231 2970 3477 3039 Σευήρου
3507 2967 3740 3037 Χριστὸς

487 3060 707 3115 naturis
749 3069 815 3116 et.
856 3077 888 3117 e
929 3063 1145 3120 duabus
1176 3068 1467 3137 personis;
1499 3067 1647 3137 quod
1669 3067 1766 3136 qui
1794 3080 2058 3134 expresse

2165 3067 2231 3118 ἐκ
2270 3065 2363 3118 δύο
2392 3061 2610 3132 φύσεων
2638 3063 2732 3117 καὶ
2752 3065 2815 3116 ἐκ
2840 3061 2934 3116 δύο
2959 3059 3302 3133 προσώπωνο
3334 3061 3473 3129 ὅπερ
3496 3061 3545 3112 εί
3572 3052 3741 3120 οὕτως

482 3149 819 3208 confirmare
857 3154 1109 3219 auderet,
1141 3173 1251 3211 non
1287 3158 1464 3213 solum
1501 3157 1757 3213 Nestorio
1784 3156 2062 3212 Nestoria-

488 3240 614 3297 nior
645 3249 814 3309 esset,
844 3246 941 3298 sed
973 3246 1094 3314 ipso
1125 3246 1329 3302 Severo
1360 3248 1628 3303 insanior.

559 3419 620 3473 In
664 3434 921 3474 sermone
974 3421 1096 3489 ejus
1143 3421 1199 3475 in
1243 3421 1623 3486 Nativitatem,
1687 3425 1849 3494 cujus
1904 3439 2069 3479 exor-

482 3509 662 3574 dium,
724 3509 808 3575 Ut,
860 3509 1036 3565 lumen
1100 3511 1305 3577 Oriens,
1338 3511 1519 3567 dicit:
1563 3535 1580 3565 ι
1630 3514 1799 3586 Cujus
1853 3524 2065 3571 natura:

487 3600 765 3671 propriam
828 3603 1203 3672 operationem
1270 3605 1517 3659 dicemus
1583 3605 1839 3663 incedere
1899 3622 2066 3677 super

480 3703 683 3758 aquam
707 3691 731 3743 ?
756 3691 1127 3761 respondeant
1164 3693 1257 3762 qui
1286 3701 1409 3763 post
1443 3693 1698 3749 unionem
1740 3695 1879 3751 duas
1904 3708 2064 3751 natu-

487 3796 577 3836 ras
600 3781 831 3852 ﬁngunt.
885 3783 1080 3840 Utrum
1139 3783 1373 3840 divinae?
1428 3784 1498 3840 At
1534 3802 1644 3856 quo
1667 3790 1828 3858 pacto'
1859 3788 2064 3844 divini-

484 3873 620 3929 tatis
672 3874 957 3944 proprium
1030 3877 1314 3946 corporeis
1371 3877 1609 3947 pedibus
1664 3879 1923 3950 ingredi?
1974 3882 2059 3937 An

487 3963 786 4019 humanae?
832 3964 990 4030 Vide,
1024 3965 1258 4021 duarum
1317 3974 1644 4022 naturarum
1690 3978 1924 4034 amator,
1970 3971 2061 4026 cui

482 4062 693 4110 tantam
724 4057 1101 4126 operationem
1134 4058 1377 4124 tribuas;
1414 4075 1539 4114 nam
1567 4076 1631 4115 ea
1664 4071 1890 4117 naturas
1916 4070 2059 4129 tuas,

488 4154 549 4200 ut
596 4148 803 4212 cernis,
852 4148 1012 4220 fugit.
1068 4150 1139 4204 At
1193 4159 1406 4206 certum
1448 4160 1552 4215 est,
1616 4161 1672 4208 et
1715 4153 1851 4208 nulli
1890 4153 2063 4209 dubio

486 4239 807 4303 obnoxium,
841 4241 949 4295 nisi
1003 4250 1197 4311 sponte
1240 4241 1508 4310 furamus,
1569 4245 1682 4300 Deo
1723 4246 1906 4302 Verbo
1933 4260 2063 4315 pro-

484 4340 610 4400 pter
634 4348 735 4388 nos
766 4332 1074 4399 incarnato,
1120 4335 1216 4388 uni
1259 4344 1316 4390 et
1368 4336 1680 4403 individuo,
1712 4338 2059 4394 individuam

2160 3152 2301 3222 ἔχει,
2336 3151 2398 3204 ού
2424 3151 2583 3221 μόνον
2617 3149 2733 3205 ἐστὶ
2766 3149 3060 3218 Νεστορίου
3091 3145 3620 3216 Νεστοριανώτερον,
3650 3145 3739 3198 άλ-

2164 3242 2235 3296 λά
2257 3242 2351 3295 καὶ
2372 3239 2537 3295 αὑτοῦ
2570 3242 2811 3311 Σευήρου
2841 3239 3214 3310 ἀνοητότερον.
3242 3236 3512 3307 Φύγωμεν
3541 3231 3635 3289 οὖν
3651 3235 3736 3288 τὸν

2165 3332 2516 3401 διπρόσωπον
2538 3331 2684 3400 ὅφιν.

2245 3423 2335 3477 Ἕν
2393 3422 2471 3492 τῷ
2521 3422 2666 3490 λόγῳ
2715 3419 2884 3474 αὐτοῦ
2940 3420 3018 3491 τῷ
3048 3421 3127 3482 είς
3180 3419 3251 3473 τὰ
3298 3416 3581 3478 Γενέθλια,
3612 3410 3735 3485 abi;

2163 3514 2331 3585 ἀρχὴ,
2365 3515 2593 3580 Ὠσπερ
2650 3512 2717 3566 τὸ
2774 3510 2885 3579 τῆς
2927 3509 3150 3579 ἡμέρας
3209 3507 3336 3578 φῶς
3379 3507 3731 3568 ἀνατέλλον,

2163 3607 2344 3675 λέγει·
2393 3625 2410 3657 ι
2435 3605 2602 3667 Ποίας
2628 3600 2723 3657 οὖν
2749 3602 2964 3671 φύσεως
3001 3601 3142 3653 ίδίαν
3168 3600 3463 3669 ἐνέργειαν
3494 3598 3731 3665 εἴπωμεν

2162 3699 2223 3751 τὸ
2254 3698 2487 3768 βαδίζειν
2518 3696 2611 3749 ἐπὶ
2626 3694 2718 3748 τοῦ
2749 3693 2965 3757 ὓδατος,
3000 3689 3503 3763 ἀποκρινάσθωσαν
3524 3688 3571 3742 oi
3605 3688 3732 3758 μετά

2161 3788 2261 3859 τὴν
2289 3788 2482 3841 ἕνωσιν
2512 3788 2646 3857 ἡμῖν
2706 3784 2804 3849 τάς
2859 3784 2953 3838 δύο
2999 3783 3193 3852 φύσεις
3241 3781 3579 3848 εἰσάγοντες.
3629 3780 3732 3849 Τῆς

2164 3879 2343 3944 θείας;
2367 3879 2478 3931 Καὶ
2505 3878 2622 3941 πῶς
2650 3876 2904 3946 θεότητος
2941 3875 3095 3939 ἴδιον,
3127 3873 3189 3927 τδ
3222 3876 3560 3944 σωματικοῖς
3605 3873 3733 3924 ίὲναι

2163 3968 2355 4034 ποσίν;
2408 3966 2568 4020 Ἀλλά
2598 3966 2697 4034 τῆς
2734 3965 3115 4035 ἀνθρωπίνης;
3147 3965 3260 4017 Καὶ
3296 3963 3416 4026 πῶς
3452 3964 3559 4016 οὐκ
3586 3962 3736 4016 ἀλλό-

2163 4076 2313 4128 τριον
2340 4057 2629 4128 ἀνθρώπου
2646 4057 2816 4110 σιιὸὲπ)⁸
2839 4056 2939 4126 τῆς
2967 4058 3141 4125 ὑγρᾶς
3166 4055 3353 4118 οὐσίας
3385 4056 3730 4125 περιπατεῖνς

2177 4149 2341 4220 Ὁρᾷς
2363 4147 2392 4198 ὁ
2419 4146 2519 4209 τὰς
2554 4144 2648 4199 δύο
2680 4146 2874 4215 φύσεις
2924 4144 3221 4215 ἐπιζητῶν,
3242 4147 3293 4198 εί
3326 4143 3587 4212 τοιαύτην
3616 4146 3731 4196 ἐπι-

2165 4239 2398 4311 γράψεις
2437 4238 2749 4309 ἐνέργειαν’
2798 4237 2897 4300 τὰς
2945 4237 3054 4306 γὰρ
3112 4236 3206 4300 σάς
3240 4235 3454 4305 φύσεις,
3485 4236 3563 4298 ὡς
3584 4236 3732 4304 δρᾷς,

2165 4333 2552 4400 διαπέφευγεν.
2597 4328 2760 4384 Ἀλλά
2789 4328 3059 4399 πρόδηλον
3101 4327 3197 4380 καὶ
3226 4327 3479 4397 οὐδαμῶς
3502 4326 3733 4395 ἀμφίδο-

483 4435 709 4491 quoque
748 4420 934 4477 inesse
967 4423 1350 4491 operationem
1375 4441 1390 4489 ;
1419 4426 1709 4496 proprium
1739 4428 1913 4497 ipsius
1939 4437 2059 4484 erat

2166 4424 2277 4488 λον,
2320 4424 2370 4475 εί
2418 4421 2492 4492 μὴ
2537 4422 2756 4484 ἑκόντες
2795 4420 3087 4491 μεθύομεν,
3113 4420 3191 4483 ὡς
3236 4419 3330 4473 τοῦ
3375 4418 3514 4472 Θεοῦ
3560 4420 3732 4485 Λόγου

484 4523 653 4578 super
703 4525 904 4579 aquam
960 4511 1249 4579 incedere,
1304 4506 1435 4569 cum
1487 4515 1539 4570 id
1592 4516 1758 4571 simul
1808 4518 2059 4574 divinum

484 4601 562 4655 sit
610 4609 668 4655 et
717 4602 1045 4659 humanum.
1105 4624 1124 4657 ι
1183 4605 1316 4672 Quae
1365 4606 1737 4663 disserentem
1792 4609 2057 4666 Severum

487 4691 967 4762 phantasmatibus
1005 4696 1175 4751 credo
1198 4697 1432 4753 illudere
1453 4698 1760 4755 auditores.
1811 4701 1947 4755 Nam
2012 4703 2058 4758 si

486 4795 590 4837 nec
644 4781 848 4839 divinae
914 4800 1018 4841 uec
1079 4786 1334 4843 humanae
1384 4797 1598 4844 natura:
1650 4789 1831 4846 fuerat
1891 4808 2059 4863 super

482 4888 684 4942 aquam
723 4873 1104 4942 deambulare,
1140 4880 1228 4934 vel
1264 4886 1387 4934 erat
1425 4879 1533 4934 hoc
1578 4894 1730 4934 mera
1774 4881 1936 4948 visio,
1968 4883 2056 4936 vel

482 4976 643 5021 actus
695 4982 807 5022 non
865 4968 1087 5041 integra
1138 4972 1452 5029 divinitatis
1492 4975 1925 5031 humanitatisve
1956 4992 2057 5031 na-

487 5063 607 5110 tura
654 5057 961 5127 perfectus,
1006 5061 1105 5116 sed
1145 5072 1347 5118 natura
1385 5079 1452 5119 ex
1499 5064 1622 5119 istis
1670 5064 1963 5134 permista,
2002 5072 2060 5120 et

485 5158 584 5212 per
616 5147 994 5204 confusionem
1048 5151 1324 5207 absoluta.
1370 5152 1527 5210 Unde
1550 5162 1746 5209 neutra
1782 5169 1915 5223 pura
1946 5169 2062 5208 ser—

483 5235 740 5304 vabitur;
782 5241 879 5294 sed
914 5240 1008 5294 uni
1042 5250 1254 5296 natura:
1290 5243 1591 5309 tribuetur,
1642 5243 2060 5314 qualiscunque

483 5326 577 5390 sit,
624 5329 927 5385 ambulatio
966 5346 1133 5402 super
1162 5348 1383 5402 aquam,
1437 5343 1498 5389 ut
1550 5334 1804 5404 operatio
1836 5344 2057 5391 maneat

483 5432 595 5473 una
648 5427 705 5475 et
755 5421 1064 5478 individua.
1116 5423 1253 5495 Age,
1305 5440 1473 5495 super
1521 5434 1730 5479 terram
1773 5427 2058 5483 ambulare

485 5509 685 5566 divinae
707 5520 920 5570 naturae
943 5524 1083 5582 erat,
1106 5533 1175 5571 an
1197 5517 1451 5572 humana:
1469 5517 1659 5573 ?Nihil
1691 5518 1806 5573 Deo
1833 5518 2057 5589 dignum

487 5601 736 5654 cernitur
765 5618 889 5656 cum
929 5606 1186 5680 humanae
1225 5615 1441 5663 naturae
1482 5608 1701 5681 legibus
1730 5608 1898 5679 pedes
1943 5617 2058 5664 ter-

491 5700 605 5740 ram
655 5691 902 5757 calcant;
953 5711 1085 5751 sane
1132 5699 1207 5753 ita
1259 5699 1433 5754 divisa
1476 5708 1561 5755 est
1599 5717 1707 5757 una
1741 5710 1961 5767 natura,
2003 5708 2057 5755 ct

2164 4513 2259 4568 τοῦ
2289 4514 2358 4568 δι’
2387 4515 2535 4585 ἡμᾶς
2566 4512 2960 4583 σαρκωθὼτος,
2984 4512 3102 4574 ὲνδς
3141 4512 3237 4565 καὶ
3270 4511 3578 4583 ἀμερίστου
3598 4526 3729 4575 τυγ-

2161 4605 2440 4675 χάνοντος,
2483 4601 2780 4672 ἀμέριστος
2832 4601 3068 4671 ὑπάρχει
3111 4600 3206 4654 καὶ
3241 4603 3276 4670 ἠ
3323 4602 3608 4671 ἐνέργεια·
3643 4601 3735 4651 καὶ

2161 4693 2294 4746 ίδιον
2318 4689 2386 4764 ἦν
2412 4691 2579 4747 αὐτοῦ
2602 4692 2664 4745 τὸ
2693 4691 2944 4756 πεζεύειν
2970 4692 3063 4745 ἐπὶ
3109 4692 3201 4744 τοῦ
3233 4691 3447 4755 ὓδατος,
3472 4692 3533 4744 ἐν
3554 4690 3735 4759 ταυτῷ

2159 4785 2218 4837 τὸ
2248 4782 2551 4851 θεοπρεπὲς
2580 4782 2721 4852 ἔχων
2743 4782 2837 4834 καὶ
2860 4782 2921 4835 τὺ
2962 4779 3326 4853 ἀνθρώπινον.
3354 4798 3373 4831 ι
3406 4781 3537 4833 Ὅτε
3562 4779 3734 4834 ταῦτα

2157 4875 2427 4943 διελέγετο
2463 4875 2727 4944 Σευῆρος,
2775 4868 2933 4943 οἴμαι
2982 4873 3146 4926 αὑτὸν
3195 4870 3735 4942 φαντασιοκοποῦντα

2160 4968 2378 5032 παίζειν
2409 4967 2538 5029 τοὺς
2564 4965 2861 5036 ἀκροατάς.
2896 4964 2959 5017 Εἰ
2987 4965 3127 5034 μήτε
3151 4964 3251 5031 τῆς
3281 4962 3433 5025 θείας
3468 4963 3610 5031 μήτε
3635 4962 3734 5029 τῆς

2157 5057 2504 5128 ἀνθρωπίνης
2525 5056 2742 5126 φύσεως
2763 5052 2831 5127 ἦν
2852 5058 2911 5110 τὸ
2940 5057 3266 5128 περιπατεῖν
3291 5054 3384 5109 ἐπὶ
3407 5054 3500 5107 τοῦ
3521 5053 3731 5115 ὓδατος.

2159 5149 2192 5220 ἢ
2224 5119 2498 5217 φαντασία
2526 5119 2616 5218 ἦν,
2648 5147 2682 5211 ἢ
2718 5119 2954 5214 φύσεως,
2992 5119 3117 5200 ο-ύτε
3133 5144 3490 5215 θεῖκῆς,οὖτε
3533 5143 3732 5215 ἀνθρω-

2161 5240 2323 5310 πίνης
2367 5240 2647 5311 καθαρῶς,
2691 5237 2804 5292 ἀλλ*
2851 5240 2916 5290 ἐκ
2946 5237 3150 5291 τούτων
3193 5237 3374 5307 μίγμα
3420 5234 3608 5305 οὔσης,
3639 5233 3733 5287 καὶ

2159 5330 2248 5384 διά
2281 5329 2600 5400 συγχύσεως
2650 5325 3134 5397 ἀποτελεσθείσης.
3187 5325 3276 5389 Ὠς
3311 5323 3434 5395 μηδ’
3467 5324 3733 5393 ὁποτέραν

2159 5421 2474 5492 ἀκραιφνῶς
2517 5419 2815 5484 σώζεσθαι,
2850 5418 3097 5472 δεδόσθαι
3117 5418 3174 5470 δὲ
3207 5417 3306 5485 τῆς
3332 5417 3463 5483 μιᾶς
3496 5415 3733 5484 φύσεως.

2160 5515 2259 5585 τῆς
2279 5509 2670 5583 οἱασδηποτοῦν
2695 5505 2838 5565 εἶναι
2871 5510 2963 5565 τὸν
3001 5509 3094 5562 ἐπὶ⁵
3126 5506 3220 5561 τοῦ
3255 5506 3453 5568 ὓδατος
3499 5505 3735 5576 περίπαο

2160 5623 2272 5671 τον,
2303 5604 2390 5658 ἴνα
2412 5604 2505 5659 καὶ
2524 5605 2557 5672 ἡ
2588 5603 2839 5675 ἐνέργεια
2872 5602 2971 5673 μία
3005 5601 3099 5655 καὶ
3123 5599 3420 5669 ἀμέριστος
3536 5597 3610 5650 Τδ
3640 5595 3733 5647 ἐπὶ

2163 5700 2260 5770 τῆς
2294 5693 2465 5770 ξηρᾶς
2501 5697 2847 5768 περιπατεῖν,
2886 5694 3038 5758 θείας
3084 5692 3297 5760 φύσεως
3333 5685 3424 5758 ἦν.
3459 5686 3739 5766 ἢάνξρθῖ
