3958 6288
120 311 222 377 925

1139 322 1497 381 EPISTOLA
1535 325 1631 382 DE
1671 325 1974 384 DUABUS
2011 323 2368 383 NATURIS.

3259 312 3363 372 9’26

120 423 279 492 πίνης
299 439 314 488 ;
338 423 510 477 Οὐδᾶν
539 425 647 494 γὰρ
678 425 976 497 θεοπρεπὲς
1005 429 1224 498 ὁρᾶται,
1258 431 1440 500 νόμοις
1470 430 1683 502 ἀνθρω-

1797 430 2064 499 propriam
2113 428 2495 498 operationem
2535 442 2787 482 seorsum
2820 420 3074 480 exhibuit
3107 417 3362 474 humani-

118 514 280 583 πίνης
313 514 525 583 φύσεως
557 519 733 570 ποδῶν
769 518 1212 588 περιπατούντων
1245 522 1337 573 ἐπὶ
1365 521 1465 590 τῆς
1488 522 1613 590 γῆς’
1647 522 1680 590 ἢ

1789 530 1872 575 tas
1900 537 1930 575 a
1962 519 2248 574 divinitate
2276 518 2543 586 sejuncta.

118 604 236 657 τότε
267 606 530 676 ἐμερίσθη
573 610 606 679 ἡ
646 609 744 677 μία
807 612 990 680 φύσις,
1036 613 1133 664 καὶ
1173 613 1271 684 τὴν
1313 614 1521 667 οἰκείαν
1590 614 1877 685 ἐνέργειαν
1918 613 2040 666 καθ’
2075 613 2278 680 ἑαυτὴν
2319 609 2665 662 ἐπεδείκνυτο
2733 611 2768 677 ἡ
2826 603 3184 676 ἀνθρωπότης
3228 605 3367 656 ἀπο·

123 696 440 767 μερισθεῖσα
462 699 561 768 τῆς
594 698 800 770 θεῖκῆς.

201 787 360 840 Ἀλλά
405 789 826 858 πρόδηλον,καὶ
854 794 1104 864 οὐδαμῶς
1154 795 1478 865 ἀμφίϐολον,
1527 797 1576 848 εί
1613 795 1688 865 μὴ

120 877 335 940 ἑκόντες
369 877 661 949 μεθύομεν,
710 883 804 934 καὶ
841 883 1107 952 παίζομεν
1152 883 1220 937 τὰ
1266 884 1533 947 ᾶπαικτα,
1565 885 1688 937 ὅσαι

119 970 370 1022 ταπειναί
419 970 590 1036 λέξεις
621 974 714 1025 καὶ
749 972 884 1045 ἔργα
929 976 1010 1037 είς
1039 975 1100 1027 τὺ
1144 975 1303 1046 σῶμα
1331 975 1424 1029 τοῦ
1476 975 1684 1045 Κυρίου

121 1060 479 1129 γεγραμμένα
509 1064 646 1113 νοεῖν
663 1061 795 1134 χρή-⁸
813 1064 903 1116 καὶ
920 1065 1022 1118 ὅσα
1054 1064 1239 1131 ἔνδοξα
1275 1067 1578 1137 πράγματα
1606 1069 1686 1130 είς

121 1145 216 1216 τὴν
233 1146 325 1199 τοῦ
345 1148 519 1216 Λόγου
539 1148 786 1221 θεότητα.
814 1153 982 1205 Ὅταν
999 1153 1172 1220 πεινᾷ
1183 1155 1332 1223 μετὰ
1349 1155 1412 1208 τό
1430 1155 1686 1222 νηστεῦ-

120 1252 242 1300 σαι,
274 1239 368 1291 τοῦ
421 1239 673 1311 σώματος
707 1242 993 1313 ἐλάττωμα
1019 1240 1087 1315 ἦν
1107 1261 1120 1274 ο
1157 1245 1319 1314 ἡνίκα
1351 1245 1406 1298 δὲ
1437 1247 1501 1298 ἐκ
1525 1245 1685 1298 πέντε

121 1329 299 1399 ἄρτων
331 1315 858 1400 πενὶακισχιλίους
896 1334 1117 1402 ἄνδρας
1163 1338 1340 1406 χωρὶς
1390 1335 1690 1406 γυναικῶν

118 1421 314 1493 τρέφῃ,
348 1423 440 1474 καὶ
493 1423 721 1477 δώδεκα
767 1425 1055 1494 κοφίνους
1106 1427 1469 1494 κλασμάτων
1494 1444 1689 1498 περισ-

120 1510 271 1580 σεύῃ,
316 1511 413 1578 τῆς
445 1511 701 1583 θεότητος
726 1513 820 1567 τοῦ
869 1515 1046 1582 Λόγου
1079 1515 1262 1587 ἔργον.
1297 1517 1466 1570 Ὅταν
1493 1517 1591 1571 ἐπὶ
1619 1516 1686 1570 τὸ

116 1601 607 1670 προσκεφάλαιον
657 1605 728 1657 ἑν
774 1604 854 1669 τῷ
903 1606 1094 1670 πλοίῳ
1123 1606 1406 1674 καθεύδῃ,
1435 1608 1685 1661 ἀναπαύ-

1866 794 1933 847 At
1972 790 2329 846 manifestum
2353 795 2438 843 est
2458 795 2514 840 et
2541 785 2748 852 absque
2777 783 2890 835 ullo
2920 781 3092 837 dubio
3119 789 3362 843 certum,

1792 885 1898 939 nisi
1933 884 2172 938 libenter
2202 880 2543 935 insaniamus
2573 884 2630 931 et
2663 874 2810 930 seria
2860 871 3231 933 derideamus,
3257 870 3363 922 hu-

1792 979 1950 1033 miles
1976 992 2224 1046 quosqne
2253 987 2539 1029 sermones
2559 979 2616 1024 et
2651 977 2806 1022 actus
2829 966 2885 1019 in
2911 979 3112 1034 corpus
3146 962 3362 1016 Domini

1791 1085 1914 1125 esse
1963 1067 2323 1130 referendos;
2386 1064 2629 1118 illustres
2675 1075 2806 1113 vero
2844 1057 2908 1111 ad
2966 1058 3140 1126 ipsam
3194 1052 3362 1105 Verbi

1792 1161 2157 1216 divinitatem.
2216 1156 2372 1222 Quod
2425 1155 2472 1208 si
2517 1152 2697 1206 esuriit
2742 1157 3020 1220 postquam
3066 1146 3363 1215 jejunasset

1794 1253 2002 1324 (Matth.
2023 1267 2095 1317 ιν,
2123 1248 2203 1319 2),
2222 1263 2428 1317 corpus
2457 1259 2590 1300 sane
2611 1241 2848 1306 defecit;
2878 1238 3101 1309 quando
3129 1251 3260 1291 vero
3297 1251 3365 1290 ex

1793 1343 2038 1412 quinque
2081 1338 2336 1409 panibus,
2369 1337 2597 1405 quinque
2633 1328 2802 1384 millia
2836 1330 3070 1381 virorum
3091 1366 3105 1389 ,
3140 1325 3364 1392 exceptis

1797 1433 2120 1496 mulieribus,
2145 1427 2434 1491 saturavit,
2469 1432 2526 1478 ct
2562 1422 2832 1477 duodecim
2857 1418 3065 1488 cophini
3094 1417 3367 1485 fragmen-o

1795 1535 1971 1579 torum
2011 1521 2154 1594 pleni
2202 1517 2602 1588 superfuerunt
2645 1511 2854 1584 (Matth.
2895 1526 3002 1572 xw,
3054 1507 3122 1561 20
3165 1518 3220 1560 et
3247 1506 3362 1573 ει),

1794 1616 2105 1673 divinitatis
2129 1615 2236 1667 hoc
2273 1609 2442 1666 Verbi
2480 1622 2642 1678 opus.
2669 1604 2805 1659 Cum
2850 1618 3008 1671 super
3046 1597 3268 1654 cervical
3308 1600 3364 1651 in

115 1706 252 1754 σεως
273 1694 592 1764 σωματικῆς
621 1695 815 1766 ἔργον·
847 1697 974 1751 ὅταν
1004 1697 1059 1750 δὲ
1084 1697 1422 1766 περιπατῶν
1455 1698 1554 1752 ἐπὶ
1576 1698 1686 1766 τῆς

1797 1710 1912 1764 navi
1951 1708 2144 1762 dormit
2170 1705 2357 1776 (Marc.
2390 1717 2463 1763 tv,
2488 1699 2557 1754 56
2582 1696 2723 1766 seq.)
2749 1736 2764 1759 ,
2789 1692 3133 1764 quiescentis
3166 1705 3366 1757 corpo-

114 1782 183 1832 θα
200 1781 429 1850 ὶὰσσης
480 1785 678 1856 ἀπειλῇ
724 1791 838 1851 τοῖς
887 1789 1094 1858 κύμασι
1129 1792 1225 1842 καὶ
1279 1793 1392 1854 τοῖς
1433 1792 1679 1860 ἀνέμοις,

112 1870 272 1934 εὐθὺς
322 1874 517 1928 ἀκούει
556 1877 708 1948 παρά
755 1879 864 1932 τῶν
909 1881 966 1932 ἐν
1019 1878 1096 1948 τῷ
1149 1879 1316 1949 πλοίῳ
1370 1883 1488 1950 μεθ’
1518 1883 1682 1952 ὅρκου

109 1957 548 2028 ὁμολογούντων,
577 1965 837 2034 Ἀληθῶς
872 1968 1020 2021 Θεοῦ
1055 1970 1186 2033 Υἱός
1209 1970 1397 2024 ἐστιν.
1438 1972 1684 2025 Ἀκόλου-

110 2047 199 2101 θον
240 2050 349 2120 γὰρ
381 2047 470 2123 ἦν,
504 2053 838 2109 ἀναλαϐόντα
888 2058 1049 2110 αὐτὸν
1099 2056 1276 2129 σῶμα,
1316 2060 1586 2114 δεικνύναι
1616 2063 1683 2116 τὰ

110 2143 216 2196 ῐδια
249 2146 344 2197 τοῦ
384 2146 662 2216 σώματος,
717 2150 807 2203 ἵνα
865 2151 942 2221 μὴ
993 2152 1025 2221 ἡ
1083 2155 1354 2220 φαντασία
1381 2152 1474 2206 τοῦ
1517 2154 1680 2207 ἀθέου

108 2237 414 2306 Μανιχαίου
449 2242 722 2312 κρατήσῃ.
769 2242 1087 2296 Ἀκόλουθον
1122 2244 1176 2297 δὲ
1199 2245 1358 2298 πάλιν
1379 2241 1466 2316 ἦν,
1498 2263 1683 2315 σωμα-

109 2327 276 2391 τικῶς
315 2331 478 2384 αὐτὸν
512 2332 756 2396 ἐλθόντα,
782 2333 856 2403 μὴ
895 2334 1099 2404 κρύψαι
1138 2337 1207 2389 τὰ
1257 2336 1356 2405 τῆς
1391 2336 1678 2407 θεότητος·

109 2418 345 2490 ἀλλὀὐχ
372 2421 487 2490 ἅμα
526 2423 704 2477 πάντα
739 2425 1110 2491 ἐπεδείκνυτο,
1145 2428 1362 2496 ἑκάστῳ
1402 2427 1458 2480 δὲ
1507 2429 1683 2498 καιρῷ

111 2510 204 2562 καὶ
233 2511 520 2582 πράγματι
554 2515 903 2585 ἁρμοζόντως
945 2520 1037 2571 καὶ
1077 2519 1448 2589 καταλλήλως.
1495 2519 1552 2571 '0
1585 2520 1682 2586 μὲν

110 2600 201 2654 οὖν
241 2604 562 2674 περίπατος,
593 2607 722 2662 ,τῶν
752 2607 848 2660 τοῦ
883 2607 1135 2678 σώματος
1179 2604 1247 2679 ἦν
1294 2609 1468 2662 ποδῶν
1488 2625 1502 2640 ο
1534 2610 1594 2662 τὸ
1627 2609 1682 2662 δὲ

110 2694 202 2746 ἐπὶ
229 2695 338 2748 τῶν
364 2697 706 2769 ύδάτων,ξτῆς
729 2699 914 2770 θεῖκῆς
937 2700 1215 2770 δυνάμεως
1244 2700 1423 2772 ἔργον.
1470 2702 1556 2764 Ὠς
1577 2704 1683 2772 γὰρ

111 2785 293 2840 οὐκέτι
329 2789 398 2841 τὰ
438 2791 536 2859 τῆς
584 2791 786 2860 σαρκὸς
823 2791 1113 2861 ἰδιώματα,
1152 2791 1231 2862 τῷ
1274 2793 1332 2844 ἐν
1374 2794 1514 2862 ἀρχῇ
1570 2791 1682 2845 δντι

113 2875 554 2950 ἐπιθεωρηθῆναι
585 2881 762 2951 Λόγῳ,
793 2881 968 2944 οὕτως
1001 2883 1161 2935 πάλιν
1185 2881 1308 2935 οὐδέ
1334 2881 1402 2935 τὰ
1439 2882 1537 2950 τῆς
1565 2881 1683 2934 θεό-

112 2984 275 3038 τητος
317 2969 444 3036 ῐδια,
492 2973 553 3024 ἐν
597 2973 663 3039 τῇ
717 2970 818 3041 τῆς
861 2972 1062 3041 σαρκὸς
1122 2972 1282 3041 φύσει
1330 2973 1680 3042 κατανοῆσαι.

1793 1799 1871 1852 ris
1899 1795 2217 1867 proprium;
2264 1789 2488 1862 quando
2531 1801 2662 1841 vero
2707 1800 2865 1853 super
2903 1797 3051 1835 mare
3082 1777 3362 1832 ambulans

1791 1887 2054 1943 ﬂuctibus
2076 1883 2445 1939 comminatus
2465 1887 2550 1934 est
2571 1886 2624 1932 et
2645 1876 2844 1939 ventis,
2876 1872 3060 1927 statim
3086 1870 3241 1924 audit
3267 1883 3364 1922 eos

1791 1979 1887 2048 qui
1929 1978 1984 2032 in
2015 1977 2268 2031 navicula
2296 1982 2488 2037 erant,
2527 1985 2652 2024 cum
2698 1968 3013 2038 iuramento
3057 1960 3307 2015 conﬁteri
3345 1976 3360 2012 :

1794 2069 1920 2124 Vere
1969 2068 2133 2121 Filius
2171 2067 2264 2120 Dei
2317 2082 2368 2119 es
2406 2061 2633 2134 (Matth.
2693 2073 2803 2122 xw,
2855 2053 3075 2122 24-35).
3123 2051 3364 2104 Decebat

1792 2161 1941 2216 enim
1970 2160 2248 2222 ,Verbum,
2305 2171 2541 2225 corpore
2592 2158 2870 2221 suscepto.
2908 2162 2972 2200 ea
3005 2144 3170 2198 etiam
3203 2143 3330 2196 exhi

1794 2256 1928 2310 bere
1955 2270 2076 2324 quae
2100 2252 2351 2322 corporis
2382 2259 2533 2311 sunt,
2557 2265 2626 2302 ne
2660 2246 2814 2316 impii
2861 2239 3146 2297 Mauichaei
3185 2238 3363 2306 phan-

1795 2354 1966 2398 tasma
1992 2344 2262 2397 vinceret.
2294 2339 2537 2394 Decebat
2575 2338 2773 2391 iterum
2804 2333 2963 2392 illud.
2999 2341 3232 2399 corpore
3261 2343 3362 2396 ap-

1791 2442 2039 2504 parente,
2072 2448 2183 2487 non
2218 2430 2441 2486 omnino
2465 2430 2637 2484 latere
2663 2441 2784 2496 quae
2814 2422 3126 2479 divinitatis
3162 2425 3358 2483 erant;

1790 2535 1849 2579 at
1897 2541 2006 2578 non
2041 2533 2276 2601 utraque
2330 2522 2494 2577 simul
2537 2502 3077 2588 conspiciebantur,
3115 2513 3211 2568 sed
3263 2526 3361 2580 pro

1786 2623 2101 2684 temporum
2137 2623 2193 2668 et
2223 2628 2410 2668 rerum
2449 2611 2662 2665 ratione
2685 2606 3083 2664 convenienter
3110 2611 3166 2658 et
3190 2602 3359 2655 vicis-

1790 2709 1918 2763 sim.
1952 2708 2271 2762 Ambulatio
2305 2706 2529 2775 quidem
2563 2703 2765 2773 pedum
2806 2710 2926 2756 erat
2953 2699 3235 2767 corporis;
3265 2712 3359 2750 su-

1790 2817 1890 2871 per
1911 2814 2083 2868 aquas
2107 2813 2242 2852 vero
2269 2795 2592 2864 ambulatio,
2619 2793 2821 2847 divina:
2863 2789 3156 2860 potestatis
3197 2802 3357 2856 opus.

1788 2893 1922 2946 Nam
1958 2890 2126 2944 veluti
2168 2887 2352 2943 carnis
2405 2885 2774 2956 proprietates
2809 2883 2878 2935 de
2906 2882 3086 2934 Verbo
3123 2881 3175 2932 in
3209 2878 3364 2946 prin-

1791 2982 1936 3050 cipio
1985 2979 2305 3036 subsistenti
2352 2975 2581 3047 cogitari
2640 2989 2752 3028 non
2807 2981 3036 3042 possunt
3065 3010 3078 3034 ,
3134 2970 3208 3022 ita
3256 2983 3362 3021 nec

127 3056 266 3108 Ἀλλ’
303 3058 532 3111 ἑκάστου
564 3058 625 3111 τὸ
665 3059 795 3112 ίδιον
839 3058 1220 3127 γινώσκοντες,
1264 3062 1357 3116 καὶ
1401 3063 1686 3132 ἀμφότερα

1797 3072 2108 3126 dormitatio
2154 3069 2379 3139 propria
2419 3066 2604 3121 carnis
2651 3071 2860 3118 natura:
2903 3058 3215 3113 tribuenda.
3253 3055 3360 3110 Sed

115 3146 172 3212 ἐξ
196 3147 316 3212 ένὺς
349 3150 697 3220 πραττόμενα
731 3150 1041 3220 βλέποντες,
1071 3151 1249 3222 ὀρθῶς
1283 3153 1636 3224 πιστεύομεν.

183 3325 351 3378 Πάλιν
377 3328 434 3379 ἐν
460 3327 537 3396 τῷ
565 3327 708 3396 λόγῳ
740 3326 923 3391 αύτοῦζ
945 3329 1021 3399 τῷ
1045 3331 1510 3400 ἐπιγεγραμμένῳ
1543 3334 1687 3385 Φιλ-

114 3419 345 3487 αλήθει,
381 3421 582 3488 γράφει
608 3435 621 3449 ·
653 3439 670 3470 ι
696 3421 759 3471 Εί
790 3422 817 3472 6
846 3421 1015 3488 Λόγος
1049 3423 1447 3492 κατεργάζεται
1501 3424 1568 3476 τά
1593 3424 1686 3476 τοῦ

113 3511 314 3580 Λόγου,
352 3511 412 3562 τὸ
445 3510 501 3564 δὲ
531 3508 690 3580 σῶμα
722 3510 933 3563 ἐκτελεϊ
961 3512 1030 3564 τὰ
1065 3513 1158 3565 τοῦ
1194 3512 1468 3582 σώματος,
1505 3514 1596 3566 καὶ
1627 3516 1688 3568 τὸ

115 3605 213 3673 μὲν
261 3601 556 3672 διαλάμπει
606 3604 717 3665 τοῖς
767 3601 1028 3671 θαύμασι,
1076 3604 1138 3655 τὸ
1193 3603 1250 3657 δὲ
1296 3607 1408 3668 τοῖς
1458 3605 1688 3661 πάθεσιν

113 3693 531 3756 ύποπέπτωκεν,
580 3693 612 3762 ἡ
649 3693 906 3746 κοινωνία
941 3693 1048 3745 τῶν
1089 3695 1313 3765 μορφῶν
1344 3697 1568 3765 σχετική
1605 3697 1689 3761 τίς

114 3787 250 3850 ἐστι,
287 3783 384 3838 καὶ
430 3782 824 3853 ύπογνωμικῆς
855 3783 1172 3848 διαθέσεως,
1209 3784 1391 3848 καθὼς
1432 3788 1460 3838 6
1510 3805 1690 3858 παρα-

115 3876 256 3946 πλὴξ
297 3874 400 3946 ἔφη
435 3874 746 3944 Νεστόριος.
798 3875 861 3927 Εἰ
909 3874 986 3939 δὲ,
1029 3875 1167 3946 ὅπερ
1224 3877 1370 3928 ἐστὶν
1409 3876 1628 3947 ἀληθὲς,
1662 3880 1692 3931 6

116 3967 286 4033 Λόγος
337 3965 433 4035 τὴν
491 3966 666 4033 σάρκα
723 3964 1200 4034 μετεστοιχείωσεν
1230 3967 1311 4027 είς
1354 3965 1453 4036 τὴν
1493 3967 1689 4020 ἐαυτοῦ

115 4058 270 4123 δόξαν
296 4076 357 4111 τε
405 4058 498 4112 καὶ
533 4058 836 4129 ἐνέργειαν,
874 4056 991 4119 πῶς
1026 4056 1187 4111 πάλιν
1235 4057 1375 4111 κατὰ
1403 4059 1494 4111 τὸν
1527 4059 1692 4128 τόμον

117 4151 343 4212 Λέοντος
380 4148 652 4218 εἴπωμεν·
709 4147 999 4202 Φυλάττει
1046 4148 1155 4216 γὰρ
1216 4148 1465 4218 ἑκατέρα
1507 4151 1692 4218 φύσις

119 4239 492 4304 ἀνελλειπῶς
541 4239 656 4306 τὴν
714 4237 939 4306 ἑαυτῆς
977 4239 1543 4306 ίδιότητα;Φαίνεται
1583 4241 1690 4313 γὰρ

120 4331 174 4384 ἐν
201 4331 416 4392 πολλοῖς
442 4331 469 4382 6
492 4329 664 4396 Λόγος
702 4328 775 4400 μὴ
810 4329 1107 4399 συγχωρῶν
1134 4333 1197 4400 τῇ
1234 4331 1343 4401 ἰδίᾳ
1381 4334 1566 4402 σαρκὶ,
1600 4333 1688 4386 διὰ

119 4423 224 4475 τῶν
281 4421 384 4492 τῆς
443 4421 644 4490 σαρκὸς
705 4421 959 4491 ἔρχεσθαι
1011 4421 1210 4492 νόμων.
1241 4424 1350 4476 Ποῦ
1395 4424 1504 4494 γὰρ
1561 4424 1688 4478 ἴδιον

123 4513 396 4583 σώματος,
435 4512 672 4583 βαδίζειν
702 4514 788 4580 ἐφ’
824 4512 1035 4576 ὕδατος,
1079 4514 1111 4584 ἦ
1161 4514 1297 4582 μετὰ
1330 4514 1425 4584 τὴν
1459 4515 1692 4570 ἐκπνευ-

123 4622 205 4657 σιν
235 4609 301 4677 τῇ
322 4605 522 4676 τρώσει
549 4603 643 4658 τοῦ
675 4605 923 4675 δόρατος,
953 4604 1184 4676 αἵματος
1213 4605 1309 4658 καὶ
1338 4605 1528 4670 ὕδατος
1557 4609 1688 4660 ἀνα-

125 4695 336 4760 ϐλύζειν
368 4698 550 4768 πηγήν
569 4714 582 4761 ;
612 4715 632 4749 ι

191 4785 366 4839 Βαϐαὶ
413 4787 514 4855 τῆς
570 4786 867 4850 κακονοίας
904 4785 996 4839 τοῦ
1036 4787 1377 4855 συκοφάντου
1410 4788 1501 4842 καὶ
1543 4787 1694 4856 φιλο-

126 4875 411 4930 σκώπτουί
449 4876 634 4945 Μηδὲν
666 4877 992 4947 βουλομένου
1023 4878 1132 4930 τῶν
1158 4877 1253 4929 τοῦ
1291 4880 1448 4931 πάπα
1469 4879 1696 4941 Λέοντος

124 4969 264 5021 κατά
295 4967 390 5021 τὸν
417 4967 620 5020 σκοπὸν
652 4967 816 5021 αὐτοῦ
838 4970 935 5022 καὶ
957 4969 1031 5032 ὡς
1055 4968 1169 5038 ἔχει
1199 4969 1464 5038 ἀληθείας
1490 4969 1694 5041 ἐξηγή-

124 5060 342 5121 σασθαι,
374 5058 551 5112 πάντα
588 5059 646 5110 δὲ
674 5059 742 5112 τὰ
786 5059 954 5112 αὐτοῦ
984 5061 1120 5130 πρὸς
1145 5060 1396 5131 διαϐολὴν
1415 5061 1581 5114 αὐτοῦ
1608 5063 1699 5114 καὶ

125 5149 375 5212 νοοῦντος
425 5148 520 5201 καὶ
552 5148 824 5217 λέγοντος.
883 5149 990 5202 Τοῦ
1051 5151 1328 5221 μακαρίου
1376 5152 1696 5205 Ἀθανασίου

128 5240 180 5292 ἐν
205 5243 268 5312 τῇ
296 5240 433 5310 πρὸς
476 5241 797 5311 Ἐπίκτητον
822 5241 1093 5310 λέγοντος·
1132 5260 1151 5293 ι
1175 5242 1388 5295 Μᾶλλον
1413 5244 1520 5313 γάρ
1549 5242 1696 5313 αύτῷ

128 5330 203 5400 τῷ
225 5331 552 5404 ἀνθρωπίνῳ
574 5332 859 5404 προσθήκη
891 5333 1102 5404 μεγάλη
1132 5333 1354 5401 γέγονεν
1384 5335 1448 5386 ἐκ
1472 5337 1570 5405 τῆς
1601 5333 1694 5386 τοῦ

131 5419 304 5488 Λόγου
344 5420 480 5491 πρὸς
513 5421 644 5475 αὐτὸ
681 5421 970 5484 κοινωνίας
1007 5438 1066 5474 τε
1108 5424 1203 5474 καὶ
1235 5419 1503 5485 ἐνώσεως.
1528 5439 1546 5472 ι
1577 5422 1696 5474 Ma.-

133 5511 316 5582 ταίαή
357 5512 616 5583 ἐπίληψις
644 5511 740 5566 τοῦ
785 5513 1180 5584 μεμψιμοίρου,
1217 5514 1251 5584 ὴ
1291 5512 1420 5581 περὶ
1455 5515 1554 5581 τῆς
1583 5529 1696 5566 κοι-

1789 3164 1833 3218 si
1860 3163 2147 3231 utriusque
2176 3161 2400 3230 propria
2424 3157 2773 3228 agnoscimus
2801 3163 2857 3209 et
2884 3162 3116 3222 utraque
3150 3167 3218 3206 ex
3250 3164 3360 3204 uno

1789 3255 1934 3309 facta
1972 3254 2275 3316 credimus,
2306 3260 2458 3306 recta
2489 3250 2598 3304 erit
2628 3247 2766 3301 ﬁdes
2793 3253 3006 3300 nostra.

1859 3345 2065 3399 Scribit
2091 3345 2258 3398 etiam
2276 3344 2331 3397 in
2354 3357 2521 3412 opere
2542 3339 2691 3410 quod
2712 3337 2934 3392 Amator
2957 3335 3065 3388 veri
3102 3341 3357 3387 vocatur:

1797 3456 1815 3487 ι
1852 3436 1905 3491 Si
1939 3436 2178 3491 Verbum
2207 3445 2466 3504 Operatur
2505 3431 2654 3502 quod
2686 3430 2852 3485 Verbi
2891 3437 2996 3492 est,
3025 3437 3230 3482 etcaro
3263 3443 3360 3478 ex-

1790 3527 2044 3594 sequitur
2062 3524 2208 3594 quod
2232 3523 2415 3578 carnis
2434 3531 2539 3587 est,
2567 3520 2612 3575 si
2638 3535 2807 3574 unum
2834 3517 3057 3587 quidem
3081 3515 3361 3570 miraculis

1790 3625 2064 3679 coruscat,
2086 3615 2323 3668 alterum
2347 3627 2479 3666 vero
2496 3609 2810 3664 succumbit
2840 3608 3058 3677 injuriis
3082 3607 3181 3674 (6),
3209 3622 3361 3659 com-

1790 3706 1980 3760 munio
2011 3705 2310 3758 formarum
2341 3709 2425 3755 est
2458 3716 2606 3754 mere
2637 3699 2906 3768 speciosa,
2942 3706 2998 3751 et
3028 3697 3362 3764 cogitatione

1791 3797 2068 3859 instituta,
2097 3795 2176 3849 uti
2218 3796 2446 3848 insanus
2476 3791 2713 3846 asseruit
2735 3789 3044 3843 Nestorius.
3073 3788 3126 3840 Si
3153 3796 3358 3850 autem,

1792 3888 1940 3958 quod
1975 3902 2167 3942 verum
2200 3894 2303 3951 cst,
2332 3883 2576 3938 Verbum
2604 3896 2824 3936 carnem
2863 3879 3050 3949 gloriae
3082 3878 3360 3947 operatio-

1792 3979 1990 4047 nisque
2041 3993 2154 4031 suae
2205 3973 2532 4045 participem
2569 3971 2755 4025 cﬂ'ccit
2783 4012 2796 4035 ,
2837 3969 3113 4039 quomodo
3167 3981 3363 4020 rursus

1789 4073 1941 4142 juxta
1971 4068 2174 4124 Leonis
2200 4066 2499 4136 Epistolam
2531 4063 2683 4117 dices
2714 4079 2726 4114 :
2755 4061 2910 4115 Tenet
2948 4062 3086 4112 enim
3119 4059 3232 4110 sine
3274 4058 3364 4108 de-

1794 4165 1928 4234 fectu
1995 4162 2370 4232 praprietatem
2400 4173 2553 4210 suam
2600 4162 2825 4223 utraque
2873 4159 3068 4205 natura
3099 4150 3123 4202 ?
3153 4147 3364 4216 Smpius

1792 4256 1940 4311 enim
1964 4254 2187 4308 videtur
2212 4251 2451 4306 Verbum
2486 4263 2597 4302 non
2624 4243 2966 4298 concessisse
2997 4240 3146 4295 carni
3170 4255 3281 4294 suae
3303 4246 3364 4290 ut

1795 4347 1975 4402 carnis
2003 4345 2217 4416 legibus
2247 4341 2548 4405 inserviat;
2575 4353 2704 4392 nam
2737 4351 2848 4405 quo
2880 4342 3041 4404 pacto
3076 4331 3361 4401 proprium

1792 4444 1938 4491 esset
1961 4435 2208 4504 corporis
2243 4448 2408 4501 super
2430 4445 2627 4500 aquam
2664 4426 2940 4490 incedere,
2975 4432 3070 4478 aut
3099 4421 3362 4490 exspirati

1791 4545 1822 4585 e
1855 4543 2085 4599 corpore
2134 4543 2232 4598 per
2285 4525 2528 4596 gladium
2593 4522 2916 4582 vulnerato,
2975 4514 3260 4586 sanguinis
3309 4521 3365 4566 et

1794 4636 1948 4690 aqua:
1973 4620 2179 4675 fontem
2201 4616 2461 4672 manare?
2492 4636 2510 4667 ι

1866 4794 2010 4849 Proh
2037 4792 2287 4863 nequitia
2326 4788 2745 4846 calumniatoris
2770 4796 2828 4842 et
2863 4783 3234 4860 cavillatorisl
3267 4781 3364 4834 Pa-

1794 4897 1876 4951 pa:
1908 4881 2108 4936 Leonis
2156 4880 2332 4936 Verba
2379 4880 2447 4933 ad
2496 4877 2792 4934 scribentis
2843 4885 3083 4929 mentem
3127 4882 3184 4925 et
3211 4871 3366 4940 juxta

1794 4973 2082 5028 veritatem
2114 4969 2472 5038 interpretari
2500 4968 2718 5036 nequit,
2739 4966 2922 5019 omnia
2945 4980 3078 5018 vero
3111 4963 3176 5015 ad
3211 4960 3368 5012 incu-

1797 5065 2028 5118 sandum
2062 5076 2187 5114 eum
2221 5061 2481 5130 intelligit
2509 5066 2564 5112 et
2593 5058 2853 5127 explicat.
2887 5056 3086 5108 Beatus
3124 5051 3366 5104 Athana-

1798 5151 1913 5206 sius
1943 5153 1999 5206 in
2027 5149 2258 5220 epistola
2288 5148 2355 5202 ad
2400 5147 2710 5217 Epictetum
2737 5147 2854 5199 haec
2887 5143 3053 5196 habet
3080 5158 3092 5193 :
3126 5159 3142 5190 ι
3178 5138 3368 5194 Potius

1804 5243 2046 5296 humano
2086 5240 2306 5309 corpori
2350 5240 2543 5308 ingens
2598 5235 2901 5290 auctorium
2940 5249 3008 5288 ex
3052 5230 3215 5285 Verbi
3242 5244 3367 5282 cum

1802 5331 1922 5399 ipso
1955 5329 2341 5384 communione
2373 5337 2428 5381 et
2457 5324 2856 5380 coadunatione
2876 5321 3124 5375 accessit.
3159 5337 3178 5370 ι
3217 5317 3370 5372 Vana

1800 5430 1885 5476 est
1911 5421 2076 5492 igitur
2099 5417 2444 5474 insectatoris
2466 5415 2764 5485 increpatio
2791 5411 2857 5466 de
2888 5412 3188 5465 formarum
3215 5424 3366 5462 com-

1800 5513 2088 5567 munione.
2143 5511 2343 5565 Beatus
2373 5507 2609 5579 Cyrillus
2655 5505 2710 5558 in
2742 5503 2975 5572 epistola
3018 5501 3084 5554 ad
3125 5499 3364 5554 Succen-

201 5683 275 5754 (6)
305 5685 430 5741 llaec
471 5686 539 5741 ad
563 5686 794 5741 verbum
825 5703 890 5742 ex
923 5685 1152 5756 epistola
1177 5687 1350 5742 sancti
1395 5685 1592 5742 Leonis
1616 5688 1681 5742 ad
1721 5685 2040 5743 Flavianum
2071 5685 2454 5743 dcsumuntur.
