3958 6288
549 314 650 376 9:27
1780 323 2196 386 EUSTATHII
2240 322 2585 386 MONACHI
3748 324 3848 385 923

557 443 680 482 sum
710 427 785 498 (7)
818 426 1046 482 scribit:
1084 445 1102 479 ι
1137 427 1274 483 Cum
1314 437 1613 501 utrumque
1663 433 1718 486 in
1751 448 1849 488 sua
1874 435 2126 504 proprie-

2233 431 2429 496 νωνίας
2456 433 2565 487 τῶν
2587 430 2833 503 μορφῶν.
2873 431 2960 493 Ὡς
2984 430 3041 483 δὲ
3076 431 3105 483 ό
3144 431 3418 502 μακάριος
3462 430 3763 539 Κύριέλος
3792 436 3845 539 ιν

559 525 672 573 tate
697 518 931 572 naturali
977 528 1298 588 permaneat
1319 530 1378 576 et
1408 522 1818 580 consideretur.
1856 546 1876 578 ι
1924 526 2126 584 Eodem

2238 528 2303 596 τῇ
2351 524 2488 596 πρὸς
2530 522 2831 577 Σούκινσον
2867 522 3073 593 γράφει
3094 539 3107 552 ·
3143 543 3163 574 ι
3201 523 3288 576 Ἐν
3317 524 3554 595 ἰδιότητι
3589 525 3667 597 τῇ
3701 528 3841 579 κατὰ

559 626 727 665 sensu
778 610 917 665 dixit
954 627 1093 683 papa
1162 614 1276 668 Leo
1311 633 1323 669 :
1361 634 1381 667 ι
1416 616 1592 671 Tenet
1640 619 1788 673 enim
1825 621 1945 677 sine
1979 622 2133 677 defe~

557 707 649 753 ctu
694 701 1087 769 proprietatem
1140 719 1295 758 suam
1356 714 1591 775 utraque
1658 718 1876 764 natura.
1925 731 1944 762 ι
1997 712 2134 767 Pro-

557 791 848 859 prietatem
896 794 1110 850 scilicet
1140 799 1390 867 corporis
1407 800 1657 865 humani,
1687 810 1747 857 ut
1784 803 1905 872 ipso
1927 804 2135 861 Severo

556 881 779 938 videtur
800 884 856 938 in
884 886 1108 956 scriptis
1126 888 1194 943 ad
1225 889 1497 960 Sergium,
1523 909 1630 963 qua
1660 896 1862 951 crassis
1881 897 2135 967 partibus

559 981 877 1028 concretum
906 987 1010 1042 est,
1057 979 1242 1035 tactile
1267 1022 1282 1047 ,
1331 982 1554 1039 visibile
1577 1025 1592 1049 ,
1626 986 2131 1058 circumscriptum.

466 1048 473 1053 ’
560 1060 677 1117 Hoc
701 1064 849 1118 enim
902 1081 1003 1135 per
1044 1075 1214 1123 totam
1267 1048 1911 1143 epistolamiconﬁrmat,
1955 1048 2134 1150 Euty-

557 1152 703 1206 chen
749 1154 1109 1226 redarguens,
1142 1160 1552 1229 phantasmatis
1582 1163 1858 1221 fautorem
1883 1209 1898 1233 ,
1933 1177 1991 1224 et
2030 1170 2136 1225 hac

556 1243 628 1298 de
658 1258 823 1299 causa
851 1256 1143 1317 negantem
1174 1265 1368 1306 verum
1399 1267 1609 1325 corpus
1630 1272 1661 1311 a
1698 1257 1935 1315 Domino
1959 1260 2134 1318 fuisse

555 1346 927 1406 assumptum.
958 1339 1311 1413 Quapropter
1338 1346 1507 1401 etiam
1545 1350 1879 1405 vocabulum
1913 1369 1978 1407 ea:
1999 1354 2135 1410 dua-
2172 1416 2181 1427 ε

557 1424 653 1478 bus
688 1430 899 1482 naturis
933 1430 1241 1501 rejiciebat,
1271 1444 1330 1490 et
1356 1452 1469 1491 non
1492 1439 1601 1494 nisi
1627 1441 1840 1498 invitus
1868 1444 2006 1500 illud
2035 1446 2135 1503 ad-

558 1514 731 1581 misit,
772 1527 835 1573 ut
862 1521 1063 1589 probat
1101 1524 1349 1594 synodus
1384 1526 1416 1581 a
1439 1528 1702 1586 Flaviano
1733 1532 2132 1593 Constantino-

557 1606 667 1676 poli
694 1607 901 1664 habita.

627 1697 765 1754 Cum
814 1702 980 1759 vellet
1010 1704 1178 1776 igitur
1221 1724 1361 1780 papa
1416 1711 1528 1768 Leo
1574 1713 1965 1775 demonstrare
2013 1736 2127 1776 non

2235 623 2398 688 φύσιν
2440 616 2705 688 ἐκατέρου
2758 616 3014 685 μένοντος
3075 615 3169 668 xal
3224 617 3550 686 νοουμένου.
3584 634 3605 668 ι
3650 616 3841 680 οὕτως

2237 710 2332 764 καὶ
2363 711 2391 763 ό
2423 709 2615 771 πάπας
2655 708 2808 763 Λέων
2855 708 2960 778 ἔφη
2987 724 3001 738 °
3057 726 3077 761 ι
3100 707 3366 763 Φυλάττει
3410 709 3528 781 γάρ
3591 711 3838 781 ἑκατέρα

2237 790 2401 870 φύσις
2446 798 2750 862 ἀνελλιπῶς
2812 799 2915 869 τὴν
2946 801 3153 870 ἐαυτῆς
3204 800 3466 870 ἰδιότητα.
3496 820 3517 852 ι
3567 800 3836 872 Ἰδιότητα

2235 891 2293 945 δέ
2334 891 2590 962 σώματος
2623 889 2971 962 ἀνθρωπίνου
3016 886 3194 955 εἶπεν,
3223 890 3300 955 ὡς
3331 893 3427 945 καὶ
3475 893 3724 963 Σευήρῳ
3755 893 3833 946 δο-

2237 987 2327 1037 κεῖ
2352 985 2411 1038 ἐν
2452 987 2565 1048 τοῖς
2594 983 2732 1055 πρὸς
2763 983 3012 1051 Σέργιον,
3045 984 3109 1036 τὸ
3148 982 3492 1054 παχυμερὲς,
3533 984 3600 1037 τὺ
3631 985 3831 1047 ἁπτὸν,

2234 1075 2298 1130 τὺ
2321 1075 2537 1148 ὁρατὸν,
2583 1074 2644 1128 τὸ
2679 1073 3084 1145 περιγραπτόν.
3111 1074 3285 1128 Τοῦτο
3320 1074 3432 1146 γὰρ
3462 1074 3572 1128 καὶ
3601 1075 3676 1129 δι’
3713 1077 3832 1131 ὅλον

2234 1165 2330 1221 τοῦ
2361 1167 2529 1239 τόμου
2568 1166 2922 1238 παρίστησιν,
2954 1167 3031 1230 ὡς
3072 1165 3212 1237 πρὸς
3257 1165 3511 1235 Εὐτυχέα
3542 1167 3830 1221 ἀποτεινό-

2238 1274 2421 1328 μενος,
2456 1258 2717 1311 νοσοῦντα
2763 1255 2863 1328 τὴν
2917 1255 3251 1327 φαντασίαν,
3284 1256 3381 1310 καὶ
3408 1254 3499 1332 διᾴ
3533 1254 3706 1310 τοῦτο
3732 1258 3828 1327 ἀρ-

2233 1350 2520 1422 νούμενον,
2551 1349 2711 1421 σῶμα
2762 1348 3017 1418 ἀληθινὸν
3063 1347 3416 1419 ἀνειληφέναι
3450 1349 3549 1402 τὺν
3597 1349 3826 1417 Κύριον.

2233 1443 2326 1497 Διὸ
2358 1445 2453 1497 καὶ
2480 1442 2543 1496 τὸ
2571 1442 2640 1496 ἐκ
2668 1440 2780 1496 δύο
2816 1443 3062 1511 φύσεων
3089 1443 3411 1513 παρῃτεῖτο,
3443 1439 3827 1512 βεϐιασμένως

2232 1533 2290 1588 δὲ
2320 1531 2542 1597 ἐδέξατο
2563 1531 2661 1603 τὴν
2696 1531 2901 1603 φωνὴν,
2936 1531 3014 1595 ὡς
3038 1533 3072 1603 ή
3107 1532 3198 1585 ἐπὶ
3245 1531 3559 1585 Φλαὸιανοῦ
3597 1534 3660 1587 ἐν
3684 1534 3829 1587 Kan-

2235 1624 2642 1679 σταντινοπόλει
2673 1624 2891 1688 σύνοδος
2910 1623 3085 1696 δηλοῖ.

2314 1717 2375 1772 ⁸0
2406 1716 2500 1772 οῦν
2534 1716 2721 1781 πάπας
2755 1714 2909 1770 Λέων
2957 1714 3128 1770 θέλων
3172 1715 3343 1783 δεῖξαι
3376 1715 3461 1769 ὅτι
3505 1717 3577 1770 οὗ
3614 1717 3826 1787 μορφὴν

556 1791 789 1846 formam
823 1802 1032 1850 tantum
1065 1803 1336 1870 corporis,
1368 1805 1465 1860 sed
1498 1822 1691 1864 verum
1724 1826 1927 1883 corpus
1950 1829 1982 1870 a
2014 1816 2126 1871 Deo

2236 1808 2487 1880 σώματος
2519 1806 2701 1879 μόνον,
2732 1805 2871 1861 ἀλλά
2887 1806 3049 1877 σῶμα
3077 1805 3275 1876 ἀληθὲς
3306 1785 3625 1876 ἀνείληφεν
3644 1785 3825 1871 όἾΘεδς

555 1882 738 1937 Verbo
769 1884 940 1941 fuisse
966 1902 1310 1961 assumptum
1335 1907 1393 1950 et
1419 1896 1560 1954 adeo
1583 1916 1801 1969 verum,
1823 1882 1887 1959 ut
1910 1914 1967 1961 et
1995 1923 2128 1977 pro-

552 1973 844 2042 prietatem
875 1983 1182 2036 servaverit
1222 1999 1329 2053 qua
1358 1988 1469 2055 pati
1511 1999 1699 2057 posset
1734 2009 1746 2045 :
1778 2011 1797 2044 ι
1826 1995 1887 2048 ln
1914 1973 2127 2069 integra

554 2066 725 2135 igitur
760 2070 873 2123 veri
904 2070 1144 2129 hominis
1171 2077 1529 2150 perfectaque
1557 2090 1789 2150 natura,
1824 2087 1923 2154 ait,
1960 2066 2128 2145 verus

553 2163 716 2211 natus
746 2167 832 2213 est
868 2161 1015 2217 Deus
1039 2204 1053 2228 ,
1093 2172 1241 2222 totus
1286 2170 1340 2223 in
1382 2171 1519 2237 suis,
1555 2182 1706 2231 totus
1739 2176 1797 2231 in
1827 2181 2058 2235 nostris.
2100 2201 2119 2234 ι

553 2245 761 2303 Deinde
786 2251 964 2322 pergit
1000 2271 1014 2308 :
1050 2274 1069 2306 ι
1088 2256 1266 2313 Tenet
1287 2261 1438 2316 enim
1464 2264 1584 2320 sine
1614 2266 1835 2323 defectu
1874 2273 2129 2341 proprie-

550 2345 721 2392 tatem
743 2355 901 2396 suam
943 2352 1179 2417 utraque
1213 2360 1433 2407 natura.
1465 2374 1483 2406 ι
1528 2356 1601 2412 Ut
1633 2369 1816 2415 autem
1858 2362 2130 2435 intelliga-

553 2444 695 2494 mus,
727 2432 863 2500 quid
882 2435 988 2490 sibi
1005 2439 1140 2492 velit
1162 2443 1495 2501 vocabulum
1516 2448 1630 2502 sine
1647 2449 1870 2519 defectu,
1897 2432 2087 2525 adjicit
2110 2475 2123 2510 :

547 2520 708 2577 Sicut
737 2523 969 2580 formam
1002 2532 1150 2585 servi
1185 2532 1362 2589 forma
1388 2536 1487 2592 Dei
1516 2554 1624 2594 non
1651 2541 1868 2611 adimit,
1899 2520 1980 2602 ita
2008 2548 2125 2603 for-

553 2626 698 2666 mam
723 2613 817 2668 Dei
849 2615 1024 2672 forma
1045 2622 1190 2676 servi
1225 2639 1339 2679 non
1360 2627 1565 2684 minuit
1589 2631 1688 2702 (8).
1728 2652 1746 2686 ι
1781 2635 2013 2693 Per'ista
2050 2649 2129 2694 to-

552 2710 638 2757 tua
666 2705 724 2757 in
747 2710 941 2763 nostris
968 2718 1026 2764 et
1050 2713 1167 2767 sine
1191 2715 1415 2785 defectu,
1448 2721 1766 2778 excluditur
1796 2727 1977 2783 omnis
2018 2730 2124 2784 im-

551 2795 791 2851 minutio
823 2806 918 2854 aut
943 2801 1320 2875 imperfectio;
1357 2826 1467 2865 non
1495 2814 1645 2868 enim
1687 2816 2124 2875 substantiarum

551 2888 753 2954 solum,
785 2891 882 2957 ait,
909 2894 996 2949 vel
1027 2906 1353 2955 naturarum
1382 2902 1526 2959 facta
1548 2916 1636 2963 est
1657 2908 1812 2973 unio,
1840 2928 2126 2971 remanse-

550 2988 829 3038 runtvero
853 2984 991 3042 citra
1014 2989 1177 3045 ullam
1195 2993 1577 3052 confusionem
1600 3008 1659 3054 et
1681 3000 2124 3060 imminutionem

2228 1904 2421 1974 Λόγος,
2441 1901 2538 1971 καὶ
2556 1900 2730 1965 οὕτως
2757 1899 2978 1971 ἀληθὲς,
3000 1898 3077 1961 ὡς
3102 1898 3197 1951 καὶ
3224 1896 3418 1962 σώζειν
3447 1897 3550 1970 τὴν
3586 1898 3823 1970 ίδιότητα

2230 1996 2317 2050 [va
2355 1994 2453 2048 καὶ)
2498 1992 2733 2063 πάσχειν
2796 1990 3043 2061 δύνηται,
3110 1983 3300 2042 εἶπεν⁸
3372 2008 3392 2039 ι
3431 1989 3523 2043 Ἐν
3586 1992 3822 2062 ἀπραία

2227 2089 2294 2159 τῇ
2363 2084 2653 2156 τοιγαροῦν
2708 2082 2803 2137 καὶ
2864 2080 3079 2152 ἀληθῶς
3139 2078 3429 2151 ἀνθρώπου
3485 2083 3586 2134 καὶ
3643 2081 3823 2154 τελεία

2230 2176 2418 2247 φύσει,
2449 2175 2584 2239 Θεδς
2611 2172 2819 2245 ἀληθὴς
2848 2172 3071 2243 ἐτέχθη,
3110 2171 3231 2234 ὅλος
3268 2174 3327 2225 ἐν
3359 2174 3476 2232 τοῖς
3503 2172 3704 2238 αὑτοῦ,
3735 2176 3824 2227 καὶ

2227 2266 2350 2330 ὅλος
2393 2267 2453 2319 ἐν
2487 2265 2602 2328 τοῖς
2640 2261 2820 2334 ἡμῶν.
2844 2280 2863 2314 ι
2910 2258 3045 2315 Εἶτα
3084 2260 3284 2328 ἐπάγει
3306 2279 3319 2292 ·
3359 2281 3378 2313 ι
3401 2260 3685 2315 Φυλὼττει
3720 2262 3824 2333 γάρ

2227 2358 2472 2428 ἑκατέρα
2512 2355 2675 2425 φύσις
2718 2353 3026 2418 summa;
3067 2353 3169 2424 τὴν
3220 2354 3423 2425 ἑαυτῆς
3494 2355 3772 2426 ἰδιότητα.
3800 2375 3818 2404 ι

2227 2449 2342 2502 Kal
2371 2447 2461 2501 ῐνα
2501 2446 2790 2517 νοήσωμεν
2819 2445 2873 2499 τί
2900 2445 3018 2498 ἐστι
3050 2442 3113 2497 sb
3138 2485 3153 2509 ,
3185 2443 3535 2510 dreJJchg
3556 2486 3574 2509 ,
3604 2447 3822 2499 ἐπισυνο

2228 2539 2392 2592 ἀπτει
2415 2530 2458 2589 ἰ
2487 2537 2599 2591 Καὶ
2648 2535 2841 2605 ὥσπερ
2859 2536 2960 2588 οὐκ
2974 2535 3194 2607 ἀναιρεῖ
3218 2536 3318 2605 τὴν
3335 2533 3432 2588 τοῦ
3463 2535 3666 2590 δούλου
3695 2553 3820 2607 μορ-

2229 2631 2335 2701 φὴν
2359 2632 2392 2701 ὴ
2434 2627 2618 2701 μορφὴ
2647 2627 2741 2681 τοῦ
2777 2626 2938 2695 Θεοῦ,
2964 2626 3140 2690 οὕτως
3168 2627 3267 2699 τὴν
3292 2627 3387 2680 τοῦ
3428 2626 3575 2681 Θεοῦ
3608 2628 3817 2698 μορφὴν

2226 2724 2260 2794 ἡ
2288 2720 2385 2775 τοῦ
2418 2720 2607 2775 δούλου
2639 2718 2823 2792 μορφὴ
2870 2719 2971 2773 οὐκ
3024 2719 3313 2790 ἐμείωσεν,
3346 2737 3366 2770 ι
3402 2719 3480 2772 Tb
3506 2717 3632 2784 οὖν,
3668 2719 3820 2783 ὅσιος

2226 2818 2295 2871 ὲν
2325 2816 2449 2881 τοῖς
2476 2813 2670 2884 ἡμῶν,
2693 2814 2788 2867 κα)⁵
2825 2812 2904 2876 τὸ,
2933 2812 3297 2878 ἁνελλιπῶς,
3336 2811 3481 2882 μετά
3514 2812 3627 2882 τῆς
3661 2811 3822 2882 pudi-

2228 2925 2366 2971 σεως
2390 2909 2570 2961 κεῖται
2603 2904 2702 2960 καὶ
2730 2903 2826 2958 τοῦ
2856 2904 3105 2968 ἀτελοῦς.
3154 2904 3228 2957 Οὐ
3261 2903 3423 2974 μόνον
3462 2904 3605 2973 γὰρ,
3638 2905 3816 2973 φησὶν,

2225 2999 2426 3054 οὐσιῶν
2450 2999 2571 3071 ἢτοι
2600 2996 2819 3068 φύσεων
2847 2997 3077 3066 γέγονεν
3107 2997 3322 3062 ἐνωσις,
3356 2996 3498 3050 ἀλλὰ
3530 2997 3633 3049 καὶ
3657 2995 3819 3064 ἀσύγ-

548 3069 685 3140 ipsa:
737 3090 929 3131 earum
963 3083 1368 3154 proprietates;
1426 3090 1634 3146 retinet
1677 3093 1848 3163 igitur
1890 3105 2124 3167 utraque

2231 3108 2380 3163 χυτοι
2407 3069 2633 3161 έμξειναν
2663 3090 2761 3143 καὶ
2792 3088 3084 3160 ἀμείωτοι,
3112 3081 3274 3143 αὗταί
3305 3104 3368 3141 τε
3400 3088 3500 3140 καὶ
3525 3089 3583 3140 αἱ
3623 3086 3818 3156 ἰδιότη-

550 3174 749 3223 natura
797 3171 919 3226 sine
970 3173 1189 3230 defectu
1237 3182 1635 3249 preprietatem
1685 3200 1840 3240 suam
1883 3190 1967 3243 vel
2004 3200 2130 3259 post

550 3257 832 3313 unionem.
852 3261 1241 3320 Etsecundum
1268 3278 1521 3326 sanctum
1538 3273 1889 3333 Ambrosium
1924 3297 1936 3333 :
1971 3299 1989 3332 ι
2013 3281 2131 3338 Sic-

552 3355 612 3401 ut
650 3349 788 3403 nihil
819 3350 995 3407 defuit
1025 3355 1161 3422 Deo,
1185 3356 1267 3411 sic
1295 3359 1433 3415 nihil
1465 3362 1640 3419 defuit
1658 3367 1985 3435 perfectioni
2024 3373 2128 3429 hu-

550 3441 853 3507 manitatis,
882 3453 944 3498 ut
966 3446 1245 3514 perfectus
1264 3450 1320 3505 in
1338 3443 1785 3525 utraque'natura
1808 3473 1954 3518 esset
1976 3465 2074 3536 (9).
2102 3486 2120 3520 ι

550 3530 682 3597 Quae
705 3542 891 3589 autem
924 3546 1122 3593 natura
1156 3542 1341 3598 carnis
1378 3550 1604 3618 propria
1634 3559 1765 3607 sunt
1805 3554 1918 3611 Deo
1943 3530 2129 3615 verbo

550 3624 596 3677 si
633 3625 976 3694 tribuuntur,
1010 3631 1064 3686 id
1095 3648 1207 3688 non
1234 3644 1430 3694 natura
1460 3639 1539 3709 fit,
1565 3643 1664 3700 sed
1694 3646 2127 3720 dispensationis

554 3714 1000 3793 (incarnationis)
1026 3724 1262 3781 ratione.

619 3889 779 3957 Quod
837 3895 885 3950 si
944 3909 1129 3957 autem
1188 3916 1417 3978 propter
1471 3912 1905 3972 ambulationem
1956 3934 2125 3991 super

549 3998 722 4053 aquas
763 3992 1075 4048 naturalem
1127 4001 1376 4069 corporis
1425 4006 1830 4075 proprietatem
1886 4011 2123 4070 deﬁcere

547 4079 832 4134 contendit
865 4080 1125 4155 Severus,
1158 4090 1360 4147 iterum
1380 4095 1731 4155 instabimus.
1762 4101 1821 4157 In
1851 4102 2123 4160 deambu-

547 4167 750 4225 latione
781 4188 951 4245 super
978 4187 1179 4236 terram
1225 4183 1483 4243 deﬁcitne
1507 4193 1780 4249 naturalis
1805 4196 2123 4266 proprietas

547 4261 645 4316 Dei
674 4262 890 4321 Verbi?
928 4269 1092 4327 Nulla
1150 4276 1299 4331 enim
1341 4280 1557 4339 ratione
1603 4283 1717 4340 Deo
1746 4261 1926 4358 digni—
1950 4289 2122 4359 pedes

550 4358 756 4408 terram
821 4358 1125 4417 calcantes.
1191 4364 1274 4420 Ita
1327 4375 1385 4422 et
1439 4371 1665 4439 quando
1704 4376 1904 4430 esuriit
1954 4358 2121 4433 velut

547 4440 734 4507 homo,
793 4455 1085 4517 postquam
1129 4452 1455 4523 jejunasset,
1498 4470 1611 4513 non
1642 4463 2023 4519 transmutatis
2065 4464 2122 4519 in

547 4544 721 4596 panes
751 4532 1064 4604 lapidibus;
1106 4540 1181 4595 ita
1220 4544 1440 4611 quando
1465 4546 1719 4618 fatigatus
1744 4559 1819 4604 est
1846 4568 1910 4606 ea:
1932 4554 2122 4609 itinere

549 4617 729 4689 (Joan.
757 4638 832 4688 Iv,
860 4625 936 4694 6),
964 4630 1102 4685 toris
1127 4640 1184 4687 et
1212 4636 1401 4690 nervis
1449 4617 1717 4705 intentis;
1770 4642 1847 4697 ita
1897 4645 2119 4714 quando

548 4719 761 4767 mlestus
814 4715 913 4785 fuit
960 4718 1172 4786 (Matth.
1237 4740 1398 4791 xxvr,
1439 4726 1531 4800 27)
1570 4738 1620 4783 et
1664 4735 2011 4790 contristatus
2062 4743 2120 4790 et

543 4800 765 4870 anxius,
794 4808 939 4875 quod
982 4809 1038 4864 in
1072 4811 1160 4867 his
1183 4813 1260 4868 nil
1290 4825 1518 4886 apparet
1541 4820 1688 4890 quod
1722 4837 1981 4893 superam
2004 4824 2118 4880 vim

538 4894 899 4969 divinamque
954 4902 1190 4973 indicet;
1249 4907 1323 4963 ita
1356 4909 1522 4965 etiam
1566 4913 1790 4982 quando
1839 4930 1870 4970 a
1911 4916 2119 4974 Iudaeis

537 4992 738 5053 captus
771 4996 877 5053 est,
899 4990 1105 5047 nedum
1125 5008 1319 5050 eorum
1352 4998 1420 5055 de
1449 5000 1635 5057 medio
1665 5003 1964 5061 invisibilis
1992 5022 2121 5062 evo-

534 5074 652 5132 lare
688 5078 967 5148 voluerit,
1015 5100 1201 5143 nonne
1251 5090 1373 5146 sine
1403 5091 1624 5149 defectu
1676 5095 1864 5152 divina
1912 5108 2116 5155 natura

534 5170 938 5238 proprietatem
972 5189 1127 5230 suam
1156 5180 1431 5237 retinuit?
1455 5183 1633 5241 Abeat
1652 5186 1894 5244 humana
1923 5189 2116 5246 Severi

542 5259 815 5328 sapientia
840 5266 853 5318 l
880 5264 1023 5323 Sane
1053 5284 1278 5326 carnem
1314 5289 1471 5329 suam
1501 5293 1671 5347 super
1697 5296 1896 5349 aquam
1930 5283 2115 5337 carnis

543 5345 756 5419 legibus
784 5352 1042 5412 incedere
1085 5375 1196 5415 non
1227 5363 1516 5432 prohibuit
1554 5345 1700 5423 Deus
1722 5345 1985 5437 verbum,
2055 5383 2116 5428 ut

543 5441 737 5507 probat
757 5445 957 5513 pedum
985 5451 1317 5521 ambulatio;
1343 5464 1399 5511 at
1422 5472 1589 5527 super
1616 5476 1813 5531 aquam
1832 5462 2110 5531 incedere,

612 5575 688 5643 (7)
711 5577 954 5648 Epistola
985 5588 1225 5643 secunda
1267 5589 1333 5644 ad
1364 5591 1724 5648 Succensum.

721 5645 1095 5732 gestimuntur
1113 5657 1229 5732 h_;_ec
1249 5645 1434 5732 omnia
1450 5645 1736 5732 έὶερῗἇίι
1767 5665 2084 5722 Flavianum
2098 5711 2110 5723 .

718 5712 890 5781 Epist.
938 5737 1116 5789 xum,
1145 5727 1197 5793 5,
1239 5729 1304 5784 ad
1348 5712 2118 5805 Saﬁb'iiiJEi'ISiuiiGé

2229 3199 2322 3247 τες
2350 3181 2528 3237 αὐτῶν
2557 3182 2613 3235 αἱ
2643 3179 3125 3252 ἐπιθεωρούμεναι
3148 3174 3540 3249 αὑταῖς.Εῐχεν
3564 3174 3665 3232 οὖν
3697 3177 3810 3231 Exa-

2232 3289 2331 3343 στη
2361 3271 2524 3342 φύσις
2559 3270 2869 3335 ἀνελλιπῶς
2920 3269 3017 3342 τὴν
3048 3270 3247 3338 ἐαυτῆς
3277 3269 3526 3340 ίδιότητα
3558 3270 3657 3323 καὶ
3688 3267 3818 3338 μετά

2228 3364 2328 3434 τὴν
2367 3364 2582 3418 ἕνωσιν.
2636 3363 2751 3417 Kal
2799 3361 2942 3417 κατά
2992 3362 3085 3415 τὸν
3140 3362 3416 3433 μακάριον
3465 3361 3813 3433 ’Δμϐμᾶσιοη

2235 3473 2255 3507 ι
2289 3454 2379 3518 Ὣς
2422 3453 2578 3508 οὐδὲν
2621 3451 2811 3505 ἔλιπεν
2839 3451 2918 3522 τῷ
2958 3450 3098 3521 Θεῷ,
3131 3449 3308 3514 οὕτως
3345 3450 3471 3504 οὐδὲ
3502 3451 3586 3520 τῷ
3612 3467 3815 3520 καταρ-

2226 3544 2407 3617 τισμῷ
2435 3543 2512 3615 τῷ
2546 3545 2689 3598 κατά
2718 3543 2814 3597 τὸν
2846 3541 3159 3614 ἄνθρωπον,
3204 3542 3292 3594 ἴνα
3339 3540 3551 3604 τέλειος
3596 3542 3661 3594 ἐν
3694 3542 3813 3594 Exa-

2226 3633 2364 3706 τέρᾳ
2391 3634 2553 3703 φύσει
2585 3634 2889 3706 τυγχάνῃ.»
2921 3633 2984 3686 El
3013 3631 3072 3686 δέ
3114 3632 3213 3686 xal
3242 3633 3313 3685 τά
3332 3635 3437 3702 τῆς
3473 3633 3690 3703 σαρκὸς
3713 3631 3817 3684 [δια

2228 3727 2373 3780 κατά
2401 3725 2586 3796 φύσιν,
2628 3725 2725 3779 τοῦ
2765 3723 2902 3778 Θεοῦ
2941 3724 3118 3792 Λόγου
3154 3724 3382 3793 γέγονεν
3426 3723 3565 3788 ίδια,
3600 3722 3723 3776 ἀλλ’
3756 3722 3815 3775 οὗ

2227 3818 2369 3874 κατά
2396 3818 2581 3890 φύσιν,
2611 3817 2753 3872 κατά
2792 3817 2850 3871 δὲ
2874 3816 2965 3872 τὸν
2980 3817 3079 3887 τῆς
3109 3816 3425 3887 οἰκονομίας
3446 3815 3644 3883 λόγον.

2298 3912 2362 3964 El
2403 3912 2459 3965 δέ
2513 3910 2603 3964 διά
2661 3910 2725 3963 τὸ
2781 3909 3111 3980 περιπατεῖν
3149 3908 3339 3962 ἐπάνω
3367 3906 3460 3960 τοῦ
3492 3906 3699 3968 ὓδατος
3729 3906 3815 3958 τόν

2226 4002 2455 4074 Κύριον,
2500 4001 2737 4072 ἔλλειψιν
2779 3998 2929 4068 λέγει
2971 3999 3214 4071 Σευῆρος
3260 3998 3503 4069 φυσικῆς
3552 3998 3815 4064 ίδιότητος

2226 4092 2320 4148 τοῦ
2370 4092 2647 4164 σώματος,
2711 4089 3174 4159 παλιλλογοῦντες
3226 4088 3510 4190 ἐροῦ.μεν;
3540 4092 3680 4143 Ὅτε
3729 4089 3813 4190 ἐπὶ

2224 4185 2325 4257 τῆς
2367 4182 2537 4258 ξηρᾶς
2554 4183 2908 4256 περιεπάτει,
2943 4179 3055 4253 ἆρα
3079 4182 3321 4251 ἔλλειψις
3348 4177 3416 4253 ἦν
3445 4182 3553 4250 τῆς
3580 4180 3814 4249 φυσικῆς

2227 4276 2492 4345 ἰδιότητος
2543 4274 2641 4329 τοῦ
2686 4273 2822 4328 Θεοῦ
2862 4273 3072 4341 Λόγους
3120 4272 3290 4326 Οὐδὲν
3329 4273 3435 4342 γὰρ
3483 4270 3809 4341 θεοπρεπὲς,

2225 4370 2393 4433 πόδας
2422 4369 2658 4441 βαδίζειν
2699 4370 2793 4424 ἐπὶ
2823 4370 2959 4439 γῆς*
2983 4368 3189 4440 ὁμοίως
3229 4366 3327 4421 καὶ
3375 4367 3465 4419 ὅτε
3524 4366 3812 4419 ἐπείνασεν

2154 4440 2199 4495 D
2230 4464 2369 4535 μετά
2398 4440 2460 4517 τὺ
2485 4464 2799 4535 νηστεῦσαι,
2840 4464 2990 4534 νόμῳ
3018 4464 3241 4533 φύσεως
3266 4462 3544 4533 σώματος,
3574 4464 3706 4515 ἐπεὶ
3743 4462 3813 4531 μὴ

2226 4556 2485 4628 ἐποίησεν
2512 4557 2641 4619 τοὺς
2686 4556 2869 4621 λίθους
2916 4557 3156 4628 ἄρτουςο
3188 4558 3282 4611 καὶ
3333 4557 3705 4610 κεκοπίακεγ
3761 4556 3813 4608 δὲ

2225 4649 2296 4703 ὲκ
2351 4647 2464 4717 τῆς
2514 4648 2859 4717 ὁδοιπορίας
2917 4647 3026 4701 τῶν
3081 4648 3234 4719 μυῶν
3292 4649 3387 4703 καὶ
3445 4647 3558 4699 τῶν
3602 4647 3812 4717 νεύρων

2226 4740 2675 4810 ὑπερταθέντων·
2725 4739 3043 4810 ἀδημονῶν
3064 4739 3259 4807 δὲ,καὶ
3309 4740 3809 4809 ἑκθαμϐούμενος.

2226 4833 2323 4888 καὶ
2349 4832 2621 4901 ἀγωνιῶν,
2658 4834 2782 4886 ἐπεὶ
2834 4832 2911 4904 μὴ
2960 4833 3105 4887 κατά
3149 4832 3349 4886 ταυτὸν
3377 4831 3449 4884 τά
3473 4831 3618 4903 ὑπὲρ
3650 4832 3813 4902 φύσιν

2224 4921 2325 4993 τῆς
2360 4923 2617 4992 θεότητος
2659 4924 3043 4978 ἐπεδείκνυτο*
3076 4924 3171 4977 καὶ
3204 4922 3582 4995 κρατούμενος
3616 4923 3681 4976 δὲ
3714 4920 3814 4975 ὑπὸ

2222 5014 2333 5066 τῶν
2377 5012 2668 5079 Ἰουδαίων,
2708 5016 2832 5069 ἐπεὶ
2888 5017 2962 5087 μὴ
3010 5016 3252 5085 ἄφαντος
3294 5017 3358 5068 ἐκ
3401 5015 3571 5085 μέσου
3628 5016 3815 5069 αὐτῶν

2224 5103 2464 5171 ἐγένετο,
2527 5100 2637 5175 ἆρα
2688 5106 2793 5159 οὐκ
2849 5106 3148 5174 ἐφύλαττεν
3190 5105 3492 5169 ἀνελλιπῶς
3544 5106 3580 5176 ἠ
3644 5106 3809 5174 θεῐκὴ

2224 5194 2388 5264 φύσις
2438 5194 2536 5267 τὴν
2586 5198 2790 5269 ἑαυτῆς
2850 5199 3135 5269 ίδιότητας
3186 5200 3495 5273 Ἐρρέτωή
3547 5199 3815 5271 ἀνθρωπ-

2222 5288 2458 5358 άρεσκος
2490 5288 2651 5358 σοφία
2676 5290 2940 5361 Σευήρου.
2973 5293 3119 5364 Πλὴν
3163 5294 3286 5348 οὐδὲ
3343 5293 3574 5348 ἐπὶτῶν
3602 5293 3815 5348 ὑδάτων

2221 5376 2495 5429 ἐκώλυσεν
2524 5377 2624 5446 τὴν
2664 5377 2801 5431 ἰδίαν
2831 5381 3011 5450 σάρκα
3038 5383 3065 5433 ὁ
3088 5381 3221 5445 Θεὸς
3243 5383 3415 5451 Λόγος
3444 5382 3534 5436 διὰ
3567 5382 3682 5437 τῶν
3716 5381 3816 5449 τῆς

2223 5466 2423 5537 σαρκὸς
2466 5466 2605 5521 ίέναι
2657 5468 2859 5538 νόμων,
2912 5472 2989 5535 ὠς
3036 5472 3065 5525 ό
3125 5472 3431 5544 περίπατος
3482 5472 3594 5526 τῶν
3629 5471 3815 5526 ποδῶν

2224 5600 2503 5667 fiteamur,
2531 5602 2677 5659 sicut
2700 5603 2755 5657 in
2810 5605 2908 5659 Dei
2932 5604 3103 5661 forma
3137 5605 3281 5663 nihil
3318 5607 3369 5661 ei
3399 5606 3580 5663 defuit
3606 5606 3816 5663 divina:

2225 5679 2454 5748 naturae,
2485 5672 2577 5748 sic
2600 5673 2655 5727 in
2689 5674 2779 5748 illa
2811 5675 2984 5731 forma
3011 5674 3271 5748 hominis.
3298 5677 3436 5733 nihil
3465 5677 3514 5733 ei
3540 5676 3814 5748 defuisse,

2226 5756 2334 5811 quo
2374 5742 2731 5813 imperfectus
2756 5745 2919 5803 homo
2942 5746 3301 5817 judicaretur.
3329 5766 3348 5800 ι

3582 5864 3585 5867 ,
3627 5854 3656 5864 ο.
