3958 6288
127 297 234 360 ’929

1151 309 1510 370 EPISTOLA
1553 312 1647 371 DE
1685 314 1984 378 DUABUS
2019 317 2376 380 NATURlS.

3270 329 3376 393 930

127 410 306 482 δηλοῖ·
347 410 407 462 τὸ
439 411 490 462 δὲ
531 413 620 461 ἐπὶ
647 411 756 465 τῶν
789 412 997 467 ὑδάτων
1031 420 1375 486 περιπατεῖν,
1408 420 1509 472 ούκ
1535 421 1684 488 ἀφαί-

1795 441 1907 481 non
1965 426 2110 480 tollit
2167 428 2416 496 corporis
2446 429 2862 500 proprietatem,
2915 431 3009 488 sed
3062 449 3130 488 ex
3187 435 3374 492 divina

129 517 278 574 ρεσις
319 500 580 570 ἰδιότητος
621 501 716 554 τοῦ
773 502 1029 574 σώματος
1081 501 1168 576 ἦν,
1217 506 1354 560 ἀλλὰ
1408 508 1698 580 προσθήκη

123 591 408 660 δυνάμεως
436 589 496 654 ἐξ
525 590 805 660 ἐνεργείας
830 593 1039 663 θεῖκῆς.
1061 595 1134 648 Τὸ
1159 595 1252 650 οῦν
1278 597 1436 667 σῶμα
1465 597 1701 665 ἐξετέλει

121 681 190 734 τὰ
220 679 313 733 τοῦ
357 682 628 748 σώματος,
670 683 698 734 6
730 681 786 734 δὲ
835 683 1008 752 Λόγος
1059 688 1455 756 κατειργάζετο
1485 688 1554 744 τά
1604 689 1699 744 τοῦ

119 773 318 839 Λόγου,
354 771 430 834 ὡς
454 772 516 824 τὸ
553 772 735 843 θαῦμα
771 772 888 843 βοᾷ.

196 863 262 916 Ἢ
294 863 415 932 οὐχὶ
439 865 534 916 καὶ
565 864 725 926 αὐτὸς
751 867 816 917 τὰ
838 865 978 918 αὐτὰ
1002 866 1151 935 λέγει
1172 869 1228 921 ἐν
1252 870 1331 940 τῷ
1360 870 1503 942 λόγῳ
1532 873 1696 926 αὐτοῦ

116 955 193 1024 τῷ
225 956 303 1016 είς
324 954 394 1007 τὰ
423 955 677 1007 Γενέθλια
699 956 726 1007 6
763 957 1143 1028 μυριόμορφος
1173 975 1187 988 °
1220 962 1556 1031 «Θαρσεῖτε,
1587 962 1700 1032 ἐγώ

114 1047 252 1112 ειμι,
298 1043 385 1113 μὴ
447 1045 776 1112 φοϐεῖσθε;
815 1047 874 1100 τὸ
901 1048 979 1115 δὲ,
1007 1049 1121 1118 ἐγώ
1147 1054 1283 1120 ειμι,
1316 1054 1413 1123 τῆς
1446 1053 1699 1124 ἀληθείας

117 1137 233 1188 ἐστὶ
272 1138 700 1208 παραστατικὸν,
733 1139 828 1192 καὶ
855 1141 1037 1194 πᾶσαν
1055 1144 1364 1210 φαντασίαν
1389 1145 1698 1200 ἀποσκευά-

117 1225 290 1291 ζεται.
376 1226 518 1297 Ἐγὼ
566 1228 673 1300 γάρ
717 1232 844 1300 εἰμι
890 1233 918 1284 6
991 1233 1064 1303 μὴ
1101 1233 1304 1304 τρέψας
1337 1235 1370 1304 ἦ
1401 1235 1696 1300 ἀλλοιώσας

116 1321 328 1387 ἐαυτὸν,
374 1318 510 1374 ἀλλὰ
547 1320 740 1390 μείνας
780 1321 935 1387 Θεὸς,
964 1322 1039 1386 ὡς
1073 1323 1135 1376 τὸ
1163 1325 1350 1394 θαῦμα
1373 1325 1470 1397 βοᾷ
1499 1343 1514 1360 ο
1545 1328 1640 1380 καὶ
1669 1330 1697 1380 6

116 1415 278 1476 αὐτὸς
304 1413 445 1469 κατά
492 1413 754 1484 ἀλήθειαν
791 1416 887 1468 καὶ
920 1417 1214 1486 γενόμενος
1243 1419 1336 1472 καὶ
1376 1419 1698 1489 φαινόμενος

114 1505 418 1577 ἄνθρωπος,
447 1505 521 1568 ὡς
555 1506 583 1558 6
628 1505 932 1575 περίπατος
961 1507 1070 1560 τῶν
1108 1509 1284 1562 ποδῶν
1321 1509 1488 1579 δηλοῖ.
1524 1529 1543 1562 ι
1591 1512 1698 1564 Καὶ

113 1597 170 1646 ἐν
199 1600 264 1666 τῇ
297 1596 434 1666 πρὸς
465 1595 747 1650 Ἰουλιανὸν
782 1597 838 1649 δὲ
871 1598 1148 1669 ἐπιστολῇ,
1175 1593 1296 1670 ἦςὴ
1329 1601 1494 1671 ἀρχὴ,
1536 1601 1697 1655 Ἐδε-

114 1686 313 1754 ξάμην
343 1685 458 1755 τὴν
493 1688 574 1752 ὡς
628 1687 788 1755 παρὰ
819 1688 947 1753 ,σοῦ
965 1705 1066 1758 μοι
1117 1691 1526 1760 γεγραμμένην
1573 1693 1698 1747 ἑπι-

1795 521 2122 589 operatione
2156 519 2412 575 humanae
2455 521 2644 577 addita
2688 524 2996 593 perﬁcitur.
3028 526 3244 596 Corpus
3277 529 3386 598 igi-

1796 619 1888 664 tur
1909 611 2258 680 perﬁeiebat,
2286 628 2409 682 qua:
2435 615 2688 682 corporis
2714 625 2895 680 erant,
2920 628 2976 671 et
2993 619 3233 673 Verbum
3255 635 3378 690 quas

1795 702 1986 769 Verbi,
2025 704 2104 757 uti
2130 705 2458 760 miraculum
2478 707 2827 761 manifestius
2851 708 3113 763 declarat.

1868 888 2074 943 Eadem
2117 894 2416 949 conﬁtetur
2440 898 2796 954 multiformis
2844 900 2936 955 hie
2988 904 3265 973 sophistes
3315 907 3369 961 in

1797 991 2049 1032 sermone
2105 995 2206 1035 suo
2257 983 2314 1036 in
2358 984 2712 1041 Nativitatem
2755 1005 2768 1041 :
2821 989 3022 1045 Habete
3081 994 3366 1061 ﬁduciam,

1797 1082 1890 1136 ego
1915 1084 2052 1135 sum,
2077 1071 2240 1125 nolite
2272 1075 2458 1128 timere
2493 1076 2704 1146 (Matth.
2736 1095 2844 1144 xiv,
2879 1081 3121 1147 27).Hoc
3139 1102 3230 1154 ego
3249 1103 3368 1140 sum

1797 1157 2085 1212 veritatem
2108 1160 2474 1228 demonstrat,
2493 1175 2548 1220 et
2573 1183 2736 1223 omne
2757 1171 3077 1239 phantasma
3103 1177 3366 1232 excludit.

1795 1246 1910 1317 Ego
1939 1250 2086 1302 enim
2123 1266 2263 1317 sum,
2298 1256 2392 1322 qui
2426 1272 2607 1326 neque
2635 1270 2819 1314 mutor
2838 1278 3020 1331 neque
3048 1276 3365 1331 convertor,

1797 1337 1892 1391 sed
1931 1353 2104 1408 usque
2151 1341 2296 1396 Deus
2325 1360 2522 1400 maneo
2549 1388 2562 1411 ,
2613 1349 2692 1402 uti
2723 1351 3048 1407 miraculum
3093 1355 3365 1424 declarat;

1798 1425 1915 1495 ipse
1943 1443 2070 1482 vere
2101 1429 2266 1484 homo
2295 1433 2474 1488 factus
2503 1447 2560 1490 et
2581 1439 2754 1502 visus,
2774 1441 2854 1494 uti
2895 1443 3096 1510 pedum
3115 1447 3369 1502 ambula-

1798 1516 1874 1570 tio
1893 1517 2110 1587 probat.
2143 1539 2160 1570 ι
2199 1521 2342 1575 Dicit
2371 1525 2536 1579 etiam
2584 1527 2641 1580 in
2687 1529 2919 1596 epistola
2967 1532 3034 1585 ad
3087 1533 3364 1590 Iulianum

1797 1608 1954 1676 cujus
2002 1610 2285 1665 exordium
2339 1613 2639 1684 Epistolam
2678 1620 2808 1674 mihi
2853 1639 2886 1674 α
2938 1631 2986 1676 te
3014 1627 3365 1697 conscriptam

1799 1698 1973 1764 accepi
2008 1714 2025 1751 :
2063 1717 2081 1750 ι
2121 1699 2295 1755 Sicuti
2341 1713 2577 1759 mortem
2619 1707 2800 1762 libens
2847 1714 3174 1769 naturaliter
3204 1717 3365 1782 adiit,

111 1778 365 1846 στολὴν,
390 1779 536 1846 λέγει
564 1794 580 1808 °
622 1798 642 1831 ε
675 1780 885 1850 Ὠσπερ
913 1781 940 1832 6
974 1781 1203 1846 θάνατος
1241 1783 1404 1835 αὐτοῦ
1436 1784 1684 1853 βουλομέ-

1803 1785 2050 1840 divinum
2079 1804 2212 1843 vero
2238 1796 2662 1850 resurrectionis
2696 1798 3022 1855 miraculum
3042 1813 3256 1859 natura:
3283 1806 3366 1859 vi-

111 1889 202 1922 νου
240 1869 519 1923 συνέϐαινε
549 1869 818 1938 φυσικῶς,
853 1870 1208 1938 ἐπηκολούθει
1251 1872 1307 1924 δέ
1349 1873 1486 1942 ὺπέρ
1534 1873 1695 1942 φύσιν

108 1961 168 2012 τὸ
206 1960 511 2030 θεοπρεπὲς
539 1958 722 2029 θαῦμα
756 1960 851 2029 τῆς
878 1959 1245 2024 ἀναστάσεως,
1270 1958 1412 2012 οὕτω
1434 1961 1530 2014 καὶ
1557 1961 1694 2031 μετά

107 2053 208 2119 τὴν
235 2050 547 2115 ἕκπνευσιν,
594 2049 670 2112 ὡς
711 2050 739 2101 6
795 2050 1189 2121 εὐαγγελιστὴς
1239 2051 1490 2121 Ἰωάννης
1533 2053 1690 2122 φησι,

109 2141 360 2210 φυσικῶς
417 2139 716 2210 τρωθείσης
767 2143 834 2210 τῇ
892 2139 1060 2212 λόγχῃ
1091 2141 1191 2210 τῆς
1234 2138 1474 2211 πλευρᾶς
1502 2157 1515 2171 ο
1559 2142 1689 2196 [διον

108 2232 217 2302 γὰρ
275 2229 550 2299 σώματος,
585 2232 632 2282 εί
667 2231 760 2283 καὶ
787 2228 1021 2300 ἀψύχου,
1069 2230 1389 2300 τέμνεσθαι,
1413 2231 1591 2284 θεῖκὸν
1633 2231 1691 2285 δὲ

109 2323 392 2393 ἐνέργημα
415 2321 508 2372 καὶ¹
533 2320 640 2373 τῶν
668 2321 826 2391 θεοση
837 2322 1003 2388 μείων
1031 2321 1091 2373 τὸ
1117 2322 1370 2391 μέγιστον
1392 2323 1691 2392 συνήπτετο

113 2413 267 2483 ῥύσις
303 2411 600 2482 παράδοξος
642 2412 735 2466 τοῦ
781 2413 925 2466 θείου
965 2413 1216 2481 αἵματος,
1259 2411 1410 2466 ὕδατι
1441 2412 1689 2483 ζωοποιῷ

112 2505 412 2574 συμμιγής.
450 2523 468 2556 ι
500 2505 609 2558 Kal.
643 2505 806 2560 πάλιν
836 2519 852 2535 ο
901 2522 920 2554 ι
969 2505 1098 2556 Ἰδοὺ
1121 2502 1397 2574 πανταχοῦ
1423 2505 1550 2574 περὶ
1587 2504 1686 2574 τὴν

112 2596 294 2666 σάρκα
317 2595 414 2667 τὴν
444 2597 838 2667 αἰσθανομένην
876 2598 970 2650 καὶ
998 2596 1290 2665 ἀλγοῦσαν,
1334 2597 1408 2660 ὼς
1438 2597 1684 2665 πέφυκεν

113 2687 272 2759 σῶμα
302 2688 541 2758 ἔμψυχον
573 2688 946 2753 αἰσθάνεσθαι,
984 2689 1079 2742 καὶ
1113 2688 1296 2758 ἀλγεῖν
1324 2689 1432 2742 τῶν
1464 2687 1677 2753 παθῶν,

109 2783 142 2850 ἡ
181 2782 433 2852 ἐνέργεια
459 2782 602 2834 κατά
625 2779 901 2852 ἀλήθειαν.
940 2799 960 2834 ι
992 2781 1101 2835 Kal.
1125 2785 1243 2850 μετ’
1267 2781 1422 2849 ὀλίγα
1448 2795 1462 2810 ο
1494 2798 1512 2831 ι
1544 2775 1690 2832 Καθ’

109 2871 136 2923 ὃ
169 2871 303 2934 Θεὸς
335 2867 404 2942 ἦν
430 2871 669 2942 ἀπαθὴς,
701 2871 930 2942 μηδενὸς
958 2872 1020 2925 τδ
1047 2873 1309 2942 παράπαν
1332 2869 1682 2924 συναισθανό-

113 2979 273 3030 μενος
291 2965 357 3034 τῇ
386 2964 571 3034 σαρκὶ,
597 2963 738 3016 ὥστε
760 2965 809 3016 εί
839 2962 934 3017 καὶ
961 2965 1060 3033 τῆς
1088 2963 1286 3034 σαρκὸς
1312 2959 1380 3033 ἦν
1413 2963 1482 3015 τὰ
1512 2960 1682 3031 πάθη,

1799 1891 1886 1929 res
1929 1879 2333 1946 exsuperabat,
2385 1883 2460 1938 ita
2493 1899 2552 1937 se
2590 1886 2787 1940 habuit
2835 1905 2925 1943 res
2956 1909 2968 1942 :
3003 1894 3228 1960 quando
3266 1895 3364 1950 de—

1793 1965 1966 2020 functi
1989 1971 2239 2037 corporis
2261 1971 2427 2038 latus,
2483 1983 2545 2028 ut
2602 1987 2796 2032 narrat
2825 1981 3174 2052 Evangelista
3202 1986 3367 2041 Joan-

1793 2070 1893 2110 nes
1917 2056 2050 2128 (xrx,
2091 2059 2202 2129 55),
2242 2064 2572 2119 naturaliter
2625 2067 2816 2123 lancea
2859 2072 3206 2128 vulneratum
3235 2084 3360 2131 est:

1790 2145 2036 2215 transﬁgi
2076 2148 2222 2201 enim
2266 2149 2476 2217 lancea,
2503 2156 2751 2224 corporis
2781 2168 2921 2224 erat,
2941 2161 3025 2214 vel
3049 2163 3358 2229 inanimati,

1795 2234 1894 2288 sed
1934 2235 2179 2292 divinum
2207 2255 2348 2310 opus
2377 2253 2519 2310 erat,
2550 2253 2606 2300 et
2629 2249 3008 2319 prodigiorum
3039 2255 3362 2320 maximum,

1797 2325 2074 2382 mirabilis
2109 2329 2282 2384 divini
2310 2335 2594 2403 sanguinis
2615 2341 2879 2405 manatio,
2900 2357 3024 2397 cum
3064 2347 3363 2404 viviﬁcanti

1793 2430 1934 2484 aqua
1962 2418 2233 2486 permisti.
2277 2440 2295 2472 ι
2351 2422 2420 2476 Et
2445 2441 2640 2481 rursus
2667 2447 2684 2481 :
2723 2449 2740 2481 ι
2772 2431 2911 2486 Vera
2933 2435 3139 2504 ubique
3167 2454 3364 2507 opera-

1792 2508 1871 2562 tio
1903 2509 1959 2563 in
1999 2526 2164 2567 carne
2217 2529 2415 2570 sensus
2448 2529 2504 2574 et
2545 2521 2757 2581 doloris
2799 2529 2985 2596 capaci
3034 2531 3112 2584 uti
3162 2548 3363 2603 corpus

1789 2600 2091 2655 animatum
2133 2603 2296 2659 decet
2329 2615 2383 2660 et
2444 2613 2651 2666 sentire
2698 2623 2754 2667 et
2789 2616 2996 2673 dolere.
3045 2639 3062 2670 ι
3108 2621 3174 2676 Et
3200 2600 3365 2691 paulo

1785 2698 1909 2760 post
1943 2710 1954 2743 :
1990 2711 2006 2742 ι
2036 2693 2094 2746 1η
2125 2703 2389 2762 quantum
2420 2698 2584 2765 Deus,
2635 2713 2751 2756 erat
2801 2704 3124 2775 impatibilis
3148 2749 3161 2773 ,
3208 2712 3365 2766 nullo

1791 2781 1956 2834 modo
1981 2783 2162 2838 carnis
2195 2785 2483 2844 doloribus
2522 2801 2740 2860 motus;
2772 2799 2955 2851 carnis
2982 2809 3111 2853 sunt
3138 2811 3364 2857 natura-

1787 2869 1914 2923 liter
1930 2872 2214 2940 passiones
2233 2882 2288 2928 et
2316 2877 2529 2943 animae,
2548 2892 2603 2934 at
2623 2883 2785 2937 Verbi
2808 2885 3079 2943 inearnati
3102 2891 3362 2960 spiritua-

1787 2958 1917 3012 liter
1959 2960 2254 3016 animatam
2301 2979 2531 3021 carnem
2561 2969 2678 3025 haec
2721 2988 2939 3044 quoque
2975 2958 3199 3048 propria
3245 2982 3360 3050 pati

110 3052 202 3107 καὶ
234 3053 335 3122 τῆς
361 3053 536 3124 ψυχῆς
557 3052 698 3106 κατά
727 3053 908 3120 φύσιν,
940 3053 1056 3106 ἀλλ’
1085 3054 1192 3108 ίδια
1227 3052 1320 3107 τοῦ
1359 3053 1533 3146 Λόγου
1587 3050 1683 3146 τοῦ
1709 3041 1752 3100 C
1786 3046 2010 3146 dicitur.
2043 3066 2060 3098 ι
2121 3135 2144 3146 -

110 3141 483 3210 σαρκωθέντος
520 3139 616 3210 τὴν
651 3140 1010 3211 ἐψυχωμένην
1038 3141 1240 3213 νοερῶς
1270 3141 1450 3210 σάρκα
1472 3139 1572 3210 τὴν
1601 3138 1696 3191 καὶ
1723 3137 2029 3202 πεφυκυῖαν
2049 3137 2218 3189 ταῦτα
2256 3138 2441 3193 παθεῖν
2464 3143 2698 3213 λέγεται.
2732 3167 2751 3200 ι

177 3235 240 3286 Ei
271 3235 368 3304 μία
405 3233 565 3302 φύσις
598 3232 692 3286 τοῦ
730 3233 905 3301 Λόγου
936 3235 1027 3286 καὶ
1065 3235 1162 3304 τῆς
1193 3235 1414 3304 σαρκὸς,
1467 3233 1541 3304 μὴ
1569 3231 1686 3286 διά-

110 3324 292 3377 στελλε
324 3341 340 3356 ·
369 3324 483 3378 ἀλλ’
511 3324 584 3387 ὡς
612 3323 790 3392 λέγεις
811 3324 949 3376 κατά
996 3323 1156 3393 φύσιν
1179 3320 1318 3378 εἶναι
1344 3325 1444 3394 τῆς
1473 3323 1678 3394 σαρκὸς

108 3415 320 3484 καὶτῆς
351 3413 532 3484 ψυχῆς
559 3412 626 3466 τὰ
655 3412 824 3483 πάθη,
866 3413 1106 3484 δηλονότι
1140 3415 1248 3467 [δια
1294 3414 1417 3467 εἰπὲ
1454 3414 1553 3467 καὶ
1586 3412 1678 3464 τοῦ

107 3499 314 3568 Λόγου*
349 3502 397 3552 εἰ
425 3500 482 3552 δέ
510 3500 571 3552 οὐ
603 3499 804 3570 τολμᾷς
831 3502 859 3553 6
885 3503 1060 3556 πάντα
1097 3501 1333 3572 τολμῶν,
1373 3502 1484 3572 ἄρα
1506 3501 1680 3572 ἑτέρῳ

106 3590 294 3660 τρόπῳ
335 3588 440 3641 ἴδια
466 3588 560 3640 τοῦ
593 3589 770 3658 Λόγου
798 3591 869 3644 τά
903 3590 1072 3661 πάθη,
1107 3593 1203 3645 καὶ
1237 3593 1299 3645 ού
1341 3592 1483 3646 κατὰ
1519 3592 1682 3662 φύσιν

107 3681 261 3734 εἰσίν.
291 3679 411 3743 Πῶς
440 3679 533 3733 οὖν
558 3680 617 3732 ού
652 3680 747 3734 δύο
772 3679 963 3748 φύσεις
983 3683 1012 3735 6
1041 3681 1278 3751 Χριστός
1306 3699 1320 3748 ;
1347 3683 1424 3752 Τῇ
1446 3681 1555 3753 γὰρ
1583 3684 1682 3753 μιᾷ

107 3770 266 3838 φύσει
311 3769 366 3823 εἴ
414 3787 468 3823 τι
522 3769 810 3838 συμϐαίνει
845 3770 1111 3838 φυσικῶς,
1148 3769 1309 3832 τοῦτο
1347 3770 1477 3826 ίδιον
1515 3771 1683 3840 αὐτῆς

107 3862 243 3915 κατά
274 3861 435 3931 φύσιν
465 3860 682 3928 λέγεται
713 3877 728 3892 ·
761 3861 811 3912 εί
829 3877 880 3913 τι
901 3860 957 3913 δὲ
986 3860 1127 3931 ὑπὲρ
1184 3859 1366 3929 φύσιν,
1421 3857 1482 3925 ἐξ
1534 3861 1684 3929 ἐνερ-

107 3951 257 4018 γείας
282 3951 428 4005 ἐστὶν
454 3951 649 4021 ἐτέρας
679 3949 915 4018 φύσεως.
966 3951 1024 4002 '0
1067 3950 1125 4003 δὲ
1173 3950 1472 4020 ἀμέριστον
1511 3948 1682 4003 εἰπὼν

105 4041 200 4112 τὴν
225 4041 530 4112 ἐνέργειαν,
569 4041 653 4094 ἵνα
697 4041 824 4110 μίαν
863 4039 1024 4109 φύσιν
1062 4039 1412 4110 παραστήσῃ,
1447 4038 1546 4109 τὴν
1577 4038 1676 4108 μὲν

107 4131 304 4201 τρῶσιν
340 4133 408 4202 τῇ
439 4130 648 4201 πλευρᾷ
695 4129 990 4200 ἀφώρισεν,
1023 4129 1267 4198 φυσικῶς
1300 4128 1468 4199 αὐτὴν
1504 4128 1677 4197 λέγων

105 4224 400 4293 τρωθῆναι,
421 4225 515 4275 καὶ
529 4223 657 4275 ἴδιον
679 4219 990 4276 εἶναιτοῦτο
1016 4221 1287 4292 σώματος,
1310 4221 1370 4274 ού
1402 4220 1673 4290 θεότητος·

109 4313 283 4365 θεῖκὸν
311 4312 370 4365 δὲ
406 4311 708 4381 ἐνέργημα,
748 4311 808 4364 οὐ
831 4310 1163 4380 σωματικὸν,
1193 4309 1293 4380 τὴν
1319 4309 1414 4362 τοῦ
1442 4310 1674 4379 αἵματος

1861 3225 2016 3292 Quod
2049 3229 2093 3282 si
2136 3245 2242 3284 una
2273 3242 2470 3289 natura
2510 3237 2674 3292 Verbi
2716 3251 2771 3295 et
2798 3243 3000 3310 carnis,
3029 3246 3142 3300 noli
3171 3247 3360 3305 distin-

1787 3332 1954 3387 gnere
1975 3334 1989 3380 ;
2008 3328 2093 3372 ast
2118 3332 2180 3375 ut
2202 3324 2386 3378 carnis
2408 3334 2463 3379 et
2491 3328 2688 3384 anima:
2713 3331 2852 3388 dicis
2879 3320 3210 3392 naturaliter
3235 3356 3357 3396 esse

1784 3412 2089 3480 passiones,
2147 3415 2268 3470 illas
2301 3432 2521 3488 quoque
2563 3421 2747 3477 Verbo
2772 3425 2985 3481 tribuas
3019 3445 3032 3480 :
3067 3429 3114 3482 si
3169 3440 3353 3486 autem

1787 3500 1892 3554 hoc
1915 3516 2021 3555 non
2051 3503 2253 3569 audes,
2279 3508 2645 3565 audacissime
2670 3552 2686 3578 ,
2726 3529 2856 3569 sane
2898 3517 3006 3571 alio
3036 3519 3200 3574 modo
3228 3537 3354 3590 pas-

1785 3591 1968 3646 siones
1992 3592 2172 3648 Verbo
2197 3599 2437 3666 propriae
2458 3610 2587 3656 sunt
2618 3613 2673 3657 et
2699 3619 2809 3659 non
2851 3611 3198 3666 naturaliter.
3249 3613 3353 3680 Qui

1783 3682 1954 3752 igitur
1977 3674 2088 3738 non
2121 3687 2241 3741 duae
2277 3700 2489 3746 naturae
2512 3692 2808 3750 Christus?
2828 3698 2962 3753 Nam
2993 3701 3038 3754 si
3067 3705 3160 3755 uni
3190 3712 3354 3758 natu-

1781 3787 1854 3826 ra:
1881 3773 2014 3841 quid
2042 3777 2301 3830 convenit
2344 3782 2692 3849 naturaliter,
2729 3785 2836 3840 hoc
2879 3789 2984 3858 ipsi
3009 3790 3160 3860 juxta
3194 3801 3357 3849 natu-

1781 3877 1894 3916 ram
1916 3865 2202 3932 proprium
2222 3867 2460 3937 dicitur;
2481 3873 2531 3925 si
2557 3888 2686 3927 vero
2709 3877 2856 3944 quod
2883 3894 3048 3949 supra
3077 3891 3351 3949 naturam,

1781 3953 1885 4008 hac
1911 3957 2239 4024 operatione
2267 3960 2326 4012 lit
2355 3961 2586 4016 alterius
2609 3973 2840 4019 naturae.
2868 3967 2972 4034 Qui
3002 3971 3349 4030 individuam

1781 4043 2334 4114 dicitOperationem,
2363 4059 2424 4103 ut
2456 4066 2619 4106 unam
2650 4062 2900 4111 naturam
2922 4060 3232 4128 conﬁrmet,
3265 4064 3349 4117 la-

1782 4134 1919 4189 teris
1950 4135 2149 4191 vulnus
2189 4137 2444 4211 denegat,
2473 4144 2803 4199 naturaliter
2826 4135 2969 4203 illud.
3003 4151 3351 4207 vulneratum

1779 4224 1952 4280 fuisse
1975 4228 2336 4295 contendens,
2381 4239 2437 4286 et
2479 4232 2583 4286 hoc
2605 4236 2890 4305 proprium
2921 4255 3043 4295 esse
3077 4246 3352 4312 corporis,

1781 4331 1893 4371 non
1925 4317 2266 4374 divinitatis:
2299 4321 2484 4378 divina
2515 4335 2698 4380 autem
2722 4331 2992 4397 operatio,
3024 4347 3133 4386 non
3155 4334 3350 4390 huma-

108 4404 198 4456 καὶ
227 4402 421 4465 ὕδατος
443 4403 620 4473 ῥύσιν.
643 4402 716 4456 Τὸ
742 4399 834 4456 οὖν
860 4403 1068 4474 τρωθὲν
1100 4402 1282 4498 σῶμα,
1301 4403 1396 4455 καὶ
1431 4403 1675 4498 πεφυκὸς

1789 4427 1869 4477 na,
1903 4413 2188 4483 sanguinis
2214 4423 2270 4470 et
2303 4430 2458 4484 aquae
2489 4419 2750 4472 manatio.
2787 4421 3146 4479 Vulneratum
3183 4426 3353 4498 igitur

107 4495 311 4563 ἀλγεῖν,
351 4496 444 4548 καὶ
485 4496 670 4548 παθῶν
696 4495 959 4558 δεκτικὸν,
1014 4493 1191 4557 καλῶς
1232 4489 1384 4546 εἶπεν
1412 4493 1441 4544 6
1490 4493 1677 4556 πάπας

108 4583 250 4636 Λέων
279 4583 777 4639 ὑποπεπτωκέναι
800 4587 912 4646 τοῖς
936 4583 1135 4638 πάθεσι
1167 4584 1261 4637 καὶ
1291 4583 1420 4648 ταῖς
1447 4583 1674 4651 ὕϐρεσι,

106 4671 460 4743 διαλάμπειν
477 4675 544 4728 δὲ
581 4676 704 4741 τοῖς
740 4677 999 4745 θαύμασι
1021 4678 1118 4748 τὴν
1142 4677 1391 4748 θεότητα,
1413 4677 1510 4747 τὴν
1545 4678 1679 4731 ἀνα-

109 4764 378 4830 στήσασαν
429 4763 571 4834 ὑπὲρ
605 4764 768 4832 φύσιν
803 4764 862 4816 τὸ
889 4765 1018 4818 ῐδιον
1055 4766 1236 4835 σῶμα.
1266 4766 1326 4818 Εἰ
1363 4766 1420 4819 δὲ
1459 4768 1493 4836 ὴ
1540 4765 1678 4837 σὰρξ

107 4847 214 4918 ἔχει
249 4851 410 4920 φύσιν
435 4853 687 4922 δεκτικὴν
730 4853 942 4918 παθῶν,
975 4857 1008 4924 ἡ
1039 4855 1097 4907 δὲ
1124 4855 1313 4925 θεότης
1344 4855 1674 4927 ἐνεργοῦσαν

106 4940 168 4991 τὰ
203 4941 343 5012 ὑπὲρ
378 4943 474 5012 τὴν
514 4943 676 5011 φύσιν
733 4943 827 4997 τοῦ
887 4945 1157 5014 σώματος,
1207 4947 1375 5010 ὅντως
1420 4947 1676 5015 φυλάττει

109 5033 336 5106 ἑκατέρα
378 5035 539 5104 φύσις
572 5037 670 5108 τὴν
692 5038 893 5108 ἑαυτῆς
921 5039 1180 5111 ἰδιότητα,
1211 5042 1305 5093 καὶ
1342 5040 1522 5103 καλῶς
1547 5042 1676 5110 ὀμο-

107 5119 385 5189 λογοῦνται
415 5127 508 5180 δύο
542 5128 732 5195 φύσεις
771 5127 912 5184 εἶναι
940 5129 1032 5183 τοῦ
1066 5130 1324 5201 Χριστοῦ,
1356 5131 1451 5184 καὶ
1471 5131 1674 5184 τούτων

109 5212 371 5278 σώζεσθαι
405 5218 690 5290 ἰδιότητας,
713 5219 780 5284 ἃς
799 5222 895 5274 καὶ
925 5221 1122 5276 ειδέναι
1153 5222 1406 5292 ὁμολογεῖ
1437 5223 1674 5294 Σευῆρος

108 5304 160 5355 ἐν
180 5309 286 5370 τοῖς
306 5309 447 5361 κατά
468 5310 563 5362 τοῦ
586 5311 980 5382 Γραμματικοῦ
1003 5313 1178 5380 λέγων
1204 5313 1373 5376 οὕτως
1397 5330 1411 5344 ·
1437 5333 1455 5366 ι
1486 5317 1674 5386 Ἴσμεν

107 5396 211 5467 γὰρ
255 5401 347 5453 καὶ
399 5402 726 5472 ὁμολοῦμεν,
772 5403 847 5467 ὡς
893 5405 992 5476 ἤδη
1044 5406 1388 5476 προείρηται,
1429 5407 1538 5459 τῶν
1574 5407 1673 5476 φύ-

111 5497 260 5551 σεων,
289 5487 349 5553 ἐξ
375 5483 450 5543 ὧν
483 5491 808 5562 άπορῤήτως
837 5487 920 5557 εἷς
979 5495 1212 5563 Χριστὸς
1265 5498 1668 5566 συνενήνεκται,

111 5574 200 5627 xal.
236 5579 467 5652 ἰδιότητα
499 5586 590 5638 καὶ
612 5585 875 5656 διαφοράν
899 5588 993 5640 καὶ
1015 5589 1308 5658 ἑτερότητα
1339 5588 1413 5652 ὡς
1440 5590 1498 5642 ἐν
1521 5591 1671 5643 ποιό-

111 5676 226 5735 τητι
277 5675 500 5744 φυσικῇ,
557 5677 650 5728 καὶ
695 5675 983 5732 διιστῶσαν
1013 5679 1107 5731 ἀπ’
1160 5677 1405 5749 ἀλλήλων
1440 5680 1535 5742 τὰς
1565 5681 1664 5749 φύ-

1781 4518 1982 4572 corpus
2004 4512 2060 4559 et
2087 4505 2151 4559 ad
2179 4505 2425 4561 dolorem
2461 4517 2652 4563 natum
2691 4513 3009 4580 passionum
3037 4532 3226 4587 capax,
3252 4529 3351 4590 op;

1779 4593 1913 4648 time
1936 4593 2077 4648 dixit
2102 4610 2244 4664 papa
2272 4595 2406 4661 Leo,
2431 4599 2787 4666 passionibus
2801 4612 2859 4658 et
2879 4605 3090 4674 injuriis
3111 4624 3351 4664 succum-

1780 4682 1898 4736 bere
1912 4700 2218 4749 ;coruscare
2236 4703 2356 4740 vero
2379 4689 2650 4743 miraculis
2669 4691 3034 4762 divinitatem,
3066 4700 3350 4768 proprium

1780 4791 1981 4845 corpus
1998 4793 2165 4846 supra
2187 4787 2439 4832 naturam
2469 4782 2845 4837 extollentem.
2880 4784 2937 4838 Si
2967 4801 3095 4840 caro
3125 4789 3349 4856 quidem

1778 4876 2030 4921 naturam
2055 4867 2223 4922 liabet
2245 4869 2596 4937 passionibus
2621 4887 2894 4941 capacem,
2924 4876 3188 4932 divinitas
3216 4895 3352 4934 vero

1778 4964 2032 5010 naturam
2062 4972 2126 5011 ea
2179 4973 2302 5026 qua:
2344 4959 2492 5012 vires
2525 4963 2773 5028 corporis
2805 4976 3140 5034 exsuperant
3177 4968 3348 5036 perﬁ-

1778 5046 2038 5112 cientem,
2056 5057 2206 5102 recte
2237 5048 2500 5102 dicuntur
2523 5050 2840 5108 duaaiuesse
2869 5055 3089 5112 Christe
3115 5067 3344 5122 naturae,

1775 5146 1836 5193 et
1878 5139 2104 5192 istarum
2152 5139 2381 5193 retineri
2442 5146 2834 5212 proprietates,
2865 5162 3000 5215 quas
3048 5163 3350 5218 agnoscere

1777 5242 1888 5281 non
1916 5227 2132 5282 dubitat
2159 5227 2398 5284 Severus
2432 5231 2548 5300 ipse
2584 5232 2638 5285 in
2669 5234 2829 5288 libris
2853 5235 3120 5290 adversus
3155 5235 3350 5290 Gram-

1777 5317 2038 5371 maticum
2070 5333 2083 5369 :
2114 5335 2132 5366 ι
2167 5317 2437 5373 Novimus
2460 5321 2755 5394 euim,'ait,
2787 5331 2844 5377 et
2873 5325 3222 5390 conﬁtemur,
3265 5329 3346 5381 uti

1770 5410 1882 5481 jam
1913 5409 2122 5464 dictum
2177 5417 2302 5473 est,
2363 5421 2687 5466 naturarum
2744 5429 2774 5468 e
2819 5416 3024 5485 quibus
3077 5419 3344 5473 inctfabili

1775 5501 1937 5555 modo
1963 5502 2292 5571 conjunctus
2320 5502 2694 5570 estChristus,
2723 5507 3113 5574 proprietatem
3155 5519 3207 5564 et
3236 5511 3343 5561 dif-

1773 5591 2084 5655 ferentiam,
2117 5600 2272 5664 et‘ut
2315 5595 2369 5645 in
2419 5594 2681 5661 qualitate
2711 5597 2966 5664 physwa,
3009 5605 3344 5666 naturasque

1775 5681 1920 5736 inter
1949 5696 2007 5737 se
2039 5681 2466 5752 distinguentem
2514 5682 2927 5752 diversitatem;
2984 5701 3085 5741 nec
3131 5687 3343 5744 tollitur
