3958 6288
577 314 676 378 931

1789 293 2193 357 EUSTATHII
2229 285 2578 352 MONACHI

3782 272 3877 337 93!

583 433 701 486 haec
754 423 977 496 physica
1017 417 1306 475 diversitas
1341 429 1408 469 ac
1453 408 1790 476 didercutia,
1821 407 1954 478 quia
2003 407 2144 462 citra

2287 418 2374 465 et;
2407 417 2425 432 ·
2469 399 2564 453 καὶ
2613 396 2775 452 πάλιν
2816 397 2918 468 τῆς
2955 395 3192 466 φυσικῆς
3236 393 3574 465 ἑτερότητος
3619 392 3734 445 καὶ
3769 389 3876 444 δια-

583 523 750 578 nllam
795 512 1174 571 confusionem
1207 507 1530 562 uniuntur.»
1569 499 1806 558 Attende
1833 499 1904 553 ab
1946 512 2016 553 eo
2044 513 2150 550 na-

585 622 736 666 turas
779 606 908 671 dici,
942 618 1050 659 non
1086 607 1340 655 naturam
1406 608 1613 665 easque
1641 591 1940 646 distinctas.

756 735 777 780 Ι

651 889 756 959 Qui
783 895 968 944 autem
993 885 1085 940 hic
1109 882 1506 954 proprietatem
1533 893 1600 932 ac
1645 873 2026 931 diversitatem
2068 885 2166 924 na-

587 991 838 1038 turarum
864 978 1137 1050 agnoscit,
1166 973 1362 1030 multis
1397 972 1454 1026 in
1469 967 1692 1039 scriptis
1716 981 1815 1022 eos
1838 964 2164 1020 anathema-

585 1075 719 1129 tizat
745 1073 839 1141 qui
881 1071 1001 1126 haec
1047 1065 1398 1139 proﬁtentur.
1461 1061 1567 1129 Qui
1607 1060 1702 1114 hic
1727 1057 1865 1113 dicit
1901 1055 2086 1110 carnis
2111 1061 2168 1107 et

586 1169 784 1222 animae
810 1165 966 1236 juxta
1002 1171 1256 1217 naturam
1275 1171 1398 1213 esse
1419 1154 1724 1226 passiones,
1753 1159 1810 1206 et
1844 1147 2011 1204 morti
2041 1161 2167 1202 cor-

587 1273 694 1330 pus
723 1254 1056 1310 naturaliter
1083 1249 1322 1321 subjici;
1359 1243 1728 1316 impatibilem
1767 1255 1903 1296 vero
1922 1253 2046 1294 esse
2077 1237 2166 1292 di-

589 1329 876 1404 vinitatem
906 1354 963 1400 et
985 1341 1261 1400 divinitati
1283 1336 1636 1393 tribuendam
1677 1329 2165 1394 resurrectionem,

594 1441 741 1495 idem
766 1439 822 1494 in
849 1449 1104 1492 sermone
1127 1431 1303 1488 suoin
1324 1425 1640 1496 Trisagium
1663 1425 1823 1494 cujus
1844 1419 2164 1475 exordium:

597 1531 694 1587 Vos
728 1531 913 1602 forsan
949 1541 1032 1580 me
1077 1522 1311 1594 gaudere
1355 1519 1578 1590 putatis,
1623 1515 1742 1570 haec
1777 1511 2028 1583 proferre
2058 1525 2170 1564 non

595 1623 914 1680 dubitavit:
953 1637 972 1672 ι
1017 1618 1072 1674 Si
1119 1624 1302 1671 autem
1353 1617 1480 1683 post
1519 1607 1780 1664 unionem
1845 1605 1903 1659 in
1954 1603 2172 1658 duabus

596 1713 816 1772 naturis
839 1717 1191 1781 agnoscetur,
1225 1705 1475 1761 solvetur
1498 1699 1631 1755 unio
1651 1741 1666 1766 ,
1689 1696 1910 1752 hinario
1936 1708 2171 1751 numero

595 1811 814 1869 divisa;
867 1805 1146 1862 dividetur
1195 1797 1543 1870 mysterium,
1587 1799 1646 1848 et
1689 1789 1894 1844 divinae
1955 1794 2174 1840 natura:

596 1897 1093 1960 immortalitatem,
1114 1893 1372 1948 humanae
1393 1901 1524 1942 vero
1539 1891 1780 1938 mortem
1807 1879 2139 1934 tribuemus.
2154 1893 2171 1926 ι

594 1994 704 2050 Per
727 1990 914 2045 omnia
946 1986 1167 2050 ludens,
1215 1989 1271 2038 et
1298 1978 1522 2036 sibimet
1567 1985 1853 2044 nunquam
1897 1975 2178 2032 constans,

598 2083 785 2141 omnia
811 2077 1136 2151 permiscuit
1163 2089 1285 2145 quae
1309 2067 1589 2126 divinitati
1602 2062 1932 2120 naturaliter
1953 2057 2180 2131 propria

593 2185 750 2240 sunt,
779 2149 836 2230 et
855 2187 979 2242 qua:
1011 2163 1368 2230 humanitati,
1391 2157 1741 2217 confundens
1776 2169 1842 2209 ea
1874 2166 1998 2222 quae
2027 2149 2182 2220 juxta

598 2281 856 2323 naturam
897 2261 1120 2334 propria
1177 2266 1309 2314 sunt
1363 2268 1492 2310 cum
1532 2251 1602 2306 iis
1634 2257 1758 2320 qna:
1805 2247 1960 2318 juxta
2006 2245 2184 2300 incar-

598 2360 880 2416 nationem
921 2351 1172 2424 propria;
1216 2349 1295 2403 ita
1329 2355 1393 2400 ut
1433 2351 1664 2412 utraque
1711 2348 1912 2394 natura
1937 2337 2048 2408 jam
2069 2351 2182 2392 non

602 2465 732 2505 suas
759 2444 1123 2518 proprietates
1183 2443 1388 2493 servet.
1435 2434 1548 2489 Nos
1593 2439 1777 2487 autem
1827 2429 1931 2484 hoc
1955 2427 2180 2484 edatum

601 2537 853 2608 Gregorii
876 2531 1106 2606 Nysscni
1147 2526 1576 2584 memorabimus
1609 2523 1887 2591 in‘quarto
1921 2535 2180 2576 sermone

605 2631 870 2686 adversus
922 2621 1258 2680 Eunomium
1297 2617 1614 2690 prolatum:
1651 2633 1668 2664 ι
1699 2612 1836 2668 Nam
1867 2611 1913 2667 si
1952 2626 2049 2666 eos
2085 2611 2182 2682 qui

604 2729 816 2776 natura:
844 2717 1098 2771 humana
1133 2711 1445 2783 passionem
1469 2705 1782 2761 attribuunt
1807 2711 2064 2768 accusat,
2094 2701 2180 2773 ip-

605 2827 724 2868 sam
760 2805 987 2864 omnino
1014 2801 1357 2859 divinitatem
1406 2795 1650 2868 passioni
1687 2794 1809 2851 vult
1831 2793 2123 2865 subjicere.
2155 2809 2174 2844 ι

675 2899 757 2956 Ad
787 2897 1008 2954 saniora
1049 2891 1296 2952 revocati
1323 2889 1494 2946 verba
1534 2886 1723 2942 forsan
1763 2885 1954 2956 potius
1997 2881 2183 2954 profe-

607 2999 733 3047 rent
770 3004 894 3060 quae
919 2988 1188 3042 adversus
1231 2981 1516 3038 Julianum
1565 2976 1743 3034 edidit
1778 2992 1793 3029 :
1837 2983 1857 3026 ι
1894 2973 2015 3030 Non
2041 2971 2182 3028 dici-

606 3098 729 3138 mus
753 3096 880 3136 cum
913 3078 1202 3150 passiones
1244 3071 1546 3144 impatibili
1583 3066 1895 3124 divinitatis
1921 3065 2182 3121 substan-
2209 3108 2253 3167 C

607 3174 698 3228 tia:
748 3167 1076 3224 attribuere.
1113 3187 1130 3218 ι
1166 3166 1249 3220 lta
1286 3163 1473 3220 omnia
1507 3158 1802 3217 confundit
1835 3157 1928 3213 hic
1975 3156 2186 3212 doctri-

606 3279 802 3318 narum
825 3261 1098 3323 turbator;
1118 3254 1343 3326 quando
1359 3251 1580 3308 Docetis
1595 3249 1940 3313 adversatur,
1960 3247 2184 3318 propria

607 3360 935 3406 naturarum
999 3348 1082 3401 eis
1135 3343 1482 3414 objicit-qui
1548 3339 1776 3411 propria
1855 3347 2184 3393 naturarum

608 3449 910 3507 verentur;
937 3444 994 3494 et
1035 3451 1160 3508 quae
1184 3434 1254 3490 de
1293 3447 1403 3488 una
1439 3440 1498 3488 et
1529 3431 1598 3486 ab
1627 3445 1736 3484 una
1762 3443 2002 3500 persona
2037 3426 2187 3484 dicta

611 3543 742 3591 sunt
786 3535 1094 3604 impugnat,
1148 3527 1306 3598 quasi
1351 3525 1421 3580 de
1476 3538 1588 3578 una
1628 3529 1686 3576 et
1729 3521 1798 3576 ab
1844 3535 1954 3574 una
1987 3527 2186 3574 natura

611 3625 1078 3694 intelligerentur.
1129 3619 1264 3675 Nam
1326 3615 1528 3687 saepius
1572 3621 1786 3668 naturae
1829 3619 1886 3667 et
1937 3625 2188 3682 persona:

613 3715 986 3773 diﬂ'erentiam
1012 3728 1123 3768 non
1143 3709 1412 3784 agnoscit,
1433 3717 1494 3762 ut
1515 3705 1732 3777 copiam
1753 3704 1956 3759 habeat
1981 3703 2187 3772 ubique

609 3823 811 3864 omnes
835 3805 1148 3869 incusandi,
1171 3787 1460 3859 turbarum
1481 3799 1574 3855 hic
1593 3809 1650 3855 et
1672 3797 2008 3868 ineptiarum
2039 3811 2188 3850 ama-

611 3911 724 3956 tor.
749 3897 908 3966 Quod
930 3898 977 3953 si
1009 3905 1194 3952 autem
1211 3896 1324 3968 jam
1341 3893 1494 3948 nulla
1518 3891 1665 3946 inter
1686 3902 1983 3959 personam
2011 3893 2070 3940 et
2091 3900 2190 3939 na-

609 4003 795 4048 turam
825 3985 1620 4058 diﬂ‘erentia,quotiescunque
1638 3987 1868 4037 naturas
1891 3977 2188 4049 pluraliter

613 4085 772 4152 dicit,
803 4090 1172 4138 autnaturam
1205 4087 1261 4134 et
1282 4087 1560 4139 naturam,
1585 4080 1681 4129 aut
1709 4085 1976 4144 personas
2008 4069 2190 4124 inten-

605 4177 714 4234 dit.
739 4177 798 4230 In
821 4189 1076 4231 sermone
1093 4173 1215 4242 ejus
1240 4170 1297 4224 in
1313 4165 1846 4236 Electionem,cujus
1863 4161 2182 4218 exordium:

616 4271 818 4326 Navem
878 4267 1013 4338 forte
1067 4263 1293 4319 solventi
1341 4261 1410 4316 ad
1473 4261 1707 4323 medium
1765 4261 1992 4331 ﬂumen.
2060 4254 2184 4310 ait:

609 4378 634 4414 ι
685 4359 918 4428 Quando
963 4357 1253 4412 hominum
1300 4353 1480 4408 oculis
1525 4350 1850 4422 apparuerit
1894 4356 1952 4404 et
1981 4351 2184 4402 semet-

613 4452 796 4522 ipsum
840 4457 1035 4520 sponte
1080 4460 1182 4516 pro
1226 4443 1390 4498 nobis
1434 4439 1826 4504 exinaniverit,
1878 4439 1995 4508 ipse
2023 4433 2188 4490 nobis
2219 4465 2262 4520 ι)

611 4542 764 4596 scala
817 4541 994 4594 factus
1043 4547 1148 4600 est,
1197 4534 1354 4589 humi
1396 4540 1625 4603 propter
1661 4539 1886 4599 peccata
1913 4537 1970 4583 et
1993 4525 2187 4582 Adami

611 4633 831 4700 tapsum
857 4632 1107 4701 jacentes
1135 4628 1195 4681 in
1223 4626 1427 4681 oculum
1453 4623 1756 4686 deducens,
1798 4629 1856 4676 et
1880 4627 2040 4690 porta
2062 4618 2189 4674 ραδΙὶ

613 4720 879 4784 illustris,
904 4719 1128 4772 Patrem
1155 4715 1324 4770 nobis
1345 4713 1602 4769 revelans
1619 4719 1676 4766 et
1704 4709 1949 4780 seipsum
1971 4715 2028 4763 et
2062 4706 2190 4778 Spi-

609 4811 782 4866 ritum
825 4816 1101 4874 sanctum,
1132 4815 1189 4862 et
1234 4807 1290 4860 in
1316 4813 1507 4860 sancta
1538 4802 1810 4858 Trinitate
1858 4798 2182 4856 Deitatem.»

679 4970 816 5038 Quae
847 4967 992 5024 dixit
1043 4963 1248 5022 sanctae
1289 4963 1502 5037 synodo
1545 4960 1840 5016 adhaerens
1867 4969 1991 5026 quae
2038 4953 2186 5008 idem

611 5065 918 5124 statuerat;
963 5070 1090 5110 nam
1132 5054 1312 5110 Patris
1349 5063 1408 5109 et
1450 5052 1576 5108 Filii
1609 5059 1666 5106 et
1711 5049 1958 5120 Spiritus
2009 5044 2186 5100 sancti

613 5149 1036 5220 perfectionem.
1074 5145 1260 5211 docet,
1284 5153 1342 5200 et
1395 5139 1912 5198 inhumanationem
1981 5135 2190 5208 profert

613 5241 853 5296 ﬁdeliter
903 5237 1358 5310 suscipientibus.
1395 5234 1554 5302 Quod
1595 5234 1640 5290 si
1672 5231 1918 5305 synodus
1967 5235 2188 5300 quater-

611 5333 832 5387 narium
875 5345 1170 5386 numerum
1223 5326 1468 5398 professa
1495 5333 1600 5392 est,
1635 5325 1875 5380 Severus
1909 5319 2190 5377 senarium

611 5423 838 5479 admisit
869 5419 926 5478 in
950 5437 1053 5478 suo
1087 5435 1345 5476 sermone
1374 5419 1430 5472 in
1455 5417 1592 5474 illud
1620 5435 1635 5472 :
1662 5417 1886 5471 Domine
1912 5415 2005 5492 mi,
2036 5413 2194 5482 cujus

613 5515 948 5569 exordium:
999 5513 1230 5580 Quidam
1273 5511 1620 5566 dividentium
1673 5509 1806 5579 forte
1852 5525 1870 5562 :
1912 5525 1931 5558 ι
1977 5505 2194 5560 Verum-

616 5611 792 5657 tamen
836 5621 940 5659 non
973 5605 1109 5658 sicut
1141 5620 1234 5674 ego
1263 5601 1402 5668 volo,
1435 5603 1528 5656 sed
1555 5601 1689 5655 sicut
1725 5609 1780 5652 tu
1809 5598 2020 5668 (Matth.
2044 5611 2190 5660 xxw,

614 5687 730 5761 39).
755 5691 884 5758 Quae
925 5710 1034 5749 non
1063 5695 1280 5758 timore,
1308 5692 1404 5747 sed
1437 5707 1540 5746 nos
1571 5689 1804 5746 docendi
1838 5687 2012 5760 gratia
2042 5687 2188 5743 dicta

2261 491 2434 559 φορᾶς
2495 487 2572 558 μὴ
2635 485 2960 556 σϐεσθείσης
2992 523 3008 549 ,
3071 483 3164 538 διὰ

2261 578 2526 642 ἑνώσεως.
2542 596 2562 631 ι
2579 573 2858 648 Πρόσσχες
2874 577 2956 631 ὅτι
2979 575 3320 631 διίστασθαι
3341 573 3518 642 λέγει,
3535 572 3652 627 καὶ
3671 571 3743 624 οὐ
3777 573 3872 639 τὴν

2261 671 2472 740 φύσιν,
2505 667 2642 724 ἀλλά
2669 666 2779 734 τὰς
2799 669 3039 737 φύσεις.

3241 483 3304 537 τὸ
3370 480 3718 551 ἀσύγγυτον
3787 481 3871 550 τῆς

2347 843 2408 898 '0
2433 843 2492 898 δέ
2524 841 2805 912 ὁμολογῶν
2830 838 3067 895 ἐνταῦθα
3091 840 3187 894 καὶ
3240 839 3486 911 ἰδιότητα
3533 841 3648 894 καὶ
3696 841 3870 912 ἑτερέ-

2263 953 2402 1008 τητα
2417 933 2528 987 τῶν
2545 931 2782 1004 φύσεων,
2800 933 2858 985 ἐν
2883 931 3100 994 πολλοῖς
3120 931 3286 985 αὐτοῦ
3318 931 3505 998 λόγοις
3531 930 3871 1002 ἁναθεματὲρ

2266 1023 2351 1090 ζει
2379 1025 2509 1087 τοὺς
2541 1021 2946 1094 ὁμολογοῦντας
2971 1020 3165 1077 ταῦτα.
3195 1021 3307 1075 Καὶ
3332 1022 3361 1074 ό
3383 1021 3570 1089 λέγων
3606 1021 3721 1091 τῆς
3751 1039 3868 1093 σειρ-

2267 1117 2363 1178 κὸς
2399 1109 2540 1170 εἶναι
2565 1102 2786 1186 καὶτῆς
2819 1111 2999 1184 ψυχῆς
3051 1110 3195 1167 κατὰ
3241 1110 3405 1180 φύσιν
3453 1111 3526 1165 τὰ
3579 1113 3868 1183 memmi.

2268 1205 2519 1274 φυσικῶς
2541 1205 2822 1276 συμϐῆναι
2845 1202 2924 1274 τῷ
2954 1200 3168 1272 σώματι
3199 1202 3292 1257 τὸν
3314 1202 3579 1267 θάνατον,
3611 1203 3805 1274 ἀπαθῆ
3821 1205 3865 1257 ἒ

2268 1299 2366 1368 τὴν
2393 1297 2644 1370 θεότητα,
2679 1297 2774 1350 καὶ
2823 1296 3104 1368 θεοπρεπῆ
3149 1295 3250 1366 τὴν
3287 1295 3632 1360 ἀνάστασιν,
3696 1299 3760 1350 ἑν
3801 1297 3866 1366 τῷ

2269 1387 2428 1458 Λόγῳ
2453 1385 2620 1443 αὐτοῦ
2648 1385 2727 1456 τῷ
2749 1385 2828 1449 εἰς
2847 1385 2909 1439 τὸ
2939 1385 3258 1454 Τρισάγιον,
3287 1377 3349 1438 οὗ
3378 1385 3413 1456 η
3441 1385 3630 1458 ἀρχὴ,
3677 1387 3866 1456 ’Υμεῖς

2270 1479 2418 1545 τσως
2441 1477 2644 1535 οἴεσθέ
2669 1493 2748 1546 με
2797 1475 3133 1548 γεγηθέναι,
3193 1477 3377 1549 φησιν.
3457 1496 3480 1529 ι
3515 1477 3584 1531 Εἰ
3638 1478 3702 1532 δὲ
3745 1479 3868 1549 μετὰ

2269 1569 2370 1640 τὴν
2388 1569 2581 1622 ἕνωσιν
2601 1569 2660 1622 ἐν
2682 1567 2803 1622 δυσὶ⁵
2831 1567 3026 1637 φύσεσι
3058 1567 3525 1640 γνωρισθήσεται,
3555 1567 3758 1622 λύεται
3783 1569 3868 1639 μὲν

2270 1661 2304 1732 ἡ
2337 1660 2551 1726 ἐνωσις,
2589 1663 2657 1732 τῇ
2687 1659 2841 1714 δυάδι
2877 1658 3215 1730 διαιρεθεῖσα
3237 1675 3252 1689 ·
3286 1658 3603 1731 μερισθήσε
3617 1677 3710 1714 εαι
3729 1659 3790 1712 δέ
3817 1661 3868 1712 τὲ

2204 1779 2245 1834 Β
2278 1753 2579 1824 μυστήριον
2615 1768 2630 1784 ο
2671 1753 2767 1806 καὶ
2804 1753 2871 1823 τῇ
2913 1751 3015 1822 μὲν
3047 1750 3172 1822 θείᾳ
3199 1749 3360 1820 φύσει
3406 1750 3514 1824 τὴν
3549 1751 3864 1813 ἀθανασίαν.

2281 1847 2347 1916 τῇ
2373 1845 2431 1899 δέ
2459 1843 2777 1916 ἀνθρωπίνῃ
2824 1843 2918 1897 τὸν
2962 1842 3192 1897 θάνατον
3220 1843 3731 1914 ἀποκληρώσομεν.
3762 1864 3784 1896 ι
3815 1847 3865 1898 '0

2283 1934 2461 1989 πάντα
2506 1932 2720 1996 παίζων
2761 1933 2858 1987 καὶ
2891 1932 2986 1986 ἐπὶ
3039 1932 3273 2004 μηδενὸς
3318 1933 3644 2002 ἱστάμενος,
3678 1935 3865 2003 εῳυρεν

2283 2025 2461 2079 πάντα
2487 2024 2559 2078 τά
2583 2041 2642 2077 τε
2668 2023 2770 2094 τῆς
2803 2023 3063 2094 θεότητος
3113 2025 3224 2080 ἴδια
3271 2025 3416 2082 κατά
3447 2026 3645 2094 φύσιν,
3693 2028 3787 2081 καὶ
3807 2027 3866 2080 τὰ

2281 2115 2381 2185 τῆς
2421 2113 2838 2187 ἀνθρωπότητος
2893 2115 3002 2170 ἴδια
3031 2115 3175 2170 κατὰ
3209 2114 3397 2184 φύσιν,
3427 2119 3867 2188 παρασκευάζων

2282 2205 2350 2258 τὰ
2389 2204 2531 2260 κατὰ
2555 2203 2718 2275 φύσιν
2748 2205 2880 2271 ἴδια,
2907 2205 2984 2268 ὡς
3007 2203 3077 2258 τὰ
3101 2205 3225 2260 κατ’
3253 2207 3580 2278 οἰκονομίαν
3606 2208 3723 2264 ἴδια
3748 2210 3868 2262 θεω-

2285 2298 2401 2368 ρεῖν
2425 2312 2441 2328 ·
2481 2297 2558 2359 ὡς
2581 2296 2788 2368 μηκέτι
2810 2295 3082 2360 σώζεσθαι
3111 2296 3314 2369 ἑκάστη
3327 2295 3494 2367 φύσει
3528 2297 3648 2353 τῶν
3661 2300 3867 2353 οἰκείων

2283 2388 2454 2459 αὐτῆς
2508 2387 2814 2458 ἰδιωμάτων
2838 2403 2852 2418 ο
2913 2388 3076 2458 ἡμεῖς
3121 2386 3180 2442 δὲ
3239 2387 3659 2460 ὑπομνήσωμεν
3719 2389 3868 2444 αὐτδν

2283 2478 2344 2532 τὸ
2393 2477 2780 2548 γεγραμμένον
2819 2474 2898 2546 τῷ
2927 2476 3175 2530 Νυσσαεῖ
3219 2476 3279 2530 ἐν
3311 2476 3392 2546 τῷ
3425 2477 3556 2532 κατ’
3609 2479 3866 2549 Εὐνομίαν

2281 2572 2531 2646 τετάρτῳ
2559 2573 2768 2644 (potius
2796 2571 3052 2644 πέμπτῳ)
3082 2571 3259 2641 λόγῳ·
3297 2587 3317 2622 ι
3355 2570 3421 2622 Ei
3467 2568 3588 2642 γὰρ
3635 2571 3869 2624 αἰτιᾶται

2280 2665 2408 2729 τοὺς
2439 2665 2503 2720 τὸ
2530 2665 2703 2728 πάθος
2729 2667 2798 2736 τῇ
2820 2663 3142 2736 ἀνθρωπίνῃ
3163 2660 3326 2732 φύσει
3346 2661 3741 2726 ἀνατιθέντας,
3765 2661 3871 2732 βού-

2282 2755 2434 2810 λεται
2450 2757 2666 2820 πάντως
2679 2755 2850 2826 αὐτὴν
2864 2753 2943 2826 τῷ
2959 2753 3124 2808 πάθει
3141 2753 3449 2821 ὑπαγαγεῖν
3463 2751 3568 2823 τὴν
3590 2751 3866 2822 θεάσηται

2359 2851 2521 2914 Ἴσως
2554 2850 2920 2922 ἐντραπέντες
2950 2850 3002 2903 οἱ
3035 2847 3202 2903 αὐτοῦ
3260 2847 3633 2918 βεδαιῶσουσι
3683 2846 3872 2917 μᾶλλον

2282 2943 2344 2997 τδ
2390 2943 2582 3015 λεχθὲν
2637 2943 2786 3015 αὐτῷ
2824 2942 2971 2998 κατά
3034 2924 3332 2996 ’Ϊουλιανοῦ
3363 2955 3378 2970 ⁸
3437 2957 3459 2992 ι
3491 2940 3612 2993 Οὐκ
3646 2939 3872 3011 ἐροῦμεν

2283 3033 2449 3088 αὐτὸν
2483 3035 2632 3104 πάθη
2663 3033 2992 3106 περιάπτειν
3021 3035 3088 3105 τῇ
3115 3032 3357 3104 οὐσίᾳτῇ
3393 3030 3608 3086 ἀπαθεῖ
3635 3031 3740 3100 τῆς
3765 3030 3872 3084 Osti-

2283 3143 2464 3207 τητος-
2497 3145 2516 3180 ³
2552 3126 2742 3190 οὕτως
2775 3128 2804 3180 ὁ
2831 3125 3046 3198 φύρτης
3073 3125 3251 3180 πάντα
3285 3123 3536 3195 συγχέει,
3564 3125 3684 3186 τοῖς
3715 3123 3870 3191 Acad;-

2285 3234 2407 3282 ταις
2441 3217 2604 3288 δῆθεν
2649 3217 2971 3287 ἀντιλέγων,
3011 3217 3081 3272 τὰ
3125 3217 3236 3271 ίδια
3263 3216 3374 3270 τῶν
3393 3215 3620 3284 φύσεων
3640 3214 3866 3287 1:906:11-

2285 3309 2436 3362 λεται
2477 3313 2588 3374 τοῖς
2635 3309 2706 3362 τὰ
2739 3309 2848 3364 ίδια
2876 3310 2986 3364 τῶν
3007 3308 3226 3378 φύσεων
3251 3305 3684 3379 πρεσϐεύουσιν,
3714 3306 3868 3378 μαχό-

2290 3417 2449 3470 μενος
2502 3400 2572 3454 τά
2627 3399 2704 3464 ὡς
2753 3401 2840 3470 ἐφ’
2894 3401 3014 3466 ἐνὸς
3072 3400 3170 3456 καὶ
3232 3399 3343 3454 ἀπὸ
3399 3399 3523 3463 ἐνὸς
3579 3399 3863 3468 προσώπου

2285 3491 2666 3563 λεγόμενα,ὡς
2685 3493 2781 3546 ἐπὶ
2805 3493 2936 3562 μιᾶς
2959 3493 3053 3546 καὶ
3080 3491 3192 3550 ἀπὸ
3215 3492 3347 3562 μιᾶς
3368 3490 3589 3560 φύσεως
3617 3489 3863 3546 ἀντικαθ-

2289 3584 2430 3656 ιστᾷ.
2472 3584 2663 3638 Ἔστιν
2706 3583 2818 3654 γάρ
2868 3585 2958 3640 ὅτε
3023 3581 3243 3653 φύσεως
3282 3584 3378 3636 καλ.
3423 3582 3730 3652 προσώπου
3780 3582 3862 3634 οἱα

2285 3669 2428 3728 οἶδεν
2443 3674 2733 3747 διαφορὰν,
2764 3676 2854 3731 ἵνα
2879 3676 2980 3748 ἔχῃ
3007 3675 3196 3730 ἄδειαν
3244 3676 3482 3729 πάντοτε
3520 3676 3664 3729 πᾶσι
3719 3675 3862 3746 μάχει

2287 3765 2432 3834 σθαι,
2458 3767 2532 3832 ὠς
2562 3767 2933 3840 φιλοτάραχος
2961 3767 3057 3822 καὶ
3095 3767 3194 3822 καὶ
3226 3767 3622 3837 φιλοσκώπτης
3651 3784 3670 3799 ο
3725 3769 3776 3820 εί
3815 3765 3861 3816 ιι

2285 3858 2470 3913 οὐκέτι
2492 3858 2709 3928 φύσεως
2735 3861 2832 3914 καὶ
2877 3859 3175 3931 προσώπου
3222 3857 3482 3929 διαφορὰ,
3537 3859 3736 3922 ὁσάκις
3781 3859 3861 3910 ἐὰν

2285 3949 2420 4022 λέγῃ
2452 3950 2642 4021 φύσεις
2663 3951 3066 4022 πληθυντικῶς,
3101 3951 3136 4022 ἢ
3165 3951 3332 4020 φύσιν
3357 3953 3455 4005 καὶ
3486 3951 3684 4020 φύσιν,
3713 3951 3858 4025 [forte

2285 4039 2342 4112 ἢ]
2367 4041 2459 4094 καὶ
2483 4041 2752 4111 πρόσωπα
2777 4041 2946 4110 λέγει.
2989 4042 3078 4096 Ἐν
3111 4041 3189 4112 τῷ
3215 4042 3359 4113 λόγῳ
3373 4042 3452 4112 τῷ
3471 4044 3676 4115 εἰςτὴν
3689 4046 3860 4113 Χειρο-

2284 4132 2466 4185 τονίαν
2486 4131 2674 4200 αὐτοῦ,
2703 4126 2764 4186 οὗ
2799 4135 2832 4204 ἡ
2861 4132 3024 4205 ἀρχὴ,
3059 4133 3404 4202 Ἀπαίροντί
3426 4150 3579 4188 ποτε
3597 4135 3752 4204 πρὸς
3763 4135 3861 4200 τὴν

2278 4221 2480 4290 μέσην
2498 4220 2619 4275 τῶν
2635 4220 2934 4292 ποταμῶν,
2952 4222 3123 4292 λέγει·
3148 4241 3167 4275 ι
3203 4222 3400 4277 Ἥνίκα
3427 4223 3475 4276 δ’
3505 4224 3578 4277 ἂν
3592 4225 3858 4294 ἐπιλάμᾲῃ

2283 4315 2395 4377 τοῖς
2423 4312 2518 4367 ἐπὶ
2548 4313 2650 4384 γῆς
2671 4315 2764 4368 καὶ
2783 4315 2880 4383 τὴν
2911 4313 3156 4368 ἑκούσιον
3181 4313 3412 4367 κένωσιν
3439 4313 3514 4366 δι’
3531 4315 3690 4383 ἡμᾶς
3717 4330 3860 4368 usa.

2287 4403 2530 4477 δέξηται,
2561 4405 2721 4470 αὐτὸς
2765 4407 2899 4478 ἡμῖν
2939 4405 3144 4476 κλίμαξ
3202 4406 3516 4474 γενήσεται,
3543 4407 3680 4470 τοὺς
3707 4407 3862 4476 χαμαὶ

2295 4496 2577 4566 κειμένους
2589 4495 2694 4550 ὑπὸ
2707 4496 2804 4568 τῆς
2834 4495 3107 4568 ἁμαρτίας
3130 4496 3343 4566 καὶτῆς
3366 4495 3458 4548 τοῦ
3499 4495 3686 4568 Ἀδὰμ
3707 4514 3861 4566 παραυ

2295 4585 2506 4650 ϐάσεως
2557 4588 2771 4656 ἀνάγων
2827 4589 2908 4651 είς
2949 4587 3198 4658 οὐρανὸν,
3235 4587 3330 4640 καὶ
3370 4585 3518 4657 πύλη
3564 4589 3862 4658 περιφανὴς

2294 4677 2564 4748 οὐράνιος,
2591 4678 2994 4732 ἀποκαλύπτων
3025 4680 3158 4750 ἡμῖν
3172 4678 3265 4731 τὸν
3281 4678 3506 4748 Πατέρα
3535 4681 3635 4730 καὶ
3665 4679 3858 4739 ἑαυτὸν,

2297 4769 2390 4824 καὶ
2417 4770 2476 4822 τὸ
2505 4769 2664 4838 ἅγιον
2688 4770 2932 4842 Πνεῦμα,
2964 4770 3059 4824 καὶ
3106 4769 3208 4842 τὴν
3257 4771 3319 4824 ἐν
3365 4770 3433 4840 τῇ
3487 4769 3630 4842 ἁγίᾳ
3687 4770 3862 4840 Τριάῂ

2296 4861 2629 4933 κυριότητα.
2657 4880 2678 4913 ι

2365 4955 2553 5010 Ταῦτα
2573 4955 2678 5028 ἔφη
2703 4957 2731 5009 ό
2769 4955 2868 5028 τῆς
2903 4955 3066 5024 ἁγίας
3105 4955 3322 5010 συνόδου
3361 4953 3766 5026 ἐπιλαϐόμενος
3801 4957 3865 5008 εξ-

2293 5047 2503 5116 πούσης
2531 5062 2546 5077 ο
2574 5047 2703 5118 περί
2729 5063 2789 5100 τε
2833 5047 2942 5118 γάρ
2995 5046 3206 5118 Πατρδς
3263 5045 3356 5099 καὶ
3395 5045 3527 5098 Υἱοῦ
3569 5046 3676 5100 καὶ
3727 5046 3864 5114 ἁγίου

2297 5137 2440 5190 Πνεύ
2449 5153 2616 5208 ματος
2643 5135 2946 5190 ἐκδιδάσκει
2977 5135 3038 5189 τδ
3060 5137 3285 5204 τέλειον,
3308 5135 3406 5190 καὶ
3430 5135 3529 5190 τοῦ
3550 5137 3766 5208 Κυρίου
3781 5136 3867 5206 τὴν

2295 5228 2712 5300 ἐνανθρῶπησιν
2749 5231 2864 5292 τοῖς
2910 5226 3115 5291 πιστῶς
3159 5227 3473 5298 δεχομένοις
3520 5229 3866 5298 παρίστησιν.

2295 5321 2360 5374 Ei
2385 5315 2478 5374 οὖν
2506 5321 2540 5392 ἡ
2567 5318 2788 5382 σύνοδος
2814 5317 3049 5390 τετράδα
3073 5315 3252 5384 εἶπεν,
3281 5317 3523 5388 Σευῆρος
3543 5317 3718 5382 ἑξάδα
3736 5319 3868 5383 λέγει

2293 5413 2352 5464 ἐν
2379 5409 2460 5481 τῷ
2497 5410 2642 5480 λόγῳ
2685 5407 2849 5462 αὐτοῦ
2881 5408 2962 5478 τῷ
2989 5411 3070 5474 εἰς
3097 5409 3182 5472 τὺ,
3217 5407 3326 5462 Θεέ
3355 5424 3498 5476 μου,
3524 5404 3589 5464 οὖ
3635 5411 3673 5478 ἡ
3715 5407 3867 5478 ἀρχὴν

2297 5501 2480 5566 Ἴσως
2525 5499 2686 5565 τινὲς
2719 5498 2838 5552 τῶν⁸
2864 5497 3320 5566 atatem-ortus“,
3353 5497 3489 5568 ἔφη·
3531 5519 3552 5548 ι
3573 5492 3754 5563 Πλὴν
3767 5499 3868 5563 οὐχ

2291 5594 2374 5660 ὡς
2401 5592 2516 5663 ἐγὼ
2543 5593 2716 5658 θέλω,
2749 5594 2886 5649 ἀλλ’
2913 5594 2994 5660 ὡς
3015 5594 3096 5647 σύ
3123 5607 3136 5622 ⁸
3171 5593 3256 5646 ὅτι
3289 5595 3399 5664 γὰρ
3425 5593 3784 5654 διδασκαλίας
3811 5589 3871 5662 ἦν

2291 5687 2488 5755 ταῦτα,
2507 5688 2602 5742 καὶ
2618 5688 2680 5740 οὺ
2693 5687 2918 5751 δειλίας,
2947 5685 3288 5756 μαρτυρήσει
3310 5683 3504 5752 σαφῶς
3518 5685 3554 5756 ἡ
3575 5682 3689 5739 τῶν
3712 5684 3876 5748 Εὐαγ-
