3958 6288
238 270 347 334 933

1264 278 1629 336 EPISTULA
1668 275 1767 335 DE
1805 271 2106 332 DUABUS
2145 272 2501 335 NATURIS.

3385 276 3490 343 934

246 389 438 458 γελίων
459 384 652 455 Γραφή
687 398 701 413 ο
741 381 858 444 πῶς
887 383 995 454 γὰρ
1029 380 1250 451 ἔμελλεν
1269 382 1498 435 δεδιέναι
1526 381 1616 434 τὸν
1648 381 1815 434 θάνα-

1923 378 2093 433 fuisse
2143 387 2380 434 testatur
2434 381 2720 436 manifeste
2753 381 2870 452 ipsa
2902 383 3329 454 Evangeliorum
3353 403 3499 446 har-

235 498 327 535 τον
357 481 386 532 ό
419 476 559 549 μετὰ
592 473 893 544 ἐπιθυμίας
917 474 1094 544 ἄκρας
1140 474 1232 527 ἐπὶ
1279 473 1466 527 τοῦτον
1519 474 1813 545 ἐρχόμενος

242 572 333 626 καὶ
402 570 576 637 λέγων
601 606 616 632 ,
707 566 1024 632 Ἐπιθυμίᾳ
1082 565 1434 634 ἐπεθύμησα
1489 564 1702 634 φαγεῖν
1746 563 1814 616 τὸ

242 664 456 732 Πάσχα
515 660 731 723 τοῦτο;
764 677 782 711 ι
839 652 972 710 Εἶτα
1022 657 1266 726 συνήθως
1320 656 1814 726 ἀντιφθεγγόμενος

237 752 414 822 ἑαυτῷ
436 753 492 805 ἐν
512 750 590 821 τῷ
607 750 742 820 πρὸς
759 749 984 818 Σέργιον
1001 747 1236 818 δευτέρῳ
1265 747 1429 817 λόγῳ.
1460 749 1680 816 γράφει·
1714 765 1731 795 ι
1757 745 1814 798 Ὀ

247 847 344 914 γὰρ
399 840 749 912 Ἐμμςςινουὴλ
795 839 917 894 καθ’
950 839 978 891 ὃ
1018 838 1116 909 μὲν
1154 838 1307 900 Θεὸς,
1353 837 1574 908 δοκήσει
1612 836 1812 889 πέπον-

239 934 328 988 θεν
357 951 371 966 ο
402 933 524 986 καθ’
564 931 595 986 ὃ
634 931 690 984 δὲ
751 930 1070 999 ἄνθρωπος,
1107 927 1354 999 ἀληθείᾳ.
1395 946 1413 978 ι
1453 928 1563 979 Καὶ
1621 927 1679 979 ὲν
1737 925 1814 994 τῷ

237 1027 473 1096 δευτέρῳ
518 1024 576 1077 δὲ
615 1021 696 1094 τῷ
751 1022 893 1076 κατὰ
953 1021 1201 1076 Ἰωάννου
1256 1021 1351 1074 τοῦ
1401 1017 1813 1090 γραμματικοῦ,

236 1117 383 1185 λέγει
413 1132 428 1146 ⁸
467 1135 486 1168 ι
516 1115 620 1168 Τὸν
649 1113 811 1169 αὐτὸν
847 1113 946 1182 μὲν
981 1113 1102 1166 καθ’
1137 1112 1166 1165 ὃ
1191 1111 1323 1174 Θεὸς
1355 1107 1444 1182 ἦν,
1483 1111 1558 1182 μὴ
1584 1111 1815 1163 δεδιέναι

236 1209 328 1263 τὸν
358 1209 588 1262 θάνατον
616 1221 630 1236 ·
656 1203 778 1258 καθ’
806 1203 834 1255 ὃ
859 1203 913 1255 δὲ
951 1203 1235 1272 ἄνθρωπος
1269 1197 1358 1272 ἦν,
1392 1201 1815 1270 οἰκειωσάμενον

238 1299 336 1351 καὶ
353 1296 413 1351 τὸ
446 1297 520 1367 μὴ
553 1293 726 1347 θέλειν
748 1293 1059 1355 ἀποθανεῖν,
1090 1290 1182 1343 καὶ
1213 1289 1474 1352 ἑκουσίως
1515 1290 1712 1358 ὲφέντα
1747 1291 1814 1358 τῇ

242 1388 408 1459 σαρκὶ
437 1387 496 1440 τὸ
526 1384 753 1454 φυσικὸν
782 1381 1175 1447 καταδέξασθαι
1207 1381 1397 1444 πάθος.
1434 1399 1453 1432 ι
1495 1381 1682 1448 Ὀλίγα
1709 1379 1817 1432 ἀπὸ

243 1477 453 1533 πολλῶν
489 1475 832 1546 παρεθέμην,
874 1473 1230 1543 παραστῆσαι
1271 1471 1594 1541 βουλόμενος
1630 1471 1691 1524 τὸ
1724 1472 1817 1525 καὶ

242 1571 379 1640 πρὸς
414 1552 605 1622 έοῖυτὸν
641 1565 970 1635 ἀσύμφωνον
1000 1563 1094 1616 τοῦ
1131 1564 1325 1634 ἀνδρός
1354 1578 1366 1590 ·
1393 1563 1485 1616 καὶ
1513 1563 1594 1616 ὄτι
1627 1564 1695 1616 τὰ
1723 1580 1816 1631 φυ-

243 1661 371 1714 σικὰ
401 1662 500 1729 τῆς
535 1659 760 1729 σαρκὸς,
791 1656 928 1710 ἄλλα
958 1657 1131 1726 λέγων
1160 1656 1312 1728 παρὰ
1352 1657 1420 1708 τὰ
1471 1655 1675 1725 φυσικὰ
1717 1655 1817 1726 τῆς

1923 469 2099 535 ratio;
2126 486 2237 539 quo
2263 471 2410 525 enim
2435 480 2596 540 pacto
2627 485 2855 528 mortem
2890 475 3382 548 reformidavisset,
3409 490 3501 554 qui

1922 575 2140 614 summo
2177 576 2302 614 cum
2347 562 2534 615 studio
2578 578 2698 616 eam
2730 564 2938 628 adibat,
2983 578 3037 620 et
3073 585 3197 623 cum
3240 572 3329 629 his
3374 592 3492 630 ver-

1921 652 2009 706 bis
2047 670 2059 705 :
2095 651 2366 706 Desiderio
2423 654 2720 708 desideravi
2779 658 2873 708 hoc
2925 657 3130 715 Pascha
3180 667 3504 722 manducare

1925 743 2074 814 (Luc.
2126 761 2268 809 xxn,
2319 745 2428 815 15).
2487 764 2504 797 ι
2559 746 2768 800 Deinde
2800 764 2901 817 pro
2951 766 3103 806 more
3145 769 3245 809 suo
3279 757 3504 812 sibimet

1923 852 2174 906 pugnans
2201 837 2396 892 scribit
2432 839 2486 891 in
2532 839 2774 892 secundo
2805 855 3060 897 sermone
3100 845 3168 900 ad
3204 847 3452 919 Sergium
3486 867 3497 903 :

1931 946 1948 978 ι
1989 928 2336 992 Emmanuel,
2373 929 2428 982 in
2449 941 2714 998 quantum
2749 933 2894 986 Deus
2925 944 3064 999 erat,
3096 939 3281 1006 specie
3305 957 3501 1008 passus

1923 1026 2044 1082 est;
2071 1019 2167 1072 sed
2211 1020 2265 1072 in
2300 1029 2568 1089 quantum
2614 1022 2796 1087 homo,
2829 1040 2978 1078 vere.
3016 1045 3033 1076 ›
3076 1027 3144 1080 Et
3172 1028 3226 1081 in
3259 1033 3501 1085 secundo

1922 1108 2067 1162 libro
2100 1110 2366 1166 adversus
2409 1111 2676 1165 Joannem
2707 1116 3130 1183 grammaticum
3160 1137 3173 1172 :
3206 1138 3224 1169 ι
3260 1120 3403 1190 Ipse,
3444 1125 3500 1177 in

1923 1207 2188 1268 quantum
2245 1200 2391 1254 Deus
2423 1209 2563 1266 erat,
2627 1211 2859 1257 mortem
2904 1222 3016 1260 non
3068 1207 3498 1276 reformidabat;

1924 1289 1977 1342 in
2019 1298 2286 1358 quantum
2334 1306 2466 1345 vero
2499 1292 2664 1346 homo
2705 1302 2846 1360 erat,
2885 1295 3058 1364 ipsius
3105 1311 3226 1352 erat
3264 1312 3499 1356 mortem

1923 1381 2252 1446 abhorrere,
2299 1391 2356 1436 et
2404 1383 2645 1438 libenter
2681 1386 3024 1441 incarnatum
3074 1389 3307 1446 decebat
3338 1403 3502 1448 natu-

1922 1475 2023 1527 rali
2057 1474 2249 1528 dolore
2287 1477 2645 1531 commoveri.
2686 1497 2704 1527 ι
2739 1478 2916 1533 Pauca
2958 1479 3026 1533 de
3077 1483 3267 1538 multis
3308 1495 3503 1554 protu-

1921 1564 2088 1619 limus
2115 1605 2128 1629 ,
2189 1573 2250 1619 ut
2295 1575 2559 1634 appareat
2602 1577 2871 1636 quantum
2926 1570 3255 1642 sibimetipsi
3300 1584 3505 1646 pugnet

1923 1655 2110 1710 homo.
2141 1655 2418 1710 ‘Naturam
2468 1658 2651 1712 carnis
2697 1675 2726 1712 a
2781 1667 2980 1714 natura
3025 1661 3334 1719 divinitatis
3373 1666 3505 1720 licet

242 1753 495 1822 θεότητος
545 1749 934 1818 ἀναθεματίζει
988 1747 1084 1810 τὰς
1144 1747 1237 1800 δύο
1293 1745 1482 1814 φύσεις
1539 1745 1817 1814 λέγοντας,

1923 1746 2247 1816 distinguat,
2288 1748 2716 1803 anathematizat
2771 1767 2867 1806 eos
2918 1753 3014 1821 qui
3070 1753 3209 1809 duas
3269 1765 3501 1813 naturas

244 1839 446 1908 μᾶλλον
490 1839 548 1891 δὲ
587 1839 801 1891 ἑαυτόν.
842 1838 953 1891 Καὶ
990 1836 1150 1898 αὐτὸς
1190 1837 1300 1904 γὰρ
1335 1835 1427 1888 δύο
1463 1835 1654 1903 φύσεις
1678 1831 1819 1888 οἶδεν

241 1933 300 1984 ὲν
317 1929 392 1999 τῷ
417 1928 664 2000 Χριστῷ,
694 1928 788 1980 καὶ
804 1927 1006 1988 ταύτας
1025 1925 1400 1997 ὑφισταμένας
1418 1927 1508 1977 καὶ
1528 1926 1816 1994 μενούσας·

241 2020 339 2072 καὶ
370 2017 532 2072 πάλιν
560 2017 659 2069 οὐκ
681 2012 795 2068 οἶδα
827 2017 975 2078 ὃπως
1005 2015 1086 2076 εἰς
1119 2015 1250 2084 μίαν
1282 2015 1594 2082 συναλείφει
1627 2013 1818 2079 αὐτὰς,

241 2113 339 2165 καὶ
373 2109 772 2177 καταγινώσκει
812 2109 974 2162 πάλιν
1011 2108 1118 2161 τῶν
1171 2109 1250 2170 εἰς
1307 2107 1437 2176 μίαν
1481 2107 1820 2175 συναγόντων

240 2201 339 2255 καὶ
396 2199 821 2268 συναλειφόντων
876 2198 1068 2264 αὑτὰς,
1113 2197 1188 2261 ὡς
1216 2196 1721 2268 προαποδέδεικται.
1757 2198 1820 2250 El

240 2291 299 2344 δὲ
333 2291 430 2361 μία
466 2289 627 2358 φύσις
659 2292 688 2342 ό
726 2289 979 2356 Χριστὸς,
1019 2288 1273 2359 περιττὸν
1309 2288 1369 2340 τὸ
1403 2288 1604 2356 λέγειν,
1628 2289 1756 2342 καθ’
1789 2289 1820 2342 ὃ

242 2383 337 2435 καὶ
366 2379 495 2434 καθ’
525 2379 578 2445 ὃ,
615 2380 711 2433 καὶ
734 2379 963 2447 σαρκὸς
984 2381 1176 2448 φύσιν
1197 2379 1290 2431 καὶ
1312 2379 1592 2445 θεότητος
1609 2379 1816 2447 φύσιν,

243 2472 456 2543 καὶτῷ
507 2472 774 2542 πεφυκότι
831 2472 1084 2542 πάσχειν,
1140 2471 1234 2523 καὶ
1289 2469 1368 2537 τῷ
1426 2471 1500 2541 μὴ
1553 2471 1818 2539 πεφυκότι

244 2565 475 2640 πάσχειν
501 2579 514 2592 ·
552 2562 725 2616 ταῦτα
748 2565 856 2631 γὰρ
881 2562 972 2612 ἐπὶ
1004 2559 1098 2613 δύο
1129 2560 1342 2628 φύσεων
1367 2560 1608 2627 λέγεται.

329 2657 480 2710 Ἐπεὶ
517 2654 725 2722 λεγέτω
761 2655 789 2705 ό
828 2651 1182 2721 σοφιζόμενος
1215 2651 1468 2722 περιττὰ,
1497 2651 1546 2702 εξ
1571 2649 1818 2718 φυσικὸν,

245 2750 280 2820 ἤ
314 2744 556 2814 πεφυκός
581 2745 633 2796 τί
661 2745 808 2796 ἐστιν
849 2744 978 2797 ἄνευ
1007 2741 1244 2812 φύσεως,
1280 2741 1308 2792 ὁ
1341 2740 1516 2808 λέγων
1567 2739 1694 2809 μίαν
1723 2739 1823 2809 φύ-

248 2841 331 2894 σιν
357 2841 450 2892 τοῦ
481 2837 615 2891 Θεοῦ
641 2835 818 2903 Λόγου
851 2835 1281 2904 σεσαρκωμένην
1327 2833 1422 2885 καὶ
1456 2831 1822 2901 ὲψυχωμένην

242 2932 390 3002 ψυχῇ
414 2931 603 3000 λογικῇ
629 2930 722 2981 καὶ
743 2928 926 2998 νοερᾷ,
956 2926 1050 2978 καὶ
1079 2924 1154 2995 μὴ
1187 2923 1462 2995 ὁμολογῶν
1491 2923 1582 2976 δύο
1606 2923 1819 2992 φύσεις,

245 3021 428 3091 ὅμοιός
455 3021 569 3071 ἐστι
597 3016 672 3086 τῷ
694 3015 904 3083 λέγοντι
935 3013 991 3066 ἓν
1018 3013 1208 3082 ἥμισυ,
1235 3012 1414 3080 τρίτον
1434 3009 1590 3062 ἕκτον
1609 3025 1622 3039 ·
1651 3007 1823 3061 ταῦτα

243 3113 304 3166 δὲ
335 3113 392 3164 ἐν
421 3110 584 3181 όμάδι
610 3107 684 3180 μὴ
712 3106 918 3159 θέλοντι
946 3107 1118 3158 εἰπεῖν
1139 3102 1252 3157 δύο.
1286 3103 1454 3154 Ὅταν
1486 3101 1619 3171 λέγῃ
1649 3101 1820 3170 Σευῆ-

248 3220 344 3277 ρος
405 3204 462 3256 ὲν
483 3203 594 3264 τοῖς
625 3200 768 3253 κατὰ
815 3196 1134 3250 Ἰουλιανοῦ·
1177 3213 1196 3248 ι
1230 3194 1310 3248 Τὰ
1333 3193 1479 3263 πάθη
1509 3194 1579 3246 τὰ
1600 3192 1822 3246 ἑκούσια

246 3295 344 3350 καὶ
380 3291 699 3361 ἀδιάϐλητα,
752 3289 890 3361 κατὰ
926 3288 1053 3349 τοὺς
1088 3287 1185 3356 τῆς
1217 3285 1432 3354 φύσεως
1459 3284 1656 3352 νόμους
1686 3282 1822 3335 ὲνδι-

243 3387 428 3448 δόντος
459 3383 548 3437 τοῦ
581 3380 718 3435 Θεοῦ
748 3381 946 3446 Λόγου,
983 3377 1045 3430 τὸ
1086 3377 1246 3446 σῶμα
1279 3376 1516 3444 ἔπασχεν
1541 3389 1554 3401 '
1587 3373 1656 3439 τὰ
1693 3371 1824 3424 θαύ-

251 3495 400 3548 ματα
426 3475 482 3528 δὲ
503 3475 667 3527 πάλιν
689 3473 754 3524 δι’
783 3469 946 3524 αὐτοῦ
977 3468 1070 3522 τοῦ
1111 3467 1362 3537 σώματος
1393 3465 1535 3534 ὑπὲρ
1565 3465 1690 3527 τοὺς
1721 3465 1822 3532 τῆς

246 3570 465 3640 φύσεως
501 3560 696 3634 νόμόυς
716 3561 969 3615 ἀπετέλει
1001 3560 1121 3612 τότε
1166 3559 1260 3610 καὶ
1315 3557 1636 3627 ἐπράττετο.
1677 3574 1696 3608 ι
1740 3555 1822 3608 Τὰ

246 3662 358 3731 γὰρ
385 3659 586 3728 σημεῖα
619 3657 712 3709 καὶ
743 3651 1020 3725 παράδοξα
1049 3651 1118 3703 τὰ
1166 3650 1306 3720 ὑπὲρ
1354 3647 1451 3719 τὴν
1499 3648 1624 3717 μίαν
1661 3647 1822 3715 φύσιν

245 3753 451 3821 ταύτην
481 3751 580 3820 τὴν
614 3747 722 3800 τῶν
749 3745 935 3798 παθῶν
978 3742 1256 3811 δεκτικὴν,
1297 3741 1363 3793 τὰ
1397 3739 1538 3807 πέρα
1584 3740 1682 3808 τῆς
1722 3736 1824 3805 φύ-

247 3859 386 3904 σεως
413 3840 636 3910 ταύτης,
671 3839 787 3899 πῶς
822 3836 854 3906 ἢ
895 3834 1060 3887 πόθεν
1115 3831 1366 3900 ὲγίνετο;
1423 3831 1530 3882 Καὶ
1578 3831 1820 3896 ἀναγκα-

247 3934 526 4005 σθήσεται,
553 3929 629 3992 ὡς
657 3925 836 3996 οἶμαι,
885 3925 919 3993 ἢ
958 3923 1104 3977 κατὰ
1139 3921 1437 3990 φαντασίαν
1481 3921 1672 3986 εἰπεῖν,
1701 3919 1734 3990 ἢ
1763 3919 1822 3983 ἐξ

245 4025 440 4095 ἑτέρας
461 4022 698 4091 φύσεως.
727 4019 981 4087 Σευῆρος,
1007 4015 1082 4077 ὡς
1115 4015 1180 4066 τὰ
1214 4013 1622 4083 συγγράμματα
1653 4011 1818 4064 αὑτοῦ

245 4115 416 4185 δηλοῖ,
450 4111 543 4166 δύο
577 4110 763 4179 φύσεις
796 4106 943 4173 λέγει
972 4105 1064 4157 καὶ
1103 4103 1252 4172 μίαν,
1285 4104 1404 4164 ταῖς
1433 4102 1530 4170 μὲν
1559 4099 1656 4170 τὴν
1685 4099 1819 4170 ἀλή-

247 4208 402 4261 θειαν
425 4203 710 4265 δυσωπῶν,
749 4203 815 4269 τῇ
846 4198 903 4251 δὲ
943 4198 1070 4259 τοὺς
1113 4194 1466 4256 διδασκάλους
1506 4192 1673 4246 αὐτοῦ
1711 4193 1816 4260 ὰφ-

250 4299 567 4366 οσιούμενος
594 4293 720 4355 τοὺς
733 4287 1215 4359 φαντασιανιστὰς,
1229 4285 1498 4356 Τιμόθεον
1514 4284 1604 4338 τὸν
1625 4283 1820 4336 Αἴλου-

1921 1833 2278 1903 proﬁtentur,
2334 1850 2399 1888 ac
2448 1837 2683 1890 maxime
2715 1839 2979 1907 seipsum.
3036 1842 3170 1895 Nam
3218 1845 3335 1913 ipse
3366 1845 3504 1900 duas

1921 1925 1976 1977 in
2029 1923 2251 1978 Christo
2300 1935 2528 1980 naturas
2581 1929 2850 1996 agnoscit,
2887 1945 3090 1998 easque
3135 1933 3504 1990 subsistentes

1921 2028 1986 2067 ac
2027 2024 2442 2082 permanentes.
2473 2015 2631 2071 Nunc
2658 2017 2882 2086 quidem
2911 2019 3028 2088 ipse
3056 2005 3148 2075 eas
3183 2023 3373 2077 nescio
3393 2040 3504 2093 quo

1923 2114 2086 2172 pacto
2117 2106 2172 2159 in
2201 2122 2366 2160 unam
2401 2108 2605 2178 redigit
2635 2150 2649 2174 ,
2678 2119 2733 2163 et
2763 2127 2910 2166 nunc
2932 2128 3027 2167 eos
3051 2116 3230 2185 carpit
3259 2117 3355 2185 qui
3384 2117 3505 2172 illas

1922 2193 1979 2246 in
2023 2210 2189 2248 unam
2237 2205 2445 2267 cogunt
2485 2207 2540 2252 et
2577 2200 2857 2270 redigunt,
2912 2203 2990 2256 uti
3050 2207 3340 2272 probatum
3393 2217 3499 2263 est.

1921 2283 2078 2349 Quod
2118 2285 2162 2340 si
2203 2302 2311 2340 una
2362 2289 2571 2343 Christi
2621 2301 2840 2357 natura,
2880 2308 3282 2362 supervacuum
3315 2297 3503 2354 dicere

1921 2375 1976 2427 in
2028 2386 2286 2445 quantum
2335 2387 2390 2432 et
2439 2382 2494 2433 in
2529 2392 2810 2450 quantum,
2863 2393 2958 2438 aut
3004 2395 3201 2442 natura
3235 2392 3415 2444 carnis
3447 2401 3505 2446 et

1921 2472 2118 2518 natura
2161 2466 2473 2531 divinitatis,
2513 2477 2607 2522 aut
2642 2471 2712 2523 ad
2765 2475 3033 2541 passiones
3067 2486 3250 2531 natum
3275 2480 3360 2534 vel
3396 2496 3500 2535 non

1922 2564 2110 2610 natum
2147 2572 2164 2610 ε
2208 2557 2324 2612 haec
2352 2560 2499 2612 enim
2524 2561 2590 2614 ad
2623 2561 2762 2616 duas
2787 2573 3012 2619 naturas
3043 2576 3317 2634 spectant.

1990 2651 2062 2701 At
2111 2648 2258 2704 dicat
2301 2666 2774 2720 supervacuorum
2831 2671 3155 2712 sermonum
3187 2672 3422 2729 amator,
3455 2667 3502 2720 si

1922 2738 2058 2808 quid
2089 2741 2342 2795 naturale
2371 2749 2457 2796 est
2487 2753 2583 2798 aut
2621 2753 2809 2798 natum
2841 2747 3048 2818 absque
3077 2761 3296 2808 natura.
3327 2754 3502 2810 Unam

1922 2846 2177 2885 asserens
2222 2841 2471 2886 naturam
2503 2834 2597 2887 Dei
2630 2837 2796 2891 Verbi
2828 2837 3166 2896 incarnatam
3218 2855 3273 2899 et
3317 2847 3502 2902 anima

1924 2921 2179 2976 rationali
2211 2922 2600 2994 spiritualique
2645 2927 2965 2995 animatam,
3018 2931 3156 2986 duas
3184 2951 3316 2990 vero
3343 2948 3505 2993 natu-

1926 3027 2015 3066 ras
2065 3028 2291 3082 negans,
2327 3013 2521 3069 similis
2564 3024 2649 3070 est
2699 3017 2908 3072 homini
2965 3023 3059 3091 qui
3113 3029 3502 3095 sc3quilibram

1923 3111 1979 3157 et
2029 3112 2140 3157 tres
2185 3113 2466 3159 sextantes
2499 3105 2730 3174 diceret,
2777 3109 2894 3164 hwc
2939 3122 3122 3167 autem
3179 3116 3236 3170 in
3281 3134 3498 3175 summa

1923 3197 2060 3251 duas
2090 3212 2290 3252 vocare
2321 3207 2626 3253 recusaret.
2654 3199 2711 3253 ln
2743 3200 2902 3258 libris
2929 3205 3194 3261 adversus
3225 3208 3500 3266 Julianum

1922 3287 2040 3343 haec
2088 3288 2257 3342 habet
2311 3287 2552 3344 Severus
2593 3306 2607 3342 :
2648 3309 2665 3340 ι
2695 3290 2910 3361 Corpus
2947 3296 3234 3363 passiones
3261 3298 3500 3364 ferebat,

1923 3393 2061 3448 quas
2090 3379 2334 3433 libenter
2366 3388 2422 3433 et
2453 3379 2660 3449 absque
2709 3383 2822 3436 ulla
2872 3385 3308 3453 reprehensione
3358 3390 3502 3445 Deus

1923 3470 2164 3524 Verbum
2195 3471 2351 3539 juxta
2379 3479 2591 3528 natura:
2647 3473 2796 3543 leges
2854 3477 3124 3544 pertulit;
3162 3479 3342 3548 ipsum
3369 3498 3502 3536 vero

1924 3561 2192 3615 miracula
2237 3560 2581 3631 perﬁciebat,
2629 3572 2684 3617 et
2711 3566 3049 3633 operabatur
3081 3584 3202 3638 quae
3228 3587 3326 3639 per
3355 3573 3499 3627 idem

1924 3667 2127 3722 corpus
2181 3669 2349 3722 supra
2396 3663 2607 3708 natura;
2656 3656 2805 3725 leges
2861 3658 3057 3712 edidit.
3119 3679 3138 3711 ι
3189 3660 3351 3732 Signa
3407 3666 3498 3718 ilia

1923 3744 2211 3812 splendida
2236 3760 2357 3813 qua:
2385 3760 2548 3798 unam
2585 3745 2726 3799 hanc
2753 3747 3070 3814 passionum
3103 3765 3358 3818 capacem
3398 3770 3496 3808 na-

1923 3841 2104 3885 turam
2133 3839 2486 3900 exsuperant,
2530 3848 2652 3900 quae
2684 3833 2832 3886 vires
2880 3835 3046 3904 hujus
3091 3846 3301 3892 natura:
3333 3856 3500 3893 cxce-

1923 3924 2081 3988 dunt,
2117 3924 2394 3994 quomodo
2425 3931 2480 3978 et
2513 3939 2543 3977 a
2574 3939 2684 3992 quo
2713 3923 2888 3978 ﬁunt?
2917 3925 3228 3981 Contendat
3257 3940 3496 3997 oportet.

1923 4015 2111 4080 credo,
2164 4031 2228 4069 ea
2268 4015 2352 4068 vel
2380 4030 2479 4084 per
2512 4013 2836 4083 phantasma
2872 4024 3082 4070 tantum
3110 4017 3255 4082 ﬁeri,
3281 4017 3368 4071 vel
3402 4034 3500 4087 per

1920 4107 2082 4160 aliam
2135 4114 2410 4160 naturam.
2460 4106 2699 4160 Severus
2722 4105 2909 4176 igitur,
2951 4107 3032 4160 uti
3084 4117 3350 4162 tractatus
3378 4111 3501 4178 ejus

1920 4197 2178 4267 probant,
2234 4196 2372 4250 duas
2420 4205 2649 4250 naturas
2691 4194 2990 4262 conﬁtetur
3032 4205 3090 4250 et
3139 4212 3344 4262 unam;
3376 4198 3500 4252 illas

1921 4289 2144 4358 quidem
2193 4291 2427 4342 veritate
2473 4287 2677 4351 victus,
2717 4302 2879 4340 unam
2922 4303 3053 4342 vero
3081 4288 3354 4358 magistris
3381 4289 3502 4344 suis

253 4407 346 4461 ρον
375 4391 469 4440 καὶ
498 4387 785 4454 Διόσκορον
816 4400 830 4412 ·
872 4383 964 4434 καὶ
997 4379 1263 4451 Τιμοθέου
1315 4379 1413 4449 μὲν
1447 4379 1480 4448 ἡ
1527 4376 1653 4442 δόξα
1686 4393 1818 4446 προ-

1923 4379 2378 4436 Phantasianistis
2427 4387 2804 4444 consecratus,
2852 4379 3166 4444 Timotheo,
3209 4379 3403 4435 Eluro
3441 4390 3497 4435 et

246 4483 563 4553 δεδήλωται,
594 4481 691 4550 τὴν
719 4479 774 4531 δὲ
795 4476 1088 4546 Διοσκόρου
1111 4473 1408 4540 γνώσονται
1430 4473 1479 4524 οἱ
1498 4468 1819 4539 ἀγνοοῦντες

248 4578 315 4628 ὲκ
337 4575 434 4643 τῆς
463 4569 751 4638 ἐπιστολῆς
774 4567 937 4620 αὑτοῦ
961 4567 1061 4635 τῆς
1083 4563 1388 4635 γραφείσης
1409 4563 1513 4616 ἀπὸ
1534 4562 1817 4632 Γαγγρῶν,

248 4669 310 4719 ἐν
425 4663 627 4735 γράφει
657 4661 828 4714 ταῦτα
852 4676 867 4691 ο
917 4676 935 4709 ι
981 4658 1038 4710 ’0
1083 4655 1374 4726 μονογενὴς
1403 4654 1499 4708 τοῦ
1529 4655 1662 4708 Θεοῦ
1695 4655 1821 4719 Υἱὸς

249 4761 444 4826 Λόγος,
493 4756 520 4807 ὁ
577 4754 778 4824 Κύριος
809 4750 964 4822 ἡμῶν
1009 4748 1217 4818 Ἰησοῦς
1249 4746 1503 4816 Χριστὸς,
1532 4746 1822 4816 γενόμενος

248 4848 539 4920 ἄνθρωπος
569 4843 738 4913 χωρὶς
776 4839 1056 4910 ἁμαρτιας
1088 4839 1184 4891 καὶ
1214 4837 1420 4906 τροπῆς
1438 4875 1454 4901 ,
1481 4837 1592 4898 τοῖς
1618 4835 1821 4905 ἀνθρωι

247 4943 427 5002 πὶνοις
459 4933 824 5004 κεκοινώνηκε
859 4931 1112 4995 πάθεσιν,
1152 4930 1212 4982 οὐ
1252 4928 1395 4982 κατὰ
1446 4927 1628 4996 φύσιν,
1685 4927 1821 4979 ἀλλὰ

246 5031 390 5086 κατὰ
415 5029 599 5101 χάριν.
639 5045 658 5078 ›
687 5027 798 5079 Καὶ
823 5023 1017 5076 πάλινο
1057 5039 1076 5071 ι
1103 5022 1165 5073 Εἰ
1199 5020 1274 5090 μὴ
1309 5019 1370 5072 τὸ
1391 5013 1528 5087 αἷμα
1559 5015 1652 5070 τοῦ
1687 5017 1820 5087 Χρι-

247 5123 376 5178 στοῦ
407 5120 549 5176 κατὰ
573 5119 732 5189 φύσιν
770 5116 904 5169 Θεοῦ
937 5117 1103 5179 ἐστιν,
1152 5113 1248 5166 καὶ
1285 5111 1385 5163 ούκ
1406 5108 1714 5180 ἀνθρώπου,
1765 5107 1819 5160 τί

243 5214 493 5284 διαφέρει
523 5210 618 5265 τοῦ
641 5209 871 5279 αἵματος
903 5206 1012 5259 τῶν
1064 5204 1281 5273 τράγων
1319 5203 1414 5256 καὶ
1469 5203 1681 5271 μόσχων
1725 5199 1819 5252 καὶ

243 5308 345 5376 τῆς
373 5303 567 5359 σποδοῦ
606 5303 704 5372 τῆς
748 5300 1076 5368 δαμάλεως;
1116 5298 1226 5350 Καὶ
1269 5294 1432 5348 τοῦτο
1468 5293 1578 5361 γὰρ
1635 5293 1818 5361 γήϊνον

244 5401 340 5454 καὶ
392 5397 651 5468 φθαρτὸν,
686 5394 785 5448 καὶ
833 5393 895 5445 τὸ
922 5388 1061 5458 αἷμα
1089 5389 1196 5442 τῶν
1228 5387 1372 5442 κατὰ
1402 5385 1562 5455 φύσιν
1606 5381 1818 5453 ἀνθρώ·-

244 5510 365 5547 πων
422 5493 608 5562 γήϊνον
655 5489 750 5543 καὶ
800 5485 1058 5557 φθαρτόν.
1098 5481 1262 5536 Ἀλλὰ
1313 5478 1388 5551 μὴ
1440 5479 1651 5546 γένοιτο
1701 5475 1818 5562 te;

239 5582 355 5638 τῶν
388 5581 529 5635 κατὰ
582 5580 743 5652 φύσιν
798 5579 979 5646 λέγειν
1039 5575 1189 5643 ἡμᾶς
1240 5569 1524 5642 ὁμοούσιον
1579 5568 1639 5621 τὺ
1681 5561 1817 5636 αἷμα

241 5673 508 5748 Χριστοῦῑ
541 5694 560 5728 ι

1921 4473 2203 4526 Dioscoro.
2262 4471 2539 4525 Timothei
2587 4471 2838 4525 doctrina
2886 4472 3146 4526 omnibus
3191 4481 3320 4526 nota
3368 4482 3496 4539 est;

1920 4565 2167 4619 Dioscori
2197 4572 2380 4618 autem
2406 4564 2699 4633 opiniones
2727 4573 3062 4634 cognoscent
3090 4563 3185 4632 qui
3220 4579 3314 4618 eas
3341 4565 3496 4634 igno-

1921 4665 2064 4721 rant,
2094 4672 2160 4709 ex
2180 4655 2413 4725 epistola
2444 4670 2606 4723 quam
2638 4669 2668 4708 a
2704 4655 2936 4725 Gangris
2961 4655 3199 4724 scripsit.
3228 4654 3327 4709 Hic
3347 4656 3498 4710 enim

1921 4747 1998 4800 ita
2049 4747 2346 4816 loquitur:
2402 4764 2421 4795 ι
2475 4745 2806 4815 Unigenitus
2854 4746 2953 4800 Dei
3007 4746 3182 4800 Filius
3233 4747 3497 4809 Verbum,

1919 4836 2186 4892 Dominus
2253 4844 2447 4890 noster
2506 4835 2667 4889 Jcsus
2729 4834 3005 4900 Christus,
3066 4837 3236 4889 homo
3288 4837 3500 4906 absque

1918 4935 2146 4996 peccato
2182 4933 2238 4979 et
2285 4925 2594 4979 mutatione
2625 4926 2824 4990 factUs,
2859 4927 3117 4981 humanis
3144 4925 3502 4996 passionibus

1918 5018 2203 5086 subjectus
2247 5025 2350 5081 est,
2377 5032 2487 5069 non
2515 5025 2733 5080 natura,
2771 5017 2866 5071 sed
2899 5018 3120 5086 gratia.»
3157 5018 3223 5070 Et
3260 5033 3454 5071 rursus
3480 5037 3496 5070 :

1926 5127 1943 5160 ι
1965 5107 2080 5162 Nisi
2108 5106 2332 5176 sanguis
2359 5105 2566 5160 Christi
2599 5115 2792 5160 natura
2820 5107 2918 5161 Dei
2948 5109 3200 5172 erit,non
3233 5108 3495 5171 hominis,

1920 5198 2054 5269 quid
2081 5195 2303 5252 differet
2331 5213 2361 5251 a
2392 5199 2659 5267 sanguine
2697 5198 2982 5252 hircorum
3018 5209 3075 5254 et
3105 5199 3405 5252 vitulorum
3438 5208 3497 5252 et

1910 5307 1950 5351 a
1980 5291 2167 5344 cinere
2193 5289 2396 5344 bovis?
2425 5288 2524 5343 Hic
2548 5291 2694 5345 enim
2734 5298 2988 5344 terrenus
3003 5306 3066 5344 ae
3093 5288 3492 5358 corruptibilis,

1919 5392 1977 5438 at
2012 5393 2266 5437 terrenus
2311 5397 2536 5451 quoque
2568 5397 2632 5436 ac
2654 5380 3034 5450 corruptibilis
3057 5380 3278 5450 sanguis
3299 5395 3492 5435 eorum

1918 5476 2016 5546 qui
2062 5483 2260 5529 natura
2294 5473 2548 5528 homines
2577 5481 2726 5529 sunt.
2778 5472 2969 5526 Nolint
3007 5488 3140 5542 ergo
3172 5473 3357 5527 dicere
3399 5473 3494 5541 qui

1918 5572 2119 5619 natura
2157 5561 2412 5616 homines
2435 5570 2585 5628 sunt,
2622 5560 2785 5616 nobis
2813 5559 3341 5616 consubstantialem
3369 5576 3503 5637 τεθο-

1920 5658 2238 5730 sanguinem
2259 5655 2504 5711 "Christi.
2534 5675 2553 5707 ι
