3958 6288
543 321 648 384 935

1734 298 2149 363 EUSTATHII
2185 296 2530 366 MQNACHI

3697 285 3803 349 936

613 426 904 480 L‘oscurns
950 421 1041 476 hic
1090 428 1146 473 et
1189 414 1511 473 Timotheus
1549 414 1798 484 magistri
1848 422 1981 469 sunt
2007 412 2102 468 Se-

2283 403 2454 471 Οῦτος
2494 404 2783 475 Διόσκορος
2831 402 2927 455 καὶ
2960 398 3243 470 Τιμόθεος,
3278 399 3329 451 οἱ
3359 397 3600 453 τοιοῦτοι
3641 398 3790 454 διδά-

543 517 678 573 ver'l.
718 517 793 570 Ab
843 515 952 568 illis
993 525 1157 564 unam
1190 520 1444 563 naturam
1473 508 1705 576 accepit,
1737 505 1956 577 rejectis
1982 505 2109 574 qui-

546 606 771 662 busdam
817 618 1010 658 eorum
1056 599 1349 670 ﬁgmentis,
1390 612 1621 664 eamque
1654 596 1859 650 nostris
1896 595 2106 650 doctri-

542 694 627 751 nis
654 693 968 756 illustravit,
1000 690 1374 746 meretricium
1404 704 1604 757 corpus
1648 686 1914 741 modestis
1942 686 2110 741 vesti-

539 787 643 841 bus
663 800 954 839 exornans.
988 782 1326 836 Vocabulum
1347 779 1573 850 quidem
1604 780 1763 832 unius
1789 786 1848 832 ut
1871 779 2106 848 patriam

540 877 920 931 hereditatem
961 875 1212 937 retinuit,
1257 871 1548 926 sententiis
1599 885 1731 924 vero
1762 870 1902 924 illud
1933 869 2110 923 invol-

536 969 636 1030 vit,
692 981 815 1035 quae
880 979 991 1018 non
1046 963 1153 1018 nisi
1204 962 1419 1017 duabus
1463 961 1678 1015 naturis
1742 959 2104 1014 conveniunt.

537 1058 738 1126 Reipsa
769 1056 906 1110 duas
936 1064 1165 1109 naturas
1208 1051 1519 1114 conﬁrmat,
1562 1052 1890 1106 vocabulum
1922 1059 2107 1105 autem

538 1150 768 1202 duarum
804 1148 1130 1217 plerumque
1192 1144 1426 1214 respuit.
1471 1142 1628 1199 Undc
1676 1158 1950 1212 nusquam
1999 1142 2107 1197 sibi

538 1245 755 1292 constat
809 1237 863 1291 in
935 1233 1487 1305 interpretationibus
1527 1232 1662 1287 suis.
1698 1231 1923 1302 Regiam
1963 1231 2107 1285 viam

538 1345 664 1384 cum
704 1329 961 1384 insistere
989 1326 1249 1390 noluerit,
1277 1326 1389 1380 huc
1432 1335 1599 1393 atque
1638 1324 1771 1378 illuc
1799 1324 2108 1378 circumva-

538 1428 697 1490 gatur
747 1427 804 1473 et
832 1418 1300 1487 circumjactatur,
1334 1415 1574 1470 asseclas
1612 1429 1745 1468 suos
1784 1429 1971 1468 secum
1994 1414 2106 1468 cir-

539 1512 898 1569 cumducens.
961 1509 1192 1564 Sibimet
1235 1522 1453 1577 semper
1501 1522 1771 1576 pugnans,
1822 1506 2107 1577 Eutychen

537 1604 983 1667 anathematizat,
1031 1603 1354 1657 Dioscorum
1402 1615 1537 1654 vero
1577 1598 1829 1668 suscipit,
1877 1599 2107 1668 ejusque

536 1708 749 1763 pugnas
776 1700 1061 1747 reveretur
1094 1700 1149 1745 et
1175 1688 1356 1759 magni
1388 1688 1537 1752 facit,
1566 1702 1704 1757 quas
1728 1701 1830 1756 pro
1858 1687 2107 1756 Eutyche

2209 499 2399 554 σκαλοί
2432 501 2575 552 εἰσιν
2607 497 2875 566 Σευήρου,
2902 493 2960 561 ἐξ
2999 487 3075 547 ὧν
3110 492 3211 562 τὴν
3253 491 3383 562 μίαν
3409 498 3581 559 φύσιν
3611 508 3792 562 παρα-

2206 591 2409 653 λαϐὼν,
2439 591 2550 644 τισὶ
2571 588 2628 642 δὲ
2658 587 2768 640 τῶν
2786 586 3073 655 νοημάτων
3098 581 3277 636 αὐτῶν
3308 581 3792 651 ἀπαρεσκόμενος,

2206 683 2275 745 τὰ
2316 680 2564 752 ἡμέτερα
2598 679 2849 748 νοήματα
2886 674 3255 746 περιέπλασεν
3288 674 3427 745 αὐτῇ
3452 713 3467 737 ,
3503 673 3569 726 τὸ
3600 690 3793 744 πορνι-

2208 773 2303 826 κδν
2332 773 2493 841 σῶμα
2515 770 2593 840 τῷ
2625 766 2952 839 σωφρονικῷ
2974 766 3233 836 ὲνδύματι
3260 763 3653 828 καλλωπίζων.
3685 767 3793 818 Καὶ

2206 864 2308 932 τὴν
2334 862 2479 925 λέξιν
2515 864 2612 932 μὲν
2631 859 2755 932 [τὴν
2770 856 2940 930 μίαν]
2971 859 3046 919 ὡς
3079 856 3329 927 πατρῷον
3350 855 3559 925 κλῆρον
3584 855 3789 925 φυλάτ⁸

2206 970 2336 1015 των,
2363 954 2462 1015 τὰς
2489 950 2792 1015 δηλωτικὰς
2818 949 2875 1001 δὲ
2907 948 3120 1010 ἐννοίας
3162 946 3274 999 τῶν
3302 945 3399 999 δύο
3432 945 3657 1014 φύσεων
3700 964 3792 998 πε-

2213 1042 2439 1112 ριτιθεὶς
2462 1042 2621 1111 αὐτῇ·
2648 1040 2745 1093 καὶ
2768 1039 2862 1092 ἐπὶ
2894 1038 2994 1108 μὲν
3018 1038 3129 1091 τῶν
3162 1037 3508 1107 πραγμάτων
3548 1036 3646 1090 δύο
3688 1036 3790 1103 φύ-

2211 1147 2326 1194 σεις
2352 1130 2657 1201 παριστῶν,
2703 1129 2876 1198 αὐτὴν
2907 1129 2967 1180 δὲ
3003 1127 3104 1197 τὴν
3137 1127 3284 1193 λέξιν
3316 1128 3416 1197 τὴν
3446 1126 3561 1180 δύο
3593 1144 3790 1197 παραι-

2207 1220 2470 1291 τούμενος
2530 1221 2599 1274 τὰ
2644 1219 2840 1273 πολλά.
2890 1219 3056 1271 Ὅθεν
3103 1218 3291 1271 καὶτὸ
3349 1217 3588 1277 ἄστατον
3638 1217 3785 1286 αὐτῷ

2210 1315 2504 1385 πρόσεστιν
2547 1314 2606 1365 ὲν
2639 1316 2756 1375 ταῖς
2795 1311 3116 1380 ὲξηγήσεσι·
3155 1312 3223 1381 τῇ
3252 1308 3366 1380 γὰρ
3396 1309 3662 1381 βασιλικῇ
3688 1310 3784 1378 ὀδῷ

2212 1406 2287 1476 μὴ
2327 1404 2611 1475 βουληθεὶς
2640 1403 2995 1475 πορευθῆναι,
3038 1402 3152 1455 άνω
3190 1401 3286 1454 καὶ
3331 1403 3485 1455 κάτω
3510 1401 3783 1472 περιπλα-

2207 1497 2368 1549 νᾶται
2398 1495 2493 1549 καὶ
2517 1495 2928 1567 περικρούεται,
2963 1493 3357 1564 συμπεριάγων
3388 1494 3518 1556 τοὺς
3540 1494 3782 1561 Δἀκολοςυ-

2208 1587 2436 1652 θοῦντας
2465 1588 2612 1656 αὐτῷ
2635 1602 2650 1618 ο
2682 1587 2757 1650 ὡς
2786 1587 2950 1656 μηδὲν
2977 1584 3268 1640 ἀκόλουθον
3296 1586 3583 1656 πράττων,
3613 1584 3781 1638 Εὐτυ-

2209 1681 2309 1752 χέα
2340 1681 2439 1750 μὲν
2467 1679 2876 1749 ἀναθεματίζει,
2909 1677 3200 1748 Διόσκορον
3229 1676 3285 1729 δὲ
3316 1676 3665 1745 ἀποδέχεται,
3693 1678 3782 1729 καὶ

537 1785 606 1838 ad
674 1785 881 1839 exitum
934 1793 991 1838 et
1049 1782 1461 1837 damnationem
1514 1786 1571 1833 et
1625 1785 1861 1832 mortem
1928 1792 2102 1848 usque

2206 1771 2399 1825 τούτου
2442 1772 2570 1834 τοὺς
2602 1769 2821 1838 ἀγῶνας
2860 1770 2997 1839 τιμᾷ
3024 1769 3120 1820 καὶ
3149 1767 3477 1831 ἀσπάζεται,
3500 1766 3601 1830 οὓς
3636 1769 3780 1836 ἠγω-

534 1875 783 1944 pertulit.

601 2053 759 2120 Quod
795 2052 839 2107 si
884 2052 1009 2123 quis
1036 2049 1240 2105 dixerit
1272 2047 1595 2104 emendatos
1618 2047 1792 2101 libros
1811 2043 2103 2117 Eutychen

532 2145 796 2201 Dioscoro
839 2140 1129 2196 tradidisse
1176 2147 1232 2195 et
1275 2138 1379 2192 hac
1431 2137 1500 2192 de
1544 2151 1707 2191 causa
1733 2136 1802 2190 ab
1833 2150 1901 2190 eo
1932 2133 2104 2188 fuisse

532 2231 843 2293 defensum,
877 2229 1167 2283 mentitur.
1213 2227 1276 2281 In
1323 2226 1470 2281 libro
1498 2227 1647 2279 enim
1684 2239 1847 2294 quem
1879 2223 2106 2278 Diosco-

533 2337 629 2376 rus
653 2321 867 2389 accepit
902 2335 1015 2373 non
1061 2317 1482 2372 emendationes
1529 2317 1768 2381 inerant,
1807 2314 1904 2369 sed
1926 2315 2106 2368 incre-

531 2412 785 2481 pationes
811 2411 865 2464 in
889 2410 1111 2464 beatum
1137 2406 1473 2462 Flavianum"
1489 2405 1638 2475 quod
1661 2405 2105 2459 anathematibus

533 2502 651 2557 suis
701 2500 1072 2555 orthodoxam
1126 2498 1293 2551 istum
1346 2497 1646 2551 virum‘ex
1697 2496 1905 2551 teneris
1943 2496 2105 2551 annis

533 2591 910 2646 damnaverat.
961 2589 1070 2644 Sed
1119 2587 1487 2642 concedamus
1506 2587 1673 2643 etiam
1705 2587 1911 2641 librum
1936 2587 2106 2659 Euty-

532 2681 655 2735 chis
683 2679 1038 2734 emendatum
1080 2678 1266 2733 fuisse.
1312 2677 1369 2732 Si
1403 2693 1529 2732 eum
1569 2677 1756 2747 lapsus
1777 2679 2100 2747 poenitebat,

532 2771 629 2841 qui
687 2770 1008 2826 Flavianum
1058 2769 1380 2833 trucidavit,
1412 2769 1556 2823 hanc
1585 2784 1750 2823 unam
1779 2769 1850 2823 ob
1879 2768 2103 2825 causam

532 2862 680 2933 quod
708 2863 861 2931 lapso
901 2860 1134 2932 Eutychi
1169 2875 1280 2914 non
1309 2861 1674 2930 pepercerat?
1697 2860 1810 2914 Cur
1845 2876 1973 2916 eum
2002 2859 2103 2916 Se-

532 2967 696 3007 verus
719 2953 962 3016 damnat,
994 2966 1155 3021 quem
1202 2950 1497 3006 Dioscorus
1533 2952 1895 3021 pmnitentem
1918 2969 2105 3009 susce-

532 3042 648 3114 pit?
696 3044 815 3115 Ipse
854 3044 1019 3100 etiam
1068 3044 1365 3099 Dioscorus
1407 3042 1540 3100 dum
1588 3051 1752 3116 negat
1778 3044 2100 3118 sanguinem

529 3134 736 3190 Christi
781 3135 1034 3190 humana:
1073 3145 1285 3190 naturae
1331 3137 1879 3203 consubstantialem,
1916 3153 2100 3195 nonne

530 3224 778 3280 declarat
812 3240 870 3279 se
898 3242 1008 3279 non
1037 3240 1239 3294 corpus
1272 3241 1434 3280 unam
1454 3225 1662 3281 Christi
1696 3238 1950 3282 naturam
1975 3245 2105 3299 pro-

531 3316 855 3370 fes‘surum?
896 3316 965 3369 At
1014 3316 1340 3370 Timotheus
1385 3302 1607 3387 quoque
1665 3319 1839 3373 solam
1897 3319 2102 3376 Christi

531 3407 776 3461 divinam
831 3413 1084 3459 naturam
1129 3406 1400 3475 agnoscit,
1451 3421 1673 3463 carnem
1739 3424 1873 3466 vero
1922 3426 2104 3482 neque

531 3503 787 3550 naturam
816 3509 999 3563 neque
1030 3493 1395 3549 substantiam
1438 3504 1633 3563 vocat;
1682 3497 1758 3552 ita
1798 3499 1875 3552 nil
1906 3508 2105 3569 praeter

531 3596 734 3635 nomen
777 3585 959 3637 carnis
1003 3590 1241 3651 uterque
1286 3584 1602 3640 conﬁtetur.
1648 3586 1892 3657 Uterque
1935 3588 2105 3660 igitur

531 3671 753 3741 ingenio
804 3684 905 3725 suo
944 3670 1258 3742 indulgens,
1301 3688 1467 3727 unam
1518 3681 1769 3730 naturam
1801 3677 2014 3745 docuit,
2048 3690 2105 3736 et

530 3775 629 3815 cos
677 3760 770 3830 qui
817 3760 1103 3831 Eutychen
1150 3761 1755 3819 anathematizaverant
1801 3766 2105 3824 insectatus

528 3862 635 3908 εει.

602 3945 837 4001 Severus
879 3961 1016 4000 vero
1050 3947 1180 4002 dum
1236 3963 1267 4002 a
1317 3949 1594 4019 magistris
1638 3949 1756 4006 suis
1795 3951 2104 4008 abhorrens

528 4053 730 4108 corpus
791 4038 996 4094 Christi
1051 4041 1215 4095 nobis
1269 4041 1739 4097 consubstantiale
1787 4044 2099 4113 proﬁtetur,

527 4137 588 4184 et
627 4130 765 4185 duas
820 4131 876 4186 in
921 4130 1146 4187 Christo
1189 4142 1414 4188 naturas
1453 4134 1720 4204 agnoscit,
1766 4143 1823 4189 et
1860 4135 1963 4189 has
2014 4136 2101 4191 vel

529 4231 654 4292 post
676 4224 937 4279 unionem
970 4223 1294 4279 differentes
1318 4232 1375 4278 et
1394 4223 1644 4279 diversas
1668 4232 1725 4280 et
1760 4225 2099 4293 inconfusas,

529 4313 879 4383 animamque
930 4314 986 4366 in
1040 4313 1233 4367 mortis
1297 4321 1582 4367 momento
1615 4316 1943 4382 secessisse,
1995 4316 2102 4372 hoc

2207 1863 2384 1927 νίζετο
2422 1863 2563 1933 ὑπὲρ
2605 1861 2879 1931 Εύτυχοῦς
2912 1861 3076 1931 μέχρι
3115 1859 3495 1930 καθαιρέσεως
3521 1861 3626 1913 καὶ
3655 1861 3780 1914 ἀνα-

2207 1953 2545 2026 θεματισμοῦ
2589 1953 2682 2006 καὶ
2704 1951 2940 2024 ὲξορίας.

2277 2046 2340 2098 El
2390 2045 2449 2098 δέ
2497 2061 2582 2108 τις
2625 2043 2769 2097 εἴποι
2820 2044 2904 2097 ὅτι
2966 2044 3439 2113 μεταμελητικοὺς
3502 2043 3780 2108 λιϐέλλους

2205 2135 2427 2200 ἐδέξατο
2458 2135 2749 2206 Διόσκορος
2792 2135 2943 2207 παρὰ
2994 2135 3292 2206 Εὐτυχοῦς,
3345 2138 3443 2187 καὶ
3494 2137 3589 2189 διὰ
3628 2137 3780 2189 τοῦτο

2207 2225 2588 2296 ύπερήσπισεν
2630 2224 2832 2288 αὑτοῦ,
2870 2224 3149 2294 ψεύδεται.
3208 2225 3267 2277 '0
3305 2224 3416 2294 γάρ
3468 2225 3719 2289 λίϐελλος
3754 2229 3781 2278 ό

2205 2314 2479 2378 ἐπιδοθεὶς
2530 2314 2681 2385 αύτῷ
2721 2314 2848 2385 παρ’
2874 2315 3107 2376 ἐκείνου,
3136 2315 3196 2368 ού
3229 2314 3605 2384 μεταμέλειαν
3648 2317 3779 2386 ἔχει,

2205 2405 2341 2459 ἀλλὰ
2397 2405 2606 2475 μέμψιν
2659 2404 2807 2458 κατὰ
2855 2404 2948 2458 τοῦ
3008 2406 3283 2475 μακαρίου
3343 2404 3655 2459 Φλαϐιανοῦ
3704 2408 3778 2459 ὅτι

2205 2496 2457 2550 καθεῖλεν
2505 2495 2913 2566 άναθεματίσας
2973 2497 3137 2550 αὑτὸν
3181 2497 3239 2562 ἐξ
3309 2497 3537 2550 ἁπαλῶν
3578 2497 3779 2567 ὀνύχων

2204 2587 2488 2658 ὁρθόδοξον
2555 2587 2682 2640 ὄντα
2736 2587 2925 2644 αὐτόν.
2982 2586 3228 2641 Δεδόσθω
3287 2587 3345 2640 δὲ
3409 2589 3779 2658 μεταμέλειαν

2205 2677 2352 2750 ἔχειν
2374 2680 2465 2733 τὸν
2492 2678 2732 2732 λίϐελλον
2755 2677 3045 2748 Εὐτυχοῦς.
3076 2679 3140 2731 Εἰ
3168 2678 3474 2748 μετάμελος
3503 2680 3599 2732 ἐπὶ
3620 2680 3778 2733 πταί-

2207 2788 2378 2843 σματι
2413 2771 2661 2840 γέγονεν,
2693 2771 2840 2833 τίνος
2871 2766 2997 2823 οὖν·
3013 2770 3174 2839 χάριν
3218 2768 3519 2822 Φλαϐιανδν
3556 2770 3778 2837 ἐφόνευ-

2209 2877 2298 2914 σεν
2325 2861 2415 2914 τὸν
2448 2860 2925 2931 ἁναθεματίσαντα
2947 2857 3200 2928 Εὐτυχέα
3232 2858 3314 2911 ἔτι
3338 2859 3647 2923 πταίοντα;
3682 2860 3777 2912 Ὃν

2204 2953 2263 3006 δὲ
2305 2953 2596 3023 Διόσκορος
2639 2950 2861 3016 ἐδέξατο
2894 2948 3368 3021 μεταμεληθέντα,
3405 2951 3651 3021 Σευῆρος
3695 2951 3779 3004 διὰ

2205 3046 2258 3098 τί
2287 3045 2720 3117 ἀναθεματίζει;
2756 3044 2867 3099 Καὶ
2898 3045 3192 3114 Διόσκορος
3234 3044 3332 3114 μὲν
3365 3043 3442 3107 ὡς
3476 3044 3554 3114 μὴ
3584 3043 3778 3112 ὁμολοο

2204 3137 2319 3209 γῶν
2357 3137 2642 3209 ὁμοούσιον
2684 3136 2791 3189 τῶν
2822 3136 2965 3190 κατᾶ
3010 3134 3172 3205 φύσιν
3211 3133 3517 3205 ἀνθρώπων
3550 3134 3616 3187 τδ
3644 3129 3779 3204 αἷμα

2204 3228 2467 3301 Χριστοῦ,
2488 3227 2647 3292 δῆλον
2676 3228 2760 3280 ὅτι
2793 3225 2913 3279 οὐδὲ
2933 3225 2995 3278 τδ
3017 3225 3182 3295 σῶμα
3205 3224 3435 3286 εἰκότως
3456 3222 3593 3293 μίαν
3619 3224 3776 3292 φύσιν

2204 3321 2357 3387 λέγει
2408 3317 2669 3388 Χριστοῦ.
2717 3316 2948 3386 Ὁμοίως
2999 3317 3096 3369 καὶ
3155 3315 3423 3385 Τιμόθεος
3446 3315 3550 3382 τὴν
3582 3314 3771 3385 θεῖκὴν

2209 3411 2369 3480 μόνον
2393 3407 2534 3464 οἶδεν
2561 3408 2721 3478 φύσιν
2756 3406 3015 3477 Χριστοῦ,
3046 3406 3143 3471 τὴν
3172 3405 3231 3457 δὲ
3266 3404 3447 3474 σάρκα
3466 3403 3598 3458 οὗτε
3620 3405 3776 3474 φύσιν

2205 3500 2332 3554 οὔτε
2358 3500 2568 3554 ούσίανο
2598 3498 2673 3562 ὡς
2698 3492 2836 3551 εἶναι
2871 3497 3011 3566 παρ’
3032 3497 3218 3557 αὐτοῖς
3244 3493 3417 3564 ὄνομα
3452 3496 3618 3563 μόνον
3648 3511 3775 3565 σαρ-

2205 3594 2301 3656 κός
2320 3608 2334 3623 ·
2376 3589 2678 3661 ἀμφότεροι
2727 3585 2821 3643 οὖν
2883 3585 3303 3648 ἀκολουθοῦντες
3351 3587 3571 3650 ἑαυτοῖς
3590 3626 3608 3653 ,
3653 3586 3775 3657 μίαν

2207 3685 2371 3754 φύσιν
2402 3684 2789 3754 ὲδογμάτισαν,
2823 3681 2918 3734 καὶ
2944 3679 3285 3749 ἠγωνίσαντο
3318 3678 3465 3734 κατὰ
3500 3678 3613 3732 τῶν
3654 3680 3775 3734 ἀνι·

2206 3774 2609 3846 θεματιζὸντων
2642 3771 2911 3842 Εὕτυχέα.

2275 3956 2519 4028 Σευῆρος
2561 3955 2616 4008 δὲ
2659 3953 2946 4025 ὁμοούσιον
2994 3955 3132 4024 ἡμῖν
3181 3952 3459 4023 ὁμολογῶν
3506 3953 3573 4007 τὸ
3620 3952 3773 4022 σῶμα

2194 4048 2441 4121 ’Χριστοῦ
2472 4045 2781 4112 ἐξεναντίας
2810 4045 2916 4106 τῶν
2943 4045 3285 4100 διδασκάλων
3317 4044 3509 4110 αὐτοῦ,
3545 4048 3644 4100 καὶ
3682 4047 3774 4115 φύ-

2205 4150 2319 4197 σεις
2364 4131 2649 4201 ὀνομάζων
2686 4132 2780 4187 ἐπὶ
2818 4132 3057 4202 Χριστοῦ
3083 4170 3097 4195 ,
3133 4134 3229 4186 καὶ
3292 4133 3515 4186 σκοπῶν
3574 4134 3773 4198 ταύτας

2207 4224 2346 4295 μετὰ
2381 4224 2483 4293 τὴν
2519 4222 2734 4287 ἕνωσιν,
2773 4223 2869 4276 καὶ
2896 4221 3181 4293 διαφορὰν,
3212 4224 3309 4277 καὶ
3333 4224 3657 4295 ἑτερότητα,
3684 4226 3774 4279 καὶ

2202 4314 2264 4367 τὸ
2295 4313 2624 4384 άσύγχυτον,
2649 4314 2745 4368 καὶ
2771 4315 3051 4383 χωρισμὸν
3077 4314 3178 4384 τῆς
3199 4314 3378 4387 ψυχῆς
3409 4317 3468 4368 ὲν
3497 4316 3582 4386 τῷ
3601 4316 3771 4386 καιρῷ

529 4414 635 4469 est,
682 4413 856 4460 totum
910 4404 1079 4477 fuisse
1138 4404 1377 4458 divisum
1430 4413 1587 4473 putat
1636 4409 1818 4475 (nam
1871 4411 2101 4465 recessit

2206 4405 2298 4459 τοῦ
2333 4405 2587 4485 θανάτου,
2615 4406 2644 4458 ὅ
2677 4407 2795 4457 ἐστι
2846 4405 2941 4458 τοῦ
2994 4405 3115 4458 ὅλου
3163 4407 3436 4476 μερισμὸς
3478 4408 3769 4478 (ἐχωρίσθη

530 4494 713 4547 anima
758 4509 788 4547 e
829 4509 1061 4562 corpore
1088 4534 1102 4558 ,
1137 4493 1400 4548 divinitas
1442 4502 1656 4548 tantum
1701 4497 1926 4565 utrique
1978 4508 2097 4553 erat

531 4584 971 4638 substantialiter
999 4584 1202 4655 unita),
1256 4585 1389 4639 dum
1418 4585 1547 4639 talia
1572 4585 1737 4640 docet
1761 4626 1777 4652 ,
1818 4588 2100 4646 discernat

530 4692 722 4744 aequus
756 4676 929 4746 judex
973 4693 1042 4730 an
1091 4676 1291 4730 merito
1339 4692 1506 4731 unam
1548 4677 1640 4732 hic
1691 4678 1953 4735 defendat
1998 4698 2097 4736 na-

533 4776 733 4830 turam,
779 4767 1037 4836 virosque
1072 4766 1296 4821 damnet
1342 4766 1482 4821 duas
1512 4776 1737 4823 naturas
1790 4769 2095 4826 confessos.

529 4858 782 4912 Attamen
815 4857 871 4910 in
904 4857 1061 4911 libris
1090 4856 1357 4912 adversus
1388 4855 1842 4923 Grammaticum,
1874 4860 1945 4914 ad
1978 4875 2097 4914 ma-

524 4949 617 5020 jus
656 4951 739 5004 sui
774 4950 952 5020 ipsius
978 4949 1224 5004 dedecus
1250 4958 1307 5004 et
1344 4948 1637 5020 judicium,
1672 4951 1750 5005 ait
1782 4968 1794 5003 :
1838 4971 1856 5002 ι
1886 4951 2004 5005 Duo
2030 4966 2099 5006 ex

529 5042 733 5112 quibus
780 5052 868 5098 est
915 5044 1070 5101 unio,
1121 5041 1264 5096 facta
1325 5042 1552 5107 unione,
1608 5058 1719 5097 non
1767 5043 1872 5097 nisi
1913 5053 2098 5098 mente

528 5143 662 5190 ctex
685 5144 844 5204 pacto
861 5134 929 5189 ab
951 5134 1185 5189 invicem
1209 5133 1651 5202 distinguuntur;
1671 5149 1795 5189 nam
1814 5149 2098 5203 nunquam

529 5226 814 5281 desierunt
872 5226 1009 5280 duas
1059 5224 1274 5280 eﬁicere
1325 5225 1712 5297 hypostases.»
1753 5226 1957 5281 Audiat
2008 5242 2097 5283 sa-

529 5332 635 5374 nus
670 5318 1073 5373 insanientem:
1096 5333 1217 5386 qute
1248 5325 1432 5371 mente
1459 5316 1752 5381 sentiebat,
1790 5332 1887 5373 ore
1917 5319 2099 5374 decla-

529 5409 673 5463 ravit
720 5427 736 5462 :
786 5411 918 5466 Duae
964 5411 1287 5482 hypostascs
1340 5424 1449 5463 non
1510 5409 1798 5465 desierunt
1835 5412 1921 5466 vel
1973 5421 2097 5482 post

528 5499 822 5566 unionem;
849 5500 945 5555 sed
974 5509 1106 5555 sunt
1131 5500 1273 5555 duae.
1300 5499 1505 5554 Deinde
1537 5499 1653 5554 haec
1689 5502 1761 5554 ita
1793 5515 1851 5555 se
1889 5500 2096 5557 habere

529 5587 862 5644 conﬁrmans
900 5592 1092 5645 eodem
1133 5591 1278 5644 libro
1307 5590 1443 5644 dicit
1475 5607 1487 5643 :
1529 5609 1545 5640 ι
1589 5591 1758 5646 Unam
1800 5592 1897 5645 Dei
1930 5592 2093 5647 Verbi

531 5675 1194 5749 hypostasincogitationc
1229 5690 1443 5735 tantum
1467 5679 1804 5746 distinctam,
1849 5692 1904 5736 ct
1930 5697 2094 5736 unam

2199 4500 2306 4569 γὰρ
2359 4502 2392 4570 ἡ
2436 4499 2585 4572 ψυχὴ
2628 4501 2692 4553 ὲκ
2721 4500 2816 4553 τοῦ
2852 4500 3104 4571 σώματος
3152 4502 3311 4570 μόνον
3334 4518 3347 4531 °
3381 4504 3415 4571 ὴ
3447 4504 3557 4575 γὰρ
3586 4504 3771 4572 θεότης

2201 4591 2448 4661 ἑκατέρῳ
2482 4592 2603 4645 κατ’
2639 4591 2829 4646 οὐσίαν
2858 4592 3082 4663 ἣνωτο),
3112 4595 3162 4645 εί
3192 4593 3434 4661 εὐλόγως
3456 4597 3587 4665 μίαν
3614 4595 3772 4664 φύσιν

2199 4682 2517 4752 πρεσϐεύει,
2550 4682 2941 4753 άναθεματίζει
2972 4683 3029 4737 δὲ
3078 4684 3205 4746 τοὺς
3243 4685 3503 4753 λέγοντας
3538 4686 3634 4738 δύο
3673 4686 3775 4755 φύ-

2201 4790 2335 4841 σεις,
2368 4775 2612 4844 κρινάτω
2649 4776 2677 4828 ὁ
2709 4774 3081 4846 άπροσπαθῶς
3109 4775 3365 4841 δικάζων.
3397 4777 3596 4831 Καίτοι
3624 4795 3690 4846 γε
3717 4781 3771 4833 ἰν

2199 4866 2312 4927 τοῖς
2364 4864 2509 4917 κατὰ
2552 4865 2646 4918 τοῦ
2697 4866 3097 4937 Γραμματικοῦ
3149 4868 3287 4938 πρὸς
3333 4868 3561 4923 πλείονα
3609 4869 3776 4922 αὐτοῦ

2200 4953 2421 5023 ἔλεγχον
2462 4954 2559 5007 καὶ
2604 4957 2931 5026 κατάκρισιν
2959 4955 3061 5025 ἔφη
3083 4972 3098 4987 °
3136 4975 3154 5008 ι
3194 4957 3359 5009 Ὥστε
3400 4956 3474 5010 τὰ
3498 4957 3596 5011 δύο
3620 4959 3691 5011 τὰ
3719 4957 3778 5022 ἐξ

2198 5037 2274 5098 ὧν
2304 5047 2336 5115 ἡ
2368 5045 2582 5110 ἓνωσις,
2617 5046 2675 5099 ὲν
2713 5045 2792 5115 τῷ
2835 5046 3209 5100 συντεθεῖσθαι
3249 5047 3328 5117 τῷ
3368 5048 3446 5118 νῷ
3487 5050 3653 5119 μόνον
3678 5051 3775 5103 ἀπ’

2201 5135 2446 5206 ἀλλήλων
2492 5135 2762 5200 συνθέτως
2791 5137 3200 5207 διακρινόμεναο
3236 5138 3637 5209 μεταϐέϐληται
3666 5141 3777 5212 γάρ

2198 5223 2450 5294 οὐδαμῶς
2476 5224 2550 5294 μὴ
2573 5220 2715 5277 εἶναι
2736 5224 2829 5277 δύο
2854 5226 2949 5279 καὶ
2971 5227 3088 5288 ταῖς
3116 5227 3496 5282 ὑποστάσεσιν.
3512 5247 3532 5280 ι
3552 5228 3781 5282 ’Δκουέ-

2196 5333 2275 5368 τω
2315 5318 2343 5369 ὁ
2375 5320 2560 5385 νήφων
2606 5316 2702 5369 τοῦ
2739 5315 3054 5386 μεθύοντος,
3090 5317 3231 5387 άπερ
3266 5318 3295 5370 ὁ
3328 5319 3454 5383 νοῦς
3484 5320 3777 5391 διέκρινεν,

2196 5408 2283 5463 διὰ
2306 5407 2400 5461 τοῦ
2427 5408 2696 5476 στόματος
2722 5410 3096 5481 ἐφανέρωσεν,
3122 5411 3206 5463 ὅτι
3230 5412 3287 5464 αἱ
3315 5412 3416 5465 δύο
3441 5413 3779 5476 ὑποστάσεις

2196 5501 2258 5554 ού
2303 5500 2712 5571 μετεϐλήθησαν
2753 5503 2848 5555 καὶ
2900 5502 3041 5555 κατὰ
3093 5503 3192 5570 τὴν
3247 5503 3464 5567 ἕνωσιν,
3517 5501 3637 5554 ἀλλ’
3666 5503 3781 5555 εἰσὶ

2196 5589 2310 5645 δύο.
2358 5586 2491 5644 Εἶτα
2525 5590 3030 5662 ἐπασφαλιζόμενος
3080 5591 3254 5644 ταῦτα
3293 5592 3473 5656 οὕτως
3514 5591 3686 5664 ἔχειν,
3716 5595 3779 5646 ἐν

2198 5682 2334 5752 αὐτῇ
2375 5684 2441 5753 τῇ
2487 5681 2654 5753 βίϐλῳ
2688 5682 2871 5752 λέγει·
2925 5702 2942 5735 ι
2977 5681 3085 5753 Τὴν
3115 5686 3182 5755 τῇ
3210 5683 3411 5756 θεωρίᾳ
3447 5684 3614 5757 μόνον
3640 5683 3780 5741 δια-
