3958 6288
223 351 336 418 937

1261 357 1626 418 EPISTOIA
1661 356 1759 417 DE
1798 354 2100 418 DUABUS
2139 357 2498 422 NATURIS-

2255 222 2416 237 ’.κ-’¹”

3386 365 3494 430 938

222 461 565 542 κρινομένην
597 463 727 535 μίαν
757 464 1056 520 ὑπόστασιν
1081 465 1174 520 τοῦ
1206 466 1340 521 Θεοῦ
1364 469 1559 536 Λόγου,
1592 471 1685 522 καὶ
1717 467 1784 540 τὴ

1885 513 1890 525 .
1920 467 2237 540 hypostasin
2273 472 2458 526 carnis
2485 472 2859 544 intelligenter
2887 475 3141 530 animatae
3171 485 3226 531 et
3263 491 3330 530 ex
3357 477 3489 532 Dei-

225 557 363 627 μίαν
385 556 682 611 ὑπόστασιν
717 557 818 628 τῆς
855 559 1218 631 ὲψυχωμένης
1243 563 1467 632 νοερῶς,
1497 562 1590 616 καὶ
1623 563 1686 615 ὲκ
1713 563 1810 632 τῆς

219 647 496 702 Θεοτόκου
535 648 831 720 ληφθείσης
865 652 1068 720 σαρκὸς
1097 653 1155 706 ὲν
1192 656 1259 724 τῇ
1293 654 1539 708 συνθέσει
1574 670 1811 706 σκοπου-

225 741 399 808 μένας
419 740 832 806 ἀναλλοιώτους,
875 747 970 796 καὶ
993 743 1255 814 μεινάσας
1276 745 1432 798 τοῦτο
1458 745 1595 816 ὅπερ
1615 745 1802 798 είσίν.»

219 830 290 884 ΕΞ
327 832 429 902 μὲν
464 831 533 886 τὰ
569 833 963 904 διακρινόμενα
1000 839 1066 907 τῇ
1104 835 1329 908 θεωρίᾳ,
1361 840 1428 910 τῇ
1471 837 1676 909 θεωρία
1713 837 1809 906 μό-

217 939 315 977 νον
342 924 437 976 καὶ
469 924 803 994 ὑφίστασθαι
857 928 1028 996 λέγει,
1069 931 1245 984 πάντα
1286 931 1582 998 φαντασίαν
1629 926 1806 984 οἷδενο

218 1016 272 1067 εἰ
308 1013 365 1068 δὲ
402 1015 458 1068 αἱ
491 1017 821 1078 ὑποστάσεις
865 1018 1146 1080 οὑσιὼδεις
1187 1018 1318 1084 εἰσὶ,
1366 1017 1460 1072 δύο
1490 1018 1678 1081 οὐσίας
1716 1019 1806 1072 λέ-

217 1121 338 1173 γων
368 1105 462 1158 τοῦ
498 1107 544 1160 Χ
553 1105 763 1176 ριστοῢ,
798 1107 849 1160 τί
886 1108 1118 1180 φλυαρεῖ
1143 1109 1484 1180 λογομαχῶν,
1511 1109 1608 1162 καὶ
1637 1109 1806 1180 μηδὲν

215 1193 353 1246 ἄλλο
389 1193 533 1247 οὕτω
587 1195 771 1258 καλῶς
821 1195 1000 1260 εἰδὼς,
1035 1197 1110 1261 ὠς
1147 1198 1207 1250 τὸ
1251 1197 1438 1261 κακῶς
1469 1197 1649 1266 λέγειν
1678 1198 1804 1262 τοὺς

215 1282 477 1351 λέγοντας
515 1283 610 1336 δύο
637 1285 830 1354 φύσεις
860 1287 937 1349 ὼς
965 1288 1058 1339 καὶ
1097 1287 1277 1352 αὐτὸς,
1305 1289 1397 1341 κοιλ¹
1429 1289 1503 1358 μὴ
1534 1287 1804 1358 διαιροῦν-

212 1390 318 1438 τας
345 1375 768 1445 πραγματικῶς,
799 1377 934 1431 ἀλλὰ
965 1379 1345 1432 κατ’ὲπίνοιαν
1378 1379 1536 1448 μόνον
1567 1395 1582 1444 ;

289 1465 547 1536 Εὑρίσκω
584 1467 638 1519 δὲ
681 1467 926 1538 Σευῆρον
955 1467 1048 1521 δύο
1101 1469 1201 1540 μὲν
1248 1468 1440 1540 φύσεις
1488 1469 1669 1522 είδότα
1707 1468 1801 1524 τὸν

219 1559 456 1626 Χριστὸν
489 1557 613 1611 καθ’
653 1559 888 1631 ὓπαρξιν
917 1561 1069 1631 μίαν,
1099 1563 1227 1632 μίαν
1257 1560 1312 1614 δὲ
1342 1561 1569 1629 λέγοντα
1596 1561 1800 1627 ταύτας

213 1649 493 1722 φαντασίᾳ
534 1652 628 1703 καὶ
665 1652 829 1722 μόνον
879 1655 973 1706 ἐπὶ
1021 1656 1373 1724 καταστροφῇ
1403 1653 1510 1706 τῶν
1537 1653 1798 1724 πειθομέ-

210 1759 325 1797 νων
363 1746 533 1815 αὑτῷ.
579 1747 641 1799 Εἰ
689 1746 800 1814 γὰρ
831 1748 889 1800 ἐν
922 1749 988 1816 τῇ
1033 1746 1284 1800 συνθέσει
1315 1747 1538 1818 ἔμειναν
1575 1749 1632 1800 αἱ
1666 1747 1797 1801 ὑπο·

213 1836 436 1902 στάσεις
471 1839 609 1906 ὅπερ
638 1839 798 1903 εἰσιν,
841 1841 949 1892 sict
980 1840 1036 1892 δὲ
1075 1839 1186 1899 δύο,
1216 1840 1313 1893 καί⁵
1338 1840 1590 1910 οὐδαμῶς
1632 1857 1798 1910 μετα-

209 1926 503 1998 ϐέϐληνται
529 1931 606 2002 μὴ
633 1930 772 1984 εἶναι
812 1931 926 1996 δύο,
955 1933 1050 1985 καὶ
1074 1934 1192 1995 ταῖς
1234 1933 1563 1985 ὑποστάσεσι
1594 1932 1689 1987 καὶ
1718 1933 1798 2004 τῷ

208 2018 290 2088 νῷ
325 2018 656 2089 θεωροῦνται
694 2021 810 2085 δύο,
851 2021 1119 2090 πρόδηλον
1150 2022 1234 2076 ὅτι
1261 2023 1404 2076 κατά
1436 2023 1537 2091 τὴν
1576 2023 1794 2080 ἕνωσιν.

208 2104 373 2159 οὕτω
398 2107 507 2178 γάρ
541 2109 690 2161 ἐστιν
721 2110 781 2161 ὲν
815 2112 882 2179 τῇ
913 2111 1181 2174 συνθέσει,
1211 2111 1306 2162 κει.)⁵
1331 2109 1441 2163 είσὶ
1470 2110 1591 2164 καθ’
1622 2109 1794 2184 ὕπαρ·

209 2197 316 2263 ειν,
349 2200 444 2251 καὶ
477 2199 811 2253 σκοποῦνται
835 2202 973 2272 ὅπερ
1001 2202 1130 2264 είσὶ,
1165 2203 1260 2254 καὶ
1288 2201 1642 2272 ὀνομάζονται
1671 2206 1792 2258 κατ’

204 2289 374 2345 αὑτὸν
412 2291 654 2362 Σευῆρον
679 2293 752 2364 ’ἡ
802 2292 859 2346 δὲ
897 2293 1168 2364 λεγομένη
1211 2293 1310 2364 μία
1357 2292 1542 2362 φύσις,
1580 2295 1793 2365 ἐπινοίᾳ

209 2384 396 2454 μόνον,
437 2385 804 2458 ἀληθέστερον
834 2385 880 2439 δ’
903 2389 1078 2441 εἰπεῖν
1112 2387 1338 2457 ὑπονοίᾳ
1365 2385 1668 2457 ἀνθρώπων
1697 2387 1792 2442 καὶ

204 2477 554 2548 ἀναπλασμῷ
597 2477 813 2547 λέγεται
857 2479 978 2550 μὲν,
1031 2479 1145 2532 ἔστι
1215 2479 1270 2532 δὲ
1317 2479 1487 2532 οὐδέν.
1533 2477 1638 2532 Δύο
1679 2478 1790 2549 γὰρ

203 2567 401 2635 λόγους
436 2569 570 2639 περὶ
599 2569 692 2622 τοῦ
741 2569 908 2623 αὑτοῦ
955 2569 1282 2641 πράγματος
1310 2569 1586 2633 ἐναντίους
1619 2569 1787 2640 ἀλλή-

201 2657 341 2726 λοις,
374 2661 598 2734 ἀληθεῖς
626 2657 790 2728 εἶναι,
835 2662 998 2734 φύσιν
1023 2663 1123 2716 οὑκ
1153 2661 1286 2734 ἔχει.

273 2837 339 2894 El
363 2839 421 2894 δέ
447 2857 529 2906 τις
567 2843 713 2896 εῐποι
753 2843 836 2896 ὅτι
868 2843 961 2896 καὶ
996 2844 1093 2898 δύο
1139 2844 1247 2899 εἰσὶ
1285 2843 1379 2898 καὶ
1412 2845 1532 2914 μία,
1569 2842 1646 2907 ὡς
1681 2845 1780 2915 μὲν

203 2933 350 3004 μέρη
380 2933 534 2998 ὅλου,
569 2935 665 2988 καὶ
711 2934 787 2998 ὡς
840 2936 1162 2988 συστατικαὶ
1211 2935 1651 3006 ἀποτελέσματος
1690 2935 1784 2989 δύο

203 3024 342 3079 εἰσιν
367 3041 382 3056 ⁶
430 3027 550 3080 οὑδὲ
582 3027 690 3098 γὰρ
735 3026 1010 3098 ἐνδέχεται
1055 3029 1116 3081 τὸ
1154 3029 1504 3098 ἀποτέλεσμα
1543 3027 1680 3082 εἷναί
1705 3047 1780 3091 τι,

201 3120 252 3172 εί
301 3118 375 3188 μὴ
413 3121 470 3172 al
509 3121 835 3172 συστατικαὶ
864 3119 1029 3172 αὑτοῦ
1067 3119 1320 3191 μένουσιν
1346 3137 1358 3149 ·
1413 3120 1534 3174 οὑδὲ
1571 3120 1632 3173 τὸ
1659 3121 1778 3174 ὅλον
1805 3144 1846 3202 c

199 3205 338 3262 εἶναι
369 3210 506 3274 ὅλον,
536 3211 584 3263 εἰ
616 3210 692 3281 μὴ
723 3211 791 3264 τά
824 3211 968 3282 μέρη
1004 3212 1253 3282 μένουσιν
1273 3228 1287 3242 ·
1334 3212 1409 3274 ὡς
1438 3211 1494 3264 δὲ
1531 3212 1651 3266 ὅλον
1687 3213 1778 3266 καὶ

197 3297 274 3362 ὡς
309 3301 677 3370 ἀποτέλεσμα,
715 3301 812 3368 μία
839 3304 1000 3370 φύσις
1029 3303 1198 3356 ἐστίν.
1243 3302 1516 3356 Ἀκουέτω
1548 3305 1575 3356 6
1603 3304 1779 3357 τοιοῦ-

196 3407 307 3457 τος,
342 3393 514 3445 ὅτιού
561 3394 719 3445 τοῦτο
749 3393 1032 3462 βούλονται
1079 3395 1127 3446 οἱ
1177 3393 1466 3461 δίγλωσσοι
1516 3394 1700 3464 ὄφεις·
1744 3395 1776 3467 ῆ

195 3483 306 3554 γάρ
359 3483 426 3535 ἂν
476 3483 712 3554 φορητὸν
757 3478 844 3554 ἦν.
895 3484 1038 3536 Ἀλλ’
1086 3485 1177 3537 ἐπ’
1207 3483 1486 3554 ἀναιρέσει
1531 3484 1638 3538 τῶν
1686 3483 1779 3538 δύο

195 3574 295 3646 τὴν
329 3575 455 3646 μίαν
486 3577 578 3629 καὶ
609 3576 918 3647 ἐπενόησαν
965 3577 1062 3630 καὶ
1109 3577 1529 3648 προϐάλλονται.
1568 3578 1660 3631 Διὸ
1686 3579 1778 3632 καὶ

195 3666 660 3737 ἀναθεματίζουσι
697 3667 826 3731 τοὺς
857 3668 1116 3736 λέγοντας
1150 3668 1242 3722 δύο
1291 3669 1482 3738 φύσεις
1514 3669 1649 3739 μετά
1678 3670 1776 3740 τὴν

195 3756 408 3810 ἕνωσιν·
444 3756 624 3809 καίτοι
647 3772 712 3824 γε
741 3759 806 3828 τῇ
840 3756 1132 3828 ἀκολουθίᾳ.
1153 3758 1260 3810 τῶν
1277 3759 1619 3828 πραγμάτων
1653 3777 1776 3812 συν-

195 3847 546 3916 ελαυνόμενοι
593 3846 773 3914 λέγειν
806 3847 901 3900 καὶ
940 3848 1093 3900 αὐτοὶ
1123 3848 1381 3912 πολλάκις
1420 3849 1514 3902 δύο
1560 3850 1773 3918 φύσεις,

194 3937 270 4000 ὼς
303 3938 698 3992 ἀποδέδεικται.
727 3939 874 4008 Πλὴν
900 3939 974 3999 ὡς
999 3938 1101 4010 ἔφη
1122 3941 1150 3992 ὁ
1179 3941 1446 4012 μακάριος
1475 3941 1776 4012 Γρηγόριος
1813 4009 1816 4013 ι

194 4031 225 4084 6
257 4031 540 4094 Νυσσαεὺς
591 4031 728 4100 πρὸς
769 4032 1166 4104 Ἀπολινάριονο
1207 4051 1224 4083 ι
1264 4033 1388 4097 Πῶς
1430 4033 1525 4104 μία
1573 4036 1629 4088 αι
1681 4033 1776 4088 δύο

197 4123 389 4192 φύσεις
424 4122 568 4185 εἰσί;
609 4141 627 4174 ι
669 4123 869 4188 Καθὼς
903 4124 1011 4196 γὰρ
1041 4124 1143 4196 ἔφη
1191 4126 1354 4188 αὐτος
1400 4125 1774 4197 Ἀπολινάριος

197 4213 255 4266 ὲν
283 4212 357 4281 τῷ
387 4213 531 4265 κατὰ
556 4215 912 4282 Κεφαλαίων
940 4214 1151 4285 βιϐλίῳ,
1176 4216 1204 4266 6
1235 4216 1468 4285 μάλιστα
1488 4215 1772 4287 κρατύνων
1800 4253 1807 4260 -

195 4301 288 4371 τὴν
319 4302 461 4366 λέξιν
489 4303 693 4374 ταύτην
718 4321 732 4334 ο
775 4324 792 4356 ι
824 4306 898 4358 Τὸ
926 4304 1128 4359 ἁπλοῦν
1178 4305 1238 4358 ἓν
1264 4308 1404 4368 ἐστι,
1437 4307 1499 4360 τὸ
1536 4306 1595 4359 δὲ
1641 4306 1770 4360 σύν-

194 4394 345 4448 θετον
377 4397 437 4449 οὑ
480 4395 704 4451 δύναται
749 4397 807 4450 ἒν
837 4394 999 4453 εἶναι.
1045 4416 1063 4450 ι
1097 4399 1162 4454 Εἰ
1194 4396 1288 4453 οὖν
1318 4400 1381 4452 τδ
1426 4398 1676 4454 σύνθετον
1705 4399 1768 4453 οὑ

1913 575 2045 630 para
2083 569 2378 632 assumpta:
2429 564 2486 617 in
2525 566 2915 636 conjunctione
2947 566 3263 623 itnmutatas
3303 570 3490 625 consi-

1859 645 1870 654 ’
1911 651 2094 706 derari
2139 663 2196 708 et
2233 663 2521 710 manentes
2561 655 2617 710 id
2662 658 2813 726 quod
2865 666 3016 712 sunt.
3049 677 3068 712 ι
3123 659 3279 727 Quod
3319 661 3364 716 si
3392 677 3489 718 cod-

1909 741 2177 812 gitatione
2222 744 2499 811 distincta,
2545 748 2880 818 cogitatione
2927 759 3141 806 tantum
3182 753 3487 826 subsistere

1907 833 2188 902 dicuntur,
2219 838 2402 893 omnia
2428 839 2789 910 phantasma;
2825 849 2880 896 et
2913 842 2957 898 si
3005 843 3326 915 hypostases
3355 845 3489 902 sub-

1906 928 2213 992 stantiales,
2241 928 2381 984 duas
2408 945 2669 986 asserens
2706 931 2826 1002 ipse
2858 931 3080 989 Christo
3126 935 3486 1002 substantias,

1904 1033 2005 1073 cur
2028 1027 2108 1074 tot
2136 1021 2368 1091 argutiis
2391 1032 2588 1089 certat,
2605 1025 2745 1080 nihil
2784 1026 3073 1097 antiquius
3086 1028 3299 1086 habens
3318 1047 3482 1100 quam

1903 1110 2056 1166 viros
2104 1113 2362 1169 insectari
2401 1113 2539 1171 duas
2587 1125 2835 1181 naturas,
2861 1120 3004 1174 sicut
3041 1121 3180 1190 ipse,
3214 1123 3486 1178 conﬁten-

1907 1211 2011 1268 tes,
2034 1217 2240 1273 easque
2276 1221 2387 1263 non
2441 1217 2570 1268 actu
2617 1210 2716 1266 sed
2751 1212 3086 1283 cogitatione
3134 1214 3314 1270 solum
3365 1216 3481 1272 dis-

1906 1291 2256 1364 tinguentes?

1973 1464 2215 1529 Severus
2244 1475 2490 1545 quidem,
2520 1493 2609 1535 me
2636 1480 2844 1556 iudice,
2885 1482 3028 1539 duas
3061 1494 3288 1543 naturas
3309 1505 3452 1560 agno

1899 1563 2007 1616 scit
2060 1566 2368 1622 secundum
2405 1586 2572 1626 unam
2609 1577 2932 1643 essentiam,
2971 1593 3137 1634 unam
3183 1597 3318 1636 vero
3347 1583 3483 1639 dicit

1899 1651 2022 1708 illas
2039 1654 2296 1712 simulate
2329 1666 2540 1715 tantum
2563 1672 2619 1718 et
2639 1665 2706 1719 ad
2732 1667 3042 1735 perdendos
3065 1674 3301 1729 asseclas
3326 1690 3479 1732 suos.

1899 1741 2036 1798 Nam
2079 1746 2124 1800 si
2155 1747 2207 1802 in
2243 1751 2636 1821 conjunctione
2666 1755 2789 1811 duae
2818 1757 3141 1829 hypostases
3168 1763 3223 1818 id
3264 1781 3482 1821 reman-

2669 1803 2789 1811 η..
2818 1803 3141 1829 -.πνυηωνυ
3168 1803 3223 1818 ,υ

1834 1803 2094 1889 Βεστιιηι
2142 1839 2290 1916 quod
2327 1850 2523 1908 erant,
2571 1859 2636 1900 ac
2693 1845 2820 1902 dum
2870 1861 3019 1916 sunt,
3079 1865 3137 1909 et
3195 1871 3480 1926 nunquam

1897 1923 2184 1981 desierunt
2231 1943 2353 1984 esse
2411 1931 2554 1997 dure,
2601 1943 2658 1989 et
2709 1935 3104 2008 hypostasibus
3167 1959 3232 2000 ac
3287 1923 3472 2002 mente

1897 2015 2022 2072 dum
2078 2019 2358 2087 videntur,
2413 2027 2770 2084 manifestum
2823 2042 2910 2087 est
2957 2034 3149 2090 eadem
3207 2037 3293 2092 vel
3353 2051 3478 2110 post

1895 2106 2162 2163 unionem
2206 2113 2414 2170 valere.
2469 2115 2549 2170 Ita
2596 2119 2746 2174 enim
2781 2136 2873 2178 res
2917 2139 2976 2178 se
3027 2125 3198 2182 habet
3251 2129 3310 2184 in
3345 2106 3477 2186 con-

1887 2196 2200 2268 iunctione,
2243 2219 2309 2260 ac
2352 2217 2484 2262 sunt
2528 2213 2833 2269 secundum
2874 2219 3194 2285 essentiam,
3230 2231 3286 2276 et
3321 2226 3476 2295 cogi-

1893 2295 2080 2343 tantur
2105 2293 2253 2362 quod
2288 2306 2438 2364 sunt,
2481 2308 2538 2355 et
2565 2314 2839 2361 vocantur
2857 2308 3013 2379 juxta
3038 2311 3322 2368 Severum.
3357 2293 3473 2374 Una

1891 2393 2023 2473 vero
2043 2381 2136 2437 illa
2154 2394 2376 2454 natura,
2403 2395 2741 2464 cogitatione
2767 2408 3003 2468 tantum,
3027 2413 3143 2473 aut,
3178 2415 3237 2461 ut
3266 2410 3472 2466 rectius

1889 2467 2108 2540 dicam,
2164 2481 2482 2551 conjectura
2534 2493 2748 2542 tantum
2792 2467 3069 2549 hominum
3110 2467 3167 2553 et
3207 2497 3470 2569 ﬁgmento

1888 2562 2118 2633 dicitur,
2155 2584 2345 2628 revera
2389 2575 2528 2633 nihil
2573 2588 2679 2634 est.
2712 2581 2922 2638 Natura
2957 2586 3106 2640 enim
3138 2603 3249 2643 non
3277 2589 3469 2646 datum

1888 2663 1995 2720 est,
2053 2657 2312 2717 duas'de
2366 2680 2474 2720 una
2530 2682 2590 2722 re
2627 2673 3040 2731 enuntiationes
3079 2688 3388 2750 pugnantes
3411 2692 3469 2739 et

1889 2746 2037 2802 inter
2085 2765 2142 2806 se
2180 2756 2484 2813 contrarias
2515 2759 2676 2816 simul
2719 2779 2841 2820 esse
2893 2781 3074 2824 veras.

1956 2837 2115 2904 Quod
2171 2842 2218 2896 si
2263 2847 2390 2914 quis
2425 2847 2628 2906 dixerit
2681 2852 2806 2909 illos
2851 2856 3017 2914 simul
3063 2876 3188 2918 esse
3219 2863 3356 2922 duas
3410 2878 3469 2924 et

1888 2944 2076 2996 unam,
2123 2935 2280 3004 quasi
2324 2937 2436 2996 duo
2484 2950 2615 2998 sunt
2663 2947 2827 3003 unius
2887 2950 3156 3019 membra,
3213 2968 3310 3012 aut
3343 2959 3466 3016 dua:

1885 3033 2074 3091 partes
2105 3041 2222 3081 rem
2253 3045 2417 3112 unam
2454 3048 2882 3107 componentes;
2919 3051 2980 3095 ut
3013 3046 3161 3100 enim
3200 3049 3337 3104 nihil
3379 3061 3466 3108 est

1885 3127 1977 3168 res
2017 3120 2321 3187 composita
2347 3122 2451 3178 nisi
2480 3135 2662 3195 partes
2688 3141 2976 3200 maneant;
3009 3151 3113 3190 nec
3149 3146 3322 3194 totum
3348 3141 3464 3212 jam

1880 3212 1966 3258 est
2003 3213 2200 3273 totum,
2253 3212 2361 3268 nisi
2403 3216 2650 3272 membra
2699 3222 3018 3292 persistant,
3061 3226 3137 3284 ita
3179 3233 3345 3288 etiam
3392 3237 3463 3291 de

1881 3311 1988 3349 una
2043 3307 2244 3357 natura
2276 3305 2460 3362 valere
2488 3323 2502 3362 :
2531 3309 2720 3366 audiat
2751 3313 2875 3380 iste,
2904 3333 3013 3373 non
3049 3318 3155 3376 hoc
3184 3323 3288 3378 sibi
3319 3327 3460 3383 velle

1880 3386 2157 3482 bilingues
2193 3407 2520 3466 serpentes;
2553 3401 2699 3470 quod
2733 3403 2880 3459 enim
2930 3407 3062 3464 ferri
3115 3424 3318 3482 posset.
3351 3416 3456 3474 Sed

1878 3478 2097 3538 duabus
2139 3490 2623 3557 evanescentibus,
2665 3511 2828 3551 unam
2871 3478 3191 3574 excogitant
3220 3517 3277 3562 ct
3320 3525 3457 3566 con-

1881 3568 2118 3628 ﬁrmant.
2191 3577 2541 3652 Quapropter
2594 3585 2760 3640 etiam
2827 3603 2924 3644 eos
2981 3568 3455 3655 anathematizant

1877 3662 1970 3730 qui
2014 3663 2151 3720 duas
2196 3676 2424 3727 naturas
2467 3681 2591 3742 post
2620 3675 2883 3732 unionem
2920 3680 3144 3752 dicunt;
3186 3688 3316 3743 licet
3349 3692 3452 3762 ipsi

1877 3767 2062 3813 rerum
2103 3757 2155 3810 vi
2210 3760 2410 3829 saepius
2447 3776 2716 3834 cogantur
2742 3767 2882 3824 duas
2914 3779 3141 3830 naturas
3169 3757 3450 3850 proﬁteri;

1880 3845 1957 3897 uti
1985 3846 2282 3914 probatum
2317 3860 2421 3906 est.
2448 3853 2719 3913 Caeterum
2746 3869 2805 3914 ut
2832 3860 3130 3934 Gregorius
3170 3845 3452 3943 Nyssenus

1873 3934 1942 3988 ad
1974 3937 2354 4007 Apolinarium
2395 3944 2534 3999 dixit
2561 3965 2574 4001 :
2607 3967 2625 4000 ι
2655 3950 2945 4016 Quomodo
2979 3959 3150 4030 igitur
3193 3934 3317 4018 dua:
3348 3981 3449 4020 na-

1877 4035 2014 4083 turae
2050 4045 2159 4084 una
2201 4035 2370 4088 sunt?
2405 4054 2425 4088 ι
2467 4037 2602 4092 Nam
2639 4040 2854 4098 dixerat
2900 4048 3016 4117 ipse
3053 4051 3444 4122 Apolinarius:

1881 4136 1899 4169 ι
1936 4117 2394 4190 Simplexunum
2431 4135 2536 4192 est,
2567 4135 2937 4201 compositum
2969 4155 3101 4195 vero
3128 4159 3298 4198 unum
3323 4162 3446 4204 esse

1870 4209 2084 4280 nequit.
2117 4230 2134 4263 ι
2183 4212 2238 4268 Si
2273 4231 2405 4287 ergo
2443 4221 2809 4290 compositum
2860 4244 3029 4284 unum
3072 4247 3194 4288 esse
3225 4240 3440 4307 nequit,

1870 4310 1926 4357 et
1974 4320 2105 4360 vere
2153 4308 2519 4377 compositum
2546 4313 2640 4378 sit,
2667 4316 2814 4384 quod
2844 4333 2911 4372 ex
2958 4319 3178 4380 duobus
3204 4339 3442 4397 constat,

1823 4385 1841 4464 '\
1871 4396 2020 4464 quod
2085 4396 2197 4453 duo
2257 4401 2313 4455 in
2360 4405 2661 4474 semetipso
2709 4412 3131 4480 complectitur,
3180 4433 3357 4488 caque
3413 4441 3444 4478 e

191 4487 412 4541 δύναται
450 4488 508 4541 ἓν
537 4487 699 4554 εἶναι,
750 4491 872 4543 ἐπεὶ
904 4489 1114 4562 [forsan
1159 4491 1400 4563 ἀληθῶς]
1431 4492 1614 4546 οὐκέτι
1643 4491 1766 4546 σύν-

1885 4485 2078 4554 ;uibus
2145 4499 2384 4557 constat,
2423 4496 2703 4562 quomodo
2758 4515 2930 4554 unum
2976 4513 3159 4574 potest
3215 4485 3337 4566 esse
3388 4525 3444 4568 et

189 4580 362 4643 θετον,
408 4581 472 4633 τὸ
526 4583 591 4633 ἐκ
647 4582 739 4634 δύο
797 4583 1176 4651 συγκείμενον,
1210 4583 1302 4638 καὶ
1329 4582 1452 4652 ἕχον
1480 4583 1550 4636 τὰ
1577 4582 1672 4636 δύο
1708 4585 1766 4637 ἐν

189 4673 384 4743 ἑαυτῷ,
413 4675 508 4727 καὶ
535 4675 711 4729 ταῦτα
747 4674 806 4728 ὃν
837 4675 982 4746 ειπερ
1009 4676 1306 4746 συνέθηκεν
1335 4677 1492 4740 αὐτὸ,
1525 4676 1642 4740 πῶς
1671 4676 1766 4731 δῦ-

190 4779 344 4815 ναται
375 4763 433 4816 ἓν
463 4762 604 4819 εἶναι
633 4765 730 4818 καὶ
755 4765 1032 4833 λέγεσθαι,
1063 4767 1112 4819 εί
1154 4767 1228 4836 μή
1268 4765 1325 4818 τί
1357 4782 1418 4834 γε
1450 4764 1764 4836 προσὼπῳ;

191 4853 280 4905 Διὸ
314 4854 494 4918 καλῶς
544 4856 830 4925 εἰρήκασιν
878 4857 928 4908 οί
975 4856 1241 4927 Πατέρες,
1294 4855 1386 4909 δύο
1434 4855 1534 4924 μὲν
1577 4855 1768 4925 φύσεις

189 4933 328 4990 εἶναι
361 4939 451 4992 τὸν
478 4941 736 5012 Χριστὸν,
772 4941 862 4996 διὰ
911 4943 974 4994 τὸ
1018 4942 1080 5007 ἐξ
1111 4942 1291 4997 αὐτῶν
1322 4944 1643 4997 συνεστᾶναι
1674 4943 1768 4997 καὶ

189 5029 529 5098 συγκεῖσθαι,
563 5034 662 5084 καὶ
703 5032 878 5087 ταῦτα
911 5029 1072 5087 εἶναι.
1106 5034 1248 5088 Αὑτὺ
1293 5034 1348 5088 δὲ
1380 5034 1441 5090 τὸ
1485 5035 1761 5101 σύνθετον,

183 5120 242 5173 οὑ
287 5120 409 5173 καθ’
439 5121 468 5174 ὃ
495 5121 753 5176 σύνθετόν
784 5124 958 5189 ἐστιν,
989 5125 1124 5177 ἀλλά
1157 5124 1282 5178 καθ’
1313 5125 1342 5178 ὃ
1380 5126 1757 5194 ἀποτέλεσμα,

183 5210 238 5264 ἓν
267 5213 580 5281 πρόσωπον.
613 5214 734 5268 Ἵνα
759 5217 911 5286 μήτε,
937 5218 1008 5272 τὰ
1036 5217 1096 5283 ἐξ
1123 5212 1197 5273 ὧν
1229 5219 1512 5284 ἀνέλωσιν,
1541 5219 1658 5272 ἀλλ’
1681 5219 1759 5282 ὡς

183 5305 300 5359 καθ’
332 5305 567 5377 ὕπαρξιν
628 5296 863 5378 μένοντα
931 5313 1028 5366 καὶ
1078 5310 1484 5381 ὲξονομάσωσι,
1523 5314 1619 5365 καὶ
1659 5312 1757 5384 τὴν

180 5396 380 5452 τούτων
415 5403 494 5462 είς
525 5403 755 5471 ἑνότητα
778 5403 896 5474 ἤτοι
928 5405 1009 5467 είς
1035 5403 1094 5458 ἓν
1131 5405 1424 5476 πρόσωπον
1454 5404 1757 5477 συνδρομὴν

1869 4577 1999 4651 dici,
2028 4580 2137 4636 nisi
2168 4585 2445 4652 persona?
2466 4585 2638 4654 Quam
2679 4590 2751 4645 ob
2780 4607 2894 4648 rem
2929 4597 3148 4669 egregie
3182 4601 3444 4660 dixerunt

1867 4669 2082 4737 Patres,
2136 4673 2277 4730 duas
2322 4691 2446 4732 esse
2494 4676 2776 4736 Christum
2811 4693 3056 4754 naturas,
3085 4691 3215 4761 quia
3262 4710 3326 4750 ea
3357 4710 3443 4754 est

1867 4774 1934 4816 ex
1984 4762 2190 4831 quibus
2231 4775 2469 4832 constat,
2519 4776 2575 4824 et
2607 4773 2893 4842 consistit;
2935 4794 3026 4834 res
3074 4790 3258 4839 autem
3292 4801 3443 4841 com-

1867 4853 2045 4921 posita
2087 4869 2198 4909 non
2233 4856 2287 4910 in
2315 4867 2582 4926 quantum
2613 4868 2916 4933 composita
2947 4870 3042 4925 sed
3079 4872 3134 4926 in
3171 4886 3440 4944 quantum

1865 4958 1956 5000 res
1983 4953 2091 5011 est,
2140 4962 2432 5016 personam
2479 4966 2642 5006 unam
2679 4954 2865 5012 ellicit.
2914 4959 2991 5014 lta
3025 4973 3138 5017 non
3172 4966 3441 5022 tolluntur

1863 5049 1928 5089 ea
1976 5049 2008 5089 e
2054 5036 2282 5105 quibus,
2309 5039 2403 5092 sed
2442 5041 2958 5108 quoadiessentiam
2999 5062 3226 5107 manent
3267 5063 3444 5110 etvo—

1867 5136 2100 5192 cantur,
2161 5136 2220 5183 et
2279 5145 2553 5187 concursu
2607 5149 2710 5190 suo
2767 5139 3035 5196 unitatem
3088 5158 3185 5198 seu
3248 5162 3440 5221 perso:

1867 5233 1992 5273 nam
2030 5233 2195 5273 unam
2225 5219 2442 5276 allicere
2488 5234 2811 5281 censentur.
2845 5227 2980 5282 Nam
3023 5242 3228 5299 partes,
3272 5219 3440 5290 totius

1866 5318 2051 5382 partes
2108 5311 2390 5377 vocandae,
2434 5319 2612 5368 totum
2664 5331 2774 5372 non
2823 5333 2952 5389 pars
2995 5321 3311 5392 dicendum,
3343 5328 3436 5382 scd

1865 5411 2040 5458 totum
2052 5443 2065 5458 .

179 5489 573 5565 όμολογήσωσι.
609 5498 703 5550 Δεῖ
744 5498 853 5569 γάρ
889 5498 986 5552 καὶ
1035 5498 1106 5553 τά
1147 5499 1289 5572 μέρη
1358 5498 1453 5552 τοῦ
1493 5497 1617 5553 ὅλου
1651 5500 1793 5570 μέρη
1831 5497 2220 5569 ὀνομάζεσθαι,
2254 5496 2346 5550 καὶ
2407 5498 2470 5551 τὸ
2507 5499 2630 5554 ὅλον
2675 5501 2750 5574 μὴ
2793 5503 2960 5576 μέρος
2999 5505 3274 5575 λέγεσθαι,
3300 5509 3437 5564 ἀλλά

177 5580 316 5639 ὅλον.

245 5674 306 5728 Ei
329 5674 386 5728 δὲ
413 5678 471 5729 al
504 5675 599 5731 δύο
629 5677 821 5747 φύσεις
850 5679 949 5750 μία
977 5678 1286 5750 γεγόνασιν,
1318 5683 1616 5757 ἑτεροφυὴς
1645 5685 1754 5755 ἄρα

1924 5667 2156 5737 ὒηοδυε
2193 5691 2378 5741 autem
2424 5689 2639 5746 naturis
2677 5706 2841 5747 unam
2875 5692 3274 5764 efficientibus,
3301 5697 3440 5758 alio-

178 5765 321 5819 δστὶν
350 5766 510 5837 αὕτη,
535 5768 612 5833 ὡς
640 5771 668 5822 6
694 5771 962 5841 μακάριος
984 5773 1252 5842 Κύριλλος
1273 5774 1374 5847 εφη
1399 5776 1457 5829 ἓν
1484 5774 1562 5847 τῷ
1586 5776 1744 5832 Κατὰ

1885 5774 2051 5848 dgcna
2094 5775 2382 5844 hac_erit.
2431 5790 2493 5837 ut
2540 5783 2617 5840 ait
2667 5783 2878 5861 heatus_
2906 5785 3146 5861 Cyrilius
3190 5789 3248 5849 ln
3289 5790 3436 5852 ἤδη

409 5863 680 5930 Ρηιιοι..
713 5867 827 5929 Gtt.
862 5869 1212 5934 LXXXVI.

3038 5884 3115 5949 30
