3958 6288
511 313 616 375 939

1708 317 2144 404 _EUSTATHI~I
2185 319 2528 382 MONACHI

3667 315 3769 381 βω

508 431 773 485 Adversus
805 427 1144 500 Syttnsimtas
1167 444 1179 481 :
1204 426 1509 498 alienigena
1537 445 1668 485 vero
1697 429 1741 484 si
1768 439 1853 485 est
1881 438 2079 499 praeter

2185 432 2676 486 Συνουσιαστῶν.
2733 431 3066 504 Ἐτεροφυὴς
3126 431 3182 485 δὲ
3231 425 3370 488 οὖσα
3416 433 3570 503 παρὰ
3606 433 3673 486 τὰ
3713 433 3768 499 ἐξ

499 541 573 590 ca
600 541 632 579 c
655 523 859 594 quibus
891 530 1130 587 constat,
1171 521 1278 576 hoc
1307 529 1392 576 est
1423 529 1624 592 prater
1652 521 1996 577 divinitatem
2027 531 2084 578 et

509 616 929 678 humanitatem,
981 629 1137 676 sane,
1191 613 1272 668 uti
1314 613 1428 683 jam
1481 628 1646 684 supra
1687 613 1956 668 adversus
1989 627 2084 668 eos

507 710 718 764 dictum
762 717 870 769 est,
921 707 1032 774 jam
1077 721 1188 760 non
1223 704 1331 759 erit
1379 705 1523 760 Deus
1567 705 1850 771 Christus,
1902 720 2084 775 neque

500 801 693 865 homo,
722 814 905 868 neque
929 813 1036 852 una
1067 812 1098 851 c
1124 796 1304 851 tribus
1327 795 1616 866 personis;
1639 809 1820 865 neque
1849 795 2082 864 Deipara

506 891 692 960 Virgo,
734 906 916 958 neque
951 889 1195 943 Trinitas
1233 887 1343 942 erit
1395 886 1662 950 Trinitas,
1708 886 1804 941 sed
1845 886 2083 942 dualitas

499 961 712 1055 potius.
762 982 898 1036 Nam
956 981 1130 1036 Filius
1177 979 1496 1034 incarnatus
1543 988 1600 1034 et
1651 978 1756 1034 hac
1802 977 1870 1032 de
1915 993 2079 1032 causa

507 1083 704 1128 natura
763 1072 1070 1142 alienigena
1125 1070 1306 1126 factus
1373 1079 1574 1140 praeter
1605 1081 1859 1125 naturam
1900 1071 2082 1124 Patris

505 1175 562 1220 et
621 1165 799 1220 sancti
862 1165 1104 1236 Spiritus
1163 1162 1445 1234 quomodo
1495 1163 1580 1218 eis
1621 1162 2082 1216 annumerabitur

505 1253 713 1323 quibus
747 1269 862 1308 non
903 1262 989 1309 est
1040 1250 1576 1307 consubstantialis?
1613 1251 1828 1306 Abeant
1874 1251 1930 1303 in
1973 1249 2079 1304 Le-

507 1342 712 1396 thazum
795 1341 1119 1398 barathrum
1195 1339 1430 1396 istorum
1482 1355 1614 1397 vere
1677 1339 2078 1411 Acephalorum

505 1432 755 1504 ineptiae!

575 1526 688 1581 Nos
731 1525 902 1594 igitur
930 1534 1248 1582 sanctorum
1279 1525 1507 1582 Patrum
1545 1525 1794 1596 vestigiis
1842 1523 2077 1581 insecuti

392 1624 398 1629 '
504 1616 797 1671 veritatem
825 1615 1152 1681 dicentium,
1187 1618 1596 1689 proﬁtebimur,
1627 1616 1908 1672 Christum
1940 1617 2080 1671 duas

502 1727 628 1768 csse
672 1720 906 1766 .naluras
955 1719 1012 1766 et
1064 1727 1231 1766 unam
1276 1725 1592 1782 personam.
1641 1710 1777 1764 Nam
1829 1709 1966 1764 duas
2019 1709 2076 1764 in

2182 517 2258 578 ὧν
2289 527 2542 596 συνέστη,
2577 525 2829 580 τουτέστι
2860 527 3012 598 παρὰ
3035 525 3134 598 τὴν
3160 526 3394 598 θεότητα
3433 527 3531 581 καὶ
3552 529 3653 595 τὴν
3674 532 3765 581 ἁν-

2186 615 2535 688 θρωπότητα,
2568 619 2982 690 ἀναντιῤῥήτως
3013 621 3134 672 κατ’
3159 618 3381 681 αὐτοὺς.
3401 619 3478 682 ὠς
3509 621 3605 673 καὶ
3629 621 3764 674 am.

2181 710 2327 781 τέρω
2353 710 2594 782 εἴρηται,
2633 709 2756 764 οὗτε
2787 712 2922 775 Θεός
2960 712 3107 766 ἔστιν
3133 714 3162 764 6
3202 711 3464 782 Χριστὸς,
3495 710 3622 764 οὕτε
3673 712 3762 766 ﬁve

2183 798 2422 870 θρωπος.
2453 799 2577 854 οὔτε
2597 795 2677 862 είς
2701 803 2800 873 τῆς
2829 801 3082 872 Τριάδος,
3111 799 3234 854 οὕτε
3261 799 3528 865 Θεοτόκος
3553 800 3589 872 ἦ
3623 802 3762 871 [lap-

2182 888 2366 956 θένος.
2403 889 2526 945 οὔτε
2559 891 2732 964 Τριὰς
2765 894 2800 962 ἡ
2843 891 3037 963 Τριὰς,
3078 891 3216 945 ἀλλὰ
3261 891 3466 963 μᾶλλον
3509 891 3662 955 δυάς.
3709 891 3764 944 '0

2181 981 2290 1051 γὰρ
2329 982 2458 1047 Υίδς
2490 984 2818 1055 σαρκωθεὶς,
2851 985 2946 1038 καὶ
2978 983 3068 1037 διὰ
3111 983 3274 1037 τοῦτο
3309 984 3409 1054 μία
3443 982 3609 1051 φύσις
3646 985 3763 1038 ἔτει

2181 1074 2387 1144 ροφυὴς
2441 1076 2757 1145 γενόμενος,
2804 1078 2956 1148 παρὰ
2999 1076 3098 1147 τὴν
3122 1075 3224 1130 ποῦ
3258 1077 3475 1147 Πατρδς
3525 1079 3622 1132 καὶ
3669 1077 3760 1132 τοῦ

2180 1161 2338 1228 ἁγίου
2389 1162 2728 1232 ηνεύματος,
2783 1165 2900 1228 πῶς
2954 1165 3503 1236 συναριθμηθήσεται
3555 1165 3764 1226 τούτοις

2179 1245 2261 1314 οἷς
2285 1253 2386 1306 οὐκ
2411 1250 2558 1308 ἐστιν
2580 1255 2909 1334 ῥμοούσιοςς
2942 1257 3037 1320 Εἰς
3064 1257 3126 1311 τὸ
3155 1257 3257 1324 τῆς
3287 1258 3462 1328 λήθης
3489 1258 3674 1329 χάσμα
3699 1259 3762 1311 τὰ

2178 1341 2411 1398 τοιαῦτα
2437 1343 2734 1418 ληρήματα
2770 1347 2878 1402 τῶν
2910 1345 3090 1411 οὕτως
3133 1347 3480 1416 Ἀκεφάλων.

2261 1523 2552 1597 Ἐπόμενοι
2583 1521 2676 1582 οὖν
2697 1526 2874 1595 ἁγίοις
2908 1527 3190 1600 Πατράσιν
3222 1528 3484 1600 ἀλήθειαν
3518 1527 3758 1597 λαλοῦσι,

2179 1617 2272 1672 δύο
2325 1619 2428 1690 μὲν
2483 1619 2676 1690 φύσεις
2713 1621 2950 1694 ἐροῦμεν
3000 1618 3140 1676 εἶναι
3173 1623 3266 1676 τὸν
3323 1624 3584 1693 Χριστὸν,
3623 1624 3682 1678 ἓν
3709 1625 3760 1680 δι

2182 1709 2496 1782 πρόσωπον.
2525 1712 2694 1766 Οὐδὲν
2728 1712 2838 1782 γὰρ
2867 1712 2998 1766 ἄλλο
3024 1713 3141 1767 ἐστὶ
3166 1711 3224 1766 τὸ
3246 1713 3427 1782 λέγειν
3449 1713 3545 1768 δύο
3577 1715 3760 1784 φύσεις

501 1801 728 1862 Christo
772 1801 1028 1858 conﬁteri
1070 1809 1318 1868 naturas,
1354 1802 1434 1856 nil
1461 1801 1611 1855 aliud
1642 1811 1727 1856 est
1758 1816 1921 1870 quam
1949 1815 2076 1854 cum

2183 1803 2276 1856 ἐπὶ
2297 1801 2561 1874 Χριστοῦ,
2587 1803 2620 1875 ἢ
2648 1804 2786 1874 ὅπερ
2813 1803 2964 1874 λέγει
3000 1807 3097 1860 καὶ
3126 1806 3368 1877 Σευῆρος
3395 1808 3425 1859 6
3464 1805 3762 1875 δίγλωσσος

503 1896 626 1964 ipso
670 1893 878 1951 Severo
901 1893 1132 1965 bilingui
1155 1903 1414 1965 serpente
1459 1907 1732 1956 asserere,
1755 1891 1902 1963 quod
1937 1907 2080 1946 nun-

501 2002 664 2058 quam
700 1986 866 2042 desiit
897 1985 1035 2041 duas
1063 1984 1280 2041 eﬂicere
1309 1985 1657 2056 hypostases,
1687 1991 1745 2039 et
1777 1985 1926 2054 quod
1955 1990 2080 2054 post

498 2079 762 2134 unionem
804 2078 858 2132 id
893 2087 1119 2134 manent
1159 2085 1215 2133 et
1244 2078 1558 2148 cogitantur
1603 2075 1750 2147 quod
1784 2084 1934 2141 sunt,
1977 2075 2086 2131 hoc

498 2180 585 2226 est
634 2181 870 2227 naturae.
919 2171 1115 2228 Dicere
1159 2171 1445 2228 Christum
1489 2171 1545 2226 in
1597 2169 1818 2226 duabus
1864 2169 2080 2226 naturis

498 2277 644 2326 esse,
687 2261 822 2332 quid
873 2261 1026 2318 aliud
1073 2277 1240 2333 quam
1271 2261 1416 2332 quod
1456 2261 1573 2332 ipse
1623 2260 1864 2316 Severus
1885 2259 2080 2330 vulpes

499 2353 692 2424 biceps
731 2353 1000 2409 adversus
1037 2353 1262 2410 beatum
1316 2353 1586 2424 Cyrillum
1625 2351 1912 2408 contendit
1949 2367 2078 2422 per-

499 2445 704 2500 fectum
747 2445 802 2500 in
851 2445 1144 2500 divinitate
1183 2453 1241 2499 et
1269 2444 1577 2516 perfectum
1609 2443 1662 2497 in
1703 2443 2080 2497 humanitate?

496 2546 553 2590 ct
585 2535 928 2606 impossibile
960 2551 1083 2592 esse
1109 2535 1220 2591 duo
1239 2550 1353 2591 non
1383 2536 1442 2592 in
1466 2534 1684 2589 duobus
1712 2532 1930 2587 videri?
1957 2533 2076 2588 Non

497 2625 558 2682 in
619 2625 876 2695 personis
921 2639 1076 2694 sane,
1129 2640 1260 2680 nam
1301 2623 1560 2682 Christus
1609 2639 1720 2679 non
1770 2622 1894 2679 dua:
1945 2637 2077 2693 per-

499 2733 670 2775 SODiB.

579 2829 597 2861 ι
625 2812 718 2876 At,
741 2809 940 2882 inquit.
959 2810 1154 2868 beatus
1171 2810 1414 2884 Cyrillus
1439 2810 1580 2867 dixit
1600 2810 1710 2883 (i0)
1734 2830 1746 2866 :
1768 2812 1854 2870 Ita
1884 2822 1942 2868 ut
1968 2809 2078 2868 illa!

503 2903 623 2956 duo:
637 2903 760 2972 jam
787 2919 891 2958 non
917 2904 1024 2958 sint
1043 2902 1181 2970 dum,
1201 2891 1295 2958 sed
1318 2913 1546 2976 utraque
1572 2903 1782 2959 animal
1800 2921 1965 2959 unum
1980 2903 2076 2959 ab-

499 2980 755 3052 solvatur.
783 3013 802 3048 ι
840 2994 1084 3052 Audiant
1125 2996 1222 3067 qui
1270 2996 1483 3068 optima
1528 3005 1925 3068 corrumpunt;
1964 3013 2074 3052 non

497 3089 637 3143 dixit
665 3089 927 3159 magister
957 3097 1194 3160 utraque
1234 3105 1397 3144 unam
1429 3089 1640 3146 absolvi
1666 3100 1946 3155 naturam,
1978 3089 2073 3145 sed

499 3195 669 3234 unum
705 3158 915 3235 absolvi
955 3158 1181 3244 animal,
1207 3179 1356 3250 quod
1397 3179 1544 3235 idem
1575 3188 1662 3235 est
1689 3195 1755 3234 ac
1783 3180 1829 3234 si
1857 3195 2074 3236 assere-
2102 3158 2145 3214 θ

498 3288 606 3334 ret,
665 3288 830 3326 unam
888 3273 1100 3327 absolvi
1135 3288 1470 3343 personam.
1523 3272 1732 3328 Deinde
1800 3273 2078 3343 quomodo

496 3364 721 3419 νει-ἰηιιὶ
753 3364 1030 3419 consentit
1063 3363 1199 3419 illud
1230 3381 1258 3418 ,:
1278 3363 1472 3419 ,Μαιιεί
1507 3371 1793 3435 utrumque
1819 3365 1959 3434 quod
1980 3381 2078 3418 na-

497 3466 624 3510 tura
663 3456 783 3510 est?
825 3454 1110 3522 Quomodo
1143 3455 1334 3510 Severi
1381 3455 1652 3526 perstabit
1684 3455 1911 3511 eﬂ‘atum
1951 3473 1965 3509 :
2013 3455 2078 3510 In

491 3549 865 3620 conjunctione
885 3557 1250 3602 remanserunt
1270 3547 1410 3618 quod
1423 3556 1569 3612 sunt,
1591 3546 1699 3602 hoc
1711 3556 1818 3612 est,
1842 3555 2076 3613 natura,

499 3648 558 3694 ct
609 3656 722 3695 non
765 3656 886 3694 una
935 3638 1187 3694 natura?
1227 3636 1426 3695 Docuit
1474 3639 1646 3710 igitur
1695 3648 1920 3695 sanctus
1966 3639 2078 3695 duo

503 3749 616 3790 non
650 3733 921 3804 perlicere
951 3732 1064 3788 duo
1095 3731 1375 3788 animalia.
1402 3731 1752 3803 Quapropter
1781 3733 1948 3792 etiam
1976 3731 2078 3804 ad-

497 3823 632 3898 jecit
682 3821 905 3878 :Unum
963 3820 1252 3876 absolvitur
1307 3819 1536 3876 animal.
1585 3818 1852 3875 Desinant
1910 3817 2079 3888 igitur

501 3913 800 3970 mendaces
835 3912 1144 3970 arundinea
1181 3904 1338 3984 virga
1375 3909 1577 3976 inniti;
1614 3909 1696 3964 uti
1745 3917 1931 3964 autem
1969 3908 2076 3978 ipsi

503 4009 768 4071 fatentur,
822 4005 1072 4062 absoluta
1118 4019 1228 4060 una
1287 4013 1510 4068 natura,
1546 4001 1671 4057 duae
1713 4009 1925 4056 natura:
1963 4001 2076 4071 jam

501 4115 616 4156 non
665 4107 902 4170 possunt
945 4113 1126 4168 neque
1172 4112 1296 4153 esse
1344 4111 1525 4166 neque
1575 4093 1691 4150 dici
1731 4109 1750 4149 :
1794 4107 1924 4148 nam
1959 4091 2077 4149 haec

503 4194 650 4248 inter
695 4207 756 4248 se
785 4199 1056 4263 pugnant.

568 4285 830 4341 Dicemus
851 4284 1020 4356 igitur
1052 4280 1499 4338 adversariorum
1533 4287 1860 4349 argumenta
1891 4277 1947 4333 in
1980 4292 2076 4334 eos

505 4376 706 4448 regeri.
755 4376 813 4432 Si
853 4377 979 4431 duae
1005 4383 1221 4429 natura
1269 4381 1554 4443 suntquae
1600 4373 1724 4426 duae
1755 4378 1906 4435 sunt,
1963 4385 2075 4425 una

502 4467 616 4524 dici
660 4475 974 4538 nequeunt.
1001 4464 1159 4532 Quod
1202 4472 1388 4519 autem
1415 4463 1539 4518 duae
1561 4471 1691 4517 sunt
1717 4462 1841 4518 dua:
1867 4461 2072 4527 Christi

505 4566 716 4616 natura:
757 4572 866 4611 non
907 4556 1086 4612 solum
1121 4569 1220 4611 ore
1249 4553 1540 4610 confessus
1570 4561 1658 4609 est
1685 4552 1952 4620 Severus,
1977 4553 2074 4624 sed

501 4657 559 4703 et
587 4647 830 4718 scriptis.
853 4647 1008 4704 Licet
1025 4663 1136 4704 non
1180 4645 1489 4703 asseruerit
1521 4644 1763 4700 Severus
1787 4645 1929 4702 duas
1955 4661 2077 4704 esse

503 4755 713 4806 unam,
773 4747 870 4794 aut
919 4747 1146 4794 manent
1217 4736 1646 4806 retinenturque
1697 4745 1918 4792 natura:
1980 4745 2079 4792 aut

498 4841 760 4903 pereunt.
811 4831 867 4888 Si
911 4839 1167 4902 pereunt,
1191 4831 1304 4902 jam
1341 4846 1520 4900 neque
1565 4845 1674 4884 una
1721 4836 1854 4884 sunt
1892 4843 2076 4900 neque

498 4925 641 4981 duc.
675 4922 732 4980 Si
781 4933 967 4980 autem
1013 4931 1264 4986 manent,
1316 4921 1464 4992 quod
1518 4935 1714 4976 verum
1761 4927 1869 4984 est,
1898 4921 2080 4976 nomi-

498 5025 704 5074 nantur
753 5028 972 5086 quoque
1007 5015 1256 5087 alioquin
1289 5013 1569 5085 quomodo
1610 5027 2106 5090 cognosceremus.

497 5126 594 5166 eas
612 5124 838 5164 manere
858 5109 944 5164 vel
970 5109 1135 5165 etiam
1154 5107 1436 5164 diceretur
1455 5107 1784 5162 vocabulum
1813 5106 2032 5161 Manent
2053 5105 2098 5158 Ρ-

497 5201 716 5258 Nemini
759 5217 892 5273 ergo
953 5200 1219 5270 competit
1266 5199 1426 5269 copia
1497 5214 1660 5253 unam
1709 5197 1946 5254 faciendi
1987 5208 2086 5254 aut

505 5294 756 5360 dicendi,
805 5311 926 5365 qua:
951 5294 1074 5350 duae
1097 5303 1262 5359 sunt;
1289 5293 1406 5362 ipsa
1439 5291 1595 5346 enim
1635 5305 1746 5345 vox
1773 5291 2080 5360 compositio

502 5385 744 5443 duarum
781 5403 970 5442 rerum
1009 5399 1340 5442 concursum
1384 5383 1612 5438 indicat.
1663 5381 1769 5448 Qui
1805 5382 2082 5451 composi-

507 5485 621 5532 tum
671 5479 994 5544 meditatur,
1051 5479 1188 5534 duas
1236 5493 1327 5533 res
1372 5476 1646 5544 cogitate
1693 5473 1900 5543 quibus
1925 5488 2079 5528 com-

507 5569 746 5634 positum
770 5580 987 5628 constat
1000 5587 1138 5643 quas
1167 5567 1558 5641 complectitur
1577 5575 1633 5620 et
1661 5582 1782 5637 qua:
1803 5575 1884 5621 est
1901 5565 2078 5636 ipsum

521 5779 543 5807 -,
581 5749 671 5820 (-ltl
697 5747 942 5815 .l'ipistola
981 5751 1221 5806 Secunda
1249 5752 1316 5806 ad
1348 5751 1708 5808 Succensum.

2179 1892 2324 1962 ὄφις,
2373 1895 2455 1948 ὅτι
2500 1895 2903 1968 μεταϐέϐληται
2952 1897 3208 1968 οὐδαμῶς
3245 1898 3320 1970 μὴ
3366 1896 3505 1952 εἶναι
3535 1899 3633 1954 δύο
3674 1902 3762 1955 καὶ

2179 1984 2300 2046 ταῖς
2333 1983 2694 2038 ὑποστάσεσι·
2739 1985 2835 2040 καὶ
2873 1986 2955 2041 ὅτι
2997 1987 3138 2054 μετὰ
3169 1986 3268 2058 τὴν
3305 1987 3503 2042 ἕνωσιν
3539 1988 3638 2042 καὶ
3669 1987 3761 2060 μέ-

2179 2090 2331 2128 νουσι
2355 2074 2454 2128 καὶ
2477 2075 2808 2130 σκοποῦνται
2833 2079 2972 2151 ὅπερ
3002 2078 3112 2132 eici
3146 2117 3162 2144 ,
3192 2078 3436 2150 δηλονότι
3465 2081 3524 2134 ai
3548 2080 3756 2151 φύσεις.

2180 2165 2246 2220 Τί
2279 2165 2336 2220 δὲ
2380 2167 2566 2240 ἓτερᾶν
2617 2171 2736 2223 ἐστι
2783 2169 2844 2224 τδ
2886 2171 3066 2239 λέγειν
3108 2173 3167 2226 ὲν
3203 2171 3322 2226 δυσὶ
3355 2173 3590 2242 φύσεσιν
3624 2171 3760 2229 εἶναι

2178 2258 2270 2312 τὸν
2298 2260 2554 2330 Χριστὸν,
2584 2261 2616 2333 ἢ
2649 2262 2788 2333 ὅπερ
2817 2263 2912 2316 καὶ
2941 2263 3182 2332 Σευῆρος
3211 2264 3384 2333 λέγει,
3410 2267 3443 2336 ἡ
3473 2265 3760 2336 δικέφαλος

2177 2350 2424 2423 ἀλώπηξ,
2452 2353 2590 2406 κατὰ
2617 2354 2709 2408 τὸν
2733 2355 3001 2426 μακάριον
3028 2351 3316 2426 Κύρίλλον,
3344 2357 3552 2411 τέλειον
3571 2360 3630 2410 ὲν
3650 2357 3768 2411 θεό-

2175 2461 2298 2514 τητι
2353 2443 2447 2498 καὶ
2489 2445 2694 2499 τέλειον
2738 2447 2796 2498 ἑν
2838 2445 3254 2518 ἀνθρωπότητις
3308 2449 3403 2502 καὶ
3443 2449 3516 2501 τὰ
3549 2448 3647 2502 δύο
3689 2449 3762 2520 μὴ

2177 2535 2236 2588 ὲν
2264 2533 2358 2588 δύο
2389 2535 2698 2605 φαίνεσθαι,
2731 2536 2993 2592 ἀδύνατον
3021 2534 3186 2601 εἶναι.
3224 2539 3340 2593 ἀλλ’
3369 2541 3472 2593 οὐκ
3501 2541 3562 2593 ἑν
3593 2555 3759 2611 προσ-

2175 2627 2346 2694 ώποις
2385 2644 2398 2658 ·
2433 2629 2555 2684 οὐδὲ
2595 2629 2705 2702 γὰρ
2732 2629 2826 2684 δύο
2857 2631 3123 2703 πρόσωπα
3162 2633 3191 2685 6
3223 2632 3478 2704 Χριστός.

2252 2829 2272 2862 σ
2295 2810 2434 2867 Ἀλλ’
2466 2812 2494 2864 6
2525 2810 2818 2885 μακάριος,
2860 2810 3016 2883 φησὶ,
3059 2811 3328 2884 Κύριλλος
3356 2807 3540 2868 εἶπεν·
3582 2814 3758 2870 Ὥστε

2173 2903 2247 2957 τὰ
2282 2901 2394 2956 δύο
2430 2901 2647 2971 μηκέτι
2683 2901 2802 2971 μὲν
2843 2897 2999 2956 εἶναι
3037 2901 3179 2956 δύο·
3237 2901 3570 2972 δι’ἀμφοῒν
3585 2903 3664 2958 δὲ
3692 2903 3756 2958 τό

2173 2993 2244 3048 ἐν
2284 2992 2710 3048 ἀποτελεῖσθαι
2750 2991 2916 3054 ζῶον.
2946 3011 2965 3044 ι
3033 2994 3415 3049 Ἀκουέτωσαν
3449 2997 3503 3049 oi
3530 2997 3600 3051 τὰ
3628 2995 3758 3070 ὀρθὰ

2176 3085 2630 3156 διαστρέφοντες·
2689 3086 2791 3140 οὐκ
2831 3081 2987 3140 εἶπεν
3031 3087 3060 3140 6
3101 3087 3428 3152 διδάσκαλος
3467 3087 3538 3142 δι’
3563 3091 3758 3159 ἀμφοῖν

2181 3179 2278 3249 τὴν
2311 3178 2440 3249 μίαν
2464 3177 2848 3232 ἀποτελεῖσθαι
2876 3178 3042 3249 φύσιν
3066 3219 3082 3243 ,
3131 3179 3271 3233 ἀλλὰ
3304 3181 3365 3234 τὸ
3393 3181 3454 3233 ἓν
3481 3182 3756 3235 amula!-

2180 3269 2304 3324 σθαι
2336 3269 2505 3334 ζῶον·
2540 3271 2678 3341 ὅπερ
2710 3270 2823 3323 ῐσον
2847 3271 2966 3324 ἐστὶ
2992 3271 3070 3342 τῷ
3095 3271 3278 3341 λέγειν
3310 3273 3369 3326 τὸ
3397 3272 3456 3334 ἓν
3479 3274 3757 3328 ἀποτελεῖ.

2181 3361 2304 3414 σθαι
2329 3361 2641 3431 πρόσωπον.
2658 3360 2816 3416 Ἐπεὶ
2841 3361 2958 3426 πῶς
2985 3360 3241 3432 ἀληθεύει
3269 3363 3466 3432 λέγων·
3491 3365 3670 3420 Μένει
3690 3363 3758 3420 δὲ

2178 3451 2468 3520 ἑκάτερον
2495 3453 2642 3517 ὅπερ
2665 3453 2796 3506 ἐστι
2824 3451 2898 3521 τῇ
2925 3454 3146 3522 grtiam;
3184 3455 3307 3518 Πῶς
3333 3455 3392 3508 δὲ
3421 3459 3515 3510 καὶ
3542 3460 3571 3511 6
3597 3458 3755 3530 Σευή·

2183 3561 2276 3615 ρου
2309 3545 2569 3616 στήσεται
2599 3544 2758 3613 λόγος
2776 3586 2792 3612 ,
2843 3546 2925 3599 ὅτι
2965 3546 3070 3600 Ἐν
3099 3545 3176 3616 τῇ
3202 3547 3495 3604 συνθέσει
3522 3549 3755 3620 ἔμειναν

2178 3637 2355 3692 τοῦτο
2403 3637 2549 3717 ὅπερ
2596 3638 2754 3703 εισι,
2805 3639 3108 3708 τουτέστιν,
3133 3641 3188 3695 ai
3241 3640 3466 3708 φύσεις,
3520 3644 3615 3696 καὶ
3643 3641 3755 3712 ούχὶ

2178 3729 2213 3801 ἡ
2246 3729 2346 3798 μία
2375 3727 2567 3798 φύσις;
2627 3729 2708 3782 Τὰ
2737 3728 2832 3783 οὖν
2873 3729 2968 3784 δύο
3009 3729 3087 3802 μὴ
3113 3726 3256 3784 εἶναι
3283 3730 3378 3784 δύο
3403 3731 3520 3794 ζῶα
3545 3732 3755 3804 ἐνόησεν

2175 3821 2206 3873 6
2235 3820 2414 3889 ἅγιος,
2451 3817 2533 3872 διδ
2563 3819 2660 3872 καὶ
2689 3819 2996 3891 ἐπήγαγεν,
3032 3820 3095 3874 τδ
3121 3821 3226 3876 Ἕν
3251 3821 3637 3877 ἀποτελεῖται
3660 3819 3753 3883 ζῶα

2177 3928 2268 3967 ον.
2313 3911 2727 3967 Παυσάσθωσαν
2752 3907 2846 3966 οὖν
2873 3914 2922 3967 oi
2964 3912 3277 3984 ψευδολόγοι
3334 3913 3642 3986 καλαμίνην
3666 3912 3756 3986 pa-

2178 4002 2300 4058 ὁδον
2323 4003 2782 4075 ὑποστηρίζοντες
2805 4005 3018 4070 ἑαυτοῖς
3032 4019 3046 4034 ·
3067 4004 3258 4078 ὥσπερ
3271 4005 3327 4060 δὲ
3347 4006 3504 4060 αὐτοὶ
3524 4006 3753 4075 λέγουσι,

2175 4093 2278 4165 τῆς
2321 4095 2452 4164 μιᾶς
2495 4094 2715 4164 φύσεως
2752 4095 3245 4168 ἁποτελεσθείσης,
3297 4095 3482 4151 οὐκέτι
3511 4096 3752 4152 δύνανται

2173 4187 2268 4242 δύο
2295 4185 2532 4257 φύσειςῆ
2551 4183 2690 4242 εἶναι
2721 4187 2756 4259 ἢ
2782 4187 3074 4257 λέγεσθαι·
3102 4187 3378 4252 ἀντίθετος
3402 4187 3514 4259 γὰρ
3539 4191 3572 4258 ἡ
3595 4188 3746 4253 λέξις.

2246 4279 2434 4346 Οὕτως
2479 4283 2576 4336 καὶ
2623 4283 2788 4353 ἡμεῖς
2835 4281 3410 4354 ἀντιπεριτρέψαντες
3453 4279 3548 4336 τόν
3579 4281 3746 4349 λόγον,

2123 4383 2132 4392 “
2175 4372 2431 4446 ἐροῦμεν·
2492 4373 2555 4428 Ei
2594 4373 2691 4428 δύο
2717 4373 2910 4445 φύσεις
2939 4376 3080 4428 εἰσὶν
3109 4376 3166 4428 ai
3195 4370 3356 4442 οὖσαι
3378 4373 3500 4433 δύο.
3539 4373 3640 4444 μία
3667 4371 3748 4424 λέ-

2112 4465 2376 4550 υγεσθαι
2424 4466 2484 4520 ού
2533 4465 2810 4522 δύνανται.
2863 4466 2988 4520 Ὅτι
3030 4465 3087 4520 δέ
3131 4467 3240 4520 είσι
3284 4465 3382 4520 δύο
3425 4464 3623 4534 φύσεις
3663 4461 3748 4518 τοῦ

2181 4557 2439 4630 Χριστοῦ,
2470 4559 2530 4612 οὐ
2559 4559 2720 4630 μόνον
2745 4555 2900 4613 εἷπεν
2936 4559 3196 4630 Σευῆρος,
3223 4558 3360 4614 ἀλλὰ
3384 4557 3479 4612 καὶ
3502 4557 3748 4631 ἔγραψεν.

2183 4651 2246 4708 Ei
2277 4651 2334 4705 δὲ
2377 4651 2471 4706 καὶ
2509 4649 2584 4722 μὴ
2614 4647 2770 4705 εἶπεν
2799 4651 3037 4723 Σευῆρος
3066 4648 3126 4704 ἓν
3153 4649 3263 4706 τῶν
3289 4649 3421 4718 δύο,
3470 4649 3506 4722 ἢ
3541 4650 3748 4719 μένουσι

2184 4742 2280 4796 καὶ
2326 4741 2590 4806 σώζονται
2631 4743 2688 4796 ai
2731 4741 2958 4811 φύσεις.
3009 4743 3042 4812 ἢ
3087 4741 3370 4798 ἀπώλοντο
3392 4757 3408 4772 ·
3465 4743 3517 4794 εἰ
3549 4741 3646 4811 μὲν
3666 4737 3750 4794 οὖν

2185 4825 2495 4892 ἀπώλοντο,
2529 4827 2655 4882 οὔτε
2684 4829 2779 4882 δύο
2809 4830 2971 4896 είσὶν,
3004 4829 3129 4882 οὕτε
3159 4829 3278 4900 μία.
3304 4829 3366 4884 Εί
3396 4828 3455 4884 δὲ
3484 4830 3747 4898 μένουσιν,

2184 4921 2325 4992 ὅπερ
2373 4921 2578 4991 μᾶλλον
2610 4920 2849 4993 ἀληθὲς,
2905 4922 2998 4975 καὶ
3041 4919 3434 4992 ὀνομάζονται·
3493 4921 3620 4975 ἐπεὶ
3649 4918 3750 4981 πῶς

2183 5011 2558 5084 γνωσθήσεται
2586 5013 2670 5066 ὅτι
2691 5013 2966 5083 μένουσιν,
2997 5013 3030 5083 ἢ
3064 5013 3182 5078 πῶς
3201 5011 3529 5086 λεχθήσεται
3551 5009 3751 5080 26,16-

2182 5116 2436 5164 νουσινς
2465 5102 2577 5156 Οὐκ
2600 5101 2710 5175 ἄρα
2733 5101 2829 5157 οὖν
2855 5101 3082 5156 δύναταί
3105 5119 3192 5166 τις
3215 5101 3403 5173 χώραν
3426 5101 3599 5173 ἔχειν,
3633 5101 3752 5171 μίαν

2183 5199 2357 5252 ποιεῖν
2386 5199 2419 5268 ἢ
2450 5197 2633 5266 λέγειν
2661 5197 2760 5261 τὰς
2789 5197 2957 5262 οὔσας
2987 5195 3101 5252 δύο.
3135 5197 3284 5269 Αὕτη
3308 5197 3365 5250 δὲ
3392 5199 3425 5268 ἢ
3454 5197 3551 5251 τοῦ
3577 5194 3752 5250 συνθέ-

2181 5305 2276 5343 του
2311 5286 2456 5352 λέξις
2503 5287 2598 5342 δύο
2641 5287 2802 5342 τινῶν
2834 5289 3180 5360 πραγμάτων
3219 5289 3482 5358 σημαίνει
3513 5287 3750 5340 σύνοδον·

2179 5367 2279 5434 ’καὶ
2321 5383 2350 5434 6
2393 5380 2754 5434 ἀναπτύσσων
2790 5382 2849 5435 τὸ
2880 5380 3168 5445 σύνθετον,
3207 5381 3302 5434 δύο
3327 5382 3452 5435 τινὰ
3482 5383 3750 5444 κατανοεῖ,

2185 5473 2244 5540 ἐξ
2279 5465 2354 5525 ὧν
2401 5473 2687 5540 σύγκειται
2732 5474 2868 5528 αὐτὸ
2909 5475 2970 5527 τὸ
3010 5473 3299 5538 σύνθετον,
3353 5473 3502 5542 ἅπερ
3529 5475 3752 5543 καίἑχει

2183 5568 2241 5621 ὲν
2273 5565 2452 5637 ἑαυτῷ
2483 5567 2578 5622 καὶ
2608 5567 2724 5622 ἔστι
2781 5565 2975 5632 ταῦτα,
3009 5567 3114 5632 ἕως
3146 5567 3214 5622 ἂν
3240 5567 3300 5621 τδ
3327 5567 3609 5638 σύνθετον,
3637 5569 3755 5620 σύν-
