3958 6288
353 285 463 347 941

1356 286 1724 348 EPISTULA
1764 287 1863 348 DE
1897 289 2202 352 DUABUS
2241 288 2598 357 NATURIS.

3511 285 3618 351 9i“;

304 463 318 475 .
350 401 518 454 θετον
543 397 759 475 ἀληθῶς
782 399 952 453 ἐστιν.
980 396 1044 452 El
1071 414 1166 453 ουν
1196 384 1447 461 σύνθετος
1470 400 1616 450 ἐστιν
1641 398 1669 450 6
1689 396 1938 468 Χριστὸς1

2049 402 2227 459 donec
2267 403 2637 473 compositum
2670 412 2801 456 vere
2843 400 3214 472 compositum
3254 410 3360 458 est.
3394 401 3549 464 Ouod
3577 404 3622 458 si

349 496 420 546 οὗ
472 494 636 563 μόνον
692 494 756 545 ὲκ
797 490 891 545 δύο
935 491 1323 563 συνενήνεκται
1369 487 1618 558 φύσεων,
1671 489 1807 543 ἀλλὰ
1841 492 1938 544 καὶ

349 583 473 658 εχει
520 586 725 649 ταύτας
774 586 833 637 ὲν
862 584 1073 655 ἐαυτῷ,
1131 585 1203 649 ὠς
1253 583 1313 649 ἐξ
1338 583 1515 637 αὐτῶν
1547 582 1937 653 συγκείμενος⁶

350 680 456 732 καὶ
510 678 628 731 ἔστι
703 677 760 730 δὲ
806 677 981 731 ταῦτα
1032 678 1120 730 ἵνα
1167 677 1246 747 μὴ
1276 677 1348 739 ὼς
1379 674 1538 738 ἄλλος
1569 677 1626 726 ἐν
1656 675 1838 739 ἄλλοις

359 768 597 833 σώζεται
626 766 682 819 δὲ
716 767 812 820 καὶ
842 769 870 820 ὁ
892 766 996 827 ,τοῦ
1026 767 1284 820 συνθέτου
1314 765 1497 834 λόγος.
1537 765 1596 818 Ὁ
1625 761 1718 818 οὖν
1751 765 1939 834 βουλό-

358 877 527 931 μενος
581 859 756 913 ὀπίσω
805 859 905 927 τῆς
943 859 1204 930 ἀληθείας
1236 857 1564 929 πορεύεσθαι
1590 859 1647 911 ὲν
1675 859 1940 929 ἁπλότητι

353 931 591 1020 καρδίας
613 991 628 1015 ,
667 949 780 1020 ἔχει
812 949 909 1020 τὴν
939 950 1199 1021 ἀλήθειαν
1230 947 1576 1020 ποδηγοΰσαν
1609 949 1773 1004 αὑτὸν
1793 988 1810 1016 ,
1844 949 1941 1004 καὶ

356 1040 707 1111 χωρίζουσαν
741 1042 839 1111 τῆς
870 1042 1107 1111 ἀπάτης.

432 1132 505 1184 Σὺ
549 1131 635 1198 δὲ,
685 1131 940 1200 ἄνθρωπε
981 1131 1074 1185 τοῦ
1106 1128 1272 1196 Θεοῦ,
1329 1131 1722 1203 ἐστηριγμένος
1770 1132 1827 1185 ὲν
1869 1134 1936 1203 τῇ

361 1223 595 1295 ἀληθείᾳ
628 1223 729 1293 τῆς
762 1224 1021 1290 πίστεως,
1059 1221 1119 1288 ἐξ
1148 1222 1327 1276 αὐτῶν
1361 1224 1470 1277 τῶν
1492 1225 1733 1294 Σευήρου
1764 1224 1940 1295 Mwa

355 1315 458 1368 τοῦ
492 1316 753 1387 πολεμίου
796 1316 893 1387 τῆς
928 1315 1259 1385 Ἐκκλησίας
1282 1354 1297 1378 ,
1349 1315 1670 1386 ὲπιστὸμιζε
1703 1294 1828 1379 τοὺξ
1864 1317 1938 1390 μὴ

362 1406 726 1478 βουλομένους
773 1409 1057 1477 ὁμολογεῖν
1124 1409 1221 1461 xal.
1273 1407 1413 1478 μετὰ
1455 1407 1555 1478 τὴν
1598 1408 1794 1462 ἕνωσιν
1838 1408 1940 1473 τὰς

355 1498 456 1553 δύο
492 1499 681 1568 φύσεις
722 1499 818 1552 τοῦ
858 1499 1127 1570 Χριστοῦ,
1181 1498 1369 1563 κακῶς
1396 1499 1455 1552 δὲ
1491 1498 1939 1571 ὲκλαμϐἀνοντας

360 1589 464 1661 τὴν
494 1591 676 1662 φωνὴν
710 1592 809 1662 τῆς
841 1594 970 1662 μιᾶς
998 1592 1215 1661 φύσεως
1242 1591 1337 1645 τοῦ
1368 1591 1503 1645 Θεοῦ
1530 1592 1703 1662 Λόγου
1737 1607 1939 1661 σεσαρ-

360 1682 654 1751 κωμένης,
708 1683 804 1736 καὶ
850 1684 910 1735 οὐ
946 1682 1087 1736 κατὰ
1119 1682 1523 1758 τὸν-μακάριον
1550 1680 1844 1754 Κύριλλον,
1880 1683 1940 1748 ὃς

2047 494 2219 565 igitur
2243 492 2584 564 compositus
2608 500 2691 546 est
2710 490 2991 557 Christus,
3018 507 3129 547 non
3148 493 3324 549 solum
3350 508 3383 547 e
3408 496 3625 547 duatms

2044 587 2263 642 naturis
2289 594 2527 651 constat,
2579 585 2674 641 sed
2719 595 2777 640 et
2827 586 2972 657 ipsas
3018 585 3074 640 in
3124 600 3184 640 se
3233 586 3419 649 habet,
3453 594 3514 639 ut
3556 602 3625 640 cx

2047 680 2117 735 iis
2144 689 2404 737 constans
2424 697 2436 732 :
2454 687 2510 734 et
2535 678 2640 734 illae
2668 685 2774 738 est.
2799 679 2962 763 ue’sit
2984 689 3046 733 ut
3065 680 3278 734 alienus
3314 678 3371 733 in
3394 678 3621 737 alienis:

2046 781 2300 828 servatur
2326 772 2493 828 etiam
2525 768 2818 842 compositi
2848 774 3013 825 ratio.
3044 770 3149 837 Qui
3193 767 3432 825 voluerit
3456 768 3624 839 igitur

2044 863 2267 919 veritati
2303 865 2360 917 in
2393 864 2744 934 simplicitate
2774 862 2961 918 cordis
2991 861 3298 926 adhaerere,
3332 860 3623 917 veritatem

2046 957 2248 1014 habeat
2293 957 2512 1021 ducem,
2563 964 2622 1011 et
2659 955 2870 1012 erroris
2909 954 3259 1027 fugatricem.

2117 1132 2201 1189 Tu
2239 1148 2399 1201 vero,
2425 1131 2595 1188 homo
2648 1132 2772 1198 Dei,
2814 1132 3049 1187 veritate
3100 1128 3229 1185 ﬁdei
3278 1127 3520 1190 innixus,
3555 1141 3624 1181 ex

2046 1225 2181 1298 ipsis
2205 1225 2390 1280 verbis
2419 1224 2611 1280 Severi
2639 1223 2943 1279 Ecclesiam
2967 1219 3372 1293 impugnantis,
3399 1219 3623 1275 confula

2047 1332 2144 1372 eos
2176 1316 2269 1386 qui
2307 1322 2430 1385 post
2477 1314 2742 1370 unionem
2791 1314 2934 1369 duas
2969 1311 3179 1368 Christi
3227 1318 3463 1365 naturas
3485 1323 3622 1363 con-

2045 1405 2192 1461 ﬁteri
2241 1407 2458 1471 nolunt,
2512 1406 2608 1461 sed
2655 1421 2825 1477 prave
2862 1410 3198 1475 usurpantes
3231 1416 3425 1457 vocem
3458 1400 3625 1455 unius

2018 1507 2259 1554 'naturae
2292 1499 2391 1554 Dei
2439 1498 2608 1553 Verbi
2656 1496 2957 1564 incarnati,
2996 1505 3054 1552 et
3101 1510 3212 1551 non
3253 1493 3322 1549 ad
3379 1500 3621 1547 mentem

2044 1590 2191 1646 beati
2213 1589 2429 1662 Cyrilli,
2461 1589 2560 1660 qui
2589 1604 2654 1647 ea
2679 1604 2814 1644 voce
2858 1604 2993 1644 usus
3034 1595 3120 1643 est
3145 1585 3416 1641 adversus
3441 1583 3622 1637 ﬁctam

2043 1681 2286 1737 Nestorii
2319 1681 2603 1737 unionem.
2644 1681 2769 1736 Non
2803 1681 2954 1735 enim
2984 1687 3310 1735 naturarum
3340 1673 3622 1731 excidium

361 1773 638 1844 ἐχρήσατο
688 1775 753 1843 τῇ
802 1776 955 1843 φωνῇ
996 1772 1174 1846 ταύτῃ
1212 1772 1353 1826 κατὰ
1385 1773 1483 1842 τῆς
1517 1775 1778 1844 σχετικῆς
1803 1773 1936 1827 ἑνώ-

2046 1783 2107 1829 ut
2131 1774 2540 1829 calumniantur
2573 1773 2871 1829 mendaces
2905 1783 2962 1829 et
2982 1773 3330 1837 seductores,
3363 1767 3459 1825 sed
3484 1781 3621 1821 con-

363 1880 506 1927 σεως
538 1864 859 1934 Νεστορίου.
910 1866 986 1918 Οὐ
1016 1864 1126 1935 γὰρ
1156 1864 1243 1916 ἐπ’
1274 1864 1550 1935 ἀναιρέσει
1580 1865 1689 1918 τῶν
1715 1865 1811 1918 δύο
1834 1865 1938 1936 φύ-

365 1969 527 2017 σεων,
558 1952 633 2014 ὡς
658 1953 997 2027 ληρῳδοῦσιν
1024 1954 1073 2007 οἱ
1098 1953 1415 2023 ψευδολόγοι
1443 1956 1540 2008 καὶ
1564 1958 1938 2026 φρεναπάται,

362 2030 459 2094 ὲπϊ
510 2044 768 2098 συστάσει
816 2045 876 2099 δὲ
933 2042 1134 2115 μᾶλλον
1182 2043 1368 2097 αὐτῶν
1432 2046 1527 2099 καὶ
1581 2046 1705 2100 κατ’
1746 2047 1940 2103 οὐσίαν

360 2129 674 2200 ἀσυγχύτου
732 2132 827 2186 καὶ
877 2131 1151 2202 ἀτρέπτου
1212 2133 1310 2185 καὶ
1361 2129 1637 2204 ἀμειώτου
1686 2136 1937 2203 ὲνὼσεως

362 2221 567 2286 αὐτῶν,
600 2221 677 2285 ὡς
710 2223 1049 2293 μαρτυροῦσι
1077 2222 1147 2275 τὰ
1173 2223 1586 2296 συγγράμματα
1610 2225 1799 2293 αὑτοῦ,
1835 2228 1937 2298 μά-

2035 1859 2381 1936 junctionem
2410 1862 2597 1935 potius
2625 1878 2818 1919 earum
2850 1863 3141 1920 conﬁrmat
3175 1858 3622 1920 substantialiter

2041 1965 2098 2012 et
2128 1956 2267 2011 citra
2314 1951 2677 2011 mutationem
2707 1965 2873 2025 atque
2915 1956 3362 2011 imminutionem
3394 1952 3616 2013 factam,

2042 2055 2106 2101 ut
2145 2055 2423 2103 testantur
2476 2047 2681 2119 scripta
2723 2049 2866 2114 ejus,
2915 2048 3153 2102 maxime
3200 2061 3337 2102 vero
3381 2043 3618 2115 epistola

2043 2137 2163 2207 ejus
2187 2137 2255 2191 ad
2290 2138 2584 2209 Eulogium
2607 2138 3055 2209 apocrisiarium,
3084 2147 3141 2194 et
3167 2137 3446 2193 Allocutio
3472 2137 3616 2207 ejus,

2043 2231 2201 2302 cujus
2240 2230 2576 2302 principium
2624 2248 2639 2286 :
2675 2230 2795 2286 Non
2825 2231 3049 2286 admitto
3077 2230 3437 2285 commixtum.

262 2355 269 2363 .
361 2308 522 2363 λιστα
564 2312 621 2365 δὲ
669 2315 702 2382 ἡ
750 2314 886 2385 πρὸς
924 2313 1183 2383 Εὐλόγιον
1248 2314 1340 2368 τὸν
1388 2315 1812 2388 ἀποκρισιάριον
1869 2318 2134 2393 ἐπιστολὴ
2170 2319 2359 2390 αὐτοῦ,
2407 2320 2557 2376 καὶὸ
2585 2321 3043 2395 Προσφωνητικὺς
3079 2311 3571 2391 αὐτοῦ,οἶ›ήάρχή
3597 2327 3612 2343 ⁸

381 2402 527 2501 ’ξτὼ
556 2401 622 2457 τὸ
649 2403 1141 2476 συγκεκραμένον
1170 2406 1242 2460 οὺ
1267 2405 1681 2478 καταδέχομαι.
