  <div class='ocr_page' id='page_1' title='image "/cluster/home/n/w/nwhite01/storage/ocr_20150623/86 pars.1/pst.000005712878/501.png"; bbox 0 0 3958 6288; ppageno 0'>
   <div class='ocr_carea' id='block_1_1' title="bbox 1539 781 2513 831">
    <p class='ocr_par' dir='ltr' id='par_1_1' title="bbox 1539 781 2513 831">
     <span class='ocr_line' id='line_1_1' title="bbox 1539 781 2513 831; baseline -0.01 0"><span class='ocrx_word' id='word_1_1' title='bbox 1539 788 1707 831; x_wconf 69' lang='lat' dir='ltr'><strong>ANNO</strong></span> <span class='ocrx_word' id='word_1_2' title='bbox 1754 785 1980 830; x_wconf 66' lang='lat'><strong>00311!“</strong></span> <span class='ocrx_word' id='word_1_3' title='bbox 2028 781 2513 825; x_wconf 69' lang='lat' dir='ltr'><strong>DXXVll-DLXVI.</strong></span> 
     </span>
    </p>
   </div>
   <div class='ocr_carea' id='block_1_2' title="bbox 910 1032 3298 1392">
    <p class='ocr_par' dir='ltr' id='par_1_2' title="bbox 910 1032 3298 1392">
     <span class='ocr_line' id='line_1_2' title="bbox 910 1032 3298 1392; baseline -0.01 -107"><span class='ocrx_word' id='word_1_4' title='bbox 910 1043 1984 1392; x_wconf 75' lang='lat' dir='ltr'><strong>JUSTINIANUS</strong></span> <span class='ocrx_word' id='word_1_5' title='bbox 2127 1032 3298 1373; x_wconf 62' lang='lat' dir='ltr'><strong>Invisitata.</strong></span> 
     </span>
    </p>
   </div>
   <div class='ocr_carea' id='block_1_3' title="bbox 1774 1612 3105 1747">
    <p class='ocr_par' dir='ltr' id='par_1_3' title="bbox 1774 1612 3105 1747">
     <span class='ocr_line' id='line_1_3' title="bbox 1774 1612 3105 1747; baseline -0.01 -4"><span class='ocrx_word' id='word_1_6' title='bbox 1774 1638 2321 1747; x_wconf 79' lang='grc' dir='ltr'><strong>ΝΟΤῙΤΙΑ.</strong></span> <span class='ocrx_word' id='word_1_7' title='bbox 2726 1612 2731 1617; x_wconf 82' lang='grc'><strong>’</strong></span> <span class='ocrx_word' id='word_1_8' title='bbox 3083 1670 3105 1712; x_wconf 56' lang='grc' dir='ltr'><em>μυ</em></span> 
     </span>
    </p>
   </div>
   <div class='ocr_carea' id='block_1_4' title="bbox 1173 1870 2928 1967">
    <p class='ocr_par' dir='ltr' id='par_1_4' title="bbox 1173 1870 2928 1967">
     <span class='ocr_line' id='line_1_4' title="bbox 1173 1870 2928 1967; baseline -0.008 -15"><span class='ocrx_word' id='word_1_9' title='bbox 1173 1896 1353 1967; x_wconf 66' lang='grc' dir='ltr'><strong>(ειη</strong></span> <span class='ocrx_word' id='word_1_10' title='bbox 1386 1892 1586 1963; x_wconf 72' lang='lat' dir='ltr'><strong>Script.</strong></span> <span class='ocrx_word' id='word_1_11' title='bbox 1617 1888 2091 1945; x_wconf 68' lang='lat' dir='ltr'><strong>ecclesiasticarum</strong></span> <span class='ocrx_word' id='word_1_12' title='bbox 2121 1870 2341 1941; x_wconf 63' lang='lat' dir='ltr'><strong>historia</strong></span> <span class='ocrx_word' id='word_1_13' title='bbox 2373 1886 2657 1949; x_wconf 70' lang='lat' dir='ltr'><strong>litterario,</strong></span> <span class='ocrx_word' id='word_1_14' title='bbox 2689 1899 2740 1957; x_wconf 87' lang='lat' dir='ltr'><strong>p.</strong></span> <span class='ocrx_word' id='word_1_15' title='bbox 2780 1884 2928 1955; x_wconf 79' lang='lat'><strong>529.)</strong></span> 
     </span>
    </p>
   </div>
   <div class='ocr_carea' id='block_1_5' title="bbox 486 2325 3675 2411">
    <p class='ocr_par' dir='ltr' id='par_1_5' title="bbox 486 2325 3675 2411">
     <span class='ocr_line' id='line_1_5' title="bbox 486 2325 3675 2411; baseline -0.004 -11"><span class='ocrx_word' id='word_1_16' title='bbox 486 2344 567 2401; x_wconf 72' lang='grc' dir='ltr'><strong>Π.</strong></span> <span class='ocrx_word' id='word_1_17' title='bbox 601 2340 963 2406; x_wconf 83' lang='lat' dir='ltr'><strong>Justinianus,</strong></span> <span class='ocrx_word' id='word_1_18' title='bbox 996 2347 1159 2411; x_wconf 80' lang='lat' dir='ltr'><strong>gente</strong></span> <span class='ocrx_word' id='word_1_19' title='bbox 1190 2334 1466 2409; x_wconf 76' lang='lat' dir='ltr'><strong>Illyricos,</strong></span> <span class='ocrx_word' id='word_1_20' title='bbox 1487 2329 1730 2389; x_wconf 76' lang='lat' dir='ltr'><strong>Sabbatii</strong></span> <span class='ocrx_word' id='word_1_21' title='bbox 1759 2340 1815 2386; x_wconf 87' lang='lat' dir='ltr'><strong>et</strong></span> <span class='ocrx_word' id='word_1_22' title='bbox 1850 2326 2127 2401; x_wconf 67' lang='lat' dir='ltr'><strong>Biglinizae</strong></span> <span class='ocrx_word' id='word_1_23' title='bbox 2161 2327 2330 2393; x_wconf 78' lang='lat' dir='ltr'><strong>ﬁlius,</strong></span> <span class='ocrx_word' id='word_1_24' title='bbox 2377 2326 2649 2391; x_wconf 85' lang='lat' dir='ltr'><strong>Tauresii,</strong></span> <span class='ocrx_word' id='word_1_25' title='bbox 2684 2326 2849 2383; x_wconf 86' lang='lat' dir='ltr'><strong>hodie</strong></span> <span class='ocrx_word' id='word_1_26' title='bbox 2884 2325 3244 2385; x_wconf 84' lang='lat' dir='ltr'><strong>Aehriduntis</strong></span> <span class='ocrx_word' id='word_1_27' title='bbox 3277 2330 3335 2386; x_wconf 88' lang='lat' dir='ltr'><strong>in</strong></span> <span class='ocrx_word' id='word_1_28' title='bbox 3376 2330 3675 2399; x_wconf 81' lang='lat' dir='ltr'><strong>Dardania,</strong></span> 
     </span>
    </p>
   </div>
   <div class='ocr_carea' id='block_1_6' title="bbox 414 2420 3679 2495">
    <p class='ocr_par' dir='ltr' id='par_1_6' title="bbox 414 2420 3679 2495">
     <span class='ocr_line' id='line_1_6' title="bbox 414 2420 3679 2495; baseline -0.003 0"><span class='ocrx_word' id='word_1_29' title='bbox 414 2449 576 2495; x_wconf 80' lang='lat' dir='ltr'><strong>natus</strong></span> <span class='ocrx_word' id='word_1_30' title='bbox 602 2447 688 2494; x_wconf 88' lang='lat' dir='ltr'><strong>est</strong></span> <span class='ocrx_word' id='word_1_31' title='bbox 718 2454 863 2493; x_wconf 87' lang='lat' dir='ltr'><strong>anno</strong></span> <span class='ocrx_word' id='word_1_32' title='bbox 895 2435 1020 2492; x_wconf 67' lang='lat'><strong>483.</strong></span> <span class='ocrx_word' id='word_1_33' title='bbox 1051 2431 1398 2490; x_wconf 83' lang='lat' dir='ltr'><strong>Avunculum</strong></span> <span class='ocrx_word' id='word_1_34' title='bbox 1449 2428 1642 2485; x_wconf 89' lang='lat' dir='ltr'><strong>habuit</strong></span> <span class='ocrx_word' id='word_1_35' title='bbox 1671 2425 1946 2483; x_wconf 72' lang='lat' dir='ltr'><strong>Iustinum</strong></span> <span class='ocrx_word' id='word_1_36' title='bbox 1981 2422 2286 2493; x_wconf 84' lang='lat' dir='ltr'><strong>Augustum</strong></span> <span class='ocrx_word' id='word_1_37' title='bbox 2313 2464 2326 2487; x_wconf 95' lang='lat'><strong>,</strong></span> <span class='ocrx_word' id='word_1_38' title='bbox 2387 2439 2416 2477; x_wconf 91' lang='lat' dir='ltr'><strong>a</strong></span> <span class='ocrx_word' id='word_1_39' title='bbox 2447 2436 2555 2493; x_wconf 92' lang='lat' dir='ltr'><strong>quo</strong></span> <span class='ocrx_word' id='word_1_40' title='bbox 2586 2422 2641 2476; x_wconf 93' lang='lat' dir='ltr'><strong>in</strong></span> <span class='ocrx_word' id='word_1_41' title='bbox 2670 2420 2907 2478; x_wconf 85' lang='lat' dir='ltr'><strong>Castello</strong></span> <span class='ocrx_word' id='word_1_42' title='bbox 2936 2422 3247 2481; x_wconf 84' lang='lat' dir='ltr'><strong>Bederiano</strong></span> <span class='ocrx_word' id='word_1_43' title='bbox 3293 2443 3510 2483; x_wconf 88' lang='lat' dir='ltr'><strong>summa</strong></span> <span class='ocrx_word' id='word_1_44' title='bbox 3541 2443 3679 2485; x_wconf 83' lang='lat' dir='ltr'><strong>cura</strong></span> 
     </span>
    </p>
   </div>
   <div class='ocr_carea' id='block_1_7' title="bbox 414 2514 3675 2598">
    <p class='ocr_par' dir='ltr' id='par_1_7' title="bbox 414 2514 3675 2598">
     <span class='ocr_line' id='line_1_7' title="bbox 414 2514 3675 2598; baseline -0.005 -7"><span class='ocrx_word' id='word_1_45' title='bbox 414 2535 682 2590; x_wconf 74' lang='lat' dir='ltr'><strong>educatus</strong></span> <span class='ocrx_word' id='word_1_46' title='bbox 716 2541 839 2598; x_wconf 90' lang='lat' dir='ltr'><strong>est,</strong></span> <span class='ocrx_word' id='word_1_47' title='bbox 891 2541 950 2587; x_wconf 88' lang='lat' dir='ltr'><strong>et</strong></span> <span class='ocrx_word' id='word_1_48' title='bbox 987 2529 1043 2584; x_wconf 92' lang='lat' dir='ltr'><strong>in</strong></span> <span class='ocrx_word' id='word_1_49' title='bbox 1080 2527 1252 2583; x_wconf 81' lang='lat' dir='ltr'><strong>lilium</strong></span> <span class='ocrx_word' id='word_1_50' title='bbox 1281 2524 1597 2595; x_wconf 86' lang='lat' dir='ltr'><strong>adoptatus.</strong></span> <span class='ocrx_word' id='word_1_51' title='bbox 1622 2519 1876 2576; x_wconf 83' lang='lat' dir='ltr'><strong>Nondum</strong></span> <span class='ocrx_word' id='word_1_52' title='bbox 1907 2518 2205 2587; x_wconf 83' lang='lat' dir='ltr'><strong>imperator</strong></span> <span class='ocrx_word' id='word_1_53' title='bbox 2226 2515 2573 2571; x_wconf 83' lang='lat' dir='ltr'><strong>Theodoram</strong></span> <span class='ocrx_word' id='word_1_54' title='bbox 2599 2524 2725 2570; x_wconf 91' lang='lat' dir='ltr'><strong>ortu</strong></span> <span class='ocrx_word' id='word_1_55' title='bbox 2748 2514 3004 2587; x_wconf 83' lang='lat' dir='ltr'><strong>Cypriam</strong></span> <span class='ocrx_word' id='word_1_56' title='bbox 3036 2531 3264 2575; x_wconf 79' lang='lat' dir='ltr'><strong>uxorem</strong></span> <span class='ocrx_word' id='word_1_57' title='bbox 3293 2520 3475 2583; x_wconf 69' lang='lat' dir='ltr'><strong>duxit.</strong></span> <span class='ocrx_word' id='word_1_58' title='bbox 3513 2521 3675 2579; x_wconf 66' lang='lat' dir='ltr'><strong>femi-</strong></span> 
     </span>
    </p>
   </div>
   <div class='ocr_carea' id='block_1_8' title="bbox 415 2592 3679 2692">
    <p class='ocr_par' dir='ltr' id='par_1_8' title="bbox 415 2592 3679 2692">
     <span class='ocr_line' id='line_1_8' title="bbox 415 2592 3679 2692; baseline -0.003 -9"><span class='ocrx_word' id='word_1_59' title='bbox 415 2644 541 2683; x_wconf 91' lang='lat' dir='ltr'><strong>nam</strong></span> <span class='ocrx_word' id='word_1_60' title='bbox 576 2592 902 2682; x_wconf 82' lang='lat' dir='ltr'><strong>insolentem</strong></span> <span class='ocrx_word' id='word_1_61' title='bbox 944 2634 1001 2681; x_wconf 93' lang='lat' dir='ltr'><strong>et</strong></span> <span class='ocrx_word' id='word_1_62' title='bbox 1030 2592 1606 2692; x_wconf 47' lang='lat' dir='ltr'><strong>Eutychianae—haaresi</strong></span> <span class='ocrx_word' id='word_1_63' title='bbox 1639 2615 1854 2687; x_wconf 88' lang='lat' dir='ltr'><strong>perdite</strong></span> <span class='ocrx_word' id='word_1_64' title='bbox 1886 2612 2186 2668; x_wconf 72' lang='lat' dir='ltr'><strong>addictam.</strong></span> <span class='ocrx_word' id='word_1_65' title='bbox 2225 2611 2384 2665; x_wconf 91' lang='lat' dir='ltr'><strong>Anno</strong></span> <span class='ocrx_word' id='word_1_66' title='bbox 2412 2610 2536 2675; x_wconf 85' lang='lat' dir='ltr'><strong>5l9,</strong></span> <span class='ocrx_word' id='word_1_67' title='bbox 2572 2627 2605 2666; x_wconf 89' lang='lat' dir='ltr'><strong>a</strong></span> <span class='ocrx_word' id='word_1_68' title='bbox 2636 2610 2854 2667; x_wconf 84' lang='lat' dir='ltr'><strong>Justino</strong></span> <span class='ocrx_word' id='word_1_69' title='bbox 2881 2612 3215 2683; x_wconf 73' lang='lat' dir='ltr'><strong>imperatore</strong></span> <span class='ocrx_word' id='word_1_70' title='bbox 3233 2616 3496 2686; x_wconf 83' lang='lat' dir='ltr'><strong>magister</strong></span> <span class='ocrx_word' id='word_1_71' title='bbox 3529 2592 3679 2672; x_wconf 83' lang='lat' dir='ltr'><strong>mili-</strong></span> 
     </span>
    </p>
   </div>
   <div class='ocr_carea' id='block_1_9' title="bbox 419 2704 3679 2783">
    <p class='ocr_par' dir='ltr' id='par_1_9' title="bbox 419 2704 3679 2783">
     <span class='ocr_line' id='line_1_9' title="bbox 419 2704 3679 2783; baseline -0.004 -8"><span class='ocrx_word' id='word_1_72' title='bbox 419 2731 535 2775; x_wconf 86' lang='lat' dir='ltr'><strong>tum</strong></span> <span class='ocrx_word' id='word_1_73' title='bbox 564 2719 748 2774; x_wconf 80' lang='lat' dir='ltr'><strong>factus</strong></span> <span class='ocrx_word' id='word_1_74' title='bbox 772 2727 877 2783; x_wconf 89' lang='lat' dir='ltr'><strong>est,</strong></span> <span class='ocrx_word' id='word_1_75' title='bbox 908 2728 965 2774; x_wconf 89' lang='lat' dir='ltr'><strong>et</strong></span> <span class='ocrx_word' id='word_1_76' title='bbox 993 2717 1048 2771; x_wconf 92' lang='lat' dir='ltr'><strong>in</strong></span> <span class='ocrx_word' id='word_1_77' title='bbox 1077 2714 1358 2772; x_wconf 84' lang='lat' dir='ltr'><strong>Orientem</strong></span> <span class='ocrx_word' id='word_1_78' title='bbox 1390 2726 1516 2768; x_wconf 91' lang='lat' dir='ltr'><strong>cum</strong></span> <span class='ocrx_word' id='word_1_79' title='bbox 1559 2709 1807 2765; x_wconf 83' lang='lat' dir='ltr'><strong>exercitu</strong></span> <span class='ocrx_word' id='word_1_80' title='bbox 1832 2706 2051 2771; x_wconf 88' lang='lat' dir='ltr'><strong>missus,</strong></span> <span class='ocrx_word' id='word_1_81' title='bbox 2084 2720 2199 2761; x_wconf 91' lang='lat' dir='ltr'><strong>rem</strong></span> <span class='ocrx_word' id='word_1_82' title='bbox 2233 2713 2424 2760; x_wconf 85' lang='lat' dir='ltr'><strong>contra</strong></span> <span class='ocrx_word' id='word_1_83' title='bbox 2454 2704 2648 2760; x_wconf 86' lang='lat' dir='ltr'><strong>Persas</strong></span> <span class='ocrx_word' id='word_1_84' title='bbox 2679 2705 2819 2760; x_wconf 86' lang='lat' dir='ltr'><strong>bene</strong></span> <span class='ocrx_word' id='word_1_85' title='bbox 2849 2706 3036 2776; x_wconf 79' lang='lat' dir='ltr'><strong>gessit.</strong></span> <span class='ocrx_word' id='word_1_86' title='bbox 3065 2706 3230 2762; x_wconf 83' lang='lat' dir='ltr'><strong>Anno</strong></span> <span class='ocrx_word' id='word_1_87' title='bbox 3254 2709 3382 2774; x_wconf 71' lang='lat'><strong>521,</strong></span> <span class='ocrx_word' id='word_1_88' title='bbox 3418 2708 3679 2767; x_wconf 81' lang='lat' dir='ltr'><strong>consula-</strong></span> 
     </span>
    </p>
   </div>
   <div class='ocr_carea' id='block_1_10' title="bbox 419 2788 3683 2881">
    <p class='ocr_par' dir='ltr' id='par_1_10' title="bbox 419 2788 3683 2881">
     <span class='ocr_line' id='line_1_10' title="bbox 419 2788 3683 2881; baseline -0.004 -12"><span class='ocrx_word' id='word_1_89' title='bbox 419 2826 535 2869; x_wconf 90' lang='lat' dir='ltr'><strong>tum</strong></span> <span class='ocrx_word' id='word_1_90' title='bbox 566 2812 744 2879; x_wconf 89' lang='lat' dir='ltr'><strong>ohiit;</strong></span> <span class='ocrx_word' id='word_1_91' title='bbox 796 2826 921 2866; x_wconf 88' lang='lat' dir='ltr'><strong>mox</strong></span> <span class='ocrx_word' id='word_1_92' title='bbox 946 2808 1232 2881; x_wconf 89' lang='lat' dir='ltr'><strong>patricius,</strong></span> <span class='ocrx_word' id='word_1_93' title='bbox 1256 2804 1458 2863; x_wconf 91' lang='lat' dir='ltr'><strong>deinde</strong></span> <span class='ocrx_word' id='word_1_94' title='bbox 1489 2799 1902 2868; x_wconf 82' lang='lat' dir='ltr'><strong>nobilissimus;</strong></span> <span class='ocrx_word' id='word_1_95' title='bbox 1959 2815 2024 2856; x_wconf 77' lang='lat' dir='ltr'><strong>ac</strong></span> <span class='ocrx_word' id='word_1_96' title='bbox 2080 2798 2300 2854; x_wconf 87' lang='lat' dir='ltr'><strong>tandem</strong></span> <span class='ocrx_word' id='word_1_97' title='bbox 2332 2788 2479 2854; x_wconf 79' lang='lat' dir='ltr'><strong>anno</strong></span> <span class='ocrx_word' id='word_1_98' title='bbox 2513 2798 2615 2853; x_wconf 86' lang='lat'><strong>527</strong></span> <span class='ocrx_word' id='word_1_99' title='bbox 2649 2838 2670 2863; x_wconf 89' lang='lat'><strong>,</strong></span> <span class='ocrx_word' id='word_1_100' title='bbox 2734 2798 2994 2854; x_wconf 82' lang='lat' dir='ltr'><strong>Kalendis</strong></span> <span class='ocrx_word' id='word_1_101' title='bbox 3019 2801 3333 2871; x_wconf 87' lang='lat' dir='ltr'><strong>Aprilibus,</strong></span> <span class='ocrx_word' id='word_1_102' title='bbox 3398 2801 3683 2873; x_wconf 83' lang='lat' dir='ltr'><strong>Augustus</strong></span> 
     </span>
    </p>
   </div>
   <div class='ocr_carea' id='block_1_11' title="bbox 419 2890 3683 2970">
    <p class='ocr_par' dir='ltr' id='par_1_11' title="bbox 419 2890 3683 2970">
     <span class='ocr_line' id='line_1_11' title="bbox 419 2890 3683 2970; baseline -0.004 -10"><span class='ocrx_word' id='word_1_103' title='bbox 419 2907 785 2969; x_wconf 84' lang='lat' dir='ltr'><strong>renuntiatus,</strong></span> <span class='ocrx_word' id='word_1_104' title='bbox 810 2918 935 2959; x_wconf 87' lang='lat' dir='ltr'><strong>cum</strong></span> <span class='ocrx_word' id='word_1_105' title='bbox 958 2901 1233 2958; x_wconf 78' lang='lat' dir='ltr'><strong>avunculo</strong></span> <span class='ocrx_word' id='word_1_106' title='bbox 1264 2912 1494 2970; x_wconf 81' lang='lat' dir='ltr'><strong>regnare</strong></span> <span class='ocrx_word' id='word_1_107' title='bbox 1522 2894 1729 2965; x_wconf 75' lang='lat' dir='ltr'><strong>coepit;</strong></span> <span class='ocrx_word' id='word_1_108' title='bbox 1756 2908 1867 2964; x_wconf 93' lang='lat' dir='ltr'><strong>quo</strong></span> <span class='ocrx_word' id='word_1_109' title='bbox 1890 2892 2151 2947; x_wconf 83' lang='lat' dir='ltr'><strong>defuncto</strong></span> <span class='ocrx_word' id='word_1_110' title='bbox 2182 2891 2441 2946; x_wconf 79' lang='lat' dir='ltr'><strong>Kalendis</strong></span> <span class='ocrx_word' id='word_1_111' title='bbox 2472 2890 2701 2960; x_wconf 81' lang='lat' dir='ltr'><strong>Augusti</strong></span> <span class='ocrx_word' id='word_1_112' title='bbox 2732 2890 2983 2961; x_wconf 88' lang='lat' dir='ltr'><strong>ejusdem</strong></span> <span class='ocrx_word' id='word_1_113' title='bbox 3013 2896 3165 2957; x_wconf 87' lang='lat' dir='ltr'><strong>anni,</strong></span> <span class='ocrx_word' id='word_1_114' title='bbox 3194 2890 3489 2963; x_wconf 88' lang='lat' dir='ltr'><strong>imperium</strong></span> <span class='ocrx_word' id='word_1_115' title='bbox 3523 2893 3683 2947; x_wconf 61' lang='lat' dir='ltr'><strong>dein.</strong></span> 
     </span>
    </p>
   </div>
   <div class='ocr_carea' id='block_1_12' title="bbox 419 2983 3685 3071">
    <p class='ocr_par' dir='ltr' id='par_1_12' title="bbox 419 2983 3685 3071">
     <span class='ocr_line' id='line_1_12' title="bbox 419 2983 3685 3071; baseline -0.005 -16"><span class='ocrx_word' id='word_1_116' title='bbox 419 3016 549 3071; x_wconf 85' lang='lat' dir='ltr'><strong>ceps</strong></span> <span class='ocrx_word' id='word_1_117' title='bbox 576 2999 724 3055; x_wconf 90' lang='lat' dir='ltr'><strong>solus</strong></span> <span class='ocrx_word' id='word_1_118' title='bbox 751 2998 948 3053; x_wconf 90' lang='lat' dir='ltr'><strong>tenuit.</strong></span> <span class='ocrx_word' id='word_1_119' title='bbox 980 2998 1143 3052; x_wconf 90' lang='lat' dir='ltr'><strong>Auno</strong></span> <span class='ocrx_word' id='word_1_120' title='bbox 1170 2993 1294 3058; x_wconf 82' lang='lat'><strong>528,</strong></span> <span class='ocrx_word' id='word_1_121' title='bbox 1326 2991 1568 3049; x_wconf 89' lang='lat' dir='ltr'><strong>edictum</strong></span> <span class='ocrx_word' id='word_1_122' title='bbox 1601 2986 1993 3060; x_wconf 77' lang='lat' dir='ltr'><strong>promulgavit,</strong></span> <span class='ocrx_word' id='word_1_123' title='bbox 2024 3001 2135 3055; x_wconf 89' lang='lat' dir='ltr'><strong>quo</strong></span> <span class='ocrx_word' id='word_1_124' title='bbox 2160 2985 2517 3040; x_wconf 86' lang='lat' dir='ltr'><strong>Nestorianos</strong></span> <span class='ocrx_word' id='word_1_125' title='bbox 2559 2993 2619 3039; x_wconf 91' lang='lat' dir='ltr'><strong>et</strong></span> <span class='ocrx_word' id='word_1_126' title='bbox 2648 2983 3041 3054; x_wconf 80' lang='lat' dir='ltr'><strong>Eutychianos,</strong></span> <span class='ocrx_word' id='word_1_127' title='bbox 3074 2994 3336 3055; x_wconf 83' lang='lat' dir='ltr'><strong>tanquam</strong></span> <span class='ocrx_word' id='word_1_128' title='bbox 3387 2983 3685 3039; x_wconf 68' lang='lat' dir='ltr'><strong>haereticos</strong></span> 
     </span>
    </p>
   </div>
   <div class='ocr_carea' id='block_1_13' title="bbox 418 3070 3690 3163">
    <p class='ocr_par' dir='ltr' id='par_1_13' title="bbox 418 3070 3690 3163">
     <span class='ocr_line' id='line_1_13' title="bbox 418 3070 3690 3163; baseline -0.006 -13"><span class='ocrx_word' id='word_1_129' title='bbox 418 3070 599 3163; x_wconf 72' lang='lat' dir='ltr'><strong>pcenis</strong></span> <span class='ocrx_word' id='word_1_130' title='bbox 628 3092 885 3148; x_wconf 82' lang='lat' dir='ltr'><strong>civilibus</strong></span> <span class='ocrx_word' id='word_1_131' title='bbox 914 3088 1229 3145; x_wconf 88' lang='lat' dir='ltr'><strong>multandos</strong></span> <span class='ocrx_word' id='word_1_132' title='bbox 1252 3085 1517 3150; x_wconf 85' lang='lat' dir='ltr'><strong>decrevit,</strong></span> <span class='ocrx_word' id='word_1_133' title='bbox 1540 3082 1734 3139; x_wconf 91' lang='lat' dir='ltr'><strong>eodem</strong></span> <span class='ocrx_word' id='word_1_134' title='bbox 1765 3089 1888 3151; x_wconf 88' lang='lat' dir='ltr'><strong>post</strong></span> <span class='ocrx_word' id='word_1_135' title='bbox 1912 3070 2354 3150; x_wconf 82' lang='lat' dir='ltr'><strong>quinquennium</strong></span> <span class='ocrx_word' id='word_1_136' title='bbox 2389 3084 2672 3132; x_wconf 89' lang='lat' dir='ltr'><strong>renovato.</strong></span> <span class='ocrx_word' id='word_1_137' title='bbox 2702 3078 2863 3132; x_wconf 86' lang='lat' dir='ltr'><strong>Anno</strong></span> <span class='ocrx_word' id='word_1_138' title='bbox 2894 3077 3017 3143; x_wconf 73' lang='lat' dir='ltr'><strong>5H,</strong></span> <span class='ocrx_word' id='word_1_139' title='bbox 3045 3076 3335 3149; x_wconf 86' lang='lat' dir='ltr'><strong>Origencm</strong></span> <span class='ocrx_word' id='word_1_140' title='bbox 3362 3079 3482 3148; x_wconf 89' lang='lat' dir='ltr'><strong>ipse</strong></span> <span class='ocrx_word' id='word_1_141' title='bbox 3504 3075 3690 3132; x_wconf 77' lang='lat' dir='ltr'><strong>edicto</strong></span> 
     </span>
    </p>
   </div>
   <div class='ocr_carea' id='block_1_14' title="bbox 419 3168 3688 3248">
    <p class='ocr_par' dir='ltr' id='par_1_14' title="bbox 419 3168 3688 3248">
     <span class='ocr_line' id='line_1_14' title="bbox 419 3168 3688 3248; baseline -0.004 -11"><span class='ocrx_word' id='word_1_142' title='bbox 419 3182 720 3248; x_wconf 82' lang='lat' dir='ltr'><strong>damnavit,</strong></span> <span class='ocrx_word' id='word_1_143' title='bbox 755 3192 813 3238; x_wconf 91' lang='lat' dir='ltr'><strong>et</strong></span> <span class='ocrx_word' id='word_1_144' title='bbox 844 3181 1035 3236; x_wconf 83' lang='lat' dir='ltr'><strong>habita</strong></span> <span class='ocrx_word' id='word_1_145' title='bbox 1068 3194 1192 3234; x_wconf 90' lang='lat' dir='ltr'><strong>mox</strong></span> <span class='ocrx_word' id='word_1_146' title='bbox 1240 3177 1343 3232; x_wconf 88' lang='lat' dir='ltr'><strong>sub</strong></span> <span class='ocrx_word' id='word_1_147' title='bbox 1369 3175 1565 3230; x_wconf 83' lang='lat' dir='ltr'><strong>Menna</strong></span> <span class='ocrx_word' id='word_1_148' title='bbox 1588 3172 1797 3244; x_wconf 88' lang='lat' dir='ltr'><strong>synodo</strong></span> <span class='ocrx_word' id='word_1_149' title='bbox 1825 3169 2326 3239; x_wconf 86' lang='lat' dir='ltr'><strong>Constantinopoli,</strong></span> <span class='ocrx_word' id='word_1_150' title='bbox 2363 3168 2516 3222; x_wconf 90' lang='lat' dir='ltr'><strong>illum</strong></span> <span class='ocrx_word' id='word_1_151' title='bbox 2549 3183 2672 3222; x_wconf 90' lang='lat' dir='ltr'><strong>cum</strong></span> <span class='ocrx_word' id='word_1_152' title='bbox 2710 3168 3078 3223; x_wconf 87' lang='lat' dir='ltr'><strong>sectatoribus</strong></span> <span class='ocrx_word' id='word_1_153' title='bbox 3108 3168 3457 3224; x_wconf 85' lang='lat' dir='ltr'><strong>anathemate</strong></span> <span class='ocrx_word' id='word_1_154' title='bbox 3483 3184 3688 3238; x_wconf 65' lang='lat' dir='ltr'><strong>percu.</strong></span> 
     </span>
    </p>
   </div>
   <div class='ocr_carea' id='block_1_15' title="bbox 423 3263 3686 3336">
    <p class='ocr_par' dir='ltr' id='par_1_15' title="bbox 423 3263 3686 3336">
     <span class='ocr_line' id='line_1_15' title="bbox 423 3263 3686 3336; baseline -0.004 -3"><span class='ocrx_word' id='word_1_155' title='bbox 423 3277 669 3336; x_wconf 87' lang='lat' dir='ltr'><strong>tiendum</strong></span> <span class='ocrx_word' id='word_1_156' title='bbox 698 3271 934 3332; x_wconf 83' lang='lat' dir='ltr'><strong>curavit.</strong></span> <span class='ocrx_word' id='word_1_157' title='bbox 973 3274 1130 3329; x_wconf 84' lang='lat' dir='ltr'><strong>Anno</strong></span> <span class='ocrx_word' id='word_1_158' title='bbox 1160 3273 1283 3336; x_wconf 64' lang='lat'><strong>545,</strong></span> <span class='ocrx_word' id='word_1_159' title='bbox 1311 3271 1459 3326; x_wconf 86' lang='lat' dir='ltr'><strong>edita</strong></span> <span class='ocrx_word' id='word_1_160' title='bbox 1492 3265 1909 3325; x_wconf 87' lang='lat' dir='ltr'><strong>constitutione.</strong></span> <span class='ocrx_word' id='word_1_161' title='bbox 1941 3266 2045 3320; x_wconf 88' lang='lat' dir='ltr'><strong>tria</strong></span> <span class='ocrx_word' id='word_1_162' title='bbox 2071 3263 2324 3335; x_wconf 85' lang='lat' dir='ltr'><strong>Capitula</strong></span> <span class='ocrx_word' id='word_1_163' title='bbox 2355 3264 2657 3329; x_wconf 88' lang='lat' dir='ltr'><strong>damnavit,</strong></span> <span class='ocrx_word' id='word_1_164' title='bbox 2680 3263 2829 3333; x_wconf 89' lang='lat' dir='ltr'><strong>quod</strong></span> <span class='ocrx_word' id='word_1_165' title='bbox 2875 3272 2933 3318; x_wconf 91' lang='lat' dir='ltr'><strong>et</strong></span> <span class='ocrx_word' id='word_1_166' title='bbox 2973 3272 3213 3320; x_wconf 82' lang='lat' dir='ltr'><strong>exeunte</strong></span> <span class='ocrx_word' id='word_1_167' title='bbox 3247 3274 3515 3334; x_wconf 88' lang='lat' dir='ltr'><strong>sequente</strong></span> <span class='ocrx_word' id='word_1_168' title='bbox 3540 3278 3686 3319; x_wconf 90' lang='lat' dir='ltr'><strong>anno</strong></span> 
     </span>
    </p>
   </div>
   <div class='ocr_carea' id='block_1_16' title="bbox 423 3354 3687 3442">
    <p class='ocr_par' dir='ltr' id='par_1_16' title="bbox 423 3354 3687 3442">
     <span class='ocr_line' id='line_1_16' title="bbox 423 3354 3687 3442; baseline -0.005 -17"><span class='ocrx_word' id='word_1_169' title='bbox 423 3369 665 3442; x_wconf 79' lang='lat' dir='ltr'><strong>synodus</strong></span> <span class='ocrx_word' id='word_1_170' title='bbox 684 3363 1296 3432; x_wconf 86' lang='lat' dir='ltr'><strong>Constantinopolitana</strong></span> <span class='ocrx_word' id='word_1_171' title='bbox 1331 3358 1524 3415; x_wconf 92' lang='lat' dir='ltr'><strong>itidem</strong></span> <span class='ocrx_word' id='word_1_172' title='bbox 1550 3358 1701 3413; x_wconf 78' lang='lat' dir='ltr'><strong>fecit.</strong></span> <span class='ocrx_word' id='word_1_173' title='bbox 1731 3356 1892 3412; x_wconf 89' lang='lat' dir='ltr'><strong>Anno</strong></span> <span class='ocrx_word' id='word_1_174' title='bbox 1922 3355 2047 3421; x_wconf 77' lang='lat'><strong>535,</strong></span> <span class='ocrx_word' id='word_1_175' title='bbox 2089 3354 2385 3409; x_wconf 88' lang='lat' dir='ltr'><strong>concilium</strong></span> <span class='ocrx_word' id='word_1_176' title='bbox 2420 3355 2823 3410; x_wconf 66' lang='lat' dir='ltr'><strong>aecumenicum</strong></span> <span class='ocrx_word' id='word_1_177' title='bbox 2852 3354 3331 3427; x_wconf 88' lang='lat' dir='ltr'><strong>Constantinopoli</strong></span> <span class='ocrx_word' id='word_1_178' title='bbox 3367 3355 3687 3411; x_wconf 84' lang='lat' dir='ltr'><strong>habendum</strong></span> 
     </span>
    </p>
   </div>
   <div class='ocr_carea' id='block_1_17' title="bbox 423 3446 3684 3531">
    <p class='ocr_par' dir='ltr' id='par_1_17' title="bbox 423 3446 3684 3531">
     <span class='ocr_line' id='line_1_17' title="bbox 423 3446 3684 3531; baseline -0.004 -12"><span class='ocrx_word' id='word_1_179' title='bbox 423 3464 623 3519; x_wconf 80' lang='lat' dir='ltr'><strong>indixit</strong></span> <span class='ocrx_word' id='word_1_180' title='bbox 655 3481 668 3515; x_wconf 91' lang='lat'><strong>:</strong></span> <span class='ocrx_word' id='word_1_181' title='bbox 696 3462 751 3515; x_wconf 91' lang='lat' dir='ltr'><strong>in</strong></span> <span class='ocrx_word' id='word_1_182' title='bbox 783 3474 894 3531; x_wconf 90' lang='lat' dir='ltr'><strong>quo</strong></span> <span class='ocrx_word' id='word_1_183' title='bbox 940 3474 969 3514; x_wconf 88' lang='lat' dir='ltr'><strong>a</strong></span> <span class='ocrx_word' id='word_1_184' title='bbox 1000 3456 1276 3520; x_wconf 88' lang='lat' dir='ltr'><strong>Patribus,</strong></span> <span class='ocrx_word' id='word_1_185' title='bbox 1303 3463 1365 3510; x_wconf 88' lang='lat' dir='ltr'><strong>ut</strong></span> <span class='ocrx_word' id='word_1_186' title='bbox 1403 3455 1507 3509; x_wconf 87' lang='lat' dir='ltr'><strong>tria</strong></span> <span class='ocrx_word' id='word_1_187' title='bbox 1540 3452 1793 3523; x_wconf 90' lang='lat' dir='ltr'><strong>Capitula</strong></span> <span class='ocrx_word' id='word_1_188' title='bbox 1819 3450 2217 3506; x_wconf 88' lang='lat' dir='ltr'><strong>damnarentur</strong></span> <span class='ocrx_word' id='word_1_189' title='bbox 2249 3448 2550 3519; x_wconf 87' lang='lat' dir='ltr'><strong>postulavit</strong></span> <span class='ocrx_word' id='word_1_190' title='bbox 2604 3457 2662 3503; x_wconf 92' lang='lat' dir='ltr'><strong>et</strong></span> <span class='ocrx_word' id='word_1_191' title='bbox 2709 3446 2954 3503; x_wconf 89' lang='lat' dir='ltr'><strong>obtinuit</strong></span> <span class='ocrx_word' id='word_1_192' title='bbox 2985 3448 3227 3521; x_wconf 82' lang='lat' dir='ltr'><strong>(Evagr.</strong></span> <span class='ocrx_word' id='word_1_193' title='bbox 3266 3450 3307 3504; x_wconf 92' lang='lat' dir='ltr'><strong>l.</strong></span> <span class='ocrx_word' id='word_1_194' title='bbox 3342 3466 3419 3518; x_wconf 80' lang='lat' dir='ltr'><strong>iv,</strong></span> <span class='ocrx_word' id='word_1_195' title='bbox 3471 3465 3525 3505; x_wconf 92' lang='lat' dir='ltr'><strong>c.</strong></span> <span class='ocrx_word' id='word_1_196' title='bbox 3555 3450 3684 3520; x_wconf 76' lang='lat'><strong>59).</strong></span> 
     </span>
    </p>
   </div>
   <div class='ocr_carea' id='block_1_18' title="bbox 423 3542 3687 3619">
    <p class='ocr_par' dir='ltr' id='par_1_18' title="bbox 423 3542 3687 3619">
     <span class='ocr_line' id='line_1_18' title="bbox 423 3542 3687 3619; baseline -0.005 -4"><span class='ocrx_word' id='word_1_197' title='bbox 423 3562 584 3615; x_wconf 79' lang='lat' dir='ltr'><strong>Anno</strong></span> <span class='ocrx_word' id='word_1_198' title='bbox 618 3556 743 3619; x_wconf 70' lang='lat'><strong>563,</strong></span> <span class='ocrx_word' id='word_1_199' title='bbox 776 3551 1160 3610; x_wconf 81' lang='lat' dir='ltr'><strong>fatiscentibus</strong></span> <span class='ocrx_word' id='word_1_200' title='bbox 1181 3566 1305 3606; x_wconf 84' lang='lat' dir='ltr'><strong>cum</strong></span> <span class='ocrx_word' id='word_1_201' title='bbox 1336 3564 1566 3619; x_wconf 88' lang='lat' dir='ltr'><strong>corpore</strong></span> <span class='ocrx_word' id='word_1_202' title='bbox 1597 3546 1766 3603; x_wconf 90' lang='lat' dir='ltr'><strong>animi</strong></span> <span class='ocrx_word' id='word_1_203' title='bbox 1791 3545 2025 3608; x_wconf 85' lang='lat' dir='ltr'><strong>viribus,</strong></span> <span class='ocrx_word' id='word_1_204' title='bbox 2062 3544 2133 3598; x_wconf 90' lang='lat' dir='ltr'><strong>ab</strong></span> <span class='ocrx_word' id='word_1_205' title='bbox 2160 3543 2440 3599; x_wconf 77' lang='lat' dir='ltr'><strong>haereticis</strong></span> <span class='ocrx_word' id='word_1_206' title='bbox 2469 3542 2801 3614; x_wconf 89' lang='lat' dir='ltr'><strong>quibusdam</strong></span> <span class='ocrx_word' id='word_1_207' title='bbox 2834 3543 3081 3609; x_wconf 89' lang='lat' dir='ltr'><strong>delusus,</strong></span> <span class='ocrx_word' id='word_1_208' title='bbox 3128 3544 3373 3601; x_wconf 90' lang='lat' dir='ltr'><strong>edictum</strong></span> <span class='ocrx_word' id='word_1_209' title='bbox 3417 3545 3687 3611; x_wconf 85' lang='lat' dir='ltr'><strong>condidit,</strong></span> 
     </span>
    </p>
   </div>
   <div class='ocr_carea' id='block_1_19' title="bbox 425 3634 3690 3725">
    <p class='ocr_par' dir='ltr' id='par_1_19' title="bbox 425 3634 3690 3725">
     <span class='ocr_line' id='line_1_19' title="bbox 425 3634 3690 3725; baseline -0.006 -17"><span class='ocrx_word' id='word_1_210' title='bbox 425 3668 537 3725; x_wconf 89' lang='lat' dir='ltr'><strong>quo</strong></span> <span class='ocrx_word' id='word_1_211' title='bbox 558 3649 764 3707; x_wconf 87' lang='lat' dir='ltr'><strong>Christi</strong></span> <span class='ocrx_word' id='word_1_212' title='bbox 798 3660 1002 3716; x_wconf 88' lang='lat' dir='ltr'><strong>corpus</strong></span> <span class='ocrx_word' id='word_1_213' title='bbox 1027 3644 1143 3715; x_wconf 87' lang='lat' dir='ltr'><strong>pari</strong></span> <span class='ocrx_word' id='word_1_214' title='bbox 1169 3643 1333 3698; x_wconf 88' lang='lat' dir='ltr'><strong>modo</strong></span> <span class='ocrx_word' id='word_1_215' title='bbox 1356 3651 1481 3697; x_wconf 89' lang='lat' dir='ltr'><strong>ante</strong></span> <span class='ocrx_word' id='word_1_216' title='bbox 1512 3656 1577 3697; x_wconf 90' lang='lat' dir='ltr'><strong>ac</strong></span> <span class='ocrx_word' id='word_1_217' title='bbox 1602 3648 1725 3713; x_wconf 91' lang='lat' dir='ltr'><strong>post</strong></span> <span class='ocrx_word' id='word_1_218' title='bbox 1756 3636 2224 3694; x_wconf 80' lang='lat' dir='ltr'><strong>resurrectionem</strong></span> <span class='ocrx_word' id='word_1_219' title='bbox 2261 3634 2638 3705; x_wconf 89' lang='lat' dir='ltr'><strong>corruptionis</strong></span> <span class='ocrx_word' id='word_1_220' title='bbox 2669 3643 2726 3688; x_wconf 88' lang='lat' dir='ltr'><strong>et</strong></span> <span class='ocrx_word' id='word_1_221' title='bbox 2747 3635 3085 3689; x_wconf 86' lang='lat' dir='ltr'><strong>naturalium</strong></span> <span class='ocrx_word' id='word_1_222' title='bbox 3114 3634 3472 3690; x_wconf 75' lang='lat' dir='ltr'><strong>aﬂ‘ectionum</strong></span> <span class='ocrx_word' id='word_1_223' title='bbox 3495 3649 3690 3704; x_wconf 78' lang='lat' dir='ltr'><strong>expers</strong></span> 
     </span>
    </p>
   </div>
   <div class='ocr_carea' id='block_1_20' title="bbox 425 3726 3687 3811">
    <p class='ocr_par' dir='ltr' id='par_1_20' title="bbox 425 3726 3687 3811">
     <span class='ocr_line' id='line_1_20' title="bbox 425 3726 3687 3811; baseline -0.006 -10"><span class='ocrx_word' id='word_1_224' title='bbox 425 3746 598 3801; x_wconf 74' lang='lat' dir='ltr'><strong>fuisse</strong></span> <span class='ocrx_word' id='word_1_225' title='bbox 629 3744 855 3811; x_wconf 91' lang='lat' dir='ltr'><strong>docuit;</strong></span> <span class='ocrx_word' id='word_1_226' title='bbox 891 3750 1061 3810; x_wconf 91' lang='lat' dir='ltr'><strong>utque</strong></span> <span class='ocrx_word' id='word_1_227' title='bbox 1110 3736 1397 3795; x_wconf 67' lang='lat' dir='ltr'><strong>sententiae</strong></span> <span class='ocrx_word' id='word_1_228' title='bbox 1441 3750 1554 3791; x_wconf 67' lang='lat' dir='ltr'><strong>suae</strong></span> <span class='ocrx_word' id='word_1_229' title='bbox 1582 3748 1774 3789; x_wconf 84' lang='lat' dir='ltr'><strong>omnes</strong></span> <span class='ocrx_word' id='word_1_230' title='bbox 1801 3731 2048 3803; x_wconf 87' lang='lat' dir='ltr'><strong>episcopi</strong></span> <span class='ocrx_word' id='word_1_231' title='bbox 2094 3728 2532 3795; x_wconf 88' lang='lat' dir='ltr'><strong>subscriberent,</strong></span> <span class='ocrx_word' id='word_1_232' title='bbox 2566 3727 2868 3784; x_wconf 83' lang='lat' dir='ltr'><strong>mandavit.</strong></span> <span class='ocrx_word' id='word_1_233' title='bbox 2915 3728 3217 3798; x_wconf 88' lang='lat' dir='ltr'><strong>Episcopos</strong></span> <span class='ocrx_word' id='word_1_234' title='bbox 3262 3727 3579 3785; x_wconf 87' lang='lat' dir='ltr'><strong>Orientales</strong></span> <span class='ocrx_word' id='word_1_235' title='bbox 3622 3726 3687 3782; x_wconf 85' lang='lat' dir='ltr'><strong>ad</strong></span> 
     </span>
    </p>
   </div>
   <div class='ocr_carea' id='block_1_21' title="bbox 428 3822 3687 3902">
    <p class='ocr_par' dir='ltr' id='par_1_21' title="bbox 428 3822 3687 3902">
     <span class='ocr_line' id='line_1_21' title="bbox 428 3822 3687 3902; baseline -0.006 -6"><span class='ocrx_word' id='word_1_236' title='bbox 428 3839 703 3897; x_wconf 82' lang='lat' dir='ltr'><strong>Anastasii</strong></span> <span class='ocrx_word' id='word_1_237' title='bbox 732 3836 1065 3894; x_wconf 83' lang='lat' dir='ltr'><strong>Antiocheni</strong></span> <span class='ocrx_word' id='word_1_238' title='bbox 1108 3832 1438 3891; x_wconf 88' lang='lat' dir='ltr'><strong>sententiam</strong></span> <span class='ocrx_word' id='word_1_239' title='bbox 1470 3837 1835 3902; x_wconf 85' lang='lat' dir='ltr'><strong>provocantes</strong></span> <span class='ocrx_word' id='word_1_240' title='bbox 1869 3826 2194 3898; x_wconf 86' lang='lat' dir='ltr'><strong>gravissime</strong></span> <span class='ocrx_word' id='word_1_241' title='bbox 2224 3824 2454 3890; x_wconf 84' lang='lat' dir='ltr'><strong>aﬂlixit;</strong></span> <span class='ocrx_word' id='word_1_242' title='bbox 2486 3823 2668 3894; x_wconf 92' lang='lat' dir='ltr'><strong>ipsum</strong></span> <span class='ocrx_word' id='word_1_243' title='bbox 2712 3837 2848 3878; x_wconf 89' lang='lat' dir='ltr'><strong>vero</strong></span> <span class='ocrx_word' id='word_1_244' title='bbox 2893 3822 3243 3879; x_wconf 84' lang='lat' dir='ltr'><strong>Anastasium</strong></span> <span class='ocrx_word' id='word_1_245' title='bbox 3269 3832 3327 3878; x_wconf 92' lang='lat' dir='ltr'><strong>et</strong></span> <span class='ocrx_word' id='word_1_246' title='bbox 3358 3822 3687 3895; x_wconf 80' lang='lat' dir='ltr'><strong>Eutychium</strong></span> 
     </span>
    </p>
   </div>
   <div class='ocr_carea' id='block_1_22' title="bbox 428 3914 3655 4004">
    <p class='ocr_par' dir='ltr' id='par_1_22' title="bbox 428 3914 3655 4004">
     <span class='ocr_line' id='line_1_22' title="bbox 428 3914 3655 4004; baseline -0.006 -16"><span class='ocrx_word' id='word_1_247' title='bbox 428 3931 800 4004; x_wconf 86' lang='lat' dir='ltr'><strong>patriarcham</strong></span> <span class='ocrx_word' id='word_1_248' title='bbox 839 3925 1512 3996; x_wconf 88' lang='lat' dir='ltr'><strong>Constantinopolitanum</strong></span> <span class='ocrx_word' id='word_1_249' title='bbox 1534 3929 1855 3979; x_wconf 89' lang='lat' dir='ltr'><strong>constanter</strong></span> <span class='ocrx_word' id='word_1_250' title='bbox 1885 3920 2229 3975; x_wconf 87' lang='lat' dir='ltr'><strong>reluctantes</strong></span> <span class='ocrx_word' id='word_1_251' title='bbox 2249 3916 2477 3973; x_wconf 90' lang='lat' dir='ltr'><strong>sedibus</strong></span> <span class='ocrx_word' id='word_1_252' title='bbox 2505 3917 2623 3971; x_wconf 88' lang='lat' dir='ltr'><strong>suis</strong></span> <span class='ocrx_word' id='word_1_253' title='bbox 2643 3914 2980 3997; x_wconf 76' lang='lat' dir='ltr'><strong>exturbavit,</strong></span> <span class='ocrx_word' id='word_1_254' title='bbox 3010 3923 3068 3970; x_wconf 91' lang='lat' dir='ltr'><strong>et</strong></span> <span class='ocrx_word' id='word_1_255' title='bbox 3101 3914 3158 3969; x_wconf 92' lang='lat' dir='ltr'><strong>in</strong></span> <span class='ocrx_word' id='word_1_256' title='bbox 3192 3914 3449 3970; x_wconf 84' lang='lat' dir='ltr'><strong>exsilium</strong></span> <span class='ocrx_word' id='word_1_257' title='bbox 3482 3915 3655 3986; x_wconf 87' lang='lat' dir='ltr'><strong>depor</strong></span> 
     </span>
    </p>
   </div>
   <div class='ocr_carea' id='block_1_23' title="bbox 431 4007 3676 4100">
    <p class='ocr_par' dir='ltr' id='par_1_23' title="bbox 431 4007 3676 4100">
     <span class='ocr_line' id='line_1_23' title="bbox 431 4007 3676 4100; baseline -0.006 -16"><span class='ocrx_word' id='word_1_258' title='bbox 431 4030 536 4085; x_wconf 88' lang='lat' dir='ltr'><strong>tari</strong></span> <span class='ocrx_word' id='word_1_259' title='bbox 567 4028 753 4100; x_wconf 82' lang='lat' dir='ltr'><strong>jussit.</strong></span> <span class='ocrx_word' id='word_1_260' title='bbox 778 4022 1107 4098; x_wconf 73' lang='lat' dir='ltr'><strong>Huiusmodi</strong></span> <span class='ocrx_word' id='word_1_261' title='bbox 1128 4022 1341 4078; x_wconf 87' lang='lat' dir='ltr'><strong>deliriis</strong></span> <span class='ocrx_word' id='word_1_262' title='bbox 1359 4019 1625 4083; x_wconf 90' lang='lat' dir='ltr'><strong>intentus,</strong></span> <span class='ocrx_word' id='word_1_263' title='bbox 1648 4017 1815 4072; x_wconf 89' lang='lat' dir='ltr'><strong>rebus</strong></span> <span class='ocrx_word' id='word_1_264' title='bbox 1840 4013 2099 4069; x_wconf 88' lang='lat' dir='ltr'><strong>humanis</strong></span> <span class='ocrx_word' id='word_1_265' title='bbox 2121 4020 2411 4082; x_wconf 82' lang='lat' dir='ltr'><strong>exemptus</strong></span> <span class='ocrx_word' id='word_1_266' title='bbox 2428 4020 2513 4066; x_wconf 91' lang='lat' dir='ltr'><strong>est</strong></span> <span class='ocrx_word' id='word_1_267' title='bbox 2535 4025 2682 4065; x_wconf 90' lang='lat' dir='ltr'><strong>anno</strong></span> <span class='ocrx_word' id='word_1_268' title='bbox 2701 4010 2824 4075; x_wconf 84' lang='lat'><strong>565,</strong></span> <span class='ocrx_word' id='word_1_269' title='bbox 2850 4009 2940 4064; x_wconf 89' lang='lat' dir='ltr'><strong>die</strong></span> <span class='ocrx_word' id='word_1_270' title='bbox 2974 4009 3040 4063; x_wconf 77' lang='lat' dir='ltr'><strong>M</strong></span> <span class='ocrx_word' id='word_1_271' title='bbox 3063 4007 3411 4073; x_wconf 86' lang='lat' dir='ltr'><strong>Novembris,</strong></span> <span class='ocrx_word' id='word_1_272' title='bbox 3439 4007 3676 4072; x_wconf 88' lang='lat' dir='ltr'><strong>dierum,</strong></span> 
     </span>
    </p>
   </div>
   <div class='ocr_carea' id='block_1_24' title="bbox 429 4099 3676 4197">
    <p class='ocr_par' dir='ltr' id='par_1_24' title="bbox 429 4099 3676 4197">
     <span class='ocr_line' id='line_1_24' title="bbox 429 4099 3676 4197; baseline -0.006 -24"><span class='ocrx_word' id='word_1_273' title='bbox 429 4121 636 4197; x_wconf 49' lang='lat' dir='ltr'><strong>gloria},</strong></span> <span class='ocrx_word' id='word_1_274' title='bbox 671 4126 729 4174; x_wconf 88' lang='lat' dir='ltr'><strong>et</strong></span> <span class='ocrx_word' id='word_1_275' title='bbox 779 4117 1183 4188; x_wconf 88' lang='lat' dir='ltr'><strong>triumphorum</strong></span> <span class='ocrx_word' id='word_1_276' title='bbox 1228 4123 1400 4170; x_wconf 89' lang='lat' dir='ltr'><strong>satur.</strong></span> <span class='ocrx_word' id='word_1_277' title='bbox 1436 4112 1558 4167; x_wconf 90' lang='lat' dir='ltr'><strong>Non</strong></span> <span class='ocrx_word' id='word_1_278' title='bbox 1591 4110 1822 4165; x_wconf 87' lang='lat' dir='ltr'><strong>deerant</strong></span> <span class='ocrx_word' id='word_1_279' title='bbox 1852 4107 2008 4171; x_wconf 90' lang='lat' dir='ltr'><strong>olim,</strong></span> <span class='ocrx_word' id='word_1_280' title='bbox 2040 4120 2143 4160; x_wconf 88' lang='lat' dir='ltr'><strong>nec</strong></span> <span class='ocrx_word' id='word_1_281' title='bbox 2167 4104 2368 4159; x_wconf 89' lang='lat' dir='ltr'><strong>desunt</strong></span> <span class='ocrx_word' id='word_1_282' title='bbox 2398 4101 2586 4168; x_wconf 92' lang='lat' dir='ltr'><strong>hodie,</strong></span> <span class='ocrx_word' id='word_1_283' title='bbox 2620 4101 2717 4172; x_wconf 88' lang='lat' dir='ltr'><strong>qui</strong></span> <span class='ocrx_word' id='word_1_284' title='bbox 2773 4101 2830 4156; x_wconf 90' lang='lat' dir='ltr'><strong>in</strong></span> <span class='ocrx_word' id='word_1_285' title='bbox 2885 4099 3317 4156; x_wconf 89' lang='lat' dir='ltr'><strong>sacratissimum</strong></span> <span class='ocrx_word' id='word_1_286' title='bbox 3343 4099 3676 4170; x_wconf 87' lang='lat' dir='ltr'><strong>principem,</strong></span> 
     </span>
    </p>
   </div>
   <div class='ocr_carea' id='block_1_25' title="bbox 432 4192 3677 4279">
    <p class='ocr_par' dir='ltr' id='par_1_25' title="bbox 432 4192 3677 4279">
     <span class='ocr_line' id='line_1_25' title="bbox 432 4192 3677 4279; baseline -0.007 -11"><span class='ocrx_word' id='word_1_287' title='bbox 432 4227 541 4268; x_wconf 87' lang='lat' dir='ltr'><strong>non</strong></span> <span class='ocrx_word' id='word_1_288' title='bbox 568 4192 752 4267; x_wconf 79' lang='lat' dir='ltr'><strong>minus</strong></span> <span class='ocrx_word' id='word_1_289' title='bbox 777 4210 1049 4275; x_wconf 87' lang='lat' dir='ltr'><strong>doctrina,</strong></span> <span class='ocrx_word' id='word_1_290' title='bbox 1079 4209 1307 4279; x_wconf 90' lang='lat' dir='ltr'><strong>pietate,</strong></span> <span class='ocrx_word' id='word_1_291' title='bbox 1333 4221 1499 4276; x_wconf 90' lang='lat' dir='ltr'><strong>quam</strong></span> <span class='ocrx_word' id='word_1_292' title='bbox 1529 4203 1775 4274; x_wconf 88' lang='lat' dir='ltr'><strong>potentia</strong></span> <span class='ocrx_word' id='word_1_293' title='bbox 1797 4208 1854 4255; x_wconf 89' lang='lat' dir='ltr'><strong>et</strong></span> <span class='ocrx_word' id='word_1_294' title='bbox 1879 4213 2066 4255; x_wconf 90' lang='lat' dir='ltr'><strong>rerum</strong></span> <span class='ocrx_word' id='word_1_295' title='bbox 2098 4206 2377 4269; x_wconf 85' lang='lat' dir='ltr'><strong>gestarum</strong></span> <span class='ocrx_word' id='word_1_296' title='bbox 2400 4196 2572 4267; x_wconf 87' lang='lat' dir='ltr'><strong>gloria</strong></span> <span class='ocrx_word' id='word_1_297' title='bbox 2605 4196 2836 4261; x_wconf 89' lang='lat' dir='ltr'><strong>clarum,</strong></span> <span class='ocrx_word' id='word_1_298' title='bbox 2872 4202 2987 4249; x_wconf 85' lang='lat' dir='ltr'><strong>tota</strong></span> <span class='ocrx_word' id='word_1_299' title='bbox 3016 4192 3416 4258; x_wconf 78' lang='lat' dir='ltr'><strong>calumniarum</strong></span> <span class='ocrx_word' id='word_1_300' title='bbox 3445 4200 3505 4248; x_wconf 91' lang='lat' dir='ltr'><strong>et</strong></span> <span class='ocrx_word' id='word_1_301' title='bbox 3544 4207 3677 4248; x_wconf 82' lang='lat' dir='ltr'><strong>eon-</strong></span> 
     </span>
    </p>
   </div>
   <div class='ocr_carea' id='block_1_26' title="bbox 428 4287 3686 4377">
    <p class='ocr_par' dir='ltr' id='par_1_26' title="bbox 428 4287 3686 4377">
     <span class='ocr_line' id='line_1_26' title="bbox 428 4287 3686 4377; baseline -0.005 -19"><span class='ocrx_word' id='word_1_302' title='bbox 428 4305 698 4360; x_wconf 84' lang='lat' dir='ltr'><strong>viciorum</strong></span> <span class='ocrx_word' id='word_1_303' title='bbox 731 4306 975 4377; x_wconf 90' lang='lat' dir='ltr'><strong>plaustra</strong></span> <span class='ocrx_word' id='word_1_304' title='bbox 1008 4310 1330 4358; x_wconf 77' lang='lat' dir='ltr'><strong>exonerant.</strong></span> <span class='ocrx_word' id='word_1_305' title='bbox 1362 4301 1537 4356; x_wconf 80' lang='lat' dir='ltr'><strong>Nemo</strong></span> <span class='ocrx_word' id='word_1_306' title='bbox 1563 4313 1696 4354; x_wconf 91' lang='lat' dir='ltr'><strong>vero</strong></span> <span class='ocrx_word' id='word_1_307' title='bbox 1728 4311 1973 4366; x_wconf 89' lang='lat' dir='ltr'><strong>unquam</strong></span> <span class='ocrx_word' id='word_1_308' title='bbox 1999 4292 2264 4364; x_wconf 91' lang='lat' dir='ltr'><strong>iniquiori</strong></span> <span class='ocrx_word' id='word_1_309' title='bbox 2307 4307 2541 4347; x_wconf 88' lang='lat' dir='ltr'><strong>censura</strong></span> <span class='ocrx_word' id='word_1_310' title='bbox 2561 4332 2576 4358; x_wconf 94' lang='lat'><strong>,</strong></span> <span class='ocrx_word' id='word_1_311' title='bbox 2607 4299 2664 4346; x_wconf 92' lang='lat' dir='ltr'><strong>et</strong></span> <span class='ocrx_word' id='word_1_312' title='bbox 2694 4288 3086 4344; x_wconf 89' lang='lat' dir='ltr'><strong>inverecundia</strong></span> <span class='ocrx_word' id='word_1_313' title='bbox 3118 4288 3280 4358; x_wconf 89' lang='lat' dir='ltr'><strong>longe</strong></span> <span class='ocrx_word' id='word_1_314' title='bbox 3311 4287 3455 4342; x_wconf 81' lang='lat' dir='ltr'><strong>infra</strong></span> <span class='ocrx_word' id='word_1_315' title='bbox 3486 4287 3686 4342; x_wconf 87' lang='lat' dir='ltr'><strong>summi</strong></span> 
     </span>
    </p>
   </div>
   <div class='ocr_carea' id='block_1_27' title="bbox 431 4374 3691 4469">
    <p class='ocr_par' dir='ltr' id='par_1_27' title="bbox 431 4374 3691 4469">
     <span class='ocr_line' id='line_1_27' title="bbox 431 4374 3691 4469; baseline -0.007 -17"><span class='ocrx_word' id='word_1_316' title='bbox 431 4397 704 4469; x_wconf 89' lang='lat' dir='ltr'><strong>principis</strong></span> <span class='ocrx_word' id='word_1_317' title='bbox 730 4407 959 4461; x_wconf 87' lang='lat' dir='ltr'><strong>sortem,</strong></span> <span class='ocrx_word' id='word_1_318' title='bbox 988 4395 1045 4449; x_wconf 92' lang='lat' dir='ltr'><strong>in</strong></span> <span class='ocrx_word' id='word_1_319' title='bbox 1076 4390 1499 4464; x_wconf 86' lang='lat' dir='ltr'><strong>angustissimos</strong></span> <span class='ocrx_word' id='word_1_320' title='bbox 1522 4386 1818 4444; x_wconf 82' lang='lat' dir='ltr'><strong>Justiniani</strong></span> <span class='ocrx_word' id='word_1_321' title='bbox 1849 4398 2039 4440; x_wconf 90' lang='lat' dir='ltr'><strong>manes</strong></span> <span class='ocrx_word' id='word_1_322' title='bbox 2077 4381 2451 4437; x_wconf 80' lang='lat' dir='ltr'><strong>debacchatus</strong></span> <span class='ocrx_word' id='word_1_323' title='bbox 2478 4388 2582 4442; x_wconf 88' lang='lat' dir='ltr'><strong>cst,</strong></span> <span class='ocrx_word' id='word_1_324' title='bbox 2621 4393 2785 4449; x_wconf 91' lang='lat' dir='ltr'><strong>quam</strong></span> <span class='ocrx_word' id='word_1_325' title='bbox 2819 4375 3115 4431; x_wconf 89' lang='lat' dir='ltr'><strong>cardinalis</strong></span> <span class='ocrx_word' id='word_1_326' title='bbox 3134 4374 3407 4429; x_wconf 87' lang='lat' dir='ltr'><strong>Baronius</strong></span> <span class='ocrx_word' id='word_1_327' title='bbox 3434 4378 3473 4441; x_wconf 90' lang='lat'><strong>‘,</strong></span> <span class='ocrx_word' id='word_1_328' title='bbox 3503 4390 3691 4429; x_wconf 80' lang='lat' dir='ltr'><strong>omnes</strong></span> 
     </span>
    </p>
   </div>
   <div class='ocr_carea' id='block_1_28' title="bbox 434 4462 3691 4561">
    <p class='ocr_par' dir='ltr' id='par_1_28' title="bbox 434 4462 3691 4561">
     <span class='ocr_line' id='line_1_28' title="bbox 434 4462 3691 4561; baseline -0.008 -14"><span class='ocrx_word' id='word_1_329' title='bbox 434 4494 489 4546; x_wconf 91' lang='lat' dir='ltr'><strong>in</strong></span> <span class='ocrx_word' id='word_1_330' title='bbox 524 4462 631 4547; x_wconf 80' lang='lat' dir='ltr'><strong>hoc</strong></span> <span class='ocrx_word' id='word_1_331' title='bbox 651 4491 981 4561; x_wconf 74' lang='lat' dir='ltr'><strong>eloquentia:</strong></span> <span class='ocrx_word' id='word_1_332' title='bbox 1005 4462 1206 4541; x_wconf 82' lang='lat' dir='ltr'><strong>nervos</strong></span> <span class='ocrx_word' id='word_1_333' title='bbox 1233 4483 1550 4547; x_wconf 90' lang='lat' dir='ltr'><strong>intendens,</strong></span> <span class='ocrx_word' id='word_1_334' title='bbox 1583 4489 1645 4535; x_wconf 93' lang='lat' dir='ltr'><strong>ut</strong></span> <span class='ocrx_word' id='word_1_335' title='bbox 1668 4496 1735 4535; x_wconf 91' lang='lat' dir='ltr'><strong>ex</strong></span> <span class='ocrx_word' id='word_1_336' title='bbox 1767 4480 2099 4548; x_wconf 90' lang='lat' dir='ltr'><strong>imperatore</strong></span> <span class='ocrx_word' id='word_1_337' title='bbox 2128 4474 2573 4535; x_wconf 87' lang='lat' dir='ltr'><strong>nonhominem,</strong></span> <span class='ocrx_word' id='word_1_338' title='bbox 2607 4471 2705 4526; x_wconf 90' lang='lat' dir='ltr'><strong>sed</strong></span> <span class='ocrx_word' id='word_1_339' title='bbox 2742 4469 3027 4524; x_wconf 87' lang='lat' dir='ltr'><strong>diabolum</strong></span> <span class='ocrx_word' id='word_1_340' title='bbox 3079 4467 3242 4522; x_wconf 91' lang='lat' dir='ltr'><strong>nobis</strong></span> <span class='ocrx_word' id='word_1_341' title='bbox 3267 4465 3579 4522; x_wconf 78' lang='lat' dir='ltr'><strong>exhiberet.</strong></span> <span class='ocrx_word' id='word_1_342' title='bbox 3620 4462 3691 4522; x_wconf 69' lang='grc'><strong>15⁸</strong></span> 
     </span>
    </p>
   </div>
   <div class='ocr_carea' id='block_1_29' title="bbox 432 4558 3695 4651">
    <p class='ocr_par' dir='ltr' id='par_1_29' title="bbox 432 4558 3695 4651">
     <span class='ocr_line' id='line_1_29' title="bbox 432 4558 3695 4651; baseline -0.009 -13"><span class='ocrx_word' id='word_1_343' title='bbox 432 4583 598 4640; x_wconf 83' lang='lat' dir='ltr'><strong>ﬁdem</strong></span> <span class='ocrx_word' id='word_1_344' title='bbox 624 4558 839 4647; x_wconf 77' lang='lat' dir='ltr'><strong>faciam,</strong></span> <span class='ocrx_word' id='word_1_345' title='bbox 872 4580 1123 4651; x_wconf 66' lang='lat' dir='ltr'><strong>quaedam</strong></span> <span class='ocrx_word' id='word_1_346' title='bbox 1151 4575 1346 4633; x_wconf 89' lang='lat' dir='ltr'><strong>lectori</strong></span> <span class='ocrx_word' id='word_1_347' title='bbox 1369 4575 1441 4630; x_wconf 92' lang='lat' dir='ltr'><strong>ob</strong></span> <span class='ocrx_word' id='word_1_348' title='bbox 1478 4574 1667 4629; x_wconf 90' lang='lat' dir='ltr'><strong>oculos</strong></span> <span class='ocrx_word' id='word_1_349' title='bbox 1705 4586 1926 4642; x_wconf 90' lang='lat' dir='ltr'><strong>ponam.</strong></span> <span class='ocrx_word' id='word_1_350' title='bbox 1962 4589 1981 4621; x_wconf 83' lang='grc'><strong>‹</strong></span> <span class='ocrx_word' id='word_1_351' title='bbox 2017 4569 2163 4633; x_wconf 85' lang='lat' dir='ltr'><strong>Fuit,</strong></span> <span class='ocrx_word' id='word_1_352' title='bbox 2200 4564 2402 4635; x_wconf 91' lang='lat' dir='ltr'><strong>inquit,</strong></span> <span class='ocrx_word' id='word_1_353' title='bbox 2444 4564 2610 4618; x_wconf 91' lang='lat' dir='ltr'><strong>homo</strong></span> <span class='ocrx_word' id='word_1_354' title='bbox 2654 4561 2877 4632; x_wconf 86' lang='lat' dir='ltr'><strong>penitus</strong></span> <span class='ocrx_word' id='word_1_355' title='bbox 2912 4558 3263 4623; x_wconf 88' lang='lat' dir='ltr'><strong>illitteratus;</strong></span> <span class='ocrx_word' id='word_1_356' title='bbox 3292 4559 3433 4612; x_wconf 90' lang='lat' dir='ltr'><strong>adeo</strong></span> <span class='ocrx_word' id='word_1_357' title='bbox 3481 4563 3546 4610; x_wconf 92' lang='lat' dir='ltr'><strong>ut</strong></span> <span class='ocrx_word' id='word_1_358' title='bbox 3592 4570 3695 4618; x_wconf 85' lang='lat' dir='ltr'><strong>nec</strong></span> 
     </span>
    </p>
   </div>
   <div class='ocr_carea' id='block_1_30' title="bbox 434 4645 3696 4746">
    <p class='ocr_par' dir='ltr' id='par_1_30' title="bbox 434 4645 3696 4746">
     <span class='ocr_line' id='line_1_30' title="bbox 434 4645 3696 4746; baseline -0.01 -16"><span class='ocrx_word' id='word_1_359' title='bbox 434 4674 786 4746; x_wconf 87' lang='lat' dir='ltr'><strong>alphabetum</strong></span> <span class='ocrx_word' id='word_1_360' title='bbox 826 4645 1126 4741; x_wconf 45' lang='lat' dir='ltr'><strong>ali-quando</strong></span> <span class='ocrx_word' id='word_1_361' title='bbox 1151 4666 1455 4723; x_wconf 87' lang='lat' dir='ltr'><strong>didicisset.</strong></span> <span class='ocrx_word' id='word_1_362' title='bbox 1497 4662 1810 4732; x_wconf 83' lang='lat' dir='ltr'><strong>Sacrilegus</strong></span> <span class='ocrx_word' id='word_1_363' title='bbox 1844 4660 2165 4729; x_wconf 89' lang='lat' dir='ltr'><strong>imperator,</strong></span> <span class='ocrx_word' id='word_1_364' title='bbox 2204 4657 2300 4726; x_wconf 91' lang='lat' dir='ltr'><strong>qui</strong></span> <span class='ocrx_word' id='word_1_365' title='bbox 2350 4670 2460 4709; x_wconf 91' lang='lat' dir='ltr'><strong>non</strong></span> <span class='ocrx_word' id='word_1_366' title='bbox 2505 4654 2681 4708; x_wconf 87' lang='lat' dir='ltr'><strong>levem</strong></span> <span class='ocrx_word' id='word_1_367' title='bbox 2709 4650 3156 4722; x_wconf 87' lang='lat' dir='ltr'><strong>persecutionem</strong></span> <span class='ocrx_word' id='word_1_368' title='bbox 3192 4649 3478 4712; x_wconf 88' lang='lat' dir='ltr'><strong>excitavit,</strong></span> <span class='ocrx_word' id='word_1_369' title='bbox 3510 4645 3696 4701; x_wconf 79' lang='lat' dir='ltr'><strong>furore</strong></span> 
     </span>
    </p>
   </div>
   <div class='ocr_carea' id='block_1_31' title="bbox 434 4735 3696 4836">
    <p class='ocr_par' dir='ltr' id='par_1_31' title="bbox 434 4735 3696 4836">
     <span class='ocr_line' id='line_1_31' title="bbox 434 4735 3696 4836; baseline -0.009 -16"><span class='ocrx_word' id='word_1_370' title='bbox 434 4735 702 4836; x_wconf 74' lang='lat' dir='ltr'><strong>percitus,</strong></span> <span class='ocrx_word' id='word_1_371' title='bbox 743 4735 936 4818; x_wconf 25' lang='lat' dir='ltr'><strong>menter</strong></span> <span class='ocrx_word' id='word_1_372' title='bbox 960 4761 1224 4825; x_wconf 90' lang='lat' dir='ltr'><strong>dimotus,</strong></span> <span class='ocrx_word' id='word_1_373' title='bbox 1260 4764 1558 4827; x_wconf 88' lang='lat' dir='ltr'><strong>corruptus</strong></span> <span class='ocrx_word' id='word_1_374' title='bbox 1584 4753 1825 4823; x_wconf 87' lang='lat' dir='ltr'><strong>maligno</strong></span> <span class='ocrx_word' id='word_1_375' title='bbox 1856 4751 2080 4822; x_wconf 87' lang='lat' dir='ltr'><strong>spiritu,</strong></span> <span class='ocrx_word' id='word_1_376' title='bbox 2112 4748 2352 4819; x_wconf 80' lang='lat' dir='ltr'><strong>agitatus</strong></span> <span class='ocrx_word' id='word_1_377' title='bbox 2386 4761 2417 4800; x_wconf 88' lang='lat' dir='ltr'><strong>a</strong></span> <span class='ocrx_word' id='word_1_378' title='bbox 2448 4746 2667 4809; x_wconf 88' lang='lat' dir='ltr'><strong>Satana,</strong></span> <span class='ocrx_word' id='word_1_379' title='bbox 2703 4743 2909 4813; x_wconf 88' lang='lat' dir='ltr'><strong>quique</strong></span> <span class='ocrx_word' id='word_1_380' title='bbox 2941 4755 3161 4796; x_wconf 88' lang='lat' dir='ltr'><strong>omnem</strong></span> <span class='ocrx_word' id='word_1_381' title='bbox 3194 4739 3250 4793; x_wconf 91' lang='lat' dir='ltr'><strong>in</strong></span> <span class='ocrx_word' id='word_1_382' title='bbox 3279 4738 3530 4793; x_wconf 81' lang='lat' dir='ltr'><strong>Ecclesia</strong></span> <span class='ocrx_word' id='word_1_383' title='bbox 3581 4735 3696 4791; x_wconf 88' lang='lat' dir='ltr'><strong>dis-</strong></span> 
     </span>
    </p>
   </div>
   <div class='ocr_carea' id='block_1_32' title="bbox 437 4828 3696 4925">
    <p class='ocr_par' dir='ltr' id='par_1_32' title="bbox 437 4828 3696 4925">
     <span class='ocr_line' id='line_1_32' title="bbox 437 4828 3696 4925; baseline -0.01 -11"><span class='ocrx_word' id='word_1_384' title='bbox 437 4828 603 4914; x_wconf 68' lang='lat' dir='ltr'><strong>solvit</strong></span> <span class='ocrx_word' id='word_1_385' title='bbox 638 4857 915 4919; x_wconf 88' lang='lat' dir='ltr'><strong>ordinem,</strong></span> <span class='ocrx_word' id='word_1_386' title='bbox 941 4855 1179 4925; x_wconf 75' lang='lat' dir='ltr'><strong>iecitque</strong></span> <span class='ocrx_word' id='word_1_387' title='bbox 1211 4870 1282 4910; x_wconf 91' lang='lat' dir='ltr'><strong>ex</strong></span> <span class='ocrx_word' id='word_1_388' title='bbox 1311 4866 1481 4923; x_wconf 80' lang='lat' dir='ltr'><strong>regno</strong></span> <span class='ocrx_word' id='word_1_389' title='bbox 1508 4849 1776 4905; x_wconf 72' lang='lat' dir='ltr'><strong>emlorum</strong></span> <span class='ocrx_word' id='word_1_390' title='bbox 1803 4844 2144 4916; x_wconf 72' lang='lat' dir='ltr'><strong>ergastulum</strong></span> <span class='ocrx_word' id='word_1_391' title='bbox 2173 4840 2480 4894; x_wconf 77' lang='lat' dir='ltr'><strong>inferorum</strong></span> <span class='ocrx_word' id='word_1_392' title='bbox 2514 4834 2745 4906; x_wconf 75' lang='lat' dir='ltr'><strong>(Annal.</strong></span> <span class='ocrx_word' id='word_1_393' title='bbox 2798 4834 2869 4889; x_wconf 83' lang='lat' dir='ltr'><strong>ad</strong></span> <span class='ocrx_word' id='word_1_394' title='bbox 2908 4849 3002 4887; x_wconf 85' lang='lat' dir='ltr'><strong>an.</strong></span> <span class='ocrx_word' id='word_1_395' title='bbox 3037 4832 3163 4897; x_wconf 80' lang='lat' dir='ltr'><strong>55i,</strong></span> <span class='ocrx_word' id='word_1_396' title='bbox 3191 4846 3349 4885; x_wconf 92' lang='lat' dir='ltr'><strong>num.</strong></span> <span class='ocrx_word' id='word_1_397' title='bbox 3378 4830 3435 4895; x_wconf 81' lang='lat'><strong>3,</strong></span> <span class='ocrx_word' id='word_1_398' title='bbox 3474 4830 3538 4894; x_wconf 71' lang='lat'><strong>4;</strong></span> <span class='ocrx_word' id='word_1_399' title='bbox 3572 4828 3696 4889; x_wconf 79' lang='lat'><strong>528.</strong></span> 
     </span>
    </p>
   </div>
   <div class='ocr_carea' id='block_1_33' title="bbox 439 4921 3700 5018">
    <p class='ocr_par' dir='ltr' id='par_1_33' title="bbox 439 4921 3700 5018">
     <span class='ocr_line' id='line_1_33' title="bbox 439 4921 3700 5018; baseline -0.011 -10"><span class='ocrx_word' id='word_1_400' title='bbox 439 4968 592 5009; x_wconf 89' lang='lat' dir='ltr'><strong>num.</strong></span> <span class='ocrx_word' id='word_1_401' title='bbox 615 4952 723 5018; x_wconf 87' lang='lat'><strong>20;</strong></span> <span class='ocrx_word' id='word_1_402' title='bbox 754 4951 876 5016; x_wconf 79' lang='lat'><strong>555,</strong></span> <span class='ocrx_word' id='word_1_403' title='bbox 903 4966 1060 5009; x_wconf 90' lang='lat' dir='ltr'><strong>num.</strong></span> <span class='ocrx_word' id='word_1_404' title='bbox 1090 4949 1219 5011; x_wconf 83' lang='lat'><strong>2|).</strong></span> <span class='ocrx_word' id='word_1_405' title='bbox 1251 4967 1271 5000; x_wconf 74' lang='grc' dir='ltr'><strong>ι</strong></span> <span class='ocrx_word' id='word_1_406' title='bbox 1334 4921 1590 5002; x_wconf 79' lang='lat' dir='ltr'><strong>Infinitus</strong></span> <span class='ocrx_word' id='word_1_407' title='bbox 1620 4955 1800 4996; x_wconf 91' lang='lat' dir='ltr'><strong>essem</strong></span> <span class='ocrx_word' id='word_1_408' title='bbox 1827 4980 1843 5005; x_wconf 97' lang='lat'><strong>,</strong></span> <span class='ocrx_word' id='word_1_409' title='bbox 1910 4937 1955 4991; x_wconf 88' lang='lat' dir='ltr'><strong>si</strong></span> <span class='ocrx_word' id='word_1_410' title='bbox 2015 4932 2201 4989; x_wconf 88' lang='lat' dir='ltr'><strong>omnia</strong></span> <span class='ocrx_word' id='word_1_411' title='bbox 2263 4943 2673 5000; x_wconf 86' lang='lat' dir='ltr'><strong>percurrerem.</strong></span> <span class='ocrx_word' id='word_1_412' title='bbox 2711 4924 2830 4980; x_wconf 85' lang='lat' dir='ltr'><strong>Non</strong></span> <span class='ocrx_word' id='word_1_413' title='bbox 2883 4922 3019 4979; x_wconf 89' lang='lat' dir='ltr'><strong>mihi</strong></span> <span class='ocrx_word' id='word_1_414' title='bbox 3074 4922 3132 4976; x_wconf 91' lang='lat' dir='ltr'><strong>in</strong></span> <span class='ocrx_word' id='word_1_415' title='bbox 3176 4921 3361 4976; x_wconf 90' lang='lat' dir='ltr'><strong>animo</strong></span> <span class='ocrx_word' id='word_1_416' title='bbox 3407 4928 3532 4985; x_wconf 89' lang='lat' dir='ltr'><strong>est,</strong></span> <span class='ocrx_word' id='word_1_417' title='bbox 3578 4930 3700 4991; x_wconf 90' lang='lat' dir='ltr'><strong>post</strong></span> 
     </span>
    </p>
   </div>
   <div class='ocr_carea' id='block_1_34' title="bbox 436 5010 3701 5112">
    <p class='ocr_par' dir='ltr' id='par_1_34' title="bbox 436 5010 3701 5112">
     <span class='ocr_line' id='line_1_34' title="bbox 436 5010 3701 5112; baseline -0.011 -12"><span class='ocrx_word' id='word_1_418' title='bbox 436 5044 756 5108; x_wconf 84' lang='lat' dir='ltr'><strong>Cuinetum,</strong></span> <span class='ocrx_word' id='word_1_419' title='bbox 782 5041 1140 5112; x_wconf 81' lang='lat' dir='ltr'><strong>Ciplianium,</strong></span> <span class='ocrx_word' id='word_1_420' title='bbox 1176 5037 1519 5098; x_wconf 86' lang='lat' dir='ltr'><strong>Trivorium,</strong></span> <span class='ocrx_word' id='word_1_421' title='bbox 1568 5032 1790 5092; x_wconf 81' lang='lat' dir='ltr'><strong>Rivium</strong></span> <span class='ocrx_word' id='word_1_422' title='bbox 1835 5033 2167 5088; x_wconf 85' lang='lat' dir='ltr'><strong>nostratem,</strong></span> <span class='ocrx_word' id='word_1_423' title='bbox 2196 5022 2481 5089; x_wconf 88' lang='lat' dir='ltr'><strong>aliosque,</strong></span> <span class='ocrx_word' id='word_1_424' title='bbox 2537 5015 2743 5089; x_wconf 77' lang='lat' dir='ltr'><strong>egregii</strong></span> <span class='ocrx_word' id='word_1_425' title='bbox 2782 5015 3054 5086; x_wconf 91' lang='lat' dir='ltr'><strong>principis</strong></span> <span class='ocrx_word' id='word_1_426' title='bbox 3085 5012 3360 5067; x_wconf 85' lang='lat' dir='ltr'><strong>vindicias</strong></span> <span class='ocrx_word' id='word_1_427' title='bbox 3404 5026 3591 5082; x_wconf 86' lang='lat' dir='ltr'><strong>agere.</strong></span> <span class='ocrx_word' id='word_1_428' title='bbox 3624 5010 3701 5065; x_wconf 81' lang='lat' dir='ltr'><strong>De</strong></span> 
     </span>
    </p>
   </div>
   <div class='ocr_carea' id='block_1_35' title="bbox 437 5080 3715 5196">
    <p class='ocr_par' dir='ltr' id='par_1_35' title="bbox 437 5080 3715 5196">
     <span class='ocr_line' id='line_1_35' title="bbox 437 5080 3463 5112; baseline -0.009 -12"><span class='ocrx_word' id='word_1_429' title='bbox 437 5080 756 5108; x_wconf 67' lang='grc' dir='ltr'><strong>υυηιωυιιη</strong></span> <span class='ocrx_word' id='word_1_430' title='bbox 783 5080 1140 5112; x_wconf 65' lang='grc' dir='ltr'><strong>ν..,.......υ...,</strong></span> <span class='ocrx_word' id='word_1_431' title='bbox 1186 5080 1208 5095; x_wconf 89' lang='grc'><em>.</em></span> <span class='ocrx_word' id='word_1_432' title='bbox 2002 5080 2009 5081; x_wconf 34' lang='grc' dir='ltr'><em>κ</em></span> <span class='ocrx_word' id='word_1_433' title='bbox 2154 5080 2165 5088; x_wconf 93' lang='grc'>,</span> <span class='ocrx_word' id='word_1_434' title='bbox 2357 5080 2371 5089; x_wconf 88' lang='grc'><strong>,</strong></span> <span class='ocrx_word' id='word_1_435' title='bbox 2469 5080 2477 5083; x_wconf 87' lang='lat'>_</span> <span class='ocrx_word' id='word_1_436' title='bbox 2573 5080 2603 5089; x_wconf 76' lang='lat'>_</span> <span class='ocrx_word' id='word_1_437' title='bbox 2673 5080 2700 5087; x_wconf 77' lang='grc'>,</span> <span class='ocrx_word' id='word_1_438' title='bbox 2782 5080 2802 5086; x_wconf 91' lang='lat'>_</span> <span class='ocrx_word' id='word_1_439' title='bbox 2967 5080 2984 5085; x_wconf 90' lang='lat'>_</span> <span class='ocrx_word' id='word_1_440' title='bbox 3451 5080 3463 5082; x_wconf 22' lang='grc' dir='ltr'>ί</span> 
     </span>
     <span class='ocr_line' id='line_1_36' title="bbox 437 5080 3715 5196; baseline -0.012 0"><span class='ocrx_word' id='word_1_441' title='bbox 437 5140 656 5196; x_wconf 84' lang='lat' dir='ltr'><strong>eximiis</strong></span> <span class='ocrx_word' id='word_1_442' title='bbox 676 5137 978 5195; x_wconf 86' lang='lat' dir='ltr'><strong>Justiniani</strong></span> <span class='ocrx_word' id='word_1_443' title='bbox 1000 5134 1298 5191; x_wconf 83' lang='lat' dir='ltr'><strong>virtutibus</strong></span> <span class='ocrx_word' id='word_1_444' title='bbox 1327 5131 1553 5187; x_wconf 89' lang='lat' dir='ltr'><strong>unicum</strong></span> <span class='ocrx_word' id='word_1_445' title='bbox 1582 5138 1678 5184; x_wconf 90' lang='lat' dir='ltr'><strong>aut</strong></span> <span class='ocrx_word' id='word_1_446' title='bbox 1712 5127 1947 5181; x_wconf 89' lang='lat' dir='ltr'><strong>alterum</strong></span> <span class='ocrx_word' id='word_1_447' title='bbox 1970 5128 2219 5176; x_wconf 88' lang='lat' dir='ltr'><strong>veterum</strong></span> <span class='ocrx_word' id='word_1_448' title='bbox 2243 5114 2619 5172; x_wconf 85' lang='lat' dir='ltr'><strong>testimonium</strong></span> <span class='ocrx_word' id='word_1_449' title='bbox 2643 5111 2943 5183; x_wconf 80' lang='lat' dir='ltr'><strong>proferam.</strong></span> <span class='ocrx_word' id='word_1_450' title='bbox 2973 5110 3049 5164; x_wconf 89' lang='lat' dir='ltr'><strong>De</strong></span> <span class='ocrx_word' id='word_1_451' title='bbox 3078 5107 3328 5163; x_wconf 89' lang='lat' dir='ltr'><strong>doctrina</strong></span> <span class='ocrx_word' id='word_1_452' title='bbox 3350 5106 3475 5178; x_wconf 79' lang='lat' dir='ltr'><strong>ejus</strong></span> <span class='ocrx_word' id='word_1_453' title='bbox 3504 5115 3567 5161; x_wconf 92' lang='lat' dir='ltr'><strong>et</strong></span> <span class='ocrx_word' id='word_1_454' title='bbox 3590 5080 3715 5185; x_wconf 59' lang='grc' dir='ltr'><strong>[πίε-ξ</strong></span> 
     </span>
    </p>
   </div>
   <div class='ocr_carea' id='block_1_36' title="bbox 442 5196 3703 5298">
    <p class='ocr_par' dir='ltr' id='par_1_36' title="bbox 442 5196 3703 5298">
     <span class='ocr_line' id='line_1_37' title="bbox 442 5196 3703 5298; baseline -0.011 -12"><span class='ocrx_word' id='word_1_455' title='bbox 442 5238 553 5286; x_wconf 85' lang='lat' dir='ltr'><strong>tate</strong></span> <span class='ocrx_word' id='word_1_456' title='bbox 581 5230 700 5285; x_wconf 72' lang='lat' dir='ltr'><strong>haec</strong></span> <span class='ocrx_word' id='word_1_457' title='bbox 720 5228 1045 5298; x_wconf 85' lang='lat' dir='ltr'><strong>Procopius,</strong></span> <span class='ocrx_word' id='word_1_458' title='bbox 1077 5226 1131 5280; x_wconf 91' lang='lat' dir='ltr'><strong>in</strong></span> <span class='ocrx_word' id='word_1_459' title='bbox 1159 5222 1530 5281; x_wconf 71' lang='lat' dir='ltr'><strong>Iustinianum</strong></span> <span class='ocrx_word' id='word_1_460' title='bbox 1563 5219 1746 5275; x_wconf 89' lang='lat' dir='ltr'><strong>adhuc</strong></span> <span class='ocrx_word' id='word_1_461' title='bbox 1769 5228 1959 5286; x_wconf 71' lang='lat' dir='ltr'><strong>aequus</strong></span> <span class='ocrx_word' id='word_1_462' title='bbox 1988 5210 2099 5282; x_wconf 85' lang='lat' dir='ltr'><strong>(De</strong></span> <span class='ocrx_word' id='word_1_463' title='bbox 2124 5208 2263 5264; x_wconf 78' lang='lat' dir='ltr'><strong>Bell.</strong></span> <span class='ocrx_word' id='word_1_464' title='bbox 2298 5207 2453 5264; x_wconf 82' lang='lat' dir='ltr'><strong>Coth.</strong></span> <span class='ocrx_word' id='word_1_465' title='bbox 2494 5204 2536 5260; x_wconf 93' lang='lat' dir='ltr'><strong>l.</strong></span> <span class='ocrx_word' id='word_1_466' title='bbox 2564 5220 2659 5270; x_wconf 86' lang='lat' dir='ltr'><strong>ni;</strong></span> <span class='ocrx_word' id='word_1_467' title='bbox 2706 5203 2770 5256; x_wconf 81' lang='lat' dir='ltr'><strong>de</strong></span> <span class='ocrx_word' id='word_1_468' title='bbox 2804 5201 2945 5272; x_wconf 77' lang='lat' dir='ltr'><strong>wdif.</strong></span> <span class='ocrx_word' id='word_1_469' title='bbox 2971 5199 3111 5254; x_wconf 77' lang='lat' dir='ltr'><strong>Just.</strong></span> <span class='ocrx_word' id='word_1_470' title='bbox 3138 5200 3178 5254; x_wconf 93' lang='grc' dir='ltr'><strong>Ι.</strong></span> <span class='ocrx_word' id='word_1_471' title='bbox 3206 5197 3276 5268; x_wconf 82' lang='grc' dir='ltr'><strong>ι).</strong></span> <span class='ocrx_word' id='word_1_472' title='bbox 3309 5196 3547 5253; x_wconf 88' lang='lat' dir='ltr'><strong>Solitum</strong></span> <span class='ocrx_word' id='word_1_473' title='bbox 3578 5211 3703 5251; x_wconf 85' lang='lat' dir='ltr'><strong>cum</strong></span> 
     </span>
    </p>
   </div>
   <div class='ocr_carea' id='block_1_37' title="bbox 441 5288 3715 5388">
    <p class='ocr_par' dir='ltr' id='par_1_37' title="bbox 441 5288 3715 5388">
     <span class='ocr_line' id='line_1_38' title="bbox 441 5288 3715 5388; baseline -0.012 -7"><span class='ocrx_word' id='word_1_474' title='bbox 441 5333 557 5381; x_wconf 89' lang='lat' dir='ltr'><strong>tum</strong></span> <span class='ocrx_word' id='word_1_475' title='bbox 602 5324 778 5382; x_wconf 88' lang='lat' dir='ltr'><strong>libros</strong></span> <span class='ocrx_word' id='word_1_476' title='bbox 808 5323 883 5378; x_wconf 83' lang='lat' dir='ltr'><strong>de</strong></span> <span class='ocrx_word' id='word_1_477' title='bbox 899 5288 1072 5377; x_wconf 69' lang='lat' dir='ltr'><strong>rebus</strong></span> <span class='ocrx_word' id='word_1_478' title='bbox 1098 5319 1304 5376; x_wconf 88' lang='lat' dir='ltr'><strong>divinis</strong></span> <span class='ocrx_word' id='word_1_479' title='bbox 1348 5324 1575 5388; x_wconf 79' lang='lat' dir='ltr'><strong>agentes</strong></span> <span class='ocrx_word' id='word_1_480' title='bbox 1601 5312 1989 5384; x_wconf 86' lang='lat' dir='ltr'><strong>pervolutare,</strong></span> <span class='ocrx_word' id='word_1_481' title='bbox 2045 5315 2160 5361; x_wconf 85' lang='lat' dir='ltr'><strong>tum</strong></span> <span class='ocrx_word' id='word_1_482' title='bbox 2183 5304 2252 5359; x_wconf 90' lang='lat' dir='ltr'><strong>de</strong></span> <span class='ocrx_word' id='word_1_483' title='bbox 2280 5300 2479 5356; x_wconf 84' lang='lat' dir='ltr'><strong>iisdem</strong></span> <span class='ocrx_word' id='word_1_484' title='bbox 2507 5295 2783 5366; x_wconf 89' lang='lat' dir='ltr'><strong>colloquia</strong></span> <span class='ocrx_word' id='word_1_485' title='bbox 2819 5309 2946 5349; x_wconf 90' lang='lat' dir='ltr'><strong>cum</strong></span> <span class='ocrx_word' id='word_1_486' title='bbox 2977 5291 3251 5364; x_wconf 79' lang='lat' dir='ltr'><strong>episcOpis</strong></span> <span class='ocrx_word' id='word_1_487' title='bbox 3274 5299 3332 5345; x_wconf 90' lang='lat' dir='ltr'><strong>et</strong></span> <span class='ocrx_word' id='word_1_488' title='bbox 3362 5288 3715 5369; x_wconf 34' lang='lat' dir='ltr'><strong>presbyteris.</strong></span> 
     </span>
    </p>
   </div>
   <div class='ocr_carea' id='block_1_38' title="bbox 442 5384 3717 5486">
    <p class='ocr_par' dir='ltr' id='par_1_38' title="bbox 442 5384 3717 5486">
     <span class='ocr_line' id='line_1_39' title="bbox 442 5384 3717 5486; baseline -0.012 -12"><span class='ocrx_word' id='word_1_489' title='bbox 442 5422 498 5474; x_wconf 86' lang='lat' dir='ltr'><strong>in</strong></span> <span class='ocrx_word' id='word_1_490' title='bbox 525 5419 752 5474; x_wconf 84' lang='lat' dir='ltr'><strong>multam</strong></span> <span class='ocrx_word' id='word_1_491' title='bbox 785 5427 1003 5473; x_wconf 89' lang='lat' dir='ltr'><strong>noctem</strong></span> <span class='ocrx_word' id='word_1_492' title='bbox 1028 5414 1353 5486; x_wconf 86' lang='lat' dir='ltr'><strong>pertrahere</strong></span> <span class='ocrx_word' id='word_1_493' title='bbox 1423 5410 1477 5464; x_wconf 92' lang='lat' dir='ltr'><strong>in</strong></span> <span class='ocrx_word' id='word_1_494' title='bbox 1511 5422 1669 5463; x_wconf 90' lang='lat' dir='ltr'><strong>more</strong></span> <span class='ocrx_word' id='word_1_495' title='bbox 1693 5406 1744 5462; x_wconf 88' lang='lat' dir='ltr'><strong>ei</strong></span> <span class='ocrx_word' id='word_1_496' title='bbox 1771 5418 1991 5474; x_wconf 89' lang='lat' dir='ltr'><strong>semper</strong></span> <span class='ocrx_word' id='word_1_497' title='bbox 2015 5401 2186 5456; x_wconf 77' lang='lat' dir='ltr'><strong>fuisse</strong></span> <span class='ocrx_word' id='word_1_498' title='bbox 2208 5396 2401 5454; x_wconf 90' lang='lat' dir='ltr'><strong>multis</strong></span> <span class='ocrx_word' id='word_1_499' title='bbox 2423 5402 2551 5449; x_wconf 89' lang='lat' dir='ltr'><strong>ante</strong></span> <span class='ocrx_word' id='word_1_500' title='bbox 2578 5390 2788 5449; x_wconf 88' lang='lat' dir='ltr'><strong>Pascha</strong></span> <span class='ocrx_word' id='word_1_501' title='bbox 2807 5389 3018 5445; x_wconf 89' lang='lat' dir='ltr'><strong>dierum</strong></span> <span class='ocrx_word' id='word_1_502' title='bbox 3044 5384 3487 5442; x_wconf 77' lang='lat' dir='ltr'><strong>hebdomadibus</strong></span> <span class='ocrx_word' id='word_1_503' title='bbox 3505 5397 3717 5468; x_wconf 39' lang='lat' dir='ltr'><strong>corpus.</strong></span> 
     </span>
    </p>
   </div>
   <div class='ocr_carea' id='block_1_39' title="bbox 442 5471 3714 5581">
    <p class='ocr_par' dir='ltr' id='par_1_39' title="bbox 442 5471 3714 5581">
     <span class='ocr_line' id='line_1_40' title="bbox 442 5471 3714 5581; baseline -0.012 -17"><span class='ocrx_word' id='word_1_504' title='bbox 757 5471 960 5563; x_wconf 83' lang='lat' dir='ltr'><strong>inediis</strong></span> <span class='ocrx_word' id='word_1_505' title='bbox 985 5471 1272 5578; x_wconf 70' lang='lat' dir='ltr'><strong>plusquam</strong></span> <span class='ocrx_word' id='word_1_506' title='bbox 1300 5499 1561 5557; x_wconf 76' lang='lat' dir='ltr'><strong>asceticis</strong></span> <span class='ocrx_word' id='word_1_507' title='bbox 1580 5471 2078 5559; x_wconf 38' lang='lat' dir='ltr'><strong>macerare,&#39;semcl</strong></span> <span class='ocrx_word' id='word_1_508' title='bbox 2108 5490 2163 5544; x_wconf 91' lang='lat' dir='ltr'><strong>in</strong></span> <span class='ocrx_word' id='word_1_509' title='bbox 2187 5486 2361 5543; x_wconf 91' lang='lat' dir='ltr'><strong>biduo</strong></span> <span class='ocrx_word' id='word_1_510' title='bbox 2392 5483 2579 5539; x_wconf 89' lang='lat' dir='ltr'><strong>cibum</strong></span> <span class='ocrx_word' id='word_1_511' title='bbox 2608 5493 2827 5551; x_wconf 86' lang='lat' dir='ltr'><strong>capere,</strong></span> <span class='ocrx_word' id='word_1_512' title='bbox 2860 5476 3012 5545; x_wconf 91' lang='lat' dir='ltr'><strong>vino,</strong></span> <span class='ocrx_word' id='word_1_513' title='bbox 3045 5491 3186 5547; x_wconf 87' lang='lat' dir='ltr'><strong>pane</strong></span> <span class='ocrx_word' id='word_1_514' title='bbox 3217 5474 3450 5543; x_wconf 87' lang='lat' dir='ltr'><strong>aliisque</strong></span> <span class='ocrx_word' id='word_1_515' title='bbox 3478 5471 3714 5529; x_wconf 74' lang='lat' dir='ltr'><strong>cibariis</strong></span> 
     </span>
    </p>
   </div>
   <div class='ocr_carea' id='block_1_40' title="bbox 452 5646 3719 5808">
    <p class='ocr_par' dir='ltr' id='par_1_40' title="bbox 452 5646 3719 5808">
     <span class='ocr_line' id='line_1_41' title="bbox 452 5646 3719 5808; baseline -0.01 -69"><span class='ocrx_word' id='word_1_516' title='bbox 452 5755 462 5765; x_wconf 26' lang='grc' dir='ltr'><strong><em>ν</em></strong></span> <span class='ocrx_word' id='word_1_517' title='bbox 509 5685 731 5808; x_wconf 36' lang='lat' dir='ltr'><strong>Atratini</strong></span> <span class='ocrx_word' id='word_1_518' title='bbox 761 5681 1321 5806; x_wconf 51' lang='lat' dir='ltr'><strong>eriticcsdafrimgnia</strong></span> <span class='ocrx_word' id='word_1_519' title='bbox 1350 5676 1635 5735; x_wconf 81' lang='lat' dir='ltr'><strong>hominem</strong></span> <span class='ocrx_word' id='word_1_520' title='bbox 1669 5672 2031 5745; x_wconf 79' lang='lat' dir='ltr'><strong>Anglicanam</strong></span> <span class='ocrx_word' id='word_1_521' title='bbox 2096 5664 2300 5738; x_wconf 85' lang='lat' dir='ltr'><strong>prodit.</strong></span> <span class='ocrx_word' id='word_1_522' title='bbox 2333 5662 2606 5720; x_wconf 66' lang='lat' dir='ltr'><strong>Caeterum</strong></span> <span class='ocrx_word' id='word_1_523' title='bbox 2644 5667 2921 5733; x_wconf 81' lang='lat' dir='ltr'><strong>quatenus</strong></span> <span class='ocrx_word' id='word_1_524' title='bbox 2941 5656 3124 5715; x_wconf 84' lang='lat' dir='ltr'><strong>Caveo</strong></span> <span class='ocrx_word' id='word_1_525' title='bbox 3165 5649 3590 5712; x_wconf 77' lang='lat' dir='ltr'><strong>assentiendum</strong></span> <span class='ocrx_word' id='word_1_526' title='bbox 3613 5646 3719 5723; x_wconf 71' lang='lat' dir='ltr'><strong>alt,f</strong></span> 
     </span>
     <span class='ocr_line' id='line_1_42' title="bbox 452 5766 1345 5808; baseline 0.001 -1"><span class='ocrx_word' id='word_1_527' title='bbox 452 5767 501 5808; x_wconf 67' lang='grc' dir='ltr'><strong>γε</strong></span> <span class='ocrx_word' id='word_1_528' title='bbox 549 5766 629 5807; x_wconf 75' lang='lat' dir='ltr'><strong>ire</strong></span> <span class='ocrx_word' id='word_1_529' title='bbox 706 5768 768 5806; x_wconf 82' lang='lat' dir='ltr'><strong>ec</strong></span> <span class='ocrx_word' id='word_1_530' title='bbox 798 5768 859 5803; x_wconf 76' lang='lat' dir='ltr'><strong>or</strong></span> <span class='ocrx_word' id='word_1_531' title='bbox 888 5767 985 5807; x_wconf 85' lang='lat' dir='ltr'><strong>eru</strong></span> <span class='ocrx_word' id='word_1_532' title='bbox 1034 5766 1158 5806; x_wconf 84' lang='lat' dir='ltr'><strong>lus.</strong></span> <span class='ocrx_word' id='word_1_533' title='bbox 1238 5766 1345 5808; x_wconf 77' lang='lat' dir='ltr'><strong>air.</strong></span> 
     </span>
    </p>
   </div>
   <div class='ocr_carea' id='block_1_41' title="bbox 443 5766 1345 5823">
    <p class='ocr_par' dir='ltr' id='par_1_41' title="bbox 443 5766 1345 5823">
     <span class='ocr_line' id='line_1_43' title="bbox 443 5766 1345 5823; baseline 0.004 -18"><span class='ocrx_word' id='word_1_534' title='bbox 443 5766 654 5823; x_wconf 67' lang='lat' dir='ltr'><strong>J&#39;H‘IICGl</strong></span> <span class='ocrx_word' id='word_1_535' title='bbox 686 5766 859 5808; x_wconf 70' lang='grc' dir='ltr'><strong>ιρςιοτ</strong></span> <span class='ocrx_word' id='word_1_536' title='bbox 888 5766 1158 5807; x_wconf 68' lang='grc' dir='ltr'><strong>θιιυωιυδ.</strong></span> <span class='ocrx_word' id='word_1_537' title='bbox 1196 5766 1345 5809; x_wconf 62' lang='grc' dir='ltr'><strong>κλωπ.</strong></span> 
     </span>
    </p>
   </div>
  </div>
