3958 6288
203 307 314 373 919

1279 308 1511 369 LIBER
1553 305 1944 366 ADVERSUS
1980 306 2400 365 ORIGEXEM.

3365 299 3471 365 950

215 424 420 497 λογικῶν
435 424 503 493 τά
527 421 918 496 ἁμαρτήσαπα,
948 424 1025 478 καί
1054 421 1135 476 διὰ
1154 427 1302 477 τοῦτο
1322 422 1604 476 ἐκπεσόντα
1631 429 1722 481 τῆς
1746 420 1795 474 ἕν

1912 408 2011 488 que
2057 420 2400 475 rationabilia
2456 434 2574 489 qua:
2621 416 2932 491 peccarimt,
2983 434 3043 475 ac
3086 386 3373 490 propterea
3400 422 3467 475 de

217 513 250 589 ᾖ
275 512 407 575 ἦσαν
444 517 810 576 καταστάσεως
829 553 845 579 ,
885 516 1015 568 κατά
1055 518 1144 573 τήν
1172 514 1437 585 ἀναλογίαν
1469 519 1568 566 τῶν
1609 513 1797 566 οἰκείων

216 604 593 678 ἁμαρτημάτων
636 608 883 677 τιμωρίας
942 605 1096 680 χάριν
1143 607 1374 676 σώμασιν
1415 604 1669 663 tamen?
1715 606 1797 658 καί

218 694 547 765 καθαιρόμενοι
566 694 711 748 πάλιν
730 695 994 766 ἀνάγονται
1005 696 1051 748 ίν
1125 694 1370 769 πρότερον
1395 690 1525 752 ἦσαν
1544 694 1800 748 καταστά-

220 805 331 846 σει,
362 786 619 845 παντελῶς
654 790 743 843 τήν
783 787 955 838 κακίαν
995 785 1324 855 ἀποτιθέμενα
1348 785 1433 838 καί
1464 786 1531 840 τά
1556 786 1796 854 σώματα·

220 876 301 928 καί
331 873 480 928 πάλιν
506 873 559 926 ἔκ
579 871 845 947 δευτέρου,
871 876 954 927 καὶ
989 877 1164 944 τρίτου
1184 914 1198 935 ,
1229 877 1308 927 καί
1333 874 1598 933 πλεονάκις
1633 871 1799 943 διαφὸ-

220 985 326 1037 ροις
354 963 678 1034 ίμϐἁλλονται
717 969 925 1035 σώμασι
952 968 1079 1040 πρὸς
1112 968 1378 1041 τιμωρίαν.
1408 967 1721 1022 ’Υποτίθεται
1744 965 1798 1021 δὲ

220 1059 301 1108 καί
330 1053 604 1125 διαφόρους
630 1056 853 1127 κόσμους
899 1058 1149 1113 συστῆναί
1176 1076 1228 1110 τι
1252 1093 1267 1119 ,
1306 1058 1391 1110 καί
1428 1058 1761 1111 συνίστασθαι
1785 1094 1798 1118 ,

220 1154 373 1199 τοῦτο
399 1148 488 1216 μὶν
510 1150 862 1221 παρελθόντας,
890 1154 1038 1202 τοῦτο
1055 1146 1108 1201 δὲ
1131 1148 1415 1216 μέλλοντας⁶
1441 1151 1526 1202 καί
1542 1150 1620 1208 τίς
1640 1149 1803 1207 οὕτως

221 1236 360 1289 ἐστὶν
388 1237 599 1296 ἠλίθιος,
655 1239 799 1295 ὅστις
834 1244 933 1291 τῶν
959 1239 1198 1293 τοιούτων
1223 1237 1417 1293 ἀκούων
1448 1241 1504 1292 οὐ
1531 1240 1687 1309 φρίξει
1715 1245 1803 1297 τὴν

221 1325 441 1382 διάνοιαν
465 1326 551 1382 διά
576 1332 665 1385 τήν
692 1336 783 1388 τῆς
812 1329 1044 1389 ἀσεϐείας
1065 1330 1374 1402 ὑπερϐολήνξ
1420 1333 1497 1389 τίς
1532 1328 1583 1383 δέ
1627 1332 1718 1383 οὐκ
1748 1325 1806 1382 άν

225 1414 525 1490 βδελύξηται
544 1418 628 1471 τὸν
654 1418 869 1486 μανέντα
896 1421 1151 1489 Ὦριγένην
1172 1460 1186 1484 ,
1210 1417 1452 1478 τοιαύτας
1486 1419 1806 1486 πλασάμενον

224 1527 303 1574 τε,
332 1511 416 1562 καί
443 1509 697 1582 ἐγγράφως
720 1509 972 1582 ἕκθὲμενον
1000 1513 1130 1565 κατά
1165 1518 1295 1564 Θεοῦ
1327 1512 1678 1584 βλαστημίαςς
1712 1509 1805 1565 ἆσ-

224 1619 365 1659 τινας
391 1600 459 1657 ὡς
484 1604 613 1652 πάσι
646 1608 966 1673 Χριστιανοῖς
1007 1602 1416 1675 άπηγορευμένας
1434 1641 1448 1665 ,
1479 1607 1557 1656 καὶ
1583 1610 1807 1677 προφανῆ

225 1694 316 1746 τῆς
344 1686 646 1748 δυσσεϐείας
675 1691 905 1760 ἐχούσας
938 1695 1021 1746 τὸν
1046 1690 1286 1765 ἔλεγχον,
1310 1696 1553 1768 περισσὸν
1578 1697 1807 1765 ἐνομίσα-

1895 515 2039 564 statu
2066 523 2165 564 suo
2189 508 2522 575 exciderunt,
2565 524 2664 579 pro
2702 525 2919 565 suorum
2967 518 3309 578 peccatorum
3350 524 3468 580 pro-

1895 601 2165 671 portione,
2196 598 2441 669 supplicii
2470 613 2631 655 causa
2669 599 2722 652 in
2745 614 2972 668 corpora
3006 598 3201 667 injecta
3227 606 3373 664 sunt,
3402 613 3469 654 ac

1897 699 2206 762 expurgata,
2259 703 2469 743 rursum
2498 688 2791 743 efferuntur
2833 688 2887 743 in
2935 689 3216 758 pristinum
3245 694 3465 753 statum,

1897 782 2044 837 omni
2085 781 2327 850 deposita
2374 780 2573 833 malitia
2602 787 2656 834 et
2681 780 2997 849 corporibus
3029 797 3043 833 :
3077 780 3377 849 iterumque
3405 793 3471 835 ac

1898 874 2135 937 tertium,
2167 879 2224 928 et
2241 871 2563 940 commuries
2588 870 2815 926 diversis
2842 870 2909 925 ad
2929 885 3142 940 poenam
3163 870 3471 940 injiciuntur

1898 963 2233 1033 corporibus.
2282 960 2441 1016 Ponit
2465 976 2630 1031 porro
2655 960 2898 1016 diversos
2926 961 3233 1017 constitisse
3261 969 3317 1015 et
3335 974 3468 1014 oon—

1897 1064 2042 1108 stare
2078 1052 2323 1120 mundos,
2359 1060 2468 1106 tum
2493 1052 2815 1122 prmteritos,
2848 1058 2957 1105 tum
2987 1049 3211 1105 futuros.
3241 1050 3470 1118 Ecquis-

1898 1159 2022 1198 nam
2065 1143 2203 1198 adeo
2241 1143 2419 1197 fatuus
2466 1151 2582 1206 est,
2631 1149 2690 1196 ut
2741 1142 2854 1197 haec
2880 1141 3308 1196 audiens'animo
3359 1154 3469 1194 non

1901 1235 2243 1288 exhorrescat
2267 1241 2486 1301 propter
2508 1247 2769 1286 summam
2796 1232 3169 1301 impietatem?
3197 1229 3327 1297 Quis
3358 1244 3470 1285 non

1903 1331 2213 1377 exsecretur
2241 1327 2484 1375 insanum
2505 1321 2809 1388 Origenem,
2840 1321 2931 1389 qui
2964 1320 3269 1387 hujusmodi
3297 1318 3469 1374 finxe-

1903 1414 1972 1467 rit
1998 1428 2062 1467 ac
2087 1412 2299 1481 scriptis
2320 1412 2581 1466 mandarit
2613 1412 2666 1465 in
2695 1412 2861 1465 Deum
2888 1410 3248 1480 blasphemias
3268 1411 3293 1465 τ
3314 1423 3473 1480 quas,

1903 1510 1964 1557 ut
2015 1502 2262 1557 omnibus
2306 1501 2621 1556 Christianis
2675 1501 3020 1565 interdictas,
3077 1499 3469 1571 manifestaque

1905 1593 2164 1647 habentes
2187 1592 2474 1661 impietatis
2502 1601 2846 1659 argumenta,
2895 1606 3349 1661 supervacaneum
3377 1591 3475 1646 du-

1908 1683 2080 1737 ximus
2102 1681 2426 1737 refutatione
2452 1681 2679 1750 dignari.
2707 1680 2885 1748 Quare
2925 1682 2970 1736 si
3000 1680 3240 1736 lueretici
3266 1693 3475 1744 omnes,

227 1795 314 1847 μεν
334 1779 672 1855 ἀντι-ἐβήσεως
693 1781 923 1841 ἀξιῶσαι·
957 1782 1002 1834 εἰ
1028 1780 1190 1835 τοίνυν
1217 1779 1444 1841 ἅπαντες.
1464 1783 1703 1858 ατρετικοί
1724 1784 1807 1837 ἐπὶ

1912 1774 1978 1828 ob
1999 1773 2153 1827 unius
2175 1771 2394 1826 forsitan
2416 1779 2507 1825 aut
2526 1770 2746 1824 alterius
2765 1770 3028 1838 dogmatis
3049 1769 3474 1839 perversitatem,

226 1871 357 1938 ἰνὸς,
380 1872 564 1941 τυχὸν,
587 1870 616 1930 ἦ
636 1873 873 1947 δευτέρου
896 1871 1146 1943 δόγματος
1165 1883 1471 1948 παρατροπῇ
1493 1875 1810 1933 ἐκείίῑληνται

227 1968 318 2018 τῆς
343 1958 629 2029 ἁγιωτάτης
668 1960 961 2023 ἐκκλησίας,
991 1962 1350 2021 ὐποϐληθίντες
1378 1964 1648 2031 ἀναθεματι
1680 1968 1811 2035 μετά

228 2054 328 2103 τῶν
355 2046 490 2102 ἰδίων
520 2047 802 2120 δογμάτων,
825 2053 904 2110 τίς
936 2047 1063 2111 ὅλως
1085 2058 1393 2125 Χριστιανῶν
1414 2053 1635 2116 ἀνέξεται
1658 2055 1809 2108 αὐτοῦ

222 2140 510 2213 ’Ὦριγίνους
553 2161 638 2205 τε,
683 2143 768 2195 καί
805 2149 904 2196 τῶν
940 2150 1167 2213 πονηρῶν
1214 2144 1367 2197 αὐτοῦ
1406 2139 1815 2219 συγγραμμάτων

228 2232 615 2295 ἀντιποιεῖσθαι,
650 2238 731 2286 τοῦ
758 2234 1017 2293 τοσαύτας
1059 2235 1148 2303 μίν
1179 2234 1426 2309 εἰρηκότος
1467 2235 1810 2307 βλασφημίας,

232 2331 364 2376 πᾶσι
406 2320 460 2375 δὲ
489 2321 677 2391 σχεδὸν
707 2322 1256 2395 α’ρετικοῐςτοοαύτην
1294 2323 1412 2381 ὕλην
1451 2325 1700 2386 ἀπωλείας
1732 2329 1816 2379 καὶ

232 2414 553 2484 βλασφημίας
583 2414 1019 2484 παρασχομίνου,
1054 2416 1133 2467 καί
1162 2412 1248 2468 διά
1280 2421 1428 2469 τοῦτο
1452 2419 1537 2469 καί
1557 2417 1697 2492 παρά
1716 2423 1814 2472 τῶν

226 2501 387 2575 άγίων
410 2503 639 2577 πατέρων
662 2500 877 2556 ἔκπαλαι
899 2504 990 2555 ὑπὸ
1011 2504 1232 2572 ἀνάθεμα
1257 2505 1519 2575 γενομένου
1541 2508 1672 2576 μετὰ
1714 2514 1814 2560 τῶν

233 2603 480 2667 μυσαρῶν
502 2598 651 2648 αἰτοῦ
678 2593 976 2665 δογμάτωνς
1001 2596 1056 2647 Εἰ
1080 2597 1180 2667 γάρ
1213 2598 1298 2648 καὶ
1322 2592 1428 2653 δοίη
1467 2618 1544 2657 τις
1585 2598 1668 2650 τὸν
1710 2599 1816 2653 θεο-

235 2684 410 2754 μάχον
436 2686 708 2762 Ὠριγένην,
758 2682 881 2757 ὅπερ
909 2687 995 2738 καί
1030 2687 1173 2757 παρὰ
1210 2693 1316 2746 τοῖς
1340 2682 1504 2746 ἄλλοις
1545 2678 1815 2761 α’ρετικοῐς

234 2775 541 2845 εὗρὶσνεται,
558 2775 808 2843 άναμάξαι
836 2772 929 2843 [ῗσ.
947 2774 1201 2847 ἐναμῆξαι,
1219 2776 1249 2836 ἧ
1265 2816 1277 2837 ,
1300 2774 1559 2847 άναμὶξαι]
1575 2781 1685 2833 τινά
1710 2787 1814 2839 τοῖς

234 2872 467 2942 πονηροῖς
497 2867 648 2920 αὐτοῦ
687 2866 1084 2940 συγγράμμασιν
1114 2868 1165 2919 ἐκ
1196 2875 1293 2920 τῶν
1329 2869 1481 2943 ἰρθῶν
1518 2862 1809 2940 δογμάτων,

237 2962 404 3012 ταῦτα
432 2957 521 3009 οὐκ
554 2954 661 3011 ἴδια
699 2956 880 3009 ἐκείνου
910 2958 1235 3024 καθέστηκεν,
1279 2960 1401 3012 ἀλλά
1427 2967 1518 3019 τῆς
1549 2956 1696 3030 άγίας
1721 2966 1811 3015 τοῦ

237 3052 365 3103 Θεοῦ
389 3047 649 3107 ἐκκλησίας
683 3049 932 3119 ὑπάρχει.
964 3053 1055 3104 Καὶ
1099 3059 1249 3107 τοῦτο
1273 3050 1328 3119 δὲ
1363 3054 1482 3107 αὖτό
1523 3055 1813 3127 κακούργως

238 3141 422 3199 ἰκεῖνος
443 3141 676 3213 καὶπρὸς
703 3143 895 3199 άπατην
920 3148 1016 3197 τῶν
1039 3140 1401 3217 ἁπλουστέρων
1425 3147 1808 3215 ίμηχανήσατο.
1839 3118 1885 3181 C

237 3239 366 3292 Ταῖς
386 3233 484 3302 γάρ
513 3239 611 3286 τῶν
629 3232 861 3291 Ἑλλήνων
889 3234 1199 3306 μυθολογίαις
1227 3236 1495 3310 ἐντραφείς,
1517 3239 1598 3290 καί
1620 3239 1813 3299 ταύτας

239 3323 515 3377 ἐπικτῶμαι
542 3322 853 3393 ¹βουῖὀμενος
904 3323 1300 3392 δσχηματίσατο
1348 3326 1440 3386 τὰς
1488 3327 1621 3386 θείας
1669 3325 1814 3384 δῆθεν

240 3412 524 3484 ἓρμηνεύειν
547 3417 765 3487 γραφὰς,
802 3412 883 3465 ἵνα
904 3416 1070 3482 τούτῳ
1096 3416 1168 3482 τῷ
1189 3414 1366 3484 τρόπῳ
1407 3417 1471 3468 τὰ
1499 3417 1709 3489 μυσαρά
1733 3417 1819 3469 αὖ-

241 3510 330 3559 τοῦ
352 3500 582 3574 δόγματα
608 3512 711 3563 τοῖς
738 3512 837 3559 τῶν
871 3507 1009 3558 θείων
1036 3509 1234 3578 γραφῶν
1271 3506 1621 3576 ὑπομνήμασιν
1648 3510 1818 3578 ἀναμί-

240 3595 329 3657 ξας
352 3632 368 3657 ,
417 3595 667 3653 κακοήθως
712 3598 800 3652 τήν
826 3591 1130 3660 Ἐλληνικήν,
1183 3597 1266 3648 καί
1308 3603 1625 3666 Μανιχαῒκήν
1662 3600 1814 3654 αὐτοῦ

241 3685 450 3747 πλάνην.
492 3686 575 3737 καί
608 3682 908 3758 ’Λρειανικὴν
936 3687 1117 3757 μανίαν
1155 3682 1434 3759 εἰσαγάγῃ,
1471 3689 1702 3749 καὶτοὺς
1745 3696 1838 3761 μὴ.

241 3774 717 3847 ἠγριϐωμένους.τά
746 3781 837 3833 τῆς
872 3776 1002 3833 θείας
1028 3783 1220 3846 γραῑοῆς
1261 3774 1445 3851 δυνηθῇ)⁹
1484 3775 1735 3833 δελεάσαι.
1759 3788 1818 3837 Τί

242 3864 340 3934 γάρ
369 3862 536 3933 ἕτερον
559 3863 700 3937 παρά
726 3864 792 3917 τά
815 3870 887 3933 τῷ
919 3864 1135 3917 Πλάτωνι
1163 3866 1402 3940 εἰρημένα
1426 3874 1498 3936 τῷ
1524 3873 1613 3926 τὴν
1649 3870 1817 3929 Ἐλλη-

241 3958 370 4010 νικήν
399 3956 578 4022 μανίαν
606 3954 910 4011 πλατύναντι
937 3953 1188 4031 Ὠριγένης
1218 3957 1433 4020 ἕξίθετος
1466 3956 1495 4016 ἦ
1526 3963 1668 4034 παρά
1689 3962 1820 4021 τίνος

242 4042 413 4118 ἑτέρου
440 4041 631 4109 ’Λρειος
658 4044 824 4098 λαϐὼν
856 4050 947 4103 τήν
984 4049 1169 4100 οἰκείαν
1198 4048 1554 4121 συνεγράψατο
1579 4052 1730 4106 νόσον
1747 4094 1760 4113 .
1792 4053 1819 4108 ὁ

243 4133 369 4205 πρὸς
399 4131 596 4206 ὄλεθρον
623 4142 714 4194 τῆς
741 4134 926 4190 ἑαυτοῦ
956 4135 1139 4206 ψυχῆς
1159 4141 1230 4198 είς
1260 4144 1349 4197 τήν
1537 4145 1619 4195 καί
1646 4142 1822 4214 ὁμοοῦ-

243 4244 349 4277 σιον
373 4224 549 4297 τριάδα
574 4227 795 4299 βαθμοὺς
823 4229 1118 4288 ἐπινοήσαςς
1146 4231 1196 4282 ἐν
1222 4235 1320 4283 τίνι
1348 4228 1401 4284 δέ
1427 4229 1571 4293 οὗτος
1600 4241 1689 4287 τοῦ
1717 4246 1822 4290 Μα-

243 4318 451 4383 νιχαίου
498 4316 902 4387 άπολιμπάνεται
930 4361 940 4379 .
993 4318 1019 4371 ὁ
1065 4319 1219 4389 λέγων
1265 4321 1361 4380 τάς
1400 4328 1498 4376 τῶν
1547 4324 1820 4398 ἀνθρώπων

244 4401 423 4474 ψυχάς
454 4403 517 4459 δι’
543 4405 795 4478 ἁμαρτίας
822 4415 928 4467 τοῖς
957 4411 1162 4476 σώμασι
1183 4411 1428 4483 τιμωρίας
1460 4412 1615 4484 χάριν
1645 4416 1818 4485 ἐμϐληο

244 4495 418 4561 θῆναι;
458 4499 527 4556 ὡς
565 4496 623 4556 δή
660 4506 859 4570 πρῶτον
898 4501 985 4566 μὲν
1021 4500 1134 4561 νόας
1170 4498 1353 4567 οὔσας,
1376 4506 1454 4555 καὶ
1491 4503 1636 4577 ἁγίας
1673 4504 1818 4562 δυνά-

245 4605 384 4654 μεις,
426 4585 603 4642 ἔπειτα
639 4588 780 4661 κόρον
815 4590 1076 4650 λαϐούσας
1126 4598 1217 4651 τῆς
1271 4592 1408 4652 θείας
1456 4595 1692 4668 θεωρίας,
1731 4602 1813 4653 καὶ

245 4680 372 4752 πρὸς
407 4680 465 4733 τὸ
505 4688 681 4755 χεῖρον
726 4684 1048 4755 τραπείσας,
1103 4688 1186 4740 καί
1235 4683 1319 4741 διά
1357 4694 1508 4743 τοῦτο
1558 4698 1649 4751 τῆς
1686 4700 1815 4747 Θεοῦ

246 4769 443 4836 ἀγάπης
478 4770 834 4842 ἀποψυγείσος
860 4817 871 4839 ,
913 4777 997 4827 καί
1033 4777 1251 4830 ἐντεῦθεν
1296 4777 1480 4848 ψυχάς
1529 4780 1816 4850 ὀνομασθεί-

245 4876 378 4917 σις.
431 4863 511 4912 καί
546 4865 790 4935 τιμωρίας
844 4865 997 4937 χάριν
1038 4873 1149 4927 τοῖς
1188 4870 1419 4937 σώμασιν
1464 4869 1813 4938 ἐμϐληθείσας·

246 4944 370 5022 ὅπερ
400 4953 481 5002 καί
518 4950 667 5019 μόνον
696 4953 853 5006 ἓκανόν
878 4951 938 5013 ἧν
967 4958 1039 5014 είς
1075 4957 1263 5010 τελείαν
1295 4961 1444 5014 αὐτοῦ
1485 4962 1775 5035 κατάκρισιν
1799 5003 1814 5026 ,

246 5034 325 5091 ονα
369 5047 459 5097 τῆς
496 5041 769 5102 Ἑλληνικῆς
807 5043 1049 5116 ὑπάρχον
1075 5043 1394 5107 δυσσεϐείας.
1433 5055 1532 5103 Τοῦ
1560 5034 1659 5123 γάρ
1688 5058 1815 5105 Θεοῦ

166 5156 168 5159 τ
245 5129 487 5191 εἰπόντος,
513 5135 830 5202 «Ποιήσωμεν
854 5130 1111 5209 ἄνθρωπον
1141 5137 1253 5191 κατ’
1281 5139 1444 5191 εἰκόνα
1471 5143 1553 5192 καί
1578 5139 1818 5208 ὁμοίωσιν

244 5221 541 5294 ἡμετέραν.»
559 5225 847 5292 εὑρίσκεται
873 5213 1013 5299 κατά,
1027 5230 1142 5289 τοὺς
1165 5229 1344 5283 ἐκείνου
1367 5234 1614 5300 ματαίους
1639 5232 1818 5304 λόγους

164 5324 169 5332 ·
244 5317 393 5379 σῶμα
430 5312 579 5382 μόνον
625 5312 752 5385 δίχα
784 5314 962 5385 ψυχῆς
987 5316 1094 5372 κατ’
1113 5320 1277 5373 είκὸνα
1315 5324 1396 5374 καὶ
1423 5321 1661 5392 ὁμοίωσιν
1685 5323 1818 5391 γενό-

243 5420 385 5468 μενον
408 5409 496 5455 τοῦ
514 5410 663 5463 Θεοῦ,
692 5406 775 5458 ἐάν
808 5402 934 5465 ὅλως
959 5415 1269 5481 προϋπῆρχε
1300 5408 1473 5479 ψυχὴ,
1501 5414 1582 5463 καί
1603 5413 1732 5480 μετά
1760 5412 1817 5466 τὸ

241 5490 471 5556 γενέσθαι
496 5494 553 5548 τὸ
592 5500 744 5563 σῶμα
770 5495 1024 5560 ἐνεϐλήθη,
1050 5495 1080 5555 ἢ
1119 5500 1431 5569 κατηγγίσθη
1453 5500 1501 5552 ἐν
1530 5502 1690 5570 αὐτῷ.
1734 5506 1824 5557 Καὶ

243 5582 432 5657 ἀνάγκη
456 5592 602 5641 πᾶσα
630 5595 720 5642 τοῦ
748 5589 905 5660 λέγειν
922 5630 935 5651 .
969 5593 1049 5644 καὶ
1078 5591 1226 5645 αὐτῗν
1251 5593 1334 5646 τὸν
1368 5594 1488 5647 Θιὸν
1514 5594 1597 5649 τὸν
1619 5602 1707 5649 τοῦ
1736 5597 1822 5651 άν-

244 5667 450 5746 ορῶπου
487 5671 791 5750 δημιουργὶν
829 5683 976 5749 σῶμα
1003 5679 1293 5753 ὑπάρχειν,
1324 5683 1390 5741 ὡς
1421 5682 1477 5736 τὸ
1521 5690 1673 5752 σῶμα
1709 5685 1826 5742 κατ’

240 5758 421 5825 τίκὸνα,
449 5767 533 5817 καί
565 5764 798 5838 ὁμοίωσιν
835 5763 962 5821 ἰδίαν
991 5769 1343 5839 ποιησάμενον.
1386 5777 1490 5832 udi;
1530 5769 1580 5825 δέ
1613 5769 1823 5829 δύναται

1909 1874 1941 1914 e
1962 1859 2292 1915 sanctissima
2318 1858 2553 1914 Ecclesia
2582 1867 2706 1914 sunt
2733 1858 2909 1929 ejecti,
2937 1858 3238 1926 subditiqne
3257 1858 3478 1912 anathe‘

1910 1951 2039 2004 mati
2067 1965 2186 2006 cum
2215 1951 2325 2005 suis
2348 1949 2723 2018 dogmatibus:
2751 1950 2871 2017 quis
2909 1964 3130 2018 prorsus
3157 1948 3479 2005 Christiano-

1910 2055 2028 2094 rum
2056 2040 2338 2094 sustinebit
2364 2038 2647 2106 Origenem
2671 2039 2891 2107 ejusque
2910 2052 3074 2106 prava
3100 2038 3297 2107 scripta
3318 2039 3478 2102 tueri,

1911 2138 2001 2207 qui
2033 2145 2112 2192 tot
2139 2137 2497 2206 blasphemias
2524 2136 2744 2204 dixerit,
2774 2135 3130 2203 omnibusque
3167 2133 3278 2190 fere
3311 2136 3480 2193 hatre-

1911 2228 2032 2284 ticis
2062 2236 2263 2282 tantam
2289 2227 2437 2281 exitii
2464 2240 2534 2281 ac
2556 2224 2901 2295 blasphemite
2921 2224 3199 2278 materiem
3227 2225 3477 2294 praebue-

1913 2320 2000 2383 rit,
2032 2334 2095 2374 ac
2137 2318 2334 2371 idcirco
2363 2316 2568 2386 pridem
2596 2330 2627 2370 a
2647 2315 2847 2371 sanctis
2878 2314 3126 2370 Patribus
3147 2315 3479 2388 anathemati

1912 2410 2185 2478 subjectus
2232 2409 2302 2466 sit
2327 2423 2431 2462 una
2461 2422 2582 2462 cum
2612 2406 2890 2461 sceleratis
2935 2404 3053 2474 ejus
3097 2405 3480 2475 dogmatibus?

1911 2501 2043 2556 Nam
2075 2491 2316 2570 quamvis
2337 2497 2598 2564 concedat
2629 2497 2769 2567 quis,
2799 2496 2910 2552 Deo
2938 2506 3327 2567 repugnantem
3366 2495 3481 2554 0ri~

1912 2582 2101 2662 genem
2131 2607 2162 2646 e
2186 2598 2334 2646 recta
2363 2588 2604 2643 doctrina
2635 2587 2801 2660 (quod
2831 2595 2886 2643 et
2914 2586 3054 2656 apud
3095 2588 3229 2643 alios
3267 2586 3481 2642 haeretia

1911 2697 2005 2738 eos
2037 2679 2333 2748 invenitur)
2386 2677 2584 2747 aliquid
2631 2674 2960 2747 expressisse
2988 2678 3042 2731 in
3074 2678 3331 2747 improbis
3371 2678 3481 2734 suis

1912 2773 2165 2843 scriptis:
2196 2786 2260 2826 ea
2291 2771 2458 2839 ipsius
2487 2770 2703 2840 propria
2733 2784 2840 2824 non
2871 2778 2975 2839 est,
3017 2770 3113 2825 sed
3144 2779 3345 2826 sancta:
3389 2771 3482 2825 Dei

1912 2861 2162 2917 Ecclesiae
2188 2877 2202 2926 ;
2227 2867 2386 2929 atque
2415 2863 2521 2914 hoc
2548 2860 2719 2928 ipsum
2743 2859 3006 2913 malitiose
3027 2860 3081 2914 in
3099 2860 3483 2930 simpliciorum

1911 2951 2153 3006 fraudem
2183 2951 2401 3006 molitus
2427 2959 2528 3004 est.
2567 2948 2697 3003 Nam
2731 2949 2782 3003 in
2814 2962 3142 3018 paganorum
3165 2953 3484 3005 commentis

1913 3044 2196 3106 enutritus,
2226 3057 2396 3110 eaque
2417 3055 2712 3111 propagare
2738 3041 2789 3094 in
2815 3042 2997 3094 animo
3027 3042 3249 3108 habens,
3277 3042 3483 3098 divinas

1914 3152 1974 3192 se
1998 3135 2183 3203 utique
2210 3133 2515 3203 Scripturas
2558 3130 2898 3200 interpretari
2936 3132 3241 3186 simulavit:
3290 3141 3351 3187 ut
3377 3134 3483 3190 hoc

1912 3226 2072 3282 modo
2099 3224 2358 3280 nefariam
2385 3222 2682 3277 doctrinam
2710 3236 2861 3276 suam
2884 3237 3155 3277 sacrarum
3184 3223 3482 3280 litterarum

1912 3315 2275 3370 monumentis
2304 3313 2535 3380 maligne
2580 3311 2899 3379 admiscens,
2948 3314 3263 3382 paganicum
3291 3323 3346 3369 et
3373 3315 3484 3370 Ma-

1917 3403 2176 3461 nichatum
2220 3415 2463 3457 errorem
2506 3416 2664 3454 suum
2713 3409 2876 3471 atque
2921 3401 3172 3456 Arianam
3209 3405 3483 3458 vesaniam

1915 3494 2208 3558 induceret,
2247 3506 2447 3560 eosque
2472 3491 2564 3560 qui
2593 3506 2801 3547 sacram
2831 3490 3160 3560 Seriptnram
3191 3511 3298 3548 mn
3328 3510 3486 3552 accu-

1914 3594 2030 3641 rate
2051 3583 2436 3655 percepissent,
2479 3583 2720 3638 inescare
2744 3591 2946 3651 posset.
2998 3582 3139 3650 Quid
3169 3585 3311 3639 enim
3338 3585 3481 3640 aliud

1915 3675 2163 3743 exposuit
2201 3671 2478 3740 Origenes,
2526 3687 2689 3741 quam
2728 3669 3005 3737 Platonis,
3034 3674 3126 3742 qui
3155 3684 3485 3743 paganorum

1916 3766 2180 3820 insaniam
2206 3763 2474 3830 dilatarat,
2507 3764 2802 3819 doctrinam
2826 3781 2842 3829 ;
2887 3772 3034 3819 aut~a
3065 3780 3173 3834 quo
3198 3766 3302 3820 alin
3330 3767 3487 3823 Arius

1917 3863 2206 3919 mutuatus,
2257 3854 2472 3922 propria
2499 3869 2705 3909 venena
2733 3855 3117 3909 concinnavit?
3163 3857 3254 3924 qui
3301 3858 3486 3913 inexi-

1920 3947 2049 4001 lium
2070 3945 2259 3999 anima:
2283 3960 2392 3998 sua:
2414 3945 2466 3998 in
2487 3954 2670 4000 sancta
2695 3953 2751 4001 et
2770 3947 3203 4002 consubstantiali
3227 3948 3487 4004 Trinitale

1919 4035 2112 4106 gradus
2132 4035 2472 4102 excogitavit.
2520 4035 2601 4089 An
2630 4036 2718 4090 hic
2761 4051 2809 4090 a
2846 4036 3137 4092 Manichaee
3184 4040 3357 4107 abest,
3395 4042 3489 4108 qui

1920 4125 2126 4179 animas
2154 4125 2426 4179 hominum
2463 4123 2595 4179 dicit
2640 4134 2860 4194 propter
2903 4135 3122 4195 peccata
3173 4130 3491 4198 corporibus

1919 4216 1985 4271 ad
2011 4214 2328 4286 supplicium
2352 4215 2608 4269 immitti?
2635 4215 2833 4284 quique
2852 4216 3081 4286 primum
3099 4217 3314 4286 quidem
3337 4234 3490 4273 men-

1922 4322 2003 4369 tes
2023 4325 2079 4369 et
2098 4321 2311 4369 sanctas
2331 4313 2555 4367 virtutes
2586 4312 2747 4372 fuisse
2775 4322 3000 4378 asserat,
3028 4314 3219 4370 deinde
3241 4324 3487 4372 contem-

1922 4404 2173 4475 plationis
2210 4402 2403 4458 divina:
2439 4403 2743 4457 satietatem
2792 4405 3016 4473 cepisse,
3068 4418 3132 4458 ac
3173 4406 3225 4458 in
3254 4405 3490 4463 deterius

1847 4478 2226 4561 Dconversas,
2274 4494 2472 4550 idcirco
2499 4510 2530 4549 a
2572 4493 2667 4549 Dei
2695 4510 2879 4549 amore
2919 4494 3206 4564 refrixisse,
3256 4498 3490 4569 indeque

1918 4597 2106 4653 Graeco
2134 4597 2349 4651 nomine
2378 4596 2673 4667 appellatas
2709 4596 2910 4668 ψυχὰς,
2961 4607 3017 4651 et
3054 4599 3299 4669 supplicii
3330 4616 3491 4657 causa

1920 4688 2234 4756 corporibus
2270 4701 2389 4742 esse
2424 4685 2623 4740 inditas
2649 4703 2679 4751 ;»
2707 4685 2851 4755 quod
2892 4688 2978 4742 vel
3006 4688 3178 4742 solum
3224 4688 3292 4743 ad
3326 4692 3495 4759 perfe-

1920 4787 2059 4835 ctam
2088 4778 2204 4846 ejus
2233 4776 2630 4830 damnationem
2655 4778 2786 4831 satis
2808 4785 2940 4842 erat,
2966 4794 3086 4833 cum
3110 4793 3139 4831 a
3162 4794 3491 4848 paganorum

1920 4878 2097 4924 ortum
2126 4869 2195 4924 sit
2221 4868 2518 4937 impietate.
2551 4866 2683 4922 Cum
2709 4868 2850 4921 enim
2879 4866 3072 4922 dixerit
3095 4868 3235 4922 Deus
3264 4886 3276 4920 :
3309 4867 3494 4921 Furia-

1922 4978 2034 5015 mns
2057 4960 2309 5013 hominem
2338 4958 2406 5011 ad
2433 4959 2711 5027 imaginem
2753 4967 2802 5010 et
2840 4958 3232 5011 similitudine»:
3261 4967 3493 5011 nostram

1925 5050 2076 5119 (Gen.
2109 5048 2148 5119 ι)
2174 5067 2188 5101 :
2217 5063 2282 5101 ex
2317 5047 2431 5116 ejus
2457 5047 2614 5101 vanis
2639 5048 2975 5102 sermonibus
3003 5049 3284 5111 invenitur,
3315 5049 3490 5104 solum

1923 5157 2119 5210 corpus
2149 5140 2352 5208 absque
2382 5139 2560 5194 anima
2596 5139 2661 5193 ad
2693 5140 2976 5207 imaginem
3002 5148 3057 5194 et
3088 5139 3493 5196 similitudinem

1924 5232 2017 5286 Dei
2048 5231 2242 5286 factum
2270 5246 2407 5295 esse,
2457 5231 2501 5285 si
2532 5231 2751 5284 omnino
2791 5230 3166 5301 prazexistehat
3193 5230 3366 5283 anima
3385 5268 3401 5295 ,
3438 5241 3495 5285 et

1925 5321 2067 5376 facto
2095 5336 2345 5390 corpore,
2377 5321 2431 5375 in
2463 5320 2515 5375 id
2542 5320 2740 5389 injecta
2769 5328 2878 5386 est,
2912 5326 3003 5374 aut
3032 5321 3085 5374 in
3110 5319 3194 5386 id,
3238 5329 3493 5389 tanquam

1924 5410 1975 5464 in
2003 5425 2098 5464 vas
2122 5410 2376 5464 immissa.
2407 5408 2486 5464 Ac
2501 5422 2717 5463 necesse
2738 5409 2840 5463 erit
2860 5409 3078 5464 omnino
3098 5410 3295 5474 dicere,
3323 5410 3492 5479 ipsum

1925 5502 2090 5558 Deum
2143 5500 2389 5571 opificem
2417 5500 2667 5565 hominis,
2716 5515 2910 5570 corpus
2959 5515 3097 5564 esse,
3151 5509 3210 5554 ut
3238 5509 3361 5571 pote
3403 5501 3494 5570 qni

1923 5609 2119 5663 corpus
2149 5593 2214 5647 ad
2239 5593 2520 5661 imaginem
2550 5578 2613 5646 et
2647 5591 3052 5647 similitudinem
3093 5605 3245 5646 suam
3286 5589 3492 5649 fecerit.

1924 5683 2202 5750 Quomodo
2231 5690 2409 5739 autem
2440 5699 2654 5752 corpus,
2683 5683 2859 5751 imago
2893 5683 3197 5753 incorporei
3228 5699 3344 5739 csse
3372 5698 3498 5752 pos-

1923 5772 2035 5828 sit'?
2083 5770 2441 5838 Quamobrem
2472 5770 2628 5838 absit,
2675 5780 2731 5827 ut
2755 5771 2836 5827 his
2863 5768 3152 5828 Christiani
3198 5770 3485 5827 essentiam
