3958 6288
501 259 605 326 951

1810 260 2243 324 IUSTINIANI
2291 263 2446 326 IMP.

3680 277 3798 341 952

507 375 659 433 οίκῶν
691 369 817 429 εἶναι
862 380 951 429 τοῦ
997 375 1269 447 ἀσωμάτου
1314 375 1367 430 τὸ
1416 384 1605 444 evitata;
1662 372 1739 431 διό
1785 383 1854 447 μή
1898 381 2074 449 γίνοιτι

2192 384 2297 431 tur.
2342 376 2401 432 Si
2446 392 2596 443 vero,
2621 377 2776 448 juxta
2817 376 3062 450 Origenis
3106 384 3496 458 blasphemiam
3518 433 3539 463 ,
3585 395 3794 454 anim

508 468 711 526 τούτοις
752 467 1082 542 Χριστιανοὺς
1129 467 1423 521 συνθέσθαι.
1473 468 1532 518 Ei
1570 464 1625 520 δέ
1662 471 1797 534 κατά
1832 473 1922 526 τήν
1958 479 2094 545 Ὠρι-

510 558 680 627 γένους
705 555 1032 628 ’βλασφημίαν
1072 565 1421 630 προϋπῆρχον
1462 556 1516 611 αί
1554 556 1750 630 ψυχαί,
1776 562 1863 614 καί
1905 556 1992 615 διά
2034 560 2093 615 τό

507 647 804 723 ἅμαρτῆσαε
844 648 1008 706 αὐτάς
1052 649 1299 721 τιμωρίας
1325 648 1482 721 χάριν
1508 649 1582 708 είς
1605 650 1672 703 τά
1701 650 1920 720 σῶματα
1946 669 2094 704 κατε-

502 739 912 811 πέμφθησαν,ἷνα
931 736 1275 794 παιδευθεῖσαι
1301 741 1905 817 σωφρονήσωσιν,“έχρῆν
1929 741 2094 801 αὐτάς

500 831 679 900 μηκέτι
707 827 1031 905 ἀμαρτάίειν·
1058 833 1105 883 εἰ
1122 831 1221 905 γάρ
1249 830 1379 906 πρὸς
1399 830 1598 885 κόλασιν
1710 829 1863 903 ψυχῇ
1885 829 1969 887 διά
1995 837 2089 892 τῆν

500 921 756 996 ἁμαρτίαν
785 919 924 979 έδόθιο
953 921 1009 975 τό
1051 927 1225 990 σῶμα,
1261 923 1398 977 ὥστε
1439 924 1595 981 αὐτὴν
1632 921 1942 1005 ὀδυνωμὲνην
1966 945 2089 979 παι·

500 1010 735 1070 δευθῆναι
760 1013 889 1086 πρὸς
911 1012 969 1066 τό
997 1015 1147 1083 τιμᾷν
1174 1013 1261 1066 τόν
1283 1013 1424 1077 Θεὸν,
1447 1019 1557 1072 πῶς
1585 1021 1823 1088 συνεργεῖ
1852 1017 1939 1067 καί
1965 1035 2091 1068 συνο

497 1106 794 1174 αγωνίζεται
834 1107 960 1177 αὐτῇ
1004 1106 1063 1159 τό
1102 1110 1254 1177 σῶμα
1290 1106 1421 1178 πρὶς
1460 1107 1517 1160 τό
1560 1104 1889 1181 ἁμαρτάνειν,
1919 1104 1946 1161 ὃ
1980 1114 2090 1168 τοῖς

496 1186 853 1267 κολαζομένοις
886 1197 1077 1268 γίνεται
1121 1193 1225 1266 [ἴσ.
1253 1197 1310 1250 οὐ
1344 1191 1801 1269 γίνεται];Δεσμοί
1841 1199 1962 1273 γάρ,
2009 1201 2091 1252 καί

498 1285 739 1355 φυλακαί,
782 1287 865 1337 καί
905 1283 1085 1347 πέδαι,
1136 1288 1217 1338 καί
1247 1283 1508 1356 συντόμως
1547 1289 1734 1351 εἰπεῖν,
1764 1286 1832 1341 τὰ
1876 1293 2089 1342 τοιαῦτα

502 1373 733 1445 έφεκτικά
769 1379 862 1427 τοῦ
909 1372 1124 1437 ἀδικεῖν,
1155 1377 1241 1428 καί
1273 1379 1358 1428 τοῦ
1398 1373 1705 1450 ἁμαρτάνειν
1741 1382 1849 1437 τοῖς
1892 1378 2092 1442 κολαζο-

495 1466 661 1536 μένοις
682 1467 923 1538 γίνονται.
948 1467 1018 1520 Οὐ
1035 1467 1136 1539 γάρ
1161 1462 1304 1527 ὅπως
1321 1465 1346 1520 ὁ
1361 1466 1669 1541 ἁμαρτήσας
1691 1468 1838 1522 πλέον
1859 1468 2085 1545 ἁμάρτῃ,

493 1557 739 1630 συνεργός
784 1559 927 1627 αὐτῷ
968 1558 1099 1631 πρός
1142 1561 1233 1616 τήν
1277 1556 1529 1631 ἁμαρτίαν
1573 1556 1599 1612 ό
1637 1556 1825 1629 δεσμός
1869 1557 2084 1627 δίδοται,

496 1645 602 1702 ἀλλ’
625 1645 768 1707 ὅπως
812 1647 1080 1704 παύσηται
1124 1652 1212 1702 τοῦ
1256 1644 1562 1720 ἁμαρτάνειν
1607 1645 1692 1702 διά
1740 1654 1842 1701 τῶν
1887 1646 2087 1719 δεσμῶν

2191 466 2624 536 ρτωοεὶειεδιιηι,
2665 483 2735 525 ac
2758 469 2812 524 in
2850 483 3067 540 pugnam
3096 484 3441 544 peccatorum
3468 496 3709 540 suorum
3738 487 3793 543 in

2192 569 2422 625 corpora
2447 555 2693 613 demissa:
2733 568 2882 628 sunt,
2929 569 2990 617 ut.
3031 565 3327 623 emendata:
3370 572 3789 645 resipiscerent,

2191 659 2285 701 eas
2333 647 2619 721 oportebat
2646 650 2877 720 amplius
2916 668 3025 708 non
3060 669 3306 723 peccare.
3348 658 3485 715 Nam
3512 664 3558 717 si
3588 679 3791 737 corpu

2189 735 2374 792 datum
2413 744 2498 792 est
2526 739 2718 793 animae
2758 740 2811 794 in
2840 743 3161 812 supplicium
3191 757 3414 817 propter
3441 735 3714 821 peccata,
3732 767 3788 811 ιιι

2189 826 2468 884 doloribus
2489 830 2893 912 _emendaretur
2941 835 3010 889 ad
3061 836 3528 896 honoriﬁcandum
3581 844 3775 912 Deum,

2190 917 2461 984 quomodo
2486 896 2682 987 corpus
2709 934 2830 974 eam
2862 921 3082 990 adjuvat
3107 934 3164 979 et
3209 929 3534 986 corroborat
3553 896 3782 1004 ηδ’μῖᾆῖ

2189 1005 2443 1072 candum,
2474 1008 2618 1077 quod
2648 1008 2715 1063 iis
2740 1010 2834 1078 qui
2856 1025 3015 1080 pinna
3040 1013 3368 1082 afficiuntur,
3401 1036 3511 1075 non
3550 1025 3780 1081 evenit?

2188 1092 2411 1151 Vincula
2442 1098 2607 1164 enim,
2649 1113 2915 1168 carceres,
2963 1107 3273 1177 compedes,
3305 1125 3388 1177 ac,
3439 1122 3499 1166 ut
3536 1115 3776 1172 breviter

2187 1183 2384 1251 dicam,
2434 1189 2613 1242 omnia
2644 1192 2931 1258 ejusmodi,
2976 1195 3288 1267 iniquitates
3314 1208 3370 1255 et
3411 1214 3641 1272 peccata
3680 1223 3775 1263 eo-

2187 1290 2306 1329 rum
2352 1276 2626 1345 cohibent,
2682 1280 2773 1350 qui
2816 1281 2931 1350 jam
2959 1300 3149 1355 ptenas
3192 1289 3371 1343 luunt.
3410 1291 3528 1348 Nec
3568 1303 3632 1349 ut
3678 1299 3768 1366 qui

2192 1366 2449 1434 peccarit,
2494 1369 2725 1438 amplius
2765 1381 2985 1441 peccet,
3035 1375 3246 1432 vincula
3276 1379 3327 1433 ei
3356 1380 3633 1439 adduntur
3657 1401 3772 1454 qua:

2188 1453 2255 1508 ad
2275 1456 2605 1525 peccandum
2631 1459 2924 1528 adjuvent;
2952 1463 3049 1518 sed
3080 1474 3139 1519 ut
3169 1468 3501 1525 vinculorum
3530 1453 3768 1533 cruciatu

2188 1559 2419 1615 peccare
2447 1547 2689 1604 desistat.
2724 1550 2903 1618 Quare
2930 1557 3277 1625 perspicuum
3304 1570 3408 1626 est,
3447 1579 3559 1619 non
3585 1567 3656 1620 ad
3682 1583 3768 1622 sn-

2189 1635 2460 1703 periorum
2482 1648 2827 1705 peccatorum
2850 1642 3277 1713 castigationem,
3284 1657 3360 1717 ,ιιι
3382 1651 3458 1705 illi
3481 1664 3764 1722 negantur,

493 1737 912 1809 βασανιζόμενος.
940 1732 1185 1813 Πρόδηλον
1211 1739 1400 1799 τοίνυν,
1433 1732 1516 1790 ὅτι
1538 1736 1596 1789 οὗ
1625 1734 1709 1790 διά
1736 1737 2074 1810 σωφρονισμόι

2187 1725 2797 1794 corporibusimmissas
2844 1743 2965 1785 esse
2995 1733 3241 1801 animas;
3287 1737 3381 1793 sed
3408 1741 3572 1797 simul
3600 1742 3763 1800 Dem

496 1828 863 1904 προλαϐουσῶν
886 1827 1143 1904 ἁμαρτιῶν
1167 1834 1271 1889 τοῖς
1296 1830 1527 1898 σώμασιν
1550 1827 1880 1887 ένεϐλήθνισαν
1903 1830 1956 1883 αἱ
1981 1828 2084 1900 φυ-

497 1922 600 1992 χαί
622 1923 751 1975 κατά
779 1923 900 1980 τοὺς
928 1921 1122 1975 ἐκείνων
1145 1920 1351 1991 λήρους,
1382 1921 1509 1976 ἀλλά
1538 1924 1666 1977 κντά
1690 1923 1878 1977 ταυτὸν
1907 1922 1932 1976 ὁ
1959 1923 2085 1983 Θεὸς

494 2010 554 2065 τό
573 2030 630 2067 τε
654 2016 771 2085 σῶμ
780 2034 825 2074 τ,
841 2015 931 2069 τήν
951 2031 1005 2065 τι
1027 2011 1228 2083 ψυχήν.
1251 2013 1491 2068 τουτέστι
1511 2014 1695 2069 τέλειον
1722 2015 1807 2070 τόν
1833 2012 2083 2093 ἄνθρωπον

493 2099 909 2178 έδημιούργησεν.
934 2101 1075 2158 Ὀθιν
1100 2111 1199 2159 τῶν
1227 2102 1312 2159 διά
1340 2110 1432 2160 τοῦ
1457 2108 1697 2172 σώματος
1721 2109 1836 2176 ἡμῖν
1859 2128 2084 2184 πεπραγ-

492 2194 672 2266 μένων,
701 2192 799 2248 εἴτε
827 2196 1057 2263 ἀγαθῶν,
1090 2193 1188 2249 εἴτε
1215 2195 1435 2266 φαύλων,
1464 2200 1553 2254 τῆν
1592 2195 1930 2252 ἀνταπόδοσιν
1957 2198 2083 2251 ἀνα-

492 2284 724 2353 μένομεν.
752 2289 911 2338 Τοῦτο
947 2284 1045 2358 γάρ
1090 2285 1212 2354 ἡμῖν
1255 2281 1602 2360 παραδίδωσιν
1637 2289 1720 2339 καί
1743 2284 1769 2340 ὁ
1795 2286 1924 2346 θεῖος
1948 2286 2080 2341 ἁπόο

493 2372 675 2433 στολος
713 2372 924 2435 Παῦλος,
954 2372 1139 2443 λέγων’
1173 2388 1194 2422 ε
1214 2369 1333 2427 Ὀτι
1363 2373 1557 2434 πάντας
1584 2375 1718 2444 ἡμᾶς
1740 2377 2081 2451 φανερωθῆναι

494 2462 577 2522 δεῖ
596 2464 886 2541 ἔμπροσθεν
911 2470 1000 2520 τοῦ
1030 2465 1260 2535 βήματος
1291 2471 1378 2519 τοῦ
1416 2471 1660 2540 Χριστοῦ,
1684 2466 1770 2520 ἵνα
1812 2468 2080 2535 κομίσηται

494 2555 714 2616 ἕκαστος
737 2557 804 2612 τά
833 2554 916 2611 διά
938 2561 1032 2610 τοῦ
1058 2557 1301 2625 σώματος
1347 2557 1478 2630 πρὸς
1498 2555 1531 2610 ἃ
1552 2553 1792 2631 ἔπραξεν,
1824 2555 1924 2612 εἴτε
1953 2559 2079 2630 ἀγα-

494 2646 599 2709 θόν,
617 2643 715 2703 εἴτε
731 2647 935 2719 φαῦλον.
947 2650 1134 2725 »Προσέ
1138 2669 1255 2719 χειν
1272 2652 1432 2704 τοίνυν
1452 2646 1532 2704 δεῖ
1542 2657 1650 2710 τοῖς
1670 2656 1761 2705 τοῦ
1771 2648 2077 2707 ’Δποστόλου

495 2737 729 2810 ῥήμασιν.
758 2735 838 2793 ὅτι
865 2739 954 2792 οὐκ
981 2733 1090 2793 εἶπε
1115 2738 1401 2811 κομίζεσθαι
1418 2736 1520 2793 δεῖν
1538 2741 1625 2794 τὶν
1645 2740 1926 2815 κρινόμενον
1944 2741 2076 2815 πρός

496 2825 533 2881 ἀ
559 2823 752 2900 ἔπραξε
774 2826 876 2903 πρό
901 2833 991 2882 τοῦ
1016 2829 1272 2899 σώματος.
1292 2830 1349 2882 Ei
1376 2826 1428 2883 δέ
1453 2829 1537 2884 έπί
1559 2829 1725 2901 μόνοις
1748 2838 1855 2891 τοῖς
1880 2829 1967 2886 διά
1982 2838 2074 2887 τοῦ

497 2918 736 2988 σώματος
771 2917 1029 2981 κολάζεται
1069 2915 1333 2992 ἄνθρωπος
1375 2921 1521 2995 ποιρά
1562 2925 1656 2975 τοῦ
1690 2924 1945 2996 κρίνοντος
1984 2926 2074 2982 τῆν

2186 1825 2242 1873 et
2266 1832 2462 1890 corpus
2505 1829 2561 1874 et
2599 1820 2853 1905 animam,
2898 1822 2950 1877 id
2991 1837 3093 1888 εει,
3142 1827 3442 1897 perfectum
3469 1834 3759 1903 hominem,

2183 1910 2501 1968 fabricatum
2531 1928 2669 1970 esse.
2700 1914 2886 1984 Itaque
2914 1932 3102 1972 eorum
3130 1933 3252 1988 qua:
3278 1936 3377 1990 per
3394 1938 3598 1994 corpus
3620 1942 3649 1981 a
3672 1944 3764 1984 no-

2182 2000 2265 2056 bis
2290 2010 2440 2071 gesta
2468 2011 2612 2071 sunt,
2638 2005 2751 2061 sive
2771 2005 3059 2073 bonorum,
3081 2009 3198 2065 sive
3223 2011 3510 2079 malorum,
3539 2019 3760 2074 retribu-

2183 2090 2385 2148 tionem
2411 2103 2821 2164 exspectamus;
2852 2097 2957 2154 hoc
2985 2100 3128 2154 enim
3151 2103 3309 2157 nobis
3339 2106 3509 2161 tradit
3541 2115 3600 2163 et
3632 2110 3759 2166 divi-

2183 2198 2285 2238 nus
2312 2184 2590 2253 apostolus
2619 2183 2819 2241 Paulus
2856 2186 3040 2244 dicens
3064 2207 3078 2242 :
3132 2187 3327 2247 Omnes
3353 2197 3492 2249 enim
3521 2215 3623 2252 nos
3651 2217 3757 2254 οεο-

2181 2274 2422 2345 nifestari
2441 2284 2639 2345 oportet
2658 2284 2780 2331 ante
2799 2277 3027 2334 tribunal
3048 2279 3262 2347 Christi,
3297 2294 3355 2338 ut
3380 2289 3580 2359 referat
3605 2307 3758 2345 ιιιιιιε-

2179 2365 2390 2437 quisque
2435 2381 2496 2418 ea
2520 2380 2635 2437 qua!
2659 2383 2751 2436 per
2797 2383 2982 2438 corpus
3025 2380 3179 2439 prout
3207 2375 3364 2443 gessit
3408 2376 3516 2431 sive
3549 2383 3750 2446 bonum,

2179 2456 2284 2510 sive
2314 2454 2507 2509 malum
2521 2455 2569 2529 (1
2578 2455 2608 2512 Ι
2620 2455 2745 2513 Cor.
2758 2463 2837 2527 v).
2876 2457 3213 2515 Attendenda
3237 2477 3365 2531 ergo
3384 2472 3511 2519 sunt
3530 2469 3753 2536 apostoli

2179 2546 2343 2601 verba
2368 2563 2385 2612 ;
2436 2560 2538 2620 pec
2565 2547 2709 2602 enim
2737 2548 2891 2615 dixit,
2939 2560 3195 2620 oportere
3240 2556 3486 2625 recipere
3514 2573 3639 2614 eum
3666 2562 3751 2631 qui

2172 2635 2462 2707 iudicatur,
2514 2645 2674 2709 prout
2717 2640 2884 2708 gessit
2913 2649 3038 2696 ante
3065 2658 3283 2713 corpus.
3329 2645 3387 2701 Si
3431 2663 3566 2703 vero
3599 2651 3669 2705 ob
3692 2667 3749 2707 ea

2176 2727 2291 2783 sola
2318 2742 2437 2798 quae
2465 2743 2563 2800 per
2588 2744 2784 2800 corpus
2812 2731 2976 2787 homo
3002 2734 3184 2801 gessit,
3235 2736 3304 2791 ab
3339 2752 3406 2792 eo
3435 2741 3528 2807 qui
3560 2750 3749 2798 terrain

2169 2819 2395 2890 iudicat,
2426 2822 2510 2878 vel
2538 2837 2696 2893 poma
2721 2822 2970 2889 afﬁcitur,
3001 2830 3084 2885 vel
3119 2829 3313 2884 merito
3341 2832 3602 2899 pmmio;
3632 2834 3749 2890 nul-

2175 2911 2335 2982 laque
2396 2911 2600 2968 mentio
2648 2911 2742 2968 ﬁat
2788 2921 2913 2968 ante
2958 2914 3311 2973 admissorum
3358 2930 3745 2988 peccatorum:

496 3013 618 3079 γῆν.
658 3003 689 3066 ai
728 3015 818 3069 τῆς
859 3005 1073 3069 δεούσης
1109 3009 1334 3073 ἀξιοῦται
1371 3017 1550 3078 τιμῆς.
1577 3013 1743 3082 μνήμη
1781 3009 1833 3066 δέ
1870 3009 2074 3082 οὐδεμία

2174 3003 2513 3075 perspicuum
2541 3010 2647 3073 est,
2694 3005 2900 3087 animas
2928 3014 3055 3062 ante
3083 3023 3314 3079 corpora
3359 3026 3469 3067 non
3509 3027 3649 3069 esse.
3692 3013 3745 3071 Si

494 3099 902 3175 προγενεστέρων
940 3088 1349 3174 ἁμαρτημάτων,
1388 3098 1533 3159 δῆλον
1577 3098 1660 3157 ὅτι
1698 3103 1754 3155 οὐ
1796 3105 2069 3181 προϋπάρ-

2174 3098 2317 3154 enim
2361 3100 2787 3171 prreexisterent,
2833 3100 3058 3156 dixisset
3095 3100 3406 3172 Apostolus,
3454 3114 3608 3174 gesta
3636 3117 3741 3162 tum

496 3210 660 3263 χουσι
683 3198 783 3249 τῶν
803 3193 1053 3263 σωμάτων
1069 3192 1124 3246 αἱ
1142 3191 1340 3263 ψυχαί’
1365 3196 1411 3247 εί
1430 3196 1527 3268 γάρ
1550 3200 1910 3271 προϋπῆρχον,
1936 3192 2074 3252 εἶπεν

495 3275 557 3337 ἂν
583 3281 611 3338 ό
631 3282 954 3345 ’Δπόοτολος,
982 3283 1161 3356 ὥσπερ
1203 3283 1271 3337 τά
1299 3280 1383 3336 διά
1411 3287 1502 3336 τοῦ
1547 3286 1806 3353 σώματος,
1829 3284 1964 3341 οὕτω
1992 3291 2076 3342 καί

494 3372 563 3426 τὰ
594 3373 697 3445 πρό
731 3378 823 3426 τοῦ
860 3373 1115 3442 σῶματος.
1148 3366 1265 3427 Ὀτι
1293 3369 1345 3426 δέ
1375 3371 1428 3426 αί
1457 3378 1560 3426 τῶν
1594 3374 1869 3447 ἀνθρώπων
1898 3375 2082 3447 ψυχαὶ

495 3463 664 3535 νοεραί
697 3481 775 3525 τε,
796 3464 879 3516 καί
924 3461 1119 3533 λογικαί
1158 3463 1503 3535 τυγχάνουσι,
1528 3470 1626 3519 τῶν
1669 3463 2074 3539 ὁμολογουμένων

493 3550 654 3604 έστίν·
688 3546 815 3625 ὅπερ
842 3548 953 3605 οὐδέ
980 3554 1098 3612 τοὺς
1135 3554 1420 3626 Ὠριγένους
1462 3555 1906 3624 ἀντιποιουμένους
1928 3561 2072 3629 νομί-

491 3641 639 3710 ζομεν
676 3641 1030 3716 ἀπαρνεῖσθαι.
1077 3644 1383 3700 Είπάτωσαν
1422 3647 1590 3699 τοίνυν
1611 3646 1655 3698 οἰ
1682 3648 1750 3701 τά
1789 3650 2073 3724 Ὠριγένους

491 3740 813 3810 φρονκῦντες⁶
854 3735 907 3788 αἶ
935 3733 1111 3805 ψυχαί
1143 3736 1330 3796 αὐτῶν,
1363 3733 1463 3807 εἴγε
1502 3733 1605 3810 ἄρα
1645 3740 1802 3799 καθὼς
1840 3738 2070 3812 λέγουσι,

490 3833 833 3900 προϋπῆρχον
861 3833 959 3880 τῶν
992 3828 1263 3897 σωμάτων,
1294 3830 1411 3906 πρὶν
1431 3827 1461 3889 ἦ
1490 3830 1539 3883 έν
1556 3828 1675 3890 τοῖς
1702 3834 1938 3901 σώμασιν
1962 3839 2072 3889 είσ-

445 3904 455 3915 ’
489 3916 691 3971 έλθωσιν
716 3956 731 3978 ,
773 3917 822 3971 έν
863 3919 986 3992 ποία
1043 3920 1178 3982 τάξει
1215 3919 1487 3994 ὑπῆρχον,
1525 3920 1555 3980 ἦ
1588 3923 1640 3976 τί
1679 3919 2067 3998 διεπράττοντος

488 4006 650 4076 έχρῆν
675 4006 777 4078 γάρ
806 4007 964 4067 αὐτάς
990 4005 1167 4062 εἰδέναι
1192 4015 1293 4064 ποῦ
1315 4006 1464 4073 ἦσαν,
1496 4001 1540 4064 εἳ
1564 4018 1823 4086 προῆσαν,
1849 4015 1933 4066 καί
1958 4022 2071 4073 πῶς

486 4093 701 4150 ένταὺθα
729 4099 1077 4171 παρεγένοντο.
1110 4103 1170 4153 Εἰ
1197 4097 1251 4154 δέ
1277 4106 1431 4156 τοῦτο
1459 4103 1636 4162 αὐτοῖς
1665 4103 1931 4175 ἀμήχανόν
1956 4102 2071 4161 έστι

484 4184 664 4258 λέγειν,
691 4191 761 4248 ὡς
806 4198 897 4251 τῆς
938 4190 1171 4251 ἀληθείας
1212 4196 1281 4262 μὴ
1316 4190 1494 4256 οὔσης,
1520 4191 1668 4252 δῆλον
1707 4193 1789 4251 ὅτι
1826 4199 1976 4270 μῦθοι
2003 4201 2070 4255 τά

483 4277 793 4341 πατάὖτοῦς
821 4283 1173 4352 ὑπάρχουσιν.
1207 4279 1358 4362 Ἴσως
1387 4281 1440 4338 δέ
1469 4285 1692 4359 έροῦσιν,
1728 4283 1812 4342 ὅτι
1852 4289 1980 4358 μετά
2008 4290 2068 4345 τό

484 4369 718 4424 εἰσελθεῖν
756 4374 852 4430 τάς
878 4370 1058 4441 ψυχάς
1085 4371 1132 4423 έν
1161 4378 1267 4432 τοῖς
1294 4374 1520 4442 σώμασι,
1546 4373 1658 4429 τότε
1686 4372 1929 4431 δύνανται
1956 4376 2068 4433 δια-

485 4464 669 4533 κρίνειν
701 4482 779 4525 τε,
812 4464 891 4515 καί
916 4464 1180 4534 γινώσκειν
1207 4464 1272 4515 τά
1298 4463 1623 4536 πραττόμενα
1661 4466 1788 4541 παρ’
1807 4467 1998 4523 αὐτῶνθ
2021 4471 2066 4523 εί

485 4549 539 4606 δέ
563 4557 713 4606 τοῦτο
737 4548 966 4617 εἴπωσιν,
1001 4552 1289 4625 εὑρίσκεται
1324 4553 1381 4607 τό
1409 4558 1559 4622 σῶμα
1585 4555 1714 4609 κατά
1739 4558 1859 4616 τοὺς
1896 4559 2064 4612 αὐτῶν

482 4645 728 4714 ματαίους
746 4642 928 4713 λόγους
947 4645 1245 4717 τιμιὼτερον
1268 4651 1359 4706 τῆς
1384 4642 1587 4715 ψυχῆς,
1619 4641 1701 4699 οἵα
1723 4650 2062 4720 χαριζόμενον

483 4735 608 4803 αὐτῇ
642 4733 699 4785 τὸ
732 4729 910 4805 νοιριίν
932 4751 1009 4793 τε,
1040 4733 1120 4784 καί
1139 4731 1334 4804 λογικήν
1374 4732 1619 4804 γενέσθαι·
1653 4734 1774 4788 ἀλλὰ
1813 4736 1870 4790 τό
1903 4737 2060 4808 λέγειν

484 4827 629 4876 τοῦτο
655 4842 696 4875 π
719 4819 829 4881 ’σῆς
856 4821 991 4876 έστίν
1020 4822 1212 4885 ἀνςίας,
1247 4825 1333 4875 καί
1363 4823 1580 4883 ἀτοπίας
1603 4825 1806 4894 μεστόν.
1840 4830 1980 4881 Διατί
2007 4826 2060 4883 δέ

481 4910 630 4977 ὅλως,
660 4911 801 4986 εἴπερ
829 4915 898 4973 ὡς
923 4912 1129 4983 λέγουσι
1165 4921 1504 4989 προϋπῆρχεν
1527 4915 1557 4972 ἡ
1585 4914 1761 4986 ψυχὴ.
1792 4917 2060 4988 μαθήσεώς

475 5025 633 5072 τινος,
678 5005 709 5065 ῆ
753 5003 977 5075 διδαχῆς
1017 5003 1186 5060 δέεται
1212 5008 1264 5060 έν
1291 5013 1362 5076 τῷ
1390 5009 1593 5078 σώματι
1636 5011 1892 5080 γενομένη,
1924 5014 2059 5067 κατά

476 5097 654 5164 μινρόν
695 5098 1028 5169 εἰσαγομένη,
1065 5099 1150 5151 καί
1190 5097 1556 5172 προκόπτουσα
1583 5101 1655 5159 εἰς
1680 5101 1748 5155 τά
1775 5101 1976 5172 μείζονά
2003 5124 2055 5157 τε

476 5189 556 5240 καί
577 5185 884 5261 τελειότερος
916 5189 969 5241 ΒΞ
995 5188 1095 5261 γάρ
1133 5194 1315 5261 προῆν,
1343 5190 1427 5242 καί
1453 5189 1719 5260 ἐγίνωσκεν
1750 5183 1808 5242 ἂν
1836 5191 1900 5245 τά
1926 5211 2061 5261 συμ-

473 5277 683 5353 φέροντα
728 5276 978 5349 μηδεμιᾶς
1024 5278 1292 5346 μαθήσεως
1334 5274 1558 5348 δεομένη,
1585 5280 1672 5331 καί
1706 5280 1774 5337 ὡς
1805 5280 1851 5331 ἐν
1876 5281 2057 5349 γνώσει

467 5369 811 5441 τυγχάνουσα
870 5366 1143 5444 διωρθοῦτο
1200 5375 1315 5427 ταῖς
1368 5367 1670 5439 ἐπιμελείαις
1697 5382 1711 5396 ⁸
1759 5370 1844 5422 καί
1902 5371 1950 5423 εί
1998 5371 2054 5424 τό

474 5468 705 5531 πταῖσμα
747 5461 1034 5533 ὶγίνωσκεν.
1066 5460 1151 5512 οὐκ
1177 5456 1468 5514 ὶδιδάσκετο
1505 5460 1570 5517 ὡς
1613 5459 2052 5536 προεπισταμένη·

480 5552 523 5602 εὶ
545 5548 597 5604 δέ
624 5548 911 5605 alaeam“;
940 5551 1007 5611 ὥς
1032 5551 1305 5620 ἀγνοοῦσα,
1334 5549 1391 5601 οὐ
1424 5545 1663 5621 προῄδει·
1694 5552 1737 5603 εἰ
1765 5545 1818 5602 δέ
1843 5549 1900 5601 οὐ
1925 5568 2056 5623 προ·-

476 5638 597 5708 rivi“,
631 5641 687 5693 οὐ
719 5647 896 5710 προῆν,
919 5640 1043 5694 ἀλλά
1070 5638 1210 5696 δῆλον
1250 5637 1330 5693 ὅτι
1364 5639 1423 5692 οὗ
1455 5644 1635 5713 προῆνο
1665 5646 1765 5698 τῆς
1788 5640 1885 5714 γάρ
1913 5640 2049 5708 γενέδ

471 5747 597 5786 emo:
629 5731 766 5797 ἡμῶν
797 5726 954 5787 {eis};
994 5731 1105 5782 ἔστι
1141 5728 1288 5798 nam:
1319 5728 1340 5780 ό
1368 5729 1528 5803 Ἠθιὸς,
1590 5727 1734 5789 σδτις
1773 5731 1926 5788 καθὼς
1965 5731 2053 5783 οὐκ

2175 3202 2274 3258 per
2296 3202 2509 3258 corpus,
2541 3194 2655 3243 tum
2680 3197 2805 3244 ante
2829 3203 3042 3260 corpus.
3083 3190 3303 3248 Animas
3321 3208 3453 3249 vero
3472 3195 3741 3253 hominum

2174 3278 2525 3347 intelligentia
2553 3287 2609 3334 et
2629 3281 2839 3336 ratione
2860 3282 2959 3346 uti,
2987 3282 3043 3337 in
3070 3283 3318 3341 confesso
3345 3296 3431 3342 est
3457 3304 3475 3352 ;
3504 3290 3651 3356 quod
3674 3304 3738 3346 ne

2173 3381 2270 3422 eos
2296 3366 2513 3436 quidem
2542 3382 2739 3437 negare
2781 3380 3048 3440 putamus,
3078 3373 3172 3442 qui
3200 3382 3416 3431 tuentur
3438 3377 3731 3447 Origenem.

2172 3456 2364 3514 Dicant
2386 3460 2547 3528 igitur
2571 3461 2661 3530 qui
2689 3477 2812 3518 cum
2832 3461 3063 3532 Origene
3083 3467 3321 3522 sentiunt
3344 3487 3357 3522 :
3388 3471 3582 3528 animae
3600 3475 3727 3543 ipso-

2172 3564 2290 3603 rum
2322 3550 2628 3621 (siquidem,
2652 3560 2710 3607 ut
2738 3563 3066 3621 asseverant,
3097 3565 3222 3613 ante
3249 3574 3481 3630 corpora
3510 3561 3729 3630 fuerunt)

2172 3640 2484 3710 priusquam
2504 3642 2557 3695 in
2575 3644 2686 3712 ipsa
2708 3643 3132 3712 ingrederentur,
3155 3662 3263 3718 quo
3284 3648 3337 3703 in
3361 3652 3551 3707 ordine
3570 3662 3730 3716 erant,

2174 3738 2267 3784 aut
2294 3731 2422 3799 quid
2449 3731 2722 3798 agebant?
2749 3730 2997 3803 Oportuit
3025 3736 3170 3791 enim
3198 3752 3311 3802 eas,
3341 3739 3387 3793 si
3415 3751 3544 3796 ante
3570 3752 3731 3809 erant,

2172 3819 2335 3886 scire,
2377 3834 2484 3889 quo
2513 3820 2636 3876 loco
2665 3831 2866 3891 essent,
2911 3832 3003 3879 aut
3046 3829 3319 3895 quomodo
3352 3830 3461 3885 huc
3501 3833 3734 3888 advenis-

2172 3918 2330 3973 sent;
2370 3911 2453 3968 sin
2497 3912 2602 3968 hoc
2632 3914 2776 3968 nulla
2805 3916 3015 3972 ratione
3055 3927 3281 3987 possunt
3308 3921 3490 3977 dicere
3518 3923 3663 3995 (nam
3688 3925 3734 3980 id

2173 4017 2358 4058 verum
2396 4020 2500 4061 non
2531 4004 2660 4077 est),
2682 4016 2928 4076 apertum
2958 4019 3042 4064 est
3076 4025 3173 4065 eos
3202 4011 3406 4067 fabulas
3431 4014 3634 4070 dicere.
3675 4017 3736 4071 At

2171 4093 2401 4149 fortasse
2429 4094 2626 4159 dicant,
2678 4097 2885 4151 animas
2921 4107 3207 4169 postquam
3233 4115 3465 4171 corpora
3494 4104 3737 4171 ingressa:

2170 4195 2313 4251 sunt,
2346 4194 2458 4241 tum
2485 4185 2791 4241 discernere
2830 4202 2987 4257 posse
3029 4197 3083 4244 et
3121 4204 3452 4258 cognoscere
3480 4209 3603 4263 qua:
3628 4210 3658 4248 a
3683 4211 3737 4251 se

2170 4285 2447 4346 geruntur.
2475 4274 2530 4331 Si
2557 4277 2662 4331 hoc
2686 4276 2885 4343 dicent,
2916 4293 2985 4333 ex
3005 4294 3191 4334 eorum
3214 4281 3360 4335 inani
3381 4282 3736 4352 disputatione

2170 4365 2451 4432 eﬂieietur,
2481 4374 2539 4421 ut
2567 4382 2767 4437 corpus
2798 4368 2917 4436 plus
2960 4370 3117 4438 pretii
3147 4378 3309 4438 atque
3333 4372 3561 4429 honoris
3586 4391 3736 4446 quam

2094 4458 2144 4517 Ι)
2167 4456 2344 4510 anima
2376 4456 2608 4521 habeat;
2658 4460 2801 4527 quod
2826 4457 2875 4512 ei
2905 4457 2957 4511 in
2986 4458 3231 4513 benelicii
3260 4459 3384 4515 loco
3411 4461 3506 4516 det
3549 4465 3736 4520 intelli-

2164 4548 2401 4617 gentiam
2442 4555 2499 4603 et
2542 4549 2850 4617 rationem;
2901 4551 3050 4620 atqui
3096 4551 3199 4606 hoc
3226 4568 3493 4620 asserere,
3527 4558 3735 4625 plenum

2163 4636 2447 4691 dementia:
2474 4644 2556 4691 est
2581 4645 2743 4707 atque
2769 4638 3131 4694 absurditatis.
3172 4640 3280 4695 Cur
3307 4658 3439 4698 vero
3464 4645 3513 4698 si
3542 4648 3734 4713 anima,

2163 4733 2223 4781 ut
2251 4726 2420 4790 aiunt,
2453 4734 2579 4782 ante
2607 4725 2706 4781 fuit
2743 4742 2904 4797 quam
2950 4743 3169 4798 corpus,
3209 4718 3490 4801 disciplina
3522 4734 3733 4802 indiget,

2166 4824 2450 4888 postquam
2482 4816 2535 4869 in
2582 4831 2781 4885 corpus
2808 4816 2972 4883 venit,
3027 4818 3395 4889 paulatimque
3426 4817 3759 4887 instituitnrf

2165 4914 2219 4959 et
2260 4905 2327 4960 ad
2356 4905 2579 4960 meliora
2625 4904 3056 4976 perfectioraque
3103 4910 3487 4978 progreditur?
3527 4911 3659 4967 Nam
3693 4915 3732 4969 si

2165 5002 2291 5048 ante
2318 4994 2597 5061 existeret,
2640 4995 2788 5048 utilia
2831 4997 3015 5064 utique
3059 5009 3431 5066 cognosceret,
3484 5016 3589 5058 nec
3635 5003 3733 5057 ulla

2166 5094 2347 5154 egeret
2375 5085 2649 5152 doctrina,
2684 5103 2801 5153 nec,
2832 5095 2892 5141 ut
2918 5096 3047 5158 pote
3076 5089 3129 5143 in
3159 5091 3470 5159 cognitione
3497 5109 3729 5157 versans.

2167 5192 2294 5232 cura
2324 5184 2377 5232 et
2404 5177 2675 5245 diligentia
2706 5177 3005 5232 erudiretur
3028 5195 3042 5245 ;
3068 5194 3133 5234 ac
3161 5180 3225 5246 si,
3252 5180 3380 5248 quid
3406 5182 3479 5237 sit
3505 5182 3734 5239 oﬂ‘ende-

2163 5283 2242 5333 re,
2292 5268 2518 5334 sciebat,
2570 5283 2677 5322 non
2725 5267 3046 5323 edoceretur
3067 5269 3214 5338 quod
3255 5280 3417 5327 antea
3451 5274 3729 5329 scivisset:

2158 5357 2266 5428 jam
2299 5374 2426 5413 vero
2453 5358 2497 5413 si
2526 5358 2763 5423 docetur,
2795 5368 2851 5412 ut
2882 5358 2934 5413 in
2966 5361 3299 5427 ignoratione
3319 5377 3565 5429 versans,
3596 5366 3731 5434 prius

2162 5466 2268 5506 non
2312 5450 2558 5513 sciebat;
2607 5450 2652 5504 si
2687 5465 2793 5503 non
2822 5451 2970 5519 prius
3008 5452 3188 5515 scivit,
3230 5461 3358 5508 ante
3383 5469 3494 5509 non
3522 5452 3638 5509 fuit.
3669 5454 3731 5508 At

2162 5541 2329 5609 liquet
2356 5555 2473 5594 eam
2496 5548 2652 5594 antea
2684 5555 2789 5595 non
2823 5540 3000 5595 fuisse.
3041 5540 3201 5600 Ortus
3228 5544 3369 5598 enim
3398 5546 3572 5601 nostri
3602 5544 3731 5601 Deus

2158 5633 2308 5687 solus
2337 5632 2389 5686 in
2418 5644 2577 5685 causa
2618 5636 2741 5694 est;
2792 5630 2882 5700 qui
2912 5640 2967 5686 ιιι
2998 5648 3114 5696 nos,
3164 5648 3284 5688 cum
3329 5649 3438 5689 non
3469 5650 3725 5693 essemus

2155 5728 2314 5781 fecit:
2365 5727 2438 5780 sic
2468 5729 2646 5785 natos,
2697 5722 2868 5788 gratia
2909 5739 3178 5793 manuque
3206 5725 3422 5796 propria
3453 5735 3637 5782 tuetur
3660 5740 3722 5782 ac
