  <div class='ocr_page' id='page_1' title='image "/cluster/home/n/w/nwhite01/storage/ocr_20150623/86 pars.1/pst.000005712878/506.png"; bbox 0 0 3958 6288; ppageno 0'>
   <div class='ocr_carea' id='block_1_1' title="bbox 238 194 371 258">
    <p class='ocr_par' dir='ltr' id='par_1_1' title="bbox 238 194 371 258">
     <span class='ocr_line' id='line_1_1' title="bbox 238 194 371 258; baseline -0.008 0"><span class='ocrx_word' id='word_1_1' title='bbox 238 194 371 258; x_wconf 67' lang='grc' dir='ltr'><strong>ῦῦὂ</strong></span> 
     </span>
    </p>
   </div>
   <div class='ocr_carea' id='block_1_2' title="bbox 1322 147 2448 249">
    <p class='ocr_par' dir='ltr' id='par_1_2' title="bbox 1322 147 2448 249">
     <span class='ocr_line' id='line_1_2' title="bbox 1322 147 2448 249; baseline -0.001 0"><span class='ocrx_word' id='word_1_2' title='bbox 1322 190 1551 249; x_wconf 74' lang='lat' dir='ltr'><strong>LIBER</strong></span> <span class='ocrx_word' id='word_1_3' title='bbox 1592 147 1991 249; x_wconf 73' lang='lat' dir='ltr'><strong>Anvsusus</strong></span> <span class='ocrx_word' id='word_1_4' title='bbox 2028 187 2448 248; x_wconf 76' lang='lat' dir='ltr'><strong>ORIGENEM.</strong></span> 
     </span>
    </p>
   </div>
   <div class='ocr_carea' id='block_1_3' title="bbox 3419 197 3528 258">
    <p class='ocr_par' dir='ltr' id='par_1_3' title="bbox 3419 197 3528 258">
     <span class='ocr_line' id='line_1_3' title="bbox 3419 197 3528 258; baseline 0.009 -3"><span class='ocrx_word' id='word_1_5' title='bbox 3419 197 3528 258; x_wconf 66' lang='lat'><strong>934</strong></span> 
     </span>
    </p>
   </div>
   <div class='ocr_carea' id='block_1_4' title="bbox 263 291 1840 374">
    <p class='ocr_par' dir='ltr' id='par_1_4' title="bbox 263 297 1840 374">
     <span class='ocr_line' id='line_1_4' title="bbox 263 297 1840 374; baseline -0.002 -17"><span class='ocrx_word' id='word_1_6' title='bbox 263 297 425 361; x_wconf 64' lang='grc' dir='ltr'>ὂντας</span> <span class='ocrx_word' id='word_1_7' title='bbox 445 302 579 370; x_wconf 61' lang='lat' dir='ltr'><strong>ipsi:</strong></span> <span class='ocrx_word' id='word_1_8' title='bbox 603 302 857 367; x_wconf 69' lang='grc' dir='ltr'>ἐποίησεν,</span> <span class='ocrx_word' id='word_1_9' title='bbox 890 303 1022 358; x_wconf 76' lang='grc' dir='ltr'>οὕτω</span> <span class='ocrx_word' id='word_1_10' title='bbox 1057 307 1139 358; x_wconf 77' lang='grc' dir='ltr'>καί</span> <span class='ocrx_word' id='word_1_11' title='bbox 1163 303 1454 373; x_wconf 71' lang='grc' dir='ltr'>γενομένους</span> <span class='ocrx_word' id='word_1_12' title='bbox 1486 303 1638 366; x_wconf 60' lang='lat' dir='ltr'><strong>adite:</strong></span> <span class='ocrx_word' id='word_1_13' title='bbox 1658 309 1720 373; x_wconf 76' lang='grc' dir='ltr'><strong>τῇ</strong></span> <span class='ocrx_word' id='word_1_14' title='bbox 1742 302 1840 374; x_wconf 73' lang='grc' dir='ltr'>ἰδίᾳ</span> 
     </span>
    </p>
   </div>
   <div class='ocr_carea' id='block_1_5' title="bbox 1937 291 3516 374">
    <p class='ocr_par' dir='ltr' id='par_1_5' title="bbox 1946 291 3516 369">
     <span class='ocr_line' id='line_1_5' title="bbox 1946 291 3516 369; baseline 0.004 -17"><span class='ocrx_word' id='word_1_15' title='bbox 1946 297 2145 362; x_wconf 85' lang='lat' dir='ltr'><strong>salvat,</strong></span> <span class='ocrx_word' id='word_1_16' title='bbox 2203 297 2249 352; x_wconf 83' lang='lat' dir='ltr'><strong>si</strong></span> <span class='ocrx_word' id='word_1_17' title='bbox 2296 297 2438 365; x_wconf 76' lang='lat' dir='ltr'><strong>digni</strong></span> <span class='ocrx_word' id='word_1_18' title='bbox 2487 306 2648 369; x_wconf 84' lang='lat' dir='ltr'><strong>atque</strong></span> <span class='ocrx_word' id='word_1_19' title='bbox 2696 291 2874 353; x_wconf 81' lang='lat' dir='ltr'><strong>idonei</strong></span> <span class='ocrx_word' id='word_1_20' title='bbox 2922 297 3319 368; x_wconf 86' lang='lat' dir='ltr'><strong>perbibeamur.</strong></span> <span class='ocrx_word' id='word_1_21' title='bbox 3380 301 3516 358; x_wconf 83' lang='lat' dir='ltr'><strong>Nam</strong></span> 
     </span>
    </p>
   </div>
   <div class='ocr_carea' id='block_1_6' title="bbox 264 386 1850 465">
    <p class='ocr_par' dir='ltr' id='par_1_6' title="bbox 264 386 1850 465">
     <span class='ocr_line' id='line_1_6' title="bbox 264 386 1850 465; baseline 0.003 -23"><span class='ocrx_word' id='word_1_22' title='bbox 264 391 423 464; x_wconf 78' lang='grc' dir='ltr'>χειρί</span> <span class='ocrx_word' id='word_1_23' title='bbox 466 386 748 465; x_wconf 82' lang='grc' dir='ltr'>[χάριτι],</span> <span class='ocrx_word' id='word_1_24' title='bbox 793 392 877 446; x_wconf 82' lang='grc' dir='ltr'><strong>έάν</strong></span> <span class='ocrx_word' id='word_1_25' title='bbox 918 389 1076 457; x_wconf 77' lang='grc' dir='ltr'>ἄξιοι,</span> <span class='ocrx_word' id='word_1_26' title='bbox 1105 395 1187 446; x_wconf 71' lang='grc' dir='ltr'><strong>καὶ</strong></span> <span class='ocrx_word' id='word_1_27' title='bbox 1235 390 1484 449; x_wconf 71' lang='grc' dir='ltr'><strong>ἐπιτήδεοι</strong></span> <span class='ocrx_word' id='word_1_28' title='bbox 1525 400 1767 463; x_wconf 78' lang='grc' dir='ltr'>φανῶμεν.</span> <span class='ocrx_word' id='word_1_29' title='bbox 1797 404 1850 446; x_wconf 89' lang='lat'><strong>&#39;0</strong></span> 
     </span>
    </p>
   </div>
   <div class='ocr_carea' id='block_1_7' title="bbox 264 476 1849 554">
    <p class='ocr_par' dir='ltr' id='par_1_7' title="bbox 264 476 1849 554">
     <span class='ocr_line' id='line_1_7' title="bbox 264 476 1849 554; baseline 0.003 -24"><span class='ocrx_word' id='word_1_30' title='bbox 264 478 400 537; x_wconf 80' lang='grc' dir='ltr'>Θεὸς</span> <span class='ocrx_word' id='word_1_31' title='bbox 425 478 522 550; x_wconf 84' lang='grc' dir='ltr'><strong>γάρ</strong></span> <span class='ocrx_word' id='word_1_32' title='bbox 551 481 727 537; x_wconf 84' lang='grc' dir='ltr'>είπών.</span> <span class='ocrx_word' id='word_1_33' title='bbox 761 495 779 529; x_wconf 83' lang='grc' dir='ltr'><strong>ε</strong></span> <span class='ocrx_word' id='word_1_34' title='bbox 808 483 1100 549; x_wconf 80' lang='grc' dir='ltr'><strong>Ποιήσωμεν</strong></span> <span class='ocrx_word' id='word_1_35' title='bbox 1130 476 1388 554; x_wconf 74' lang='grc' dir='ltr'>ἄνθρωπον</span> <span class='ocrx_word' id='word_1_36' title='bbox 1416 479 1700 535; x_wconf 77' lang='grc' dir='ltr'>κατέίκόνα</span> <span class='ocrx_word' id='word_1_37' title='bbox 1729 482 1849 549; x_wconf 69' lang='grc' dir='ltr'>ἡμε-</span> 
     </span>
    </p>
   </div>
   <div class='ocr_carea' id='block_1_8' title="bbox 262 566 1850 643">
    <p class='ocr_par' dir='ltr' id='par_1_8' title="bbox 262 566 1850 643">
     <span class='ocr_line' id='line_1_8' title="bbox 262 566 1850 643; baseline 0.002 -23"><span class='ocrx_word' id='word_1_38' title='bbox 262 567 424 637; x_wconf 75' lang='grc' dir='ltr'>τέραν</span> <span class='ocrx_word' id='word_1_39' title='bbox 470 569 551 620; x_wconf 79' lang='grc' dir='ltr'>καί</span> <span class='ocrx_word' id='word_1_40' title='bbox 589 566 846 636; x_wconf 82' lang='grc' dir='ltr'>ὁμοίωσιν,</span> <span class='ocrx_word' id='word_1_41' title='bbox 873 585 892 619; x_wconf 74' lang='grc' dir='ltr'><strong>ε</strong></span> <span class='ocrx_word' id='word_1_42' title='bbox 925 568 1183 642; x_wconf 63' lang='grc' dir='ltr'>ἀμφότερα</span> <span class='ocrx_word' id='word_1_43' title='bbox 1208 569 1338 621; x_wconf 81' lang='grc' dir='ltr'>κατά</span> <span class='ocrx_word' id='word_1_44' title='bbox 1375 570 1560 622; x_wconf 83' lang='grc' dir='ltr'>ταυτὸν</span> <span class='ocrx_word' id='word_1_45' title='bbox 1588 567 1850 643; x_wconf 77' lang='grc' dir='ltr'>ἐδημιούρ-</span> 
     </span>
    </p>
   </div>
   <div class='ocr_carea' id='block_1_9' title="bbox 259 658 1851 735">
    <p class='ocr_par' dir='ltr' id='par_1_9' title="bbox 259 658 1851 735">
     <span class='ocr_line' id='line_1_9' title="bbox 259 658 1851 735; baseline 0.003 -25"><span class='ocrx_word' id='word_1_46' title='bbox 259 676 420 728; x_wconf 67' lang='grc' dir='ltr'>γησε,</span> <span class='ocrx_word' id='word_1_47' title='bbox 449 659 688 713; x_wconf 75' lang='grc' dir='ltr'><strong>τουτέστι</strong></span> <span class='ocrx_word' id='word_1_48' title='bbox 737 663 887 730; x_wconf 85' lang='grc' dir='ltr'>σῶμά</span> <span class='ocrx_word' id='word_1_49' title='bbox 925 679 977 713; x_wconf 90' lang='grc' dir='ltr'><strong>τε</strong></span> <span class='ocrx_word' id='word_1_50' title='bbox 1020 659 1251 725; x_wconf 79' lang='grc' dir='ltr'><strong>πλάσας,</strong></span> <span class='ocrx_word' id='word_1_51' title='bbox 1279 661 1364 713; x_wconf 82' lang='grc' dir='ltr'>καί</span> <span class='ocrx_word' id='word_1_52' title='bbox 1391 658 1570 729; x_wconf 70' lang='grc' dir='ltr'>ψυχήν</span> <span class='ocrx_word' id='word_1_53' title='bbox 1595 661 1768 735; x_wconf 72' lang='grc' dir='ltr'>νοεράν</span> <span class='ocrx_word' id='word_1_54' title='bbox 1798 681 1851 714; x_wconf 93' lang='grc' dir='ltr'>τε</span> 
     </span>
    </p>
   </div>
   <div class='ocr_carea' id='block_1_10' title="bbox 260 747 1852 823">
    <p class='ocr_par' dir='ltr' id='par_1_10' title="bbox 260 747 1852 823">
     <span class='ocr_line' id='line_1_10' title="bbox 260 747 1852 823; baseline 0.003 -24"><span class='ocrx_word' id='word_1_55' title='bbox 260 751 360 800; x_wconf 75' lang='grc' dir='ltr'>καί</span> <span class='ocrx_word' id='word_1_56' title='bbox 392 748 590 819; x_wconf 68' lang='grc' dir='ltr'>λογικήν</span> <span class='ocrx_word' id='word_1_57' title='bbox 632 747 1028 823; x_wconf 74' lang='grc' dir='ltr'><strong>δημιουργήσας.</strong></span> <span class='ocrx_word' id='word_1_58' title='bbox 1070 747 1206 820; x_wconf 77' lang='grc' dir='ltr'>’Δμα</span> <span class='ocrx_word' id='word_1_59' title='bbox 1244 752 1342 823; x_wconf 84' lang='grc' dir='ltr'>γὰρ</span> <span class='ocrx_word' id='word_1_60' title='bbox 1384 757 1537 820; x_wconf 85' lang='grc' dir='ltr'>σῶμα</span> <span class='ocrx_word' id='word_1_61' title='bbox 1578 748 1794 805; x_wconf 53' lang='lat' dir='ltr'><strong>{nino-sv</strong></span> <span class='ocrx_word' id='word_1_62' title='bbox 1826 749 1852 804; x_wconf 89' lang='lat'><strong>6</strong></span> 
     </span>
    </p>
   </div>
   <div class='ocr_carea' id='block_1_11' title="bbox 263 835 1852 914">
    <p class='ocr_par' dir='ltr' id='par_1_11' title="bbox 263 835 1852 914">
     <span class='ocr_line' id='line_1_11' title="bbox 263 835 1852 914; baseline 0.001 -24"><span class='ocrx_word' id='word_1_63' title='bbox 263 836 414 900; x_wconf 85' lang='grc' dir='ltr'>Θεὸς,</span> <span class='ocrx_word' id='word_1_64' title='bbox 441 839 523 891; x_wconf 76' lang='grc' dir='ltr'>καί</span> <span class='ocrx_word' id='word_1_65' title='bbox 551 844 640 896; x_wconf 70' lang='grc' dir='ltr'>τήν</span> <span class='ocrx_word' id='word_1_66' title='bbox 681 840 861 908; x_wconf 68' lang='grc' dir='ltr'>ψυχήν</span> <span class='ocrx_word' id='word_1_67' title='bbox 891 835 1254 913; x_wconf 72' lang='grc' dir='ltr'><strong>ἐδημιούργησε</strong></span> <span class='ocrx_word' id='word_1_68' title='bbox 1281 840 1459 895; x_wconf 87' lang='grc' dir='ltr'>τέλειον</span> <span class='ocrx_word' id='word_1_69' title='bbox 1482 841 1568 894; x_wconf 86' lang='grc' dir='ltr'><strong>τόν</strong></span> <span class='ocrx_word' id='word_1_70' title='bbox 1595 836 1852 914; x_wconf 78' lang='grc' dir='ltr'>ἄνθρωπον</span> 
     </span>
    </p>
   </div>
   <div class='ocr_carea' id='block_1_12' title="bbox 261 921 1852 1002">
    <p class='ocr_par' dir='ltr' id='par_1_12' title="bbox 261 921 1852 1002">
     <span class='ocr_line' id='line_1_12' title="bbox 261 921 1852 1002; baseline -0.001 -22"><span class='ocrx_word' id='word_1_71' title='bbox 261 921 615 987; x_wconf 72' lang='grc' dir='ltr'>ἃποτελέσας*</span> <span class='ocrx_word' id='word_1_72' title='bbox 652 926 763 982; x_wconf 74' lang='grc' dir='ltr'>οὐδέ</span> <span class='ocrx_word' id='word_1_73' title='bbox 786 929 883 1002; x_wconf 88' lang='grc' dir='ltr'><strong>γάρ</strong></span> <span class='ocrx_word' id='word_1_74' title='bbox 915 935 1064 1000; x_wconf 84' lang='grc' dir='ltr'>σῶμα</span> <span class='ocrx_word' id='word_1_75' title='bbox 1107 930 1274 1000; x_wconf 89' lang='grc' dir='ltr'>χωρίς</span> <span class='ocrx_word' id='word_1_76' title='bbox 1316 927 1518 999; x_wconf 69' lang='grc' dir='ltr'>ψυχῆς,</span> <span class='ocrx_word' id='word_1_77' title='bbox 1549 925 1660 982; x_wconf 79' lang='grc' dir='ltr'>οὐδὲ</span> <span class='ocrx_word' id='word_1_78' title='bbox 1699 928 1852 997; x_wconf 56' lang='grc' dir='ltr'>ψυχή</span> 
     </span>
    </p>
   </div>
   <div class='ocr_carea' id='block_1_13' title="bbox 269 1016 1849 1092">
    <p class='ocr_par' dir='ltr' id='par_1_13' title="bbox 269 1016 1849 1092">
     <span class='ocr_line' id='line_1_13' title="bbox 269 1016 1849 1092; baseline 0.001 -23"><span class='ocrx_word' id='word_1_79' title='bbox 269 1021 440 1091; x_wconf 73' lang='grc' dir='ltr'>χωρὲς</span> <span class='ocrx_word' id='word_1_80' title='bbox 482 1021 720 1088; x_wconf 82' lang='grc' dir='ltr'>σώματος</span> <span class='ocrx_word' id='word_1_81' title='bbox 760 1016 1038 1092; x_wconf 74' lang='grc' dir='ltr'>ἄνθρωπος’</span> <span class='ocrx_word' id='word_1_82' title='bbox 1071 1022 1116 1072; x_wconf 85' lang='grc' dir='ltr'><strong>εί</strong></span> <span class='ocrx_word' id='word_1_83' title='bbox 1156 1018 1209 1073; x_wconf 86' lang='grc' dir='ltr'><strong>δέ</strong></span> <span class='ocrx_word' id='word_1_84' title='bbox 1250 1027 1591 1092; x_wconf 76' lang='grc' dir='ltr'><strong>προϋπῆρχεν</strong></span> <span class='ocrx_word' id='word_1_85' title='bbox 1619 1020 1649 1073; x_wconf 72' lang='grc' dir='ltr'><em>ἦ</em></span> <span class='ocrx_word' id='word_1_86' title='bbox 1675 1016 1849 1088; x_wconf 77' lang='grc' dir='ltr'>ψυχή,</span> 
     </span>
    </p>
   </div>
   <div class='ocr_carea' id='block_1_14' title="bbox 262 1111 1851 1188">
    <p class='ocr_par' dir='ltr' id='par_1_14' title="bbox 262 1111 1851 1188">
     <span class='ocr_line' id='line_1_14' title="bbox 262 1111 1851 1188; baseline 0.003 -24"><span class='ocrx_word' id='word_1_87' title='bbox 262 1112 435 1171; x_wconf 71' lang='grc' dir='ltr'>καθὼς</span> <span class='ocrx_word' id='word_1_88' title='bbox 460 1113 712 1187; x_wconf 84' lang='grc' dir='ltr'>Ὧριγένης</span> <span class='ocrx_word' id='word_1_89' title='bbox 729 1112 890 1188; x_wconf 85' lang='grc' dir='ltr'>ληρεῖ,</span> <span class='ocrx_word' id='word_1_90' title='bbox 914 1114 1044 1170; x_wconf 82' lang='grc' dir='ltr'>τίνος</span> <span class='ocrx_word' id='word_1_91' title='bbox 1068 1113 1229 1166; x_wconf 76' lang='grc' dir='ltr'>ἕνεκεν</span> <span class='ocrx_word' id='word_1_92' title='bbox 1250 1111 1275 1166; x_wconf 89' lang='grc' dir='ltr'><strong>ό</strong></span> <span class='ocrx_word' id='word_1_93' title='bbox 1296 1111 1576 1183; x_wconf 79' lang='grc' dir='ltr'>ἀγιώτατος</span> <span class='ocrx_word' id='word_1_94' title='bbox 1595 1113 1851 1187; x_wconf 71' lang='grc' dir='ltr'>προφήτης</span> 
     </span>
    </p>
   </div>
   <div class='ocr_carea' id='block_1_15' title="bbox 262 1197 1844 1277">
    <p class='ocr_par' dir='ltr' id='par_1_15' title="bbox 262 1197 1844 1277">
     <span class='ocr_line' id='line_1_15' title="bbox 262 1197 1844 1277; baseline -0.001 -24"><span class='ocrx_word' id='word_1_95' title='bbox 262 1203 535 1277; x_wconf 78' lang='grc' dir='ltr'><strong>Ζαχαρίας</strong></span> <span class='ocrx_word' id='word_1_96' title='bbox 565 1197 693 1263; x_wconf 83' lang='grc' dir='ltr'>εἶπε,</span> <span class='ocrx_word' id='word_1_97' title='bbox 733 1202 1006 1257; x_wconf 75' lang='grc' dir='ltr'>«Πλάσσων</span> <span class='ocrx_word' id='word_1_98' title='bbox 1031 1208 1230 1274; x_wconf 84' lang='grc' dir='ltr'>πνεῦμα</span> <span class='ocrx_word' id='word_1_99' title='bbox 1255 1204 1517 1277; x_wconf 74' lang='grc' dir='ltr'>ἀνθρώπου</span> <span class='ocrx_word' id='word_1_100' title='bbox 1544 1203 1594 1256; x_wconf 77' lang='grc' dir='ltr'><strong>έν</strong></span> <span class='ocrx_word' id='word_1_101' title='bbox 1626 1203 1796 1269; x_wconf 76' lang='grc' dir='ltr'>αὐτῷς</span> <span class='ocrx_word' id='word_1_102' title='bbox 1826 1219 1844 1250; x_wconf 78' lang='grc' dir='ltr'><strong>ι</strong></span> 
     </span>
    </p>
   </div>
   <div class='ocr_carea' id='block_1_16' title="bbox 168 1294 1903 1369">
    <p class='ocr_par' dir='ltr' id='par_1_16' title="bbox 168 1294 1903 1369">
     <span class='ocr_line' id='line_1_16' title="bbox 168 1294 1903 1369; baseline 0.001 -21"><span class='ocrx_word' id='word_1_103' title='bbox 168 1329 179 1335; x_wconf 87' lang='grc'><strong><em>-</em></strong></span> <span class='ocrx_word' id='word_1_104' title='bbox 260 1297 327 1348; x_wconf 79' lang='lat' dir='ltr'><strong>El</strong></span> <span class='ocrx_word' id='word_1_105' title='bbox 348 1298 446 1369; x_wconf 87' lang='grc' dir='ltr'><strong>γάρ</strong></span> <span class='ocrx_word' id='word_1_106' title='bbox 470 1294 763 1369; x_wconf 78' lang='grc' dir='ltr'>προῆν.ἔδει</span> <span class='ocrx_word' id='word_1_107' title='bbox 788 1296 971 1366; x_wconf 77' lang='grc' dir='ltr'>μᾶλλον</span> <span class='ocrx_word' id='word_1_108' title='bbox 991 1294 1642 1369; x_wconf 76' lang='grc' dir='ltr'>εἰπεῖν,καταγγίζων.ἧ</span> <span class='ocrx_word' id='word_1_109' title='bbox 1670 1314 1850 1349; x_wconf 83' lang='grc' dir='ltr'>κατα·</span> <span class='ocrx_word' id='word_1_110' title='bbox 1892 1318 1903 1321; x_wconf 51' lang='grc'><strong><em>³</em></strong></span> 
     </span>
    </p>
   </div>
   <div class='ocr_carea' id='block_1_17' title="bbox 260 1383 1851 1458">
    <p class='ocr_par' dir='ltr' id='par_1_17' title="bbox 260 1383 1851 1458">
     <span class='ocr_line' id='line_1_17' title="bbox 260 1383 1851 1458; baseline -0.001 -21"><span class='ocrx_word' id='word_1_111' title='bbox 260 1386 536 1452; x_wconf 79' lang='grc' dir='ltr'>πέμπων</span> <span class='ocrx_word' id='word_1_112' title='bbox 562 1391 812 1455; x_wconf 84' lang='grc' dir='ltr'>πνεῦμα</span> <span class='ocrx_word' id='word_1_113' title='bbox 837 1388 1168 1458; x_wconf 81' lang='grc' dir='ltr'>ἀνθρώπου</span> <span class='ocrx_word' id='word_1_114' title='bbox 1198 1388 1255 1440; x_wconf 80' lang='grc' dir='ltr'><strong>έν</strong></span> <span class='ocrx_word' id='word_1_115' title='bbox 1278 1390 1593 1458; x_wconf 53' lang='grc' dir='ltr'>αὐτῷηΝῦν</span> <span class='ocrx_word' id='word_1_116' title='bbox 1617 1383 1670 1439; x_wconf 81' lang='grc' dir='ltr'><strong>δέ</strong></span> <span class='ocrx_word' id='word_1_117' title='bbox 1697 1385 1851 1456; x_wconf 87' lang='grc' dir='ltr'>λέγων</span> 
     </span>
    </p>
   </div>
   <div class='ocr_carea' id='block_1_18' title="bbox 260 1475 1847 1551">
    <p class='ocr_par' dir='ltr' id='par_1_18' title="bbox 260 1475 1847 1551">
     <span class='ocr_line' id='line_1_18' title="bbox 260 1475 1847 1551; baseline -0.003 -20"><span class='ocrx_word' id='word_1_118' title='bbox 260 1475 296 1531; x_wconf 81' lang='grc' dir='ltr'><strong><em>ὃ</em></strong></span> <span class='ocrx_word' id='word_1_119' title='bbox 327 1482 604 1550; x_wconf 73' lang='grc' dir='ltr'>προφήτης.</span> <span class='ocrx_word' id='word_1_120' title='bbox 636 1478 802 1533; x_wconf 88' lang='grc' dir='ltr'>πλάσ</span> <span class='ocrx_word' id='word_1_121' title='bbox 818 1499 962 1542; x_wconf 87' lang='grc' dir='ltr'>σων,</span> <span class='ocrx_word' id='word_1_122' title='bbox 993 1477 1264 1544; x_wconf 81' lang='grc' dir='ltr'>δείκνυσιν,</span> <span class='ocrx_word' id='word_1_123' title='bbox 1291 1476 1372 1534; x_wconf 81' lang='grc' dir='ltr'>ὅτι</span> <span class='ocrx_word' id='word_1_124' title='bbox 1394 1480 1571 1551; x_wconf 85' lang='grc' dir='ltr'>ὥσπερ</span> <span class='ocrx_word' id='word_1_125' title='bbox 1591 1477 1649 1530; x_wconf 85' lang='grc' dir='ltr'><strong>τό</strong></span> <span class='ocrx_word' id='word_1_126' title='bbox 1675 1483 1847 1544; x_wconf 84' lang='grc' dir='ltr'>σῶμα,</span> 
     </span>
    </p>
   </div>
   <div class='ocr_carea' id='block_1_19' title="bbox 259 1563 1847 1644">
    <p class='ocr_par' dir='ltr' id='par_1_19' title="bbox 259 1563 1847 1644">
     <span class='ocr_line' id='line_1_19' title="bbox 259 1563 1847 1644; baseline -0.002 -25"><span class='ocrx_word' id='word_1_127' title='bbox 259 1564 405 1619; x_wconf 72' lang='grc' dir='ltr'>οὕτω</span> <span class='ocrx_word' id='word_1_128' title='bbox 434 1570 518 1620; x_wconf 80' lang='grc' dir='ltr'>καί</span> <span class='ocrx_word' id='word_1_129' title='bbox 544 1571 634 1625; x_wconf 72' lang='grc' dir='ltr'><strong>την</strong></span> <span class='ocrx_word' id='word_1_130' title='bbox 655 1565 833 1636; x_wconf 67' lang='grc' dir='ltr'>ψυχήν</span> <span class='ocrx_word' id='word_1_131' title='bbox 863 1568 920 1620; x_wconf 83' lang='grc' dir='ltr'>οὐ</span> <span class='ocrx_word' id='word_1_132' title='bbox 943 1566 1395 1644; x_wconf 79' lang='grc' dir='ltr'><strong>προϋπάρχουσαν</strong></span> <span class='ocrx_word' id='word_1_133' title='bbox 1416 1568 1648 1624; x_wconf 71' lang='grc' dir='ltr'>εποίησεν</span> <span class='ocrx_word' id='word_1_134' title='bbox 1673 1563 1698 1618; x_wconf 89' lang='grc' dir='ltr'><strong>ό</strong></span> <span class='ocrx_word' id='word_1_135' title='bbox 1726 1564 1847 1623; x_wconf 80' lang='grc' dir='ltr'>Θεὸς</span> 
     </span>
    </p>
   </div>
   <div class='ocr_carea' id='block_1_20' title="bbox 1955 386 3523 464">
    <p class='ocr_par' dir='ltr' id='par_1_20' title="bbox 1955 386 3523 464">
     <span class='ocr_line' id='line_1_20' title="bbox 1955 386 3523 464; baseline 0.006 -24"><span class='ocrx_word' id='word_1_136' title='bbox 1955 387 2115 452; x_wconf 88' lang='lat' dir='ltr'><strong>Deus,</strong></span> <span class='ocrx_word' id='word_1_137' title='bbox 2162 389 2252 457; x_wconf 88' lang='lat' dir='ltr'><strong>qui</strong></span> <span class='ocrx_word' id='word_1_138' title='bbox 2291 386 2461 443; x_wconf 80' lang='lat' dir='ltr'><strong>dixit:</strong></span> <span class='ocrx_word' id='word_1_139' title='bbox 2511 387 2793 444; x_wconf 75' lang='lat' dir='ltr'><strong>Faciamus</strong></span> <span class='ocrx_word' id='word_1_140' title='bbox 2839 389 3093 446; x_wconf 77' lang='lat' dir='ltr'><strong>hominem</strong></span> <span class='ocrx_word' id='word_1_141' title='bbox 3138 391 3207 445; x_wconf 89' lang='lat' dir='ltr'><strong>ad</strong></span> <span class='ocrx_word' id='word_1_142' title='bbox 3242 393 3523 464; x_wconf 74' lang='lat' dir='ltr'><strong>imaginem</strong></span> 
     </span>
    </p>
   </div>
   <div class='ocr_carea' id='block_1_21' title="bbox 1953 479 3522 553">
    <p class='ocr_par' dir='ltr' id='par_1_21' title="bbox 1953 479 3522 553">
     <span class='ocr_line' id='line_1_21' title="bbox 1953 479 3522 553; baseline 0.006 -21"><span class='ocrx_word' id='word_1_143' title='bbox 1953 488 2183 533; x_wconf 84' lang='lat' dir='ltr'><strong>nostram</strong></span> <span class='ocrx_word' id='word_1_144' title='bbox 2230 490 2278 534; x_wconf 86' lang='lat' dir='ltr'><strong>et</strong></span> <span class='ocrx_word' id='word_1_145' title='bbox 2327 480 2712 534; x_wconf 75' lang='lat' dir='ltr'><strong>similitudinem</strong></span> <span class='ocrx_word' id='word_1_146' title='bbox 2760 479 2916 551; x_wconf 88' lang='lat' dir='ltr'><strong>(Gen.</strong></span> <span class='ocrx_word' id='word_1_147' title='bbox 2965 484 3042 553; x_wconf 92' lang='grc' dir='ltr'><strong>ι),</strong></span> <span class='ocrx_word' id='word_1_148' title='bbox 3094 491 3318 552; x_wconf 89' lang='lat' dir='ltr'><strong>utraque</strong></span> <span class='ocrx_word' id='word_1_149' title='bbox 3365 485 3522 543; x_wconf 81' lang='lat' dir='ltr'><strong>simul</strong></span> 
     </span>
    </p>
   </div>
   <div class='ocr_carea' id='block_1_22' title="bbox 1951 567 3522 645">
    <p class='ocr_par' dir='ltr' id='par_1_22' title="bbox 1951 567 3522 645">
     <span class='ocr_line' id='line_1_22' title="bbox 1951 567 3522 645; baseline 0.006 -24"><span class='ocrx_word' id='word_1_150' title='bbox 1951 567 2096 634; x_wconf 77' lang='lat' dir='ltr'><strong>fecit,</strong></span> <span class='ocrx_word' id='word_1_151' title='bbox 2126 568 2177 624; x_wconf 89' lang='lat' dir='ltr'><strong>id</strong></span> <span class='ocrx_word' id='word_1_152' title='bbox 2204 576 2303 636; x_wconf 84' lang='lat' dir='ltr'><strong>est,</strong></span> <span class='ocrx_word' id='word_1_153' title='bbox 2331 585 2525 640; x_wconf 90' lang='lat' dir='ltr'><strong>corpus</strong></span> <span class='ocrx_word' id='word_1_154' title='bbox 2552 572 2849 640; x_wconf 84' lang='lat' dir='ltr'><strong>plasmavit,</strong></span> <span class='ocrx_word' id='word_1_155' title='bbox 2881 581 2935 626; x_wconf 90' lang='lat' dir='ltr'><strong>et</strong></span> <span class='ocrx_word' id='word_1_156' title='bbox 2965 574 3194 628; x_wconf 90' lang='lat' dir='ltr'><strong>animam</strong></span> <span class='ocrx_word' id='word_1_157' title='bbox 3218 575 3522 645; x_wconf 81' lang='lat' dir='ltr'><strong>intelligen-</strong></span> 
     </span>
    </p>
   </div>
   <div class='ocr_carea' id='block_1_23' title="bbox 1954 661 3516 722">
    <p class='ocr_par' dir='ltr' id='par_1_23' title="bbox 1954 661 3516 722">
     <span class='ocr_line' id='line_1_23' title="bbox 1954 661 3516 722; baseline 0.006 -10"><span class='ocrx_word' id='word_1_158' title='bbox 1954 667 2063 713; x_wconf 91' lang='lat' dir='ltr'><strong>tem</strong></span> <span class='ocrx_word' id='word_1_159' title='bbox 2112 668 2167 715; x_wconf 90' lang='lat' dir='ltr'><strong>et</strong></span> <span class='ocrx_word' id='word_1_160' title='bbox 2210 662 2523 717; x_wconf 79' lang='lat' dir='ltr'><strong>rationalem</strong></span> <span class='ocrx_word' id='word_1_161' title='bbox 2572 662 2792 717; x_wconf 73' lang='lat' dir='ltr'><strong>creavit.</strong></span> <span class='ocrx_word' id='word_1_162' title='bbox 2841 661 3006 718; x_wconf 85' lang='lat' dir='ltr'><strong>Simul</strong></span> <span class='ocrx_word' id='word_1_163' title='bbox 3037 666 3179 719; x_wconf 88' lang='lat' dir='ltr'><strong>enim</strong></span> <span class='ocrx_word' id='word_1_164' title='bbox 3225 673 3280 720; x_wconf 89' lang='lat' dir='ltr'><strong>et</strong></span> <span class='ocrx_word' id='word_1_165' title='bbox 3308 665 3516 722; x_wconf 79' lang='lat' dir='ltr'><strong>efﬂuxit</strong></span> 
     </span>
    </p>
   </div>
   <div class='ocr_carea' id='block_1_24' title="bbox 1953 751 3513 822">
    <p class='ocr_par' dir='ltr' id='par_1_24' title="bbox 1953 751 3513 822">
     <span class='ocr_line' id='line_1_24' title="bbox 1953 751 3513 822; baseline 0.004 -18"><span class='ocrx_word' id='word_1_166' title='bbox 1953 764 2165 818; x_wconf 88' lang='lat' dir='ltr'><strong>corpus,</strong></span> <span class='ocrx_word' id='word_1_167' title='bbox 2217 758 2274 806; x_wconf 91' lang='lat' dir='ltr'><strong>et</strong></span> <span class='ocrx_word' id='word_1_168' title='bbox 2313 752 2545 805; x_wconf 88' lang='lat' dir='ltr'><strong>animam</strong></span> <span class='ocrx_word' id='word_1_169' title='bbox 2588 751 2855 817; x_wconf 83' lang='lat' dir='ltr'><strong>condidit,</strong></span> <span class='ocrx_word' id='word_1_170' title='bbox 2904 751 3196 822; x_wconf 81' lang='lat' dir='ltr'><strong>perfectum</strong></span> <span class='ocrx_word' id='word_1_171' title='bbox 3241 753 3513 810; x_wconf 89' lang='lat' dir='ltr'><strong>hominem</strong></span> 
     </span>
    </p>
   </div>
   <div class='ocr_carea' id='block_1_25' title="bbox 1952 841 3515 912">
    <p class='ocr_par' dir='ltr' id='par_1_25' title="bbox 1952 841 3515 912">
     <span class='ocr_line' id='line_1_25' title="bbox 1952 841 3515 912; baseline 0.005 -18"><span class='ocrx_word' id='word_1_172' title='bbox 1952 841 2244 906; x_wconf 84' lang='lat' dir='ltr'><strong>exhibens;</strong></span> <span class='ocrx_word' id='word_1_173' title='bbox 2276 856 2449 910; x_wconf 90' lang='lat' dir='ltr'><strong>neque</strong></span> <span class='ocrx_word' id='word_1_174' title='bbox 2477 842 2617 896; x_wconf 88' lang='lat' dir='ltr'><strong>enim</strong></span> <span class='ocrx_word' id='word_1_175' title='bbox 2646 842 2807 897; x_wconf 89' lang='lat' dir='ltr'><strong>homo</strong></span> <span class='ocrx_word' id='word_1_176' title='bbox 2833 858 3027 912; x_wconf 89' lang='lat' dir='ltr'><strong>corpus</strong></span> <span class='ocrx_word' id='word_1_177' title='bbox 3056 851 3138 898; x_wconf 89' lang='lat' dir='ltr'><strong>est</strong></span> <span class='ocrx_word' id='word_1_178' title='bbox 3174 844 3289 899; x_wconf 89' lang='lat' dir='ltr'><strong>sine</strong></span> <span class='ocrx_word' id='word_1_179' title='bbox 3317 846 3515 912; x_wconf 90' lang='lat' dir='ltr'><strong>anima,</strong></span> 
     </span>
    </p>
   </div>
   <div class='ocr_carea' id='block_1_26' title="bbox 1950 932 3519 1005">
    <p class='ocr_par' dir='ltr' id='par_1_26' title="bbox 1950 932 3519 1005">
     <span class='ocr_line' id='line_1_26' title="bbox 1950 932 3519 1005; baseline 0.005 -21"><span class='ocrx_word' id='word_1_180' title='bbox 1950 946 2051 986; x_wconf 91' lang='lat' dir='ltr'><strong>nec</strong></span> <span class='ocrx_word' id='word_1_181' title='bbox 2080 932 2253 986; x_wconf 89' lang='lat' dir='ltr'><strong>anima</strong></span> <span class='ocrx_word' id='word_1_182' title='bbox 2283 932 2396 987; x_wconf 84' lang='lat' dir='ltr'><strong>sine</strong></span> <span class='ocrx_word' id='word_1_183' title='bbox 2423 948 2670 1002; x_wconf 91' lang='lat' dir='ltr'><strong>corpore.</strong></span> <span class='ocrx_word' id='word_1_184' title='bbox 2708 932 2765 988; x_wconf 89' lang='lat' dir='ltr'><strong>Si</strong></span> <span class='ocrx_word' id='word_1_185' title='bbox 2793 942 2970 988; x_wconf 88' lang='lat' dir='ltr'><strong>autem</strong></span> <span class='ocrx_word' id='word_1_186' title='bbox 3001 935 3175 989; x_wconf 88' lang='lat' dir='ltr'><strong>anima</strong></span> <span class='ocrx_word' id='word_1_187' title='bbox 3206 939 3519 1005; x_wconf 64' lang='lat' dir='ltr'><strong>prmexistc—</strong></span> 
     </span>
    </p>
   </div>
   <div class='ocr_carea' id='block_1_27' title="bbox 1950 1020 3519 1095">
    <p class='ocr_par' dir='ltr' id='par_1_27' title="bbox 1950 1020 3519 1095">
     <span class='ocr_line' id='line_1_27' title="bbox 1950 1020 3519 1095; baseline 0.008 -23"><span class='ocrx_word' id='word_1_188' title='bbox 1950 1020 2060 1084; x_wconf 90' lang='lat' dir='ltr'><strong>bat,</strong></span> <span class='ocrx_word' id='word_1_189' title='bbox 2087 1029 2145 1074; x_wconf 91' lang='lat' dir='ltr'><strong>ut</strong></span> <span class='ocrx_word' id='word_1_190' title='bbox 2171 1022 2363 1075; x_wconf 91' lang='lat' dir='ltr'><strong>delirat</strong></span> <span class='ocrx_word' id='word_1_191' title='bbox 2389 1021 2661 1090; x_wconf 84' lang='lat' dir='ltr'><strong>Origenes,</strong></span> <span class='ocrx_word' id='word_1_192' title='bbox 2692 1024 2842 1093; x_wconf 85' lang='lat' dir='ltr'><strong>cujus</strong></span> <span class='ocrx_word' id='word_1_193' title='bbox 2864 1027 2940 1080; x_wconf 85' lang='lat' dir='ltr'><strong>rei</strong></span> <span class='ocrx_word' id='word_1_194' title='bbox 2963 1027 3129 1095; x_wconf 82' lang='lat' dir='ltr'><strong>gratia</strong></span> <span class='ocrx_word' id='word_1_195' title='bbox 3154 1029 3519 1086; x_wconf 82' lang='lat' dir='ltr'><strong>sanctissimus</strong></span> 
     </span>
    </p>
   </div>
   <div class='ocr_carea' id='block_1_28' title="bbox 1950 1109 3514 1185">
    <p class='ocr_par' dir='ltr' id='par_1_28' title="bbox 1950 1109 3514 1185">
     <span class='ocr_line' id='line_1_28' title="bbox 1950 1109 3514 1185; baseline 0.008 -24"><span class='ocrx_word' id='word_1_196' title='bbox 1950 1109 2211 1177; x_wconf 89' lang='lat' dir='ltr'><strong>propheta</strong></span> <span class='ocrx_word' id='word_1_197' title='bbox 2241 1110 2522 1165; x_wconf 82' lang='lat' dir='ltr'><strong>Zacharias</strong></span> <span class='ocrx_word' id='word_1_198' title='bbox 2562 1112 2695 1166; x_wconf 78' lang='lat' dir='ltr'><strong>dixit</strong></span> <span class='ocrx_word' id='word_1_199' title='bbox 2730 1131 2742 1165; x_wconf 88' lang='lat'><strong>:</strong></span> <span class='ocrx_word' id='word_1_200' title='bbox 2773 1111 3005 1185; x_wconf 75' lang='lat' dir='ltr'><strong>Fingens</strong></span> <span class='ocrx_word' id='word_1_201' title='bbox 3031 1117 3266 1185; x_wconf 77' lang='lat' dir='ltr'><strong>spiritum</strong></span> <span class='ocrx_word' id='word_1_202' title='bbox 3296 1117 3514 1174; x_wconf 84' lang='lat' dir='ltr'><strong>hominis</strong></span> 
     </span>
    </p>
   </div>
   <div class='ocr_carea' id='block_1_29' title="bbox 1950 1195 3520 1273">
    <p class='ocr_par' dir='ltr' id='par_1_29' title="bbox 1950 1195 3520 1273">
     <span class='ocr_line' id='line_1_29' title="bbox 1950 1195 3520 1273; baseline 0.01 -27"><span class='ocrx_word' id='word_1_203' title='bbox 1950 1195 2005 1247; x_wconf 84' lang='lat' dir='ltr'><strong>in</strong></span> <span class='ocrx_word' id='word_1_204' title='bbox 2034 1211 2093 1248; x_wconf 92' lang='lat' dir='ltr'><strong>eo</strong></span> <span class='ocrx_word' id='word_1_205' title='bbox 2125 1195 2308 1265; x_wconf 86' lang='lat' dir='ltr'><strong>(Zach.</strong></span> <span class='ocrx_word' id='word_1_206' title='bbox 2338 1196 2434 1267; x_wconf 79' lang='lat' dir='ltr'><strong>xu)</strong></span> <span class='ocrx_word' id='word_1_207' title='bbox 2459 1200 2481 1252; x_wconf 68' lang='grc' dir='ltr'><strong>ζ’</strong></span> <span class='ocrx_word' id='word_1_208' title='bbox 2528 1200 2583 1253; x_wconf 91' lang='lat' dir='ltr'><strong>Si</strong></span> <span class='ocrx_word' id='word_1_209' title='bbox 2613 1202 2753 1254; x_wconf 91' lang='lat' dir='ltr'><strong>enim</strong></span> <span class='ocrx_word' id='word_1_210' title='bbox 2783 1202 2930 1271; x_wconf 89' lang='lat' dir='ltr'><strong>prius</strong></span> <span class='ocrx_word' id='word_1_211' title='bbox 2968 1212 3102 1270; x_wconf 88' lang='lat' dir='ltr'><strong>erat,</strong></span> <span class='ocrx_word' id='word_1_212' title='bbox 3147 1206 3316 1273; x_wconf 85' lang='lat' dir='ltr'><strong>magis</strong></span> <span class='ocrx_word' id='word_1_213' title='bbox 3337 1206 3520 1262; x_wconf 77' lang='lat' dir='ltr'><strong>dicere</strong></span> 
     </span>
    </p>
   </div>
   <div class='ocr_carea' id='block_1_30' title="bbox 1952 1283 3512 1358">
    <p class='ocr_par' dir='ltr' id='par_1_30' title="bbox 1952 1283 3512 1358">
     <span class='ocr_line' id='line_1_30' title="bbox 1952 1283 3512 1358; baseline 0.01 -23"><span class='ocrx_word' id='word_1_214' title='bbox 1952 1284 2210 1353; x_wconf 82' lang='lat' dir='ltr'><strong>oportuit,</strong></span> <span class='ocrx_word' id='word_1_215' title='bbox 2261 1283 2546 1341; x_wconf 79' lang='lat' dir='ltr'><strong>Iniundens</strong></span> <span class='ocrx_word' id='word_1_216' title='bbox 2585 1297 2836 1358; x_wconf 83' lang='lat' dir='ltr'><strong>tanquam</strong></span> <span class='ocrx_word' id='word_1_217' title='bbox 2867 1292 2920 1344; x_wconf 90' lang='lat' dir='ltr'><strong>in</strong></span> <span class='ocrx_word' id='word_1_218' title='bbox 2951 1307 3063 1355; x_wconf 87' lang='lat' dir='ltr'><strong>vas,</strong></span> <span class='ocrx_word' id='word_1_219' title='bbox 3110 1292 3196 1346; x_wconf 80' lang='lat' dir='ltr'><strong>vel</strong></span> <span class='ocrx_word' id='word_1_220' title='bbox 3223 1294 3512 1351; x_wconf 88' lang='lat' dir='ltr'><strong>demitteus</strong></span> 
     </span>
    </p>
   </div>
   <div class='ocr_carea' id='block_1_31' title="bbox 1948 1375 3521 1456">
    <p class='ocr_par' dir='ltr' id='par_1_31' title="bbox 1948 1375 3521 1456">
     <span class='ocr_line' id='line_1_31' title="bbox 1948 1375 3521 1456; baseline 0.01 -27"><span class='ocrx_word' id='word_1_221' title='bbox 1948 1375 2193 1444; x_wconf 88' lang='lat' dir='ltr'><strong>spiritum</strong></span> <span class='ocrx_word' id='word_1_222' title='bbox 2218 1376 2451 1432; x_wconf 86' lang='lat' dir='ltr'><strong>hominis</strong></span> <span class='ocrx_word' id='word_1_223' title='bbox 2480 1379 2532 1433; x_wconf 91' lang='lat' dir='ltr'><strong>in</strong></span> <span class='ocrx_word' id='word_1_224' title='bbox 2557 1392 2644 1434; x_wconf 86' lang='lat' dir='ltr'><strong>eo.</strong></span> <span class='ocrx_word' id='word_1_225' title='bbox 2687 1379 2803 1434; x_wconf 80' lang='lat' dir='ltr'><strong>Jam</strong></span> <span class='ocrx_word' id='word_1_226' title='bbox 2829 1397 2958 1437; x_wconf 84' lang='lat' dir='ltr'><strong>vero</strong></span> <span class='ocrx_word' id='word_1_227' title='bbox 2987 1398 3106 1438; x_wconf 90' lang='lat' dir='ltr'><strong>cum</strong></span> <span class='ocrx_word' id='word_1_228' title='bbox 3135 1384 3266 1440; x_wconf 89' lang='lat' dir='ltr'><strong>dicit</strong></span> <span class='ocrx_word' id='word_1_229' title='bbox 3286 1388 3521 1456; x_wconf 88' lang='lat' dir='ltr'><strong>prophe-</strong></span> 
     </span>
    </p>
   </div>
   <div class='ocr_carea' id='block_1_32' title="bbox 1948 1469 3518 1542">
    <p class='ocr_par' dir='ltr' id='par_1_32' title="bbox 1948 1469 3518 1542">
     <span class='ocr_line' id='line_1_32' title="bbox 1948 1469 3518 1542; baseline 0.008 -22"><span class='ocrx_word' id='word_1_230' title='bbox 1948 1475 2023 1531; x_wconf 87' lang='lat' dir='ltr'><strong>ta,</strong></span> <span class='ocrx_word' id='word_1_231' title='bbox 2066 1469 2290 1538; x_wconf 84' lang='lat' dir='ltr'><strong>ﬁngens,</strong></span> <span class='ocrx_word' id='word_1_232' title='bbox 2335 1470 2589 1535; x_wconf 86' lang='lat' dir='ltr'><strong>ostendit,</strong></span> <span class='ocrx_word' id='word_1_233' title='bbox 2637 1479 2695 1526; x_wconf 93' lang='lat' dir='ltr'><strong>ut</strong></span> <span class='ocrx_word' id='word_1_234' title='bbox 2741 1488 2967 1542; x_wconf 90' lang='lat' dir='ltr'><strong>corpus,</strong></span> <span class='ocrx_word' id='word_1_235' title='bbox 3017 1474 3095 1529; x_wconf 90' lang='lat' dir='ltr'><strong>sic</strong></span> <span class='ocrx_word' id='word_1_236' title='bbox 3135 1476 3365 1530; x_wconf 88' lang='lat' dir='ltr'><strong>animam</strong></span> <span class='ocrx_word' id='word_1_237' title='bbox 3412 1494 3518 1533; x_wconf 90' lang='lat' dir='ltr'><strong>non</strong></span> 
     </span>
    </p>
   </div>
   <div class='ocr_carea' id='block_1_33' title="bbox 1952 1556 3518 1630">
    <p class='ocr_par' dir='ltr' id='par_1_33' title="bbox 1952 1556 3518 1630">
     <span class='ocr_line' id='line_1_33' title="bbox 1952 1556 3518 1630; baseline 0.008 -20"><span class='ocrx_word' id='word_1_238' title='bbox 1952 1556 2348 1625; x_wconf 70' lang='lat' dir='ltr'><strong>prmexistentia</strong></span> <span class='ocrx_word' id='word_1_239' title='bbox 2380 1556 2548 1612; x_wconf 91' lang='lat' dir='ltr'><strong>Deum</strong></span> <span class='ocrx_word' id='word_1_240' title='bbox 2578 1560 2794 1630; x_wconf 86' lang='lat' dir='ltr'><strong>propria</strong></span> <span class='ocrx_word' id='word_1_241' title='bbox 2822 1561 3019 1616; x_wconf 78' lang='lat' dir='ltr'><strong>virtute</strong></span> <span class='ocrx_word' id='word_1_242' title='bbox 3063 1577 3127 1617; x_wconf 89' lang='lat' dir='ltr'><strong>ac</strong></span> <span class='ocrx_word' id='word_1_243' title='bbox 3168 1564 3410 1621; x_wconf 88' lang='lat' dir='ltr'><strong>bonitate</strong></span> <span class='ocrx_word' id='word_1_244' title='bbox 3437 1565 3518 1622; x_wconf 80' lang='lat' dir='ltr'><strong>fe-</strong></span> 
     </span>
    </p>
   </div>
   <div class='ocr_carea' id='block_1_34' title="bbox 260 1642 1840 1731">
    <p class='ocr_par' dir='ltr' id='par_1_34' title="bbox 260 1651 1840 1731">
     <span class='ocr_line' id='line_1_34' title="bbox 260 1651 1840 1731; baseline 0 -23"><span class='ocrx_word' id='word_1_245' title='bbox 260 1663 331 1727; x_wconf 75' lang='grc' dir='ltr'><strong>τῇ</strong></span> <span class='ocrx_word' id='word_1_246' title='bbox 354 1653 455 1729; x_wconf 81' lang='grc' dir='ltr'>ἰδίᾳ</span> <span class='ocrx_word' id='word_1_247' title='bbox 482 1654 694 1719; x_wconf 77' lang='grc' dir='ltr'>δυνάμει</span> <span class='ocrx_word' id='word_1_248' title='bbox 716 1659 891 1719; x_wconf 75' lang='grc' dir='ltr'>αὐτοῦ,</span> <span class='ocrx_word' id='word_1_249' title='bbox 910 1661 994 1710; x_wconf 80' lang='grc' dir='ltr'>καί</span> <span class='ocrx_word' id='word_1_250' title='bbox 1020 1658 1310 1731; x_wconf 85' lang='grc' dir='ltr'>ἀγαθότητι.</span> <span class='ocrx_word' id='word_1_251' title='bbox 1330 1660 1492 1716; x_wconf 65' lang='grc' dir='ltr'>Καθὼς</span> <span class='ocrx_word' id='word_1_252' title='bbox 1518 1651 1604 1710; x_wconf 70' lang='grc' dir='ltr'><strong>οὖν</strong></span> <span class='ocrx_word' id='word_1_253' title='bbox 1626 1653 1840 1727; x_wconf 66' lang='grc' dir='ltr'><strong>εἴρηται1</strong></span> 
     </span>
    </p>
   </div>
   <div class='ocr_carea' id='block_1_35' title="bbox 1937 1642 3516 1731">
    <p class='ocr_par' dir='ltr' id='par_1_35' title="bbox 1952 1644 3516 1720">
     <span class='ocr_line' id='line_1_35' title="bbox 1952 1644 3516 1720; baseline 0.006 -19"><span class='ocrx_word' id='word_1_254' title='bbox 1952 1645 2110 1701; x_wconf 86' lang='lat' dir='ltr'><strong>cisse.</strong></span> <span class='ocrx_word' id='word_1_255' title='bbox 2161 1644 2311 1711; x_wconf 83' lang='lat' dir='ltr'><strong>Quod</strong></span> <span class='ocrx_word' id='word_1_256' title='bbox 2343 1646 2501 1714; x_wconf 83' lang='lat' dir='ltr'><strong>igitur</strong></span> <span class='ocrx_word' id='word_1_257' title='bbox 2539 1648 2720 1711; x_wconf 90' lang='lat' dir='ltr'><strong>homo,</strong></span> <span class='ocrx_word' id='word_1_258' title='bbox 2762 1650 2897 1704; x_wconf 89' lang='lat' dir='ltr'><strong>sicut</strong></span> <span class='ocrx_word' id='word_1_259' title='bbox 2924 1652 3121 1707; x_wconf 91' lang='lat' dir='ltr'><strong>dictum</strong></span> <span class='ocrx_word' id='word_1_260' title='bbox 3148 1663 3250 1720; x_wconf 89' lang='lat' dir='ltr'><strong>est,</strong></span> <span class='ocrx_word' id='word_1_261' title='bbox 3283 1655 3351 1711; x_wconf 90' lang='lat' dir='ltr'><strong>ad</strong></span> <span class='ocrx_word' id='word_1_262' title='bbox 3382 1656 3516 1710; x_wconf 89' lang='lat' dir='ltr'><strong>ima-</strong></span> 
     </span>
    </p>
   </div>
   <div class='ocr_carea' id='block_1_36' title="bbox 258 1743 1843 1818">
    <p class='ocr_par' dir='ltr' id='par_1_36' title="bbox 258 1743 1843 1818">
     <span class='ocr_line' id='line_1_36' title="bbox 258 1743 1843 1818; baseline -0.001 -19"><span class='ocrx_word' id='word_1_263' title='bbox 258 1744 379 1799; x_wconf 67' lang='grc' dir='ltr'>κατ’</span> <span class='ocrx_word' id='word_1_264' title='bbox 399 1744 564 1800; x_wconf 79' lang='grc' dir='ltr'>εἰκόνα</span> <span class='ocrx_word' id='word_1_265' title='bbox 582 1749 666 1799; x_wconf 77' lang='grc' dir='ltr'><strong>καὶ</strong></span> <span class='ocrx_word' id='word_1_266' title='bbox 684 1745 918 1816; x_wconf 84' lang='grc' dir='ltr'>ὁμοίωσιν</span> <span class='ocrx_word' id='word_1_267' title='bbox 942 1752 1034 1801; x_wconf 81' lang='grc' dir='ltr'><strong>τοῦ</strong></span> <span class='ocrx_word' id='word_1_268' title='bbox 1062 1754 1188 1802; x_wconf 91' lang='grc' dir='ltr'>Θεοῦ</span> <span class='ocrx_word' id='word_1_269' title='bbox 1209 1749 1436 1818; x_wconf 77' lang='grc' dir='ltr'>γενέσθαι</span> <span class='ocrx_word' id='word_1_270' title='bbox 1456 1747 1540 1801; x_wconf 86' lang='grc' dir='ltr'><strong>τόν</strong></span> <span class='ocrx_word' id='word_1_271' title='bbox 1562 1743 1843 1817; x_wconf 65' lang='grc' dir='ltr'>ἄνθρωπον,</span> 
     </span>
    </p>
   </div>
   <div class='ocr_carea' id='block_1_37' title="bbox 258 1836 1847 1907">
    <p class='ocr_par' dir='ltr' id='par_1_37' title="bbox 258 1836 1847 1907">
     <span class='ocr_line' id='line_1_37' title="bbox 258 1836 1847 1907; baseline 0.001 -20"><span class='ocrx_word' id='word_1_272' title='bbox 258 1837 351 1888; x_wconf 74' lang='grc' dir='ltr'><strong>καὶ</strong></span> <span class='ocrx_word' id='word_1_273' title='bbox 392 1842 484 1888; x_wconf 88' lang='grc' dir='ltr'><strong>τοῦ</strong></span> <span class='ocrx_word' id='word_1_274' title='bbox 527 1836 658 1888; x_wconf 81' lang='grc' dir='ltr'>θείου</span> <span class='ocrx_word' id='word_1_275' title='bbox 703 1836 1063 1906; x_wconf 73' lang='grc' dir='ltr'>έμφυσήματος</span> <span class='ocrx_word' id='word_1_276' title='bbox 1104 1839 1388 1901; x_wconf 77' lang='grc' dir='ltr'>ἀξιωθῆναι,</span> <span class='ocrx_word' id='word_1_277' title='bbox 1415 1836 1558 1895; x_wconf 86' lang='grc' dir='ltr'>δηλοῖ</span> <span class='ocrx_word' id='word_1_278' title='bbox 1585 1841 1656 1907; x_wconf 77' lang='grc' dir='ltr'>μὴ</span> <span class='ocrx_word' id='word_1_279' title='bbox 1701 1836 1847 1905; x_wconf 85' lang='grc' dir='ltr'>μόνον</span> 
     </span>
    </p>
   </div>
   <div class='ocr_carea' id='block_1_38' title="bbox 258 1922 1842 1994">
    <p class='ocr_par' dir='ltr' id='par_1_38' title="bbox 258 1922 1842 1994">
     <span class='ocr_line' id='line_1_38' title="bbox 258 1922 1842 1994; baseline 0.005 -21"><span class='ocrx_word' id='word_1_280' title='bbox 258 1923 444 1994; x_wconf 80' lang='grc' dir='ltr'>νοεράν</span> <span class='ocrx_word' id='word_1_281' title='bbox 471 1925 554 1975; x_wconf 82' lang='grc' dir='ltr'>καί</span> <span class='ocrx_word' id='word_1_282' title='bbox 592 1922 808 1994; x_wconf 74' lang='grc' dir='ltr'>λογικήν,</span> <span class='ocrx_word' id='word_1_283' title='bbox 841 1924 965 1978; x_wconf 84' lang='grc' dir='ltr'>ἀλλὰ</span> <span class='ocrx_word' id='word_1_284' title='bbox 997 1926 1080 1979; x_wconf 80' lang='grc' dir='ltr'>καί</span> <span class='ocrx_word' id='word_1_285' title='bbox 1121 1926 1368 1979; x_wconf 74' lang='grc' dir='ltr'>ἀθάνατον</span> <span class='ocrx_word' id='word_1_286' title='bbox 1409 1932 1498 1982; x_wconf 77' lang='grc' dir='ltr'>τήν</span> <span class='ocrx_word' id='word_1_287' title='bbox 1537 1924 1716 1994; x_wconf 66' lang='grc' dir='ltr'>ψυχήν</span> <span class='ocrx_word' id='word_1_288' title='bbox 1753 1922 1842 1981; x_wconf 85' lang='grc' dir='ltr'>δη·</span> 
     </span>
    </p>
   </div>
   <div class='ocr_carea' id='block_1_39' title="bbox 258 2010 1845 2086">
    <p class='ocr_par' dir='ltr' id='par_1_39' title="bbox 258 2010 1845 2086">
     <span class='ocr_line' id='line_1_39' title="bbox 258 2010 1845 2086; baseline 0.001 -22"><span class='ocrx_word' id='word_1_289' title='bbox 258 2013 628 2083; x_wconf 81' lang='grc' dir='ltr'>μιουργηθῆναι</span> <span class='ocrx_word' id='word_1_290' title='bbox 656 2014 783 2085; x_wconf 87' lang='grc' dir='ltr'>πρὸς</span> <span class='ocrx_word' id='word_1_291' title='bbox 814 2012 871 2066; x_wconf 84' lang='grc' dir='ltr'>τὸ</span> <span class='ocrx_word' id='word_1_292' title='bbox 897 2010 1080 2086; x_wconf 75' lang='grc' dir='ltr'>ἄρχειν</span> <span class='ocrx_word' id='word_1_293' title='bbox 1107 2016 1308 2068; x_wconf 82' lang='grc' dir='ltr'>πάντων</span> <span class='ocrx_word' id='word_1_294' title='bbox 1337 2021 1435 2067; x_wconf 83' lang='grc' dir='ltr'><strong>τῶν</strong></span> <span class='ocrx_word' id='word_1_295' title='bbox 1473 2012 1558 2067; x_wconf 66' lang='lat' dir='ltr'><strong>ini</strong></span> <span class='ocrx_word' id='word_1_296' title='bbox 1583 2022 1672 2084; x_wconf 82' lang='grc' dir='ltr'><strong>γῆς</strong></span> <span class='ocrx_word' id='word_1_297' title='bbox 1700 2034 1845 2070; x_wconf 63' lang='grc' dir='ltr'>ποιη-</span> 
     </span>
    </p>
   </div>
   <div class='ocr_carea' id='block_1_40' title="bbox 259 2099 1844 2176">
    <p class='ocr_par' dir='ltr' id='par_1_40' title="bbox 259 2099 1844 2176">
     <span class='ocr_line' id='line_1_40' title="bbox 259 2099 1844 2176; baseline 0.002 -24"><span class='ocrx_word' id='word_1_298' title='bbox 259 2099 459 2169; x_wconf 80' lang='grc' dir='ltr'>μάτων·</span> <span class='ocrx_word' id='word_1_299' title='bbox 487 2107 637 2154; x_wconf 88' lang='grc' dir='ltr'>τοῦτο</span> <span class='ocrx_word' id='word_1_300' title='bbox 667 2101 766 2172; x_wconf 88' lang='grc' dir='ltr'><strong>γάρ</strong></span> <span class='ocrx_word' id='word_1_301' title='bbox 793 2101 902 2155; x_wconf 78' lang='grc' dir='ltr'>ἔστι</span> <span class='ocrx_word' id='word_1_302' title='bbox 924 2106 1009 2155; x_wconf 79' lang='grc' dir='ltr'>καί</span> <span class='ocrx_word' id='word_1_303' title='bbox 1032 2103 1088 2156; x_wconf 85' lang='grc' dir='ltr'><strong>τό</strong></span> <span class='ocrx_word' id='word_1_304' title='bbox 1112 2104 1364 2173; x_wconf 73' lang='grc' dir='ltr'><strong>εἰρημένον</strong></span> <span class='ocrx_word' id='word_1_305' title='bbox 1384 2110 1455 2171; x_wconf 82' lang='grc' dir='ltr'>τῷ</span> <span class='ocrx_word' id='word_1_306' title='bbox 1484 2103 1690 2175; x_wconf 76' lang='grc' dir='ltr'>θεολόγῳ</span> <span class='ocrx_word' id='word_1_307' title='bbox 1712 2113 1844 2176; x_wconf 85' lang='grc' dir='ltr'>Γρη-</span> 
     </span>
    </p>
   </div>
   <div class='ocr_carea' id='block_1_41' title="bbox 258 2189 1844 2261">
    <p class='ocr_par' dir='ltr' id='par_1_41' title="bbox 258 2189 1844 2261">
     <span class='ocr_line' id='line_1_41' title="bbox 258 2189 1844 2261; baseline 0.006 -21"><span class='ocrx_word' id='word_1_308' title='bbox 258 2192 420 2261; x_wconf 57' lang='grc' dir='ltr'><strong>Ῥρὶῳ</strong></span> <span class='ocrx_word' id='word_1_309' title='bbox 460 2192 695 2260; x_wconf 79' lang='grc' dir='ltr'>περὶτῆς</span> <span class='ocrx_word' id='word_1_310' title='bbox 734 2189 935 2260; x_wconf 63' lang='grc' dir='ltr'>ψυχῆς.</span> <span class='ocrx_word' id='word_1_311' title='bbox 966 2196 1055 2249; x_wconf 72' lang='grc' dir='ltr'><strong>τήν</strong></span> <span class='ocrx_word' id='word_1_312' title='bbox 1087 2194 1141 2245; x_wconf 76' lang='grc' dir='ltr'><strong>ἐκ</strong></span> <span class='ocrx_word' id='word_1_313' title='bbox 1172 2198 1299 2246; x_wconf 83' lang='grc' dir='ltr'><strong>Θεοῦ</strong></span> <span class='ocrx_word' id='word_1_314' title='bbox 1342 2194 1428 2245; x_wconf 80' lang='grc' dir='ltr'>καί</span> <span class='ocrx_word' id='word_1_315' title='bbox 1465 2192 1596 2246; x_wconf 86' lang='grc' dir='ltr'>θείαν</span> <span class='ocrx_word' id='word_1_316' title='bbox 1636 2195 1719 2245; x_wconf 81' lang='grc' dir='ltr'>καί</span> <span class='ocrx_word' id='word_1_317' title='bbox 1753 2198 1844 2251; x_wconf 77' lang='grc' dir='ltr'>τῆς</span> 
     </span>
    </p>
   </div>
   <div class='ocr_carea' id='block_1_42' title="bbox 260 2274 1844 2352">
    <p class='ocr_par' dir='ltr' id='par_1_42' title="bbox 260 2274 1844 2352">
     <span class='ocr_line' id='line_1_42' title="bbox 260 2274 1844 2352; baseline 0.001 -20"><span class='ocrx_word' id='word_1_318' title='bbox 260 2274 450 2332; x_wconf 74' lang='grc' dir='ltr'>ἄνωθεν</span> <span class='ocrx_word' id='word_1_319' title='bbox 495 2280 739 2349; x_wconf 72' lang='grc' dir='ltr'><strong>εὐγενείας</strong></span> <span class='ocrx_word' id='word_1_320' title='bbox 784 2275 1126 2350; x_wconf 74' lang='grc' dir='ltr'>μετέχουσαν.</span> <span class='ocrx_word' id='word_1_321' title='bbox 1168 2282 1285 2350; x_wconf 82' lang='grc' dir='ltr'><strong>Οὐχ</strong></span> <span class='ocrx_word' id='word_1_322' title='bbox 1324 2282 1391 2340; x_wconf 81' lang='grc' dir='ltr'>ὥς</span> <span class='ocrx_word' id='word_1_323' title='bbox 1426 2301 1559 2340; x_wconf 86' lang='grc' dir='ltr'>τινες</span> <span class='ocrx_word' id='word_1_324' title='bbox 1602 2280 1844 2352; x_wconf 76' lang='grc' dir='ltr'>φανταζό-</span> 
     </span>
    </p>
   </div>
   <div class='ocr_carea' id='block_1_43' title="bbox 260 2368 1840 2443">
    <p class='ocr_par' dir='ltr' id='par_1_43' title="bbox 260 2368 1840 2443">
     <span class='ocr_line' id='line_1_43' title="bbox 260 2368 1840 2443; baseline 0.004 -22"><span class='ocrx_word' id='word_1_325' title='bbox 260 2385 406 2440; x_wconf 76' lang='grc' dir='ltr'>μενοι</span> <span class='ocrx_word' id='word_1_326' title='bbox 428 2368 633 2439; x_wconf 85' lang='grc' dir='ltr'>λέγουσι</span> <span class='ocrx_word' id='word_1_327' title='bbox 654 2376 744 2428; x_wconf 78' lang='grc' dir='ltr'><strong>τῆς</strong></span> <span class='ocrx_word' id='word_1_328' title='bbox 772 2371 930 2430; x_wconf 79' lang='grc' dir='ltr'>θείκῆς</span> <span class='ocrx_word' id='word_1_329' title='bbox 961 2370 1130 2429; x_wconf 78' lang='grc' dir='ltr'>οὐσίας</span> <span class='ocrx_word' id='word_1_330' title='bbox 1155 2370 1498 2443; x_wconf 76' lang='grc' dir='ltr'>ὑπάρχουσαν</span> <span class='ocrx_word' id='word_1_331' title='bbox 1519 2375 1607 2427; x_wconf 74' lang='grc' dir='ltr'>τήν</span> <span class='ocrx_word' id='word_1_332' title='bbox 1636 2368 1840 2439; x_wconf 62' lang='grc' dir='ltr'>ψυχήν</span> 
     </span>
    </p>
   </div>
   <div class='ocr_carea' id='block_1_44' title="bbox 260 2455 1839 2532">
    <p class='ocr_par' dir='ltr' id='par_1_44' title="bbox 260 2455 1839 2532">
     <span class='ocr_line' id='line_1_44' title="bbox 260 2455 1839 2532; baseline 0.003 -23"><span class='ocrx_word' id='word_1_333' title='bbox 260 2455 454 2517; x_wconf 80' lang='grc' dir='ltr'>ἀλλ’ὡς</span> <span class='ocrx_word' id='word_1_334' title='bbox 498 2455 583 2511; x_wconf 87' lang='grc' dir='ltr'><strong>διά</strong></span> <span class='ocrx_word' id='word_1_335' title='bbox 618 2464 706 2512; x_wconf 87' lang='grc' dir='ltr'><strong>τοῦ</strong></span> <span class='ocrx_word' id='word_1_336' title='bbox 756 2460 1112 2531; x_wconf 71' lang='grc' dir='ltr'>ἐμφυσήματος</span> <span class='ocrx_word' id='word_1_337' title='bbox 1151 2466 1242 2514; x_wconf 89' lang='grc' dir='ltr'><strong>τοῦ</strong></span> <span class='ocrx_word' id='word_1_338' title='bbox 1285 2466 1410 2514; x_wconf 82' lang='grc' dir='ltr'><strong>Θεοῦ</strong></span> <span class='ocrx_word' id='word_1_339' title='bbox 1448 2461 1731 2532; x_wconf 83' lang='grc' dir='ltr'>γενομένην,</span> <span class='ocrx_word' id='word_1_340' title='bbox 1758 2463 1839 2513; x_wconf 81' lang='grc' dir='ltr'>καί</span> 
     </span>
    </p>
   </div>
   <div class='ocr_carea' id='block_1_45' title="bbox 261 2534 1839 2624">
    <p class='ocr_par' dir='ltr' id='par_1_45' title="bbox 261 2534 1839 2624">
     <span class='ocr_line' id='line_1_45' title="bbox 261 2534 1839 2624; baseline 0.001 -26"><span class='ocrx_word' id='word_1_341' title='bbox 261 2544 504 2621; x_wconf 77' lang='grc' dir='ltr'>χάρισμα</span> <span class='ocrx_word' id='word_1_342' title='bbox 548 2546 672 2619; x_wconf 84' lang='grc' dir='ltr'>παρ’</span> <span class='ocrx_word' id='word_1_343' title='bbox 691 2550 841 2602; x_wconf 78' lang='grc' dir='ltr'>αὐτοῦ</span> <span class='ocrx_word' id='word_1_344' title='bbox 870 2534 1129 2602; x_wconf 64' lang='grc' dir='ltr'>λαϐοῦσαν</span> <span class='ocrx_word' id='word_1_345' title='bbox 1155 2554 1248 2602; x_wconf 89' lang='grc' dir='ltr'><strong>τοῦ</strong></span> <span class='ocrx_word' id='word_1_346' title='bbox 1286 2550 1487 2624; x_wconf 86' lang='grc' dir='ltr'>νοεράν,</span> <span class='ocrx_word' id='word_1_347' title='bbox 1514 2550 1596 2602; x_wconf 77' lang='grc' dir='ltr'><strong>καί</strong></span> <span class='ocrx_word' id='word_1_348' title='bbox 1623 2548 1839 2620; x_wconf 81' lang='grc' dir='ltr'>λογικήν,</span> 
     </span>
    </p>
   </div>
   <div class='ocr_carea' id='block_1_46' title="bbox 259 2631 1839 2710">
    <p class='ocr_par' dir='ltr' id='par_1_46' title="bbox 259 2631 1839 2710">
     <span class='ocr_line' id='line_1_46' title="bbox 259 2631 1839 2710; baseline 0.004 -23"><span class='ocrx_word' id='word_1_349' title='bbox 259 2637 353 2690; x_wconf 73' lang='grc' dir='ltr'>καί</span> <span class='ocrx_word' id='word_1_350' title='bbox 389 2635 627 2689; x_wconf 84' lang='grc' dir='ltr'>ἀθάνατον</span> <span class='ocrx_word' id='word_1_351' title='bbox 652 2631 812 2699; x_wconf 82' lang='grc' dir='ltr'>εἶναι,</span> <span class='ocrx_word' id='word_1_352' title='bbox 840 2639 927 2690; x_wconf 81' lang='grc' dir='ltr'><strong>καί</strong></span> <span class='ocrx_word' id='word_1_353' title='bbox 961 2642 1034 2705; x_wconf 75' lang='grc' dir='ltr'>μή</span> <span class='ocrx_word' id='word_1_354' title='bbox 1060 2642 1476 2696; x_wconf 75' lang='grc' dir='ltr'>συναποθνήσκειν</span> <span class='ocrx_word' id='word_1_355' title='bbox 1516 2645 1588 2710; x_wconf 82' lang='grc' dir='ltr'><strong>τῷ</strong></span> <span class='ocrx_word' id='word_1_356' title='bbox 1615 2640 1839 2708; x_wconf 82' lang='grc' dir='ltr'>σώματι,</span> 
     </span>
    </p>
   </div>
   <div class='ocr_carea' id='block_1_47' title="bbox 260 2720 1840 2799">
    <p class='ocr_par' dir='ltr' id='par_1_47' title="bbox 260 2720 1840 2799">
     <span class='ocr_line' id='line_1_47' title="bbox 260 2720 1840 2799; baseline 0.004 -25"><span class='ocrx_word' id='word_1_357' title='bbox 260 2720 375 2776; x_wconf 75' lang='grc' dir='ltr'>καθ’</span> <span class='ocrx_word' id='word_1_358' title='bbox 394 2722 665 2793; x_wconf 86' lang='grc' dir='ltr'>ὁμοιότητα</span> <span class='ocrx_word' id='word_1_359' title='bbox 691 2730 790 2779; x_wconf 86' lang='grc' dir='ltr'>τῶν</span> <span class='ocrx_word' id='word_1_360' title='bbox 816 2725 1008 2797; x_wconf 88' lang='grc' dir='ltr'>ἀλόγων</span> <span class='ocrx_word' id='word_1_361' title='bbox 1031 2729 1191 2793; x_wconf 82' lang='grc' dir='ltr'>ζώων,</span> <span class='ocrx_word' id='word_1_362' title='bbox 1223 2726 1345 2781; x_wconf 88' lang='grc' dir='ltr'><strong>ἀλλά</strong></span> <span class='ocrx_word' id='word_1_363' title='bbox 1369 2728 1502 2781; x_wconf 80' lang='grc' dir='ltr'>κατά</span> <span class='ocrx_word' id='word_1_364' title='bbox 1531 2727 1687 2799; x_wconf 88' lang='grc' dir='ltr'>χάριν</span> <span class='ocrx_word' id='word_1_365' title='bbox 1716 2747 1840 2798; x_wconf 81' lang='grc' dir='ltr'>μετ·</span> 
     </span>
    </p>
   </div>
   <div class='ocr_carea' id='block_1_48' title="bbox 260 2810 1844 2891">
    <p class='ocr_par' dir='ltr' id='par_1_48' title="bbox 260 2810 1844 2891">
     <span class='ocr_line' id='line_1_48' title="bbox 260 2810 1844 2891; baseline 0.004 -26"><span class='ocrx_word' id='word_1_366' title='bbox 260 2814 408 2883; x_wconf 81' lang='grc' dir='ltr'>έχειν</span> <span class='ocrx_word' id='word_1_367' title='bbox 451 2822 543 2873; x_wconf 77' lang='grc' dir='ltr'><strong>τῆς</strong></span> <span class='ocrx_word' id='word_1_368' title='bbox 584 2810 769 2867; x_wconf 59' lang='grc' dir='ltr'>ἄνωθεν</span> <span class='ocrx_word' id='word_1_369' title='bbox 805 2816 1066 2885; x_wconf 74' lang='grc' dir='ltr'>εὐγενείας,</span> <span class='ocrx_word' id='word_1_370' title='bbox 1096 2817 1356 2871; x_wconf 75' lang='grc' dir='ltr'>τουτέστιν</span> <span class='ocrx_word' id='word_1_371' title='bbox 1385 2817 1680 2876; x_wconf 87' lang='grc' dir='ltr'>ἀθανασίας.</span> <span class='ocrx_word' id='word_1_372' title='bbox 1711 2829 1844 2891; x_wconf 81' lang='grc' dir='ltr'>Μαρ-</span> 
     </span>
    </p>
   </div>
   <div class='ocr_carea' id='block_1_49' title="bbox 259 2898 1843 2976">
    <p class='ocr_par' dir='ltr' id='par_1_49' title="bbox 259 2898 1843 2976">
     <span class='ocr_line' id='line_1_49' title="bbox 259 2898 1843 2976; baseline 0.003 -20"><span class='ocrx_word' id='word_1_373' title='bbox 259 2908 415 2974; x_wconf 77' lang='grc' dir='ltr'>τυρεῖ</span> <span class='ocrx_word' id='word_1_374' title='bbox 445 2898 499 2955; x_wconf 82' lang='grc' dir='ltr'><strong>δέ</strong></span> <span class='ocrx_word' id='word_1_375' title='bbox 543 2902 744 2958; x_wconf 77' lang='grc' dir='ltr'>τούτοις</span> <span class='ocrx_word' id='word_1_376' title='bbox 772 2902 899 2956; x_wconf 80' lang='grc' dir='ltr'>καὶὸ</span> <span class='ocrx_word' id='word_1_377' title='bbox 928 2905 979 2957; x_wconf 85' lang='grc' dir='ltr'><strong>έν</strong></span> <span class='ocrx_word' id='word_1_378' title='bbox 1018 2903 1176 2976; x_wconf 80' lang='grc' dir='ltr'>ἁγίοις</span> <span class='ocrx_word' id='word_1_379' title='bbox 1217 2902 1443 2965; x_wconf 76' lang='grc' dir='ltr'>Ἰωάννης</span> <span class='ocrx_word' id='word_1_380' title='bbox 1473 2905 1498 2959; x_wconf 87' lang='grc' dir='ltr'><strong>ό</strong></span> <span class='ocrx_word' id='word_1_381' title='bbox 1527 2913 1843 2960; x_wconf 70' lang='grc' dir='ltr'>Κωνστσντι-</span> 
     </span>
    </p>
   </div>
   <div class='ocr_carea' id='block_1_50' title="bbox 263 2991 1840 3075">
    <p class='ocr_par' dir='ltr' id='par_1_50' title="bbox 263 2991 1840 3075">
     <span class='ocr_line' id='line_1_50' title="bbox 263 2991 1840 3075; baseline 0.003 -31"><span class='ocrx_word' id='word_1_382' title='bbox 263 2991 549 3051; x_wconf 83' lang='grc' dir='ltr'>νουπό).εως</span> <span class='ocrx_word' id='word_1_383' title='bbox 577 2993 906 3066; x_wconf 80' lang='grc' dir='ltr'>πατριάρχης</span> <span class='ocrx_word' id='word_1_384' title='bbox 939 2995 988 3047; x_wconf 83' lang='grc' dir='ltr'><strong>έν</strong></span> <span class='ocrx_word' id='word_1_385' title='bbox 1017 3001 1088 3064; x_wconf 86' lang='grc' dir='ltr'>τῷ</span> <span class='ocrx_word' id='word_1_386' title='bbox 1122 2992 1364 3075; x_wconf 53' lang='grc' dir='ltr'>ίηδεκάτει)</span> <span class='ocrx_word' id='word_1_387' title='bbox 1391 2994 1521 3065; x_wconf 82' lang='grc' dir='ltr'>λόγῳ</span> <span class='ocrx_word' id='word_1_388' title='bbox 1653 3000 1724 3055; x_wconf 79' lang='grc' dir='ltr'><strong>ες</strong></span> <span class='ocrx_word' id='word_1_389' title='bbox 1749 3001 1840 3054; x_wconf 69' lang='grc' dir='ltr'>τήν</span> 
     </span>
    </p>
   </div>
   <div class='ocr_carea' id='block_1_51' title="bbox 260 3081 1840 3155">
    <p class='ocr_par' dir='ltr' id='par_1_51' title="bbox 260 3081 1840 3155">
     <span class='ocr_line' id='line_1_51' title="bbox 260 3081 1840 3155; baseline 0.004 -21"><span class='ocrx_word' id='word_1_390' title='bbox 260 3083 456 3135; x_wconf 76' lang='grc' dir='ltr'>κτίσιν·</span> <span class='ocrx_word' id='word_1_391' title='bbox 489 3081 615 3154; x_wconf 87' lang='grc' dir='ltr'>λέγει</span> <span class='ocrx_word' id='word_1_392' title='bbox 643 3084 738 3153; x_wconf 82' lang='grc' dir='ltr'>γὰρ</span> <span class='ocrx_word' id='word_1_393' title='bbox 766 3082 947 3143; x_wconf 80' lang='grc' dir='ltr'>οὕτως’</span> <span class='ocrx_word' id='word_1_394' title='bbox 981 3099 1000 3133; x_wconf 86' lang='grc' dir='ltr'><strong>ε</strong></span> <span class='ocrx_word' id='word_1_395' title='bbox 1029 3086 1127 3137; x_wconf 74' lang='grc' dir='ltr'><strong>Καὶ</strong></span> <span class='ocrx_word' id='word_1_396' title='bbox 1155 3084 1457 3155; x_wconf 75' lang='grc' dir='ltr'>ἐνεφύσησε,</span> <span class='ocrx_word' id='word_1_397' title='bbox 1485 3088 1652 3153; x_wconf 76' lang='grc' dir='ltr'>φησίν,</span> <span class='ocrx_word' id='word_1_398' title='bbox 1684 3087 1754 3145; x_wconf 83' lang='grc' dir='ltr'><strong>εἰς</strong></span> <span class='ocrx_word' id='word_1_399' title='bbox 1782 3086 1840 3140; x_wconf 83' lang='grc' dir='ltr'><strong>τό</strong></span> 
     </span>
    </p>
   </div>
   <div class='ocr_carea' id='block_1_52' title="bbox 263 3171 1840 3250">
    <p class='ocr_par' dir='ltr' id='par_1_52' title="bbox 263 3171 1840 3250">
     <span class='ocr_line' id='line_1_52' title="bbox 263 3171 1840 3250; baseline 0.004 -25"><span class='ocrx_word' id='word_1_400' title='bbox 263 3171 536 3246; x_wconf 82' lang='grc' dir='ltr'>πρόσωπον</span> <span class='ocrx_word' id='word_1_401' title='bbox 575 3174 728 3227; x_wconf 77' lang='grc' dir='ltr'>αὐτοῦ</span> <span class='ocrx_word' id='word_1_402' title='bbox 768 3179 923 3232; x_wconf 72' lang='grc' dir='ltr'>πνοήν</span> <span class='ocrx_word' id='word_1_403' title='bbox 965 3178 1119 3237; x_wconf 78' lang='grc' dir='ltr'>ζωῆς.</span> <span class='ocrx_word' id='word_1_404' title='bbox 1145 3178 1229 3229; x_wconf 82' lang='grc' dir='ltr'>καί</span> <span class='ocrx_word' id='word_1_405' title='bbox 1268 3176 1460 3246; x_wconf 73' lang='grc' dir='ltr'>ἐγένετο</span> <span class='ocrx_word' id='word_1_406' title='bbox 1502 3174 1529 3230; x_wconf 96' lang='lat'><strong>6</strong></span> <span class='ocrx_word' id='word_1_407' title='bbox 1575 3174 1840 3250; x_wconf 73' lang='grc' dir='ltr'>ἄνθρωπος·</span> 
     </span>
    </p>
   </div>
   <div class='ocr_carea' id='block_1_53' title="bbox 260 3262 1836 3339">
    <p class='ocr_par' dir='ltr' id='par_1_53' title="bbox 260 3262 1836 3339">
     <span class='ocr_line' id='line_1_53' title="bbox 260 3262 1836 3339; baseline 0.004 -23"><span class='ocrx_word' id='word_1_408' title='bbox 260 3265 334 3322; x_wconf 80' lang='grc' dir='ltr'><strong>εἷς</strong></span> <span class='ocrx_word' id='word_1_409' title='bbox 361 3262 540 3333; x_wconf 69' lang='grc' dir='ltr'>ψυχήν</span> <span class='ocrx_word' id='word_1_410' title='bbox 574 3268 764 3327; x_wconf 86' lang='grc' dir='ltr'>ζῶσαν.</span> <span class='ocrx_word' id='word_1_411' title='bbox 789 3265 1033 3320; x_wconf 79' lang='grc' dir='ltr'>Ἐνταῦθα</span> <span class='ocrx_word' id='word_1_412' title='bbox 1067 3286 1198 3325; x_wconf 91' lang='grc' dir='ltr'>τινες</span> <span class='ocrx_word' id='word_1_413' title='bbox 1235 3273 1333 3320; x_wconf 87' lang='grc' dir='ltr'><strong>τῶν</strong></span> <span class='ocrx_word' id='word_1_414' title='bbox 1367 3264 1663 3339; x_wconf 72' lang='grc' dir='ltr'>ἀγνωμόνων</span> <span class='ocrx_word' id='word_1_415' title='bbox 1690 3269 1741 3332; x_wconf 78' lang='grc' dir='ltr'><em>ἐξ</em></span> <span class='ocrx_word' id='word_1_416' title='bbox 1763 3271 1836 3322; x_wconf 81' lang='lat' dir='ltr'><strong>oi-</strong></span> 
     </span>
    </p>
   </div>
   <div class='ocr_carea' id='block_1_54' title="bbox 236 3352 1834 3429">
    <p class='ocr_par' dir='ltr' id='par_1_54' title="bbox 236 3352 1834 3429">
     <span class='ocr_line' id='line_1_54' title="bbox 236 3352 1834 3429; baseline 0.004 -25"><span class='ocrx_word' id='word_1_417' title='bbox 236 3402 239 3413; x_wconf 79' lang='grc'><strong>,</strong></span> <span class='ocrx_word' id='word_1_418' title='bbox 262 3353 407 3418; x_wconf 76' lang='grc' dir='ltr'>εςείων</span> <span class='ocrx_word' id='word_1_419' title='bbox 418 3352 668 3425; x_wconf 83' lang='grc' dir='ltr'>λογισμῶν</span> <span class='ocrx_word' id='word_1_420' title='bbox 679 3356 976 3427; x_wconf 68' lang='grc' dir='ltr'>κινούμενοι,</span> <span class='ocrx_word' id='word_1_421' title='bbox 992 3358 1074 3408; x_wconf 83' lang='grc' dir='ltr'>καί</span> <span class='ocrx_word' id='word_1_422' title='bbox 1095 3353 1231 3409; x_wconf 80' lang='grc' dir='ltr'>οὐδέν</span> <span class='ocrx_word' id='word_1_423' title='bbox 1248 3356 1519 3429; x_wconf 82' lang='grc' dir='ltr'>θεοπρεπὲς</span> <span class='ocrx_word' id='word_1_424' title='bbox 1538 3362 1834 3421; x_wconf 72' lang='grc' dir='ltr'>ἐννοοῦντες,</span> 
     </span>
    </p>
   </div>
   <div class='ocr_carea' id='block_1_55' title="bbox 260 3436 1839 3520">
    <p class='ocr_par' dir='ltr' id='par_1_55' title="bbox 260 3436 1839 3520">
     <span class='ocr_line' id='line_1_55' title="bbox 260 3436 1839 3520; baseline 0.004 -28"><span class='ocrx_word' id='word_1_425' title='bbox 260 3437 378 3493; x_wconf 74' lang='grc' dir='ltr'>οὔτε</span> <span class='ocrx_word' id='word_1_426' title='bbox 405 3446 493 3499; x_wconf 80' lang='grc' dir='ltr'>τήν</span> <span class='ocrx_word' id='word_1_427' title='bbox 517 3436 897 3510; x_wconf 69' lang='grc' dir='ltr'>πγκάτάϐασιν</span> <span class='ocrx_word' id='word_1_428' title='bbox 919 3449 1017 3496; x_wconf 85' lang='grc' dir='ltr'>τῶν</span> <span class='ocrx_word' id='word_1_429' title='bbox 1059 3444 1293 3520; x_wconf 72' lang='grc' dir='ltr'>ῥημάτων</span> <span class='ocrx_word' id='word_1_430' title='bbox 1328 3444 1651 3516; x_wconf 82' lang='grc' dir='ltr'>λογιζόμενοι.</span> <span class='ocrx_word' id='word_1_431' title='bbox 1683 3445 1839 3517; x_wconf 83' lang='grc' dir='ltr'>λέγειν</span> 
     </span>
    </p>
   </div>
   <div class='ocr_carea' id='block_1_56' title="bbox 262 3528 1835 3605">
    <p class='ocr_par' dir='ltr' id='par_1_56' title="bbox 262 3528 1835 3605">
     <span class='ocr_line' id='line_1_56' title="bbox 262 3528 1835 3605; baseline 0.007 -26"><span class='ocrx_word' id='word_1_432' title='bbox 262 3532 615 3602; x_wconf 68' lang='grc' dir='ltr'>ἐπιχειροῦσιν</span> <span class='ocrx_word' id='word_1_433' title='bbox 639 3528 715 3583; x_wconf 82' lang='grc' dir='ltr'>ὅτι</span> <span class='ocrx_word' id='word_1_434' title='bbox 744 3531 798 3583; x_wconf 72' lang='lat' dir='ltr'><strong>in</strong></span> <span class='ocrx_word' id='word_1_435' title='bbox 826 3539 917 3591; x_wconf 80' lang='grc' dir='ltr'>τῆς</span> <span class='ocrx_word' id='word_1_436' title='bbox 946 3536 1037 3584; x_wconf 86' lang='grc' dir='ltr'><strong>τοῦ</strong></span> <span class='ocrx_word' id='word_1_437' title='bbox 1062 3538 1185 3584; x_wconf 74' lang='grc' dir='ltr'>Θεοῦ</span> <span class='ocrx_word' id='word_1_438' title='bbox 1217 3534 1395 3593; x_wconf 82' lang='grc' dir='ltr'>οὐσίας</span> <span class='ocrx_word' id='word_1_439' title='bbox 1441 3534 1581 3588; x_wconf 70' lang='grc' dir='ltr'>ἐστίν</span> <span class='ocrx_word' id='word_1_440' title='bbox 1604 3536 1634 3591; x_wconf 81' lang='grc' dir='ltr'>ἡ</span> <span class='ocrx_word' id='word_1_441' title='bbox 1658 3536 1835 3605; x_wconf 67' lang='grc' dir='ltr'>ψυχή.</span> 
     </span>
    </p>
   </div>
   <div class='ocr_carea' id='block_1_57' title="bbox 257 3618 1870 3697">
    <p class='ocr_par' dir='ltr' id='par_1_57' title="bbox 257 3618 1870 3697">
     <span class='ocr_line' id='line_1_57' title="bbox 257 3618 1870 3697; baseline 0.006 -26"><span class='ocrx_word' id='word_1_442' title='bbox 257 3622 322 3671; x_wconf 70' lang='grc' dir='ltr'>’.ιι</span> <span class='ocrx_word' id='word_1_443' title='bbox 350 3627 437 3677; x_wconf 74' lang='grc' dir='ltr'>τῆς</span> <span class='ocrx_word' id='word_1_444' title='bbox 468 3622 673 3690; x_wconf 86' lang='grc' dir='ltr'>μανίας,</span> <span class='ocrx_word' id='word_1_445' title='bbox 708 3618 747 3674; x_wconf 81' lang='grc' dir='ltr'><strong>ὦ</strong></span> <span class='ocrx_word' id='word_1_446' title='bbox 783 3629 873 3680; x_wconf 83' lang='grc' dir='ltr'>τῆς</span> <span class='ocrx_word' id='word_1_447' title='bbox 907 3624 1357 3695; x_wconf 67' lang='grc' dir='ltr'>παραφροσύνης.»</span> <span class='ocrx_word' id='word_1_448' title='bbox 1385 3627 1474 3676; x_wconf 70' lang='grc' dir='ltr'><strong>Καὶ</strong></span> <span class='ocrx_word' id='word_1_449' title='bbox 1498 3630 1663 3679; x_wconf 82' lang='grc' dir='ltr'>ταῦτα</span> <span class='ocrx_word' id='word_1_450' title='bbox 1691 3629 1781 3697; x_wconf 87' lang='grc' dir='ltr'><strong>μέν</strong></span> <span class='ocrx_word' id='word_1_451' title='bbox 1813 3626 1838 3681; x_wconf 89' lang='grc' dir='ltr'><strong>ό</strong></span> <span class='ocrx_word' id='word_1_452' title='bbox 1867 3687 1870 3690; x_wconf 42' lang='grc'><strong>,</strong></span> 
     </span>
    </p>
   </div>
   <div class='ocr_carea' id='block_1_58' title="bbox 262 3710 1839 3788">
    <p class='ocr_par' dir='ltr' id='par_1_58' title="bbox 262 3710 1839 3788">
     <span class='ocr_line' id='line_1_58' title="bbox 262 3710 1839 3788; baseline 0.004 -25"><span class='ocrx_word' id='word_1_453' title='bbox 262 3715 429 3782; x_wconf 78' lang='grc' dir='ltr'>πατήρ</span> <span class='ocrx_word' id='word_1_454' title='bbox 466 3714 586 3781; x_wconf 86' lang='grc' dir='ltr'>περί</span> <span class='ocrx_word' id='word_1_455' title='bbox 625 3717 723 3765; x_wconf 86' lang='grc' dir='ltr'><strong>τῶν</strong></span> <span class='ocrx_word' id='word_1_456' title='bbox 766 3713 1121 3781; x_wconf 77' lang='grc' dir='ltr'>προκειμένων.</span> <span class='ocrx_word' id='word_1_457' title='bbox 1170 3710 1348 3766; x_wconf 78' lang='grc' dir='ltr'>Σκόπει</span> <span class='ocrx_word' id='word_1_458' title='bbox 1375 3710 1451 3778; x_wconf 82' lang='grc' dir='ltr'><strong>δέ,</strong></span> <span class='ocrx_word' id='word_1_459' title='bbox 1485 3711 1560 3768; x_wconf 86' lang='grc' dir='ltr'>ὅτι</span> <span class='ocrx_word' id='word_1_460' title='bbox 1588 3736 1687 3787; x_wconf 88' lang='grc' dir='ltr'><strong>περ</strong></span> <span class='ocrx_word' id='word_1_461' title='bbox 1719 3721 1839 3788; x_wconf 88' lang='grc' dir='ltr'>περί</span> 
     </span>
    </p>
   </div>
   <div class='ocr_carea' id='block_1_59' title="bbox 261 3797 1837 3876">
    <p class='ocr_par' dir='ltr' id='par_1_59' title="bbox 261 3797 1837 3876">
     <span class='ocr_line' id='line_1_59' title="bbox 261 3797 1837 3876; baseline 0.006 -24"><span class='ocrx_word' id='word_1_462' title='bbox 261 3802 352 3868; x_wconf 87' lang='grc' dir='ltr'><strong>μέν</strong></span> <span class='ocrx_word' id='word_1_463' title='bbox 375 3807 473 3854; x_wconf 86' lang='grc' dir='ltr'>τῶν</span> <span class='ocrx_word' id='word_1_464' title='bbox 499 3797 657 3854; x_wconf 78' lang='grc' dir='ltr'>ἄλλων</span> <span class='ocrx_word' id='word_1_465' title='bbox 680 3799 916 3853; x_wconf 85' lang='grc' dir='ltr'>ἀπάντων</span> <span class='ocrx_word' id='word_1_466' title='bbox 938 3801 1019 3854; x_wconf 88' lang='grc' dir='ltr'><strong>έπί</strong></span> <span class='ocrx_word' id='word_1_467' title='bbox 1048 3809 1140 3872; x_wconf 82' lang='grc' dir='ltr'>γῆς</span> <span class='ocrx_word' id='word_1_468' title='bbox 1168 3804 1456 3876; x_wconf 74' lang='grc' dir='ltr'>ποιημάτων</span> <span class='ocrx_word' id='word_1_469' title='bbox 1487 3801 1623 3859; x_wconf 82' lang='grc' dir='ltr'>εἶπεν</span> <span class='ocrx_word' id='word_1_470' title='bbox 1645 3807 1670 3860; x_wconf 87' lang='grc' dir='ltr'><strong>ὃ</strong></span> <span class='ocrx_word' id='word_1_471' title='bbox 1695 3810 1837 3872; x_wconf 81' lang='grc' dir='ltr'>Θεὸς,</span> 
     </span>
    </p>
   </div>
   <div class='ocr_carea' id='block_1_60' title="bbox 265 3890 1839 3970">
    <p class='ocr_par' dir='ltr' id='par_1_60' title="bbox 265 3890 1839 3970">
     <span class='ocr_line' id='line_1_60' title="bbox 265 3890 1839 3970; baseline 0.006 -31"><span class='ocrx_word' id='word_1_472' title='bbox 265 3905 284 3939; x_wconf 86' lang='grc' dir='ltr'><strong>ε</strong></span> <span class='ocrx_word' id='word_1_473' title='bbox 308 3890 625 3947; x_wconf 75' lang='grc' dir='ltr'>Γεννηθήτωι</span> <span class='ocrx_word' id='word_1_474' title='bbox 652 3893 736 3942; x_wconf 80' lang='grc' dir='ltr'>καί</span> <span class='ocrx_word' id='word_1_475' title='bbox 765 3907 783 3940; x_wconf 79' lang='grc' dir='ltr'><strong>ε</strong></span> <span class='ocrx_word' id='word_1_476' title='bbox 806 3891 1137 3961; x_wconf 83' lang='grc' dir='ltr'>έξαγαγέτωὴ</span> <span class='ocrx_word' id='word_1_477' title='bbox 1162 3900 1242 3962; x_wconf 52' lang='grc' dir='ltr'><strong>ιῆ,</strong></span> <span class='ocrx_word' id='word_1_478' title='bbox 1259 3897 1342 3945; x_wconf 83' lang='grc' dir='ltr'>καί</span> <span class='ocrx_word' id='word_1_479' title='bbox 1368 3894 1573 3965; x_wconf 79' lang='grc' dir='ltr'>ἐγένετο.</span> <span class='ocrx_word' id='word_1_480' title='bbox 1601 3912 1618 3943; x_wconf 77' lang='grc' dir='ltr'><strong>ι</strong></span> <span class='ocrx_word' id='word_1_481' title='bbox 1656 3899 1768 3970; x_wconf 80' lang='grc' dir='ltr'>Περὶ</span> <span class='ocrx_word' id='word_1_482' title='bbox 1786 3896 1839 3949; x_wconf 79' lang='grc' dir='ltr'><strong>δέ</strong></span> 
     </span>
    </p>
   </div>
   <div class='ocr_carea' id='block_1_61' title="bbox 265 3978 1839 4056">
    <p class='ocr_par' dir='ltr' id='par_1_61' title="bbox 265 3978 1839 4056">
     <span class='ocr_line' id='line_1_61' title="bbox 265 3978 1839 4056; baseline 0.003 -24"><span class='ocrx_word' id='word_1_483' title='bbox 265 3986 350 4032; x_wconf 82' lang='grc' dir='ltr'><strong>τοῦ</strong></span> <span class='ocrx_word' id='word_1_484' title='bbox 382 3981 644 4051; x_wconf 83' lang='grc' dir='ltr'>ἀνθρώπου</span> <span class='ocrx_word' id='word_1_485' title='bbox 675 3980 820 4050; x_wconf 80' lang='grc' dir='ltr'>λέγει,</span> <span class='ocrx_word' id='word_1_486' title='bbox 836 3984 1152 4050; x_wconf 77' lang='grc' dir='ltr'>«Ποιήσωμεν</span> <span class='ocrx_word' id='word_1_487' title='bbox 1179 3978 1459 4056; x_wconf 80' lang='grc' dir='ltr'>ἄνθρωπον.</span> <span class='ocrx_word' id='word_1_488' title='bbox 1476 4002 1494 4034; x_wconf 75' lang='grc' dir='ltr'><strong>ι</strong></span> <span class='ocrx_word' id='word_1_489' title='bbox 1513 3987 1596 4037; x_wconf 81' lang='grc' dir='ltr'>καί</span> <span class='ocrx_word' id='word_1_490' title='bbox 1622 3985 1677 4037; x_wconf 80' lang='grc' dir='ltr'><strong>οὐ</strong></span> <span class='ocrx_word' id='word_1_491' title='bbox 1695 3984 1839 4055; x_wconf 87' lang='grc' dir='ltr'>μόνον</span> 
     </span>
    </p>
   </div>
   <div class='ocr_carea' id='block_1_62' title="bbox 265 4069 1837 4143">
    <p class='ocr_par' dir='ltr' id='par_1_62' title="bbox 265 4069 1837 4143">
     <span class='ocr_line' id='line_1_62' title="bbox 265 4069 1837 4143; baseline 0.005 -25"><span class='ocrx_word' id='word_1_492' title='bbox 265 4087 284 4118; x_wconf 79' lang='grc' dir='ltr'><strong>ε</strong></span> <span class='ocrx_word' id='word_1_493' title='bbox 306 4075 609 4141; x_wconf 76' lang='grc' dir='ltr'>ποιήσωμεν,</span> <span class='ocrx_word' id='word_1_494' title='bbox 627 4087 646 4119; x_wconf 79' lang='grc' dir='ltr'><strong>ι</strong></span> <span class='ocrx_word' id='word_1_495' title='bbox 680 4069 802 4122; x_wconf 84' lang='grc' dir='ltr'><strong>ἀλλά</strong></span> <span class='ocrx_word' id='word_1_496' title='bbox 838 4085 855 4118; x_wconf 80' lang='grc' dir='ltr'><strong>ι</strong></span> <span class='ocrx_word' id='word_1_497' title='bbox 880 4069 990 4122; x_wconf 78' lang='grc' dir='ltr'>κατ’</span> <span class='ocrx_word' id='word_1_498' title='bbox 1009 4070 1176 4129; x_wconf 67' lang='grc' dir='ltr'>εἰκόνα</span> <span class='ocrx_word' id='word_1_499' title='bbox 1206 4072 1447 4143; x_wconf 75' lang='grc' dir='ltr'>ἡμετέραν</span> <span class='ocrx_word' id='word_1_500' title='bbox 1470 4076 1553 4126; x_wconf 80' lang='grc' dir='ltr'>καί</span> <span class='ocrx_word' id='word_1_501' title='bbox 1579 4072 1837 4143; x_wconf 80' lang='grc' dir='ltr'>ὁμοίωσιν·</span> 
     </span>
    </p>
   </div>
   <div class='ocr_carea' id='block_1_63' title="bbox 260 4158 1838 4235">
    <p class='ocr_par' dir='ltr' id='par_1_63' title="bbox 260 4158 1838 4235">
     <span class='ocr_line' id='line_1_63' title="bbox 260 4158 1838 4235; baseline 0.003 -24"><span class='ocrx_word' id='word_1_502' title='bbox 260 4160 518 4212; x_wconf 74' lang='grc' dir='ltr'>καίλαϐὠν</span> <span class='ocrx_word' id='word_1_503' title='bbox 541 4165 673 4228; x_wconf 88' lang='grc' dir='ltr'>χοῦν</span> <span class='ocrx_word' id='word_1_504' title='bbox 696 4160 796 4212; x_wconf 89' lang='grc' dir='ltr'><strong>ἀπό</strong></span> <span class='ocrx_word' id='word_1_505' title='bbox 810 4166 901 4219; x_wconf 78' lang='grc' dir='ltr'><strong>τῆς</strong></span> <span class='ocrx_word' id='word_1_506' title='bbox 916 4167 1008 4231; x_wconf 80' lang='grc' dir='ltr'>γῆς</span> <span class='ocrx_word' id='word_1_507' title='bbox 1032 4167 1149 4220; x_wconf 83' lang='grc' dir='ltr'>ταῖς</span> <span class='ocrx_word' id='word_1_508' title='bbox 1167 4158 1318 4219; x_wconf 82' lang='grc' dir='ltr'>ἰδίαις</span> <span class='ocrx_word' id='word_1_509' title='bbox 1341 4164 1529 4235; x_wconf 79' lang='grc' dir='ltr'>χερσὶν</span> <span class='ocrx_word' id='word_1_510' title='bbox 1546 4161 1734 4217; x_wconf 72' lang='grc' dir='ltr'>ἔπλασε</span> <span class='ocrx_word' id='word_1_511' title='bbox 1754 4164 1838 4218; x_wconf 86' lang='grc' dir='ltr'><strong>τόν</strong></span> 
     </span>
    </p>
   </div>
   <div class='ocr_carea' id='block_1_64' title="bbox 261 4246 1838 4325">
    <p class='ocr_par' dir='ltr' id='par_1_64' title="bbox 261 4246 1838 4325">
     <span class='ocr_line' id='line_1_64' title="bbox 261 4246 1838 4325; baseline 0.003 -22"><span class='ocrx_word' id='word_1_512' title='bbox 261 4246 538 4324; x_wconf 72' lang='grc' dir='ltr'>ἄνθρωπον,</span> <span class='ocrx_word' id='word_1_513' title='bbox 569 4252 651 4303; x_wconf 85' lang='grc' dir='ltr'><strong>καί</strong></span> <span class='ocrx_word' id='word_1_514' title='bbox 679 4251 981 4321; x_wconf 64' lang='grc' dir='ltr'>ἐνεφύσησεν</span> <span class='ocrx_word' id='word_1_515' title='bbox 1015 4252 1084 4309; x_wconf 87' lang='grc' dir='ltr'><strong>είς</strong></span> <span class='ocrx_word' id='word_1_516' title='bbox 1105 4252 1163 4304; x_wconf 88' lang='grc' dir='ltr'>τὸ</span> <span class='ocrx_word' id='word_1_517' title='bbox 1189 4247 1466 4325; x_wconf 83' lang='grc' dir='ltr'>πρόσωπον</span> <span class='ocrx_word' id='word_1_518' title='bbox 1501 4256 1655 4306; x_wconf 82' lang='grc' dir='ltr'>αὐτοῦ</span> <span class='ocrx_word' id='word_1_519' title='bbox 1685 4259 1838 4312; x_wconf 76' lang='grc' dir='ltr'>πνοήν</span> 
     </span>
    </p>
   </div>
   <div class='ocr_carea' id='block_1_65' title="bbox 261 4336 1836 4412">
    <p class='ocr_par' dir='ltr' id='par_1_65' title="bbox 261 4336 1836 4412">
     <span class='ocr_line' id='line_1_65' title="bbox 261 4336 1836 4412; baseline 0.004 -22"><span class='ocrx_word' id='word_1_520' title='bbox 261 4346 409 4404; x_wconf 75' lang='grc' dir='ltr'>ζ·.›ἧς.</span> <span class='ocrx_word' id='word_1_521' title='bbox 426 4343 510 4393; x_wconf 77' lang='grc' dir='ltr'>καί</span> <span class='ocrx_word' id='word_1_522' title='bbox 537 4341 729 4410; x_wconf 71' lang='grc' dir='ltr'>ὶγένετο</span> <span class='ocrx_word' id='word_1_523' title='bbox 751 4338 775 4393; x_wconf 88' lang='lat'><strong>6</strong></span> <span class='ocrx_word' id='word_1_524' title='bbox 795 4336 1051 4412; x_wconf 82' lang='grc' dir='ltr'>ἅνθρωπος</span> <span class='ocrx_word' id='word_1_525' title='bbox 1078 4344 1148 4399; x_wconf 90' lang='grc' dir='ltr'>εἰς</span> <span class='ocrx_word' id='word_1_526' title='bbox 1162 4338 1339 4410; x_wconf 69' lang='grc' dir='ltr'>ψυχὴν</span> <span class='ocrx_word' id='word_1_527' title='bbox 1355 4345 1538 4404; x_wconf 83' lang='grc' dir='ltr'>ζῶσαν.</span> <span class='ocrx_word' id='word_1_528' title='bbox 1554 4362 1573 4393; x_wconf 80' lang='grc' dir='ltr'><strong>ι</strong></span> <span class='ocrx_word' id='word_1_529' title='bbox 1590 4345 1836 4397; x_wconf 77' lang='grc' dir='ltr'>Ἐντεῦθεν</span> 
     </span>
    </p>
   </div>
   <div class='ocr_carea' id='block_1_66' title="bbox 260 4427 1834 4508">
    <p class='ocr_par' dir='ltr' id='par_1_66' title="bbox 260 4427 1834 4508">
     <span class='ocr_line' id='line_1_66' title="bbox 260 4427 1834 4508; baseline 0.002 -24"><span class='ocrx_word' id='word_1_530' title='bbox 260 4433 420 4485; x_wconf 83' lang='grc' dir='ltr'>τοίνυν</span> <span class='ocrx_word' id='word_1_531' title='bbox 448 4432 585 4483; x_wconf 70' lang='grc' dir='ltr'>ἐστίν</span> <span class='ocrx_word' id='word_1_532' title='bbox 622 4428 761 4491; x_wconf 80' lang='grc' dir='ltr'>ἰδεῖν,</span> <span class='ocrx_word' id='word_1_533' title='bbox 785 4437 893 4489; x_wconf 86' lang='grc' dir='ltr'>πῶς</span> <span class='ocrx_word' id='word_1_534' title='bbox 921 4429 945 4483; x_wconf 87' lang='grc' dir='ltr'>ὁ</span> <span class='ocrx_word' id='word_1_535' title='bbox 975 4431 1098 4489; x_wconf 83' lang='grc' dir='ltr'>Θεὸς</span> <span class='ocrx_word' id='word_1_536' title='bbox 1126 4431 1208 4483; x_wconf 85' lang='grc' dir='ltr'>τὸν</span> <span class='ocrx_word' id='word_1_537' title='bbox 1237 4427 1494 4504; x_wconf 81' lang='grc' dir='ltr'>ἄνθρωπον</span> <span class='ocrx_word' id='word_1_538' title='bbox 1539 4437 1834 4508; x_wconf 79' lang='grc' dir='ltr'>τιμιὼτερον</span> 
     </span>
    </p>
   </div>
   <div class='ocr_carea' id='block_1_67' title="bbox 260 4516 1833 4594">
    <p class='ocr_par' dir='ltr' id='par_1_67' title="bbox 260 4516 1833 4594">
     <span class='ocr_line' id='line_1_67' title="bbox 260 4516 1833 4594; baseline 0.004 -22"><span class='ocrx_word' id='word_1_539' title='bbox 260 4520 459 4577; x_wconf 68' lang='grc' dir='ltr'>ἐποίησε</span> <span class='ocrx_word' id='word_1_540' title='bbox 496 4526 593 4573; x_wconf 88' lang='grc' dir='ltr'><strong>τῶν</strong></span> <span class='ocrx_word' id='word_1_541' title='bbox 617 4516 776 4573; x_wconf 80' lang='grc' dir='ltr'>ἄλλων</span> <span class='ocrx_word' id='word_1_542' title='bbox 801 4518 1037 4573; x_wconf 77' lang='grc' dir='ltr'>ἁπάντων</span> <span class='ocrx_word' id='word_1_543' title='bbox 1061 4527 1159 4574; x_wconf 87' lang='grc' dir='ltr'><strong>τῶν</strong></span> <span class='ocrx_word' id='word_1_544' title='bbox 1184 4521 1268 4574; x_wconf 74' lang='grc' dir='ltr'><strong>ἐπὶ</strong></span> <span class='ocrx_word' id='word_1_545' title='bbox 1299 4531 1393 4594; x_wconf 82' lang='grc' dir='ltr'>γῆς</span> <span class='ocrx_word' id='word_1_546' title='bbox 1419 4526 1727 4593; x_wconf 83' lang='grc' dir='ltr'>κτισμάτων.</span> <span class='ocrx_word' id='word_1_547' title='bbox 1761 4527 1833 4579; x_wconf 86' lang='grc' dir='ltr'>Τά</span> 
     </span>
    </p>
   </div>
   <div class='ocr_carea' id='block_1_68' title="bbox 260 4605 1830 4686">
    <p class='ocr_par' dir='ltr' id='par_1_68' title="bbox 260 4605 1830 4686">
     <span class='ocr_line' id='line_1_68' title="bbox 260 4605 1830 4686; baseline 0.006 -24"><span class='ocrx_word' id='word_1_548' title='bbox 260 4611 345 4678; x_wconf 72' lang='grc' dir='ltr'>μὶν</span> <span class='ocrx_word' id='word_1_549' title='bbox 374 4605 461 4664; x_wconf 70' lang='grc' dir='ltr'>οὖν</span> <span class='ocrx_word' id='word_1_550' title='bbox 496 4607 621 4665; x_wconf 74' lang='grc' dir='ltr'>ἄλλα</span> <span class='ocrx_word' id='word_1_551' title='bbox 646 4612 812 4666; x_wconf 86' lang='grc' dir='ltr'>πάντα</span> <span class='ocrx_word' id='word_1_552' title='bbox 845 4610 970 4682; x_wconf 80' lang='grc' dir='ltr'>λόγῳ</span> <span class='ocrx_word' id='word_1_553' title='bbox 1013 4607 1142 4674; x_wconf 73' lang='grc' dir='ltr'>εἷπε,</span> <span class='ocrx_word' id='word_1_554' title='bbox 1169 4615 1252 4666; x_wconf 84' lang='grc' dir='ltr'>καί</span> <span class='ocrx_word' id='word_1_555' title='bbox 1280 4614 1514 4685; x_wconf 82' lang='grc' dir='ltr'>έγένοντο⁶</span> <span class='ocrx_word' id='word_1_556' title='bbox 1554 4617 1640 4670; x_wconf 83' lang='grc' dir='ltr'>τὸν</span> <span class='ocrx_word' id='word_1_557' title='bbox 1681 4615 1736 4670; x_wconf 84' lang='grc' dir='ltr'><strong>δέ</strong></span> <span class='ocrx_word' id='word_1_558' title='bbox 1774 4638 1830 4686; x_wconf 91' lang='grc' dir='ltr'>γε</span> 
     </span>
    </p>
   </div>
   <div class='ocr_carea' id='block_1_69' title="bbox 260 4696 1830 4778">
    <p class='ocr_par' dir='ltr' id='par_1_69' title="bbox 260 4696 1830 4778">
     <span class='ocr_line' id='line_1_69' title="bbox 260 4696 1830 4778; baseline 0.004 -23"><span class='ocrx_word' id='word_1_559' title='bbox 260 4696 539 4775; x_wconf 71' lang='grc' dir='ltr'>ἄνθρωπον,</span> <span class='ocrx_word' id='word_1_560' title='bbox 568 4704 726 4760; x_wconf 74' lang='grc' dir='ltr'>καθὼς</span> <span class='ocrx_word' id='word_1_561' title='bbox 752 4699 966 4777; x_wconf 76' lang='grc' dir='ltr'>εἴρηται.</span> <span class='ocrx_word' id='word_1_562' title='bbox 994 4703 1142 4761; x_wconf 76' lang='grc' dir='ltr'>αὐτὸς</span> <span class='ocrx_word' id='word_1_563' title='bbox 1168 4710 1287 4763; x_wconf 83' lang='grc' dir='ltr'>ταῖς</span> <span class='ocrx_word' id='word_1_564' title='bbox 1315 4702 1464 4764; x_wconf 76' lang='grc' dir='ltr'>ἰδίαις</span> <span class='ocrx_word' id='word_1_565' title='bbox 1498 4708 1674 4778; x_wconf 84' lang='grc' dir='ltr'>χερσί,</span> <span class='ocrx_word' id='word_1_566' title='bbox 1697 4710 1830 4762; x_wconf 79' lang='grc' dir='ltr'>κατὰ</span> 
     </span>
    </p>
   </div>
   <div class='ocr_carea' id='block_1_70' title="bbox 259 4790 1829 4869">
    <p class='ocr_par' dir='ltr' id='par_1_70' title="bbox 259 4790 1829 4869">
     <span class='ocr_line' id='line_1_70' title="bbox 259 4790 1829 4869; baseline 0.005 -26"><span class='ocrx_word' id='word_1_567' title='bbox 259 4796 345 4850; x_wconf 65' lang='grc' dir='ltr'>τὴν</span> <span class='ocrx_word' id='word_1_568' title='bbox 380 4795 512 4846; x_wconf 85' lang='grc' dir='ltr'>θείαν</span> <span class='ocrx_word' id='word_1_569' title='bbox 546 4797 754 4869; x_wconf 74' lang='grc' dir='ltr'>γραφὴν,</span> <span class='ocrx_word' id='word_1_570' title='bbox 785 4790 1190 4863; x_wconf 60' lang='grc' dir='ltr'>ἐδημιούργησν</span> <span class='ocrx_word' id='word_1_571' title='bbox 1222 4794 1388 4848; x_wconf 89' lang='grc' dir='ltr'>πάντα</span> <span class='ocrx_word' id='word_1_572' title='bbox 1415 4792 1467 4848; x_wconf 82' lang='grc' dir='ltr'><strong>δέ</strong></span> <span class='ocrx_word' id='word_1_573' title='bbox 1493 4798 1559 4850; x_wconf 87' lang='grc' dir='ltr'><strong>τά</strong></span> <span class='ocrx_word' id='word_1_574' title='bbox 1595 4797 1829 4867; x_wconf 80' lang='grc' dir='ltr'>γενόμενα</span> 
     </span>
    </p>
   </div>
   <div class='ocr_carea' id='block_1_71' title="bbox 262 4878 1828 4960">
    <p class='ocr_par' dir='ltr' id='par_1_71' title="bbox 262 4878 1828 4960">
     <span class='ocr_line' id='line_1_71' title="bbox 262 4878 1828 4960; baseline 0.003 -25"><span class='ocrx_word' id='word_1_575' title='bbox 262 4878 516 4936; x_wconf 77' lang='grc' dir='ltr'>ὖπάῦτοῦ</span> <span class='ocrx_word' id='word_1_576' title='bbox 539 4881 621 4935; x_wconf 76' lang='lat' dir='ltr'><strong>ini.</strong></span> <span class='ocrx_word' id='word_1_577' title='bbox 639 4889 731 4942; x_wconf 79' lang='grc' dir='ltr'><strong>τῆς</strong></span> <span class='ocrx_word' id='word_1_578' title='bbox 747 4888 839 4951; x_wconf 80' lang='grc' dir='ltr'><strong>γῆς</strong></span> <span class='ocrx_word' id='word_1_579' title='bbox 870 4882 1084 4944; x_wconf 64' lang='grc' dir='ltr'>ὑπέταξε</span> <span class='ocrx_word' id='word_1_580' title='bbox 1110 4889 1183 4954; x_wconf 81' lang='grc' dir='ltr'>τῷ</span> <span class='ocrx_word' id='word_1_581' title='bbox 1213 4884 1456 4960; x_wconf 79' lang='grc' dir='ltr'>ἀνθρώπῳ</span> <span class='ocrx_word' id='word_1_582' title='bbox 1483 4893 1555 4957; x_wconf 82' lang='grc' dir='ltr'>τῷ</span> <span class='ocrx_word' id='word_1_583' title='bbox 1584 4889 1828 4958; x_wconf 84' lang='grc' dir='ltr'>γενομένῳ</span> 
     </span>
    </p>
   </div>
   <div class='ocr_carea' id='block_1_72' title="bbox 259 4971 1832 5046">
    <p class='ocr_par' dir='ltr' id='par_1_72' title="bbox 259 4971 1832 5046">
     <span class='ocr_line' id='line_1_72' title="bbox 259 4971 1832 5046; baseline 0.004 -23"><span class='ocrx_word' id='word_1_584' title='bbox 259 4972 309 5023; x_wconf 83' lang='grc' dir='ltr'><strong>έν</strong></span> <span class='ocrx_word' id='word_1_585' title='bbox 326 4979 388 5046; x_wconf 73' lang='grc' dir='ltr'><strong>τῇ</strong></span> <span class='ocrx_word' id='word_1_586' title='bbox 408 4971 525 5045; x_wconf 75' lang='grc' dir='ltr'>ἕκτη</span> <span class='ocrx_word' id='word_1_587' title='bbox 545 4972 728 5044; x_wconf 67' lang='grc' dir='ltr'>ἡμέρᾳ,</span> <span class='ocrx_word' id='word_1_588' title='bbox 754 4971 838 5024; x_wconf 80' lang='grc' dir='ltr'>ἵνα</span> <span class='ocrx_word' id='word_1_589' title='bbox 858 4971 1061 5025; x_wconf 85' lang='grc' dir='ltr'>πάντων</span> <span class='ocrx_word' id='word_1_590' title='bbox 1092 4979 1190 5026; x_wconf 82' lang='grc' dir='ltr'><strong>τῶν</strong></span> <span class='ocrx_word' id='word_1_591' title='bbox 1213 4973 1295 5026; x_wconf 84' lang='grc' dir='ltr'><strong>έπί</strong></span> <span class='ocrx_word' id='word_1_592' title='bbox 1316 4981 1405 5033; x_wconf 78' lang='grc' dir='ltr'>τῆς</span> <span class='ocrx_word' id='word_1_593' title='bbox 1429 4983 1520 5042; x_wconf 74' lang='grc' dir='ltr'>γῆς</span> <span class='ocrx_word' id='word_1_594' title='bbox 1544 4976 1832 5045; x_wconf 80' lang='grc' dir='ltr'>κτισμάτων</span> 
     </span>
    </p>
   </div>
   <div class='ocr_carea' id='block_1_73' title="bbox 257 5060 1836 5140">
    <p class='ocr_par' dir='ltr' id='par_1_73' title="bbox 257 5060 1836 5140">
     <span class='ocr_line' id='line_1_73' title="bbox 257 5060 1836 5140; baseline 0.001 -22"><span class='ocrx_word' id='word_1_595' title='bbox 257 5060 343 5121; x_wconf 71' lang='grc' dir='ltr'><strong>ἥδη</strong></span> <span class='ocrx_word' id='word_1_596' title='bbox 358 5062 756 5140; x_wconf 85' lang='grc' dir='ltr'>προγεγονότων,</span> <span class='ocrx_word' id='word_1_597' title='bbox 770 5064 855 5116; x_wconf 79' lang='grc' dir='ltr'>καί</span> <span class='ocrx_word' id='word_1_598' title='bbox 870 5062 1261 5132; x_wconf 75' lang='grc' dir='ltr'>ἔτοιμασθέντων</span> <span class='ocrx_word' id='word_1_599' title='bbox 1278 5067 1413 5135; x_wconf 81' lang='grc' dir='ltr'>αὐτῷ</span> <span class='ocrx_word' id='word_1_600' title='bbox 1429 5064 1836 5139; x_wconf 53' lang='grc' dir='ltr'>δισπόζῃμρτός</span> 
     </span>
    </p>
   </div>
   <div class='ocr_carea' id='block_1_74' title="bbox 258 5150 1834 5224">
    <p class='ocr_par' dir='ltr' id='par_1_74' title="bbox 258 5150 1834 5224">
     <span class='ocr_line' id='line_1_74' title="bbox 258 5150 1834 5224; baseline 0.001 -15"><span class='ocrx_word' id='word_1_601' title='bbox 258 5152 354 5209; x_wconf 78' lang='grc' dir='ltr'><strong>ὑπὸ</strong></span> <span class='ocrx_word' id='word_1_602' title='bbox 377 5158 466 5208; x_wconf 91' lang='grc' dir='ltr'><strong>τοῦ</strong></span> <span class='ocrx_word' id='word_1_603' title='bbox 496 5153 729 5207; x_wconf 86' lang='grc' dir='ltr'>πλάστου</span> <span class='ocrx_word' id='word_1_604' title='bbox 755 5150 1138 5223; x_wconf 81' lang='grc' dir='ltr'>δεσποζόμενος.</span> <span class='ocrx_word' id='word_1_605' title='bbox 1166 5161 1327 5208; x_wconf 84' lang='grc' dir='ltr'>Τοῦτο</span> <span class='ocrx_word' id='word_1_606' title='bbox 1367 5153 1420 5208; x_wconf 81' lang='grc' dir='ltr'><strong>δέ</strong></span> <span class='ocrx_word' id='word_1_607' title='bbox 1450 5156 1583 5224; x_wconf 77' lang='grc' dir='ltr'>ἡμᾶς</span> <span class='ocrx_word' id='word_1_608' title='bbox 1607 5153 1834 5210; x_wconf 61' lang='grc' dir='ltr'>διδάσκω</span> 
     </span>
    </p>
   </div>
   <div class='ocr_carea' id='block_1_75' title="bbox 257 5241 1830 5316">
    <p class='ocr_par' dir='ltr' id='par_1_75' title="bbox 257 5241 1830 5316">
     <span class='ocr_line' id='line_1_75' title="bbox 257 5241 1830 5316; baseline 0 -20"><span class='ocrx_word' id='word_1_609' title='bbox 257 5245 333 5296; x_wconf 80' lang='grc' dir='ltr'>καί</span> <span class='ocrx_word' id='word_1_610' title='bbox 355 5241 382 5296; x_wconf 90' lang='lat'><strong>6</strong></span> <span class='ocrx_word' id='word_1_611' title='bbox 408 5245 458 5296; x_wconf 85' lang='grc' dir='ltr'><strong>έν</strong></span> <span class='ocrx_word' id='word_1_612' title='bbox 482 5242 645 5316; x_wconf 80' lang='grc' dir='ltr'>ἁγίοις</span> <span class='ocrx_word' id='word_1_613' title='bbox 665 5241 893 5310; x_wconf 84' lang='grc' dir='ltr'>θεολόγος</span> <span class='ocrx_word' id='word_1_614' title='bbox 910 5242 1186 5315; x_wconf 84' lang='grc' dir='ltr'>Γρηγὸριος</span> <span class='ocrx_word' id='word_1_615' title='bbox 1221 5244 1269 5296; x_wconf 81' lang='grc' dir='ltr'>ἐν</span> <span class='ocrx_word' id='word_1_616' title='bbox 1300 5251 1371 5315; x_wconf 84' lang='grc' dir='ltr'>τῷ</span> <span class='ocrx_word' id='word_1_617' title='bbox 1398 5243 1527 5316; x_wconf 77' lang='grc' dir='ltr'>λόγῳ</span> <span class='ocrx_word' id='word_1_618' title='bbox 1556 5252 1628 5316; x_wconf 84' lang='grc' dir='ltr'>τῷ</span> <span class='ocrx_word' id='word_1_619' title='bbox 1650 5248 1722 5303; x_wconf 87' lang='grc' dir='ltr'>εἰς</span> <span class='ocrx_word' id='word_1_620' title='bbox 1741 5251 1830 5301; x_wconf 75' lang='grc' dir='ltr'>τήν</span> 
     </span>
    </p>
   </div>
   <div class='ocr_carea' id='block_1_76' title="bbox 257 5330 1826 5408">
    <p class='ocr_par' dir='ltr' id='par_1_76' title="bbox 257 5330 1826 5408">
     <span class='ocr_line' id='line_1_76' title="bbox 257 5330 1826 5408; baseline 0.001 -23"><span class='ocrx_word' id='word_1_621' title='bbox 257 5333 359 5385; x_wconf 78' lang='grc' dir='ltr'>νέαν</span> <span class='ocrx_word' id='word_1_622' title='bbox 380 5338 632 5408; x_wconf 77' lang='grc' dir='ltr'>κυριακήν,</span> <span class='ocrx_word' id='word_1_623' title='bbox 659 5330 812 5400; x_wconf 81' lang='grc' dir='ltr'>λέγων</span> <span class='ocrx_word' id='word_1_624' title='bbox 831 5344 847 5358; x_wconf 79' lang='grc'><strong><em>⁸</em></strong></span> <span class='ocrx_word' id='word_1_625' title='bbox 878 5347 896 5379; x_wconf 74' lang='grc' dir='ltr'><strong>ε</strong></span> <span class='ocrx_word' id='word_1_626' title='bbox 930 5331 1076 5385; x_wconf 74' lang='grc' dir='ltr'>Οὕτω</span> <span class='ocrx_word' id='word_1_627' title='bbox 1097 5353 1147 5385; x_wconf 90' lang='grc' dir='ltr'><strong>τι</strong></span> <span class='ocrx_word' id='word_1_628' title='bbox 1167 5340 1365 5406; x_wconf 83' lang='grc' dir='ltr'>πρῶτον</span> <span class='ocrx_word' id='word_1_629' title='bbox 1390 5334 1437 5385; x_wconf 69' lang='grc' dir='ltr'>ἔν</span> <span class='ocrx_word' id='word_1_630' title='bbox 1460 5334 1669 5406; x_wconf 77' lang='grc' dir='ltr'>ἡμέραις</span> <span class='ocrx_word' id='word_1_631' title='bbox 1693 5336 1826 5408; x_wconf 63' lang='lat' dir='ltr'><strong>apa-</strong></span> 
     </span>
    </p>
   </div>
   <div class='ocr_carea' id='block_1_77' title="bbox 256 5420 1825 5496">
    <p class='ocr_par' dir='ltr' id='par_1_77' title="bbox 256 5420 1825 5496">
     <span class='ocr_line' id='line_1_77' title="bbox 256 5420 1825 5496; baseline 0.001 -19"><span class='ocrx_word' id='word_1_632' title='bbox 256 5430 434 5487; x_wconf 69' lang='grc' dir='ltr'>νεῖται,</span> <span class='ocrx_word' id='word_1_633' title='bbox 469 5424 555 5477; x_wconf 83' lang='grc' dir='ltr'>καί</span> <span class='ocrx_word' id='word_1_634' title='bbox 591 5420 844 5494; x_wconf 82' lang='grc' dir='ltr'>δεύτερον,</span> <span class='ocrx_word' id='word_1_635' title='bbox 879 5424 966 5474; x_wconf 81' lang='grc' dir='ltr'>καί</span> <span class='ocrx_word' id='word_1_636' title='bbox 988 5426 1176 5492; x_wconf 82' lang='grc' dir='ltr'>τρίτον,</span> <span class='ocrx_word' id='word_1_637' title='bbox 1205 5426 1290 5476; x_wconf 85' lang='grc' dir='ltr'>καί</span> <span class='ocrx_word' id='word_1_638' title='bbox 1331 5426 1396 5477; x_wconf 84' lang='grc' dir='ltr'><strong>τά</strong></span> <span class='ocrx_word' id='word_1_639' title='bbox 1422 5424 1554 5486; x_wconf 76' lang='grc' dir='ltr'>ἑξῆς,</span> <span class='ocrx_word' id='word_1_640' title='bbox 1580 5421 1714 5496; x_wconf 80' lang='grc' dir='ltr'>’ἄχρι</span> <span class='ocrx_word' id='word_1_641' title='bbox 1734 5432 1825 5483; x_wconf 80' lang='grc' dir='ltr'>τῆς</span> 
     </span>
    </p>
   </div>
   <div class='ocr_carea' id='block_1_78' title="bbox 254 5506 1829 5583">
    <p class='ocr_par' dir='ltr' id='par_1_78' title="bbox 254 5506 1829 5583">
     <span class='ocr_line' id='line_1_78' title="bbox 254 5506 1829 5583; baseline 0.001 -23"><span class='ocrx_word' id='word_1_642' title='bbox 254 5507 464 5583; x_wconf 72' lang='grc' dir='ltr'>ίϐδόμης</span> <span class='ocrx_word' id='word_1_643' title='bbox 488 5514 571 5564; x_wconf 80' lang='grc' dir='ltr'>καί</span> <span class='ocrx_word' id='word_1_644' title='bbox 593 5511 993 5578; x_wconf 74' lang='grc' dir='ltr'>καταπαυσέμου</span> <span class='ocrx_word' id='word_1_645' title='bbox 1010 5515 1108 5562; x_wconf 82' lang='grc' dir='ltr'>τῶν</span> <span class='ocrx_word' id='word_1_646' title='bbox 1131 5506 1291 5581; x_wconf 69' lang='grc' dir='ltr'>ἔργων</span> <span class='ocrx_word' id='word_1_647' title='bbox 1319 5512 1534 5583; x_wconf 74' lang='grc' dir='ltr'>ἠμέρας-⁸</span> <span class='ocrx_word' id='word_1_648' title='bbox 1559 5508 1636 5571; x_wconf 83' lang='grc' dir='ltr'>αἶς</span> <span class='ocrx_word' id='word_1_649' title='bbox 1666 5533 1829 5565; x_wconf 80' lang='grc' dir='ltr'>κατα-</span> 
     </span>
    </p>
   </div>
   <div class='ocr_carea' id='block_1_79' title="bbox 256 5599 1829 5680">
    <p class='ocr_par' dir='ltr' id='par_1_79' title="bbox 256 5599 1829 5680">
     <span class='ocr_line' id='line_1_79' title="bbox 256 5599 1829 5680; baseline 0 -25"><span class='ocrx_word' id='word_1_650' title='bbox 256 5606 515 5680; x_wconf 73' lang='grc' dir='ltr'>“μερίζεται</span> <span class='ocrx_word' id='word_1_651' title='bbox 542 5604 605 5656; x_wconf 80' lang='grc' dir='ltr'><strong>τά</strong></span> <span class='ocrx_word' id='word_1_652' title='bbox 627 5601 856 5672; x_wconf 67' lang='grc' dir='ltr'>γινόμενα</span> <span class='ocrx_word' id='word_1_653' title='bbox 875 5599 1034 5671; x_wconf 80' lang='grc' dir='ltr'>λόγοις</span> <span class='ocrx_word' id='word_1_654' title='bbox 1060 5600 1290 5675; x_wconf 76' lang='grc' dir='ltr'>ἀρῤήτοις</span> <span class='ocrx_word' id='word_1_655' title='bbox 1315 5602 1618 5673; x_wconf 79' lang='grc' dir='ltr'>τασσόμενα,</span> <span class='ocrx_word' id='word_1_656' title='bbox 1636 5607 1713 5656; x_wconf 78' lang='grc' dir='ltr'>καὶ</span> <span class='ocrx_word' id='word_1_657' title='bbox 1740 5605 1829 5656; x_wconf 77' lang='grc' dir='ltr'>οὐκ</span> 
     </span>
    </p>
   </div>
   <div class='ocr_carea' id='block_1_80' title="bbox 1945 1736 3518 1817">
    <p class='ocr_par' dir='ltr' id='par_1_80' title="bbox 1945 1736 3518 1817">
     <span class='ocr_line' id='line_1_80' title="bbox 1945 1736 3518 1817; baseline 0.01 -29"><span class='ocrx_word' id='word_1_658' title='bbox 1945 1737 2123 1805; x_wconf 92' lang='lat' dir='ltr'><strong>ginem</strong></span> <span class='ocrx_word' id='word_1_659' title='bbox 2154 1743 2209 1790; x_wconf 89' lang='lat' dir='ltr'><strong>et</strong></span> <span class='ocrx_word' id='word_1_660' title='bbox 2255 1736 2653 1800; x_wconf 79' lang='lat' dir='ltr'><strong>similitudinem</strong></span> <span class='ocrx_word' id='word_1_661' title='bbox 2685 1741 2778 1795; x_wconf 88' lang='lat' dir='ltr'><strong>Dei</strong></span> <span class='ocrx_word' id='word_1_662' title='bbox 2818 1742 2887 1795; x_wconf 90' lang='lat' dir='ltr'><strong>sit</strong></span> <span class='ocrx_word' id='word_1_663' title='bbox 2925 1741 3117 1810; x_wconf 80' lang='lat' dir='ltr'><strong>factus,</strong></span> <span class='ocrx_word' id='word_1_664' title='bbox 3166 1745 3518 1817; x_wconf 82' lang='lat' dir='ltr'><strong>dignatusque</strong></span> 
     </span>
    </p>
   </div>
   <div class='ocr_carea' id='block_1_81' title="bbox 1944 1831 3517 1905">
    <p class='ocr_par' dir='ltr' id='par_1_81' title="bbox 1944 1831 3517 1905">
     <span class='ocr_line' id='line_1_81' title="bbox 1944 1831 3517 1905; baseline 0.007 -22"><span class='ocrx_word' id='word_1_665' title='bbox 1944 1831 2292 1898; x_wconf 84' lang='lat' dir='ltr'><strong>inspiratione</strong></span> <span class='ocrx_word' id='word_1_666' title='bbox 2313 1835 2488 1888; x_wconf 86' lang='lat' dir='ltr'><strong>divina</strong></span> <span class='ocrx_word' id='word_1_667' title='bbox 2513 1852 2527 1900; x_wconf 88' lang='lat'><strong>;</strong></span> <span class='ocrx_word' id='word_1_668' title='bbox 2557 1834 2679 1888; x_wconf 90' lang='lat' dir='ltr'><strong>inde</strong></span> <span class='ocrx_word' id='word_1_669' title='bbox 2709 1837 3047 1905; x_wconf 90' lang='lat' dir='ltr'><strong>perspicuum</strong></span> <span class='ocrx_word' id='word_1_670' title='bbox 3075 1845 3175 1901; x_wconf 85' lang='lat' dir='ltr'><strong>est,</strong></span> <span class='ocrx_word' id='word_1_671' title='bbox 3210 1854 3314 1891; x_wconf 93' lang='lat' dir='ltr'><strong>non</strong></span> <span class='ocrx_word' id='word_1_672' title='bbox 3345 1840 3517 1894; x_wconf 88' lang='lat' dir='ltr'><strong>solum</strong></span> 
     </span>
    </p>
   </div>
   <div class='ocr_carea' id='block_1_82' title="bbox 1944 1909 3506 1989">
    <p class='ocr_par' dir='ltr' id='par_1_82' title="bbox 1944 1909 3506 1989">
     <span class='ocr_line' id='line_1_82' title="bbox 1944 1909 3506 1989; baseline 0.006 -17"><span class='ocrx_word' id='word_1_673' title='bbox 1944 1909 2330 1987; x_wconf 65' lang='lat' dir='ltr'><strong>intellig&#39;entem</strong></span> <span class='ocrx_word' id='word_1_674' title='bbox 2362 1932 2416 1977; x_wconf 87' lang='lat' dir='ltr'><strong>et</strong></span> <span class='ocrx_word' id='word_1_675' title='bbox 2446 1924 2760 1978; x_wconf 89' lang='lat' dir='ltr'><strong>rationalem</strong></span> <span class='ocrx_word' id='word_1_676' title='bbox 2790 1926 3043 1989; x_wconf 88' lang='lat' dir='ltr'><strong>animam,</strong></span> <span class='ocrx_word' id='word_1_677' title='bbox 3093 1927 3185 1981; x_wconf 87' lang='lat' dir='ltr'><strong>sed</strong></span> <span class='ocrx_word' id='word_1_678' title='bbox 3213 1928 3376 1981; x_wconf 89' lang='lat' dir='ltr'><strong>etiam</strong></span> <span class='ocrx_word' id='word_1_679' title='bbox 3406 1930 3506 1982; x_wconf 88' lang='lat' dir='ltr'><strong>im-</strong></span> 
     </span>
    </p>
   </div>
   <div class='ocr_carea' id='block_1_83' title="bbox 1943 2010 3516 2086">
    <p class='ocr_par' dir='ltr' id='par_1_83' title="bbox 1943 2010 3516 2086">
     <span class='ocr_line' id='line_1_83' title="bbox 1943 2010 3516 2086; baseline 0.008 -26"><span class='ocrx_word' id='word_1_680' title='bbox 1943 2010 2221 2064; x_wconf 82' lang='lat' dir='ltr'><strong>mortalem</strong></span> <span class='ocrx_word' id='word_1_681' title='bbox 2251 2026 2368 2065; x_wconf 88' lang='lat' dir='ltr'><strong>esse</strong></span> <span class='ocrx_word' id='word_1_682' title='bbox 2398 2024 2637 2081; x_wconf 81' lang='lat' dir='ltr'><strong>creatam</strong></span> <span class='ocrx_word' id='word_1_683' title='bbox 2664 2029 2678 2072; x_wconf 86' lang='lat'><strong>;</strong></span> <span class='ocrx_word' id='word_1_684' title='bbox 2714 2020 2774 2066; x_wconf 93' lang='lat' dir='ltr'><strong>ut</strong></span> <span class='ocrx_word' id='word_1_685' title='bbox 2800 2016 3046 2072; x_wconf 87' lang='lat' dir='ltr'><strong>omnibus</strong></span> <span class='ocrx_word' id='word_1_686' title='bbox 3076 2017 3139 2070; x_wconf 87' lang='lat' dir='ltr'><strong>iis</strong></span> <span class='ocrx_word' id='word_1_687' title='bbox 3159 2031 3275 2086; x_wconf 67' lang='lat' dir='ltr'><strong>qua:</strong></span> <span class='ocrx_word' id='word_1_688' title='bbox 3299 2018 3350 2070; x_wconf 91' lang='lat' dir='ltr'><strong>in</strong></span> <span class='ocrx_word' id='word_1_689' title='bbox 3378 2026 3516 2072; x_wconf 87' lang='lat' dir='ltr'><strong>terra</strong></span> 
     </span>
    </p>
   </div>
   <div class='ocr_carea' id='block_1_84' title="bbox 1945 2098 3516 2175">
    <p class='ocr_par' dir='ltr' id='par_1_84' title="bbox 1945 2098 3516 2175">
     <span class='ocr_line' id='line_1_84' title="bbox 1945 2098 3516 2175; baseline 0.007 -25"><span class='ocrx_word' id='word_1_690' title='bbox 1945 2098 2082 2151; x_wconf 80' lang='lat' dir='ltr'><strong>facta</strong></span> <span class='ocrx_word' id='word_1_691' title='bbox 2112 2106 2236 2153; x_wconf 91' lang='lat' dir='ltr'><strong>sunt</strong></span> <span class='ocrx_word' id='word_1_692' title='bbox 2266 2100 2572 2169; x_wconf 84' lang='lat' dir='ltr'><strong>imperaret.</strong></span> <span class='ocrx_word' id='word_1_693' title='bbox 2602 2101 2716 2156; x_wconf 83' lang='lat' dir='ltr'><strong>Hoc</strong></span> <span class='ocrx_word' id='word_1_694' title='bbox 2743 2111 2825 2157; x_wconf 90' lang='lat' dir='ltr'><strong>est</strong></span> <span class='ocrx_word' id='word_1_695' title='bbox 2852 2105 2991 2157; x_wconf 87' lang='lat' dir='ltr'><strong>enim</strong></span> <span class='ocrx_word' id='word_1_696' title='bbox 3022 2105 3165 2173; x_wconf 90' lang='lat' dir='ltr'><strong>quod</strong></span> <span class='ocrx_word' id='word_1_697' title='bbox 3189 2122 3219 2160; x_wconf 91' lang='lat' dir='ltr'><strong>a</strong></span> <span class='ocrx_word' id='word_1_698' title='bbox 3242 2106 3516 2175; x_wconf 84' lang='lat' dir='ltr'><strong>Theologo</strong></span> 
     </span>
    </p>
   </div>
   <div class='ocr_carea' id='block_1_85' title="bbox 1944 2184 3514 2257">
    <p class='ocr_par' dir='ltr' id='par_1_85' title="bbox 1944 2184 3514 2257">
     <span class='ocr_line' id='line_1_85' title="bbox 1944 2184 3514 2257; baseline 0.006 -18"><span class='ocrx_word' id='word_1_699' title='bbox 1944 2184 2206 2253; x_wconf 81' lang='lat' dir='ltr'><strong>Gregorio</strong></span> <span class='ocrx_word' id='word_1_700' title='bbox 2233 2186 2301 2241; x_wconf 88' lang='lat' dir='ltr'><strong>de</strong></span> <span class='ocrx_word' id='word_1_701' title='bbox 2341 2188 2517 2241; x_wconf 89' lang='lat' dir='ltr'><strong>anima</strong></span> <span class='ocrx_word' id='word_1_702' title='bbox 2557 2188 2759 2242; x_wconf 91' lang='lat' dir='ltr'><strong>dictum</strong></span> <span class='ocrx_word' id='word_1_703' title='bbox 2790 2198 2888 2256; x_wconf 90' lang='lat' dir='ltr'><strong>est,</strong></span> <span class='ocrx_word' id='word_1_704' title='bbox 2942 2205 2970 2244; x_wconf 91' lang='lat' dir='ltr'><strong>a</strong></span> <span class='ocrx_word' id='word_1_705' title='bbox 3003 2192 3113 2246; x_wconf 90' lang='lat' dir='ltr'><strong>Deo</strong></span> <span class='ocrx_word' id='word_1_706' title='bbox 3143 2207 3281 2257; x_wconf 89' lang='lat' dir='ltr'><strong>esse,</strong></span> <span class='ocrx_word' id='word_1_707' title='bbox 3312 2200 3368 2246; x_wconf 91' lang='lat' dir='ltr'><strong>et</strong></span> <span class='ocrx_word' id='word_1_708' title='bbox 3391 2193 3514 2248; x_wconf 86' lang='lat' dir='ltr'><strong>divi-</strong></span> 
     </span>
    </p>
   </div>
   <div class='ocr_carea' id='block_1_86' title="bbox 1946 2279 3513 2352">
    <p class='ocr_par' dir='ltr' id='par_1_86' title="bbox 1946 2279 3513 2352">
     <span class='ocr_line' id='line_1_86' title="bbox 1946 2279 3513 2352; baseline 0.007 -24"><span class='ocrx_word' id='word_1_709' title='bbox 1946 2289 2087 2341; x_wconf 88' lang='lat' dir='ltr'><strong>nam,</strong></span> <span class='ocrx_word' id='word_1_710' title='bbox 2139 2290 2202 2329; x_wconf 88' lang='lat' dir='ltr'><strong>ac</strong></span> <span class='ocrx_word' id='word_1_711' title='bbox 2238 2292 2485 2346; x_wconf 84' lang='lat' dir='ltr'><strong>supernae</strong></span> <span class='ocrx_word' id='word_1_712' title='bbox 2528 2279 2821 2333; x_wconf 84' lang='lat' dir='ltr'><strong>nobilitatis</strong></span> <span class='ocrx_word' id='word_1_713' title='bbox 2867 2281 3180 2350; x_wconf 86' lang='lat' dir='ltr'><strong>participem</strong></span> <span class='ocrx_word' id='word_1_714' title='bbox 3217 2299 3232 2335; x_wconf 88' lang='lat'><strong>:</strong></span> <span class='ocrx_word' id='word_1_715' title='bbox 3280 2298 3410 2352; x_wconf 89' lang='lat' dir='ltr'><strong>non,</strong></span> <span class='ocrx_word' id='word_1_716' title='bbox 3456 2292 3513 2339; x_wconf 87' lang='lat' dir='ltr'><strong>ut</strong></span> 
     </span>
    </p>
   </div>
   <div class='ocr_carea' id='block_1_87' title="bbox 1946 2366 3513 2431">
    <p class='ocr_par' dir='ltr' id='par_1_87' title="bbox 1946 2366 3513 2431">
     <span class='ocr_line' id='line_1_87' title="bbox 1946 2366 3513 2431; baseline 0.006 -11"><span class='ocrx_word' id='word_1_717' title='bbox 1946 2366 2189 2421; x_wconf 87' lang='lat' dir='ltr'><strong>nonnulli</strong></span> <span class='ocrx_word' id='word_1_718' title='bbox 2217 2375 2498 2422; x_wconf 85' lang='lat' dir='ltr'><strong>autumant</strong></span> <span class='ocrx_word' id='word_1_719' title='bbox 2520 2384 2583 2423; x_wconf 89' lang='lat' dir='ltr'><strong>ac</strong></span> <span class='ocrx_word' id='word_1_720' title='bbox 2611 2368 2811 2431; x_wconf 91' lang='lat' dir='ltr'><strong>dicunt,</strong></span> <span class='ocrx_word' id='word_1_721' title='bbox 2843 2370 3034 2425; x_wconf 67' lang='lat' dir='ltr'><strong>divinae</strong></span> <span class='ocrx_word' id='word_1_722' title='bbox 3057 2372 3367 2427; x_wconf 68' lang='lat' dir='ltr'><strong>substantia:</strong></span> <span class='ocrx_word' id='word_1_723' title='bbox 3392 2374 3513 2429; x_wconf 84' lang='lat' dir='ltr'><strong>aui-</strong></span> 
     </span>
    </p>
   </div>
   <div class='ocr_carea' id='block_1_88' title="bbox 1942 2458 3513 2531">
    <p class='ocr_par' dir='ltr' id='par_1_88' title="bbox 1942 2458 3513 2531">
     <span class='ocr_line' id='line_1_88' title="bbox 1942 2458 3513 2531; baseline 0.006 -21"><span class='ocrx_word' id='word_1_724' title='bbox 1942 2471 2084 2511; x_wconf 90' lang='lat' dir='ltr'><strong>mam</strong></span> <span class='ocrx_word' id='word_1_725' title='bbox 2110 2471 2267 2512; x_wconf 84' lang='lat' dir='ltr'><strong>esse:</strong></span> <span class='ocrx_word' id='word_1_726' title='bbox 2297 2458 2390 2513; x_wconf 87' lang='lat' dir='ltr'><strong>sed</strong></span> <span class='ocrx_word' id='word_1_727' title='bbox 2419 2466 2480 2513; x_wconf 93' lang='lat' dir='ltr'><strong>ut</strong></span> <span class='ocrx_word' id='word_1_728' title='bbox 2506 2459 2858 2527; x_wconf 85' lang='lat' dir='ltr'><strong>inspiratione</strong></span> <span class='ocrx_word' id='word_1_729' title='bbox 2888 2460 2981 2514; x_wconf 90' lang='lat' dir='ltr'><strong>Dei</strong></span> <span class='ocrx_word' id='word_1_730' title='bbox 3012 2459 3227 2528; x_wconf 80' lang='lat' dir='ltr'><strong>factam,</strong></span> <span class='ocrx_word' id='word_1_731' title='bbox 3258 2464 3513 2531; x_wconf 72' lang='lat' dir='ltr'><strong>gratiam~</strong></span> 
     </span>
    </p>
   </div>
   <div class='ocr_carea' id='block_1_89' title="bbox 1940 2547 3511 2617">
    <p class='ocr_par' dir='ltr' id='par_1_89' title="bbox 1940 2547 3511 2617">
     <span class='ocr_line' id='line_1_89' title="bbox 1940 2547 3511 2617; baseline 0.004 -18"><span class='ocrx_word' id='word_1_732' title='bbox 1940 2560 2046 2614; x_wconf 87' lang='lat' dir='ltr'><strong>que</strong></span> <span class='ocrx_word' id='word_1_733' title='bbox 2073 2556 2284 2603; x_wconf 85' lang='lat' dir='ltr'><strong>nactam</strong></span> <span class='ocrx_word' id='word_1_734' title='bbox 2312 2547 2379 2602; x_wconf 87' lang='lat' dir='ltr'><strong>ab</strong></span> <span class='ocrx_word' id='word_1_735' title='bbox 2408 2561 2495 2611; x_wconf 88' lang='lat' dir='ltr'><strong>eo,</strong></span> <span class='ocrx_word' id='word_1_736' title='bbox 2527 2555 2586 2601; x_wconf 94' lang='lat' dir='ltr'><strong>ut</strong></span> <span class='ocrx_word' id='word_1_737' title='bbox 2614 2548 2915 2616; x_wconf 81' lang='lat' dir='ltr'><strong>intelligens</strong></span> <span class='ocrx_word' id='word_1_738' title='bbox 2937 2557 3099 2617; x_wconf 86' lang='lat' dir='ltr'><strong>esset,</strong></span> <span class='ocrx_word' id='word_1_739' title='bbox 3129 2557 3183 2604; x_wconf 89' lang='lat' dir='ltr'><strong>et</strong></span> <span class='ocrx_word' id='word_1_740' title='bbox 3210 2551 3511 2614; x_wconf 87' lang='lat' dir='ltr'><strong>rationalis,</strong></span> 
     </span>
    </p>
   </div>
   <div class='ocr_carea' id='block_1_90' title="bbox 1942 2635 3512 2707">
    <p class='ocr_par' dir='ltr' id='par_1_90' title="bbox 1942 2635 3512 2707">
     <span class='ocr_line' id='line_1_90' title="bbox 1942 2635 3512 2707; baseline 0.004 -17"><span class='ocrx_word' id='word_1_741' title='bbox 1942 2641 1999 2690; x_wconf 90' lang='lat' dir='ltr'><strong>et</strong></span> <span class='ocrx_word' id='word_1_742' title='bbox 2023 2635 2356 2707; x_wconf 66' lang='lat' dir='ltr'><strong>immortalis,</strong></span> <span class='ocrx_word' id='word_1_743' title='bbox 2388 2650 2488 2691; x_wconf 91' lang='lat' dir='ltr'><strong>nec</strong></span> <span class='ocrx_word' id='word_1_744' title='bbox 2515 2651 2620 2691; x_wconf 89' lang='lat' dir='ltr'><strong>una</strong></span> <span class='ocrx_word' id='word_1_745' title='bbox 2643 2651 2764 2692; x_wconf 90' lang='lat' dir='ltr'><strong>cum</strong></span> <span class='ocrx_word' id='word_1_746' title='bbox 2794 2652 3024 2707; x_wconf 90' lang='lat' dir='ltr'><strong>corpore</strong></span> <span class='ocrx_word' id='word_1_747' title='bbox 3067 2646 3387 2704; x_wconf 82' lang='lat' dir='ltr'><strong>moreretur,</strong></span> <span class='ocrx_word' id='word_1_748' title='bbox 3431 2640 3512 2696; x_wconf 82' lang='lat' dir='ltr'><strong>si-</strong></span> 
     </span>
    </p>
   </div>
   <div class='ocr_carea' id='block_1_91' title="bbox 1942 2725 3511 2801">
    <p class='ocr_par' dir='ltr' id='par_1_91' title="bbox 1942 2725 3511 2801">
     <span class='ocr_line' id='line_1_91' title="bbox 1942 2725 3511 2801; baseline 0.003 -19"><span class='ocrx_word' id='word_1_749' title='bbox 1942 2733 2036 2782; x_wconf 89' lang='lat' dir='ltr'><strong>cut</strong></span> <span class='ocrx_word' id='word_1_750' title='bbox 2063 2725 2447 2783; x_wconf 85' lang='lat' dir='ltr'><strong>irrationabilia</strong></span> <span class='ocrx_word' id='word_1_751' title='bbox 2475 2728 2749 2792; x_wconf 86' lang='lat' dir='ltr'><strong>animalia,</strong></span> <span class='ocrx_word' id='word_1_752' title='bbox 2799 2729 2892 2783; x_wconf 85' lang='lat' dir='ltr'><strong>sed</strong></span> <span class='ocrx_word' id='word_1_753' title='bbox 2934 2743 3032 2798; x_wconf 89' lang='lat' dir='ltr'><strong>per</strong></span> <span class='ocrx_word' id='word_1_754' title='bbox 3076 2730 3303 2799; x_wconf 78' lang='lat' dir='ltr'><strong>gratiam</strong></span> <span class='ocrx_word' id='word_1_755' title='bbox 3348 2732 3511 2801; x_wconf 76' lang='lat' dir='ltr'><strong>parti-</strong></span> 
     </span>
    </p>
   </div>
   <div class='ocr_carea' id='block_1_92' title="bbox 1944 2818 3509 2886">
    <p class='ocr_par' dir='ltr' id='par_1_92' title="bbox 1944 2818 3509 2886">
     <span class='ocr_line' id='line_1_92' title="bbox 1944 2818 3509 2886; baseline 0.004 -15"><span class='ocrx_word' id='word_1_756' title='bbox 1944 2830 2072 2886; x_wconf 88' lang='lat' dir='ltr'><strong>ceps</strong></span> <span class='ocrx_word' id='word_1_757' title='bbox 2097 2823 2235 2870; x_wconf 88' lang='lat' dir='ltr'><strong>esset</strong></span> <span class='ocrx_word' id='word_1_758' title='bbox 2266 2831 2509 2886; x_wconf 65' lang='lat' dir='ltr'><strong>supernas</strong></span> <span class='ocrx_word' id='word_1_759' title='bbox 2539 2818 2852 2885; x_wconf 88' lang='lat' dir='ltr'><strong>nobilitatis,</strong></span> <span class='ocrx_word' id='word_1_760' title='bbox 2883 2819 2936 2873; x_wconf 92' lang='lat' dir='ltr'><strong>id</strong></span> <span class='ocrx_word' id='word_1_761' title='bbox 2964 2828 3046 2873; x_wconf 89' lang='lat' dir='ltr'><strong>est</strong></span> <span class='ocrx_word' id='word_1_762' title='bbox 3074 2820 3509 2877; x_wconf 81' lang='lat' dir='ltr'><strong>immortalitatis.</strong></span> 
     </span>
    </p>
   </div>
   <div class='ocr_carea' id='block_1_93' title="bbox 1945 2904 3509 2977">
    <p class='ocr_par' dir='ltr' id='par_1_93' title="bbox 1945 2904 3509 2977">
     <span class='ocr_line' id='line_1_93' title="bbox 1945 2904 3509 2977; baseline 0 -17"><span class='ocrx_word' id='word_1_763' title='bbox 1945 2904 2038 2961; x_wconf 83' lang='lat' dir='ltr'><strong>llis</strong></span> <span class='ocrx_word' id='word_1_764' title='bbox 2067 2907 2431 2962; x_wconf 89' lang='lat' dir='ltr'><strong>testimonium</strong></span> <span class='ocrx_word' id='word_1_765' title='bbox 2458 2906 2705 2977; x_wconf 89' lang='lat' dir='ltr'><strong>perbibet</strong></span> <span class='ocrx_word' id='word_1_766' title='bbox 2732 2916 2949 2962; x_wconf 89' lang='lat' dir='ltr'><strong>sanctus</strong></span> <span class='ocrx_word' id='word_1_767' title='bbox 2972 2905 3207 2961; x_wconf 79' lang='lat' dir='ltr'><strong>Joannes</strong></span> <span class='ocrx_word' id='word_1_768' title='bbox 3240 2906 3509 2962; x_wconf 86' lang='lat' dir='ltr'><strong>Constan-</strong></span> 
     </span>
    </p>
   </div>
   <div class='ocr_carea' id='block_1_94' title="bbox 1867 2982 3509 3066">
    <p class='ocr_par' dir='ltr' id='par_1_94' title="bbox 1867 2982 3509 3066">
     <span class='ocr_line' id='line_1_94' title="bbox 1867 2982 3509 3066; baseline 0.001 -17"><span class='ocrx_word' id='word_1_769' title='bbox 1867 2982 1912 3042; x_wconf 73' lang='grc' dir='ltr'><strong>Ο</strong></span> <span class='ocrx_word' id='word_1_770' title='bbox 1944 2996 2246 3066; x_wconf 87' lang='lat' dir='ltr'><strong>tinopoleos</strong></span> <span class='ocrx_word' id='word_1_771' title='bbox 2273 2996 2575 3065; x_wconf 84' lang='lat' dir='ltr'><strong>patriarcha</strong></span> <span class='ocrx_word' id='word_1_772' title='bbox 2604 2997 2657 3051; x_wconf 91' lang='lat' dir='ltr'><strong>in</strong></span> <span class='ocrx_word' id='word_1_773' title='bbox 2686 2997 2968 3052; x_wconf 91' lang='lat' dir='ltr'><strong>undecimo</strong></span> <span class='ocrx_word' id='word_1_774' title='bbox 2996 3010 3245 3051; x_wconf 88' lang='lat' dir='ltr'><strong>sermone</strong></span> <span class='ocrx_word' id='word_1_775' title='bbox 3272 2997 3324 3050; x_wconf 89' lang='lat' dir='ltr'><strong>in</strong></span> <span class='ocrx_word' id='word_1_776' title='bbox 3355 3011 3509 3051; x_wconf 86' lang='lat' dir='ltr'><strong>crea-</strong></span> 
     </span>
    </p>
   </div>
   <div class='ocr_carea' id='block_1_95' title="bbox 1942 3083 3509 3158">
    <p class='ocr_par' dir='ltr' id='par_1_95' title="bbox 1942 3083 3509 3158">
     <span class='ocr_line' id='line_1_95' title="bbox 1942 3083 3509 3158; baseline 0 -18"><span class='ocrx_word' id='word_1_777' title='bbox 1942 3086 2142 3141; x_wconf 87' lang='lat' dir='ltr'><strong>tionem</strong></span> <span class='ocrx_word' id='word_1_778' title='bbox 2168 3103 2185 3152; x_wconf 87' lang='lat'><strong>;</strong></span> <span class='ocrx_word' id='word_1_779' title='bbox 2223 3089 2300 3143; x_wconf 90' lang='lat' dir='ltr'><strong>sic</strong></span> <span class='ocrx_word' id='word_1_780' title='bbox 2323 3086 2463 3140; x_wconf 88' lang='lat' dir='ltr'><strong>enim</strong></span> <span class='ocrx_word' id='word_1_781' title='bbox 2491 3087 2566 3141; x_wconf 88' lang='lat' dir='ltr'><strong>ait</strong></span> <span class='ocrx_word' id='word_1_782' title='bbox 2594 3086 2611 3158; x_wconf 94' lang='lat'>(</span> <span class='ocrx_word' id='word_1_783' title='bbox 2638 3085 2833 3140; x_wconf 85' lang='lat' dir='ltr'><strong>llomil.</strong></span> <span class='ocrx_word' id='word_1_784' title='bbox 2867 3103 2958 3141; x_wconf 83' lang='lat' dir='ltr'><strong>xm</strong></span> <span class='ocrx_word' id='word_1_785' title='bbox 2985 3089 3039 3140; x_wconf 89' lang='lat' dir='ltr'><strong>in</strong></span> <span class='ocrx_word' id='word_1_786' title='bbox 3071 3083 3199 3140; x_wconf 88' lang='lat' dir='ltr'><strong>Gen.</strong></span> <span class='ocrx_word' id='word_1_787' title='bbox 3230 3085 3305 3156; x_wconf 91' lang='grc' dir='ltr'><strong>ιι)</strong></span> <span class='ocrx_word' id='word_1_788' title='bbox 3341 3104 3354 3141; x_wconf 93' lang='lat'><strong>:</strong></span> <span class='ocrx_word' id='word_1_789' title='bbox 3393 3103 3411 3137; x_wconf 83' lang='grc' dir='ltr'><strong>ι</strong></span> <span class='ocrx_word' id='word_1_790' title='bbox 3441 3084 3509 3140; x_wconf 83' lang='lat' dir='ltr'><strong>Et</strong></span> 
     </span>
    </p>
   </div>
   <div class='ocr_carea' id='block_1_96' title="bbox 1938 3175 3510 3247">
    <p class='ocr_par' dir='ltr' id='par_1_96' title="bbox 1938 3175 3510 3247">
     <span class='ocr_line' id='line_1_96' title="bbox 1938 3175 3510 3247; baseline 0.001 -18"><span class='ocrx_word' id='word_1_791' title='bbox 1938 3176 2242 3246; x_wconf 77' lang='lat' dir='ltr'><strong>insufﬂavit,</strong></span> <span class='ocrx_word' id='word_1_792' title='bbox 2268 3176 2457 3245; x_wconf 86' lang='lat' dir='ltr'><strong>inquit,</strong></span> <span class='ocrx_word' id='word_1_793' title='bbox 2489 3178 2543 3229; x_wconf 89' lang='lat' dir='ltr'><strong>in</strong></span> <span class='ocrx_word' id='word_1_794' title='bbox 2574 3176 2758 3247; x_wconf 79' lang='lat' dir='ltr'><strong>faciem</strong></span> <span class='ocrx_word' id='word_1_795' title='bbox 2788 3176 2898 3247; x_wconf 83' lang='lat' dir='ltr'><strong>ejus</strong></span> <span class='ocrx_word' id='word_1_796' title='bbox 2925 3176 3160 3245; x_wconf 76' lang='lat' dir='ltr'><strong>spiritum</strong></span> <span class='ocrx_word' id='word_1_797' title='bbox 3180 3177 3315 3239; x_wconf 67' lang='lat' dir='ltr'><strong>vitaz,</strong></span> <span class='ocrx_word' id='word_1_798' title='bbox 3337 3182 3385 3229; x_wconf 90' lang='lat' dir='ltr'><strong>et</strong></span> <span class='ocrx_word' id='word_1_799' title='bbox 3414 3175 3510 3244; x_wconf 72' lang='lat' dir='ltr'><strong>fuit</strong></span> 
     </span>
    </p>
   </div>
   <div class='ocr_carea' id='block_1_97' title="bbox 1941 3264 3509 3337">
    <p class='ocr_par' dir='ltr' id='par_1_97' title="bbox 1941 3264 3509 3337">
     <span class='ocr_line' id='line_1_97' title="bbox 1941 3264 3509 3337; baseline 0.003 -19"><span class='ocrx_word' id='word_1_800' title='bbox 1941 3265 2094 3319; x_wconf 81' lang='lat' dir='ltr'><strong>homo</strong></span> <span class='ocrx_word' id='word_1_801' title='bbox 2134 3267 2187 3319; x_wconf 85' lang='lat' dir='ltr'><strong>in</strong></span> <span class='ocrx_word' id='word_1_802' title='bbox 2214 3267 2443 3319; x_wconf 87' lang='lat' dir='ltr'><strong>animam</strong></span> <span class='ocrx_word' id='word_1_803' title='bbox 2468 3267 2732 3321; x_wconf 77' lang='lat' dir='ltr'><strong>viventem.</strong></span> <span class='ocrx_word' id='word_1_804' title='bbox 2763 3264 2860 3322; x_wconf 87' lang='lat' dir='ltr'><strong>Hic</strong></span> <span class='ocrx_word' id='word_1_805' title='bbox 2887 3267 3126 3320; x_wconf 88' lang='lat' dir='ltr'><strong>nonnulli</strong></span> <span class='ocrx_word' id='word_1_806' title='bbox 3151 3266 3384 3337; x_wconf 83' lang='lat' dir='ltr'><strong>imperiti</strong></span> <span class='ocrx_word' id='word_1_807' title='bbox 3410 3266 3509 3322; x_wconf 88' lang='lat' dir='ltr'><strong>ho-</strong></span> 
     </span>
    </p>
   </div>
   <div class='ocr_carea' id='block_1_98' title="bbox 1938 3354 3508 3427">
    <p class='ocr_par' dir='ltr' id='par_1_98' title="bbox 1938 3354 3508 3427">
     <span class='ocr_line' id='line_1_98' title="bbox 1938 3354 3508 3427; baseline 0.001 -19"><span class='ocrx_word' id='word_1_808' title='bbox 1938 3354 2130 3418; x_wconf 83' lang='lat' dir='ltr'><strong>mines,</strong></span> <span class='ocrx_word' id='word_1_809' title='bbox 2182 3356 2413 3425; x_wconf 89' lang='lat' dir='ltr'><strong>propriis</strong></span> <span class='ocrx_word' id='word_1_810' title='bbox 2464 3356 2878 3427; x_wconf 82' lang='lat' dir='ltr'><strong>cogitationibus</strong></span> <span class='ocrx_word' id='word_1_811' title='bbox 2919 3356 3081 3423; x_wconf 86' lang='lat' dir='ltr'><strong>moti,</strong></span> <span class='ocrx_word' id='word_1_812' title='bbox 3130 3370 3195 3410; x_wconf 90' lang='lat' dir='ltr'><strong>ac</strong></span> <span class='ocrx_word' id='word_1_813' title='bbox 3237 3355 3365 3409; x_wconf 88' lang='lat' dir='ltr'><strong>nihil</strong></span> <span class='ocrx_word' id='word_1_814' title='bbox 3397 3355 3508 3410; x_wconf 90' lang='lat' dir='ltr'><strong>Deo</strong></span> 
     </span>
    </p>
   </div>
   <div class='ocr_carea' id='block_1_99' title="bbox 1941 3444 3508 3511">
    <p class='ocr_par' dir='ltr' id='par_1_99' title="bbox 1941 3444 3508 3511">
     <span class='ocr_line' id='line_1_99' title="bbox 1941 3444 3508 3511; baseline 0.001 -13"><span class='ocrx_word' id='word_1_815' title='bbox 1941 3444 2139 3500; x_wconf 88' lang='lat' dir='ltr'><strong>decens</strong></span> <span class='ocrx_word' id='word_1_816' title='bbox 2191 3446 2243 3499; x_wconf 91' lang='lat' dir='ltr'><strong>in</strong></span> <span class='ocrx_word' id='word_1_817' title='bbox 2292 3451 2472 3500; x_wconf 87' lang='lat' dir='ltr'><strong>mente</strong></span> <span class='ocrx_word' id='word_1_818' title='bbox 2512 3446 2797 3511; x_wconf 87' lang='lat' dir='ltr'><strong>habentes,</strong></span> <span class='ocrx_word' id='word_1_819' title='bbox 2859 3460 2958 3501; x_wconf 88' lang='lat' dir='ltr'><strong>nec</strong></span> <span class='ocrx_word' id='word_1_820' title='bbox 3003 3444 3508 3501; x_wconf 89' lang='lat' dir='ltr'><strong>condescensionem</strong></span> 
     </span>
    </p>
   </div>
   <div class='ocr_carea' id='block_1_100' title="bbox 1938 3532 3508 3604">
    <p class='ocr_par' dir='ltr' id='par_1_100' title="bbox 1938 3532 3508 3604">
     <span class='ocr_line' id='line_1_100' title="bbox 1938 3532 3508 3604; baseline 0 -15"><span class='ocrx_word' id='word_1_821' title='bbox 1938 3536 2222 3590; x_wconf 78' lang='lat' dir='ltr'><strong>verborum</strong></span> <span class='ocrx_word' id='word_1_822' title='bbox 2248 3543 2575 3604; x_wconf 87' lang='lat' dir='ltr'><strong>reputantes,</strong></span> <span class='ocrx_word' id='word_1_823' title='bbox 2608 3536 2786 3589; x_wconf 88' lang='lat' dir='ltr'><strong>dicere</strong></span> <span class='ocrx_word' id='word_1_824' title='bbox 2814 3535 3013 3588; x_wconf 89' lang='lat' dir='ltr'><strong>audent</strong></span> <span class='ocrx_word' id='word_1_825' title='bbox 3042 3550 3072 3588; x_wconf 92' lang='lat' dir='ltr'><strong>e</strong></span> <span class='ocrx_word' id='word_1_826' title='bbox 3092 3534 3184 3589; x_wconf 87' lang='lat' dir='ltr'><strong>Dei</strong></span> <span class='ocrx_word' id='word_1_827' title='bbox 3213 3532 3508 3589; x_wconf 86' lang='lat' dir='ltr'><strong>substantia</strong></span> 
     </span>
    </p>
   </div>
   <div class='ocr_carea' id='block_1_101' title="bbox 1938 3624 3509 3699">
    <p class='ocr_par' dir='ltr' id='par_1_101' title="bbox 1938 3624 3509 3699">
     <span class='ocr_line' id='line_1_101' title="bbox 1938 3624 3509 3699; baseline 0.003 -18"><span class='ocrx_word' id='word_1_828' title='bbox 1938 3641 2060 3682; x_wconf 89' lang='lat' dir='ltr'><strong>esse</strong></span> <span class='ocrx_word' id='word_1_829' title='bbox 2103 3627 2355 3680; x_wconf 90' lang='lat' dir='ltr'><strong>animam.</strong></span> <span class='ocrx_word' id='word_1_830' title='bbox 2398 3624 2442 3680; x_wconf 92' lang='grc' dir='ltr'>Ο</span> <span class='ocrx_word' id='word_1_831' title='bbox 2472 3629 2753 3693; x_wconf 85' lang='lat' dir='ltr'><strong>insaniam,</strong></span> <span class='ocrx_word' id='word_1_832' title='bbox 2804 3643 2837 3682; x_wconf 94' lang='grc' dir='ltr'>ο</span> <span class='ocrx_word' id='word_1_833' title='bbox 2868 3628 3229 3682; x_wconf 90' lang='lat' dir='ltr'><strong>dementiam!</strong></span> <span class='ocrx_word' id='word_1_834' title='bbox 3264 3648 3282 3679; x_wconf 77' lang='grc' dir='ltr'><strong>ι</strong></span> <span class='ocrx_word' id='word_1_835' title='bbox 3333 3628 3509 3699; x_wconf 71' lang='grc' dir='ltr'>Αιιιιιο</span> 
     </span>
    </p>
   </div>
   <div class='ocr_carea' id='block_1_102' title="bbox 1939 3714 3506 3785">
    <p class='ocr_par' dir='ltr' id='par_1_102' title="bbox 1939 3714 3506 3785">
     <span class='ocr_line' id='line_1_102' title="bbox 1939 3714 3506 3785; baseline 0.001 -15"><span class='ocrx_word' id='word_1_836' title='bbox 1939 3716 2052 3770; x_wconf 65' lang='lat' dir='ltr'><strong>haec</strong></span> <span class='ocrx_word' id='word_1_837' title='bbox 2074 3715 2286 3784; x_wconf 89' lang='lat' dir='ltr'><strong>quidem</strong></span> <span class='ocrx_word' id='word_1_838' title='bbox 2311 3714 2468 3770; x_wconf 86' lang='lat' dir='ltr'><strong>Pater</strong></span> <span class='ocrx_word' id='word_1_839' title='bbox 2496 3716 2562 3770; x_wconf 88' lang='lat' dir='ltr'><strong>de</strong></span> <span class='ocrx_word' id='word_1_840' title='bbox 2587 3724 2900 3784; x_wconf 86' lang='lat' dir='ltr'><strong>argumento</strong></span> <span class='ocrx_word' id='word_1_841' title='bbox 2921 3717 3217 3785; x_wconf 90' lang='lat' dir='ltr'><strong>proposito.</strong></span> <span class='ocrx_word' id='word_1_842' title='bbox 3244 3716 3506 3771; x_wconf 87' lang='lat' dir='ltr'><strong>Conside-</strong></span> 
     </span>
    </p>
   </div>
   <div class='ocr_carea' id='block_1_103' title="bbox 1937 3803 3506 3861">
    <p class='ocr_par' dir='ltr' id='par_1_103' title="bbox 1937 3803 3506 3861">
     <span class='ocr_line' id='line_1_103' title="bbox 1937 3803 3506 3861; baseline 0.002 -4"><span class='ocrx_word' id='word_1_843' title='bbox 1937 3818 1998 3857; x_wconf 90' lang='lat' dir='ltr'><strong>ra</strong></span> <span class='ocrx_word' id='word_1_844' title='bbox 2047 3812 2227 3856; x_wconf 88' lang='lat' dir='ltr'><strong>autem</strong></span> <span class='ocrx_word' id='word_1_845' title='bbox 2278 3803 2346 3857; x_wconf 89' lang='lat' dir='ltr'><strong>de</strong></span> <span class='ocrx_word' id='word_1_846' title='bbox 2393 3803 2511 3857; x_wconf 89' lang='lat' dir='ltr'><strong>aliis</strong></span> <span class='ocrx_word' id='word_1_847' title='bbox 2560 3804 2809 3859; x_wconf 87' lang='lat' dir='ltr'><strong>omnibus</strong></span> <span class='ocrx_word' id='word_1_848' title='bbox 2859 3804 2911 3857; x_wconf 92' lang='lat' dir='ltr'><strong>in</strong></span> <span class='ocrx_word' id='word_1_849' title='bbox 2959 3812 3100 3858; x_wconf 89' lang='lat' dir='ltr'><strong>terra</strong></span> <span class='ocrx_word' id='word_1_850' title='bbox 3128 3803 3280 3859; x_wconf 48' lang='lat' dir='ltr'><strong>factis</strong></span> <span class='ocrx_word' id='word_1_851' title='bbox 3307 3804 3506 3861; x_wconf 78' lang='lat' dir='ltr'><strong>dixisse</strong></span> 
     </span>
    </p>
   </div>
   <div class='ocr_carea' id='block_1_104' title="bbox 1938 3882 3506 3965">
    <p class='ocr_par' dir='ltr' id='par_1_104' title="bbox 1938 3882 3506 3965">
     <span class='ocr_line' id='line_1_104' title="bbox 1938 3882 3506 3965; baseline 0.001 -20"><span class='ocrx_word' id='word_1_852' title='bbox 1938 3891 2126 3953; x_wconf 89' lang='lat' dir='ltr'><strong>Deum,</strong></span> <span class='ocrx_word' id='word_1_853' title='bbox 2158 3891 2270 3960; x_wconf 83' lang='lat' dir='ltr'><strong>ﬁat,</strong></span> <span class='ocrx_word' id='word_1_854' title='bbox 2304 3882 2363 3946; x_wconf 40' lang='lat' dir='ltr'><strong>et‘</strong></span> <span class='ocrx_word' id='word_1_855' title='bbox 2386 3893 2637 3961; x_wconf 83' lang='lat' dir='ltr'><strong>producat</strong></span> <span class='ocrx_word' id='word_1_856' title='bbox 2666 3903 2823 3960; x_wconf 86' lang='lat' dir='ltr'><strong>terra,</strong></span> <span class='ocrx_word' id='word_1_857' title='bbox 2854 3904 2903 3947; x_wconf 85' lang='lat' dir='ltr'><strong>et</strong></span> <span class='ocrx_word' id='word_1_858' title='bbox 2941 3897 3136 3964; x_wconf 77' lang='lat' dir='ltr'><strong>factum</strong></span> <span class='ocrx_word' id='word_1_859' title='bbox 3189 3892 3506 3965; x_wconf 84' lang='lat' dir='ltr'><strong>est(Gen.t);</strong></span> 
     </span>
    </p>
   </div>
   <div class='ocr_carea' id='block_1_105' title="bbox 1938 3980 3506 4038">
    <p class='ocr_par' dir='ltr' id='par_1_105' title="bbox 1938 3980 3506 4038">
     <span class='ocr_line' id='line_1_105' title="bbox 1938 3980 3506 4038; baseline 0.002 -3"><span class='ocrx_word' id='word_1_860' title='bbox 1938 3980 2005 4035; x_wconf 91' lang='lat' dir='ltr'><strong>de</strong></span> <span class='ocrx_word' id='word_1_861' title='bbox 2035 3980 2252 4034; x_wconf 87' lang='lat' dir='ltr'><strong>homine</strong></span> <span class='ocrx_word' id='word_1_862' title='bbox 2289 3989 2468 4035; x_wconf 89' lang='lat' dir='ltr'><strong>autem</strong></span> <span class='ocrx_word' id='word_1_863' title='bbox 2515 3981 2686 4035; x_wconf 89' lang='lat' dir='ltr'><strong>dicit:</strong></span> <span class='ocrx_word' id='word_1_864' title='bbox 2738 3981 3020 4036; x_wconf 77' lang='lat' dir='ltr'><strong>Faciamus</strong></span> <span class='ocrx_word' id='word_1_865' title='bbox 3063 3984 3359 4037; x_wconf 81' lang='lat' dir='ltr'><strong>hominem:</strong></span> <span class='ocrx_word' id='word_1_866' title='bbox 3407 3999 3506 4038; x_wconf 87' lang='lat' dir='ltr'><strong>nec</strong></span> 
     </span>
    </p>
   </div>
   <div class='ocr_carea' id='block_1_106' title="bbox 1892 4071 3505 4151">
    <p class='ocr_par' dir='ltr' id='par_1_106' title="bbox 1892 4071 3505 4151">
     <span class='ocr_line' id='line_1_106' title="bbox 1892 4071 3505 4151; baseline 0 -23"><span class='ocrx_word' id='word_1_867' title='bbox 1892 4144 1899 4151; x_wconf 24' lang='grc' dir='ltr'><em>ι</em></span> <span class='ocrx_word' id='word_1_868' title='bbox 1937 4074 2130 4140; x_wconf 85' lang='lat' dir='ltr'><strong>solum,</strong></span> <span class='ocrx_word' id='word_1_869' title='bbox 2161 4071 2464 4138; x_wconf 78' lang='lat' dir='ltr'><strong>Faciamus,</strong></span> <span class='ocrx_word' id='word_1_870' title='bbox 2497 4073 2610 4135; x_wconf 89' lang='lat' dir='ltr'><strong>sed,</strong></span> <span class='ocrx_word' id='word_1_871' title='bbox 2644 4075 2715 4127; x_wconf 87' lang='lat' dir='ltr'><strong>ad</strong></span> <span class='ocrx_word' id='word_1_872' title='bbox 2739 4076 3019 4145; x_wconf 85' lang='lat' dir='ltr'><strong>imaginem</strong></span> <span class='ocrx_word' id='word_1_873' title='bbox 3045 4085 3093 4128; x_wconf 81' lang='lat' dir='ltr'><strong>et</strong></span> <span class='ocrx_word' id='word_1_874' title='bbox 3122 4075 3505 4128; x_wconf 81' lang='lat' dir='ltr'><strong>similitudinem</strong></span> 
     </span>
    </p>
   </div>
   <div class='ocr_carea' id='block_1_107' title="bbox 1937 4163 3506 4233">
    <p class='ocr_par' dir='ltr' id='par_1_107' title="bbox 1937 4163 3506 4233">
     <span class='ocr_line' id='line_1_107' title="bbox 1937 4163 3506 4233; baseline 0 -18"><span class='ocrx_word' id='word_1_875' title='bbox 1937 4172 2170 4217; x_wconf 89' lang='lat' dir='ltr'><strong>nostram</strong></span> <span class='ocrx_word' id='word_1_876' title='bbox 2193 4181 2212 4227; x_wconf 89' lang='lat'><strong><em>;</em></strong></span> <span class='ocrx_word' id='word_1_877' title='bbox 2257 4170 2304 4215; x_wconf 86' lang='lat' dir='ltr'><strong>et</strong></span> <span class='ocrx_word' id='word_1_878' title='bbox 2333 4178 2539 4216; x_wconf 88' lang='lat' dir='ltr'><strong>sumens</strong></span> <span class='ocrx_word' id='word_1_879' title='bbox 2569 4163 2825 4232; x_wconf 81' lang='lat' dir='ltr'><strong>pulverem</strong></span> <span class='ocrx_word' id='word_1_880' title='bbox 2854 4167 2917 4216; x_wconf 86' lang='lat' dir='ltr'><strong>de</strong></span> <span class='ocrx_word' id='word_1_881' title='bbox 2948 4174 3103 4227; x_wconf 88' lang='lat' dir='ltr'><strong>terra,</strong></span> <span class='ocrx_word' id='word_1_882' title='bbox 3135 4163 3357 4233; x_wconf 81' lang='lat' dir='ltr'><strong>propriis</strong></span> <span class='ocrx_word' id='word_1_883' title='bbox 3397 4179 3506 4216; x_wconf 84' lang='lat' dir='ltr'><strong>ma-</strong></span> 
     </span>
    </p>
   </div>
   <div class='ocr_carea' id='block_1_108' title="bbox 1939 4252 3507 4325">
    <p class='ocr_par' dir='ltr' id='par_1_108' title="bbox 1939 4252 3507 4325">
     <span class='ocr_line' id='line_1_108' title="bbox 1939 4252 3507 4325; baseline 0.001 -20"><span class='ocrx_word' id='word_1_884' title='bbox 1939 4252 2087 4306; x_wconf 87' lang='lat' dir='ltr'><strong>nibus</strong></span> <span class='ocrx_word' id='word_1_885' title='bbox 2130 4253 2382 4306; x_wconf 81' lang='lat' dir='ltr'><strong>hominem</strong></span> <span class='ocrx_word' id='word_1_886' title='bbox 2412 4253 2595 4322; x_wconf 79' lang='lat' dir='ltr'><strong>ﬁnxit,</strong></span> <span class='ocrx_word' id='word_1_887' title='bbox 2643 4261 2691 4305; x_wconf 87' lang='lat' dir='ltr'><strong>et</strong></span> <span class='ocrx_word' id='word_1_888' title='bbox 2739 4253 3023 4324; x_wconf 77' lang='lat' dir='ltr'><strong>insufﬂavit</strong></span> <span class='ocrx_word' id='word_1_889' title='bbox 3065 4254 3120 4307; x_wconf 90' lang='lat' dir='ltr'><strong>in</strong></span> <span class='ocrx_word' id='word_1_890' title='bbox 3167 4255 3352 4325; x_wconf 80' lang='lat' dir='ltr'><strong>[aciem</strong></span> <span class='ocrx_word' id='word_1_891' title='bbox 3396 4254 3507 4323; x_wconf 84' lang='lat' dir='ltr'><strong>ejus</strong></span> 
     </span>
    </p>
   </div>
   <div class='ocr_carea' id='block_1_109' title="bbox 1865 4327 3505 4416">
    <p class='ocr_par' dir='ltr' id='par_1_109' title="bbox 1865 4327 3505 4416">
     <span class='ocr_line' id='line_1_109' title="bbox 1865 4327 3505 4416; baseline -0.001 -20"><span class='ocrx_word' id='word_1_892' title='bbox 1865 4327 1913 4385; x_wconf 80' lang='lat' dir='ltr'><strong>D</strong></span> <span class='ocrx_word' id='word_1_893' title='bbox 1937 4343 2175 4416; x_wconf 84' lang='lat' dir='ltr'><strong>spiritum</strong></span> <span class='ocrx_word' id='word_1_894' title='bbox 2204 4344 2339 4408; x_wconf 70' lang='lat' dir='ltr'><strong>vitm,</strong></span> <span class='ocrx_word' id='word_1_895' title='bbox 2368 4353 2417 4396; x_wconf 88' lang='lat' dir='ltr'><strong>et</strong></span> <span class='ocrx_word' id='word_1_896' title='bbox 2446 4344 2610 4413; x_wconf 77' lang='lat' dir='ltr'><strong>factus</strong></span> <span class='ocrx_word' id='word_1_897' title='bbox 2640 4351 2716 4396; x_wconf 88' lang='lat' dir='ltr'><strong>est</strong></span> <span class='ocrx_word' id='word_1_898' title='bbox 2738 4342 2884 4396; x_wconf 79' lang='lat' dir='ltr'><strong>homo</strong></span> <span class='ocrx_word' id='word_1_899' title='bbox 2913 4344 2965 4396; x_wconf 91' lang='lat' dir='ltr'><strong>in</strong></span> <span class='ocrx_word' id='word_1_900' title='bbox 2996 4343 3222 4396; x_wconf 86' lang='lat' dir='ltr'><strong>animam</strong></span> <span class='ocrx_word' id='word_1_901' title='bbox 3243 4344 3505 4395; x_wconf 84' lang='lat' dir='ltr'><strong>viventem.</strong></span> 
     </span>
    </p>
   </div>
   <div class='ocr_carea' id='block_1_110' title="bbox 1935 4431 3504 4501">
    <p class='ocr_par' dir='ltr' id='par_1_110' title="bbox 1935 4431 3504 4501">
     <span class='ocr_line' id='line_1_110' title="bbox 1935 4431 3504 4501; baseline 0 -16"><span class='ocrx_word' id='word_1_902' title='bbox 1935 4431 2016 4485; x_wconf 79' lang='lat' dir='ltr'><strong>Ex</strong></span> <span class='ocrx_word' id='word_1_903' title='bbox 2060 4431 2143 4487; x_wconf 89' lang='lat' dir='ltr'><strong>his</strong></span> <span class='ocrx_word' id='word_1_904' title='bbox 2172 4433 2331 4501; x_wconf 80' lang='lat' dir='ltr'><strong>igitur</strong></span> <span class='ocrx_word' id='word_1_905' title='bbox 2360 4432 2587 4501; x_wconf 88' lang='lat' dir='ltr'><strong>perspici</strong></span> <span class='ocrx_word' id='word_1_906' title='bbox 2614 4440 2814 4501; x_wconf 88' lang='lat' dir='ltr'><strong>potest,</strong></span> <span class='ocrx_word' id='word_1_907' title='bbox 2847 4440 2904 4485; x_wconf 91' lang='lat' dir='ltr'><strong>ut</strong></span> <span class='ocrx_word' id='word_1_908' title='bbox 2942 4431 3081 4485; x_wconf 90' lang='lat' dir='ltr'><strong>Deus</strong></span> <span class='ocrx_word' id='word_1_909' title='bbox 3111 4431 3379 4485; x_wconf 89' lang='lat' dir='ltr'><strong>hominem</strong></span> <span class='ocrx_word' id='word_1_910' title='bbox 3426 4432 3504 4485; x_wconf 59' lang='lat' dir='ltr'><strong>ie.-</strong></span> 
     </span>
    </p>
   </div>
   <div class='ocr_carea' id='block_1_111' title="bbox 1934 4521 3503 4591">
    <p class='ocr_par' dir='ltr' id='par_1_111' title="bbox 1934 4521 3503 4591">
     <span class='ocr_line' id='line_1_111' title="bbox 1934 4521 3503 4591; baseline -0.001 -13"><span class='ocrx_word' id='word_1_911' title='bbox 1934 4523 2069 4578; x_wconf 88' lang='lat' dir='ltr'><strong>cerit</strong></span> <span class='ocrx_word' id='word_1_912' title='bbox 2096 4522 2551 4577; x_wconf 87' lang='lat' dir='ltr'><strong>honorabiliorem</strong></span> <span class='ocrx_word' id='word_1_913' title='bbox 2599 4537 2663 4577; x_wconf 90' lang='lat' dir='ltr'><strong>ac</strong></span> <span class='ocrx_word' id='word_1_914' title='bbox 2706 4522 3080 4591; x_wconf 85' lang='lat' dir='ltr'><strong>pretiosiorem</strong></span> <span class='ocrx_word' id='word_1_915' title='bbox 3111 4521 3230 4576; x_wconf 85' lang='lat' dir='ltr'><strong>aliis</strong></span> <span class='ocrx_word' id='word_1_916' title='bbox 3258 4521 3503 4576; x_wconf 86' lang='lat' dir='ltr'><strong>omnibus</strong></span> 
     </span>
    </p>
   </div>
   <div class='ocr_carea' id='block_1_112' title="bbox 1933 4611 3508 4684">
    <p class='ocr_par' dir='ltr' id='par_1_112' title="bbox 1933 4611 3508 4684">
     <span class='ocr_line' id='line_1_112' title="bbox 1933 4611 3508 4684; baseline -0.001 -15"><span class='ocrx_word' id='word_1_917' title='bbox 1933 4631 2053 4684; x_wconf 76' lang='lat' dir='ltr'><strong>qua:</strong></span> <span class='ocrx_word' id='word_1_918' title='bbox 2081 4616 2132 4669; x_wconf 90' lang='lat' dir='ltr'><strong>in</strong></span> <span class='ocrx_word' id='word_1_919' title='bbox 2165 4623 2308 4669; x_wconf 89' lang='lat' dir='ltr'><strong>terra</strong></span> <span class='ocrx_word' id='word_1_920' title='bbox 2333 4625 2458 4669; x_wconf 87' lang='lat' dir='ltr'><strong>sunt</strong></span> <span class='ocrx_word' id='word_1_921' title='bbox 2478 4615 2738 4669; x_wconf 88' lang='lat' dir='ltr'><strong>creaturis</strong></span> <span class='ocrx_word' id='word_1_922' title='bbox 2764 4631 2778 4680; x_wconf 89' lang='lat'><strong>;</strong></span> <span class='ocrx_word' id='word_1_923' title='bbox 2812 4614 2912 4666; x_wconf 85' lang='lat' dir='ltr'><strong>alia</strong></span> <span class='ocrx_word' id='word_1_924' title='bbox 2935 4612 3150 4683; x_wconf 91' lang='lat' dir='ltr'><strong>quidem</strong></span> <span class='ocrx_word' id='word_1_925' title='bbox 3173 4612 3347 4667; x_wconf 78' lang='lat' dir='ltr'><strong>Omnia</strong></span> <span class='ocrx_word' id='word_1_926' title='bbox 3380 4611 3508 4667; x_wconf 81' lang='lat' dir='ltr'><strong>fecit</strong></span> 
     </span>
    </p>
   </div>
   <div class='ocr_carea' id='block_1_113' title="bbox 1934 4702 3499 4768">
    <p class='ocr_par' dir='ltr' id='par_1_113' title="bbox 1934 4702 3499 4768">
     <span class='ocr_line' id='line_1_113' title="bbox 1934 4702 3499 4768; baseline -0.001 -12"><span class='ocrx_word' id='word_1_927' title='bbox 1934 4704 2133 4757; x_wconf 84' lang='lat' dir='ltr'><strong>verbo:</strong></span> <span class='ocrx_word' id='word_1_928' title='bbox 2175 4703 2336 4768; x_wconf 81' lang='lat' dir='ltr'><strong>dixit,</strong></span> <span class='ocrx_word' id='word_1_929' title='bbox 2383 4712 2437 4756; x_wconf 89' lang='lat' dir='ltr'><strong>et</strong></span> <span class='ocrx_word' id='word_1_930' title='bbox 2486 4702 2621 4756; x_wconf 81' lang='lat' dir='ltr'><strong>facta</strong></span> <span class='ocrx_word' id='word_1_931' title='bbox 2651 4711 2802 4768; x_wconf 88' lang='lat' dir='ltr'><strong>sunt;</strong></span> <span class='ocrx_word' id='word_1_932' title='bbox 2838 4703 3104 4756; x_wconf 90' lang='lat' dir='ltr'><strong>hominem</strong></span> <span class='ocrx_word' id='word_1_933' title='bbox 3152 4718 3309 4766; x_wconf 82' lang='lat' dir='ltr'><strong>vero,</strong></span> <span class='ocrx_word' id='word_1_934' title='bbox 3345 4702 3499 4756; x_wconf 89' lang='lat' dir='ltr'><strong>sicuti</strong></span> 
     </span>
    </p>
   </div>
   <div class='ocr_carea' id='block_1_114' title="bbox 1929 4792 3497 4862">
    <p class='ocr_par' dir='ltr' id='par_1_114' title="bbox 1929 4792 3497 4862">
     <span class='ocr_line' id='line_1_114' title="bbox 1929 4792 3497 4862; baseline -0.002 -15"><span class='ocrx_word' id='word_1_935' title='bbox 1929 4793 2129 4847; x_wconf 91' lang='lat' dir='ltr'><strong>dictum</strong></span> <span class='ocrx_word' id='word_1_936' title='bbox 2180 4802 2294 4857; x_wconf 92' lang='lat' dir='ltr'><strong>est,</strong></span> <span class='ocrx_word' id='word_1_937' title='bbox 2341 4793 2570 4862; x_wconf 87' lang='lat' dir='ltr'><strong>propriis</strong></span> <span class='ocrx_word' id='word_1_938' title='bbox 2622 4793 2737 4861; x_wconf 86' lang='lat' dir='ltr'><strong>ipse</strong></span> <span class='ocrx_word' id='word_1_939' title='bbox 2781 4794 3025 4847; x_wconf 84' lang='lat' dir='ltr'><strong>manibus</strong></span> <span class='ocrx_word' id='word_1_940' title='bbox 3066 4793 3217 4861; x_wconf 81' lang='lat' dir='ltr'><strong>juxta</strong></span> <span class='ocrx_word' id='word_1_941' title='bbox 3265 4792 3497 4845; x_wconf 73' lang='lat' dir='ltr'><strong>divinam</strong></span> 
     </span>
    </p>
   </div>
   <div class='ocr_carea' id='block_1_115' title="bbox 1929 4882 3495 4952">
    <p class='ocr_par' dir='ltr' id='par_1_115' title="bbox 1929 4882 3495 4952">
     <span class='ocr_line' id='line_1_115' title="bbox 1929 4882 3495 4952; baseline -0.003 -15"><span class='ocrx_word' id='word_1_942' title='bbox 1929 4882 2258 4952; x_wconf 88' lang='lat' dir='ltr'><strong>Scripturam</strong></span> <span class='ocrx_word' id='word_1_943' title='bbox 2291 4882 2413 4935; x_wconf 81' lang='lat' dir='ltr'><strong>fecit</strong></span> <span class='ocrx_word' id='word_1_944' title='bbox 2441 4900 2453 4934; x_wconf 90' lang='lat'><strong>:</strong></span> <span class='ocrx_word' id='word_1_945' title='bbox 2488 4898 2816 4952; x_wconf 75' lang='lat' dir='ltr'><strong>qumcunque</strong></span> <span class='ocrx_word' id='word_1_946' title='bbox 2845 4892 3021 4936; x_wconf 82' lang='lat' dir='ltr'><strong>autem</strong></span> <span class='ocrx_word' id='word_1_947' title='bbox 3051 4884 3117 4936; x_wconf 86' lang='lat' dir='ltr'><strong>ab</strong></span> <span class='ocrx_word' id='word_1_948' title='bbox 3157 4897 3223 4935; x_wconf 88' lang='lat' dir='ltr'><strong>eo</strong></span> <span class='ocrx_word' id='word_1_949' title='bbox 3262 4883 3313 4935; x_wconf 92' lang='lat' dir='ltr'><strong>in</strong></span> <span class='ocrx_word' id='word_1_950' title='bbox 3353 4890 3495 4933; x_wconf 84' lang='lat' dir='ltr'><strong>terra</strong></span> 
     </span>
    </p>
   </div>
   <div class='ocr_carea' id='block_1_116' title="bbox 1930 4969 3497 5041">
    <p class='ocr_par' dir='ltr' id='par_1_116' title="bbox 1930 4969 3497 5041">
     <span class='ocr_line' id='line_1_116' title="bbox 1930 4969 3497 5041; baseline -0.001 -18"><span class='ocrx_word' id='word_1_951' title='bbox 1930 4971 2069 5026; x_wconf 82' lang='lat' dir='ltr'><strong>facta</strong></span> <span class='ocrx_word' id='word_1_952' title='bbox 2091 4979 2232 5034; x_wconf 83' lang='lat' dir='ltr'><strong>sunt,</strong></span> <span class='ocrx_word' id='word_1_953' title='bbox 2264 4970 2498 5025; x_wconf 88' lang='lat' dir='ltr'><strong>subdidit</strong></span> <span class='ocrx_word' id='word_1_954' title='bbox 2524 4972 2747 5036; x_wconf 89' lang='lat' dir='ltr'><strong>homini,</strong></span> <span class='ocrx_word' id='word_1_955' title='bbox 2779 4972 2868 5041; x_wconf 91' lang='lat' dir='ltr'><strong>qui</strong></span> <span class='ocrx_word' id='word_1_956' title='bbox 2899 4980 3051 5025; x_wconf 83' lang='lat' dir='ltr'><strong>sexto</strong></span> <span class='ocrx_word' id='word_1_957' title='bbox 3075 4970 3241 5025; x_wconf 84' lang='lat' dir='ltr'><strong>iactus</strong></span> <span class='ocrx_word' id='word_1_958' title='bbox 3271 4978 3352 5024; x_wconf 90' lang='lat' dir='ltr'><strong>est</strong></span> <span class='ocrx_word' id='word_1_959' title='bbox 3370 4969 3454 5022; x_wconf 91' lang='lat' dir='ltr'><strong>die</strong></span> <span class='ocrx_word' id='word_1_960' title='bbox 3478 4987 3497 5021; x_wconf 83' lang='lat'><strong>:</strong></span> 
     </span>
    </p>
   </div>
   <div class='ocr_carea' id='block_1_117' title="bbox 1930 5058 3489 5127">
    <p class='ocr_par' dir='ltr' id='par_1_117' title="bbox 1930 5058 3489 5127">
     <span class='ocr_line' id='line_1_117' title="bbox 1930 5058 3489 5127; baseline -0.001 -14"><span class='ocrx_word' id='word_1_961' title='bbox 1930 5066 1989 5113; x_wconf 91' lang='lat' dir='ltr'><strong>ut</strong></span> <span class='ocrx_word' id='word_1_962' title='bbox 2017 5059 2264 5113; x_wconf 91' lang='lat' dir='ltr'><strong>omnibus</strong></span> <span class='ocrx_word' id='word_1_963' title='bbox 2285 5059 2509 5112; x_wconf 86' lang='lat' dir='ltr'><strong>terrenis</strong></span> <span class='ocrx_word' id='word_1_964' title='bbox 2533 5060 2792 5113; x_wconf 86' lang='lat' dir='ltr'><strong>creaturis</strong></span> <span class='ocrx_word' id='word_1_965' title='bbox 2808 5060 2917 5127; x_wconf 87' lang='lat' dir='ltr'><strong>jam</strong></span> <span class='ocrx_word' id='word_1_966' title='bbox 2948 5059 3118 5123; x_wconf 80' lang='lat' dir='ltr'><strong>factis,</strong></span> <span class='ocrx_word' id='word_1_967' title='bbox 3150 5073 3213 5113; x_wconf 91' lang='lat' dir='ltr'><strong>ac</strong></span> <span class='ocrx_word' id='word_1_968' title='bbox 3238 5058 3336 5126; x_wconf 90' lang='lat' dir='ltr'><strong>ipsi</strong></span> <span class='ocrx_word' id='word_1_969' title='bbox 3360 5072 3489 5126; x_wconf 70' lang='lat' dir='ltr'><strong>prte-</strong></span> 
     </span>
    </p>
   </div>
   <div class='ocr_carea' id='block_1_118' title="bbox 1930 5145 3494 5218">
    <p class='ocr_par' dir='ltr' id='par_1_118' title="bbox 1930 5145 3494 5218">
     <span class='ocr_line' id='line_1_118' title="bbox 1930 5145 3494 5218; baseline -0.001 -17"><span class='ocrx_word' id='word_1_970' title='bbox 1930 5148 2151 5218; x_wconf 86' lang='lat' dir='ltr'><strong>paratis,</strong></span> <span class='ocrx_word' id='word_1_971' title='bbox 2181 5146 2567 5211; x_wconf 87' lang='lat' dir='ltr'><strong>dominaretur,</strong></span> <span class='ocrx_word' id='word_1_972' title='bbox 2615 5147 2727 5215; x_wconf 89' lang='lat' dir='ltr'><strong>ipse</strong></span> <span class='ocrx_word' id='word_1_973' title='bbox 2757 5148 3097 5217; x_wconf 84' lang='lat' dir='ltr'><strong>plasmatoris</strong></span> <span class='ocrx_word' id='word_1_974' title='bbox 3121 5146 3201 5200; x_wconf 90' lang='lat' dir='ltr'><strong>sui</strong></span> <span class='ocrx_word' id='word_1_975' title='bbox 3236 5145 3494 5200; x_wconf 78' lang='lat' dir='ltr'><strong>obediens</strong></span> 
     </span>
    </p>
   </div>
   <div class='ocr_carea' id='block_1_119' title="bbox 1929 5234 3485 5308">
    <p class='ocr_par' dir='ltr' id='par_1_119' title="bbox 1929 5234 3485 5308">
     <span class='ocr_line' id='line_1_119' title="bbox 1929 5234 3485 5308; baseline 0 -16"><span class='ocrx_word' id='word_1_976' title='bbox 1929 5238 2175 5308; x_wconf 81' lang='lat' dir='ltr'><strong>imperio.</strong></span> <span class='ocrx_word' id='word_1_977' title='bbox 2218 5237 2330 5292; x_wconf 87' lang='lat' dir='ltr'><strong>lloc</strong></span> <span class='ocrx_word' id='word_1_978' title='bbox 2377 5245 2432 5292; x_wconf 91' lang='lat' dir='ltr'><strong>et</strong></span> <span class='ocrx_word' id='word_1_979' title='bbox 2460 5254 2559 5293; x_wconf 88' lang='lat' dir='ltr'><strong>nos</strong></span> <span class='ocrx_word' id='word_1_980' title='bbox 2585 5239 2743 5293; x_wconf 87' lang='lat' dir='ltr'><strong>docet</strong></span> <span class='ocrx_word' id='word_1_981' title='bbox 2788 5249 3004 5294; x_wconf 86' lang='lat' dir='ltr'><strong>sanctus</strong></span> <span class='ocrx_word' id='word_1_982' title='bbox 3033 5238 3334 5305; x_wconf 83' lang='lat' dir='ltr'><strong>Theologus</strong></span> <span class='ocrx_word' id='word_1_983' title='bbox 3360 5234 3485 5292; x_wconf 82' lang='lat' dir='ltr'><strong>Gre-</strong></span> 
     </span>
    </p>
   </div>
   <div class='ocr_carea' id='block_1_120' title="bbox 1928 5326 3495 5400">
    <p class='ocr_par' dir='ltr' id='par_1_120' title="bbox 1928 5326 3495 5400">
     <span class='ocr_line' id='line_1_120' title="bbox 1928 5326 3495 5400; baseline -0.001 -16"><span class='ocrx_word' id='word_1_984' title='bbox 1928 5330 2110 5398; x_wconf 86' lang='lat' dir='ltr'><strong>gorius</strong></span> <span class='ocrx_word' id='word_1_985' title='bbox 2137 5331 2185 5382; x_wconf 90' lang='lat' dir='ltr'><strong>in</strong></span> <span class='ocrx_word' id='word_1_986' title='bbox 2218 5329 2462 5383; x_wconf 88' lang='lat' dir='ltr'><strong>oratione</strong></span> <span class='ocrx_word' id='word_1_987' title='bbox 2489 5328 2541 5382; x_wconf 93' lang='lat' dir='ltr'><strong>in</strong></span> <span class='ocrx_word' id='word_1_988' title='bbox 2569 5344 2761 5383; x_wconf 83' lang='lat' dir='ltr'><strong>novam</strong></span> <span class='ocrx_word' id='word_1_989' title='bbox 2792 5329 3112 5384; x_wconf 83' lang='lat' dir='ltr'><strong>dominicam</strong></span> <span class='ocrx_word' id='word_1_990' title='bbox 3153 5329 3324 5400; x_wconf 78' lang='lat' dir='ltr'><strong>(Orat.</strong></span> <span class='ocrx_word' id='word_1_991' title='bbox 3357 5326 3495 5397; x_wconf 62' lang='lat'><strong>45);</strong></span> 
     </span>
    </p>
   </div>
   <div class='ocr_carea' id='block_1_121' title="bbox 1928 5419 3492 5488">
    <p class='ocr_par' dir='ltr' id='par_1_121' title="bbox 1928 5419 3492 5488">
     <span class='ocr_line' id='line_1_121' title="bbox 1928 5419 3492 5488; baseline -0.003 -12"><span class='ocrx_word' id='word_1_992' title='bbox 1928 5421 2005 5476; x_wconf 88' lang='lat' dir='ltr'><strong>sic</strong></span> <span class='ocrx_word' id='word_1_993' title='bbox 2033 5421 2175 5474; x_wconf 88' lang='lat' dir='ltr'><strong>enim</strong></span> <span class='ocrx_word' id='word_1_994' title='bbox 2215 5419 2381 5474; x_wconf 86' lang='lat' dir='ltr'><strong>dicit:</strong></span> <span class='ocrx_word' id='word_1_995' title='bbox 2424 5438 2442 5470; x_wconf 87' lang='grc' dir='ltr'><strong>ε</strong></span> <span class='ocrx_word' id='word_1_996' title='bbox 2473 5419 2549 5473; x_wconf 87' lang='lat' dir='ltr'><strong>lta</strong></span> <span class='ocrx_word' id='word_1_997' title='bbox 2580 5420 2778 5487; x_wconf 83' lang='lat' dir='ltr'><strong>aliquid</strong></span> <span class='ocrx_word' id='word_1_998' title='bbox 2809 5422 3033 5488; x_wconf 87' lang='lat' dir='ltr'><strong>primum</strong></span> <span class='ocrx_word' id='word_1_999' title='bbox 3082 5422 3133 5475; x_wconf 92' lang='lat' dir='ltr'><strong>in</strong></span> <span class='ocrx_word' id='word_1_1000' title='bbox 3178 5420 3362 5475; x_wconf 87' lang='lat' dir='ltr'><strong>diebus</strong></span> <span class='ocrx_word' id='word_1_1001' title='bbox 3388 5433 3492 5473; x_wconf 83' lang='lat' dir='ltr'><strong>nu-</strong></span> 
     </span>
    </p>
   </div>
   <div class='ocr_carea' id='block_1_122' title="bbox 1929 5508 3499 5578">
    <p class='ocr_par' dir='ltr' id='par_1_122' title="bbox 1929 5508 3499 5578">
     <span class='ocr_line' id='line_1_122' title="bbox 1929 5508 3499 5578; baseline 0 -15"><span class='ocrx_word' id='word_1_1002' title='bbox 1929 5516 2186 5572; x_wconf 87' lang='lat' dir='ltr'><strong>meratur,</strong></span> <span class='ocrx_word' id='word_1_1003' title='bbox 2210 5516 2263 5562; x_wconf 89' lang='lat' dir='ltr'><strong>et</strong></span> <span class='ocrx_word' id='word_1_1004' title='bbox 2287 5508 2600 5572; x_wconf 85' lang='lat' dir='ltr'><strong>secundum,</strong></span> <span class='ocrx_word' id='word_1_1005' title='bbox 2626 5516 2681 5561; x_wconf 90' lang='lat' dir='ltr'><strong>et</strong></span> <span class='ocrx_word' id='word_1_1006' title='bbox 2703 5508 2933 5573; x_wconf 81' lang='lat' dir='ltr'><strong>tertium,</strong></span> <span class='ocrx_word' id='word_1_1007' title='bbox 2952 5524 3015 5563; x_wconf 87' lang='lat' dir='ltr'><strong>ac</strong></span> <span class='ocrx_word' id='word_1_1008' title='bbox 3033 5508 3298 5578; x_wconf 89' lang='lat' dir='ltr'><strong>deinceps,</strong></span> <span class='ocrx_word' id='word_1_1009' title='bbox 3321 5519 3499 5577; x_wconf 74' lang='lat' dir='ltr'><strong>usque</strong></span> 
     </span>
    </p>
   </div>
   <div class='ocr_carea' id='block_1_123' title="bbox 1931 5597 3496 5673">
    <p class='ocr_par' dir='ltr' id='par_1_123' title="bbox 1931 5597 3496 5673">
     <span class='ocr_line' id='line_1_123' title="bbox 1931 5597 3496 5673; baseline -0.004 -18"><span class='ocrx_word' id='word_1_1010' title='bbox 1931 5601 1998 5655; x_wconf 90' lang='lat' dir='ltr'><strong>ad</strong></span> <span class='ocrx_word' id='word_1_1011' title='bbox 2039 5601 2323 5670; x_wconf 61' lang='lat' dir='ltr'><strong>septimam</strong></span> <span class='ocrx_word' id='word_1_1012' title='bbox 2361 5601 2500 5655; x_wconf 83' lang='lat' dir='ltr'><strong>diem</strong></span> <span class='ocrx_word' id='word_1_1013' title='bbox 2528 5641 2541 5666; x_wconf 95' lang='lat'><strong>,</strong></span> <span class='ocrx_word' id='word_1_1014' title='bbox 2573 5615 2678 5668; x_wconf 86' lang='lat' dir='ltr'><strong>quo</strong></span> <span class='ocrx_word' id='word_1_1015' title='bbox 2710 5601 2921 5673; x_wconf 83' lang='lat' dir='ltr'><strong>requies</strong></span> <span class='ocrx_word' id='word_1_1016' title='bbox 2965 5600 3061 5655; x_wconf 81' lang='lat' dir='ltr'><strong>fuit</strong></span> <span class='ocrx_word' id='word_1_1017' title='bbox 3100 5601 3166 5657; x_wconf 90' lang='lat' dir='ltr'><strong>ab</strong></span> <span class='ocrx_word' id='word_1_1018' title='bbox 3208 5597 3496 5670; x_wconf 77' lang='lat' dir='ltr'><strong>Operibus;</strong></span> 
     </span>
    </p>
   </div>
  </div>
