3958 6288
163 275 275 342 957

1236 278 1465 338 LIBER
1504 280 1901 341 ADVERSUS
1939 280 2359 342 ORIGENEM.

3280 297 3387 360 958

157 399 328 448 τίθιτο
363 392 504 463 τόπῳ
528 407 540 421 '
576 397 815 447 τοσοῦτον
849 390 905 447 δε
935 390 961 446 5
1001 392 1125 452 Θεὸς
1158 393 1390 463 ἠγάπησε
1420 395 1505 446 τὸν
1548 389 1708 465 ἔνθρω

1845 388 1920 440 seei
1953 389 2004 441 in
2035 392 2277 459 supplicii
2325 393 2443 448 loco
2488 401 2859 454 collocaretur.
2904 393 3205 462 Ταῖιιορετο
3253 407 3381 447 Vero

160 504 281 547 πον,
307 480 358 537 ὃν
388 484 517 552 μετά
545 486 716 537 πάντα
742 482 811 536 τά
832 480 1253 552 δημιουργήματα
1285 480 1530 543 ἔπλασεν,
1559 481 1637 535 ὅτι
1661 484 1740 533 καί

158 568 297 631 μετὰ
327 568 384 617 τὸ
412 566 699 638 παραϐῆναι
725 564 878 618 αὐτὸν
918 571 1007 624 τήν
1038 564 1262 620 δοθεῖσαν
1299 568 1438 638 αὐτῲ
1477 572 1619 638 παρὰ
1648 573 1737 620 τοῦ

159 659 292 705 Θεοῦ
320 653 535 717 ἐντολήν,
569 656 652 707 καί
686 651 770 707 διὰ
795 662 947 709 τοῦτο
971 656 1258 713 ἐιϐληθῆναι
1287 662 1375 710 τοῦ
1403 657 1733 729 παραδείσου,

158 744 496 812 αὐξανομένου
523 752 612 798 τοῦ
632 746 804 816 γένους
835 753 932 798 τῶν
961 748 1350 818 ά·.θρὼπων,καί
1369 747 1735 815 πληθύνομὲνης

157 842 253 892 τῆς
279 834 531 905 ἁμαρτίας
557 833 640 889 διὰ
672 837 727 888 τὸ
753 837 1001 904 ἐγκεῖσθαι
1028 841 1117 893 τήν
1160 834 1380 889 διάνοιαν
1422 844 1519 891 τῶν
1551 838 1739 909 ἀνθρὼ-

159 945 275 977 πων
312 924 558 993 ἐπιμελῶς
595 922 679 977 ἐπὶ
704 927 770 979 τά
799 931 1039 998 χείρονα,
1087 928 1142 978 ιύ
1185 926 1427 999 περιεῖδεν
1464 927 1637 987 ὁΘεός
1670 930 1737 986 ὡς

160 1015 349 1084 ἀγαθὸς
377 1017 434 1067 τὸ
470 1012 592 1067 ἴδιον
619 1015 857 1084 πλάσμα,
890 1017 1011 1069 άλλὰ
1035 1015 1283 1091 διαφόροις
1311 1018 1591 1073 ἐνουθέτησε
1621 1016 1734 1090 τρό-

159 1123 281 1163 ποις
309 1110 414 1164 τοῖς
440 1105 542 1157 ἀπὸ
578 1113 669 1164 τῆς
697 1104 843 1175 ἁγίας
880 1104 1192 1175 δηλουμένοις
1221 1115 1413 1180 γραφῆς
1432 1121 1442 1131 ·
1489 1104 1656 1162 ἐπειδή
1684 1105 1736 1159 δὲ

161 1194 247 1247 ἰπὶ
277 1192 566 1263 δεινοτέροις
593 1202 696 1252 τοίς
733 1195 1103 1270 ἀρρωστήμασι
1144 1198 1362 1263 μείζονος
1393 1194 1625 1265 ἐδεόμεθα
1656 1198 1736 1248 καί

162 1288 255 1337 τῆς
284 1278 594 1352 (θεραπείας)
640 1283 893 1351 ἰατρείας,
923 1282 1069 1339 αὐτὸς
1105 1280 1131 1333 ὁ
1174 1287 1433 1351 μονογενής
1475 1288 1565 1334 τοῦ
1608 1289 1734 1335 Θεοῦ

160 1364 332 1438 λόγος,
362 1369 385 1420 5
407 1364 494 1429 εἷς,
520 1370 760 1421 τουτέστι
778 1390 834 1421 τ»
858 1365 909 1419 ἓν
934 1370 1201 1440 πρόσωπον
1222 1378 1311 1426 τῆς
1338 1368 1479 1436 ἁγίας
1512 1368 1733 1442 τριάδος,

162 1454 246 1509 δια
276 1461 365 1513 τήν
410 1458 594 1510 ἑαυτοῦ
640 1455 1000 1526 Ιφιλανθρωπίαν
1040 1456 1300 1530 ἅνθρωπος
1346 1462 1539 1529 γίνεται
1578 1462 1736 1527 μένων

161 1546 315 1607 Θεὸς,
349 1544 477 1617 μηδὲ
518 1551 606 1603 τήν
644 1547 804 1603 eam
836 1547 995 1599 αὐτοῦ
1032 1548 1207 1600 οὐσιαν
1238 1548 1517 1607 ἀλλοιώσας
1545 1551 1617 1607 εἰς
1652 1552 1738 1605 τήν

163 1640 478 1711 ἀνθρωπίνην
497 1682 509 1697 ,
541 1638 664 1703 μηδέ
695 1646 782 1698 τήν
822 1642 1129 1713 ἀνθρωπίνην
1168 1643 1321 1695 αὐτοῦ
1349 1643 1518 1694 οὐσίαν
1547 1645 1619 1700 είς
1647 1647 1736 1699 τήν

1832 477 2019 531 dilexit
2059 479 2327 534 hominem
2358 480 2497 536 Deus
2521 526 2535 550 ,
2578 500 2735 552 quem
2764 494 2886 556 post
2910 499 3096 541 omnes
3120 489 3389 535 creaturas

1831 567 2179 624 fabricaverat
2202 613 2227 649 ,ν
2248 581 2307 625 ιιι
2333 589 2452 627 eum
2491 575 2581 628 ille
2627 584 2984 644 transgressus
3022 582 3165 629 esset
3206 573 3392 627 datum

1830 657 1927 711 sibi
1954 670 2297 730 praeceptum,
2321 678 2383 716 ac
2411 664 2605 717 ideirco
2625 680 2655 718 e
2677 664 2922 731 paradiso
2948 674 3088 718 esset
3107 661 3393 730 expulsus;

1836 748 2115 789 crescente
2132 739 2405 789 hominum
2421 752 2639 805 genere.
2654 744 2706 789 et
2723 738 2985 804 gliscente
2998 744 3238 803 peccatu,
3256 736 3400 801 quod

1834 829 2090 896 regitaﬁo
2116 828 2352 904 hominis
2384 830 2449 883 ad
2480 829 2753 882 deteriora
2788 842 2954 896 pravo
2978 826 3161 881 studio
3186 827 3401 881 incum-

1835 922 2000 979 ιιι-ιρι,
2030 921 2335 989 figulentnm
2360 937 2516 974 suum
2546 921 2703 983 Dens,
2729 929 2785 971 ut
2811 931 2931 987 pote
2952 919 3148 978 bonus.
3170 934 3275 971 non
3302 933 3401 973 ne-

1831 1012 2077 1077 glexerit,
2093 1014 2185 1065 scd
2208 1013 2390 1065 nmltis
2413 1012 2586 1065 modis
2603 1009 3007 1079 reprehenderit
3029 1018 3080 1062 et
3097 1009 3396 1077 castigarit,

1830 1099 1987 1150 sicuti
2013 1109 2201 1152 s:mcta
2229 1100 2509 1168 Scriptura
2535 1100 2828 1165 significat.
2858 1096 3150 1166 Postquam
3178 1111 3306 1149 vero
3328 1095 3399 1149 ob

1829 1191 2102 1256 graviores
2121 1190 2337 1243 morbos
2356 1194 2558 1256 majore
2574 1190 2835 1242 medicina
2852 1189 3203 1256 iudiguimns,
3220 1186 3396 1254 ipsum

1831 1281 2162 1347 unigenitum
2196 1280 2285 1333 Dei
2318 1279 2573 1340 Verbum.
2604 1296 2766 1341 unus,
2792 1280 2842 1331 id
2870 1288 2973 1340 est,
3004 1293 3106 1330 nua
3141 1291 3395 1345 persona,

1830 1381 2031 1424 sanctae
2061 1372 2363 1435 Trinitatis,
2399 1381 2615 1441 prOpter
2644 1371 3027 1439 benignitatem
3054 1384 3208 1422 suam
3231 1368 3395 1421 homo

1832 1461 1907 1527 fit,
1929 1478 2151 1518 mani-ns
2170 1463 2330 1526 Deus,
2352 1479 2447 1517 uer
2473 1464 2654 1516 divina
2679 1477 2775 1516 sna
2797 1461 3098 1515 substantia
3122 1461 3174 1512 iu
3204 1460 3400 1512 huma-

1829 1570 1951 1606 nam
1972 1568 2255 1617 conversa,
2271 1572 2366 1607 nec
2392 1557 2624 1607 humana
2648 1556 2699 1606 in
2722 1553 2959 1606 divinam
2982 1560 3206 1616 ululata;
3233 1565 3399 1605 unus-

1829 1661 1933 1712 que
1961 1657 2040 1699 est
2070 1662 2133 1700 ac
2164 1648 2302 1701 idem
2334 1649 2387 1700 in
2425 1656 2654 1715 utraque
2676 1657 2892 1707 natura,
2916 1646 2969 1697 in
3001 1646 3174 1713 iisque
3203 1643 3399 1696 incon-

162 1731 330 1787 θείκήν
353 1730 665 1798 μεταϐαλών.
692 1734 781 1783 Καὶ
811 1728 843 1783 ἕ
845 1751 954 1783 στιν
984 1726 1050 1788 εἷς
1080 1734 1162 1782 καί
1187 1729 1212 1783 5
1241 1732 1380 1789 αὐτὸς
1407 1732 1455 1783 ἐν
1482 1731 1739 1803 ἑκατέραις

1845 1738 1949 1791 'use
1971 1748 2134 1808 atque
2166 1739 2399 1792 indivise
2424 1739 2796 1806 cognoscitur.
2822 1737 3046 1790 Manens
3069 1736 3216 1789 enim
3248 1734 3397 1803 quod

163 1826 281 1877 ταῖς
322 1821 529 1889 φύσεσιν
573 1821 891 1888 άσυγχύτως
920 1823 1005 1872 καί
1044 1817 1338 1882 άδιαιρέτως
1362 1821 1738 1890 γνωριζόμενος.

162 1909 343 1969 Μείνας
383 1912 480 1982 γάρ
512 1909 638 1985 ὅπερ
667 1909 752 1970 ἦν.
786 1912 982 1979 γέγονεν
1012 1909 1134 1981 ὅπερ
1156 1914 1242 1962 οὐκ
1268 1907 1345 1967 ἦν.
1382 1912 1476 1962 Καὶ
1502 1911 1583 1961 τὸν
1613 1910 1741 1980 ὀφει-

162 1998 374 2068 λόμενον
399 2001 603 2053 θάνατον
629 1997 753 2070 παρ’
781 2002 918 2067 ἡμῶν
940 2000 994 2050 ἐκ
1019 2008 1108 2056 τῆς
1138 1997 1218 2051 διά
1240 2004 1326 2055 την
1346 1998 1640 2070 παράῗασιν
1663 2019 1745 2049 κα-

162 2094 450 2162 τακρίσεως
468 2129 481 2151 ν
509 2092 556 2141 ἐν
583 2098 642 2162 τῇ
670 2091 772 2162 ίιῖία
799 2092 952 2162 σαρκί
994 2089 1378 2157 ἀναδεξάμενος,
1413 2089 1743 2161 ἠλευθέρωσεν

164 2182 305 2248 ἡμᾶς
347 2186 438 2233 τοῦ
483 2183 681 2234 αἶωνίου
719 2183 964 2245 Θανάτου,
994 2184 1211 2253 ἀπαρχὴ
1252 2190 1348 2234 τῶν
1390 2184 1745 2250 κεκοιμημένων

166 2268 431 2339 γενόμενος
450 2309 463 2326 ,
494 2273 572 2321 καί
602 2269 915 2342 πρωτότοκες
946 2271 1169 2327 ἀναστὰς
1198 2270 1248 2320 ἐκ
1275 2277 1453 2338 νεκρῶν
1485 2274 1743 2343 συνήγειρε

166 2360 256 2417 καί
288 2358 605 2411 συνεκάίισεν
638 2357 768 2426 ημᾶς
799 2360 847 2410 ἐν
878 2367 981 2417 τοῖς
1024 2358 1364 2430 ἐπουρανίοις,
1414 2360 1569 2415 καθὼς
1614 2361 1746 2427 ἡμᾶς

170 2443 400 2500 διδάσκει
422 2450 452 2505 ἠ
480 2450 784 2505 άποστοῖικὴ
813 2446 1119 2523 παράδοσις.
1225 2451 1322 2522 γάρ
1352 2453 1433 2502 καί
1456 2456 1543 2506 την
1575 2452 1746 2522 ἀρχὴν

168 2539 200 2595 ἦ
228 2540 506 2610 ἀνθρωπίνη
541 2540 687 2609 φύσις
730 2537 813 2593 διά
842 2545 928 2597 τήν
956 2545 1214 2612 παρακοήν
1245 2540 1486 2613 ίστεργᾷθη
1524 2546 1615 2593 τοῦ
1647 2562 1747 2593 πα-

168 2628 442 2702 ραδείσου,
475 2630 578 2683 ἀλλ’
621 2628 755 2693 ὅμως
786 2634 851 2688 ὡς
894 2630 1119 2703 εἴρηται,
1162 2629 1186 2683 5
1215 2635 1483 2700 μονογενής
1526 2631 1633 2690 υἱὸς
1657 2636 1745 2684 τοῦ

170 2724 299 2771 Θεοῦ
325 2716 406 2771 διὰ
436 2724 525 2776 τήν
558 2719 738 2776 πολλὴν
775 2720 974 2790 ἀγάπην
999 2721 1146 2771 αὐτοῦ
1164 2760 1178 2783 ,
1217 2721 1273 2777 ἦν
1297 2723 1556 2789 ηγάπησεν
1582 2724 1715 2790 ἡμᾶς
1732 2761 1746 2782 ,

170 2812 260 2863 τήν
302 2808 550 2876 ἡμετέραν
587 2809 732 2877 φύσιν
773 2807 961 2865 ἔνώσας
1006 2806 1168 2872 ἐαυτῷ
1219 2806 1585 2866 άδιασπάστειλς
1644 2808 1748 2860 καθ’

170 2894 495 2954 ὑπόστασιν.
526 2896 571 2946 ἐν
697 2898 862 2966 μήτρα
886 2903 974 2953 τῆς
1010 2893 1150 2966 ἆγίις
1179 2893 1375 2958 ἐνδόξου
1416 2898 1641 2950 θεοτόκου
1667 2899 1751 2948 καὶ

171 2984 505 3059 άιιπαρθένου
536 2989 755 3057 Μαρίας,
786 2985 1004 3053 μείζονος
1033 2988 1161 3054 ἡμᾶς
1194 2989 1371 3046 ηέίωσε
1402 2989 1633 3063 χάριτος.
1661 2993 1750 3044 τήν
1796 3008 1807 3023 ‘

1829 1838 1966 1891 erat,
1999 1830 2198 1884 factum
2234 1838 2318 1884 est
2348 1830 2489 1897 quod
2535 1844 2639 1881 non
2672 1830 2788 1881 erat
2820 1844 2832 1880 :
2876 1837 3212 1892 mortemque
3240 1825 3399 1880 nobis

1831 1917 2068 1971 dehizam
2119 1937 2183 1973 ex
2216 1919 2666 1989 transgressionis
2696 1918 3066 1980 damnatione,
3101 1916 3152 1967 in
3179 1914 3397 1982 propria

1831 2024 1993 2062 carne
2011 2011 2337 2079 suscipiens,
2351 2021 2551 2064 mterua
2573 2024 2670 2063 uos
2686 2016 2858 2062 morte
2872 2003 3399 2068 liberavit,primitia

1832 2100 2203 2153 dormientium
2217 2102 2414 2167 (actus,
2434 2117 2496 2153 ac
2515 2099 2887 2167 primogenita:
2901 2110 3172 2163 resurgens
3182 2108 3246 2145 ex
3260 2107 3396 2145 mor-

1833 2193 1956 2251 tuis,
1986 2184 2355 2244 cbnsuscitavit
2383 2202 2432 2245 et
2464 2190 2735 2244 consedere
2757 2206 2848 2241 nos
2871 2188 2992 2254 fecit
3018 2188 3073 2238 in
3103 2183 3397 2237 caelestibus

1842 2260 1891 2328 (Ι
1922 2261 2040 2314 Cor.
2070 2278 2171 2325 xv;
2205 2259 2401 2314 Coloss.
2428 2278 2474 2323 1;
2508 2261 2700 2331 Ephes.
2730 2263 2785 2332 ιι)
2812 2281 2826 2315 :
2851 2265 3296 2331 quemadmodum
3321 2278 3415 2318 nos

1844 2349 2000 2404 docet
2038 2351 2250 2404 traditio
2290 2351 2607 2418 apostolica.
2654 2351 2903 2416 Quamvis
2934 2353 3074 2406 enim
3104 2369 3132 2405 a
3159 2353 3416 2423 principio

1846 2441 2077 2495 humana
2108 2452 2294 2495 natura
2326 2451 2543 2511 propter
2573 2444 2982 2496 iuohedicntiam
3025 2445 3229 2513 privata
3259 2460 3417 2513 para-

1845 2530 1961 2585 diso
1985 2539 2064 2584 est
2097 2550 2107 2583 :
2139 2539 2338 2596 tamen,
2372 2540 2428 2584 ut
2449 2540 2529 2585 est
2551 2532 2767 2593 dictum,
2796 2532 3097 2600 Unigenitus
3130 2532 3224 2585 Dei
3253 2532 3418 2586 Filius

1847 2632 2053 2689 propter
2103 2622 2314 2674 multam
2370 2622 2671 2675 charitatem
2728 2639 2874 2676 suam
2919 2640 3018 2693 qua
3086 2624 3267 2676 dilexit
3327 2640 3423 2678 nos

1832 2709 2064 2780 »(ΕρΙιεε.
2097 2709 2193 2775 ιι),
2244 2718 2486 2763 naturam
2536 2720 2771 2765 nostram
2819 2713 2919 2766 sibi
2967 2714 3156 2769 unicus
3199 2714 3424 2768 indivise

1850 2801 2142 2854 secundum
2183 2802 2580 2855 subsistentiam
2630 2803 2681 2856 in
2732 2813 2886 2858 utero
2938 2813 3135 2858 sancta:
3176 2806 3422 2868 gloriosa:

1854 2888 1943 2942 Dei
1992 2891 2260 2955 genitricis
2300 2906 2509 2959 semper
2558 2892 2766 2959 virginis
2809 2892 3022 2956 Mariae,
3072 2893 3261 2959 majori
3325 2907 3423 2947 nos

1852 2978 2097 3045 dignatus
2124 2988 2205 3032 est
2231 2980 2428 3045 gratia,
2459 2980 2666 3033 donans
2705 2981 2858 3033 nobis
2894 2996 3112 3048 regnum
3141 2984 3420 3037 cwlorum.

172 3075 224 3127 ἓν
263 3076 492 3146 οὐρανοῖς
533 3075 793 3143 βασιλείαν
829 3078 943 3145 ἡμῖν
986 3079 1351 3151 χαρισάμενος.
1400 3087 1661 3152 Μαρτυρεῖ
1698 3079 1747 3133 δί

1854 3068 2025 3136 Atque
2047 3068 2128 3121 his
2151 3069 2509 3122 testimonium
2534 3070 2777 3137 perhibet
2796 3082 3010 3124 sanctus
3030 3070 3265 3129 Joannes
3284 3071 3425 3125 Con-

172 3165 374 3221 τούτοις
404 3167 485 3216 καί
524 3164 547 3217 5
584 3167 632 3216 ἒν
663 3164 827 3236 άγίοις
860 3164 1081 3225 Ἰωάννης
1117 3164 1141 3218 5
1186 3169 1753 3228 λωνσταντινουπόλεως

174 3256 511 3327 πατριάρχης
540 3256 587 3307 ἔν
612 3263 682 3322 τῷ
716 3256 842 3327 λόγῳ
878 3263 948 3324 τῷ
978 3259 1049 3314 είς
1070 3260 1159 3312 τήν
1195 3256 1462 3326 ἀνάληψιν,
1494 3256 1646 3329 λέγων
1675 3258 1754 3310 οῦ-

173 3362 298 3405 τως·
325 3364 341 3395 ι
362 3348 510 3413 ἡμεῖς
536 3348 580 3399 οἷ
605 3356 697 3405 τῆς
720 3356 810 3418 γῆς
836 3349 1025 3410 ἀνάξιοι
1052 3349 1299 3417 φανέντες.
1323 3352 1540 3419 σήμερον
1570 3352 1642 3409 είς
1671 3350 1755 3402 τὸν

176 3436 387 3509 οὐρανὸν
436 3437 754 3505 ἀνήχθημεν
803 3438 848 3489 οί
905 3437 1032 3506 μηδὲ
1079 3445 1169 3497 τῆς
1214 3440 1347 3491 κάτω
1398 3441 1567 3509 ἀρχῆς
1616 3433 1752 3498 ὄντες

174 3523 328 3587 ἄξιοι,
360 3526 489 3596 πρὸς
516 3531 605 3582 τὴν
629 3525 887 3594 βασιλείαν
916 3527 1157 3597 άνέϐημεν
1178 3535 1267 3584 τήν
1290 3525 1410 3588 ἂνω,
1440 3528 1752 3600 ὐπερέεῗημεν

175 3609 301 3662 τούς
321 3608 587 3676 οὐρανούς,
604 3610 945 3679 ἐπελαϐόμεθα
959 3620 1048 3665 τοῦ
1062 3615 1236 3682 Θρὸνου
1251 3624 1342 3669 τοῦ
1363 3617 1649 3686 βασιλικοῶ
1671 3622 1755 3674 καί

173 3698 394 3767 ἡφύσις,
409 3696 474 3751 δι’
494 3699 551 3757 ἣν
573 3701 805 3769 ἐφύλαττε
825 3705 907 3755 τὸν
928 3703 1238 3771 παράδεισον
1255 3708 1318 3760 τά
1337 3710 1608 3779 Χερουϐὶμ,
1626 3711 1755 3769 αὐτή

176 3789 350 3842 ἐπάνω
383 3798 481 3844 τῶν
517 3793 770 3865 Χερουϐῖμ
808 3796 1014 3853 κάθηται
1043 3802 1282 3868 σήμερον.
1328 3818 1346 3849 ι
1380 3799 1754 3856 ’Δποδέδεικται

174 3882 344 3930 τοίνυν
375 3876 452 3933 ὅτι
491 3880 591 3947 οὐχ
617 3884 681 3939 ὡς
713 3883 966 3955 Ὠριγὲνης
995 3881 1152 3957 ληρεῖ,
1179 3883 1228 3935 ἐν
1254 3883 1484 3956 οὐρανοῖς
1508 3886 1557 3936 αί
1580 3886 1756 3954 ψυχαί

177 3971 622 4041 προειπάρχουσαι
708 3967 888 4024 ἔπιητα
928 3970 1297 4043 ἁμαρτήσασαι
1340 3973 1755 4041 κατεπέςλφθησαν

174 4063 421 4131 τιμωρίας
469 4062 531 4125 χέ
544 4077 621 4130 ριν
659 4061 729 4116 είς
769 4061 835 4112 τά
882 4062 1116 4130 σώματα.
1144 4058 1263 4112 Ἀλλ’
1302 4061 1353 4113 ἐκ
1383 4068 1481 4114 τῶν
1525 4062 1753 4115 ἐναντίων

176 4146 260 4197 ἐπί
308 4155 401 4217 γῆς
442 4145 865 4221 δημιουργηθεῐσα
916 4148 1003 4206 ὅλη
1057 4151 1087 4207 ἠ
1139 4156 1228 4203 τοῦ
1274 4152 1537 4224 ἀνθρώπου
1577 4153 1750 4220 φύσις,

176 4239 416 4288 τουτέστι
444 4240 684 4305 σώματος
713 4241 799 4291 καί
828 4238 1025 4307 ψυχῆς,
1056 4237 1135 4291 διὰ
1163 4246 1252 4297 τῆς
1275 4240 1633 4297 ἐπιϐαλλούση·
1666 4246 1751 4294 τοῦ

178 4330 307 4376 Θεοῦ
356 4327 660 4395 άγαεότητος
708 4336 798 4387 τῆς
851 4329 899 4380 ἐν
948 4331 1175 4401 οὐρανοῖς
1223 4333 1425 4392 ἠξίωται
1467 4332 1750 4399 βασιλείας.

1854 3159 2278 3227 stautinopoleos
2306 3160 2604 3227 patriarcha
2636 3160 2686 3213 iu
2731 3175 2977 3214 sermone
3004 3160 3070 3214 de
3098 3160 3425 3216 Ascensione

1855 3250 2024 3320 (Tom.
2055 3250 2117 3303 Ill
2147 3268 2284 3319 oper.
2320 3252 2481 3320 ejus),
2515 3251 2592 3305 sic
2618 3251 2799 3305 dicens
2825 3268 2837 3302 :
2870 3270 2902 3301 ι·
2922 3252 3019 3318 Qui
3052 3261 3192 3305 terra
3222 3252 3424 3322 indigni

1854 3343 2250 3407 exstiteramus,
2283 3343 2439 3397 hodie
2469 3344 2520 3396 in
2552 3344 2743 3397 cmlum
2768 3344 2957 3397 elevati
2987 3360 3167 3398 sumus
3196 3363 3208 3396 :
3240 3346 3329 3412 qui
3358 3360 3427 3401 ne

1854 3429 2103 3484 inferiore
2132 3431 2344 3498 quidem
2372 3432 2595 3500 imperio
2625 3430 2892 3485 fueramus
2919 3431 3083 3500 digni,
3109 3432 3175 3487 ad
3203 3446 3424 3500 regnum

1853 3533 2140 3587 supernum
2167 3520 2592 3585 conscendimus,
2624 3519 2950 3589 supergressi
2978 3520 3160 3585 cmlos,
3193 3521 3425 3588 regium-

1853 3631 1957 3685 que
1978 3617 2167 3670 solium
2198 3616 2392 3684 adepti.
2426 3616 2643 3681 Natura,
2689 3626 2907 3685 propter
2932 3633 3091 3685 quam
3136 3617 3423 3674 Cherubim

1852 3707 2153 3776 paradisum
2183 3708 2552 3761 custodiebant
2581 3706 2730 3776 (Gen.
2764 3706 2862 3777 ιιι),
2893 3708 3005 3776 ipsa
3033 3724 3190 3776 supra
3219 3708 3426 3764 Cheru-

1853 3796 1961 3849 bim
2000 3795 2156 3849 hodie
2215 3796 2384 3849 sedet.
2425 3815 2442 3846 ι
2490 3795 2844 3861 Quamobrem
2883 3796 3303 3851 demonstratum
3344 3809 3426 3854 est

1856 3883 2064 3935 animas
2087 3922 2102 3945 ,
2146 3898 2252 3936 non
2279 3923 2294 3948 ,
2335 3892 2393 3937 ut
2429 3882 2683 3950 Origenes
2718 3891 2945 3952 nugatur
2965 3925 2980 3949 ,
3021 3885 3073 3938 in
3103 3886 3252 3939 cmlis
3280 3888 3427 3955 prius

1851 3968 2049 4036 fuisse,
2081 3986 2144 4025 ac
2164 3970 2355 4024 deinde
2394 3972 2446 4023 in
2483 3986 2708 4038 corpora
2749 3972 2967 4038 missas,
3001 3982 3055 4028 ut
3085 3984 3425 4043 perpetrato-

1853 4074 1969 4112 rum
1996 4069 2335 4127 peccatorum
2374 4075 2560 4128 pmuas
2593 4061 2964 4128 exsolverent;
3006 4064 3097 4116 sed
3129 4073 3336 4130 contra,
3367 4066 3423 4122 iu

1856 4154 1996 4199 terra
2035 4147 2344 4200 fabricatam
2386 4148 2687 4201 universam
2728 4157 2968 4203 naturam
3011 4152 3295 4206 humanam
3319 4194 3334 4219 ,
3370 4154 3425 4209 id

1853 4244 1937 4290 est
1963 4252 2156 4306 corpus
2179 4245 2338 4305 atque
2368 4238 2617 4299 animam,
2650 4238 2887 4292 bonitate
2913 4255 2975 4294 ac
3006 4240 3311 4306 dignatione
3338 4242 3424 4297 di-

1851 4327 1974 4379 vina
2000 4326 2162 4380 cmlos
2190 4326 2434 4394 adeptam
2458 4341 2575 4380 esse
2606 4344 2618 4379 :
2650 4336 2706 4380 ut
2733 4327 2822 4396 qui
2845 4329 3088 4383 homines
3118 4330 3421 4385 mandatum

177 4411 333 4472 Ὠστε
353 4422 471 4477 τούς
501 4422 787 4496 ἀνθρώπους
812 4425 930 4480 τούς
954 4427 1041 4480 τήν
1071 4422 1264 4480 ὲντολήν
1296 4428 1385 4477 τοῦ
1410 4431 1533 4475 Θεοῦ
1566 4425 1743 4492 φυλάτη

1854 4422 1945 4475 Dei
1968 4422 2298 4477 custodirent
2340 4438 2403 4478 ac
2448 4423 2768 4491 implerent,
2817 4426 3125 4493 angelorum
3174 4427 3227 4481 iu
3269 4428 3419 4483 caelis

178 4512 351 4569 τευτάς
390 4529 475 4573 τε,
511 4518 589 4563 καί
638 4511 977 4584 πληροῦντας,
1022 4513 1279 4573 άξιοέσθαι
1307 4520 1397 4569 τῆς
1438 4514 1484 4563 ἐν
1523 4513 1749 4585 οὐρανοῖς

178 4605 276 4652 τῶν
317 4601 538 4670 ἀγγέλων
579 4599 950 4671 συνδιηωγῆς·
981 4601 1067 4660 οὓς
1107 4602 1153 4653 ἐν
1183 4608 1243 4672 τῇ
1280 4610 1342 4675 γῇ
1376 4599 1457 4655 διὰ
1498 4612 1587 4661 τῆς
1620 4606 1750 4676 πρὸς

179 4694 298 4744 Θεὸν
344 4692 607 4764 ὁμολογίας
654 4698 912 4764 μομεσθαι
959 4696 1395 4769 προσετάχθημεν.
1453 4701 1514 4745 Bo
1547 4694 1750 4764 λὸμενος

154 4785 274 4855 ’γάρ
316 4784 341 4835 ὁ
381 4787 502 4857 Θεὸς
542 4783 624 4838 διά
670 4796 757 4842 τήν
788 4785 1039 4859 ἄφραστον
1078 4789 1227 4839 αύτῦ
1276 4787 1657 4860 ξιλανθρωπίαν,
1697 4786 1749 4840 ίν

180 4874 361 4944 τρόπον
385 4878 433 4926 ἐν
458 4876 681 4946 οὐρανοῖς
718 4876 817 4927 ὐπὸ
847 4884 943 4929 τῶν
969 4876 1121 4945 ἁγίων
1159 4875 1412 4944 δυναμεων
1454 4875 1713 4938 δοξάζεται
1730 4916 1744 4941 ,

181 4962 313 5015 ολῖτω
337 4967 418 5016 καί
438 4965 517 5017 ἐπὶ
537 4973 625 5023 τῆς
654 4974 744 5035 γῆς
766 4967 866 5018 ὐπὸ
891 4973 983 5018 τῶν
1004 4967 1274 5036 ἀνθρώπων
1297 4965 1606 5029 δοξάζεσθαι,
1641 4966 1750 5025 ἐδη-

182 5051 458 5125 μιούργησε
492 5056 576 5109 τὸν
601 5054 872 5131 ἄνθρωπον,
905 5055 1132 5132 δεύτερον
1163 5055 1282 5127 ἇγγι
1315 5079 1366 5111 ον
1394 5060 1475 5110 ἐπὶ
1518 5069 1607 5116 τῆς
1632 5066 1746 5129 γῆς,

184 5142 246 5200 ὥς
279 5138 337 5195 ἂν
364 5145 601 5220 πληρωθῇ
627 5150 691 5200 τά
717 5168 880 5199 ποντα
909 5145 1046 5209 δόξης
1078 5154 1225 5200 Θεοῦ.
1251 5144 1388 5199 Ὀεεν
1416 5152 1499 5200 καί
1529 5148 1553 5202 ὁ
1583 5146 1750 5221 κύριος

181 5231 490 5302 παραδιδούς
512 5232 646 5293 ὅπως
664 5236 909 5306 ὀφείλουσι
930 5238 1333 5306 προσεύχεσθαι,
1347 5240 1495 5307 λέγει’
1509 5242 1749 5313 -Πάτερ

182 5320 320 5387 ἡμῶν
353 5322 378 5377 5
405 5325 451 5377 ἐν
487 5332 598 5383 τοῖς
627 5328 874 5399 οὐρανοῖς,
906 5326 1194 5397 ἁγιασθήτω
1235 5330 1290 5379 τὸ
1337 5325 1495 5396 ίνομά
1535 5350 1650 5391 σου,
1683 5332 1755 5383 ἐλ-

184 5416 308 5469 θίτω
333 5418 364 5475 ἦ
402 5417 637 5488 βασιλεία
676 5439 805 5482 σου,
836 5422 1083 5491 γενηθήτω
1121 5420 1176 5472 τὸ
1217 5420 1399 5488 θέλημά
1440 5440 1561 5484 σου,
1609 5423 1675 5481 ὡς
1703 5421 1753 5475 ἐν

183 5506 372 5583 αὖρανῷ
396 5515 481 5565 καί
506 5514 585 5566 ἐπί
607 5522 696 5572 τῆς
719 5522 829 5586 γῆς.
854 5533 873 5565 ι

253 5600 492 5672 Σύμςοωνα
521 5600 575 5656 δέ
603 5612 713 5679 τοῖς
738 5606 857 5678 παρ’
879 5607 1015 5676 ἡμῶν
1045 5607 1317 5681 εἰρημένοις
1346 5610 1431 5660 καί
1458 5607 1482 5662 5
1515 5610 1563 5662 ἓν
1590 5609 1752 5680 ἁγίοις

182 5687 406 5764 θεολὸγος
444 5694 711 5767 Γρηγόριος
743 5695 790 5747 ἓν
829 5703 900 5767 τῷ
942 5694 1069 5767 λόγῳ
1096 5706 1165 5766 τῷ
1194 5700 1262 5757 εἰς
1291 5700 1345 5750 τὸ
1386 5697 1525 5771 ἅγιον
1565 5702 1748 5771 πάσχα

1852 4518 2256 4571 conversatione
2283 4516 2427 4584 digni
2453 4518 2795 4583 haberentur,
2818 4534 2954 4585 quos
2984 4520 3035 4573 in
3060 4530 3198 4574 terra
3225 4522 3423 4576 imitari

1852 4621 1948 4675 per
1984 4606 2367 4660 confessionem
2408 4608 2460 4661 in
2501 4608 2662 4661 Deum
2708 4608 2839 4676 jussi
2886 4625 3087 4665 sumus.
3142 4611 3270 4664 Nam
3300 4628 3419 4666 cum

1851 4697 2011 4749 vellet
2029 4696 2163 4750 Deus
2185 4705 2402 4766 propter
2422 4698 2825 4752 inenarrabilcm
2849 4700 3227 4755 immanitatem
3249 4717 3420 4766 suam,

1851 4786 1988 4840 sicut
2016 4786 2066 4839 in
2097 4788 2243 4841 carris
2273 4804 2301 4840 a
2332 4790 2528 4841 sanctis
2566 4790 2848 4843 virtutibus
2883 4790 3227 4856 glorificatur,
3269 4792 3340 4845 ita
3368 4801 3422 4845 et

1856 4878 1907 4932 in
1931 4887 2070 4932 terra
2099 4877 2376 4945 glorificari
2408 4882 2472 4933 ab
2495 4881 2814 4947 hominibus,
2840 4882 3123 4936 fabricatus
3144 4891 3223 4936 est
3247 4884 3421 4937 homi-

1856 4983 1998 5032 nem,
2021 4971 2247 5021 auorum
2277 4969 2517 5034 angelum
2544 4970 2593 5021 iu
2628 4972 2780 5023 terris
2805 4987 2816 5020 :
2852 4978 2908 5022 ut
2938 4971 3027 5023 Dei
3050 4971 3217 5037 gloria
3241 4972 3419 5023 omnia

1856 5058 2269 5127 complerentur.
2318 5057 2501 5125 Itaque
2531 5059 2784 5119 Dominus
2815 5060 3026 5112 tradens
3055 5059 3322 5126 quomodo
3352 5062 3425 5114 sit

1858 5148 2139 5213 orandum,
2166 5146 2295 5199 dicit
2321 5164 2332 5197 :
2361 5146 2519 5198 Pater
2548 5158 2739 5213 noster,
2771 5150 2854 5217 qui
2883 5164 2936 5200 es
2965 5149 3015 5200 in
3046 5149 3203 5209 caelis,
3232 5149 3425 5200 sancti-

1857 5251 2035 5319 ᾕρει-ιιι·
2055 5265 2233 5302 nomen
2259 5249 2675 5311 tnum,.adreniat
2704 5267 2913 5319 regnum
2942 5261 3097 5314 tuum,
3122 5251 3218 5320 ﬁat
3246 5249 3424 5305 uolun-

1858 5351 1936 5394 tas
1967 5349 2051 5393 tua
2079 5341 2208 5393 sicut
2236 5341 2290 5393 in
2320 5339 2443 5393 caelo
2474 5350 2522 5393 et
2546 5342 2598 5393 in
2628 5351 2783 5395 terra.

1935 5610 2062 5663 Cum
2096 5608 2175 5662 his
2197 5624 2356 5677 porro
2379 5622 2497 5675 quzc
2526 5623 2553 5661 a
2586 5607 2736 5662 nobis
2764 5607 2902 5660 dicta
2933 5616 3073 5668 sunt.
3106 5610 3431 5664 com-erum:

1855 5718 1972 5772 qua:
2002 5709 2215 5755 sanctus
2248 5700 2550 5766 'l‘heologns
2576 5697 2859 5769 Gregorius
2905 5699 3062 5755 docet
3105 5700 3157 5753 in
3185 5715 3440 5777 sermone
