3958 6288
569 261 680 325 €59

1881 265 2319 326 JUSTlNlANl
2364 268 2518 327 IMP.
3657 261 3668 268 ’
3776 276 3864 333 95?]

577 369 827 435 διδάσκει,
851 378 1005 450 λὲγων
1033 381 1190 442 οὕτως
1210 396 1224 412 ⁸
1259 401 1278 433 t
1310 390 1468 440 Τοῦτο
1492 385 1556 446 δὴ
1577 389 1834 458 βουληθείς
1861 389 1886 443 ὁ
1909 393 2117 458 τεχνίτη

2222 435 2224 446 .
2253 392 2316 445 de
2332 401 2516 445 sancto
2537 390 2793 445 Paschate
2810 389 2982 458 (Orat.
3013 389 3100 452 42,
3129 406 3246 460 qua:
3258 399 3332 444 est
3363 390 3480 444 2d:
3501 389 3840 454 Post-Iuste);

578 461 922 529 ἐπιδείξασθαι
939 467 1100 540 λόγος,
1134 474 1216 524 καὶ
1239 477 1364 535 ζῶον
1387 472 1439 528 ἓν
1467 477 1518 539 ἐξ
1545 479 1856 552 ἀμφοτέρων,
1881 477 2066 553 ὁρατῆς
2092 500 2150 535 τε

579 553 706 625 λέγω
733 557 817 608 καί
858 557 1075 632 ἀοράτου
1109 561 1330 632 φύσεως,
1378 561 1680 640 δημιουργεῖ
1721 570 1806 622 τὸν
1857 565 2145 642 ἄνθρωπον*

577 647 660 698 καὶ
699 646 840 718 παρά
861 649 952 714 μὲν
977 656 1070 708 τῆς
1091 649 1212 712 ὕλης
1230 651 1394 706 λαϐὼν
1420 655 1478 707 τὸ
1517 663 1670 726 σῶμα
1692 655 1788 715 ἤδη
1811 660 2147 732 προϋποστά-

574 753 695 796 σης,
724 735 848 810 παρ’
874 737 1057 792 ἑαυτοῦ
1079 739 1132 794 δὲ
1163 745 1293 804 ζωήν
1321 743 1491 806 ἐνθείς,
1515 742 1540 799 ὃ
1561 743 1620 804 δὴ
1645 745 1824 816 ψυχὴν
1845 750 2042 818 νοεράν,
2065 751 2148 802 καί

573 821 738 878 εἰκόνα
765 831 892 880 Θεοῦ
915 823 1042 882 οἶδεν
1072 827 1096 882 ὃ
1118 829 1279 902 λόγος,
1307 827 1406 886 οἷόν
1432 853 1544 886 τινα
1572 834 1761 904 κόσμον
1789 836 1958 911 ἕτερον
1985 839 2036 890 ἐν
2060 859 2143 906 μι-

571 921 680 988 κρῷ
705 915 860 984 μέγαν
885 917 968 970 ἐπὶ
985 926 1077 978 τῆς
1099 928 1192 988 γῆς
1211 921 1436 986 ἵστησιν,
1467 919 1675 994 ἄγγελον
1701 921 1844 978 ἄλλον
1867 946 2146 998 προσκυνηο

570 1007 662 1062 τήν
703 1005 896 1071 μικτὸν.
930 1006 1154 1064 ἐπόπτην
1193 1017 1284 1068 τῆς
1327 1007 1511 1083 ὁρατῆς
1534 1015 1771 1075 κτίσεως,
1810 1017 2006 1082 μύστην
2052 1023 2144 1076 τῆς

571 1093 857 1161 νοουμένης,
885 1094 1099 1163 βασιλέα
1126 1105 1223 1150 τῶν
1242 1099 1326 1151 ini
1346 1107 1459 1171 γῆς,
1485 1100 1875 1172 βασιλευόμενον
1901 1100 2136 1158 ἄνωθεν.»

571 1181 808 1256 Πρόσχες
835 1187 1016 1251 τοίνυν,
1064 1184 1142 1240 ὅτι
1185 1186 1340 1258 λέγων
1369 1187 1395 1242 ὃ
1434 1195 1630 1262 πατὴρ,
1674 1192 1734 1254 ἐξ
1781 1193 2142 1266 ἀμφοτέρων

569 1269 864 1330 εποίησεν
893 1273 921 1326 ὃ
947 1277 1100 1335 Θεὸς
1135 1277 1242 1330 τὸν
1271 1275 1616 1352 ἄνθρωπον,
1640 1280 2067 1354 προσέθηκεν.ὄτι
2085 1285 2142 1338 τὸ

569 1361 660 1427 μὶν
680 1366 828 1429 σῶμα
849 1362 898 1425 ἐξ
926 1362 1046 1424 ὕλης
1070 1363 1164 1423 ἤδη
1195 1370 1600 1440 προϋποστάσης
1630 1367 1803 1435 ἔλαϐε,
1822 1375 1910 1428 τήν
1947 1368 2001 1424 δὲ
2039 1371 2140 1442 ψυ-

571 1454 675 1520 χὴν
697 1449 804 1504 οὐδὲ
836 1455 1196 1528 προϋπάρχειν
1218 1451 1372 1518 εἶπεν,
1391 1455 1502 1511 ούδί
1525 1456 1580 1511 ἴκ
1607 1479 1731 1518 τινος
1763 1461 2140 1535 προϋπαρχούσ-

571 1561 666 1602 σης
700 1541 880 1604 ούσίας
903 1547 1220 1614 γεγενῆσθαι,
1246 1547 1350 1600 ἀλλ’
1379 1545 1456 1602 ὅτι
1483 1551 1608 1623 παρ’
1631 1551 1817 1604 ἑαυτοῦ
1847 1549 2012 1612 ὁΘεὸς
2033 1552 2136 1604 ἓνε-

565 1631 680 1688 Onus
701 1639 790 1691 τήν
812 1637 963 1698 ζωήν,
995 1631 1020 1688 ὃ
1045 1633 1106 1694 δή
1129 1635 1308 1707 ψυχήν
1330 1641 1506 1712 νοεράν
1536 1642 1624 1692 καί
1650 1639 1822 1694 sini-ad
1855 1645 1980 1694 Θεοῦ
2010 1636 2138 1694 οἶδεν

2252 482 2329 537 sic
2357 480 2498 534 enim
2527 481 2656 536 dicit
2684 498 2695 532 :
2725 497 2744 530 ι
2779 479 2913 535 Cum
2943 481 3082 534 hanc
3115 494 3228 534 rem
3250 479 3487 534 Verbum
3511 477 3738 532 artifex
3762 479 3840 530 de-

2255 580 2553 625 monstrare
2578 571 2756 635 vellet,
2795 571 2960 624 etiam
2987 569 3183 624 animal
3227 583 3395 623 unum
3445 583 3514 623 ex
3549 567 3840 634 utrisque,

2254 666 2442 712 natura
2473 658 2719 712 videlicet
2741 658 2935 713 visibili
2954 667 3116 727 atque
3138 657 3409 720 invisibili,
3442 655 3748 710 hominem
3770 652 3841 708 fa-

2254 745 2522 812 bricatur";
2541 754 2856 816 sumptoque
2868 759 3096 815 corpore
3113 761 3144 800 e
3164 745 3389 800 materia
3408 759 3534 813 quae
3563 753 3709 797 ante
3727 740 3842 796 sub-

2254 836 2495 900 sistebat,
2526 853 2586 892 ac
2612 852 2642 890 a
2669 837 2844 906 seipso
2868 836 3037 890 vitam
3064 837 3255 892 indens
3277 835 3446 906 (quod
3491 837 3706 905 utique
3733 836 3842 892 ani-

2247 935 2389 974 mam
2411 921 2796 989 intelligentem
2818 931 2874 976 ct
2895 922 3178 992 imaginem
3202 923 3300 979 Dei
3321 939 3442 980 esse
3470 935 3627 984 ratio
3651 931 3840 1000 novit),

2244 1010 2406 1063 veluti
2434 1011 2716 1078 quemdam
2743 1011 2970 1064 alterum
2998 1012 3277 1080 mundum,
3299 1013 3355 1068 in
3382 1029 3562 1084 parvo
3589 1033 3838 1086 magnum

2241 1098 2522 1152 constituit
2542 1099 2594 1152 in
2624 1105 2788 1163 terra,
2813 1099 2977 1154 alium
3005 1101 3271 1169 angelum,
3301 1105 3688 1171 promiscuum
3714 1107 3837 1160 silo-

2240 1194 2496 1252 ratorem,
2513 1189 2996 1257 contemplatorem
3017 1190 3238 1246 visibilis
3258 1200 3488 1259 natum,
3506 1196 3852 1250 studiosum»

2239 1289 2344 1342 que
2362 1275 2478 1344 ejus
2496 1291 2615 1344 quae
2635 1278 2747 1333 sola
2768 1286 2948 1332 mente
2967 1279 3442 1348 comprehenditur
3463 1301 3479 1336 :
3503 1297 3710 1338 eorum
3729 1300 3837 1352 qua

2240 1365 2294 1418 in
2323 1373 2464 1420 terra
2491 1375 2645 1432 sunt,
2673 1369 3052 1438 imperatorem
3089 1385 3324 1439 superno
3362 1371 3835 1443 obtemperantem

2240 1453 2486 1522 imperio.
2526 1473 2545 1507 ι
2601 1455 2778 1520 Quare
2815 1457 3199 1513 attendendum
3245 1468 3348 1527 est,
3397 1459 3632 1518 Patrem
3675 1465 3833 1532 hunc,

2237 1557 2358 1596 cum
2387 1543 2592 1598 diceret
2613 1545 2780 1599 Deum
2809 1561 2878 1600 ex
2905 1547 3148 1617 utrisque
3174 1548 3364 1605 iecisse
3393 1551 3714 1620 hominem,
3739 1555 3830 1610 ad-

2236 1633 2435 1688 didisse
2461 1648 2493 1688 e
2515 1635 2663 1703 prius
2681 1636 3004 1692 subsistente
3031 1641 3255 1722 materia
3275 1655 3477 1711 corpus
3503 1653 3788 1714 suptum
3812 1665 3828 1702 :

565 1718 594 1774 ὃ
619 1719 779 1792 λόγος.
804 1725 891 1776 Καὶ
920 1725 978 1778 τὸ
1001 1725 1156 1778 εἰπεῖν
1181 1723 1233 1779 δὲ
1251 1727 1334 1781 τὸν
1355 1729 1576 1802 πατέρα,
1602 1724 1678 1782 ὅτι
1705 1727 1910 1798 βασιλέα
1931 1729 2017 1783 ἰπὶ
2043 1737 2117 1789 τῆς

2235 1737 2344 1778 non
2371 1724 2566 1780 dixisse
2586 1741 2716 1781 vero
2743 1728 2888 1798 prius
2908 1729 3177 1786 exstitisse
3199 1718 3457 1798 animam,
3490 1749 3599 1806 nec
3627 1751 3698 1790 ex
3728 1735 3827 1790 nlla

565 1815 656 1879 γῆς
680 1813 889 1868 ἐποίησε
919 1815 1003 1868 τὸν
1029 1811 1286 1887 ἄνθρωπον
1315 1815 1340 1868 ὁ
1370 1817 1495 1876 Θεὸς
1522 1815 1909 1888 βασιλευόμενον
1928 1816 2131 1882 ἄνωθεν,

563 1899 760 1975 ἀναιρεῖ
783 1903 838 1954 τὸ
881 1903 1036 1965 λεγειν
1079 1907 1147 1963 ὡς
1177 1903 1260 1959 διὰ
1297 1906 1500 1960 κόλασιν
1529 1907 1858 1966 ἐνεϐλήθησαν
1885 1909 1938 1960 ai
1963 1907 2138 1978 ψυχαὶ

562 1997 670 2052 τοῖς
698 1994 926 2061 σὼμασι⁶
969 1996 1028 2050 τὸ
1061 1996 1158 2070 γάρ
1197 1995 1482 2066 βασιλεύειν
1511 1996 1593 2050 ἐπὶ
1629 2005 1716 2056 τῆς
1735 1994 1880 2068 ’γῆς,
1913 2000 1997 2050 καί
2035 2000 2136 2054 ὑπὸ

564 2083 690 2130 Θεοῦ
733 2079 881 2150 μόνον
931 2081 1308 2151 βασιλεύεσθαι,
1340 2085 1395 2138 ού
1436 2091 1704 2158 τιμωρίας,
1747 2087 1872 2142 άλλά
1914 2089 2136 2158 μεγάλης

557 2162 670 2218 ἐστὶ
696 2173 787 2228 τῆς
814 2175 906 2222 τοῦ
942 2177 1071 2226 Θεοῦ
1097 2171 1314 2248 δωρεᾶς.

2238 1821 2529 1876 substantia
2553 1815 2729 1878 natam
2757 1839 2876 1895 qua:
2903 1833 3028 1881 ante
3047 1827 3306 1882 existeret
3339 1839 3356 1878 :
3389 1827 3494 1882 sed
3539 1831 3718 1886 Deum
3739 1848 3828 1902 per

2241 1912 2474 1980 seipsum
2502 1913 2666 1967 vitam
2696 1915 2968 1982 indidisse,
3008 1916 3152 1984 quod
3193 1917 3427 1972 animam
3475 1934 3602 1976 esse
3634 1923 3826 1978 intellio

2241 2008 2476 2070 gentem,
2506 2010 2560 2056 et
2599 2002 2692 2056 Dei
2738 2002 3020 2071 imaginem
3046 2045 3062 2070 ,
3094 2006 3242 2060 novit
3267 2008 3425 2062 ratio.
3459 2010 3626 2075 Quod
3651 2021 3824 2066 autem

2240 2089 2371 2145 dicit
2395 2090 2554 2146 Pater
2575 2132 2590 2158 ,
2635 2091 2801 2148 Deum
2838 2093 3027 2149 fecisse
3054 2094 3326 2150 hominem
3354 2097 3753 2167 imperatorem
3773 2103 3824 2159 in

2241 2187 2383 2236 terra
2407 2221 2422 2246 ,
2465 2197 2696 2251 superno
2723 2183 3039 2238 obstrictum
3084 2184 3348 2254 imperio,
3391 2191 3597 2242 evertit
3641 2206 3822 2246 eorum

2238 2272 2588 2326 assertionem
2613 2273 2706 2342 qui
2733 2273 2800 2328 ad
2829 2289 3042 2344 poenam
3070 2276 3278 2331 animas
3311 2276 3590 2334 immissas
3633 2296 3822 2353 corpo-

558 2341 704 2400 ribus
731 2345 934 2402 dicunt.
981 2349 1114 2404 Nam
1161 2350 1214 2406 in
1261 2349 1405 2407 terra
1449 2368 1674 2422 regnare
1697 2395 1715 2422 ,
1741 2353 2012 2424 soliusque
2037 2345 2136 2412 Dei
2172 2361 2344 2416 teneri
2382 2341 2647 2432 imperio,
2677 2379 2786 2418 non
2828 2341 2880 2419 in
2926 2365 3173 2436 supplicii
3207 2365 3328 2422 loco
3368 2366 3684 2426 ducendum

555 2433 653 2489 sed
679 2434 730 2488 in
755 2451 948 2506 magno
975 2440 1236 2498 beneﬁcio
1255 2458 1320 2500 ac
1339 2460 1558 2502 munere
1583 2447 1698 2504 Dei.

630 2526 756 2596 Πρὸς
797 2521 994 2592 τούτοις
1038 2531 1091 2587 δὲ
1132 2537 1335 2589 κάκεῖνο
1383 2538 1537 2592 εἰπεῖν
1571 2540 1846 2610 ἀναγκαῖον
1877 2543 2133 2612 ἡγούμεθα

558 2615 686 2688 πρὸς
712 2618 832 2677 τούς
860 2625 951 2678 τήν
977 2621 1299 2699 προΰπαρξιν
1323 2625 1580 2698 λέγοντας,
1605 2625 1684 2684 ὅτι
1706 2628 1847 2702 εἴπερ
1876 2631 2050 2692 ἀληθὲς
2074 2631 2132 2692 ἦν

556 2704 614 2756 τὸ
642 2707 1003 2781 προϋπάρχειν
1027 2714 1121 2772 τὰς
1141 2712 1322 2784 ψυχάς
1354 2722 1452 2770 τῶν
1488 2719 1754 2789 σωμάτων,
1780 2719 2039 2791 ἐγίνωσκον
2070 2716 2130 2775 ἂν

554 2794 642 2847 και
675 2794 949 2866 ἄμμνηντο
991 2797 1020 2854 ὅ
1058 2822 1110 2856 τι
1151 2800 1407 2876 ἔπραττον
1454 2807 1537 2859 καί
1567 2807 1670 2880 πρὸ
1696 2813 1786 2863 τοῦ
1816 2809 2048 2864 εἰσελθεῖν
2078 2813 2126 2864 ἓν

552 2891 667 2942 τοῖς
695 2888 947 2956 σώμασιν,
975 2892 1150 2968 ὥσπερ
1175 2896 1254 2947 καὶ
1297 2897 1427 2964 μετὰ
1453 2901 1541 2954 τήν
1567 2897 1800 2958 τελευτὴν
1833 2899 2127 2956 ἐπίστανται

550 2973 636 3028 και
660 2978 964 3046 γινώσκουσι
987 2981 1052 3035 τά
1091 2985 1390 3054 πραχθέντα
1421 2987 1602 3046 αὐταῖς
1629 2989 1682 3042 ἔν
1722 2997 1832 3048 τοῖς
1867 2993 2120 3060 σῶμασιν.

548 3063 892 3139 ’Δποδείξομεν
922 3067 973 3124 δὲ
999 3072 1057 3124 τὸ
1074 3076 1330 3144 γινώσκειν
1355 3080 1445 3133 τήν
1469 3076 1650 3148 ψυχήν
1680 3081 1811 3148 μετά
1841 3086 1929 3139 τήν
1957 3083 2121 3137 ἐντεῦ-

546 3157 625 3209 θεν
653 3159 932 3216 ἁποϐίωσιν
967 3164 1033 3217 τὰ
1060 3164 1216 3236 ἑαυτῇ
1249 3170 1597 3244 πεπραγμένα,
1631 3172 1681 3235 ἐξ
1712 3172 1874 3226 αὐτῶν
1907 3181 2007 3228 τῶν
2028 3183 2117 3229 τοῦ
2145 3165 2189 3224 C

546 3245 834 3320 εὗαγγελίου
879 3253 1134 3326 ῥημάτων
1161 3254 1294 3325 λέγει
1335 3259 1438 3332 γάρ
1486 3255 1512 3310 ὅ
1561 3255 1810 3320 δεσπότης
1859 3263 1996 3332 ἡμῶν
2039 3267 2118 3319 καὶ

548 3344 722 3407 σωτήρ
760 3342 978 3413 Χριστὸς
1007 3342 1056 3394 ἐν
1087 3349 1158 3412 τῷ
1195 3347 1328 3398 κατά
1370 3357 1440 3399 Λο
1479 3352 1570 3400 κάν
1605 3349 1872 3422 εὐαγγελίῳ
1918 3354 1990 3412 είς
2029 3359 2117 3413 τὴν

544 3432 799 3499 περιοχὴν
832 3435 924 3484 τοῦ
951 3433 1187 3507 Λαζάρου
1214 3437 1297 3488 καί
1325 3442 1411 3490 τοῦ
1441 3437 1911 3504 πλουσίου,ταῦτα’
1969 3441 2115 3500 ("As-

542 3515 740 3586 θρωπὸς
777 3537 856 3578 τις
889 3517 948 3578 ἧν
975 3523 1238 3591 πλούσιος,
1265 3532 1348 3582 καὶ
1374 3527 1714 3586 ἕνεδιδύσκετο
1747 3537 2008 3610 πορφύραν
2031 3541 2114 3592 καί

546 3601 765 3695 βύσσον,
793 3607 1170 3682 εὖγραινὸμενος
1199 3616 1301 3668 καθ’
1329 3618 1518 3689 ἡμέραν
1541 3601 2033 3695 λαμπρῶςάῙ-τωχός
2059 3625 2114 3682 δέ

542 3713 620 3752 τις
661 3692 718 3754 ἦν
759 3698 964 3768 ὀνόματι
993 3705 1244 3776 Λάζαρος,
1278 3703 1331 3768 ὃς
1375 3709 1615 3768 ἂϐἐϐλητο
1660 3715 1731 3772 εἰς
1775 3715 1858 3768 τὸν
1906 3717 2112 3774 πυλῶνα

542 3785 692 3840 αὐτοῦ
728 3789 1024 3858 ἡλκωιιὲνος,
1070 3798 1156 3848 καὶ
1197 3797 1451 3866 ἐπιθυμῶν
1496 3805 1841 3872 χορτασθῆναι
1885 3807 1987 3860 ἀπὸ
2015 3817 2114 3864 τῶν

539 3873 734 3944 ψιχίων
762 3877 1168 3939 τῶνπιπτόντων
1198 3887 1298 3940 ἀπὸ
1325 3897 1416 3948 τῆς
1441 3893 1694 3962 τραπέζης
1715 3901 1806 3947 τοῦ
1833 3894 2078 3952 πλουσίου
2095 3913 2108 3927 ⁸

541 3965 663 4020 ἀλλὰ
694 3973 776 4022 καί
817 3973 864 4024 οἱ
905 3974 1046 4034 κύνες
1070 3976 1342 4048 άπέλειχον
1381 3979 1650 4054 ἐρχόμενοι
1674 3984 1738 4038 τά
1770 3984 1887 4042 ἕλκη
1928 3987 2105 4042 αὐτοῦ.

535 4057 755 4126 Ἐγένετο
778 4057 830 4114 δέ
860 4061 1122 4120 ἀποθανεῖν
1150 4067 1234 4120 τὸν
1256 4071 1470 4139 πτωχὸν
1487 4113 1500 4136 ,
1532 4075 1617 4125 καὶ
1643 4072 1982 4144 ἀπενεχθῆναι
2017 4079 2106 4130 αύ-

533 4146 619 4200 τὸν
645 4148 746 4214 ὑπὸ
787 4158 886 4205 τῶν
914 4156 1130 4228 ἀγγέλων
1167 4161 1238 4218 είς
1267 4159 1350 4214 τὸν
1388 4163 1570 4217 κόλπον
1593 4163 1842 4239 Ἀϐραάμ.
1874 4165 2104 4224 ’ἀπέθανε

532 4233 587 4289 δέ
614 4241 697 4291 καὶ
719 4239 744 4293 ὁ
773 4241 1029 4306 πλούσιος,
1057 4250 1144 4301 καὶ
1163 4249 1335 4320 ἑτάρη.
1359 4257 1459 4306 Καὶ
1477 4256 1526 4306 ἔν
1550 4263 1621 4325 τῷ
1653 4255 1748 4329 ᾅδῃ
1775 4257 1967 4331 ἐπάρας
1987 4262 2107 4321 τούς

533 4325 811 4397 ὀφθαλμούς
831 4333 990 4386 αύτοῦ
1011 4336 1268 4410 ὑπάρχων
1295 4341 1342 4392 ἐν
1361 4343 1626 4412 βασάνοις,
1651 4345 1745 4418 ὁρᾷ
1767 4351 1852 4402 τὸν
1874 4347 1922 4403 ’Δ
1932 4351 2105 4425 ϐραάμ

529 4415 631 4468 ἀπὸ
653 4421 917 4490 μακρόθεν,
951 4427 1034 4476 καί
1071 4428 1303 4500 Δάζ-αρον
1335 4431 1387 4482 ἓν
1424 4441 1531 4492 τοῖς
1559 4430 1760 4495 κόλποις
1799 4440 1986 4494 αύτοῦξ
2017 4446 2102 4502 καὶ

528 4506 681 4564 αύτός
707 4512 938 4576 φωνήσας
966 4508 1104 4565 εἶπε⁶
1127 4521 1363 4592 -Πάτερ
1391 4519 1638 4592 ’Δϐραάμ,
1673 4526 1871 4582 ἐλέησόν
1899 4549 1960 4597 με
2016 4535 2104 4584 καὶ
2133 4525 2178 4583 D

529 4595 726 4662 πέμ-,ιον
749 4599 996 4673 Λάζαρον,
1025 4603 1104 4658 ἵνα
1125 4605 1269 4680 βάψῃ
1297 4610 1355 4662 τὸ
1379 4606 1529 4686 ἄκρον
1553 4621 1644 4667 τοῦ
1671 4613 1912 4672 δακτύλου
1943 4623 2097 4676 αὐτοῦ

528 4681 730 4745 ὕδατος.
757 4691 842 4741 καὶ
869 4691 1132 4766 καταψύξῃ
1153 4702 1242 4754 τὴν
1269 4699 1503 4770 γλῶσσάν
1526 4723 1646 4772 μου,
1666 4703 1744 4760 ὅτι
1776 4705 2024 4782 ὀδυνῶμαι
2049 4713 2100 4766 ἐν

523 4779 587 4846 τῇ
613 4774 751 4846 φλογὶ
775 4779 1152 4854 return—Eia:
1183 4784 1235 4840 δέ
1265 4785 1587 4862 ’Δξραάμ⁶-·
1603 4797 1876 4863 Μνήσοητι,
1903 4774 2088 4869 τέκνον,

522 4861 602 4920 ὅτι
622 4867 870 4930 ἀπέλαϐες
899 4874 964 4926 σύ
994 4875 1056 4928 τά
1099 4879 1260 4948 άγαοά
1290 4901 1384 4934 σου
1408 4883 1456 4935 ἐν
1493 4891 1556 4956 τῇ
1601 4889 1703 4962 ζωῇ
1735 4909 1850 4949 σου,
1878 4895 1960 4944 καί
1987 4895 2083 4948 Λά-

522 4958 670 5031 ζαρος
691 4957 874 5030 ὁμοίως
903 4967 966 5017 τά
993 4967 1140 5019 κακά·
1163 4974 1250 5022 νῦν
1275 4968 1329 5024 δὲ
1355 4973 1506 5033 αὐτὸς
1527 4980 1920 5049 παρακαλεῖται,
1947 4987 2011 5036 σὺ
2036 4984 2089 5038 δὲ

519 5045 784 5104 ὀδυνᾶσαι.
803 5056 900 5106 Καὶ
918 5057 998 5107 ἐπὶ
1020 5062 1150 5112 πᾶσι
1178 5063 1378 5122 τούτοις
1407 5068 1598 5136 μεταξύ
1617 5071 1756 5137 ἡμῶν
1769 5093 1822 5125 τε
1845 5077 1926 5128 καὶ
1947 5075 2088 5147 ὑμῶν

513 5139 648 5208 μέγα
671 5141 865 5212 χάσμα
885 5144 1198 5222 ἐστήρικται,
1213 5149 1350 5214 ὅπως
1371 5157 1416 5208 οἱ
1433 5157 1654 5220 οόλοντες
1676 5160 1906 5224 διαϐῆναι
1927 5167 2090 5221 ἔντ’ιῦ-

513 5227 595 5282 Θεν
621 5233 752 5306 πρὸς
778 5235 935 5307 ὑμᾶς,
966 5243 1036 5310 μὴ
1068 5237 1336 5312 δύνωνται,
1365 5246 1491 5314 μηδὲ
1511 5249 1557 5302 oi
1596 5252 1779 5306 ἐκεῖθεν
1806 5255 1930 5328 πρὸς
1953 5259 2088 5326 ἡμᾶς

511 5317 1036 5399 διαπερῶσιν.-Εἷπε
1063 5332 1383 5412 δέ’-ἐρωτῶ
1407 5337 1492 5395 οὖν
1519 5363 1599 5406 σε,
1629 5347 1812 5421 πάτερ,
1839 5351 1923 5404 ’ἵνα
1953 5353 2084 5420 πέμ-

513 5409 614 5483 ψῃς
637 5415 786 5470 αὐτὸν
810 5419 880 5478 εἰς
905 5419 989 5474 τὸν
1010 5417 1135 5487 οἶκον
1164 5432 1256 5479 τοῦ
1280 5429 1474 5502 πατρὸς
1495 5451 1592 5498 μου
1619 5473 1636 5500 ,
1667 5433 1701 5486 ἔ
1695 5456 1778 5502 χω
1798 5439 1898 5512 γάρ
1937 5441 2082 5495 πέντε

511 5501 771 5569 ἀδελφούς,
803 5505 942 5568 ὅπως
971 5509 1376 5591 διαμαρτύρηται
1408 5520 1598 5588 αὐτοῖς,
1622 5523 1703 5577 ἵνα
1727 5529 1798 5592 μή
1827 5530 1912 5580 καί
1939 5531 2084 5583 αὐτοὶ

512 5591 790 5648 siciliam“
809 5600 884 5651 εἷς
899 5602 984 5655 τὶν
1005 5600 1157 5656 τόπον
1175 5611 1350 5660 τοῦτον
1379 5617 1470 5668 τῆς
1497 5610 1752 5680 βασάνου.
1768 5619 2082 5686 »Δτσχυνοή-

511 5697 682 5734 τωσαν
721 5682 806 5740 οὖν
847 5689 894 5742 οι
914 5693 1196 5765 Ὠριγᾶνους
1222 5697 1615 5770 ἀντιποιούμενοι
1652 5708 1733 5758 καὶ
1771 5709 1824 5760 εκ
1869 5716 1965 5762 τῶν
1997 5717 2080 5763 τοῦ

2307 2539 2385 2596 Ad
2411 2543 2524 2598 tunc
2552 2543 2678 2600 illud
2710 2547 2864 2602 nobis
2889 2548 3192 2604 necessario
3221 2549 3514 2606 dicendum
3545 2552 3818 2608 existina-

2236 2645 2355 2684 mus
2381 2631 2433 2684 in
2462 2645 2556 2686 eos
2593 2633 2684 2702 qui
2732 2636 3178 2704 praesistentiam
3217 2648 3462 2695 asserunt
3499 2657 3516 2694 :
3549 2639 3609 2696 Si
3637 2655 3816 2697 rerum

2233 2725 2398 2785 esset,
2420 2719 2566 2788 prius
2586 2733 2704 2775 esse
2727 2721 2931 2777 animas
2957 2736 3118 2792 quam
3144 2738 3392 2794 corpora,
3423 2739 3818 2796 cognoscerent

2232 2827 2298 2871 ac
2323 2817 2730 2873 recordarentur
2755 2835 2874 2888 quas
2903 2829 3028 2876 ante
3072 2823 3362 2890 gessissent
3401 2839 3574 2894 quam
3612 2827 3668 2881 in
3695 2843 3814 2884 cor-

2229 2919 2360 2974 pora
2387 2907 2660 2973 venirent;
2691 2909 3137 2978 quemadmodum
3165 2921 3289 2983 post
3309 2915 3521 2969 obitum
3549 2917 3730 2972 sciunt
3749 2932 3810 2973 ac

2228 3013 2426 3058 norunt
2469 3019 2588 3074 quae
2632 3007 2684 3060 in
2729 3009 3042 3078 corporibus
3081 3024 3260 3078 egere.
3307 3010 3810 3070 Demonstrabimos

2227 3111 2404 3177 autem
2434 3103 2664 3156 animam
2687 3112 2808 3172 post
2827 3103 3116 3161 discessum
3144 3123 3176 3161 e
3199 3115 3304 3160 rita
3335 3121 3673 3176 cognoscere
3692 3127 3804 3182 qua

2221 3191 2403 3260 gessit,
2431 3207 2499 3246 ex
2527 3192 2654 3261 ipsis
2679 3191 2956 3262 Evangelii
2984 3196 3191 3263 verbis;
3223 3196 3338 3253 haec
3363 3200 3516 3254 enim
3545 3201 3678 3256 dicit
3696 3203 3798 3258 Do-

2221 3281 2393 3336 minus
2419 3289 2600 3336 noster
2618 3291 2672 3337 et
2691 3282 2938 3338 Salvator
2957 3284 3198 3341 Christus
3219 3287 3272 3341 in
3293 3284 3597 3358 Evangelia
3617 3307 3798 3348 secun-

2217 3369 2342 3424 dum
2376 3371 2570 3425 Lucam
2601 3372 2652 3425 in
2683 3372 2934 3441 periocha
2964 3371 3148 3428 Lazari
3176 3385 3231 3429 et
3249 3375 3430 3431 divitis
3461 3378 3616 3449 (Luc.
3647 3383 3793 3450 x71):

2218 3457 2386 3512 Homo
2431 3460 2637 3531 quidam
2683 3470 2794 3514 erat
2841 3462 2978 3516 dives
3003 3502 3019 3528 ,
3051 3475 3100 3518 et
3128 3464 3436 3521 induebatur
3481 3485 3714 3540 purpura
3746 3478 3793 3524 et

2215 3547 2390 3619 bysso,
2424 3559 2474 3603 et
2498 3550 2799 3631 epulabatur
2833 3553 3060 3623 quotidie
3105 3554 3392 3624 splendide.
3447 3555 3519 3610 Et
3548 3568 3664 3612 erat
3688 3562 3790 3632 qui-

2213 3639 2332 3692 dam
2365 3624 2624 3694 mendicus
2651 3642 2858 3694 nomine
2883 3640 3132 3709 Lazarus,
3155 3639 3238 3714 qui
3259 3643 3474 3714 jacebat
3497 3646 3572 3698 ad
3585 3624 3788 3718 jamim

2211 3731 2324 3800 ejus
2347 3771 2362 3795 ,
2395 3730 2650 3784 ulceribus
2677 3733 2856 3800 plenus
2881 3775 2896 3801 ,
2939 3735 3148 3804 cupiens
3185 3737 3369 3788 satiari
3417 3738 3485 3790 de
3510 3740 3661 3793 micis
3686 3757 3790 3810 qua

2213 3819 2463 3874 cadebant
2491 3821 2554 3874 de
2579 3837 2756 3876 mensa
2786 3824 2956 3877 divitis
2987 3841 3004 3877 :
3035 3825 3126 3878 sed
3159 3837 3208 3879 et
3244 3843 3400 3881 canes
3429 3831 3716 3892 tenicbant,
3744 3843 3788 3884 ct

2211 3911 2470 3982 lingebant
2498 3913 2672 3966 ulcera
2702 3913 2832 3983 ejus.
2881 3912 3100 3968 Factum
3128 3924 3204 3968 est
3233 3925 3402 3970 autem
3429 3928 3488 3970 ut
3515 3928 3784 3972 moreretur

2210 4000 2472 4052 mendicus
2493 4041 2508 4066 ,
2534 3995 2586 4053 et
2613 4011 2906 4068 portaretur
2934 4000 2998 4053 ab
3028 4003 3226 4072 angelis
3254 4005 3306 4056 in
3345 4006 3517 4058 sinum
3549 4007 3781 4060 Abraluz.

2209 4087 2446 4143 Mortuus
2473 4100 2548 4143 est
2575 4101 2744 4145 autem
2775 4103 2823 4144 et
2853 4093 2988 4147 dives
3010 4135 3026 4160 ,
3054 4103 3104 4147 et
3131 4095 3360 4162 sepultus
3395 4107 3495 4150 est.
3535 4097 3608 4152 Et
3631 4101 3682 4152 in
3703 4103 3784 4152 in-

2209 4179 2356 4248 ferno
2381 4178 2582 4232 elevans
2612 4181 2784 4234 oculos
2811 4197 2931 4235 suos
2956 4198 3068 4236 cum
3095 4193 3225 4236 esset
3252 4185 3307 4238 in
3343 4191 3637 4254 tormentis,
3668 4190 3782 4242 cidit

2207 4265 2465 4320 Abraham
2488 4284 2520 4320 a
2541 4270 2711 4338 longe,
2736 4279 2784 4322 et
2807 4271 2918 4340 ipse
2939 4269 3194 4324 Lazarum
3215 4273 3267 4326 in
3290 4275 3404 4326 sinu
3429 4275 3544 4344 ejus
3567 4293 3588 4330 :
3611 4287 3658 4330 et
3681 4279 3779 4346 ipse

2203 4359 2433 4412 clamans
2458 4359 2590 4412 dixit
2611 4375 2628 4412 :
2652 4358 2812 4414 Pater
2837 4361 3116 4428 Abraham,
3145 4365 3386 4418 miserere
3411 4371 3537 4432 mei,
3569 4381 3620 4422 et
3646 4371 3779 4423 mitte

2207 4445 2484 4513 Lazarum,
2505 4459 2562 4502 ut
2589 4450 2812 4519 intingat
2839 4460 3124 4506 extremum
3151 4454 3299 4525 digiti
3319 4457 3401 4509 sui
3423 4459 3478 4510 in
3505 4475 3710 4526 aqum,
3732 4473 3775 4512 et

2201 4549 2466 4618 refrigeret
2491 4551 2717 4618 linguam
2745 4569 2929 4618 meum,
2959 4555 3080 4625 quia
3107 4559 3307 4610 crucior
3333 4559 3388 4611 in
3417 4559 3516 4612 hac
3543 4562 3774 4629 ﬂamma.

2203 4638 2271 4693 Et
2300 4640 2434 4694 dixit
2461 4643 2538 4696 illi
2574 4641 2838 4697 Abraham
2868 4661 2886 4698 :
2915 4645 3062 4712 Fili,
3093 4648 3366 4702 recordare
3394 4651 3518 4720 quia
3547 4655 3775 4722 recepisti

2201 4737 2254 4782 tu
2292 4728 2424 4784 bona
2465 4739 2553 4784 tua
2593 4733 2646 4784 in
2675 4733 2778 4786 vita
2816 4742 2905 4786 tua
2928 4777 2944 4800 ,
2983 4745 3032 4789 et
3067 4734 3296 4792 Lazarus
3325 4741 3568 4794 similiter
3605 4743 3771 4804 ntala;

2197 4833 2332 4870 nunc
2355 4827 2525 4872 autem
2546 4819 2626 4872 hic
2654 4822 2966 4882 consolatur,
2995 4835 3045 4876 tu
3075 4840 3190 4878 t'ero
3217 4827 3488 4880 cruciaris.
3524 4827 3593 4881 Et
3617 4831 3669 4882 in
3697 4831 3771 4882 Iris

2197 4905 2432 4960 omnibus
2461 4907 2592 4960 inter
2614 4924 2710 4961 nos
2733 4918 2780 4962 et
2809 4927 2894 4964 vos
2924 4894 3168 4982 magnum
3189 4914 3347 4967 chaos
3364 4917 3634 4985 ﬁrmatum
3657 4927 3730 4970 est
3749 4957 3764 4971 .

2195 5007 2251 5050 ut
2279 4998 2332 5050 lci
2361 4999 2444 5068 qui
2475 4999 2627 5052 velint
2658 5003 2874 5054 transire
2915 5003 2985 5054 ad
3031 5019 3118 5057 nos
3140 5044 3156 5068 ,
3206 5021 3307 5058 non
3335 5009 3574 5075 possint,
3615 5025 3770 5078 neque

2189 5087 2310 5140 inde
2337 5087 2430 5140 huc
2465 5098 2796 5143 transmeare.
2843 5089 2909 5143 Et
2937 5093 3010 5144 ait
3039 5109 3058 5145 :
3090 5091 3236 5164 Rogo
3263 5111 3384 5166 ergo
3415 5105 3482 5162 te,
3513 5107 3680 5164 pater,
3706 5107 3764 5150 ιιι

2191 5178 2366 5230 mittas
2389 5193 2501 5230 eum
2527 5178 2578 5230 in
2609 5177 2814 5232 domum
2841 5183 3005 5250 patris
3033 5183 3132 5235 mei
3147 5200 3165 5244 ;
3195 5183 3358 5238 habeo
3386 5186 3523 5239 enim
3549 5189 3766 5259 quinque

2189 5269 2378 5337 fratres
2407 5282 2424 5320 :
2451 5277 2506 5319 ut
2529 5275 2738 5321 testatur
2762 5269 2890 5338 illis,
2920 5287 2984 5324 ne
3010 5281 3060 5324 et
3089 5273 3188 5342 ipsi
3213 5277 3418 5328 veniant
3445 5277 3502 5329 in
3528 5279 3664 5332 Iaxnc
3686 5278 3764 5333 lo-

2191 5369 2306 5406 cum
2336 5363 2721 5409 tormentorum.
2754 5356 3108 5422 Quamobrem
3138 5361 3338 5429 pudeat
3365 5378 3460 5419 eos
3487 5366 3578 5434 qui
3605 5373 3760 5422 tuen~

2189 5448 2277 5496 tur
2302 5441 2581 5510 Origenem
2610 5445 2694 5498 vel
2719 5461 2784 5498 ex
2813 5449 2980 5501 sancti
3011 5447 3278 5516 Evangelii
3309 5452 3511 5506 verbis.
3537 5453 3598 5507 Si
3621 5469 3764 5508 entm

2189 5541 2314 5588 ante
2344 5534 2532 5588 anima:
2560 5546 2718 5604 quam
2757 5551 2982 5606 corpora
3011 5537 3250 5604 fuissent,
3280 5555 3674 5609 cognoscerent
3695 5559 3761 5599 ea

2187 5637 2306 5690 qua:
2335 5632 2457 5678 ante
2485 5638 2677 5694 corpus
2705 5623 2952 5680 fecissent
2975 5668 2990 5692 ,
3031 5631 3482 5697 quemadmodum
3512 5643 3634 5702 post
3663 5636 3760 5689 mi-

2187 5713 2482 5780 grationem
2519 5729 2552 5767 ο
2594 5713 2702 5768 vita
2748 5716 3159 5773 reminiscuntur
3198 5733 3262 5774 ea
3300 5734 3422 5792 qua:
3450 5723 3504 5777 in
3534 5737 3758 5795 wrpore
