3958 6288
125 315 225 380 961

1188 316 1419 375 LIBER
1459 317 1854 378 ADVERSUS
1894 318 2321 377 ORIGENEM.

3280 331 3385 394 962

117 420 265 490 ἁγίου
303 418 593 490 εὖειγιγελίου
631 419 884 491 ῥημάτων.
916 421 971 471 Εἰ
996 422 1094 492 γάρ
1124 426 1468 492 προϋπῆρχον
1505 417 1558 471 αί
1588 416 1685 487 ψυ·

1826 424 2066 471 esserunt
2093 433 2106 481 ;
2149 417 2252 472 hoc
2279 418 2419 471 enim
2442 433 2472 473 ο
2500 422 2678 477 verbis
2722 424 2892 478 sancti
2919 422 3193 493 Evangelii
3221 426 3361 493 didi:-

120 511 220 578 χαί
241 516 342 563 τῶν
367 512 639 575 σωμάτων,
668 511 934 581 ἐγίνωσκον
965 503 1024 561 ἂν
1055 511 1135 563 καί
1162 510 1226 561 τὰ
1251 509 1353 580 πρό
1382 513 1472 563 τοῦ
1508 509 1689 578 σῶμα-

117 617 204 658 τος
229 600 403 660 αὐταῖς
427 600 738 671 πραχθέντα,
767 601 992 672 καθάπερ
1014 603 1097 654 καί
1130 603 1261 670 μετὰ
1292 607 1383 658 τὸν
1411 600 1692 654 ἀποϐίωσιν

1795 506 1981 562 cimus.

119 692 399 759 μέμνηνται
449 697 545 742 τῶν
571 688 653 743 διὰ
690 693 783 743 τοῦ
825 691 1064 758 σώματος
1107 691 1285 750 αὐταῖς
1337 691 1723 759 πεπραγμίνων.
1761 691 1920 741 Τοῦτο
1967 687 2064 761 γάρ
2111 688 2163 741 ἐκ
2195 695 2295 743 τῶν
2337 689 2531 762 ῥήσεων
2572 696 2661 747 τοῦ
2703 690 2848 763 inice
2872 695 3158 768 εὐαγγελίου
3198 695 3364 754 ἐδιδά-

170 782 340 836 Θημεν.

170 798 227 836 οη
272 798 340 831 εν.

121 798 165 848 χ
191 800 303 923 ’ἔτι
335 864 388 920 δέ
425 872 537 927 ταῖς
581 867 927 926 θεοπνεύστοις
965 874 1180 940 γραφαῖς
1224 866 1606 927 ἀκολουθοῦντες
1646 868 1693 920 οί

122 956 257 1030 ἅγιοι
284 959 501 1032 πατέρες
525 959 592 1012 τά
609 964 825 1012 τοιαῦτα
852 960 1142 1031 κατέκριναν
1169 957 1420 1030 δόγματα,
1446 963 1541 1014 σὺν
1562 966 1693 1034 Ὠρι-

124 1050 255 1120 γένει
278 1056 351 1118 τῷ
377 1055 541 1104 ταῦτα
566 1050 965 1121 μυθολογήσαντι
985 1090 997 1108 .
1026 1052 1076 1115 ἐξ
1113 1052 1274 1105 αὐτῶν
1299 1059 1398 1105 τῶν
1427 1054 1694 1125 εἰρημένων

128 1148 235 1201 τοῖς
259 1139 419 1211 όιγίοις
442 1141 668 1215 πατράσι
691 1143 773 1194 καί
798 1138 895 1199 ἤδη
922 1142 1009 1213 μὲν
1031 1148 1203 1212 σαφῶς
1232 1139 1582 1213 ἀπεδείξαμεν,
1615 1142 1697 1193 οῦ-

125 1229 205 1284 δὲν
233 1229 286 1285 δὲ
324 1228 470 1290 ἧττον
510 1234 588 1285 καί
617 1228 700 1285 διὰ
739 1239 836 1285 τῶν
876 1233 1044 1301 ἐφεξῆς
1070 1240 1362 1307 μαρτυριῶν
1404 1239 1511 1309 τῶν.
1547 1231 1701 1300 ἁγίων

123 1321 356 1393 πατέρων
382 1319 726 1391 ἀποδείξομεν,
763 1324 848 1375 καί
877 1328 1074 1398 πρῶτον
1107 1324 1192 1376 τόν
1220 1321 1360 1392 ἅγιον
1384 1323 1567 1395 Πέτρον
1590 1322 1700 1374 ἐπί-

122 1430 313 1464 σκοπον
336 1407 701 1483 ’Δλεξανδρείας
726 1410 987 1482 γενόμενον
1025 1412 1106 1464 καί
1131 1412 1372 1485 μάρτυρα
1404 1408 1699 1483 παραθησό-

123 1500 271 1568 μεθα,
294 1505 402 1556 τοῖς
431 1495 680 1558 τοιούτοις
709 1499 847 1565 ἡμῶν
875 1504 1235 1571 μαρτυροῦντα
1260 1498 1444 1569 λόγοις.

199 1592 303 1641 Τοῦ
336 1585 483 1659 ἁγίου
520 1587 704 1657 Πέτρου
735 1588 1019 1641 ἐπισκόπου
1043 1591 1127 1642 καί
1150 1589 1408 1662 μάρτυρος
1432 1595 1522 1647 τῆς
1548 1606 1633 1657 με)
1644 1608 1703 1640 α-

1867 865 2020 933 Quod
2048 875 2224 924 autem
2252 878 2307 924 et
2333 871 2500 926 sancti
2540 869 2745 939 Patres,
2774 884 3055 943 sequentes
3084 878 3370 949 inspiratas

1798 954 2050 1010 divinitus
2073 954 2392 1026 Scripturas,
2421 960 2580 1015 talem
2601 961 2896 1038 doctrinam
2923 967 3364 1034 condemnarunt,

1799 1060 1904 1099 una
1916 1061 2035 1100 cum
2059 1044 2305 1114 Origene,
2322 1049 2412 1116 qui
2429 1049 2543 1105 haec
2563 1061 2893 1108 commentus
2913 1067 3011 1120 est,
3023 1056 3132 1125 jam
3153 1061 3367 1128 quidem

1800 1148 1870 1188 ex
1898 1134 1963 1188 iis
1989 1150 2108 1203 qua:
2149 1136 2223 1190 illi
2275 1137 2552 1206 dixerunt,
2586 1151 2770 1211 aperte
2798 1148 3166 1202 ostendimus:
3194 1150 3361 1205 nihilo

1805 1228 1981 1276 tamen
2003 1223 2178 1278 secius
2206 1231 2260 1278 et
2288 1239 2354 1278 ex
2385 1226 2781 1296 insequentibus
2810 1229 3025 1287 Patrum
3055 1236 3370 1293 testimoniis
3406 1310 3409 1313 _

1801 1325 1983 1365 sumus
2006 1311 2440 1370 demonstraturi.
2490 1317 2569 1371 Ac
2612 1319 2838 1387 primum
2865 1333 3104 1379 sanctum
3133 1328 3368 1393 Petrum,
3406 1311 3419 1337 ’⁵

1801 1400 1891 1470 qui
1911 1400 2188 1471 episcopus
2208 1403 2539 1460 Alexandria:
2561 1418 2614 1462 et
2633 1418 2833 1481 martyr
2853 1412 2971 1478 fuit,
2993 1430 3370 1486 proponemus,

1805 1492 2167 1546 testimonium
2197 1497 2392 1551 nostris
2413 1497 2493 1554 his
2513 1504 2848 1560 sermonibus
2875 1509 3266 1576 perhibentem.

1877 1582 1934 1637 S.
1961 1582 2101 1638 Petri
2124 1587 2360 1657 episcopi
2383 1590 2715 1649 Alexandria:
2736 1605 2791 1651 et
2816 1602 3084 1672 martyris,
3108 1618 3175 1658 ex
3203 1606 3372 1675 primo

123 1674 377 1736 λοπόλεως
397 1673 781 1748 Ἀλεξανδρείας,
814 1678 866 1730 ἐκ
905 1684 996 1731 τοῦ
1023 1681 1226 1752 πρώτου
1255 1679 1427 1749 λόγου,
1456 1681 1571 1755 περὶ
1613 1684 1702 1731 τοῦ

1822 1687 2072 1740 sermone,
2104 1676 2246 1744 quod
2276 1692 2377 1734 nec
2403 1684 2719 1749 prmexstitit
2739 1688 2934 1757 anima,
2959 1707 3078 1757 nec,
3106 1673 3227 1749 cum
3255 1712 3374 1765 pec~

127 1762 255 1835 μηδί
296 1767 662 1839 προϋπάρχειν
699 1772 788 1825 τὴν
815 1765 994 1837 ψυχήν
1039 1766 1166 1837 μηδὲ
1204 1768 1595 1840 ἁμαρτήσασαν,
1621 1765 1703 1843 διέι

125 1864 284 1916 τοῦτο
312 1864 383 1919 είς
408 1868 558 1930 σῶμα
583 1861 844 1929 βληθῆναιο
879 1879 897 1912 ε
921 1863 1187 1932 Ἥγούμεθα
1211 1864 1277 1917 τά
1303 1864 1421 1934 περί
1440 1868 1530 1916 τοῦ
1561 1863 1705 1937 πρώ-

125 1967 220 2002 του
265 1949 321 2001 ἐκ
346 1955 437 2007 τῆς
462 1955 555 2018 7‘5:
586 1954 765 2017 χοϊκοῦ
836 1950 1153 2020 γεγενημένου
1184 1950 1447 2023 ἀνθρώπου
1491 1949 1707 2022 παραθὲ-

125 2039 271 2099 σθαι,
303 2037 428 2111 πρὸς
448 2036 504 2091 τὸ
529 2035 689 2101 δεῖξαι
712 2038 795 2092 ἕνα
831 2038 917 2091 καὶ
938 2039 1021 2093 τόν
1047 2038 1196 2093 αὐτόν
1217 2039 1266 2091 ἐν
1292 2045 1364 2107 τῷ
1387 2039 1524 2107 αὐτῷ
1550 2045 1708 2112 καιρῷ

127 2126 415 2197 γενόμενον,
447 2120 536 2179 κᾶν
557 2132 773 2200 μερικῶς
816 2146 938 2181 ποτε
983 2125 1007 2180 ό
1036 2125 1138 2181 ἴσω
1169 2130 1252 2183 καί
1280 2125 1378 2190 ἔξω
1402 2127 1602 2200 λέγηται
1627 2126 1710 2182 ἆν-

128 2216 351 2289 θρωπος.
374 2217 431 2269 Ei
454 2216 552 2287 γὰρ
579 2218 663 2268 καὶ
691 2217 822 2269 κατά
856 2217 945 2269 τόν
970 2219 1228 2287 σωτήριον
1248 2217 1411 2287 λόγον,
1442 2215 1467 2270 ό
1493 2220 1711 2277 ποιήσας

130 2307 198 2361 τά
225 2303 434 2370 ἔσωθεν,
465 2307 550 2360 καί
576 2306 642 2359 τά
663 2303 844 2369 ἔξωθεν
870 2306 1124 2368 ἕποίησεν,
1158 2305 1261 2360 ἀλλ’
1295 2301 1385 2360 οὖν
1407 2327 1463 2378 γε
1490 2307 1708 2378 ἐφάπαξ,

134 2399 222 2451 καί
247 2398 297 2450 ἕν
335 2395 403 2451 ίνί
429 2404 610 2469 καιρῷ,
654 2398 893 2451 τουτίστι
918 2404 981 2471 τῇ
1020 2399 1151 2472 αὐτῇ
1177 2399 1359 2471 ἡμέρᾳ,
1394 2397 1478 2453 ὅτε
1516 2394 1657 2452 εἶπεν
1685 2397 1711 2452 ό

134 2486 646 2556 Quin—northern"
660 2482 918 2561 ἄνθρωπον
934 2487 1048 2541 κατ’
1060 2486 1221 2541 εἰκόνα
1240 2490 1323 2541 καί
1341 2486 1576 2557 ὁμοίωσιν
1591 2489 1711 2556 ἠμε-

135 2577 306 2651 τέραν.
330 2604 400 2616 -
428 2585 512 2636 Ὠς
532 2578 586 2630 ἐκ
607 2578 789 2631 τούτου
816 2575 1021 2634 εὔδηλον
1048 2572 1192 2642 εἶναι,
1222 2574 1300 2632 ὅτι
1330 2578 1414 2630 οὐκ
1438 2578 1541 2631 άπὸ
1563 2573 1714 2632 συνό-

134 2663 254 2729 δου,
270 2668 337 2725 ὥς
359 2665 598 2741 προόντος
623 2663 755 2726 τινός
778 2667 972 2742 ἕτερου,
988 2671 1076 2722 καί
1104 2668 1184 2739 ἀφ’
1215 2669 1386 2742 ἑτάρου
1410 2670 1571 2724 τόπου
1591 2688 1717 2722 συνο

128 2754 457 2823 εληλυθότος,
508 2757 813 2827 γεγέννηται.
843 2759 898 2809 Εἰ
921 2758 1018 2832 γὰρ
1047 2756 1259 2818 σύνοδος
1279 2755 1359 2824 ἦν,
1390 2760 1521 2819 τίνος
1556 2759 1715 2813 ἕνεκεν

138 2846 226 2899 καί
252 2847 310 2899 τὸ
336 2847 667 2916 πεποιημένον
693 2847 974 2920 ἀνεγράφης
1008 2865 1027 2897 ε
1061 2851 1150 2902 Καὶ
1172 2848 1279 2917 μεθ’
1301 2849 1471 2920 ἔτερα’
1501 2866 1521 2900 ε
1553 2845 1714 2904 Ὠστε

140 2935 232 2989 οῦκ
250 2934 513 3005 ἐνδέχεται
528 2940 626 3009 πρὸ
645 2937 895 3005 σωμάτων
922 2939 1114 3012 οὐρανῷ
1129 2938 1426 3013 ἁμαρτάνων
1442 2935 1532 3007 [17.
1552 2937 1718 3015 ἆμαρ-

138 3023 327 3093 τάνεινΙ
356 3026 558 3093 ψυχάς,
587 3025 709 3097 μηδί
741 3024 858 3087 (De);
892 3029 993 3103 πρό
1021 3035 1269 3101 σωμάτων
1297 3028 1620 3090 ὑποπάσας.
1652 3031 1719 3085 Τὸ

140 3118 242 3190 γᾶρ
265 3116 469 3187 μάθημα
493 3122 641 3170 τοῦτο
668 3124 757 3178 τῆς
787 3117 1060 3177 Ἑλληνικῆς
1088 3120 1201 3172 ἔστι
1242 3119 1553 3191 φιλοσοφίας,
1578 3120 1717 3182 ξένης

144 3209 230 3262 καί
258 3208 520 3283 ἀλλοτρίας
551 3205 708 3270 οῦσης
736 3216 835 3263 τῶν
883 3206 937 3262 ἓν
983 3216 1185 3282 Χριστῷ
1211 3210 1437 3269 εὐσεϐῶς
1477 3210 1715 3265 θελόντων

140 3300 252 3372 ζῇν.
291 3314 310 3347 ι

214 3390 314 3437 Τοῦ
352 3386 509 3439 αὐτοῦ
549 3387 602 3438 ἐκ
635 3393 727 3445 τῆς
749 3391 1135 3458 μυσταγωγίας.
1177 3386 1235 3448 ἧς
1267 3387 1545 3446 ἐποιήσατο
1591 3388 1720 3459 πρὸς

140 3475 233 3531 τὴν
259 3474 536 3536 ίκκλησίαν,
567 3475 754 3544 μέλλων
790 3477 875 3531 τόν
901 3484 991 3532 τοῦ
1021 3481 1305 3553 μαρτυρίου
1330 3481 1574 3551 στέφανον
1601 3482 1719 3533 δινα-

148 3558 422 3632 δᾶχεσθαιο
440 3564 559 3615 «Διά
585 3569 737 3617 τοῦτο
765 3567 1060 3639 παρακαλῶ,
1086 3576 1400 3643 γρηγορεῖτε,
1432 3566 1510 3622 ὅτι
1528 3572 1599 3628 εἰς
1625 3570 1722 3622 θλί-

141 3652 232 3722 ψιν
276 3653 424 3706 πάλιν
464 3653 665 3723 μέλλετε
714 3656 975 3712 εἰσελθεῖν.
1004 3656 1181 3713 οἴδατε
1229 3663 1425 3718 πόσους
1462 3657 1721 3721 κινδύνους

143 3742 408 3814 ὑπέμεινεν
448 3741 476 3796 ό
522 3742 811 3816 amoma;
849 3765 912 3812 με
953 3750 1127 3820 πατήρ
1173 3769 1270 3817 μου
1318 3752 1399 3801 καί
1449 3749 1722 3808 ἐπίσκοπος

142 3835 329 3890 ama;
362 3820 471 3884 ἀπό
487 3836 791 3900 μαινομένων
815 3834 887 3892 είς
911 3835 977 3887 τά
1004 3831 1183 3887 εἴδωλα
1199 3848 1213 3863 ⁸
1250 3830 1310 3887 οὗ
1337 3837 1424 3888 καὶ
1450 3834 1535 3887 τὸν
1558 3835 1722 3905 θρόνον

144 3917 455 3991 διεδεξάμην.
485 3918 585 3974 εἴθε
622 3918 676 3974 δὲ
711 3923 792 3974 καί
831 3924 913 3976 τὸν
937 3924 1145 3997 τρόπον’
1172 3926 1241 3982 ὡς
1284 3922 1337 3978 δέ
1378 3927 1463 3978 καὶ
1500 3923 1527 3977 ὃ
1565 3926 1721 3996 μέγας

146 4013 403 4072 Διονύσιος
446 4015 919 4086 κατακρυπτόμενος
957 4017 1059 4069 ἀπὸ
1087 4015 1252 4070 τόπων
1279 4017 1350 4075 είς
1386 4015 1596 4078 τόπους,
1643 4019 1723 4070 καὶ

147 4099 278 4172 πρὸς
300 4097 463 4169 τούτῳ
509 4103 592 4153 καί
631 4102 894 4156 Σαϐελλίου
937 4103 1207 4164 θλίϐοντος.
1235 4106 1295 4157 Τί
1329 4104 1383 4159 δὲ
1422 4103 1546 4159 εἴπω
1573 4103 1723 4177 ’Πρα-

147 4189 271 4243 κλᾶν
307 4194 391 4243 καί
416 4195 715 4264 Δημήτριον,
741 4195 860 4253 τοὺς
898 4194 1174 4269 μακαρίους
1220 4193 1551 4262 ἓπεσκόπους,
1583 4197 1721 4257 οἵους

1811 1770 2004 1829 casset,
2019 1773 2303 1833 propterea
2325 1768 2376 1822 in
2398 1785 2592 1840 corpus
2613 1775 2774 1830 missa
2786 1785 2898 1833 est:
2920 1798 2940 1831 ι
2963 1780 3218 1838 Duxinius
3232 1801 3375 1854 quae-

1812 1849 1934 1903 dam
1964 1850 2032 1906 de
2061 1853 2233 1921 primo
2261 1870 2292 1910 e
2321 1865 2463 1912 terra
2509 1867 2723 1918 terreno
2754 1865 2968 1922 homine
3010 1849 3384 1941 proponenda.

1813 1947 1871 1993 ut
1891 1939 2287 1999 demonstretur
2305 1962 2469 2002 unum
2496 1958 2551 2003 et
2574 1953 2820 2009 eumdem
2847 1958 3035 2015 eodem
3058 1939 3124 2014 in
3140 1939 3385 2034 tempore

1811 2043 1930 2085 esse
1957 2031 2152 2087 factum
2182 2051 2195 2087 :
2220 2039 2460 2105 quamvis
2481 2042 2874 2109 particulariter
2894 2031 3271 2120 nonnunquam
3300 2054 3375 2109 in-

1812 2119 1981 2172 terior
2008 2129 2063 2174 et
2087 2124 2325 2179 exterior
2345 2125 2507 2183 homo
2536 2128 2758 2187 dicatur.
2787 2133 2917 2189 Nam
2946 2140 3065 2203 etsi,
3092 2119 3377 2198 secundum

1814 2207 2101 2263 salutarem
2130 2226 2430 2269 sermonem
2455 2256 2470 2282 ,
2511 2219 2602 2288 qui
2629 2220 2883 2279 interiora
2910 2224 3035 2282 fecit
3056 2270 3072 2295 ,
3115 2233 3377 2287 exteriora

1816 2310 2031 2366 quoque
2058 2299 2223 2354 fecit:
2252 2310 2430 2359 tamen
2453 2309 2616 2363 semel
2647 2318 2700 2365 et
2725 2313 2913 2368 eodem
2940 2324 3196 2386 tempore,
3226 2319 3278 2374 id
3301 2328 3378 2377 est

1814 2386 2002 2449 eadem
2029 2397 2116 2452 die
2137 2438 2153 2464 ,
2197 2415 2317 2455 cum
2344 2402 2478 2458 dixit
2505 2406 2646 2462 Deus
2678 2428 2691 2461 :
2717 2409 2996 2468 Faciamus
3034 2416 3290 2474 hominem
3315 2423 3393 2477 ad

1814 2485 2092 2557 imaginem
2131 2501 2180 2545 et
2207 2492 2593 2551 similitudinem
2618 2510 2881 2568 nostram;
2931 2520 3000 2560 ex
3037 2522 3144 2576 quo
3182 2512 3375 2581 perspi-

1814 2589 1973 2630 cuum
1994 2585 2094 2644 est,
2118 2594 2225 2635 non
2246 2584 2313 2635 ex
2335 2598 2644 2653 congressu,
2666 2592 2818 2658 quasi
2841 2594 3039 2662 aliquid
3061 2597 3203 2652 aliud
3229 2607 3376 2655 ante-

1819 2676 2059 2742 cesserit,
2083 2684 2139 2732 et
2159 2694 2226 2734 ex
2247 2681 2353 2736 alio
2373 2681 2494 2738 loco
2515 2690 2849 2759 confenerit,
2866 2691 3061 2748 factum
3082 2709 3219 2750 esse.
3252 2695 3385 2750 Nam

1819 2765 1864 2821 si
1895 2781 2213 2858 congressus
2240 2771 2359 2839 fuit,
2382 2777 2733 2841 quamobrem
2771 2781 3095 2854 descriptum
3133 2795 3216 2843 est
3243 2791 3380 2858 quod

1812 2854 1924 2923 jam
1951 2853 2149 2913 factum
2177 2860 2383 2917 fuerat?
2401 2864 2496 2922 »Ει
2521 2874 2639 2932 post
2652 2867 2753 2922 alia
2773 2888 2785 2923 :
2803 2889 2831 2929 ε,
2842 2853 3027 2941 Itaque
3053 2890 3163 2932 non
3190 2853 3377 2949 recipi-

1819 2951 1925 3009 tur,
1957 2956 2082 3002 ante
2107 2962 2333 3018 corpora
2359 2951 2412 3004 in
2435 2953 2572 3007 coelo
2592 2969 2813 3023 peccare
2837 2961 3063 3027 animas,
3088 2977 3206 3032 qua:
3230 2981 3378 3035 pror-

1819 3046 1911 3091 sus
1934 3048 2002 3088 ne
2042 3045 2166 3090 ante
2193 3052 2421 3108 corpora
2449 3041 2663 3110 quidem
2692 3045 3072 3115 substiterunt;
3105 3053 3215 3107 haec
3242 3054 3397 3109 enim

1819 3122 2059 3178 doctrina
2081 3140 2109 3178 a
2133 3140 2460 3195 paganorum
2488 3131 2821 3203 philosophia
2845 3146 2945 3201 est,
2971 3155 3087 3208 qua:
3110 3147 3393 3211 peregrina

1820 3220 1941 3278 est,
1990 3223 2046 3269 et
2094 3216 2161 3270 ab
2206 3217 2271 3270 iis
2317 3218 2527 3287 aliena,
2579 3222 2669 3292 qui
2713 3224 2800 3292 pie
2848 3227 2905 3299 in
2947 3226 3160 3284 Christo
3201 3232 3382 3287 volunt

1818 3303 2021 3358 vivere.
2063 3326 2083 3359 ι
3321 3379 3339 3399 ⁸

1895 3389 2141 3459 Ejusdem
2167 3409 2234 3449 ex
2272 3400 2601 3468 mystagogia
2639 3416 2796 3470 quam
2827 3403 2952 3459 fecit
2979 3405 3047 3460 ad
3075 3389 3391 3472 Ecclesiam,

1823 3496 1945 3535 cum
1975 3485 2215 3554 martyrii
2245 3502 2496 3543 coronam
2527 3501 2870 3561 suscepturus
2898 3506 3040 3551 esset
3072 3515 3084 3550 :
3122 3517 3140 3549 ι
3171 3498 3385 3570 Propte-

1824 3585 1916 3625 rea
1946 3572 2190 3638 obsecro,
2220 3576 2456 3644 vigilate.
2488 3579 2845 3637 Afﬂictionem
2873 3585 3014 3639 enim
3045 3604 3253 3644 rursum
3279 3593 3385 3646 adi-

1825 3660 1934 3712 turi
1959 3660 2105 3714 estis.
2138 3662 2298 3716 Scitis
2324 3674 2452 3735 quot
2507 3667 2733 3723 subierit
2761 3673 2992 3738 pericula
3032 3676 3120 3742 qui
3150 3692 3235 3732 me
3261 3695 3384 3734 enu-

1822 3749 1972 3804 trivit
1995 3758 2150 3819 pater
2172 3767 2323 3808 meus
2349 3762 2404 3808 et
2430 3756 2712 3827 episcopus
2741 3760 3004 3827 Theonas,
3035 3764 3103 3819 ab
3129 3767 3194 3820 iis
3220 3770 3311 3835 qui
3338 3770 3393 3823 in

1823 3840 1964 3896 idola
1987 3840 2279 3899 insanirent
2302 3865 2317 3897 :
2341 3846 2393 3900 in
2417 3847 2566 3915 cujus
2587 3863 2686 3917 ego
2708 3851 2886 3906 sedem
2917 3856 3163 3920 successi,
3192 3859 3393 3913 utinam
3458 3852 3471 3875 ‘

1824 3927 1985 3981 etiam
2014 3928 2067 3982 in
2096 3930 2304 3985 mores!
2351 3933 2499 3986 scitis
2528 3942 2586 3988 ut
2613 3951 2831 4004 magnus
2861 3953 2919 3993 se
2946 3944 3169 4008 gesserit
3197 3944 3389 4017 Dionyo

1821 4016 1957 4084 sius,
1990 4018 2079 4086 qui
2107 4033 2167 4079 se
2195 4034 2226 4073 e
2254 4019 2387 4075 locis
2411 4021 2469 4079 in
2494 4023 2612 4079 loca
2640 4026 2884 4093 abdebat,
2910 4045 3026 4084 cum
3054 4032 3268 4102 insuper
3294 4016 3388 4089 Sa-

1824 4104 2014 4160 bellius
2061 4105 2336 4176 amigeret.
2390 4109 2526 4176 Quid
2576 4128 2737 4182 porro
2784 4116 2957 4171 dicam
3003 4117 3283 4176 Heraclam
3332 4134 3390 4179 et

1827 4195 2152 4250 Demetrium
2207 4199 2395 4255 beatos
2448 4203 2773 4272 episcopos?
2831 4206 3015 4275 quales
3071 4211 3391 4268 tentationes

147 4284 464 4357 πειρασμούς
492 4283 782 4341 ὑπέστησαν
810 4285 909 4338 ὑπὸ
936 4288 1023 4339 τοῦ
1052 4287 1289 4356 μανέντος
1312 4288 1612 4361 Ὠριγίνους,
1636 4291 1712 4341 καὶ

1822 4287 2187 4343 sustinuerunt
2212 4290 2279 4344 ab
2308 4290 2495 4347 insano
2522 4290 2770 4364 Origene,
2799 4312 2920 4350 cum
2951 4297 3065 4367 ipse
3091 4299 3307 4355 dissidia
3337 4302 3395 4357 in

147 4372 308 4425 αὐτοῦ
332 4375 604 4443 σχίσματα
631 4374 898 4446 βάλλοντος
930 4378 977 4430 iv
1010 4384 1072 4451 τῇ
1101 4376 1360 4452 ἐκκλησίᾳ,
1394 4379 1463 4431 τὰ
1500 4377 1596 4437 ἕως
1630 4380 1721 4435 σή-

147 4481 303 4536 μερον
328 4465 572 4536 ταραχάς
740 4469 1031 4541 ἐγείραντας
1054 4486 1072 4517 ι
1090 4476 1196 4529 Πῶς
1216 4471 1379 4524 τοίνυν
1405 4467 1618 4524 δύναταί
1642 4490 1721 4529 τις

148 4558 250 4607 τῶν
285 4546 340 4605 εὖ
362 4555 665 4626 φρονούντων
689 4558 1031 4612 ἐναντιοῦσθαι
1057 4565 1164 4618 τοῖς
1187 4562 1314 4613 κατὰ
1339 4561 1621 4634 Ὠριγίνους
1645 4562 1719 4613 εί-

148 4644 381 4714 ρημὲνοες
422 4647 566 4716 παρὰ
592 4653 683 4702 τοῦ
714 4647 855 4721 ἁγίου
883 4650 1143 4721 μάρτυρος
1169 4653 1255 4703 καί
1281 4651 1558 4704 ἐπισκόπου
1588 4648 1716 4705 Ἀλε-

148 4727 406 4802 ξανόρείας
430 4734 651 4807 Πέτρου;
684 4733 742 4794 ὅς
778 4757 856 4796 τις
884 4737 970 4791 τόν
998 4738 1143 4790 καλὸν
1169 4737 1300 4811 ύπίρ
1336 4744 1555 4810 Χριστοῦ
1595 4740 1715 4793 ἀνα-

150 4813 417 4888 δεξάμενος
457 4822 658 4890 ἀγῶνα,
691 4823 748 4875 οὐ
793 4823 938 4893 μόνον
981 4825 1295 4898 ἀπεκήρυξεν
1345 4828 1596 4899 Ὠριγίνην
1636 4830 1722 4881 καί

148 4904 216 4960 τά
241 4908 453 4984 μυσαρά
485 4910 647 4963 αὐτοῦ
689 4909 938 4986 δόγματα,
982 4912 1101 4966 ἀλλὰ
1141 4918 1226 4968 καί
1265 4924 1523 4989 μαρτυρεῖ
1567 4919 1635 4975 ὡς
1675 4916 1721 4969 oi

149 4996 254 5066 πρὸ
282 4997 439 5050 αὐτοῦ
472 4998 608 5066 ἅγιοι
632 5002 847 5074 πατέρες
871 5002 1086 5063 πολλοὺς
1112 5004 1380 5074 ὑπέμειναν
1408 5007 1720 5076 πειρασμοὺς

145 5084 252 5138 ἀπό
276 5094 367 5146 τῆς
390 5088 574 5142 ἐκείνου
603 5086 1008 5162 φρενίοελαϐείας.

222 5169 341 5228 Εἶπε
367 5173 420 5229 δέ
446 5180 527 5231 mi
553 5180 578 5231 ὁ
608 5179 656 5230 ἐν
678 5178 836 5251 όιγίοις
857 5181 1171 5243 Ἀθανάσιος,
1205 5180 1485 5242 ίπὶσκοπος
1502 5185 1602 5261 ,καί
1627 5186 1720 5237 αύ-

149 5260 243 5319 τὸέ
264 5262 631 5341 Ἀλεξανδρείας
656 5268 930 5341 γενόμενος,
953 5273 1005 5326 ἐν
1037 5278 1111 5344 τῷ
1150 5271 1276 5341 λόγῳ
1300 5280 1373 5341 τῷ
1407 5275 1479 5333 εἰς
1503 5276 1588 5329 τὸν
1614 5276 1721 5344 βίον

154 5345 250 5407 τοῦ
279 5357 1022 5432 μακαρίου⁹Δντωνίου,ταῦτα’
1047 5369 1180 5423 «Πῶς
1213 5361 1265 5418 δὲ
1292 5364 1560 5433 χλευάζειν
1586 5368 1721 5435 ἡμᾶς

72 5483 99 5492 -
150 5445 367 5512 τολμᾶτε
392 5447 622 5519 λέγοντας
641 5451 718 5514 τὸ,
762 5453 976 5523 Χριστὸν
1002 5449 1262 5527 ἄνθρωπον
1304 5459 1682 5526 πεφανερῶσθαι
1700 5498 1715 5522 ,

153 5528 340 5606 ὅπουγε
365 5537 509 5611 ὑμεῖς
550 5542 605 5594 ἐκ
643 5549 735 5596 τοῦ
762 5549 850 5611 νοῦ
878 5548 967 5602 τήν
991 5544 1171 5616 ψυχὴν
1210 5545 1477 5621 ὁρίζοντες,
1507 5549 1716 5617 φάσκετε

154 5622 500 5685 πεπλανῆσθαι
526 5632 701 5694 αὐτὴν,
729 5635 812 5685 καί
846 5636 1161 5692 πεπτωκέναι
1187 5637 1289 5691 άπό
1312 5642 1403 5696 τῆς·
1426 5635 1604 5707 ἁψῖδος
1631 5646 1719 5692 τοῦ

157 5714 375 5786 οὐρανοῦ
406 5720 474 5779 είς
511 5726 693 5789 σῶμας
729 5739 746 5771 ι
787 5730 870 5777 Δεῖ
893 5725 1172 5802 προσῒχειν
1201 5728 1320 5786 τοὺς
1346 5727 1717 5802 ἀκροωμένους,

1821 4377 2061 4434 Ecclesia
2090 4391 2294 4437 sereret
2316 4424 2333 4451 ,
2368 4397 2487 4452 qua:
2515 4386 2579 4440 ad
2609 4387 2747 4442 hanc
2770 4403 2940 4457 usque
2963 4389 3101 4445 diem
3132 4392 3181 4446 ei
3210 4394 3395 4449 turbas

1821 4469 2092 4524 excitant?
2127 4489 2145 4522 ε
2174 4470 2255 4526 An
2286 4474 2445 4541 igitur
2467 4484 2644 4543 potest
2671 4477 2860 4545 aliquis
2887 4478 3022 4534 bene
3050 4481 3395 4539 sentientium

1821 4558 1888 4612 iis
1929 4558 2199 4616 adversari
2223 4604 2240 4630 ,
2277 4577 2395 4631 quae
2438 4565 2491 4619 in
2519 4562 2799 4633 Origenem
2826 4566 2965 4622 dicta
2995 4578 3119 4623 sunt
3145 4584 3175 4623 a
3204 4582 3399 4627 sancto

1824 4658 2057 4720 martyre
2079 4659 2134 4705 et
2156 4654 2408 4724 episcopo
2429 4655 2759 4712 Alexandriae
2781 4658 2977 4713 Petro?
3003 4661 3094 4728 qui
3119 4664 3399 4732 egregium

1822 4756 1920 4811 pro
1950 4741 2161 4799 Christo
2188 4755 2456 4802 certamen
2503 4749 2793 4818 suscipiens
2817 4790 2832 4816 ,
2871 4765 2978 4805 non
3006 4753 3177 4807 solum
3205 4751 3397 4822 Orige-

1824 4844 1944 4884 nem
1971 4872 1988 4897 ,
2025 4834 2446 4904 sceleratamqne
2473 4837 2589 4906 ejus
2613 4839 2913 4894 doctrinam
2942 4841 3210 4896 abdicavit
3230 4850 3249 4908 ',
3290 4845 3397 4899 sed

1820 4919 1981 4973 etiam
2034 4923 2348 4977 testiﬁcatur
2392 4934 2613 4982 sanctos
2657 4928 2749 4995 qui
2800 4937 2924 4983 ante
2962 4930 3135 4999 ipsum
3181 4930 3395 4997 fuerant

1821 5005 2009 5063 Patres
2054 5010 2249 5066 multas
2289 5014 2604 5070 sustinuisse
2650 5017 2967 5073 tcntationes
3011 5020 3078 5073 ab
3114 5020 3253 5075 illius
3298 5020 3392 5075 deo

1822 5099 2040 5153 mentis.
2598 5146 2611 5153 ς

1898 5185 2041 5242 Dixit
2063 5203 2275 5259 quoque
2303 5201 2519 5248 sanctus
2556 5194 2905 5261 Athanasius,
2937 5199 3026 5267 qui
3050 5208 3105 5254 et
3133 5200 3245 5269 ipse
3275 5200 3392 5269 epi-

1826 5291 2018 5348 scopus
2049 5277 2146 5333 fuit
2173 5281 2526 5348 Alexandriae,
2559 5284 2611 5338 in
2640 5300 2887 5343 sermone
2911 5288 2978 5344 de
3002 5289 3144 5344 beati
3175 5290 3395 5345 Antonii

1825 5368 1933 5421 vita
1966 5385 1980 5420 :
2017 5386 2037 5420 ι
2064 5364 2343 5435 Quomodo
2379 5388 2480 5427 nos
2517 5373 2738 5429 irridere
2779 5377 2986 5432 audetis
3009 5419 3026 5446 ,
3053 5380 3143 5447 qui
3169 5380 3401 5435 dicimus

1825 5456 2094 5514 Christum
2135 5461 2406 5516 hominem
2445 5464 2842 5520 manifestatum
2873 5470 3027 5524 esse?
3063 5484 3187 5523 cum
3216 5479 3271 5525 et
3298 5487 3403 5525 vos

1826 5547 1895 5603 de
1905 5550 2325 5605 menteanimam
2343 5568 2463 5607 esse
2474 5553 2809 5627 deﬁnientes,
2822 5572 2941 5612 eam
2961 5573 3168 5614 errasse
3181 5560 3401 5626 dicatis,

1826 5652 1891 5693 ac
1937 5638 2005 5694 de
2051 5639 2233 5710 apside
2270 5643 2391 5698 coeli
2420 5643 2473 5698 in
2503 5659 2701 5714 corpus
2727 5648 3019 5703 cecidisse?
3054 5668 3073 5702 ι
3109 5650 3402 5707 Attendant

1825 5729 1914 5797 qui
1944 5729 2167 5787 audiunt
2186 5768 2204 5799 ,
2245 5742 2486 5792 sanctum
2515 5735 2863 5793 Athanasium
2893 5738 2957 5795 iis
2984 5748 3169 5811 aperte
3199 5750 3387 5797 adver-
