3958 6288
614 305 720 368 963

1929 295 2367 356 JUSTINIAN’I
2408 293 2566 352 IMP.
2623 343 2642 350 -
3819 285 3904 350 ςςι

585 432 592 437 .
627 409 705 466 ὅτι
727 404 753 461 ὁ
778 405 827 459 ιν
863 401 1020 474 ἁγίοις
1057 401 1349 465 “amatam;
1392 413 1568 478 σαφῶς
1610 407 1922 460 manus“,
1971 410 2077 463 τοῖς
2115 395 2194 456 λεί
2222 402 2270 461 Α
2295 394 2402 450 sari
2431 394 2523 464 qui
2543 403 2776 449 mentem
2798 403 3138 464 pmexislere
3161 394 3362 463 dicunt,
3387 403 3447 452 et
3467 411 3538 450 ex
3562 407 3646 462 pa
3670 394 3882 448 animm

625 516 776 570 γουσι
816 496 1169 570 προϋπάρχειν
1194 500 1277 552 τὸν
1307 504 1440 562 νοῦν,
1481 504 1564 554 καὶ
1603 502 1654 554 ἐκ
1693 503 1876 555 τούτου
1897 502 2193 573 γεγενῆσθαι

623 597 713 649 τήν
740 590 918 660 ψυχὴν
944 589 1336 662 ἁμαρτήσασαν,
1365 593 1451 644 καί
1485 607 1808 646 πεπτωκυῖαν
1831 593 1932 647 άπὸ
1959 601 2049 652 τῆς
2071 593 2192 667 ἆψῖο

621 679 706 742 ὂος
731 687 826 736 τοῦ
845 681 1050 756 ούρανοῦ
1078 682 1149 739 είς
1177 687 1343 748 σῶμα.

691 798 793 848 Τοῦ
835 794 986 846 αὐτοῦ
1025 791 1171 862 άγίου
1206 795 1488 847 ’Δθανασίου
1527 793 1586 847 έκ
1621 799 1710 848 τοῦ
1761 797 1890 850 κατά
1931 795 2188 859 Ἀρειανῶν

623 870 863 945 δευτέρου
893 873 1070 946 λόγου*
1097 893 1116 926 ε
1142 882 1286 929 Πᾶσα
1307 879 1336 934 ἠ
1361 877 1618 946 φαινομένη
1655 877 1822 936 κτίσις
1851 877 1900 928 έν
1925 875 1976 940 ἒξ
1996 875 2205 947 ἡμέραις

623 961 810 1030 γέγονε·
839 965 925 1014 καί
951 971 1012 1036 τῇ
1035 966 1124 1034 μέν
1149 967 1318 1038 πρώτῃ
1339 967 1398 1020 τὸ
1421 972 1544 1036 φῶς,
1575 962 1698 1040 ὅπερ
1728 966 1958 1018 ἐκάλεσεν
1981 965 2202 1038 ἡμέραν

624 1057 689 1121 τῇ
714 1047 766 1104 δὲ
796 1048 1004 1128 δευτέρᾳ
1027 1055 1086 1107 τὸ
1115 1055 1404 1126 στερέωμα,
1438 1057 1522 1108 καί
1549 1063 1610 1128 τῇ
1639 1058 1786 1129 τρίτῃ
1815 1059 2117 1127 συναγαγὼν
2140 1056 2205 1112 τά

624 1136 808 1206 ὕδατα,
845 1139 998 1206 ἔδειξε
1046 1149 1136 1202 τήν
1171 1145 1350 1218 ξηράν,
1389 1147 1470 1198 καί
1509 1147 1629 1204 τούς
1677 1147 1727 1198 ἐν
1773 1147 1902 1218 αύτῇ
1942 1145 2206 1205 ποικίλους

623 1233 882 1302 προήγαγε
921 1237 1171 1305 καρπούς,
1201 1229 1375 1306 mit-fi
1413 1235 1633 1306 τετάρτῃ
1675 1236 1914 1291 πεποίηκε
1951 1235 2036 1288 τὸν
2069 1234 2204 1292 ἥλιον

623 1321 707 1370 καί
733 1325 820 1377 τήν
855 1322 1080 1385 σελήνην,
1111 1327 1194 1376 καί
1221 1325 1389 1376 πάντα
1417 1325 1502 1376 τὸν
1538 1330 1636 1377 τῶν
1670 1325 1896 1398 ἀστέρων
1930 1325 2111 1400 χορόν·
2141 1333 2204 1400 τῇ

625 1406 679 1461 δέ
705 1411 917 1482 πέμπτῃ
941 1419 1038 1466 τῶν
1067 1413 1114 1464 έν
1145 1421 1206 1487 τῇ
1239 1414 1458 1488 θαλάττῃ
1489 1417 1649 1478 ζώων,
1675 1419 1762 1470 καί
1788 1423 1887 1469 τῶν
1916 1417 1964 1468 έν
1992 1424 2063 1484 τῷ
2094 1417 2205 1489 άερι

621 1504 861 1550 πετεινῶν
889 1503 978 1558 τήν
1011 1501 1204 1571 γένεσιν
1232 1499 1428 1556 ἔκτισς’
1458 1510 1520 1576 τῇ
1551 1501 1602 1555 δέ
1633 1503 1748 1574 ἕκτῃ
1789 1500 2084 1577 τετράποδα
2121 1505 2207 1556 έπί

621 1593 714 1646 τῆς
741 1595 833 1659 γῆς
861 1593 1122 1650 πεποίηκε,
1149 1593 1231 1644 καί
1249 1591 1422 1644 λοιπὸν
1449 1592 1532 1646 τὸν
1553 1580 1814 1665 ἄνθρωπον
1833 1594 1916 1646 τὸν
1941 1594 1994 1646 ἐκ
2023 1592 2204 1663 ψυχῆς

621 1673 813 1742 λογικῆς
844 1681 924 1730 καί
945 1686 1198 1748 σώματος.
1228 1682 1387 1733 Τάτε
1418 1681 1664 1757 ἀόρατα
1703 1683 1890 1736 αὐτοῦ
1930 1685 2054 1737 ἀπὸ
2083 1686 2206 1737 κτί-

2298 491 2492 547 ortam,
2523 499 2641 552 quae
2670 493 2894 553 peccato
2925 499 2982 538 se
3007 487 3416 552 contaminavit,
3449 502 3519 541 ac
3543 501 3586 540 ο
3615 484 3752 540 ccli
3775 499 3886 540 an.

2298 589 2437 628 vexo
2464 575 2516 629 in
2546 590 2742 643 corpus
2770 575 3053 629 decidisse.
3144 613 3161 622 κ

2373 767 2625 840 Ejusdem
2654 768 2716 826 8.
2747 754 3024 826 Athanasii
3053 786 3086 828 e
3131 787 3382 830 sermone
3426 776 3702 835 secundo
3725 787 3888 833 conus

2289 860 2533 916 .Arianos
2557 875 2572 912 :
2608 877 2626 910 ι
2653 858 2838 916 Omnis
2864 873 3106 917 creatura
3135 865 3480 932 aspectabilis
3510 866 3566 920 in
3592 882 3700 921 se:
3729 869 3884 923 diebus

2306 951 2446 1007 facta
2471 960 2588 1018 est;
2632 969 2696 1008 ae
2722 955 2894 1022 primo
2930 957 3144 1024 quidem
3195 956 3282 1010 die
3327 958 3416 1011 lux
3443 999 3460 1024 ,
3492 974 3670 1027 quam
3701 963 3884 1014 vocarit

2305 1039 2476 1105 diem;
2507 1042 2746 1096 secundo
2771 1055 2951 1101 autem
2977 1044 3406 1111 firmamentum;
3442 1050 3646 1116 tertio,
3670 1051 3884 1104 collectis

2306 1130 2459 1196 aquis
2489 1132 2725 1186 ostendit
2752 1133 2974 1195 aridam,
3006 1135 3288 1204 variosque
3317 1135 3371 1188 in
3400 1151 3466 1190 ea
3498 1140 3772 1208 produxit
3797 1138 3884 1192 ire.

2306 1228 2455 1284 ctus;
2487 1229 2700 1288 quarto,
2735 1219 2862 1276 fecit
2888 1223 3056 1276 solem
3087 1232 3144 1277 et
3169 1225 3369 1287 lunam,
3400 1242 3750 1296 omnemque
3776 1230 3883 1282 steio

2305 1308 2474 1363 larum
2517 1311 2774 1376 chorum;
2823 1312 3029 1382 quinto,
3075 1315 3237 1368 maris
3274 1317 3626 1381 natatilium,
3665 1319 3883 1386 aerisque

2305 1396 2602 1452 volatilium
2623 1399 3021 1467 generationem
3042 1401 3306 1466 condidit;
3327 1413 3510 1469 sexto,
3537 1404 3676 1459 fecit
3696 1409 3749 1459 in
3769 1417 3882 1460 tem

2307 1489 2701 1558 quadrupedes,
2731 1503 2796 1544 ac
2817 1489 3029 1544 demum
3059 1492 3351 1559 hominem,
3375 1493 3466 1560 qui
3500 1509 3576 1548 ex
3608 1497 3790 1550 anima
3814 1513 3881 1550 ra-

2307 1577 2492 1631 tionali
2523 1585 2604 1632 est
2637 1587 2692 1631 et
2730 1593 3002 1648 corpore.,
3027 1580 3101 1634 Ac
3143 1582 3424 1636 invisibilia
3453 1585 3578 1654 ejus
3609 1603 3648 1638 α
3676 1595 3883 1640 creatur:

2305 1667 2512 1734 mundi,
2541 1683 2630 1736 per
2658 1683 2720 1720 ea
2747 1684 2861 1738 quae
2887 1669 3027 1738 facta
3061 1677 3181 1723 sunt
3209 1671 3476 1724 intellecta
3511 1676 3887 1742 σοιιερὶτξιιπειτ

619 1781 779 1824 σεως
818 1765 1056 1834 κόσμου
1083 1776 1220 1827 τοῖς
1246 1755 1560 1838 ποιήμασι
1593 1774 1912 1838 νοούμενα
1941 1772 2197 1846 καθορᾶ-

2305 1755 2480 1826 (Rom.
2504 1755 2574 1830 1);
2605 1767 2660 1812 et
2687 1774 2860 1828 neque
2880 1759 2971 1813 lux
2999 1767 3081 1814 est
3109 1770 3168 1814 ut
3197 1777 3323 1827 nox,
3345 1777 3533 1832 neque
3558 1765 3650 1820 sol
3680 1774 3739 1820 nt
3759 1766 3882 1831 imis.

619 1871 694 1904 τα
710 1868 748 1905 ε·
765 1855 852 1904 καί
870 1851 982 1908 οὔτε
1011 1856 1068 1910 τὸ
1093 1864 1193 1927 φῶς
1224 1859 1290 1916 ὡς
1317 1859 1348 1915 ἡ
1377 1859 1487 1921 νίξ,
1509 1855 1623 1913 οὔτε
1646 1858 1672 1912 ὃ
1702 1860 1837 1919 ἣλιος
1853 1863 1920 1920 ὡς
1949 1862 1980 1918 ἡ
2006 1862 2200 1922 σελήνη,

619 1937 739 1997 οὔτε
758 1945 820 1996 τὰ
845 1941 1004 2017 ἄλογα
1033 1949 1100 2008 ὡς
1131 1947 1370 2020 ὁλογικός
1392 1947 1652 2025 ἄνθρωπός
1681 1951 1836 2014 ἐστιν,
1865 1949 1980 2006 οὔτε
2005 1949 2204 2023 ἄγγελοι

617 2033 754 2092 ὥς,οί
781 2032 1116 2108 θράνοι,“οῦτε
1156 2035 1299 2094 οὗτοι
1325 2042 1392 2100 ὡς
1419 2041 1471 2093 αί
1498 2041 1741 2104 ἐξουσίαν
1773 2042 1896 2100 ἀλλά
1921 2043 2085 2096 πάντα
2111 2045 2202 2112 μέν

617 2124 730 2178 δστι
767 2127 1039 2194 κτίσματα,
1065 2127 1276 2183 ἕκαστον
1303 2129 1354 2184 δὲ
1379 2137 1479 2184 τᾶν
1516 2133 1790 2202 γενομένων
1817 2133 1950 2186 κατά
1977 2133 2116 2202 γένος
2139 2142 2201 2204 ἡ

621 2210 725 2286 ἰδέᾳ
764 2216 914 2288 οὐσίᾳ
944 2219 1011 2276 ὡς
1038 2219 1253 2290 γέγονεν,
1278 2222 1392 2276 ἔστι
1421 2225 1503 2276 καί
1527 2223 1712 2291 μένει.»
1741 2220 1866 2277 Ἰδού
1892 2225 1972 2276 καί
2005 2221 2030 2276 ὃ
2061 2221 2202 2295 ἅγιος

615 2301 910 2361 Ἀθανάσιος
951 2303 1333 2377 παραδίδωσιν,
1372 2307 1450 2363 ὅτι
1485 2312 1614 2378 μετά
1654 2311 1822 2364 πάντα
1849 2311 1913 2364 τὰ
1940 2312 2202 2382 κτίσμριτα

618 2390 854 2448 ἐποίησεν
883 2391 909 2446 ὁ
934 2396 1058 2452 Θεὸς
1090 2396 1176 2448 τὸν
1205 2383 1488 2469 ἄνθρωπον,
1519 2401 1604 2452 τὸν
1634 2401 1688 2452 ίκ
1719 2403 1954 2472 σώματος
1989 2405 2070 2456 καὶ
2097 2401 2202 2472 ψυ-

528 2545 532 2550 ,
621 2486 725 2548 χῆς
761 2487 940 2556 νοερᾶς
983 2487 1066 2538 καί
1101 2483 1322 2556 λογικῆς.
1355 2489 1428 2540 Οὐ
1469 2491 1570 2564 γάρ
1623 2485 1732 2572 εξπε
1777 2493 1835 2544 τὸ
1879 2499 2031 2563 σῶμα
2069 2496 2234 2562 μετά·

620 2571 788 2623 πάντα
834 2573 1094 2641 γενέσθαι,
1135 2574 1222 2628 ἶνα
1264 2579 1693 2651 προϋπάρχουσα
1732 2581 1763 2638 ἡ
1798 2579 1950 2650 ψυχή
2001 2583 2198 2654 εἰσέλθῃ

617 2657 669 2708 έν
689 2659 843 2729 αὐτῷ·
871 2660 974 2712 ἀλλ’
993 2656 1099 2715 εἶπε
1125 2665 1252 2734 μετά
1275 2667 1446 2720 πάντα
1466 2669 1532 2720 τά
1551 2671 1809 2740 κτίσματα
1828 2671 1911 2724 τὸν
1937 2668 2196 2744 ἄνθρωπον

616 2749 918 2819 γεγενῆσθαι
934 2787 945 2808 .
975 2751 1058 2804 τὸν
1085 2753 1140 2804 έκ
1158 2752 1338 2824 ψυχῆς
1380 2755 1580 2827 λογικῆς
1603 2761 1688 2812 καί
1713 2761 1972 2829 σὼματος·
2000 2758 2197 2823 δεικνύς

617 2833 696 2890 ὅτι
719 2837 1000 2913 ἀμφότερα,
1029 2844 1262 2898 τουτέστι
1290 2848 1439 2916 σῶμά
1463 2867 1518 2901 τε
1545 2851 1630 2902 καί
1658 2848 1856 2920 ψυχήν,
1883 2849 1908 2904 ὃ
1931 2854 2196 2912 Θεόςκατά

616 2931 801 2985 ταυτὸν
829 2929 1240 3007 ἐδημιούργησεν.

681 3059 878 3125 Ἐπειδή
909 3064 962 3120 δέ
987 3072 1070 3123 καί
1097 3077 1251 3126 τοῦτο
1279 3075 1408 3142 μετά
1446 3082 1545 3130 τῶν
1576 3073 1732 3130 ἄλλων
1759 3080 2042 3152 Ὠριγένους
2064 3081 2188 3152 βλα-
2221 3114 2266 3175 C

613 3163 836 3224 σφημιῶν
859 3155 1074 3230 ε’ρηται,
1100 3157 1176 3214 ὅτι
1198 3164 1228 3218 ἡ
1249 3163 1344 3216 τοῦ
1369 3167 1551 3239 Κυρίου
1579 3165 1731 3236 ψυχὴ
1754 3177 2083 3246 προϋπῆρχε,
2111 3175 2194 3226 καί

611 3251 773 3318 ταύτῃ
801 3245 826 3301 ὁ
853 3249 973 3308 Θεὸς
1013 3248 1156 3318 λόγος
1204 3253 1364 3308 ἦνωτο
1393 3255 1492 3326 πρό
1525 3263 1616 3314 τῆς
1644 3259 1697 3309 ἐκ
1724 3259 1965 3334 παρθένου
1995 3265 2194 3339 σαρκώ-

617 3349 770 3392 σεως·
817 3339 902 3388 καί
939 3343 1030 3393 τήν
1076 3340 1313 3396 τοιαύτην
1355 3343 1564 3419 ἀναιρῶν
1610 3344 1852 3421 ληρῳδίλν
1891 3349 2043 3409 αὐτὸς
2080 3351 2105 3405 ὁ
2144 3353 2194 3407 έν

613 3419 776 3491 άγίοις
801 3425 1089 3484 ’Δθανάσιος
1117 3426 1167 3480 έν
1199 3437 1260 3503 τῇ
1288 3431 1417 3502 πρὸς
1449 3419 1736 3492 Ἐπίκτητον
1778 3437 2038 3513 ἐπιστολῇ,
2066 3441 2198 3512 λέγει

545 3517 548 3521 ’
614 3507 1015 3574 τόδεέΕἰκὸτως
1042 3521 1659 3588 καταγνώσονταιέαυτῶν
1685 3525 1871 3586 πάντες
1897 3529 1942 3580 οί
1967 3534 2195 3598 νομίζον-

613 3619 697 3658 τις
724 3603 823 3676 προ
850 3612 940 3672 τῆς
967 3609 1161 3679 Μαρίας
1190 3603 1317 3662 εἶναι
1359 3616 1448 3670 τήν
1490 3613 1540 3677 ἐξ
1577 3616 1732 3675 αὐτῆς
1765 3619 1958 3692 σάρκα,
1981 3623 2067 3673 καί
2095 3622 2194 3695 πρὸ

611 3689 804 3750 ταύτης
850 3691 1128 3761 ἐσχηκέναι
1161 3695 1340 3768 ψυχήν
1387 3701 1700 3776 ἀνθρωπίνην
1731 3705 1816 3758 τὸν
1857 3708 1976 3760 Θεὸν
2021 3707 2191 3780 λόγον,

609 3783 690 3832 καί
717 3782 766 3832 ἐν
789 3783 912 3857 αὐτῇ
943 3787 1040 3860 πρὸ
1063 3794 1152 3847 τῆς
1180 3787 1445 3859 ἐπιδημίας
1475 3795 1554 3846 ἀεί
1577 3798 1887 3867 γεγενῆσθαι.
1905 3817 1922 3848 ι
1943 3801 2001 3852 El
2027 3803 2193 3856 τοίνυν

609 3872 740 3924 κατά
771 3873 834 3924 τά
875 3875 1108 3946 εἰρημένα
1137 3886 1208 3950 τῷ
1253 3881 1302 3933 ίν
1334 3880 1491 3953 ἁγίοις
1529 3881 1827 3957 ’Δθανασίῳ,
1859 3890 1890 3946 ἦ
1919 3887 2072 3961 ψυχή
2101 3901 2190 3948 τοῦ

609 3963 786 4032 κυρίοδ
809 3963 946 4035 ἡμῶν
972 3965 1137 4022 Ἰησοῦ
1161 3977 1386 4042 Χριστοῦ
1407 3979 1496 4026 τοῦ
1523 3976 1656 4030 κατὰ
1675 3975 1844 4032 πάντα
1873 3975 2194 4048 ὁμοιωθέντος

611 4053 726 4118 ἡμῖν
755 4056 919 4128 χωρίς
943 4053 1222 4132 ἁμαρτίας,
1247 4061 1307 4112 ού
1332 4070 1643 4140 προϋπῆρχε
1669 4073 1758 4126 τῆς
1779 4053 1831 4120 έν
1852 4073 2005 4144 σαρκί
2033 4073 2193 4126 αὐτοῦ

608 4139 900 4212 ἐπιδημίας,
930 4149 1080 4207 ποίας
1107 4143 1164 4200 ἂν
1190 4148 1266 4208 εἴη
1295 4155 1480 4222 μανίας
1507 4155 1562 4208 τὸ
1589 4154 1764 4226 λέγειν,
1794 4159 1886 4218 τάς
1913 4156 2066 4221 ἄλλας
2095 4170 2194 4216 τῶν

605 4233 875 4306 ἀνθρώπων
898 4235 1086 4306 ψυχὰς
1111 4243 1474 4317 προϋπάρχειν
1499 4252 1598 4299 τῶν
1627 4246 1881 4320 σωμάτων
1895 4265 1915 4315 ;

679 4338 996 4415 ’Δκούσωμεν
1015 4345 1066 4401 δέ
1087 4351 1218 4423 πρὸς
1240 4352 1440 4412 τούτοις
1463 4357 1546 4408 καί
1567 4361 1659 4410 τοῦ
1683 4359 1734 4410 έν
1753 4358 1915 4430 ἀγίοις
1938 4363 2189 4416 Βασιλείου
2263 4352 2274 4360 ’

2306 1858 2483 1914 neque
2532 1846 2708 1914 angeli
2747 1847 2885 1900 sicut
2921 1847 3124 1916 throni,
3153 1865 3328 1920 neque
3357 1851 3413 1905 hi
3459 1864 3527 1906 ut
3562 1865 3881 1924 potestates;

2306 1933 2400 1997 sed
2428 1943 2686 1990 creaturae
2713 1937 2929 2006 quidem
2959 1953 3147 1993 omnes
3174 1949 3318 2004 sunt,
3350 1945 3785 2014 unumquodque
3808 1961 3882 2000 aa-

2307 2029 2416 2077 tem
2445 2040 2631 2080 eorum
2660 2041 2778 2096 qua:
2806 2036 2924 2083 orta
2962 2037 3087 2083 sunt
3109 2071 3124 2094 ,
3156 2031 3454 2085 secundum
3487 2047 3670 2102 genus
3701 2036 3754 2088 in
3777 2053 3881 2107 pro-

2303 2114 2416 2182 pria
2443 2116 2767 2181 substantia,
2799 2125 2858 2171 ut
2886 2117 3085 2172 factum
3119 2125 3236 2184 est,
3265 2123 3512 2190 persistit
3542 2138 3610 2178 ac
3639 2135 3832 2180 manet.
3859 2145 3876 2179 ι

2302 2202 2438 2259 Ecce
2465 2211 2684 2259 sanctus
2730 2219 2946 2275 quoque
2975 2207 3296 2266 Athanasius
3324 2210 3516 2276 tradit,
3561 2224 3694 2282 post
3717 2231 3882 2272 omnes

2301 2301 2574 2346 creaturas
2602 2293 2770 2348 Deum
2809 2292 2998 2349 fecisse
3027 2295 3299 2350 hominem
3327 2311 3396 2351 ex
3428 2313 3674 2367 corpore
3702 2312 3759 2356 et
3783 2303 3880 2356 ani-

2300 2400 2388 2440 ma
2410 2373 2740 2454 intelligente
2760 2401 2823 2442 ac
2844 2387 3115 2442 rationali.
3139 2387 3322 2458 Neque
3341 2389 3490 2442 enim
3517 2391 3680 2456 dixit,
3702 2405 3878 2460 corpus

2302 2482 2426 2545 post
2451 2476 2632 2530 omnia
2661 2474 2858 2530 factum
2887 2491 3007 2532 esse
3025 2517 3040 2543 ,
3071 2485 3130 2532 ut
3155 2479 3512 2548 pmexistens
3550 2483 3734 2536 anima
3761 2482 3811 2535 in
3835 2482 3877 2534 id

2300 2566 2666 2634 ingrederetur
2691 2586 2704 2620 :
2735 2567 2828 2623 sed
2855 2567 3008 2632 dixit,
3031 2577 3154 2638 post
3181 2584 3370 2624 omnes
3399 2578 3692 2625 creaturas
3719 2570 3876 2625 homi-

2297 2670 2423 2711 nem
2463 2671 2583 2711 esse
2609 2655 2806 2712 factum
2830 2699 2845 2726 ,
2881 2659 2974 2728 qui
2997 2673 3066 2713 ex
3101 2659 3277 2714 anima
3305 2659 3570 2714 rationali
3601 2671 3689 2717 est
3707 2671 3878 2716 eteae

2297 2760 2431 2814 pore
2457 2763 2470 2798 :
2503 2746 2793 2802 ostendens
2811 2788 2828 2815 ,
2858 2755 3112 2816 utraque,
3144 2747 3196 2803 id
3225 2755 3310 2804 est
3334 2763 3544 2819 corpus
3574 2759 3634 2804 et
3660 2752 3874 2806 utinam

2297 2835 2464 2890 Deum
2492 2837 2651 2892 simul
2676 2837 2988 2894 fabricatum
3017 2853 3155 2895 esse.

2367 3079 2630 3148 Quoniam
2659 3091 2836 3138 autem
2874 3083 3133 3152 Origenes
3161 3081 3233 3139 ad
3268 3091 3496 3142 emeras
3527 3087 3868 3159 blasphemia

2297 3169 2402 3226 hoc
2429 3173 2690 3236 adjnnxit,
2726 3173 2937 3228 Domini
2966 3175 3198 3229 animam
3229 3175 3376 3244 prius
3405 3179 3709 3244 exstitisse,
3734 3180 3870 3248 eique

2297 3259 2466 3314 Deum
2497 3261 2728 3317 Verbum
2760 3279 2876 3319 esse
2906 3265 3110 3320 unitum
3150 3275 3440 3335 antequam
3478 3283 3512 3322 e
3550 3268 3770 3337 Virgine
3796 3271 3866 3324 in-

2296 3364 2611 3409 carnaretur
2643 3373 2654 3408 :
2684 3356 2788 3412 hoc
2817 3359 2977 3412 etiam
3027 3359 3440 3414 deliramentum
3479 3371 3736 3418 evertens
3769 3363 3865 3432 ipse

2297 3452 2511 3498 sanctus
2526 3444 2844 3500 Athanasius
2866 3448 2920 3501 in
2941 3449 3166 3518 epistola
3187 3450 3254 3503 ad
3275 3449 3606 3519 Epictetum,
3624 3454 3704 3508 sic
3721 3454 3858 3508 dicit:

2303 3550 2322 3582 ι
2351 3531 2540 3588 Merito
2566 3549 2688 3589 sese
2716 3535 3048 3592 damnabunt
3075 3553 3261 3593 omnes
3287 3540 3381 3609 qui
3417 3542 3734 3604 existimant
3755 3549 3862 3597 ante

2295 3617 2515 3674 Mariam
2545 3635 2664 3676 esse
2687 3637 2904 3677 carnem
2924 3662 2941 3688 ,
2979 3639 3098 3693 qua:
3123 3640 3190 3680 ex
3221 3641 3284 3680 ea
3327 3635 3438 3692 est;
3486 3644 3557 3684 ac
3599 3640 3725 3686 ante
3757 3645 3860 3687 eam

2294 3709 2544 3766 habuisse
2589 3712 2822 3767 animam
2873 3714 3158 3770 humanam
3211 3715 3380 3770 Deum
3427 3717 3689 3785 Verbum,
3717 3736 3780 3776 ac
3817 3721 3860 3774 in

2295 3813 2360 3852 ea
2403 3809 2530 3855 ante
2577 3801 2864 3857 adventum
2934 3819 3150 3873 semper
3195 3805 3378 3860 fuisse.
3413 3825 3435 3858 ι
3488 3807 3674 3874 Quare
3713 3813 3756 3866 si
3805 3824 3862 3864 ex

2295 3887 2359 3943 iis
2387 3905 2506 3959 qua:
2533 3907 2564 3945 a
2589 3903 2777 3948 sancto
2805 3892 3099 3948 Athanasio
3123 3895 3265 3950 dicta
3293 3905 3440 3962 sunt,
3466 3899 3647 3952 anima
3669 3899 3862 3954 Domini

2295 3979 2465 4032 nostri
2483 3977 2612 4034 Jesu
2636 3979 2852 4047 Christi,
2877 3983 2964 4052 qui
2987 3998 3086 4054 per
3105 3985 3284 4040 omnia
3309 3987 3468 4040 nobis
3495 3989 3690 4044 similis
3711 3989 3862 4044 [adds

2295 4074 2377 4120 est
2403 4067 2607 4138 absque
2634 4079 2886 4140 peccato,
2919 4087 3025 4126 non
3063 4073 3164 4127 fuit
3205 4084 3331 4129 ante
3358 4075 3478 4143 ejus
3503 4077 3562 4132 in
3593 4094 3759 4134 carne
3780 4079 3863 4132 ad-

2292 4164 2512 4210 ventum
2545 4175 2558 4210 :
2590 4159 2763 4229 qualis
2803 4160 3026 4216 insaniae
3065 4171 3150 4218 est
3169 4202 3186 4228 ,
3223 4165 3404 4220 dicere
3431 4166 3571 4222 alias
3598 4167 3860 4222 hominum

2293 4247 2500 4302 animas
2527 4258 2653 4304 ante
2679 4264 2906 4321 corpora
2941 4252 3097 4308 esse?

2361 4357 2650 4415 Audiamus
2674 4371 2930 4430 praeterea
2957 4361 3014 4416 S.
3039 4361 3290 4416 Basilium
3312 4363 3366 4417 in
3384 4379 3640 4420 sermone
3664 4366 3718 4419 in
3741 4367 3855 4420 illud

603 4432 652 4484 ἔν
677 4440 748 4503 τῷ
775 4433 905 4507 λόγῳ
926 4439 998 4495 εἰς
1022 4437 1080 4490 τό
1123 4447 1212 4494 Ἐν
1241 4441 1415 4517 ἀρχῇ
1443 4442 1557 4502 ἧνὸ
1585 4447 1786 4518 λόγος,
1828 4455 1934 4505 καί
1958 4451 1984 4506 ὃ
2007 4453 2192 4526 λόγος

2302 4446 2478 4518 (Hom.
2510 4449 2620 4519 xw)
2653 4468 2667 4501 :
2702 4449 2768 4504 In
2798 4451 3052 4522 principio
3079 4461 3196 4506 erat
3250 4451 3472 4507 Verbum
3492 4494 3510 4522 ,
3554 4465 3608 4508 et
3653 4455 3862 4510 Verba

603 4521 669 4581 ἧν
704 4527 860 4600 πρὸς
888 4531 995 4583 τὸν
1022 4531 1197 4595 Θεὸν,
1225 4535 1452 4605 λέγοντος
1481 4536 1662 4596 οὕτως’
1692 4537 1854 4615 «Ὀρα
1883 4548 1952 4612 μή
1974 4547 2100 4600 ποτέ
2129 4566 2188 4600 σε

606 4617 1024 4692 παρακρούσηται
1051 4621 1110 4674 τὸ
1131 4619 1392 4691 ὁμὼνυμον
1417 4631 1506 4685 τῆς
1527 4635 1707 4696 φωνῆς’
1722 4635 1832 4692 πῶς
1857 4633 1952 4706 γάρ
1975 4633 2023 4686 ἐν
2045 4636 2108 4708 ἀρ
2113 4643 2189 4708 χῇ

605 4700 663 4761 ἦν
683 4701 708 4759 ὃ
728 4707 1041 4778 ἀνθρώπινος
1065 4709 1228 4785 λόγος,
1251 4720 1340 4768 τοῦ
1367 4716 1627 4789 ἀνθρώπου
1651 4724 1786 4776 κάτω
1815 4700 2190 4786 που-λαϐόντος

604 4797 694 4852 τήν
718 4795 890 4872 ἀρχὴν
917 4805 1008 4858 τῆς
1042 4802 1316 4867 νενέσεωςς
1347 4806 1448 4880 πρὸ
1478 4807 1746 4880 ἀνθρώπου
1774 4813 1938 4880 θηρία,
1973 4815 2074 4888 πρό
2093 4816 2182 4869 ἀν-

607 4885 813 4960 θρώπου
856 4895 1030 4958 κτήνη,
1057 4897 1124 4949 τά
1151 4895 1363 4966 ἑρπετά,
1393 4895 1493 4953 ὅσα
1523 4909 1752 4975 χερσαῖα
1773 4907 1852 4957 καὶ
1881 4902 2086 4976 ἔνυδρα,
2120 4910 2186 4961 τά

602 4982 808 5034 πετεινά
851 4987 944 5036 τοῦ
993 4990 1227 5058 ούρανοῦ,
1269 4989 1505 5064 ἀστέρες,
1538 4992 1704 5058 ἥλιος,
1734 4995 1932 5057 σελήνη,
1972 4995 2190 5066 βοτάναι,

605 5073 686 5139 γῆ,
709 5069 1204 5138 θάλασσα,ού,ίανὸς.
1221 5094 1239 5127 ι
1273 5077 1402 5133 ’ἰδού
1431 5079 1457 5134 ὁ
1486 5087 1654 5156 Πατὴρ
1681 5091 1853 5154 σαφῶς
1880 5087 1996 5156 ἡμῖν
2022 5107 2186 5157 προα-

605 5156 830 5231 γορεύει,
868 5166 940 5232 μὴ
982 5171 1383 5238 συναπαχθῆνκι
1422 5178 1528 5230 τοῖς
1558 5177 1648 5226 τοῦ
1695 5174 1985 5246 Ὠριγένους
2011 5156 2189 5245 μύθοις

602 5252 719 5322 περί
759 5257 850 5311 τῆς
897 5259 996 5306 τῶν
1041 5257 1234 5326 ψυχῶν
1279 5263 1769 5336 προϋπάρξεως.ού
1810 5262 2038 5321 διδάσκει
2089 5269 2187 5342 γάρ

603 5340 739 5409 ἡμᾶς
762 5343 814 5394 ἓν
831 5344 976 5418 ἀρχῇ
1000 5347 1084 5400 τὸν
1106 5349 1412 5423 ἀνθρώπινον
1431 5352 1592 5424 λόγον,
1617 5347 1848 5408 τουτέστι
1868 5361 1956 5413 τὴν
1979 5356 2182 5427 ψυχήν,

599 5428 728 5488 at)”:
747 5429 1026 5506 διαρρήδην
1053 5438 1172 5508 βοᾷ,
1197 5439 1274 5496 ὅτι
1295 5445 1324 5500 ἠ
1346 5444 1614 5520 ἀνθρώπου
1635 5449 1829 5516 γένεσις
1857 5450 2051 5523 ύστέρα
2078 5451 2190 5505 ἐστί

601 5523 803 5578 πάντων
840 5531 940 5579 τῶν
977 5535 1069 5583 τοῦ
1121 5538 1248 5586 Θεοῦ
1291 5537 1598 5606 κτισμάτων.
1651 5539 1708 5590 Εἰ
1734 5543 1899 5592 τοίνυν
1929 5543 2095 5596 πάντα
2125 5542 2189 5596 τὰ

599 5610 859 5678 κτίσματι(
888 5617 990 5688 πρὸ
1029 5625 1122 5672 τοῦ
1155 5622 1450 5696 ἀνθρώπου,
1489 5632 1600 5685 πῶς
1629 5635 1975 5702 προϋπῆρχον
2002 5631 2054 5682 αἱ

606 5698 733 5764 zeli;
758 5699 818 5752 ⁸ο
841 5706 942 5778 γάρ
975 5715 1145 5784 πατὴρ
1175 5713 1232 5764 ού
1261 5715 1374 5786 apti
1397 5721 1486 5768 τοῦ
1517 5719 1752 5788 σώματος
1770 5757 1784 5783 ,
1815 5719 1938 5774 ἀλλὰ
1966 5723 2066 5794 πρὸ
2096 5729 2184 5778 τοῦ

2295 4547 2408 4592 erat
2433 4539 2570 4609 apud
2599 4539 2760 4593 Deum
2785 4581 2802 4607 ,
2844 4540 2918 4595 ita
2950 4541 3252 4596 dicentem:
3282 4562 3302 4594 ι
3325 4543 3460 4598 Vide
3486 4561 3559 4600 ne
3584 4549 3800 4614 quando
3816 4558 3864 4601 te

2293 4628 2441 4682 vocis
2467 4629 2784 4696 ambiguitas
2805 4628 2982 4694 fallat;
3025 4633 3298 4700 quomodo
3338 4633 3481 4688 enim
3525 4634 3582 4688 in
3611 4635 3862 4706 principio

2295 4736 2414 4783 erat
2441 4729 2668 4782 humana
2696 4729 2834 4786 ratio
2852 4770 2865 4793 ,
2903 4745 3025 4785 cum
3054 4732 3218 4787 homo
3246 4741 3521 4802 postremo
3548 4735 3860 4805 principium

2293 4818 2656 4888 generationis
2685 4821 2990 4888 acceperit?
3018 4821 3157 4876 Ante
3183 4823 3453 4878 hominem
3484 4825 3636 4880 fuere
3667 4827 3859 4888 bestia.

2291 4913 2418 4960 ante
2447 4906 2716 4962 hominem
2741 4907 3012 4976 iumenta;
3045 4910 3275 4978 reptilia,
3298 4918 3408 4964 tum
3439 4913 3741 4978 terrestria,
3763 4925 3865 4968 tum

2289 4996 2572 5062 aquatilia;
2603 4997 2837 5052 volatilia
2865 4999 2989 5053 caeli
3013 5039 3028 5064 ,
3069 4999 3236 5054 stella:
3258 5041 3272 5058 .
3301 5001 3384 5054 sol
3405 5039 3421 5062 ,
3456 5001 3624 5069 luna;
3671 5004 3864 5066 herba.

2293 5092 2464 5152 terra,
2495 5101 2678 5152 mare,
2707 5087 2924 5143 malum.
2962 5109 2982 5142 ι
3023 5088 3162 5145 Ecce
3187 5087 3348 5146 Pater
3373 5102 3563 5162 aperte
3601 5095 3761 5152 nobis
3783 5097 3866 5152 ἀμ

2292 5177 2522 5242 nuntiat,
2549 5193 2616 5232 ne
2635 5175 2878 5246 Origenis
2897 5179 3088 5236 fabulis
3117 5181 3184 5237 de
3203 5183 3502 5238 animarum
3524 5189 3865 5254 prasex‘sten-

2295 5267 2366 5320 tia
2403 5267 2736 5324 inducantur.
2776 5269 2946 5326 Docet
2984 5271 3127 5326 enim
3165 5288 3299 5338 nos,
3333 5273 3387 5328 in
3418 5277 3684 5346 principio
3715 5274 3865 5332 {nisi

2291 5355 2580 5410 humanam
2607 5357 2894 5428 rationem,
2921 5359 2972 5414 id
3000 5369 3084 5416 est
3112 5362 3344 5418 animam
3379 5381 3393 5417 :
3418 5364 3520 5419 sed
3547 5376 3742 5436 aperte
3765 5366 3866 5423 ch-

2293 5463 2420 5518 mat,
2452 5441 2700 5510 omnibus
2724 5457 2818 5513 Dei
2845 5463 3105 5515 creaturis
3133 5471 3310 5518 ortum
3339 5465 3649 5522 hominibus
3685 5477 3862 5538 poste-

2291 5544 2489 5598 riorem
2517 5560 2655 5601 esse.
2689 5547 2745 5602 Si
2770 5563 2897 5617 ergo
2925 5560 3184 5606 creatura:
3209 5569 3400 5610 onmes
3419 5565 3546 5612 ante
3574 5557 3863 5620 hominem.

2291 5635 2564 5701 quomodo
2593 5638 2740 5706 prius
2767 5640 2958 5696 anima:
2979 5639 3228 5696 fuerunt?
3255 5641 3418 5700 Pater
3443 5648 3590 5702 enim
3615 5665 3724 5704 non
3746 5660 3868 5704 ante

2291 5736 2507 5796 corpus.
2539 5727 2634 5782 sed
2661 5737 2786 5785 ante
2813 5729 3104 5800 hominem,
3132 5733 3224 5802 qui
3250 5743 3335 5794 est
3355 5738 3538 5794 anima
3566 5748 3626 5796 et
3652 5734 3864 5816 corpus
