3958 6288
192 305 293 370 965

1274 306 1506 366 LIBER
1548 306 1941 367 ADVERSUS
1978 308 2399 369 ORIGENEM.

3256 285 3270 300 ’
3343 314 3448 381 966

204 414 491 488 ἀνθρώπου,
523 411 645 489 ὅπερ
678 417 786 470 δστί
814 416 962 486 ψυχή
991 435 1045 469 τε
1075 415 1157 466 καί
1185 421 1357 485 σῶμα,
1389 411 1494 466 εἷπε
1523 415 1587 467 τὰ
1609 416 1771 466 πάντα

1884 400 2003 463 dicit
2029 412 2207 464 omnia
2238 411 2424 479 fuisse;
2457 429 2525 468 ex
2550 430 2656 484 quo
2693 416 3020 487 ostenditur,
3045 417 3200 474 simul
3231 429 3438 476 utrum.-

202 494 527 584 γεγενῆσθαι·
560 510 640 561 καί
675 510 728 562 ἐκ
764 510 945 563 τούτου
990 506 1244 561 δείκνυται
1278 506 1383 575 ἅμα
1429 507 1657 579 ἑκάτερον
1687 503 1776 563 δο-

207 596 588 667 μιουργηθῆναι.

275 689 420 754 Λέγει
447 682 500 738 δὲ
530 689 609 739 καί
640 683 665 739 ό
692 687 743 738 ἕν
772 685 930 756 ἀγίοις
958 683 1226 760 Γρηγόιίιος
1255 685 1279 739 ό
1309 686 1522 743 Νύσσης
1554 684 1600 736 ἓν
1626 691 1686 757 τῇ
1709 684 1778 744 εἷς

207 775 287 828 τὸν
314 771 570 847 ἄνθρωπον
599 778 943 848 πραγματείᾳ·
983 779 1169 845 ιΤάχα
1194 778 1292 849 γὰρ
1314 778 1401 828 οὐκ
1427 773 1525 837 ἕω
1545 783 1636 833 τῆς
1661 795 1780 847 προ-

210 867 431 932 κειμένης
459 869 577 933 ἡμῖν
605 873 954 939 πραγματείας
994 868 1124 928 ἐστὶ,
1155 869 1210 919 τὸ
1240 864 1523 927 διεξετάσαι
1545 865 1603 919 τὸ
1632 866 1780 935 ἀμφι-

209 951 502 1026 ϐαλλόμενον
528 964 638 1016 ταῖς
661 960 944 1016 intimis“;
974 960 1088 1027 περὶ
1118 956 1296 1026 ψυχῆς
1326 975 1378 1009 τε
1412 959 1494 1009 καί
1521 958 1773 1025 σώματος.

207 1045 319 1097 Τισὶ
340 1047 428 1111 μὲν
455 1045 553 1117 γὰρ
578 1044 717 1099 δοκεῖ
738 1052 834 1098 τῶν
864 1047 964 1119 πρὸ
991 1049 1146 1115 ἡμῶν,
1179 1042 1250 1103 οἷς
1277 1044 1303 1098 ό
1332 1048 1576 1118 περὶτῶν
1602 1047 1781 1119 ἀρχῶν

207 1130 597 1205 ἔπραγματεύθη
637 1134 801 1205 λόγος.
830 1137 1054 1208 καθάπερ
1101 1135 1209 1189 τινὰ
1252 1133 1407 1205 δῆμον
1435 1136 1483 1186 ἐν
1510 1132 1777 1202 ίδιαζούσῃ

211 1220 350 1275 πόλει
392 1243 486 1280 τας
529 1221 710 1292 ψυχὰς
751 1224 1131 1311 προϋφεστάναι
1161 1224 1343 1293 λέγειν·
1390 1224 1687 1297 προκεῖσθαι
1726 1220 1778 1275 δέ

211 1309 351 1363 κάκεῖ
377 1316 442 1366 τά
470 1319 560 1371 τῆς
589 1316 771 1372 χαίοις
812 1316 895 1364 καί
934 1309 1022 1370 τῆς
1067 1314 1248 1383 ἀρετῆς
1288 1310 1666 1382 ὑποδείγματα·
1699 1314 1781 1363 καί

210 1401 595 1472 παραμένουσαν
637 1402 724 1469 μὲν
764 1401 814 1452 ἐν
842 1407 914 1471 τῷ
942 1402 1075 1472 καλῷ
1109 1408 1201 1458 τήν
1229 1402 1405 1471 ψυχὴν
1443 1409 1532 1458 τῆς
1572 1400 1698 1473 πρὸς
1724 1399 1782 1452 τὸ

211 1495 362 1561 σῶμα
390 1491 678 1560 συμπλοκῆς
708 1492 867 1563 μένειν
908 1493 1244 1564 ἀπείραστον·
1277 1496 1322 1545 εἰ
1346 1490 1398 1545 δὲ
1434 1491 1667 1564 ἀποβρυῇ
1691 1498 1780 1548 τῆς

209 1583 302 1633 τοῦ
330 1580 518 1650 ἀγαθοῦ
559 1582 855 1650 μετουσίας,
898 1584 1026 1657 πρὸς
1065 1584 1148 1636 τὸν
1188 1580 1301 1656 τῇδε
1332 1583 1436 1655 βίον
1464 1581 1779 1635 κατολισθκί-

209 1688 329 1731 νειν,
356 1675 434 1724 καί
479 1672 634 1732 οὕτως
669 1673 716 1724 ἓν
756 1676 951 1741 σώματι
996 1674 1243 1745 γίνεσθαι·
1275 1674 1437 1745 ἕτεροι
1463 1671 1514 1725 δέ
1648 1673 1779 1725 κατά

1875 513 1979 567 que
2008 499 2317 554 fabricatum
2356 516 2491 557 esse.

1946 679 2082 737 Dicit
2110 681 2269 735 etiam
2300 680 2828 752 sanctus-Gregoriris
2856 687 3131 757 episcopus
3160 687 3358 758 Nyssaa,
3384 686 3439 741 in

1876 766 2242 835 Disputatione
2292 771 2357 824 de
2398 772 2611 826 homine
2662 774 2827 844 (Cap.
2859 774 2965 843 28)
3001 793 3014 828 :
3050 795 3068 827 ι
3102 775 3179 831 Ac
3218 775 3442 830 fortasse

1878 857 2106 910 alienum
2138 872 2242 912 non
2273 870 2354 913 est
2382 875 2411 914 a
2442 849 2813 931 disputationis
2860 872 3050 917 nostra:
3086 867 3360 935 proposito
3389 865 3449 922 id

1878 948 2193 1016 expandere,
2230 951 2375 1018 quod
2423 953 2474 1004 in
2524 952 2773 1007 Ecclesiis
2799 955 2865 1008 de
2913 956 3086 1009 anima
3134 950 3188 1010 et
3214 969 3441 1024 corpore

1879 1049 2279 1093 controversum
2310 1052 2409 1096 est.
2458 1042 2734 1097 Nonnullis
2764 1045 2903 1097 enim
2932 1044 3022 1112 qui
3052 1052 3174 1097 ante
3203 1060 3300 1099 nos
3328 1045 3444 1098 fue-

1879 1137 2024 1196 runt,
2052 1130 2141 1197 qui
2172 1138 2453 1184 tractatum
2482 1131 2547 1185 de
2574 1132 2845 1201 principiis
2865 1133 3096 1197 edidere,
3130 1134 3303 1202 placet
3329 1135 3444 1187 ani-

1880 1232 1994 1271 mas
2023 1218 2183 1271 veluti
2207 1219 2492 1286 quemdam
2521 1221 2773 1289 populum
2820 1222 2872 1274 in
2921 1223 3130 1291 propria
3161 1224 3292 1277 urbe
3319 1231 3445 1280 ante

1881 1308 2182 1361 substitisse
2215 1325 2227 1360 :
2261 1318 2420 1376 atque
2451 1310 2519 1363 ibi
2559 1313 2833 1380 proposita
2881 1327 2999 1367 esse
3041 1315 3283 1383 exempla
3328 1323 3438 1369 tum

1880 1400 2108 1463 virtutis,
2144 1408 2254 1452 tum
2300 1400 2512 1454 malitiae
2544 1420 2556 1453 :
2587 1415 2813 1470 eamque
2839 1404 3086 1469 animam,
3118 1418 3235 1471 qua:
3259 1403 3310 1456 in
3337 1406 3447 1459 vir-

1883 1497 1995 1543 tute
2031 1500 2190 1558 atque
2235 1488 2517 1543 honestate
2562 1492 2952 1558 permanserit,
3002 1506 3341 1559 congressum
3390 1500 3448 1546 et

1881 1578 2332 1638 conﬂictationem
2372 1579 2611 1647 corporis
2640 1579 2854 1632 minime
2883 1581 3111 1648 experiri
3143 1599 3154 1632 :
3187 1582 3229 1635 si
3256 1596 3387 1635 vero
3414 1596 3444 1634 a

1881 1670 2006 1723 boni
2038 1669 2438 1738 participatione
2465 1670 2770 1735 deﬂuxerit,
2810 1670 2947 1724 hanc
2976 1671 3027 1724 in
3054 1674 3215 1725 vitam
3250 1672 3448 1736 delabi,

211 1757 298 1811 τόν
323 1762 539 1813 Μωϋσέα
573 1760 712 1824 τάξει
738 1769 826 1821 τῆς
858 1770 1172 1819 κατασκευῆς
1209 1767 1292 1813 τοῦ
1327 1763 1588 1832 ἀν’)ρὼπου
1619 1781 1781 1835 προσ-

1884 1761 2065 1827 sicque
2094 1775 2213 1813 esse
2251 1761 2301 1812 in
2333 1774 2577 1828 corpore.
2630 1760 2732 1813 Alii
2775 1761 3108 1815 attendentes
3154 1777 3224 1817 ex
3268 1761 3448 1832 Moyse

210 1846 442 1915 ἑκόντες,
475 1847 712 1926 δευτέραν
757 1846 880 1903 εἶναι
921 1855 1011 1907 την
1040 1849 1218 1920 ψυχήν
1254 1856 1342 1903 τοῦ
1387 1854 1621 1918 σώματος
1654 1850 1778 1902 κατὰ

209 1939 296 1990 τὸν
338 1936 527 2011 χρόνον
565 1944 733 2010 φασίν.
765 1938 965 1998 Ἐπειδὴ
998 1948 1198 2014 πρῶτον
1234 1940 1396 1993 λαϐὼν
1427 1939 1462 2018 ὁ.
1481 1941 1603 1999 Θεὸς
1650 1947 1778 2009 χιῦν

211 2026 317 2080 διπὸ
343 2035 432 2085 τῆς
458 2035 549 2096 γῆς
576 2029 663 2081 τὸν
688 2025 943 2101 ἄνθρωπον
967 2027 1201 2094 ἔπλασεν,
1231 2025 1316 2082 εἶθ’
1334 2030 1390 2083 οἵ
1396 2051 1492 2089 τως
1536 2030 1778 2098 ἐψύχωσε

211 2113 299 2170 διὰ
325 2123 416 2172 τοῦ
443 2118 817 2189 ἐμφυσήματος.
835 2138 852 2169 ε
883 2123 969 2174 Καὶ
995 2121 1107 2190 μετ’
1129 2121 1287 2191 dli-7w
1321 2138 1338 2170 ε
1367 2121 1424 2172 Οἱ
1452 2128 1523 2191 τῷ
1551 2122 1781 2194 προτέρῳ

210 2209 581 2278 παριστάμενοι
607 2206 754 2280 λόγῳ,
786 2213 870 2262 καί
905 2210 1258 2284 πρεσϐυτέραν
1286 2218 1374 2269 τῆς
1403 2210 1452 2261 ὲν
1483 2212 1631 2283 σαρκὶ
1654 2214 1782 2272 ζωῆς

209 2300 303 2354 τήν
328 2296 579 2351 πολιτείαν
608 2306 706 2351 τῶν
732 2299 917 2368 φυλῶν
947 2299 1346 2371 δογματίζοντες,
1384 2298 1441 2354 οὔ
1467 2322 1548 2370 μοι
1576 2300 1784 2354 δοκοῦσι

212 2390 314 2441 τῶν
334 2388 615 2445 Ἑλληνικῶν
635 2389 923 2463 καθαρεύειν
950 2399 1048 2445 τῶν
1076 2395 1193 2465 περὶ
1217 2400 1306 2449 τῆς
1327 2391 1784 2463 μτεμψυχὼσεως

211 2478 704 2551 μεμυθολογημένων.
747 2481 804 2532 El
844 2480 941 2556 γάρ
976 2501 1054 2539 τις
1091 2480 1310 2554 ἀκριϐῶς
1350 2483 1620 2545 ἐξετάσειε,
1654 2481 1784 2557 πρὸς

212 2576 364 2625 τοῦτο
394 2572 523 2623 κατά
554 2575 720 2625 πᾶσαν
745 2572 961 2641 ἀνάγκην
982 2574 1066 2626 τὸν
1096 2572 1233 2644 λόγον
1271 2575 1443 2633 αὐτοῖς
1469 2574 1671 2645 εὑρήσει
1695 2596 1784 2627 κα-

213 2658 569 2732 τασυρόμενον.
608 2662 732 2713 Φασὶ
758 2682 868 2715 τινα
893 2668 991 2714 τῶν
1020 2661 1143 2734 παρ’
1161 2663 1361 2720 ἐκείνοις
1403 2670 1566 2735 σοφῶν
1591 2666 1784 2737 εἰρηκέ-

211 2766 309 2803 ναι.
340 2745 419 2802 ὅτι
449 2751 529 2802 καί
554 2750 673 2825 ἀνὴρ
699 2752 896 2821 γέγονε,
933 2753 1012 2802 καὶ
1053 2752 1280 2823 γυναικὸς
1318 2759 1465 2821 σῶμα
1505 2756 1781 2825 μετημφιὼ

214 2856 365 2895 σατο.
392 2839 475 2891 καί
517 2837 630 2910 μετ’
652 2840 827 2912 ὀρνέων
874 2841 1086 2897 ἀνέπτη.
1117 2842 1201 2892 καὶ
1245 2838 1428 2912 θάμνος
1482 2843 1668 2913 ἐφοίτα,
1703 2848 1782 2897 καὶ

211 2926 301 2978 τὸν
333 2923 532 2999 ἔν·.δρον
577 2924 737 2996 ἔλαχε
785 2926 912 3004 βίον.
952 2929 1023 2979 Οὐ
1062 2927 1233 3002 πόῤῥω
1274 2937 1364 2986 τῆς
1403 2929 1625 2989 ἀληθείας
1659 2933 1783 2985 κατά

210 3020 305 3072 τὸν
351 3016 469 3083 ἐμὴν
511 3020 675 3090 κρίσιν
717 3007 1022 3095 γερόμενοςό
1050 3021 1167 3089 περὶ
1201 3018 1381 3072 ἑαυτοῦ
1410 3026 1573 3074 ταῦτα
1601 3021 1774 3092 λέγων.

1879 1848 2141 1900 condendi
2170 1848 2402 1900 hominis
2430 1848 2671 1900 ordinem
2698 1888 2712 1912 ,
2744 1850 2975 1902 animam
3014 1865 3240 1918 corpore
3270 1860 3449 1918 postc—
3478 1853 3483 1858 ’

1878 1935 2076 1987 riorem
2107 1942 2348 2003 tempore
2376 1950 2494 1988 esse
2519 1935 2704 1989 dicunt
2732 1955 2744 1989 :
2772 1938 3198 2005 quandoquidem
3218 1939 3448 2007 primum

1880 2022 2020 2074 Deus
2044 2023 2222 2075 limum
2252 2037 2283 2075 e
2312 2030 2454 2076 terra
2482 2038 2716 2085 sumens,
2744 2024 2897 2078 ilnxit
2922 2026 3213 2093 hominem,
3236 2042 3299 2081 ac
3324 2042 3446 2082 eum

1881 2109 2072 2162 deinde
2121 2110 2468 2178 inspiratione
2516 2113 2788 2167 animavit.
2820 2132 2838 2164 ι
2865 2114 2940 2166 Ac
2957 2115 3113 2182 paulo
3131 2122 3276 2184 post:
3303 2133 3322 2164 ι
3348 2115 3449 2181 Qui

1884 2198 2109 2264 primam
2138 2201 2401 2253 rationem
2432 2208 2666 2267 tuentur,
2697 2212 2754 2256 et
2780 2203 3075 2258 animarum
3147 2205 3300 2273 quasi
3319 2206 3450 2260 civi-

1885 2295 2050 2340 tatem
2081 2289 2435 2356 antiquiorem
2465 2291 2571 2344 vita
2602 2307 2862 2361 corporea
2892 2304 3155 2360 asserunt,
3186 2311 3292 2350 non
3321 2297 3450 2353 mihi

1885 2376 2132 2431 videntur
2159 2394 2343 2432 carere
2370 2394 2698 2448 paganorum
2750 2384 2960 2446 fabulis,
3005 2401 3124 2454 qua:
3150 2386 3216 2441 de
3243 2380 3449 2441 anima-

1881 2480 1998 2519 rum
2028 2483 2093 2519 ex
2121 2468 2238 2521 aliis
2260 2469 2312 2521 in
2335 2469 2435 2522 alia
2466 2485 2693 2539 corpora
2715 2473 3029 2541 migratione
3056 2475 3279 2544 prodita:
3305 2490 3449 2531 sunt.

1881 2556 1937 2610 Si
1965 2558 2083 2625 quis
2111 2559 2251 2612 enim
2299 2545 2882 2631 subtiliter'examinet,
2912 2566 3205 2633 comperiet
3229 2566 3332 2621 huc
3360 2583 3451 2621 ne-

1880 2647 2116 2701 cessario
2144 2650 2407 2703 rationem
2436 2666 2621 2705 eorum
2652 2652 2878 2706 devolvi.
2908 2653 3087 2719 Aiunt,
3110 2655 3393 2723 quemdam
3421 2672 3452 2711 ε

1881 2746 2039 2787 secta:
2068 2750 2178 2788 suae
2213 2738 2541 2805 sapientibus
2571 2740 2793 2805 dixisse,
2827 2750 2878 2795 et
2905 2742 3073 2795 virum
3105 2742 3266 2798 fuisse
3292 2758 3373 2812 se,
3400 2752 3450 2799 et

1883 2826 2142 2879 muliebre
2154 2828 2685 2897 corpusinduisse,et
2705 2817 3011 2886 subvolasse
3033 2847 3152 2887 cum
3180 2833 3386 2901 avibus,
3400 2841 3448 2888 et

1882 2917 2045 2971 luisse
2066 2919 2420 2981 arbusculam,
2450 2928 2505 2973 et
2531 2922 2817 2988 aquatilem
2848 2923 3007 2976 vitam
3032 2924 3300 2978 sortitum.
3335 2922 3450 2978 Non

1883 3006 2188 3073 longe,meo
2209 3007 2422 3075 quidem
2442 3008 2663 3076 judicio,
2681 3025 2711 3064 a
2733 3025 2862 3065 vero
2884 3011 3129 3075 discedit,
3145 3012 3237 3080 qui
3262 3013 3375 3068 haec
3387 3013 3457 3067 de

210 3103 407 3165 Ὀντως
430 3109 525 3181 γὰρ
543 3109 828 3181 βατράχων
852 3115 1016 3167 τινῶν.
1037 3108 1064 3167 ἦ
1095 3118 1292 3163 κολοιῶν
1316 3110 1571 3186 λτιλυαρίας,
1604 3111 1634 3170 ἣ
1664 3115 1781 3166 ἀλο-

1884 3109 1942 3147 se
1967 3094 2213 3147 allirmat.
2240 3094 2378 3150 Vere
2405 3098 2546 3150 enim
2565 3139 2580 3165 ,
2607 3099 2691 3153 vel
2711 3114 2959 3154 ranarum
2991 3110 3083 3155 aut
3116 3102 3455 3169 graculorum

209 3199 329 3266 γίας
373 3199 596 3265 ἰχθύων,
645 3200 672 3255 ἡ
718 3197 879 3272 δρυῶν
929 3200 1257 3259 diva-aeneia:
1301 3197 1416 3264 ἄξια
1455 3204 1523 3255 τά
1570 3210 1782 3258 τοιαῦτα

209 3282 463 3357 δόγματα.
495 3287 551 3339 τὸ
580 3288 696 3357 μίαν
721 3287 902 3357 ψυχήν
928 3288 1079 3359 λέγειν
1100 3286 1182 3340 διὰ
1206 3290 1460 3342 τοσούτων
1486 3291 1656 3344 ἐλθεῖν.
1682 3300 1780 3351 Τῆς

209 3373 270 3429 δέ
302 3383 542 3436 τοιαύτης
570 3380 783 3437 ἀτοπίας
814 3376 941 3434 αὕτη
977 3378 1110 3431 ἐστὶν
1137 3380 1165 3434 ἡ
1194 3380 1349 3441 αἰτία,
1381 3380 1437 3432 τὸ
1463 3383 1784 3451 προϋφεστά-

206 3487 297 3520 ναι
332 3470 425 3527 τάς
464 3466 647 3537 ψυχὰς
686 3466 908 3521 οἵεσῦαι⁵
955 3464 1018 3520 δι’
1040 3466 1300 3522 ἀκολούίου
1342 3468 1436 3539 γὰρ
1461 3471 1490 3524 ἡ
1518 3469 1660 3540 ἀρχή
1694 3478 1782 3524 τοῦ

203 3559 442 3613 τοιούτου
469 3554 715 3626 δόγματος
742 3559 822 3608 ἐπί
846 3557 900 3609 τὸ
927 3558 1295 3628 προσεχές-τε,
1319 3560 1404 3609 καὶ
1425 3560 1787 3629 παρακείμενον

203 3647 301 3701 τὸν
328 3642 470 3714 λόγον
495 3647 814 3718 προάγουσα,
839 3646 1003 3718 μέχρι
1032 3647 1211 3699 τούτου
1230 3647 1593 3722 τερατευομένη
1615 3647 1785 3713 διέξει-

203 3757 312 3791 σιν.
338 3740 394 3789 Εἰ
416 3738 509 3810 γὰρ
539 3734 622 3788 διὰ
650 3756 781 3795 τινος
805 3738 978 3795 κακίας
1016 3738 1402 3792 ἀποσπασθεῖσα
1423 3748 1513 3799 τῆς
1539 3739 1784 3809 ὑψηλοτέ-

202 3827 361 3897 pacti
383 3824 535 3895 ψυχὴ
581 3826 835 3884 πολιτείας
879 3822 1140 3899 ἅνθρωπος
1177 3831 1381 3900 γίνεται,
1418 3831 1785 3907 ἐμπαθέστερος

202 3911 261 3969 δὲ
314 3917 515 3974 πάντως
554 3913 580 3969 ό
620 3917 670 3968 ἓν
713 3919 863 3990 σαρκί
892 3917 1003 3987 βίος
1049 3918 1359 3989 ὡμολόγηται
1396 3924 1541 3994 παρά
1578 3921 1662 3974 τὸν
1690 3929 1787 3976 τῶν

201 4004 385 4060 ἆίδίων
420 4009 506 4059 καί
546 4008 848 4076 ἀσωμάτων,
875 4008 1064 4077 ἀνάγκη
1092 4015 1240 4064 πᾶσα
1269 4015 1357 4067 τήν
1386 4012 1435 4063 ἐν
1475 4021 1545 4081 τῷ
1574 4015 1786 4085 τοιούτῳ

200 4098 465 4169 γινομένην
502 4098 619 4172 βίῳ,
644 4098 691 4151 ἓν
718 4095 756 4170 ᾧ
792 4102 875 4152 καὶ
906 4100 1103 4161 πλείους
1147 4103 1197 4155 αί
1237 4103 1365 4176 πρὸς
1393 4107 1449 4156 τὸ
1481 4103 1784 4177 ἁμαρτάνειν

200 4186 338 4239 εἰσίν
378 4188 616 4260 ἀφορμαί,
650 4188 697 4239 ἔν
726 4188 912 4242 πλείονί
956 4210 1009 4243 τε
1051 4196 1194 4265 κακίᾳ
1232 4195 1467 4264 γίνεσθαι,
1500 4196 1580 4247 καὶ
1621 4195 1785 4266 ἔμπα-

200 4275 440 4345 θέστερον
466 4275 767 4333 διατεθῆναι⁹
798 4279 1109 4353 ἀνθρωπίνης
1136 4279 1188 4334 δὲ
1219 4280 1398 4350 ψυχῆς
1422 4285 1574 4343 πάθος
1598 4286 1627 4343 ἠ
1656 4286 1785 4359 πρὸς

201 4366 266 4420 τὸ
299 4363 477 4435 ἄλογόν
503 4367 634 4420 ἔστιν
660 4365 917 4432 ὃμοίωσις⁸
940 4371 1102 4440 τούτῳ
1124 4369 1175 4424 δὲ
1196 4376 1669 4442 προςοικειωθείσαν
1704 4376 1787 4427 αὐ-

1883 3187 2097 3253 garrulo
2136 3186 2359 3254 strepitu
2389 3227 2403 3251 ,
2443 3187 2525 3241 vel
2564 3189 3030 3245 irrationabilitate
3072 3192 3293 3259 piscium
3316 3232 3333 3258 ,
3372 3210 3455 3247 rm

1885 3276 2131 3329 arborum
2154 3277 2558 3333 insensibilitate
2570 3279 2839 3347 eji'smodi
2862 3281 3137 3350 disciplina
3167 3282 3323 3350 digna
3354 3292 3455 3347 est,

1885 3380 2002 3434 quae
2034 3376 2111 3420 tot
2156 3383 2241 3421 res
2284 3384 2560 3437 permeare
2599 3385 2757 3423 unam
2789 3372 3017 3424 animam
3065 3371 3227 3425 dicat.
3259 3370 3456 3427 Harum

1884 3464 2062 3507 autem
2093 3456 2410 3525 ineptiarum
2461 3460 2573 3513 haec
2601 3470 2759 3514 causa
2789 3467 2871 3513 est
2892 3501 2906 3526 ,
2947 3460 3086 3529 quod
3119 3463 3456 3530 pricexistere

1886 3544 2093 3597 animas
2120 3547 2488 3613 Opinabantur.
2517 3548 2920 3616 Consequenter
2945 3550 3087 3603 enim
3113 3533 3233 3603 talis
3260 3550 3457 3605 doctri-

1885 3631 2323 3704 nae'principium
2371 3636 2437 3689 ad
2485 3636 2662 3690 aﬂinia
2705 3646 2759 3691 et
2798 3637 3047 3705 adjuncta
3086 3639 3455 3707 progrediens,

1889 3720 2164 3789 hucusque
2190 3733 2491 3778 commenta
2521 3741 2616 3779 sua
2644 3736 2923 3795 propagat.
2970 3726 3104 3783 Nam
3131 3728 3173 3780 si
3205 3742 3299 3796 per
3326 3728 3458 3782 vitia

1886 3811 2095 3865 animus
2124 3828 2153 3865 a
2183 3815 2478 3869 sublimiori
2517 3817 2622 3870 vita
2651 3817 2975 3882 abstractus,
3019 3818 3181 3872 homo
3212 3818 3287 3884 lit,
3321 3833 3385 3873 ac
3411 3822 3456 3874 si

1887 3900 1939 3954 in
1972 3900 2217 3957 confesso
2246 3913 2356 3969 est,
2387 3906 2550 3960 vitam
2582 3922 2895 3977 corpoream
2924 3908 3262 3977 passionibus
3290 3910 3457 3978 magis

1886 3990 2171 4045 obnoxiam
2202 4008 2320 4047 esse
2345 4036 2361 4060 ,
2402 4009 2559 4062 quam
2588 4004 2843 4051 aeternam
2873 4006 3033 4067 atque
3061 3999 3456 4068 incorpoream,

1884 4096 2103 4137 necesse
2154 4091 2237 4137 est
2284 4086 2513 4140 animam
2561 4088 2615 4141 in
2665 4090 2766 4143 hac
2793 4091 2900 4143 vita
2928 4090 3241 4157 degentem,
3272 4093 3456 4163 inqua

1884 4171 2062 4239 plures
2090 4170 2369 4229 facultates
2399 4175 2468 4229 ad
2496 4176 2826 4245 peccandum
2854 4187 3165 4249 suppetunt,
3200 4181 3251 4235 in
3282 4183 3454 4251 pluri-

1883 4262 1983 4317 bus
2003 4266 2204 4318 versari
2227 4266 2385 4332 vitiis,
2409 4269 2686 4337 magisque
2706 4270 3039 4338 passionibus
3061 4271 3223 4327 allici.
3254 4272 3458 4330 Anima!

1887 4364 2064 4409 autem
2093 4357 2339 4411 humana:
2368 4361 2547 4428 passio
2573 4400 2588 4427 ,
2618 4361 2908 4416 similitudo
2948 4369 3030 4418 est
3070 4362 3136 4417 ad
3175 4364 3456 4419 irrationa-

200 4464 298 4511 τήν
328 4460 401 4515 είς
425 4456 648 4516 κηνὼδη
684 4460 830 4530 φύσιν
860 4462 1220 4536 μεταῤῥυῆναυ
1246 4460 1382 4525 ἅπαξ
1412 4461 1465 4516 δὲ
1496 4461 1578 4517 διὰ
1605 4466 1779 4524 κακίας

1884 4446 2028 4500 bilia.
2083 4447 2219 4502 Huic
2268 4463 2395 4517 ergo
2432 4450 2555 4503 vita:
2584 4450 2828 4506 devincta
2858 4453 3051 4519 anima,
3084 4455 3136 4509 in
3165 4455 3458 4511 bestiarum

199 4545 523 4611 ὁδεύουσαν,
571 4545 696 4618 μηδέ
739 4549 787 4601 ἐν
823 4550 985 4623 ἀλόγῳ
1027 4554 1283 4621 γενομένην
1302 4560 1392 4610 τῆς
1419 4555 1503 4607 ἐπί
1528 4554 1587 4606 τὸ
1627 4557 1779 4609 κακὸν

182 4636 436 4712 προόδου
463 4639 620 4702 λήξειν
644 4641 787 4694 ποτέ.
819 4651 869 4694 Ἦ
891 4644 986 4716 γὰρ
1009 4649 1098 4696 τοῦ
1126 4648 1279 4696 κακοῦ
1305 4643 1509 4705 στάσις,
1527 4646 1671 4717 ἀρχὴ
1690 4655 1780 4705 τῆς

199 4729 323 4782 κατ’
354 4730 537 4802 ἀρετήν
577 4730 709 4785 ἔστιν
737 4729 922 4803 ὁρμῆς,
945 4728 1119 4805 ’Δρετη
1144 4730 1197 4786 δὲ
1226 4733 1275 4785 iv
1300 4732 1492 4803 ἀλόγοις
1512 4734 1599 4785 οὐκ
1622 4731 1776 4787 ἔστιν.

201 4818 403 4870 Οὐκοῦν
440 4819 520 4870 ἀεὶ
544 4820 671 4892 πρὸς
709 4821 766 4874 τὸ
812 4827 984 4895 χεῖρον
1012 4822 1062 4884 ἐξ
1092 4822 1308 4893 ἀνάγκης
1349 4822 1738 4881 ἀλλοιωθήσεται
1762 4865 1775 4888 ,

198 4911 424 4963 πάντοτε
466 4908 592 4981 πρὸς
626 4902 699 4964 τό
711 4918 888 4985 χεῖρον
915 4914 1002 4965 καὶ
1044 4912 1338 4984 ἀτιμότερον
1378 4908 1662 4987 προϊοῦσα,
1697 4918 1781 4968 καί

198 5001 288 5055 ἀεὶ
318 5000 377 5053 τὸ
405 5006 580 5070 χεῖρον
606 5009 696 5061 τῆς
722 5003 769 5055 ἓν
841 5004 953 5057 ἔστι
971 5005 1165 5074 φύσεως
1196 5004 1573 5078 ἐξευρίσκουσα·
1606 5005 1778 5080 ὥσπερ

198 5090 260 5147 δὲ
286 5098 383 5145 τοῦ
425 5093 621 5165 λογικοῦ
664 5096 723 5149 τὸ
758 5097 989 5152 αἰσθητὸν
1013 5097 1352 5162 ὑποϐέϐηκεν,
1396 5097 1528 5152 οὕτω
1563 5101 1643 5152 καί
1683 5100 1783 5153 ἀπὸ

196 5182 396 5237 τούτου
421 5184 505 5238 ἐπί
528 5186 585 5239 τὸ
613 5186 904 5242 ἀναίσθητον
943 5188 1264 5255 μετάπτωσις
1288 5189 1493 5257 γίνεται.
1527 5187 1668 5241 Ἀλλά
1691 5189 1781 5257 μέ-

196 5290 305 5346 χρι
329 5272 509 5327 τούτου
532 5275 722 5346 προϊὼν
750 5271 774 5326 ὁ
803 5273 945 5344 λόγος
972 5274 1142 5332 αὐτοῖς
1160 5311 1176 5337 ,
1208 5276 1288 5327 καί
1312 5272 1411 5336 ἔξω
1439 5284 1530 5334 τῆς
1558 5274 1783 5333 ἀληθείας

195 5359 431 5430 φέρεται,
461 5360 585 5413 ἀλλά
604 5380 660 5432 γε
685 5358 768 5415 διὰ
796 5381 930 5421 τινος
962 5361 1250 5421 ἀκολουθίας
1274 5360 1464 5415 ἄτοπον
1502 5364 1552 5426 ἐξ
1592 5363 1785 5416 ἀτόπου

186 5448 602 5522 μεταλαμϐάνει.
656 5451 724 5503 Τὸ
771 5448 824 5505 δέ
872 5453 1090 5505 ἐντεῦθεν
1148 5451 1242 5510 ἤδη
1286 5452 1367 5506 διὰ
1417 5461 1516 5507 τῶν
1573 5455 1787 5526 ἀσυναρο

193 5547 369 5597 τήτων
401 5541 568 5597 αὐτοῖς
595 5539 652 5592 τὸ
685 5537 848 5610 δόγμα
888 5543 1258 5608 μυθοποιεῖται.
1305 5553 1356 5596 'li
1406 5546 1494 5612 μὲν
1536 5545 1790 5598 ς’κιλουθίοι

194 5626 424 5685 παντελῆ
451 5625 713 5700 διαφθορὰν
733 5636 822 5687 τῆς
850 5629 1028 5698 ψυχῆς
1049 5627 1418 5683 ὑποδείκνυσιν.
1449 5639 1500 5681 Ἠ
1524 5634 1619 5703 γὰρ
1652 5632 1788 5695 ἅπαξ

172 5710 295 5771 ’τῆς
333 5714 526 5787 ὑψηλῆς
567 5717 822 5778 πολιτείας
864 5717 1282 5781 ἀπολισθὴσασα,
1333 5721 1382 5772 ἓν
1421 5718 1578 5774 οὐδενὶ
1616 5722 1782 5794 μέτρῳ

1885 4542 2128 4589 naturam
2155 4536 2449 4602 delabetur,
2480 4553 2543 4611 ac
2570 4540 2734 4609 semel
2764 4540 2888 4595 vitia
2919 4543 3172 4611 ingressa,
3204 4544 3363 4615 inque
3384 4546 3458 4599 ir-

1884 4628 2300 4684 rationabilitate
2346 4643 2600 4695 versans,
2624 4630 2831 4713 pullum
2880 4630 3037 4688 ﬁnem
3084 4634 3151 4689 ad
3198 4636 3455 4692 malitiam

1883 4720 2255 4790 progrediendi
2319 4720 2494 4777 faciet.
2572 4721 2674 4778 Ubi
2744 4725 2885 4779 enim
2949 4726 3149 4780 malitia
3224 4728 3450 4795 sistitur,

1885 4811 2120 4865 succedit
2148 4811 2377 4880 impetus
2405 4811 2472 4866 ad
2513 4813 2794 4879 virtutem;
2843 4815 2992 4883 atqui
3020 4815 3189 4870 virtus
3238 4817 3291 4870 in
3321 4817 3455 4870 irra-

1883 4902 2221 4958 tionabilibus
2275 4903 2417 4957 nulla
2463 4911 2583 4968 est;
2634 4904 2687 4957 in
2749 4904 2985 4961 deterius
3037 4919 3166 4974 ergo
3214 4906 3457 4960 necessa-

1885 4992 1966 5045 rio
2014 4993 2338 5057 mutabitur,
2369 4993 2580 5048 assidue
2627 4995 2694 5048 ad
2721 4995 2905 5064 pejora
2953 4997 3299 5065 turpioraque
3338 5011 3492 5074 pro--

1884 5081 2166 5149 grediens,
2214 5081 2432 5150 ejusque
2474 5091 2714 5148 natura},
2774 5087 2825 5138 in
2869 5100 2975 5154 qua
3032 5092 3132 5151 est,
3186 5084 3456 5141 deteriora

1885 5184 2110 5241 quaeque
2134 5187 2347 5241 semper
2367 5174 2793 5230 comminiscens.
2822 5176 2987 5230 Porro
3007 5175 3453 5244 quemadmodum

1887 5262 2190 5316 rationabili
2216 5262 2466 5317 sensibile
2493 5264 2753 5331 subjacet,
2776 5267 2852 5320 sic
2880 5273 2936 5319 et
2963 5266 3030 5320 ab
3052 5266 3155 5319 hoc
3181 5264 3249 5319 ad
3280 5266 3454 5321 insen-

1888 5350 2041 5404 sibile
2092 5348 2150 5403 ﬁt
2194 5351 2486 5420 prolapsio.
2535 5351 2895 5427 Quamobrem,
2941 5354 3043 5407 huc
3088 5353 3225 5407 ratio
3263 5368 3452 5408 eorum

1890 5441 2143 5510 evadens,
2183 5458 2213 5496 a
2240 5444 2464 5497 veritate
2491 5444 2725 5509 aberrat,
2755 5452 2809 5497 ct
2835 5460 2930 5512 per
2958 5445 3238 5514 quamdam
3261 5459 3455 5501 conse-

1889 5532 2159 5599 quentiam
2189 5546 2252 5585 ex
2281 5532 2522 5587 absurdis
2547 5533 2613 5586 ad
2638 5534 2863 5587 absurda
2904 5550 2962 5589 se
2989 5532 3214 5588 confert.
3250 5533 3452 5592 Exinde

1888 5639 2072 5678 eorum
2098 5624 2337 5679 doctrina
2381 5640 2477 5694 per
2503 5640 2564 5679 ea
2592 5641 2711 5694 quae
2739 5627 2875 5680 inter
2902 5642 2960 5681 se
3006 5642 3112 5680 non
3159 5627 3446 5689 cohaerent.

1889 5717 2127 5772 fabulose
2167 5717 2423 5787 procedit.
2470 5716 2864 5787 Consequentia
2892 5718 3020 5775 vero
3060 5718 3169 5787 ipsa
3216 5719 3448 5776 ostendit
3532 5750 3539 5756 -
