3958 6288
521 343 626 410 967

1835 327 2274 389 IUSTINIANI
2319 325 2472 384 IMP.

3699 320 3804 386 968

531 465 704 520 κακίας
723 461 900 510 στῆναι
916 447 1205 510 δυνήσει-αι’
1233 449 1356 504 ἀλλά
1375 447 1456 502 διὰ
1484 453 1571 506 τῆς
1597 448 1720 518 πρὸς
1737 445 1796 496 τὰ
1823 439 1953 499 πάθη
1979 446 2102 509 σχέ-

2219 435 2566 492 )mn'tmodam
2597 432 2785 486 anima:
2813 428 3194 498 corruptelam.
3225 425 3356 494 Quas
3382 424 3528 481 enim
3558 429 3739 482 semel
3763 443 3791 482 a

532 566 663 606 σιως
685 545 787 598 ἀπὸ
812 545 900 609 μίν
931 547 1020 594 τοῦ
1047 540 1246 612 λογικοῦ
1269 541 1399 612 πρὸς
1428 539 1482 590 τὸ
1516 533 1694 606 ἄλογον
1727 532 2068 602 μεταϐήσεται

545 634 636 689 ἀπ’
660 633 842 688 ἆκείνου
869 630 922 686 δὲ
943 633 1070 706 πρὶς
1093 643 1183 688 την
1205 637 1303 684 τῶν
1327 635 1492 700 φυτῶν
1529 625 1858 680 ἀναισθησίαν
1893 639 2106 691 μετατε-

529 722 760 786 θὰσεται,
805 729 878 793 τῷ
908 718 962 776 δέ
983 720 1267 791 ἀναισθήτῳ
1298 738 1406 778 πως
1431 719 1489 772 τὸ
1515 713 1724 786 ἄψυχον
1741 751 1755 775 ,
1782 717 1946 781 τούτῳ
1974 710 2025 764 δὲ
2049 709 2106 764 τὸ

529 817 850 890 ἀνύπαρκτον
899 813 1096 868 ἕπεται.
1145 807 1300 864 Ὠστε
1344 808 1506 866 διόλου
1557 806 1643 860 διὰ
1686 812 1777 864 τῆς
1824 803 2107 860 ἀκολουθίας

532 906 660 979 πρὸς
686 907 744 960 τὸ
769 909 858 974 ’μή
896 899 952 956 ὃν
1003 905 1176 962 αὐτοῖς
1216 903 1247 960 ἡ
1293 901 1446 972 ψυχή
1493 903 1874 971 μεταχωρήσει.
1919 897 2108 948 Οὐκοῦν

533 999 800 1067 ἀμήχανος
828 997 952 1066 αὐτῇ
971 993 1118 1046 πάλιν
1140 990 1293 1046 ἔσται
1318 991 1497 1078 η”πρός
1523 993 1581 1042 τὸ
1600 993 1827 1060 κρεῖττον
1849 981 2106 1043 ἐπάνοδος.

533 1079 676 1143 Ἀλλά
699 1088 797 1154 μὴν
825 1083 880 1136 ἐκ
910 1082 1099 1152 θάμνου
1134 1081 1218 1134 ἐπὶ
1237 1081 1321 1132 τὸν
1353 1073 1611 1151 ἄνθρωπον
1639 1075 1728 1133 τήν
1754 1073 1933 1144 ψυχήν
1959 1073 2110 1128 ἔπαν-

531 1179 764 1250 ἁγουσιν.
807 1176 997 1229 Οὐκοῦν
1043 1172 1412 1248 προτιμοτέραν
1454 1174 1545 1226 τὴν
1579 1171 1630 1222 ἐν
1654 1169 1820 1238 θάμνῳ
1848 1170 1977 1230 ζωήν
2021 1171 2111 1222 τῆς

531 1269 814 1336 ἀσωμάτου
836 1263 1082 1335 διαγωγῆς
1111 1263 1162 1315 ἐκ
1185 1263 1377 1317 τούτων
1399 1257 1830 1314 ἀποδεικνύουσιν.
1862 1254 2114 1310 Δέδεικται

537 1360 630 1433 γάρ
657 1356 735 1413 ὅτι
769 1356 895 1430 πρὸς
923 1357 982 1408 τὸ
1008 1361 1184 1427 χεῖρον
1213 1353 1442 1423 γινομένη
1467 1351 1496 1406 ἡ
1531 1345 1746 1420 πρόοδος
1783 1354 1872 1404 τὴς
1896 1345 2076 1414 ψυχῆς
2095 1382 2110 1409 ,

534 1449 665 1525 πρὸς
693 1449 752 1502 1'5
775 1449 1052 1518 κατάτερον
1071 1443 1200 1496 κατὰ
1217 1443 1274 1494 τὸ
1301 1441 1425 1499 εἰκὸς
1445 1439 1780 1495 ὑποϐήσεται.
1811 1434 2113 1490 ’Υποϐἑϐηκε

537 1539 593 1596 δὲ
615 1545 704 1598 τὴν
734 1538 1029 1594 ἀναίσθητον
1049 1537 1196 1606 φύσιν
1219 1533 1278 1586 τὸ
1299 1529 1506 1603 ἄψυχον
1543 1531 1614 1588 είς
1639 1526 1663 1582 ὃ
1685 1527 1748 1582 δι’
1771 1528 2056 1586 ἀκολουθίας
2085 1527 2115 1582 ἠ

537 1616 680 1707 διρῇιή
703 1635 792 1684 τοῦ
822 1627 1072 1698 δόγματος
1093 1628 1255 1680 αὐτῶν
1282 1629 1373 1682 τήν
1415 1622 1594 1693 ψυχήν
1641 1619 1772 1692 ἄγει.
1805 1617 1926 1671 Ἀλλ’
1949 1615 2116 1674 ἐπειδὴ

535 1727 690 1776 τοῦτο
717 1723 772 1774 οὐ
799 1719 1079 1794 βούλονται,
1112 1716 1144 1776 ἦ
1185 1723 1258 1788 τῷ
1297 1715 1581 1782 ἀναισθήτῳ
1617 1717 1708 1769 τήν
1736 1711 1916 1781 ψυχήν
1964 1729 2118 1764 καταο

539 1814 784 1868 κλείουσιν

535 1904 830 1973 δπανᾶγοιεν
845 1902 974 1975 βίον,
1000 1899 1387 1976 προτιμότερον,
1403 1899 1559 1956 καθὼς
1579 1895 1794 1970 ὄρηται,
1817 1895 1902 1948 τὸν
1922 1892 2113 1956 ξυλώδη

490 2055 510 2060 _
536 1995 644 2066 βίον
661 2003 753 2054 τῆς
777 1995 980 2071 πρώτης
1009 1989 1332 2053 ἀποδείξωσι
1359 1987 1748 2044 καταστάσεως·
1781 1983 1923 2057 εἴπερ
1936 1983 2114 2036 ἐκεῖθεν

537 2085 630 2153 μέν
665 2085 696 2142 ἡ
721 2069 852 2156 πρὸς
903 2081 1074 2136 κακίαν
1115 2080 1445 2137 κατάπτωσις
1499 2075 1718 2149 γέγονεν,
1759 2073 1980 2129 Letoa“
2003 2069 2056 2126 δέ
2084 2072 2114 2128 ἠ

536 2173 662 2246 πρὸς
684 2173 866 2245 ἀρετήν
891 2167 1124 2230 ἐπάνοδος
1145 2170 1352 2240 γίνεται.
1397 2169 1584 2219 οὐκοῦν
1607 2163 1848 2234 ἀκέφαλος
1875 2183 1982 2225 τις,
2031 2161 2118 2214 καί

537 2261 717 2323 ἀτελὴς
753 2261 780 2316 ὁ
821 2251 1051 2320 τᾶιοῦτος
1077 2258 1396 2331 διελέγχεται
1435 2256 1611 2325 λόγος,
1642 2254 1667 2308 ὁ
1695 2255 1788 2312 τὰς
1826 2253 2011 2322 ψυχὰς
2048 2253 2118 2323 ἔφ’

537 2353 732 2408 ἑαυτῶν
757 2351 862 2425 πρὸ
896 2358 988 2410 τῆς
1015 2351 1066 2404 ἕν
1095 2351 1250 2422 σαρκί
1275 2353 1406 2411 ζωῆς
1435 2345 1678 2416 βιοτεύειν
1699 2343 2114 2406 κατασκευάζων,

538 2445 622 2498 καί
649 2441 734 2498 διὰ
752 2444 922 2496 κακίαν
940 2438 1220 2494 ἇνδεδίσθαε
1237 2445 1345 2498 τοῖς
1381 2439 1608 2506 σώμασι.
1633 2453 1652 2484 ε
1680 2431 1928 2506 Προδήλου
1952 2435 2117 2486 τοίνυν

539 2532 697 2594 οῦσης
724 2540 814 2592 τῆς
841 2539 932 2587 τοῦ
963 2532 1156 2604 πατρὸς
1183 2524 1524 2586 διδασκιλίας.
1554 2529 1638 2580 καί
1665 2525 2118 2600 άποκηρυττούσηε

540 2622 598 2676 τὸ
617 2621 774 2693 λέγειν
801 2621 1161 2697 προϋπάρχειν
1187 2619 1281 2678 τὰς
1307 2617 1487 2688 ψυχάς
1525 2623 1623 2672 τῶν
1663 2615 1936 2686 σωμάτων,
1970 2615 2117 2668 ﬁxo-i-

540 2731 711 2781 σωμεν
739 2715 823 2766 καί
841 2717 930 2766 τοῦ
965 2715 1016 2766 ὲν
1039 2711 1199 2782 ἁγίοις
1226 2710 1463 2781 Θεοφίλου
1484 2714 1572 2762 τοῦ
1597 2707 1874 2762 ἐπισκόπου
1900 2703 2117 2770 ’Δλεξαν-

540 2799 733 2878 δρείας,
748 2803 848 2856 ἀπὸ
868 2807 960 2858 τοῦ
975 2801 1121 2874 λόγου
1141 2807 1234 2857 τοῦ
1253 2802 1530 2874 γραφέντος
1549 2798 1677 2873 πρὸς
1702 2817 1840 2856 τινας
1860 2797 2120 2867 μοναχούς

540 2890 902 2966 τάὪριγίνους
927 2895 1250 2966 φρονοῦντας,
1267 2889 1497 2960 λέγοντος
1524 2885 1662 2944 τάδε·
1689 2905 1706 2936 ε
1731 2887 1920 2940 ούκοίν
1943 2885 2118 2940 ἀναθεο

540 2987 838 3058 ματίζοντες
885 2985 970 3040 τὸν
1000 2983 1254 3062 Ὠριγίνην
1294 2986 1378 3036 καί
1413 2983 1529 3042 τούς
1584 2977 1762 3038 ἄλλους
1803 2979 2116 3052 αίρετικ.ύς,

537 3064 716 3147 ὥσπερ
741 3077 908 3144 ἡμεῖς,
941 3077 1020 3130 καί
1048 3073 1076 3130 ὃ
1111 3083 1202 3133 τῆς
1231 3071 1480 3143 Ῥωμαίων
1507 3070 1651 3141 ἁγίας
1685 3068 1944 3127 ἐκκλησίας
1974 3067 2116 3120 irrid-

537 3184 696 3224 κοπος
714 3170 1060 3228 ’Δναστὰσιος,
1083 3165 1138 3216 ίκ
1163 3161 1508 3233 παλαιοτέρων
1543 3153 1905 3228 ἀγωνισμάτων
1924 3151 2117 3218 ἔνδοξος

541 3256 823 3329 στρατηγὸς
845 3253 1098 3324 ἕπισήμου
1121 3251 1243 3304 λαοῦ
1267 3247 1630 3322 χειροτονηθεὶς
1654 3284 1666 3308 ,
1689 3241 1729 3316 ᾧ
1748 3245 1831 3296 καί
1854 3247 2000 3296 πᾶσα
2019 3250 2118 3296 τῶν

539 3346 798 3416 μακαρίων
825 3345 959 3396 κατὰ
995 3346 1082 3400 τήν
1127 3339 1274 3394 δύσιν
1313 3335 1608 3392 ἐπισκόπων
1652 3333 1830 3388 ἕπεται
1869 3330 2076 3392 σύνοδος
2099 3374 2116 3399 ,

539 3433 896 3504 ἀποδεχομένη
922 3439 1014 3491 τῆς
1039 3439 1138 3486 τῶν
1165 3427 1522 3500 ’Δὶεξανδρίων
1550 3424 1813 3484 ἐκκλησίας
1855 3428 1944 3485 τήν
1987 3426 2118 3477 κατὰ

493 3569 502 3585 κ
531 3527 632 3576 ’τυῧ
658 3522 877 3582 ἀσεϐοῦς
901 3521 1082 3592 ψῆφον.
1113 3537 1134 3570 ε

611 3798 715 3846 Τοῦ
751 3793 909 3847 αὐτοῦ
935 3792 988 3846 ἐκ
1014 3800 1104 3853 τῆς
1126 3791 1394 3853 ίπιστολῆς
1422 3798 1514 3852 τῆς
1542 3791 1670 3860 πρὸς
1697 3791 1816 3848 τούς
1842 3790 1895 3842 ἓν
1918 3796 1983 3861 τῇ
2007 3790 2119 3843 faui-

543 3901 621 3939 τεε
637 3882 833 3956 ἁγίους,
857 3881 942 3938 διὰ
965 3886 1088 3944 τούς
1111 3884 1435 3956 ἐγκαλοῦντας
1458 3887 1547 3942 τήν
1569 3889 1670 3938 τῶν
1697 3879 1962 3953 δογμάτων
1981 3877 2118 3952 Ὠρι-

541 3974 716 4047 γένους
741 3975 1044 4048 καθαίρεσιν·
1079 3991 1097 4024 ε
1121 3974 1422 4044 Ἐτόλμησάν
1448 3992 1580 4033 τινες
1614 3975 1778 4026 εἰπεῖν
1818 3967 2118 4024 διδάσκαλον

544 4062 669 4122 εἶναι
690 4077 782 4127 τῆς
808 4069 1072 4128 ἐκκλησίας
1091 4065 1362 4144 Ὠριγίνην.
1382 4064 1514 4143 ’Δρα
1539 4066 1736 4136 πρέπον
1753 4069 1852 4118 τῶν
1875 4062 2119 4115 τοιούτων

543 4156 844 4226 iuxta-9m;
875 4160 919 4211 εί
956 4156 1260 4217 διδάσκαλός
1289 4160 1400 4212 ἔστι
1429 4163 1519 4215 τῆς
1548 4155 1812 4212 ίκκλησίας
1840 4152 2116 4228 Ὠριγὲνηὴ

545 4247 992 4322 μεγαλοφρονοῦσιν
1013 4249 1250 4320 Ἀρειανοί
1276 4267 1330 4300 τε
1351 4286 1368 4310 ,
1408 4249 1492 4300 καί
1535 4245 1854 4311 Εὐνομιανοί,
1891 4245 1977 4295 καί
1999 4237 2118 4292 Ἕλ-

546 4333 702 4396 ληνεςο
733 4338 779 4388 οἱ
808 4340 899 4407 μὲν
925 4340 995 4396 εις
1014 4339 1100 4391 τὸν
1127 4339 1234 4390 υἷόν
1261 4340 1346 4389 καὶ
1364 4339 1436 4396 ιίς
1464 4335 1521 4390 τὸ
1547 4340 1746 4404 πνεῦμα
1767 4333 2117 4404 βλασφημοῦν-

547 4443 652 4486 τες,
692 4427 737 4479 οἱ
774 4424 827 4479 δὲ
855 4434 984 4496 μετά
1024 4432 1114 4479 τοῦ
1151 4424 1426 4480 δυσσεϐεῑν
1464 4423 1646 4496 ὁμοίως
1681 4425 1848 4482 αὐτοῖς
1869 4459 1885 4484 ,
1915 4422 2002 4474 καί
2027 4425 2117 4478 τήν

547 4514 828 4568 ἀνάστασιν
851 4521 951 4568 τῶν
973 4523 1156 4590 νεκρῶν
1186 4515 1546 4584 χλευάζοντες.
1569 4517 1720 4586 *ἀαγές
1741 4517 1905 4568 τοίνυν

550 4601 812 4676 εἰρημένων
846 4603 1133 4682 γεγένηται,
1178 4600 1261 4658 ὅτι
1305 4622 1403 4676 περ
1433 4602 1459 4656 ὅ
1503 4609 1610 4662 τοῖς
1657 4601 1818 4672 ἁγίοις
1860 4601 2145 4675 πατράσιν

549 4691 824 4784 ἀκολουθῶν
845 4694 934 4746 ούκ
954 4691 1273 4784 άμφιϐάλλει,
1286 4695 1354 4752 ὡς
1375 4694 1420 4746 οί
1447 4691 1806 4765 τάὨριγένους
1825 4696 2118 4764 φρονοῦντες

551 4788 614 4858 τῇ
639 4782 888 4856 Ἓλληνεκῇ
911 4783 1090 4857 πλάνῃ,
1123 4781 1207 4836 καὶ
1231 4791 1502 4855 ’Δρειανικῇ
1529 4781 1868 4836 ἀκολουθοῦσι
1884 4783 2058 4854 μανίᾳ.

621 4874 766 4945 Δίγει
790 4871 843 4927 δῦ
871 4877 952 4927 καὶ
987 4873 1012 4928 ὁ
1039 4876 1088 4928 ἐν
1125 4873 1280 4946 ἁγίοις
1324 4873 1566 4947 Κύριλλος
1595 4872 1869 4930 ἐπίσκοπος
1893 4869 2113 4932 ’Δλεξανο

549 4959 718 5039 δρείας
734 4962 786 5015 ἐκ
807 4971 896 5023 τῆς
921 4965 1180 5024 ἐπιστολῆς
1201 4972 1283 5026 τῆς
1316 4965 1440 5038 πρὸς
1468 4965 1589 5024 τοὺς
1608 4965 1658 5017 ἐν
1677 4965 1808 5033 Φουᾷ
1827 4961 2112 5030 μοναχούς,

550 5061 682 5114 κατὰ
716 5064 816 5112 τῶν
851 5057 1086 5130 λεγόντων
1121 5063 1190 5128 μὴ
1215 5053 1339 5112 εἶναι
1384 5059 1666 5113 ἀνάστασιν
1705 5062 1802 5110 τῶν
1845 5055 2112 5123 σωμάτων,

553 5145 697 5202 τάδε·
725 5164 744 5196 ε
781 5151 907 5200 φασί
926 5151 1090 5202 τοίνυν
1109 5155 1208 5202 τῶν
1231 5151 1280 5202 ἓν
1305 5149 1427 5214 ύμῖν
1450 5168 1588 5206 τινας
1609 5146 1874 5220 ἀρνεῖσθαι
1895 5149 1994 5196 τῶν
2021 5143 2119 5195 άν-

549 5238 808 5311 θρωπίνων
832 5260 948 5311 σωμ
959 5239 1083 5293 ξτων
1112 5245 1199 5299 τήν
1227 5242 1408 5294 ἀνάστο
1421 5261 1523 5303 σιν,
1543 5236 1686 5310 ’ὅπερ
1707 5238 1818 5292 ὶστί
1844 5237 1996 5309 μέρος
2029 5241 2123 5293 τῆς

547 5330 808 5407 ὃμολογίεις
836 5333 996 5401 ἡμῶν,
1038 5331 1097 5392 ἧς
1121 5329 1398 5398 ποιούμεθα
1437 5329 1735 5401 προσιόντες
1773 5332 1848 5398 τῷ
1884 5325 2119 5397 σωτηρίῳ

547 5421 887 5496 βαπτίσματι.
910 5425 1291 5495 Ὀμολογοῦντες
1309 5423 1406 5496 γάρ
1421 5426 1510 5480 τήν
1529 5422 1721 5482 πίστιν,
1733 5418 2122 5490 προσεπάγομεν

549 5509 628 5568 ὅτε
652 5517 957 5584 πιστεύομεν
979 5515 1060 5566 καί
1075 5515 1144 5572 εἷς
1166 5511 1354 5586 σαρκὸς
1375 5511 1668 5565 ἀνάστασιν.
1686 5509 1742 5562 Ei
1759 5505 1802 5561 δ’
1820 5508 2116 5580 ἀναιροῦμεν

551 5609 724 5665 τοῦτο,
768 5607 853 5656 καί
881 5605 938 5655 ού
967 5605 1274 5673 πιστεύομεν
1300 5599 1379 5657 ὅτι
1404 5601 1428 5656 ὃ
1460 5600 1679 5674 Χριστὸς
1714 5599 1766 5652 ἐκ
1790 5605 1977 5672 νεκρῶν
2003 5597 2116 5666 lyri-

547 5695 748 5766 7'sptat.
767 5695 853 5746 ἶνα
875 5696 1006 5766 ἡμᾶς
1028 5693 1194 5762 ἐαυτῷ
1213 5713 1281 5747 συ
1291 5693 1584 5760 ναναστῆσῃ
1627 5685 1966 5760 χωλεύουσαν
1991 5681 2122 5752 ἕχο-

551 5806 644 5858 μεν
669 5788 758 5842 τὴν
781 5785 970 5847 πίστιν,
1003 5787 1084 5840 καί
1110 5789 1198 5843 τήν
1221 5781 1487 5855 βασιλικὴ
1513 5783 1603 5854 a7:
1635 5799 1716 5840 rc;
1757 5775 1868 5832 ὁδὸν
1919 5773 2124 5840 Βαδζο·

2208 525 2422 581 sublimi
2453 525 2558 578 vita
2585 521 2813 586 decidit,
2865 519 3064 574 nullum
3108 517 3323 572 modum
3350 516 3544 570 statuit
3571 515 3792 572 malitia

2207 629 2354 680 suae;
2405 612 2498 670 sed
2528 619 2746 682 propter
2787 609 3093 680 passionum
3132 605 3584 662 consuetudinem
3626 615 3792 677 atque

2208 705 2450 760 habitum
2478 717 2508 756 a
2537 699 2838 756 rationabili
2869 699 2935 754 ad
2955 699 3322 753 irrationabile
3341 697 3614 764 deveniet,
3638 699 3792 756 inde-

2207 807 2314 862 que
2339 793 2392 846 in
2420 791 2662 862 stirpium
2689 789 3150 844 insensibilitatem
3191 787 3526 852 mutabitur;
3557 789 3790 842 insensi-

2208 887 2298 942 bili
2321 893 2500 940 autem
2527 884 2818 938 inanimum
2839 890 2922 936 est
2945 880 3552 949 consequens,inanimo
3570 879 3628 933 id
3651 880 3791 950 quod

2211 993 2318 1032 non
2360 975 2618 1031 subsistit.
2653 960 2847 1040 itaque
2888 973 3102 1042 penitus
3141 986 3209 1024 ex
3238 971 3342 1024 hac
3381 969 3792 1038 consequentia,

2211 1067 2388 1120 anima
2410 1065 2538 1134 ipsis
2558 1063 2625 1117 ad
2652 1077 2760 1116 non
2788 1075 2885 1116 ens
2914 1060 3125 1115 tandem
3154 1060 3434 1115 concedet.
3467 1058 3559 1114 Sic
3590 1059 3790 1112 nullam

2213 1154 2515 1209 facultatem
2543 1151 2784 1206 habitura
2807 1159 2891 1204 est
2919 1149 2985 1203 ad
3017 1149 3236 1204 meliora
3268 1147 3548 1202 redeundi.
3599 1147 3790 1202 Verum

2213 1242 2354 1296 enim
2380 1256 2508 1296 vero
2539 1238 2604 1294 ad
2623 1239 2897 1293 hominem
2932 1251 2963 1291 e
2993 1235 3183 1290 frutice
3224 1237 3457 1290 animam
3489 1235 3788 1301 reducunt;

2214 1331 2372 1398 igitur
2399 1329 2822 1400 przcstantiorem
2853 1327 3222 1382 demonstrant
3249 1341 3368 1380 esse
3395 1325 3566 1378 vitam
3603 1325 3658 1378 in
3683 1323 3789 1380 fru-

2215 1421 2342 1490 tice,
2385 1435 2546 1490 quam
2577 1419 2947 1488 incorpoream
2981 1418 3166 1471 vitam.
3197 1415 3316 1470 Jam
3345 1417 3494 1470 enim
3519 1425 3789 1471 ostensum

2215 1520 2317 1578 est,
2340 1522 2679 1580 progressum
2708 1507 2898 1561 anima:
2929 1506 2983 1559 in
3005 1503 3296 1570 deteriora,
3325 1513 3489 1574 atque
3519 1503 3724 1558 idcirco
3743 1503 3792 1559 in

2216 1601 2468 1658 inferiora
2489 1614 2640 1665 esse;
2674 1597 2918 1667 subiacet
2941 1604 3120 1649 autem
3151 1593 3444 1648 insensibili
3477 1602 3689 1647 natura:
3713 1593 3791 1646 in-

2215 1691 2508 1745 animatum
2535 1707 2547 1741 :
2571 1703 2678 1758 quo
2689 1701 2786 1758 per
2799 1684 3235 1754 consequentiam
3250 1681 3578 1753 principium
3609 1696 3790 1736 eorum

806 1774 810 1794 ι
1065 1774 1078 1785 ι
1130 1774 1139 1776 ~
1231 1774 1241 1788 .
1555 1774 1563 1782 .
1749 1774 1759 1781 .
1814 1774 1856 1780 ,-

806 1850 822 1877 ,
869 1811 900 1870 ἦ
937 1808 1077 1884 εἴπερ
1121 1809 1340 1862 ἐντεῦθεν
1380 1805 1463 1860 ἰπὶ
1498 1807 1582 1861 τΞν
1626 1804 1923 1878 ἀνθρώπινον
1963 1803 2114 1860 αύτήιν

2219 1781 2472 1836 doctrinm
2512 1779 2744 1832 animam
2773 1777 2984 1844 redigit.
3029 1774 3135 1830 Sed
3161 1775 3418 1842 quoniam
3440 1774 3553 1828 hoc
3579 1774 3786 1836 nolunt,

2216 1879 2310 1924 aut
2351 1867 2646 1924 insensibili
2674 1867 2910 1921 animam
2939 1863 3285 1926 concludunt,
3315 1872 3428 1928 aut,
3469 1863 3520 1919 si
3563 1863 3692 1918 inde
3729 1862 3790 1916 ad

2214 1961 2498 2016 humanam
2545 1959 2710 2013 vitam
2735 1971 2852 2013 eam
2900 1955 3200 2018 reducunt,
3248 1969 3367 2008 eam
3395 1953 3565 2006 vitam
3592 1967 3714 2022 quae
3742 1953 3792 2006 in

2213 2049 2384 2118 stirpe
2411 2047 2655 2112 ducatur,
2689 2055 2747 2101 ut
2769 2045 2972 2101 dictum
3001 2051 3114 2108 est,
3147 2043 3438 2098 ostendunt
3464 2043 3791 2097 anteeellere

2215 2137 2388 2208 primo
2417 2137 2713 2193 animarum
2751 2135 2916 2190 statui
2949 2153 2962 2187 :
2991 2132 3250 2203 siquidem
3289 2133 3414 2187 inde
3442 2132 3510 2185 ad
3539 2132 3792 2186 malitiam

2217 2228 2315 2282 fuit
2340 2227 2650 2298 prolapsio,
2699 2226 2823 2279 hinc
2865 2238 2996 2278 vero
3036 2223 3104 2276 ad
3147 2222 3400 2276 virtutem
3437 2228 3526 2273 est
3571 2220 3790 2274 reditus.

2217 2315 2572 2383 Quamobrem
2601 2314 2691 2368 illa
2717 2315 2856 2368 ratio
2893 2311 3227 2368 convincitur
3253 2324 3372 2364 esse
3418 2309 3541 2363 sine
3587 2309 3786 2378 capite.

2217 2417 2274 2462 et
2297 2407 2412 2462 sine
2435 2405 2558 2472 fine,
2581 2419 2700 2476 quae
2720 2405 2900 2459 vivere
2925 2403 3134 2457 animas
3151 2408 3426 2470 separatas
3454 2407 3586 2452 ante
3608 2413 3792 2468 corpo-

2217 2510 2366 2551 ream
2396 2497 2557 2551 vitam
2586 2501 2886 2556 asseverat,
2919 2507 2982 2548 ac
3013 2501 3235 2562 propter
3251 2489 3451 2558 ﬂagitia
3477 2487 3790 2558 corporibus

2220 2599 2340 2640 esse
2361 2581 2659 2638 devinctas.
2676 2599 2694 2631 ε
2715 2581 2840 2636 llaec
2865 2569 3152 2652 Nyssenus.
3179 2579 3312 2634 Cum
3336 2579 3496 2646 igitur
3517 2586 3705 2648 aperta
3727 2577 3789 2631 sit

2219 2673 2395 2731 Patris
2413 2672 2572 2742 hujus
2591 2671 2854 2736 doctrina,
2877 2669 3198 2738 damnetque
3217 2683 3312 2724 eos
3335 2668 3426 2738 qui
3457 2667 3667 2732 dicant,
3689 2666 3790 2720 ani-

2219 2779 2336 2822 mas
2364 2771 2488 2818 ante
2515 2775 2744 2833 corpora
2769 2758 2932 2815 luisse
2955 2777 2970 2812 :
2994 2757 3269 2815 audiamus
3286 2769 3345 2814 et
3360 2767 3612 2813 sanctum
3625 2757 3789 2812 Theo-

2218 2851 2420 2924 philum
2445 2851 2755 2920 episcopum
2784 2845 3142 2920 Alexandriae,
3185 2864 3216 2904 e
3253 2861 3506 2902 sermone
3534 2845 3603 2900 ad
3629 2859 3787 2913 quos-

2219 2941 2342 2995 dam
2369 2939 2662 2994 monachos
2687 2937 2918 3008 scripto,
2967 2935 3060 3004 qui
3095 2931 3312 3000 Origeni
3349 2933 3783 2987 assentirentur:

2219 3029 2298 3085 sic
2321 3029 2465 3084 enim
2491 3029 2622 3084 dicit
2655 3046 2668 3080 :
2700 3046 2718 3079 ε
2742 3025 2918 3092 Quare
2947 3023 3462 3079 anathematizantes
3484 3021 3791 3091 Origenem.

2145 3146 2191 3208 ο
2220 3127 2550 3187 cmterosque
2577 3116 2884 3180 haereticos,
2913 3113 3162 3183 exemplo
3189 3121 3396 3179 nostro,
3444 3120 3504 3166 et
3531 3107 3788 3166 Anastasii

2219 3216 2416 3264 sanctae
2444 3207 2699 3262 Romana:
2735 3204 2987 3260 Ecclesiae
3015 3204 3282 3274 episcOpi,
3308 3203 3400 3272 qui
3429 3217 3498 3256 ex
3527 3201 3794 3258 veteribus

2219 3296 2602 3352 certaminibus
2641 3296 2818 3351 clarus
2854 3294 3172 3349 nobilissimi
3199 3291 3382 3362 pepuli
3427 3292 3538 3346 dux
3587 3302 3787 3347 creatus

2220 3396 2332 3453 est,
2381 3401 2538 3456 quem
2583 3395 2638 3440 et
2663 3387 2911 3439 universa
2940 3377 3219 3439 beatorum
3245 3380 3556 3436 Occidentis
3586 3382 3769 3449 episco

2219 3493 2408 3550 porum
2447 3478 2688 3546 sequitur
2730 3475 3000 3546 synodus,
3048 3488 3168 3544 qum
3207 3471 3414 3541 accepit
3461 3487 3527 3526 ac
3557 3470 3786 3541 probarit

2220 3566 2702 3622 Alexandrinorum
2763 3562 3030 3620 Ecclesiae
3072 3564 3392 3621 sententiam
3450 3561 3505 3614 in
3574 3561 3783 3632 impiu

2219 3657 2402 3712 latam.
2433 3675 2452 3708 ε

2289 3765 2540 3836 Ejusdem
2570 3764 2638 3820 de
2664 3764 2889 3836 epistola
2918 3763 2984 3820 ad
3011 3770 3230 3819 sanctos
3247 3763 3337 3831 qui
3366 3761 3420 3816 in
3446 3759 3596 3816 Sceti
3620 3768 3784 3824 erant,

2218 3865 2440 3935 propter
2479 3871 2575 3910 eos
2618 3855 2710 3924 qui
2749 3856 3058 3912 incusarent
3102 3851 3502 3908 damnationem
3551 3849 3790 3920 Origenis

2219 3945 2516 4001 doctrinm:
2548 3965 2566 3996 ε
2597 3945 2784 4000 Dicere
2804 3943 3045 3999 nonnulli
3066 3942 3181 3997 ausi
3208 3949 3354 4008 sunt,
3375 3939 3666 4005 Origenem
3693 3938 3790 3995 Ec-

2218 4035 2395 4092 clesiae
2423 4050 2544 4091 esse
2573 4035 2870 4089 doctorem.
2901 4033 2982 4087 An
3011 4033 3090 4102 hi,
3120 4031 3363 4096 obsecro,
3397 4029 3610 4086 ferendi
3637 4029 3792 4085 sunt!

2217 4125 2276 4181 Si
2298 4124 2552 4182 Ecclesiae
2581 4123 2774 4180 doctor
2799 4131 2881 4178 est
2905 4122 3180 4190 Origenes,
3206 4133 3429 4188 magnos
3453 4120 3558 4173 sibi
3584 4120 3794 4189 spiritus

2218 4223 2434 4272 sumunt
2461 4213 2664 4278 Ariani,
2708 4224 2763 4268 et
2788 4212 3124 4276 Eunomiani,
3153 4220 3209 4266 et
3234 4211 3428 4280 pagani
3453 4228 3478 4261 ς
3504 4210 3582 4264 illi
3612 4211 3666 4264 in
3703 4208 3789 4262 Fi-

2217 4304 2347 4360 lium
2372 4319 2435 4359 ac
2459 4303 2715 4374 Spiritum
2742 4303 3214 4372 blasphemantes;
3241 4301 3295 4354 hi
3326 4299 3601 4362 similiter,
3632 4307 3787 4367 atque

2219 4393 2314 4458 illi,
2343 4392 2510 4464 impii,
2539 4407 2640 4446 nec
2679 4407 2784 4446 non
2806 4391 3256 4445 resurrectionem
3289 4396 3632 4442 mortuorum
3657 4386 3790 4439 deri—

1935 4512 1988 4565 ικ
2013 4517 2115 4566 τῶν
2141 4505 2193 4564 ι)
2217 4483 2424 4539 dentes.
2455 4503 2474 4537 ε
2531 4483 2611 4538 Ex
2653 4482 2737 4536 his
2762 4482 3105 4552 perspicuum
3134 4488 3243 4546 est,
3297 4493 3421 4532 eum
3445 4478 3540 4546 qui
3580 4484 3792 4530 sanctos

2221 4575 2410 4630 Patres
2437 4576 2698 4644 sequitur,
2744 4589 2850 4628 non
2892 4573 3139 4627 dubitare
3165 4571 3293 4640 quin
3324 4569 3360 4624 ii
3387 4569 3481 4639 qui
3519 4583 3645 4624 cum
3676 4565 3788 4621 Ori-

2220 4678 2355 4734 gene
2399 4666 2657 4730 sentiunt,
2707 4677 3036 4735 paganorum
3085 4673 3326 4716 errorem
3373 4659 3790 4724 Arianorumque

2220 4754 2484 4810 insaniam
2512 4762 2826 4824 sequantur.

2289 4863 2414 4919 “me
2465 4879 2680 4934 quoque
2731 4873 2948 4918 sanctus
2994 4861 3223 4933 Cyrillus
3269 4859 3402 4914 dicit
3456 4854 3790 4912 Alexandri:

2219 4963 2520 5033 cpiscopus,
2560 4964 2614 5018 iu
2653 4962 2878 5032 epistola
2915 4959 2986 5016 ad
3013 4958 3308 5014 monachos
3331 4958 3423 5028 qui
3454 4957 3510 5011 in
3534 4954 3712 5019 lea,
3737 4953 3789 5008 in

2217 5077 2315 5118 eos
2333 5063 2424 5134 qui
2447 5063 2715 5118 afﬁrmant
2735 5076 3019 5132 corporum
3041 5059 3492 5115 resurrectionem
3512 5070 3624 5110 non
3646 5065 3788 5109 esse:

2226 5184 2246 5218 ε
2271 5165 2433 5219 Aiunt
2457 5163 2640 5232 igitur,
2671 5175 2791 5216 esse
2810 5160 2954 5230 apud
2984 5173 3079 5213 vos
3097 5157 3191 5228 qui
3215 5163 3415 5225 negent
3437 5157 3791 5210 humanam

2219 5279 2508 5336 corporum
2555 5261 3007 5316 resurrectionem
3051 5276 3064 5311 :
3103 5271 3225 5327 quae
3269 5269 3395 5324 pars
3441 5251 3791 5308 confessionis

2219 5354 2417 5422 nostra:
2436 5373 2538 5430 est;
2553 5377 2710 5434 quam
2729 5360 2951 5416 fecimus
2971 5359 3202 5414 salutare
3222 5354 3483 5410 adeuntes
3505 5351 3788 5420 baptisma.

2221 5465 2403 5521 Fidem
2433 5463 2576 5519 enim
2602 5460 2937 5530 prolitentes,
2964 5454 3300 5526 adiungimus
3328 5449 3552 5510 credere
3597 5463 3697 5504 nos
3735 5453 3792 5501 et

2219 5563 2397 5621 carnis
2416 5559 2886 5616 resurrectionem.
2909 5557 2965 5611 Si
2987 5557 3090 5610 hoc
3110 5552 3368 5614 tollimus,
3399 5563 3502 5604 nec
3527 5546 3793 5602 credimus

2219 5663 2488 5719 Christum
2511 5657 2870 5714 resurrexisse
2899 5671 2931 5712 a
2959 5651 3214 5718 mortuis,
3245 5657 3306 5706 ut
3343 5662 3446 5705 nos
3469 5645 3577 5705 sibi
3599 5654 3790 5702 conto-

2220 5769 2522 5833 suscitaret,
2551 5763 2942 5825 claudieantem
2964 5761 3219 5818 habemus
3247 5757 3428 5823 ﬁdem,
3452 5769 3517 5811 ac
3543 5768 3576 5808 a
3596 5750 3684 5808 via
3704 5761 3792 5804 ro-
