3958 6288
260 332 364 393 989

1331 341 1404 404 Li
1417 342 1564 401 BER
1605 341 2001 403 ADVERSUS
2035 340 2455 402 ORIGENEM.

3349 345 3454 411 970

267 465 354 513 μεν
377 446 466 502 τήν
495 442 896 516 διεστραμμένην.
918 440 1064 496 ¹Ἐστι
1089 442 1140 496 δέ
1165 445 1192 500 ἡ
1215 450 1419 500 τοιαύτη
1443 445 1698 508 κακοδοξία
1719 454 1798 504 τῆς

1909 448 1991 513 gia
2017 445 2385 511 deﬂectentcs,
2419 462 2636 519 pravum
2669 448 2768 502 iter
2807 445 3094 515 sequimur.
3145 445 3453 514 Huiusmodi

265 535 546 606 ‘upvyévou;
576 532 968 602 φρενοϐλαϐείας·
1001 529 1053 584 ὃν
1091 537 1171 585 καὶ
1209 534 1254 586 οί
1300 535 1510 610 πατέρες
1561 537 1695 604 ἐμῶν
1742 538 1809 593 ὦς

264 622 618 694 διαστρέφοντα
648 625 736 678 τήν
765 621 991 677 ἀληθειαν
1015 621 1360 694 ἀπεκήρυξαν,
1400 624 1485 674 καί
1522 623 1808 692 ἀνεθεμάτι-

264 735 374 768 σαν.
415 716 484 766 Οὐ
505 714 600 784 γὰρ
629 711 887 784 ἐφρόνησεν
917 714 983 770 ὡς
1012 712 1336 784 Χριστιανὸς,
1365 705 1484 765 ἀλλᾶ
1516 721 1621 770 ταῖς
1643 713 1810 770 Ἐλλή-

262 823 358 856 νων
382 802 718 860 ἀκολουθήσας
743 801 1004 870 φλυαοίαις
1030 802 1362 859 πεπλάνηται.
1389 813 1438 855 Ἦ
1467 801 1520 856 δέ
1549 804 1692 874 ἀρχή
1721 808 1808 856 τοῦ

258 897 536 962 νοσήματος
557 892 774 944 ἐντεῦθεν
790 891 921 959 αύτῷ
937 890 1239 960 συμξέϐηκε.
1266 895 1390 947 Φησὶ
1407 893 1499 963 ’γὰρ
1527 889 1604 945 ὅτι
1620 912 1685 964 πρ
1695 899 1809 943 o-‘Jrr-

181 1015 184 1018 ι
259 984 512 1055 ἁρχουσιν
546 973 799 1049 αἶ’ψυχαί
843 987 942 1033 τῶν
990 979 1266 1048 σωμάτων,
1304 983 1384 1032 καί
1421 981 1520 1035 ἀπὸ
1557 979 1807 1048 ἁγιασμοῦ

259 1071 653 1142 παρηνέχθησαν
699 1071 768 1128 είς
806 1069 1070 1138 ἐπιθυμίας
1114 1069 1357 1143 πονηρὰς,
1398 1069 1476 1120 καί
1518 1069 1810 1127 ἀπέστησαν

260 1163 381 1210 Θεοῦ
402 1173 416 1186 ⁸
445 1159 526 1210 καὶ
570 1157 762 1215 ταύτης
803 1157 945 1209 ἕνεκα
981 1164 1070 1214 τῆς
1099 1159 1260 1215 αἰτίας
1288 1153 1606 1210 κατεδίκασεν
1629 1157 1806 1216 αὐτὰς,

255 1251 340 1302 καί
362 1249 706 1318 ἐσωμᾶτωσεν,
737 1252 817 1300 καί
842 1250 964 1303 εἰσιν
996 1251 1060 1306 ὡς
1088 1249 1135 1300 ἐν
1161 1247 1484 1321 δεσμωτηρίῳ
1521 1250 1568 1301 ἐν
1601 1251 1802 1316 σαρκί.)

327 1431 427 1479 Τοῦ
458 1427 612 1480 αὐτοῦ
644 1427 694 1477 ἐκ
733 1433 823 1484 τῆς
857 1427 1122 1485 ἐπιστολῆς
1159 1434 1248 1484 τῆς
1277 1426 1404 1497 πρὸς
1435 1429 1554 1496 τοὺς
1590 1428 1638 1479 ἓν
1677 1434 1809 1498 Φουᾷ

259 1510 536 1581 μοναχοῦς·
575 1530 593 1560 ε
622 1510 674 1564 Ἠ
712 1510 765 1566 δέ
803 1513 1033 1569 ἐκκλησία
1077 1521 1191 1572 ταῖς
1223 1515 1570 1573 θεοπνεύστοις
1603 1516 1810 1586 ἑπομένη

254 1608 498 1675 Γραῖοαῖς,
545 1602 632 1653 οὐκ
673 1598 774 1655 οἶδε
801 1608 899 1655 τῶν
941 1604 1187 1672 σωμάτων
1229 1604 1676 1678 προϋπάρχουσαν
1721 1611 1809 1662 τήν

257 1693 458 1761 ψυχὴν,
489 1693 591 1746 ἀλλ’
618 1692 728 1747 οὐδέ
754 1699 1222 1768 προαμαρτήσασαν
1240 1697 1340 1766 πρὸ
1369 1697 1548 1748 αὐτῶν·
1579 1702 1687 1754 πῶς
1710 1699 1810 1769 γὰρ

1910 544 2083 588 autem
2119 535 2356 603 improha
2399 535 2578 604 opinio
2626 537 2692 589 ab
2737 534 2976 602 Origenis
3019 535 3281 589 dementia
3325 542 3452 590 est:

1909 639 2064 693 quem
2091 633 2144 679 et
2171 632 2347 694 patres
2387 626 2572 690 nostri,
2625 633 2684 678 ut
2707 626 2819 680 veri
2847 626 3273 694 depravatorem,
3301 625 3456 681 abdi-

1909 722 2160 768 caverunt
2188 721 2242 768 et
2269 715 2868 770 anathematizaverunt.
2898 713 3013 769 Non
3043 717 3184 770 enim
3207 716 3375 772 sensit
3401 722 3462 770 ut

1908 802 2256 868 Christianus,
2297 803 2388 856 sed
2417 817 2740 872 paganorum
2768 811 2979 859 secutus
3020 803 3248 874 ineptias
3274 814 3327 859 et
3356 821 3457 861 nu-

1909 903 2021 956 gas,
2044 891 2096 944 in
2118 889 2350 945 errorem
2377 891 2578 945 incidit.
2609 893 2738 946 l-linc
2764 901 2940 950 autem
2964 889 3013 949 ei
3041 896 3260 963 contigit
3285 895 3459 950 morbi

1909 979 2246 1047 principium.
2278 977 2560 1034 Asseverat
2588 982 2789 1036 animas
2827 990 2948 1036 ante
2977 999 3200 1052 corpora
3227 999 3373 1052 esse,
3401 993 3458 1039 et

1909 1083 1939 1120 a
1965 1069 2311 1123 sanctimonia
2342 1070 2593 1124 abductas
2629 1070 2785 1126 fuisse
2817 1074 2870 1125 in
2899 1074 3214 1142 cupiditates
3255 1089 3318 1128 ac
3363 1088 3460 1128 ne-

1908 1155 2148 1222 quitiam,
2177 1156 2561 1225 descivisseque
2589 1173 2618 1212 a
2648 1159 2774 1223 Deo,
2802 1175 2830 1212 a
2856 1175 2961 1227 quo
2989 1160 3124 1214 hanc
3151 1160 3218 1214 ob
3246 1175 3459 1215 causam

1909 1241 2166 1296 damnata:
2189 1251 2329 1308 sunt,
2353 1253 2407 1298 et
2431 1238 2640 1313 corpori
2663 1247 2948 1313 obstricta},
2973 1256 3199 1316 suntque
3229 1249 3279 1301 in
3299 1264 3460 1303 carne

1910 1337 2160 1397 tanquam
2189 1331 2240 1383 in
2263 1346 2498 1386 carcere.
2526 1351 2543 1381 ι

1980 1416 2224 1484 Ejusdem
2255 1434 2319 1471 ex
2349 1420 2571 1488 epistola
2597 1422 2791 1490 scripta
2840 1422 2909 1477 ad
2957 1438 3049 1477 eos
3091 1424 3182 1492 qui
3224 1425 3275 1478 in
3316 1425 3457 1484 Phu'a

1910 1515 2090 1569 erant,
2122 1507 2410 1561 monachos
2455 1526 2466 1559 :
2504 1527 2522 1558 ι
2549 1507 2784 1565 Ecclesia
2811 1527 2967 1574 vero,
2993 1512 3280 1584 Scriptttt‘is
3306 1515 3459 1569 obse-

1910 1587 2078 1663 quens
2102 1609 2131 1649 a
2160 1595 2270 1649 Deo
2312 1597 2610 1670 inspiratis,
2643 1615 2740 1654 nec
2763 1601 2990 1654 animam
3020 1603 3166 1662 novit
3193 1610 3315 1659 ante
3338 1619 3456 1663 cor-

1910 1697 2041 1752 pora
2068 1682 2244 1747 fuisse,
2295 1700 2393 1738 nec
2439 1692 2563 1740 ante
2603 1701 2667 1740 ea
2706 1703 2976 1756 peccasse.
3012 1689 3288 1756 Quomodo
3316 1693 3458 1745 enim

255 1786 286 1839 ἠ
325 1788 393 1853 μη
424 1789 691 1854 ὑφεστῶσα
730 1788 810 1838 καί
845 1785 1090 1858 ἁμαρτεῖν
1128 1783 1371 1849 samo;
1419 1791 1576 1858 φαμέν
1612 1787 1691 1852 δὲ,
1735 1789 1798 1843 ὅτι

1911 1787 2028 1841 quae
2055 1787 2160 1825 non
2184 1773 2502 1826 subsistebat
2529 1789 2752 1842 peccare
2781 1777 2985 1846 potuit?
3012 1779 3079 1831 At
3106 1794 3202 1833 nos
3227 1777 3456 1834 afhrma-

253 1870 443 1924 ἔπλασε
485 1874 574 1940 μὲν
621 1871 646 1923 ό
674 1879 772 1924 τῶν
809 1869 929 1924 ὅλων
973 1871 1275 1944 δημιουργὸς
1316 1876 1375 1928 τὸ
1409 1884 1557 1945 σῶμα
1595 1878 1646 1929 ἐκ
1693 1886 1805 1949 γῆς,

254 1958 505 2025 ἐψύχωσε
556 1958 608 2012 δέ
639 1961 758 2012 αὐτὶ
784 1959 935 2031 ψυχῇ
972 1966 1138 2032 νοερᾷ.
1170 1965 1258 2015 Καὶ
1303 1964 1434 2022 α’τη
1475 1966 1611 2018 ἐστὶν
1646 1967 1676 2021 ἠ
1717 1971 1807 2019 τοῦ

253 2048 512 2117 ἀνθρώπου
545 2051 878 2102 κατασκευή.)
906 2052 994 2100 Καὶ
1021 2051 1121 2118 μεθ’
1143 2048 1469 2123 ἕτεραηὈτι
1489 2053 1577 2104 οῦκ
1603 2055 1656 2105 ἐκ
1682 2073 1808 2124 προ-

251 2144 577 2204 γενεστέρων,
607 2137 673 2194 ὥς
711 2157 884 2206 φασιν,
917 2135 1291 2207 ἁμαρτημάτων
1325 2137 1746 2196 καταδεδίκασται
1779 2144 1809 2198 ἡ

250 2230 340 2275 τοῦ
369 2224 628 2294 ἀνθρώπου
653 2222 826 2291 ψυχή,
857 2225 938 2275 καί
959 2227 1030 2282 είς
1063 2231 1235 2278 τοῦτον
1263 2228 1576 2297 κατεπέμφθη
1596 2230 1680 2284 τὸν
1701 2229 1811 2282 κόσ-

213 2357 224 2366 .
251 2333 366 2383 μον,
397 2317 708 2367 πιστώσεται
731 2315 931 2388 γράφων
961 2317 1042 2367 καί
1071 2313 1095 2366 ὁ
1121 2315 1372 2386 πάνσοφος
1393 2317 1808 2378 Παῦλος,-Τοῦς

249 2407 353 2475 γὰρ
381 2404 568 2462 πάντας
599 2406 731 2472 ἡμᾶς
754 2402 833 2458 δεῖ
858 2407 1188 2478 φανερωθῆναι
1224 2405 1497 2480 ἔμπροσθεν
1535 2414 1621 2460 τοῦ
1651 2409 1808 2479 βήμα-

249 2511 343 2548 τος
387 2498 476 2543 τοῦ
514 2497 765 2566 Χριστοῦ,
807 2491 888 2543 ἵνα
925 2496 1192 2559 κομίσηται
1241 2493 1450 2552 ἕκαστος
1493 2496 1560 2547 τὰ
1601 2493 1681 2547 διὰ
1717 2503 1806 2548 τοῦ

249 2581 492 2645 σώματος
514 2580 642 2650 πρὸς
672 2577 702 2630 ἃ
723 2576 950 2652 ἔπραξεν,
975 2578 1071 2631 εἴτε
1094 2580 1291 2650 ἀγαθὸν,
1309 2580 1406 2634 εἴτε
1431 2581 1701 2652 φαῦλονο-
1723 2583 1809 2635 Διά

246 2669 301 2718 τί
327 2668 422 2739 ’γὰρ
447 2665 573 2735 μόνα
595 2669 658 2720 τὰ
687 2665 770 2720 διὰ
803 2673 889 2719 τοῦ
918 2669 1150 2736 σώματος
1191 2671 1612 2744 φανερωθήσεσθαί
1654 2693 1800 2742 φησι,

245 2761 334 2810 καί
366 2760 487 2826 οὐχὶ
505 2757 564 2814 δὴ
593 2759 775 2826 μᾶλλον
805 2763 886 2810 καί
913 2762 976 2812 τὰ
997 2762 1095 2832 πρὸ
1124 2767 1215 2814 τοῦ
1253 2764 1509 2830 σώματος,
1535 2761 1674 2837 εἴπερ
1701 2759 1807 2817 ἤδει

243 2853 513 2911 προοῦσαν
540 2885 555 2908 ,
585 2850 664 2899 καί
706 2854 1178 2922 προαμαρτησασαν
1204 2854 1292 2906 τήν
1331 2850 1533 2919 ψυχήνς
1563 2854 1618 2904 Εἰ
1645 2850 1696 2904 δὲ
1725 2853 1808 2904 έπί

241 2939 422 3005 μόνοις
451 2937 710 3010 κρενὸμεθα
731 2946 838 2998 τοῖς
858 2937 940 2991 διὰ
980 2945 1070 2993 τοῦ
1096 2942 1323 3010 σώματος
1341 2982 1353 3005 ,
1379 2943 1461 2992 οῦκ
1489 2938 1684 3010 ἔχομεν
1718 2938 1807 2997 δη-

243 3027 420 3079 Αονότι
470 3029 856 3099 προγενεστέραν
897 3035 985 3081 τοῦ
1020 3031 1252 3098 σώματος
1280 3029 1550 3102 ἁμαρτίαν.
1591 3033 1661 3083 Οὺ
1707 3033 1805 3104 γάρ

1915 1877 2057 1924 mus,
2104 1859 2462 1915 universitatis
2486 1863 2727 1930 0piiicem
2767 1881 2958 1933 corpus
2993 1880 3022 1918 e
3052 1874 3191 1920 terra
3223 1867 3454 1930 tinxisse,

1910 1951 2070 2018 idque
2089 1952 2352 2005 animasse
2374 1952 2702 2018 intelligente
2729 1954 2921 2016 anima,
2963 1965 3017 2008 et
3044 1957 3155 2010 hate
3177 1965 3258 2010 est
3285 1957 3453 2010 homi-

1908 2043 1990 2096 nis
2011 2051 2294 2097 structura.
2310 2064 2327 2095 ι
2351 2043 2416 2096 Et
2432 2053 2551 2112 post
2566 2045 2665 2098 alia
2687 2063 2698 2096 :
2723 2064 2739 2094 ι
2759 2046 2997 2106 Animam
3021 2049 3248 2107 hominis
3270 2064 3369 2104 nec
3389 2051 3455 2103 ob

1910 2133 2194 2198 praeterita,
2212 2140 2269 2184 ut
2285 2132 2451 2194 aiunt,
2481 2131 2674 2199 ﬂagitia
2697 2142 2854 2205 atque
2878 2136 3076 2192 scelera
3099 2151 3214 2190 esse
3239 2137 3450 2196 damna-

1910 2230 2036 2285 tam,
2080 2238 2176 2276 nec
2199 2223 2250 2274 in
2280 2224 2417 2277 hunc
2443 2224 2720 2278 demissam
2742 2223 3012 2289 mundum,
3042 2227 3454 2294 sapientissimus

1907 2307 2100 2362 Paulus
2124 2309 2276 2363 ﬁdem
2300 2309 2439 2373 facit,
2465 2310 2536 2362 ita
2565 2311 2799 2365 scribens
2823 2330 2834 2364 :
2869 2311 3056 2367 Omnes
3071 2316 3205 2367 enim
3226 2331 3317 2367 nos
3345 2332 3453 2369 ma-

1906 2398 2141 2465 nifestam"
2163 2406 2361 2466 oportet
2381 2409 2499 2452 ante
2520 2398 2739 2452 tribunal
2768 2399 2975 2464 Christi,
3006 2409 3060 2454 ut
3092 2405 3279 2472 referat
3297 2419 3451 2458 unus-

1906 2485 2110 2553 quisque
2136 2501 2197 2537 ea
2232 2501 2346 2554 quae
2379 2502 2467 2553 per
2493 2501 2674 2556 corpus
2691 2524 2706 2548 ,
2746 2497 2896 2555 prout
2923 2492 3096 2559 gessit,
3123 2492 3225 2544 sive
3247 2490 3456 2558 bonum,

1905 2575 2006 2625 sive
2033 2573 2220 2626 malum
2245 2572 2322 2643 (11
2351 2576 2474 2630 Cor.
2510 2574 2586 2644 v).
2618 2574 2724 2628 Cur
2762 2589 2890 2643 ergo
2921 2585 3138 2646 propter
3169 2579 3281 2632 sola
3324 2594 3453 2654 pro-

1904 2665 2016 2732 pria
2039 2665 2278 2734 corporis
2297 2664 2623 2719 manifestari
2651 2681 2748 2720 nos
2771 2675 3022 2736 oportere
3043 2668 3135 2731 ait,
3159 2683 3258 2722 nec
3278 2670 3454 2738 potius

1904 2763 2123 2824 propter
2149 2769 2209 2807 ea
2236 2757 2395 2808 etiam
2425 2770 2542 2824 qua:
2581 2762 2704 2808 ante
2731 2770 2943 2830 corpus,
2990 2759 3033 2811 si
3061 2759 3289 2811 animam
3330 2767 3453 2811 ante

1903 2845 2062 2898 fuisse
2100 2849 2280 2906 norat,
2333 2851 2386 2896 et
2413 2852 2537 2898 ante
2571 2850 2864 2913 peccasse?
2912 2846 2967 2901 Si
2997 2863 3120 2901 vero
3151 2849 3218 2902 ob
3244 2863 3305 2901 ea
3336 2846 3451 2902 sola

1903 2947 2017 3002 qua:
2059 2933 2113 2984 in
2161 2943 2382 3000 corpore
2416 2934 2694 3000 gessimus,
2744 2933 3052 2993 adducimur
3092 2936 3142 2989 in
3174 2937 3446 3003 judicium,

1901 3038 2010 3076 non
2037 3022 2220 3092 utique
2255 3023 2509 3077 habemus
2545 3024 2813 3092 antiquius
2854 3040 3078 3094 corpore
3122 3035 3398 3095 peccatum
3431 3045 3445 3078 :

237 3117 523 3185 ὑφέστηκεν
555 3115 673 3174 ὅλως
694 3119 724 3175 ἡ
751 3124 842 3170 τοῦ
869 3119 1128 3191 ἀνθρώπου
1162 3119 1310 3189 ψυχή
1336 3120 1433 3192 πρὸ
1457 3122 1608 3175 αὑτοῦ
1626 3161 1641 3185 ,
1683 3121 1798 3181 πλη-

1902 3125 2023 3162 nam
2055 3111 2272 3164 omnino
2299 3120 2424 3164 ante
2459 3112 2510 3165 id
2551 3128 2654 3166 non
2693 3114 2932 3167 constitit
2976 3115 3204 3172 hominis
3250 3117 3446 3170 anima.

235 3213 451 3282 ροφορεῖ
473 3205 523 3259 δέ
549 3208 673 3280 πρὸς
703 3213 850 3261 τοῦτο
870 3210 1000 3276 ἡμᾶς
1021 3211 1102 3262 καί
1127 3211 1156 3266 ἡ
1183 3216 1271 3262 τοῦ
1291 3216 1487 3279 νομικοῦ
1510 3212 1801 3286 γράμματος

233 3295 478 3364 δύναμις.
509 3297 565 3349 Εἰ
603 3300 732 3368 γὰρ,
775 3299 841 3356 ὧς
877 3319 1020 3369 φησιν
1051 3298 1075 3351 ὁ
1109 3301 1480 3366 πεπλανημένος
1519 3302 1798 3374 Ὧριγένης,

231 3387 293 3437 ἐκ
322 3391 422 3436 τῶν
439 3387 838 3457 προγενεστέρων
859 3386 1252 3458 ἁμαρτημάτων,
1267 3387 1396 3456 λόγῳ
1421 3388 1672 3446 κολάσεως
1693 3388 1800 3445 ἤτοι

227 3473 484 3541 τιμωρίας
524 3470 721 3533 ἐδέξατο
763 3474 820 3525 τὸ
858 3481 1006 3542 σῶμα
1052 3476 1082 3530 η
1124 3473 1308 3544 ψυχὴ,
1349 3473 1428 3527 διὰ
1465 3477 1608 3528 ποίαν
1638 3477 1799 3529 αἰτίαν

224 3561 485 3621 ἠπείλησε
529 3563 733 3615 θάνατον
758 3571 862 3621 τοῖς
906 3563 1273 3638 ἁμαρτάνουσιν
1295 3561 1454 3626 ς”Εδει
1490 3572 1587 3637 γὰρ
1618 3567 1798 3636 μᾶλλον

219 3654 360 3708 τοὺς
391 3649 612 3708 δικαίους
642 3651 985 3712 ἀποθνήσκειν,
1023 3652 1104 3704 ἵνα
1132 3651 1540 3706 ἀπαλλάττωνται
1562 3659 1658 3707 τῶν
1689 3651 1798 3708 δεσ-

221 3751 366 3802 ιιῶν,
392 3744 584 3800 καὶτῆς
611 3743 884 3812 τιμωρίας,
915 3746 1000 3813 ζῇν
1036 3741 1088 3795 δέ
1117 3745 1233 3801 τοὺς
1269 3742 1584 3819 ἀλιτηρίους,
1609 3747 1688 3797 ⁴ἱνα
1721 3766 1798 3798 κο-

1900 3197 2014 3253 Hoc
2033 3214 2194 3268 porro
2210 3201 2422 3270 planum
2445 3199 2569 3256 facit
2596 3209 2650 3257 et
2675 3203 2858 3271 legalis
2887 3205 3071 3258 litterae
3088 3207 3183 3259 vis.
3212 3205 3266 3259 Si
3283 3207 3446 3270 enim,

1899 3297 1958 3342 ut
1984 3289 2112 3344 dicit
2131 3289 2456 3345 errabundus
2482 3289 2754 3361 Origenes,
2778 3294 2846 3348 ob
2861 3295 3137 3371 superiora
3167 3295 3444 3350 commissa

1899 3376 1951 3428 in
2002 3378 2243 3444 supplicii
2288 3393 2352 3433 ac
2397 3395 2567 3446 poenas
2612 3381 2729 3436 loco
2775 3381 2947 3440 anima
2994 3398 3186 3453 corpus
3223 3387 3445 3454 accepit,

1897 3465 2240 3531 quamobrem
2268 3467 2541 3533 ﬂagitiosis
2580 3485 2641 3524 ac
2669 3471 2941 3525 sceleratis
2969 3484 3193 3527 mortem
3220 3475 3446 3528 commi-

1897 3559 2019 3604 nata
2043 3554 2161 3606 est?
2205 3553 2371 3620 Magis
2398 3557 2538 3610 enim
2577 3567 2920 3626 Oportuerat,
2968 3562 3136 3616 bonos
3173 3577 3236 3616 ac
3272 3563 3446 3629 justus

1896 3643 2039 3696 viros
2067 3652 2292 3698 mortem
2317 3655 2593 3714 oppetere,
2621 3656 2678 3701 ut
2703 3650 2925 3702 vinculis
2952 3659 3007 3703 et
3032 3651 3291 3719 supplicio
3320 3653 3444 3705 libe-

1895 3739 2141 3785 rarentur
2189 3751 2201 3784 :
2241 3733 2420 3788 vivere
2461 3746 2647 3790 contra
2687 3738 2942 3792 scelestos
2982 3754 3044 3792 ac
3070 3739 3338 3806 nefarios,
3386 3749 3444 3793 ut

1895 3834 2051 3888 pinna
2063 3819 2413 3889 afﬁcerentur,
2427 3837 2525 3878 nec
2535 3825 2636 3878 ulla
2651 3827 2979 3880 vinculorum
2992 3837 3131 3882 esset
3143 3829 3398 3882 liheratio.
3417 3850 3434 3880 ι

215 3836 480 3894 λὰζωνται
503 3838 568 3898 μὴ
591 3830 1014 3901 ἀπαλλαττόμενοι
1038 3839 1136 3886 τῶν
1168 3831 1380 3902 δεσμῶν.
1423 3852 1440 3884 s
1895 3834 2051 3888 Pana
2063 3830 2525 3889 alucerenlur’ncc
2535 3830 2636 3878 “"3
2651 3830 2947 3906 νίηουιοτυζ

290 3929 382 3972 Ἐκ
429 3928 520 3978 τῆς
575 3921 852 3978 έκτεθείσης
910 3920 1015 3972 ύπὸ
1052 3926 1150 3972 τῶν
1203 3918 1311 3974 κατ’
1360 3919 1610 3991 Αἴγυπτον
1637 3964 1651 3986 ,
1709 3925 1794 3975 καί

1964 3906 2041 3962 Ex
2089 3911 2418 3982 expositione
2469 3913 2734 3982 synodicae
2781 3916 3017 3983 epistolae
3069 3917 3440 3985 episcoporum

1894 3996 2110 4067 Egypti
2151 4006 2309 4065 atque
2345 3999 2673 4054 Alexandriae
2701 4002 2950 4056 adversus
2977 4003 3216 4071 Origenis
3243 4004 3440 4058 doctri-

1893 4101 2014 4138 nam
2049 4103 2062 4138 :
2089 4105 2106 4136 ι
2128 4086 2225 4140 Hic
2242 4101 2389 4154 ergo,
2417 4088 2480 4141 de
2508 4104 2612 4156 quo
2639 4091 2829 4157 agitur,
2853 4090 3102 4160 Origenes
3125 4093 3283 4146 veluti
3309 4093 3441 4146 abo-

1892 4177 2194 4230 minationis
2211 4177 2471 4232 desolatio
2494 4178 2544 4230 in
2565 4180 2738 4232 medio
2765 4195 2900 4233 verte
2927 4181 3172 4235 Ecclesiae
3200 4182 3432 4242 exstitit;

207 4006 588 4079 Ἀλεξάν“ρειαν
632 4006 915 4060 ἐπισκόπων
958 4005 1220 4065 συνοδικῆς
1248 4007 1510 4065 ἐπιστολῆς
1536 4009 1667 4062 κατά
1694 4015 1793 4062 τῶν

208 4094 514 4168 Ὠριιγένους
541 4093 821 4164 δοῃιιιάτωνε
845 4112 860 4141 σ
883 4091 1039 4152 Οὗτος
1069 4096 1225 4147 τοίνυν
1252 4094 1276 4148 ό
1315 4097 1630 4166 προκείμενος
1660 4094 1791 4170 Ὦρι-

206 4185 397 4250 γένης,
428 4182 650 4253 καθάπερ
678 4183 733 4234 τό
755 4189 841 4239 τῆς
871 4183 1167 4254 ἐρημώσεως
1195 4181 1445 4250 βδέλυγμα
1468 4184 1516 4234 ἐν
1537 4184 1678 4253 μέσῳ
1702 4191 1792 4242 τῆς

204 4271 440 4326 ἀληθοῦς
470 4269 730 4328 ἐκκλησίας
757 4271 1034 4340 γεγένηται.
1066 4273 1163 4322 Καὶ
1184 4270 1526 4344 πρεσϐύτερος
1553 4290 1790 4342 χειροτο-

1897 4277 1952 4316 ac
1981 4265 2258 4334 presbyter
2285 4266 2558 4320 ordinatus
2585 4282 2614 4319 a
2643 4267 2895 4320 canonica
2921 4307 2936 4335 ,
2984 4269 3049 4322 ab
3075 4283 3172 4321 una
3191 4309 3206 4332 ,
3251 4283 3280 4321 a
3308 4283 3435 4322 vera

194 4361 385 4415 νηθεὶς
412 4357 512 4408 ὑπὸ
540 4364 629 4414 τῆς
659 4366 909 4414 statvo-uxr"):
934 4378 1017 4418 τε,
1050 4360 1133 4410 καί
1172 4364 1290 4425 μιᾶς
1319 4360 1493 4432 χειρὸς
1531 4360 1754 4418 ἀληθινῆς
1771 4400 1785 4422 ,

1897 4369 2079 4419 manu,
2130 4355 2436 4422 dignitatem
2466 4357 2757 4435 presbyteri
2786 4357 2977 4410 nudam
3021 4373 3085 4411 ac
3125 4358 3289 4412 solam
3335 4358 3433 4411 ha-

192 4441 333 4513 εἶχε
358 4443 418 4496 τὸ
443 4443 636 4510 ἀξίωμα
664 4450 753 4498 τοῦ
774 4444 1119 4517 πρεσϐυτέρου
1149 4445 1284 4514 ψιλόν
1297 4463 1352 4498 τε
1370 4449 1450 4498 καὶ
1477 4447 1641 4518 μόνον,
1671 4449 1787 4499 καθ-

1897 4444 2038 4505 buit,
2094 4445 2536 4511 quemadmodum
2583 4454 2638 4499 et
2675 4449 3002 4516 apostolatus
3039 4449 3222 4502 habuit
3265 4450 3426 4503 hono-

1885 4548 2000 4586 rem
2039 4533 2123 4586 fur
2168 4549 2231 4587 ac
2275 4536 2514 4602 proditor
2558 4534 2738 4589 Judas.
2787 4536 2836 4590 is
2889 4538 3025 4591 enim
3077 4552 3194 4592 cum
3242 4540 3434 4607 capis.-

1883 4634 1966 4678 set
2005 4625 2340 4692 blasphemas
2381 4627 2625 4680 homiiias
2659 4628 2881 4690 habere,
2931 4628 3177 4684 Heraclas
3207 4638 3231 4665 ⁸
3260 4630 3432 4684 beatzu

1883 4715 2154 4766 memoria:
2180 4722 2288 4766 tum
2319 4715 2615 4789 episcopus,
2645 4723 2703 4768 ut
2731 4718 2996 4771 studiosus
3028 4719 3279 4782 veritatis,
3311 4734 3438 4772 ara-s

1884 4812 1968 4858 tor
1993 4821 2055 4858 ac
2075 4807 2270 4859 vinitor
2287 4807 2628 4859 ecclesiastici
2651 4807 2780 4873 agri,
2799 4822 2916 4861 eum
2933 4823 2964 4860 e
2991 4809 3165 4861 medio
3194 4809 3427 4876 puichrm

1881 4907 1943 4945 ac
1977 4892 2106 4946 lectae
2133 4895 2323 4959 segetis
2352 4894 2563 4957 evulsit,
2607 4895 2748 4962 quod
2791 4910 2974 4949 revera
3003 4911 3032 4949 e
3056 4897 3196 4950 malo
3223 4897 3425 4948 zizanio

1880 4989 2038 5034 esset.
2061 5000 2078 5031 ι
2106 4980 2180 5036 Ac
2195 4983 2354 5049 paulo
2382 4990 2503 5050 post
2529 5001 2542 5034 :
2575 5002 2592 5033 ι
2612 4983 2784 5048 Quare
2811 4987 2897 5039 hic
2923 5001 2953 5039 e
2981 4987 3117 5040 coelo
3147 4987 3198 5038 in
3229 4994 3424 5040 terram

1879 5069 2148 5132 decidens,
2171 5077 2420 5136 tanquam
2444 5068 2632 5136 fulgur,
2671 5072 2809 5126 sicut
2835 5079 2890 5125 et
2916 5073 3029 5140 ejus
3056 5084 3209 5143 pater
3235 5074 3422 5128 diabo-

1880 5155 1992 5220 lus,
2042 5156 2222 5209 multte
2267 5157 2567 5225 atrocisque
2611 5159 2892 5213 iracundiae.
2920 5169 3104 5215 contra
3147 5163 3423 5216 veritatem

1879 5244 2106 5312 spirans,
2128 5244 2179 5296 in
2203 5243 2530 5298 Palaestinam
2555 5246 2824 5313 regionem
2851 5249 3142 5316 navigavit;
3167 5261 3424 5304 moratus-

1878 5347 1981 5401 que
2002 5333 2052 5385 in
2074 5331 2482 5386 Cmsareensium
2505 5336 2800 5404 metropoli,
2820 5352 2938 5390 cum
2957 5353 3233 5406 personam
3258 5354 3421 5407 quam

1877 5421 1976 5474 sibi
2004 5420 2248 5474 induerat
2273 5420 2603 5489 deposuisset
2628 5463 2642 5486 ,
2687 5438 2849 5492 seque
2889 5426 3210 5494 aperuisset,
3257 5426 3420 5482 veluti

1874 5511 2034 5579 piscis
2055 5509 2150 5578 qui
2168 5511 2312 5578 sepia
2335 5511 2473 5579 apud
2494 5513 2746 5580 quosdam
2777 5515 3086 5584 appellatur,
3119 5517 3418 5584 signiﬁcans

1874 5600 2016 5671 quod
2037 5600 2135 5653 sibi
2156 5599 2412 5667 voluptati
2434 5609 2568 5670 erat,
2584 5617 2645 5657 ac
2667 5605 3054 5659 tenebricosum
3069 5615 3228 5673 atque
3243 5615 3417 5672 atrum

189 4537 350 4607 άπερ
401 4535 482 4584 καὶ
516 4533 572 4585 τὸ
601 4540 690 4590 τῆς
716 4533 996 4592 ἀποστολῆς
1019 4529 1159 4602 εἶχεν
1183 4533 1207 4586 ό
1229 4534 1438 4593 κλέπτης
1490 4539 1574 4588 καί
1596 4535 1783 4608 προδό-
1808 4544 1812 4549 ’

188 4645 300 4681 της
341 4621 556 4680 Ἰούδας.
588 4620 884 4694 Ἀρξαμένου
922 4627 1021 4694 γὰρ
1051 4625 1206 4676 αὐτοῦ
1234 4624 1556 4695 βλασφήμους
1591 4625 1782 4695 ὁμιλίας

189 4713 407 4783 ὁμιλεῖν
427 4751 440 4773 ,
478 4708 502 4762 ὁ
537 4709 644 4762 κατ’
669 4711 823 4762 ἐκεῖνο
850 4713 1129 4784 μακαρίτης
1157 4713 1398 4784 Ἦρακλᾶς
1427 4712 1451 4764 ὁ
1477 4715 1779 4782 ἐπίσκοπος,

186 4808 270 4862 ὡς
296 4804 498 4874 ἀροτὴρ
544 4804 626 4853 καί
651 4801 997 4875 ἀμπελουργὸς
1021 4803 1278 4874 φιλαλήθης
1300 4810 1389 4857 τοῦ
1411 4812 1500 4862 τῆς
1524 4805 1780 4864 ἐκκλησίας

184 4892 418 4962 χωρίου
449 4892 738 4958 τυγχάνων,
762 4891 814 4942 ἐκ
835 4891 986 4960 μέσου
1025 4897 1114 4944 τοῦ
1137 4893 1283 4944 καλοῦ
1313 4894 1453 4953 σίτου
1482 4898 1656 4947 τοῦτον
1681 4894 1780 4955 ἐξέ-

177 4986 342 5038 τιλεν
361 5022 379 5044 ,
418 4983 483 5038 ὡς
512 4987 601 5034 τοῦ
631 4989 845 5054 πονηροῦ
882 4985 1093 5044 ζιζανίου
1119 4979 1235 5037 ὄντα
1273 4983 1511 5041 ἀληθῶς.)
1552 4987 1643 5035 Καὶ
1671 4983 1784 5054 μετ’

175 5074 378 5140 ὀλίγοιο
394 5085 410 5115 α
423 5067 667 5122 Ἐκπεσών
681 5066 828 5128 οὗτος
850 5071 931 5122 ἐπὶ
947 5075 1035 5127 τὴν
1053 5079 1142 5140 ’γῆν
1162 5067 1420 5144 οὐρανόθεν
1441 5074 1508 5130 ὡς
1520 5074 1773 5146 ἀστραπὴ.

173 5161 442 5230 καθάπερ
471 5156 496 5210 ὁ
522 5164 702 5211 τούτου
737 5164 905 5232 πατὴρ
934 5157 958 5212 ὁ
990 5157 1218 5218 διάϐολος
1239 5201 1252 5222 ,
1294 5161 1451 5228 θυμοῦ
1479 5161 1635 5212 πνέων
1661 5160 1773 5212 πολ-

166 5252 276 5304 λοῦ
329 5248 417 5297 καί
455 5244 612 5299 δεινοῦ
649 5249 776 5299 κατά
817 5253 903 5304 τῆς
934 5247 1190 5308 ἀληθείας,
1231 5249 1311 5300 ἐπὶ
1346 5253 1434 5304 τήν
1467 5248 1771 5316 καλουμένην

166 5337 539 5394 Παλαιστίνην
576 5338 755 5408 χώραν
788 5334 1023 5389 ἔπλευσε·
1056 5341 1140 5390 καὶ
1167 5339 1370 5396 καθίσας
1407 5338 1457 5390 έν
1484 5346 1544 5406 τῇ
1584 5352 1770 5390 Καισα-

165 5428 318 5502 ρέων
370 5423 705 5494 μητροπόλει,
755 5425 974 5492 κᾴκεῖθεν
1009 5426 1066 5478 τὸ
1102 5434 1416 5498 προσωπεῖον
1446 5424 1772 5493 ἀποκαλύψας

68 5561 108 5594 ⁸
161 5515 300 5567 ὅλον
335 5510 396 5568 ἐξ
425 5507 534 5560 ὅλου
569 5517 658 5564 τοῦ
689 5511 1030 5581 καλύμματος,
1063 5513 1282 5584 καθάπερ
1312 5511 1337 5564 ὁ
1377 5515 1525 5582 ἰχθὺς
1553 5515 1584 5569 ri
1612 5517 1773 5568 σηπία

157 5601 342 5673 παρὰ
377 5617 487 5650 τισι
514 5600 806 5667 καλουμένη.
825 5600 946 5677 ὅπερ
974 5603 1125 5654 αὐτοῦ
1157 5602 1264 5654 καθ’
1292 5601 1461 5660 ἡδονὴν
1488 5605 1767 5673 ἐτύγχανε,

250 5699 286 5733 ει
324 5687 591 5744 Demetrii
621 5691 860 5758 episcopi
889 5692 1225 5745 Alexamlrini
1246 5708 1543 5746 successor.

514 5785 782 5849 ΡΑτηοι..
830 5783 948 5844 Gn.
997 5778 1342 5850 LXXXVI.

2186 5821 2202 5836 .
2281 5823 2318 5848 ι.
3051 5774 3123 5842 3i
