3958 6288
305 279 410 338 973

1385 266 1612 326 LIBER
1655 265 2050 324 A’DVERSUS
2089 263 2512 322 ORIGENEM.

3408 275 3514 349 οτι

307 388 424 445 σίας
446 388 789 454 ἆπελαῦέντος,
812 390 892 441 καί
918 394 1014 441 τῶν
1033 386 1308 460 όμοξρὸνων
1330 387 1516 455 ἐκείνῳ’
1538 387 1593 439 οὐ
1619 382 1712 461 γάρ
1735 379 1862 449 εἷπε,

1970 378 2033 435 ad
2063 394 2154 434 eos
2181 381 2270 448 qui
2299 391 2419 434 sunt
2447 383 2512 435 ab
2537 381 2790 443 Ecclesia,
2815 402 2830 433 ι
2849 382 2914 435 de
2940 380 3162 448 Origene
3184 382 3460 446 disserere,
3485 401 3514 451 ο

315 495 333 528 ε
356 478 480 552 πρός
512 479 628 536 τοὺς
649 478 699 530 ἓν
732 485 794 548 τῇ
820 476 1076 548 ἐκκλησίᾳ,
1094 492 1111 525 ι
1142 474 1262 526 ἀλλὰ
1304 491 1320 522 ε
1339 475 1463 547 πρὸς
1491 477 1610 533 τοὺς
1635 475 1736 527 ἀπὸ
1772 480 1861 530 τῆς

309 565 566 625 ἐκκλησίας
601 567 714 635 ἡμῖν
742 566 851 619 ἔστί
875 585 953 624 τις
989 564 1154 634 λόγος·
1179 581 1197 614 ι
1221 565 1304 618 καί
1346 562 1427 617 διὰ
1465 565 1552 633 μὲν
1592 569 1680 617 τοῦ
1712 565 1865 617 εἰπεῖν

314 669 334 704 ε
366 656 500 722 ἡμῖν,
523 671 540 704 ι
569 655 686 714 τοὺς
710 662 800 712 τῆς
823 652 1088 711 ἐκκλησίας
1131 650 1370 708 ἐδήλωσε⁶
1399 649 1481 709 διὰ
1507 650 1560 706 δὲ
1588 657 1676 706 τοῦ
1715 652 1865 703 εἰπεῖν

314 760 334 792 ε
368 745 486 803 τοὺς
508 743 606 797 διπό
640 751 731 802 τῆς
761 741 1046 807 ίκκλησίας,
1080 758 1098 792 t
1126 743 1245 799 τοὺς
1291 741 1479 802 ταύτης
1520 741 1864 797 ἀποπεσόντας

309 831 567 907 ἐσήμανεν.

373 1009 458 1065 ’Ἑν
497 1010 548 1066 δὲ
584 1013 667 1066 καί
703 1011 846 1082 μόνον
882 1017 956 1083 τῷ
997 1009 1234 1066 δυσσεϐεῖ
1272 1012 1511 1084 Ὠριγένει
1551 1007 1865 1076 σπούδασμα

304 1105 470 1176 γέγονε
489 1143 502 1163 .
532 1105 588 1157 τὸ
610 1108 698 1161 τὴν
724 1103 999 1160 Ἑλληνικήν
1021 1102 1201 1160 πλάνην
1220 1108 1460 1174 κρατῦναι
1476 1143 1490 1168 ,
1522 1103 1602 1154 καί
1628 1106 1738 1160 ταῖς
1766 1106 1864 1152 τῶν

306 1195 614 1268 σαθροτέρων
639 1193 841 1263 ψυχαῖς
882 1193 1074 1256 ζιζάνια
1107 1193 1522 1264 ἐγκατασπεῖραι.
1561 1192 1642 1245 Διό
1679 1193 1868 1261 κᾴκεῐνο

306 1287 363 1340 τό
399 1288 614 1355 γέλωτος
647 1287 737 1352 μὲν
769 1282 934 1347 ἄξιον,
973 1283 1095 1354 παρ’
1125 1285 1281 1336 αὐτοῦ
1327 1280 1381 1336 δὲ
1415 1280 1548 1350 ὅμως
1586 1281 1862 1352 εἰρημένον,

303 1376 423 1446 περί
445 1380 534 1431 τῆς
562 1378 660 1426 τῶν
688 1373 958 1444 ἀνθρώπων
982 1372 1035 1424 εκ
1058 1378 1244 1448 νεκρῶν
1266 1371 1610 1433 ἀναστάσεως,
1637 1369 1867 1441 προσθεῖ·

303 1482 383 1520 ναι
404 1459 709 1531 συνείδομεν.
735 1461 878 1532 Λέγει
895 1462 1013 1534 γὰρ,
1039 1458 1116 1515 ὅτι
1136 1461 1185 1514 ἐν
1209 1468 1271 1534 τῇ
1290 1461 1562 1513 ἀναστάσει
1581 1456 1865 1536 σφαιροειδῆ

303 1551 578 1624 ὖγείρονται
621 1551 687 1604 τὰ
735 1553 951 1619 σώματα
987 1557 1086 1605 τῶν
1122 1551 1410 1626 ἀνθρώπων.
1439 1549 1506 1600 Ὢ
1547 1558 1636 1609 τῆς
1673 1550 1862 1614 ἀνοίας,

305 1640 390 1695 καί
413 1639 655 1710 ἀμαθείας
677 1644 765 1694 τοῦ
795 1639 1162 1712 φρενοϐλαϐοῦς
1189 1640 1394 1700 τούτου.
1426 1642 1510 1693 καί
1538 1646 1635 1695 τῶν
1665 1639 1867 1696 Ἐλληνι-

1965 471 2056 524 Dci
2085 473 2248 540 gratia
2292 481 2346 525 et
2388 482 2568 526 sancta
2617 472 2710 526 Dei
2737 471 2966 526 Ecclesia
2996 473 3215 540 expulso
3241 514 3255 535 ,
3300 474 3520 542 ejusque

1964 560 2277 627 sequacibus
2299 578 2310 613 :
2334 576 2435 614 non
2465 561 2605 614 enim
2635 562 2786 626 dixit,
2808 582 2825 612 ε
2854 563 2917 616 ad
2948 579 3042 617 eos
3066 563 3154 631 qui
3181 573 3304 616 sunt
3332 565 3382 616 iu
3413 562 3517 619 Εετ

1963 649 2143 712 clesia,
2158 668 2175 700 ›
2193 649 2305 712 sed,
2327 669 2345 700 ι
2365 649 2552 704 Sermo
2568 650 2779 718 quidam
2806 652 2959 705 nobis
2983 660 3063 706 est
3090 651 3154 705 ad
3173 667 3265 706 eos
3279 654 3369 721 qui
3397 662 3519 717 sunt

1963 740 2029 792 ab
2057 737 2318 804 Ecclesia;
2354 759 2372 790 ι
2401 747 2454 794 et
2481 756 2576 808 per
2605 741 2730 794 illud
2760 741 2970 810 quidem
3001 744 3141 816 quod
3167 744 3329 810 dicit,
3368 764 3387 796 ι
3421 733 3524 799 [ιοἰ

1963 827 2063 888 bis,
2087 847 2104 879 ι
2132 827 2381 882 Ecclesia:
2408 830 2647 884 homines
2673 830 3014 897 signiﬁcavit;
3044 847 3139 900 per
3167 833 3292 887 illud
3322 843 3518 904 autem,

1971 937 1988 966 ‹
2012 919 2098 985 qui
2128 926 2253 972 sunt
2281 919 2345 971 ab
2376 917 2605 972 Ecclesia
2627 957 2640 979 ,
2683 937 2701 970 ι
2727 919 2964 986 deiectos
2992 921 3058 974 ab
3087 922 3196 989 ipsa
3225 923 3516 984 denotavit.

2037 1006 2206 1059 Unum
2235 1017 2408 1068 autem
2439 1022 2502 1060 ac
2529 1007 2699 1060 solum
2729 1007 2889 1076 impio
2910 1006 3119 1074 Origeni
3143 1009 3376 1065 studium
3402 1009 3518 1072 fuit,

1965 1108 2288 1163 paganorum
2337 1110 2571 1148 errorem
2621 1095 2976 1164 conﬁrmare,
3025 1106 3078 1151 et
3117 1097 3519 1152 imbecilliorum

1965 1186 2154 1248 animis
2179 1185 2376 1238 zizania
2401 1185 2649 1238 inserere.
2676 1185 3028 1250 Quamobrem
3053 1187 3154 1240 hoc
3179 1202 3390 1255 quoque
3413 1189 3519 1242 risu

1964 1290 2090 1328 sane
2119 1275 2332 1341 dignum
2358 1312 2373 1335 ,
2405 1275 2471 1327 ab
2495 1289 2560 1328 eo
2589 1284 2766 1328 tamen
2795 1275 2992 1330 dictum
3019 1316 3032 1341 ,
3065 1277 3131 1331 de
3159 1278 3426 1332 hominum
3455 1295 3520 1333 ex

1966 1365 2186 1417 mortuis
2215 1365 2624 1431 resurrectione,
2670 1364 2956 1433 adjungere
2984 1366 3332 1429 decrevirnus.
3363 1369 3521 1422 Aﬁir-

1965 1454 2145 1516 mavit,
2177 1455 2229 1506 in
2258 1454 2647 1511 resurrectione
2675 1470 2899 1524 corpora
2927 1455 3203 1520 hominum
3229 1458 3523 1523 orbiculata

1965 1542 2228 1597 suscitari.
2273 1539 2317 1594 Ο
2342 1541 2660 1595 dementiam
2689 1551 2850 1611 atque
2878 1543 3141 1608 inscitiam
3169 1545 3400 1610 hominis
3440 1550 3523 1602 iri-.-

1965 1630 2098 1694 sani,
2121 1636 2174 1682 et
2194 1643 2514 1698 paganorum
2536 1629 2823 1698 disciplinac
2842 1631 3208 1699 expiicatoris!
3235 1636 3324 1704 qui
3346 1647 3523 1690 mento

303 1732 400 1783 κῶν
425 1724 683 1797 δογμάτων
713 1725 977 1798 ἕξηγητοῦι
1012 1723 1065 1784 ὅς
1089 1745 1166 1784 τις
1190 1726 1488 1794 τυφλώττων
1511 1730 1598 1784 τήν
1625 1725 1863 1790 διάνοιαν,

1967 1720 2250 1773 οωοιιιίθηε
2271 1757 2286 1781 ,
2332 1718 2656 1787 studensque
2701 1717 3121 1781 Christianorum
3152 1723 3273 1783 iidei
3302 1725 3524 1780 miscere

302 1819 384 1870 καί
404 1824 478 1890 τῇ·
501 1822 599 1870 τῶν
622 1823 932 1891 Χριστιανῶν
964 1817 1136 1870 πίστει
1168 1817 1355 1884 μύθους
1385 1817 1603 1885 ίπιμίξαι
1633 1815 1863 1871 σπουδά-

299 1925 419 1967 σας,
446 1906 602 1962 αὐτὴν
619 1909 707 1962 τήν
733 1911 832 1958 τῶν
859 1910 1170 1980 Χριστιανῶν
1200 1903 1371 1958 ἐλπίδα
1395 1924 1448 1958 τε
1491 1908 1572 1959 καί
1594 1908 1862 1980 σωτηρίαν,

301 1997 536 2049 τουτέστι
567 1999 657 2053 τήν
689 1995 1050 2066 ἐπηγγελμένην
1081 1996 1196 2065 ἡμῖν
1225 1995 1520 2059 ἀνάστασιν,
1555 1994 1866 2054 ἱσπούδασεν

303 2087 594 2160 ἐνυϐρίσαι,
623 2085 746 2155 μηδὲ
766 2093 858 2144 την
884 2092 972 2140 τοῦ
998 2089 1167 2159 κυρίου
1185 2086 1466 2150 ἀνάστασιν
1492 2088 1862 2161 ἐντρεπόμενος.

301 2176 545 2258 Ἐγερθεὶς
573 2179 671 2246 γὰρ
702 2175 727 2228 6
753 2175 924 2247 κύριος
952 2176 1008 2228 ἑκ
1046 2182 1229 2247 νεκρῶν
1249 2215 1261 2235 ,
1291 2178 1373 2229 καί
1402 2178 1620 2248 ἀπαρχὴ
1656 2182 1755 2228 τῶν
1786 2195 1867 2228 κε-

301 2265 608 2332 κοιμημένων
629 2265 917 2335 γενόμενος,
947 2270 1057 2322 τοῖς
1098 2267 1342 2333 μαθηταῖς
1381 2264 1537 2334 ἅφθη,
1573 2267 1655 2317 καί
1690 2262 1868 2328 ἔδειξεν

301 2353 468 2409 αὐτοῖς
503 2353 585 2403 καί
621 2352 712 2410 τὰς
741 2349 1029 2426 διατρησεις
1054 2359 1153 2405 τῶν
1179 2359 1394 2424 χειρῶν,
1427 2356 1508 2405 καί
1545 2360 1643 2406 τῶν
1673 2355 1862 2416 ποδῶν,

300 2443 383 2492 καί
401 2446 489 2497 τήν
511 2440 700 2509 πληγὴν
725 2447 815 2499 τῆς
837 2440 1062 2516 πλευρᾶς
1077 2456 1088 2468 ·
1120 2445 1206 2493 καί
1224 2439 1377 2511 ἔφαγε
1395 2443 1520 2508 μετά
1543 2447 1630 2498 τήν
1651 2441 1867 2495 ἀνάστα-

299 2550 402 2592 σιν,
429 2531 528 2598 οὔχ
551 2532 617 2589 ὡς
630 2537 815 2602 τροφῆς
841 2526 1087 2599 δεόμενος.
1109 2529 1211 2583 ἀλλ’
1230 2530 1312 2583 ἶνα
1326 2537 1398 2602 τῷ
1412 2530 1581 2603 τρόπῳ
1599 2529 1763 2599 τούτῳ
1777 2536 1865 2588 τήν

300 2624 392 2673 τοῦ
423 2620 728 2677 ἀναστάντος
754 2620 989 2687 σώματος
1012 2621 1160 2690 φύσιν
1186 2620 1530 2677 πιστώσηται.
1555 2616 1740 2688 ’Δμέλει
1764 2639 1859 2682 τοι,

300 2711 383 2762 καί
403 2709 863 2779 ἀναλαμϐανομζνου
886 2715 973 2763 τοῦ
996 2712 1193 2782 κυρίου,
1222 2709 1246 2763 ὁ
1267 2706 1474 2781 ἅγγελος
1495 2711 1618 2785 πρός
1639 2712 1756 2767 τοὺς
1775 2731 1866 2778 μα-

297 2799 454 2856 θητάς
483 2795 676 2868 ἔλεγεν·
714 2815 732 2848 ε
763 2795 921 2857 Οὗτος
958 2797 983 2850 ό
1019 2804 1214 2857 Ἰησοῦς
1246 2797 1270 2852 6
1301 2799 1588 2870 ἀναληφθεὶς
1618 2797 1697 2867 ἀφ’
1725 2798 1864 2866 ὑμῶν

302 2889 374 2947 είς
401 2889 483 2942 τόν
510 2888 745 2961 οὐρανὸν,
787 2885 936 2948 οὗτος
973 2888 1251 2952 ἐλεύσεται,
1289 2885 1341 2940 όν
1374 2889 1560 2962 τρόπον
1595 2889 1863 2942 ἐθεάσασθε

299 2980 452 3042 αὐτόν
489 2980 822 3052 πορευόμενον
849 2984 921 3038 εἰς
954 2983 1038 3032 τίν
1062 2978 1316 3053 οὐρανόν.»
1352 2983 1407 3033 Ei
1445 2979 1496 3034 δὲ
1535 2981 1695 3038 καθὼς
1734 2985 1866 3052 Ὠρι-

1965 1809 2186 1874 fabulas,
2219 1810 2384 1878 ipsam
2412 1808 2834 1870 Christianorum
2863 1825 3011 1880 spem
3056 1828 3120 1867 ac
3146 1815 3389 1879 salutem,
3422 1817 3524 1872 hoc

1965 1908 2066 1965 est,
2090 1899 2404 1969 promissam
2433 1899 2587 1952 nobis
2607 1900 3073 1966 resurrectionem,
3099 1901 3254 1964 nixus
3283 1913 3368 1958 est
3395 1919 3525 1958 cons

1967 1991 2182 2050 tumelia
2210 1989 2454 2056 violare,
2487 2003 2554 2046 ne
2582 1989 3025 2043 resurrectionem
3070 1992 3282 2064 quidem
3315 1993 3522 2047 Domini

1965 2080 2245 2142 reveritus,
2297 2079 2582 2148 Resurgens
2623 2079 2761 2130 enim
2800 2077 3051 2133 Dominus
3095 2097 3160 2134 ex
3203 2085 3446 2146 mortuis,
3477 2093 3525 2144 et
3559 2153 3562 2156 ψ

1967 2167 2204 2237 ρνίηιίιὶω
2231 2165 2591 2222 dormientium
2620 2166 2783 2235 [actus
2810 2163 2861 2236 (Ι
2877 2165 3123 2234 Cor,xv),
3151 2169 3421 2238 discipulis
3448 2171 3526 2224 vix-

1965 2272 2055 2310 sus
2079 2264 2176 2320 cst,
2202 2256 2384 2324 eisque
2412 2254 2644 2308 ostendit
2663 2254 2920 2310 foramina
2941 2273 3190 2313 manuum
3218 2275 3282 2315 ac
3307 2262 3522 2337 pedum,

1964 2353 2020 2398 et
2048 2344 2253 2412 plagam
2299 2344 2480 2396 lateris
2511 2361 2525 2395 :
2557 2351 2610 2398 et
2636 2349 2757 2414 post
2783 2349 3228 2404 resurrectionem
3273 2353 3523 2425 comedit,

1964 2450 2069 2488 non
2099 2443 2158 2488 ut
2183 2435 2301 2489 cibo
2330 2433 2590 2500 indigens,
2613 2434 2706 2489 sed
2738 2444 2793 2488 ut
2821 2451 2887 2489 eo
2905 2438 3064 2491 modo
3091 2442 3386 2496 resuscitati
3407 2459 3525 2497 cor»

1964 2526 2110 2594 poris
2137 2534 2377 2578 naturam
2406 2524 2765 2580 conﬁrmaret.
2797 2525 2860 2579 Et
2885 2519 3095 2594 quidem
3125 2545 3242 2592 cum
3273 2533 3523 2590 Dominus

1964 2615 2283 2669 ascenderet
2312 2657 2327 2681 ,
2365 2615 2582 2682 angelus
2617 2617 2680 2670 ad
2719 2617 3007 2687 discipulos
3035 2620 3168 2680 dixit
3199 2639 3212 2674 ε
3247 2622 3348 2687 llic
3374 2624 3526 2688 Jesus

1963 2705 2046 2774 qui
2086 2712 2371 2772 assumptus
2401 2713 2476 2757 est
2504 2721 2536 2758 α
2566 2705 2701 2760 vobis
2730 2706 2781 2759 in
2820 2707 3027 2772 coelum,
3060 2711 3132 2762 sic
3160 2713 3322 2765 ueniet
3347 2729 3525 2783 qucme

1963 2793 2234 2856 admodum
2256 2793 2452 2846 vidistis
2474 2810 2588 2847 eum
2613 2805 2811 2849 euntem
2836 2797 2886 2848 in
2910 2800 3089 2852 emtum
3119 2802 3254 2870 (Act.
3281 2801 3339 2870 ι).
3370 2803 3522 2867 Quod

1963 2885 2028 2947 si,
2060 2891 2116 2938 ut
2144 2884 2339 2943 insanit
2367 2884 2639 2951 Origenes,
2674 2887 3020 2941 orbiculatum
3051 2900 3166 2944 erat
3195 2907 3388 2962 corpus
3415 2894 3522 2950 Do-.

1963 2977 2127 3041 mini,
2157 2976 2424 3044 quomodo
2453 2979 2623 3045 potuit
2652 2978 3018 3037 demonstrare
3055 2997 3302 3038 manuum
3331 3001 3394 3040 ac
3431 3003 3524 3056 pc-

300 3067 444 3136 γένης
466 3067 712 3136 μαίνεται,
745 3065 1051 3138 σφαιροειδὲς
1073 3063 1129 3124 ἦν
1146 3067 1202 3118 τό
1227 3073 1375 3136 σῶμα
1401 3073 1489 3120 τοῦ
1519 3069 1692 3134 κυρίου
1711 3111 1724 3132 ,
1755 3076 1864 3128 πῶς

1967 3066 2090 3121 dum
2120 3064 2399 3128 foramina,
2428 3073 2520 3125 aut
2544 3065 2724 3119 lateris
2753 3067 2998 3134 plagam?
3025 3077 3116 3123 aut
3140 3074 3405 3140 quomodo
3433 3092 3524 3130 co?

301 3152 414 3225 εἶχε
457 3155 614 3218 δεῖξαι
651 3157 744 3214 τὰς
796 3164 894 3209 τῶν
947 3163 1135 3230 χειρῶν
1189 3160 1274 3209 uni
1318 3156 1484 3210 ποδῶν
1542 3157 1858 3233 διατρήσεις,

301 3243 330 3303 ἢ
393 3251 482 3302 τήν
554 3245 743 3315 πληγήν
804 3253 895 3304 τῆς
962 3246 1214 3319 πλευρᾶς;
1271 3245 1301 3303 ἣ
1360 3253 1469 3305 πῶς
1521 3256 1689 3318 φαγεῖν
1748 3247 1863 3306 ἡδύ-

303 3355 438 3399 νατο,
469 3335 497 3392 ἧ
525 3333 650 3394 ὅλως
674 3335 773 3390 ὑπὸ
799 3343 898 3389 τῶν
919 3337 1149 3404 μαθητῶν
1175 3339 1531 3408 γνωρισθῆναις
1562 3343 1670 3396 Πῶς
1694 3335 1746 3390 δὲ
1775 3343 1862 3391 καί

301 3425 364 3477 τὰ
388 3430 485 3476 τῶν
513 3422 665 3494 ἁγίων
706 3426 916 3492 σώματα
950 3425 1079 3492 μετά
1117 3428 1206 3481 τὴν
1239 3430 1328 3477 τοῦ
1370 3426 1538 3496 κυρίου
1584 3427 1858 3478 ἀνάστασιν

302 3513 575 3582 ἐγερθέντα,
600 3513 681 3563 καί
712 3513 913 3581 ὀφθέντα
935 3512 980 3562 ἐν
1083 3511 1204 3583 ἁγίᾳ
1228 3513 1388 3577 πόλει,
1412 3510 1621 3566 δυνατόν
1642 3509 1698 3570 ἦν
1719 3516 1861 3588 παρά

303 3607 402 3657 τῶν
426 3595 584 3651 ἄλλων
622 3601 923 3670 γνωσθῆναι,
950 3597 1088 3669 ε’περ
1124 3601 1174 3652 ἐν
1210 3596 1340 3669 ἄλλῳ
1371 3604 1604 3669 σχήματι
1636 3597 1712 3660 ἧν,
1741 3601 1862 3672 παρ’

307 3687 434 3760 ὅπερ
459 3690 738 3758 ἒτῦγχανεν
771 3691 821 3741 ἐν
845 3696 905 3762 τῇ
934 3692 1033 3760 ζωῇ
1052 3687 1149 3751 ;Ἐν
1174 3697 1234 3761 τῇ
1273 3691 1437 3761 πέτρᾳ
1473 3694 1634 3742 τοίνυν
1661 3698 1749 3748 τῆς
1775 3692 1863 3742 πί-

303 3798 465 3837 στεως
495 3778 512 3849 [
541 3779 888 3852 ἐστηριγμένος
911 3777 1144 3849 οὐδαμῶς
1171 3777 1190 3850 ]
1219 3781 1302 3832 οὐκ
1335 3780 1714 3853 ἐστηριγμένος,
1746 3781 1865 3835 ἀλλὰ

302 3869 542 3926 τοία-ξτας
569 3870 651 3920 καί
684 3868 875 3922 τούτων
902 3867 1067 3938 πολλῷ
1101 3868 1310 3940 χείρους
1335 3867 1654 3939 βλασφημίας
1687 3868 1713 3922 ὁ
1743 3869 1867 3924 δυσ·

303 3955 458 4012 σεϐἠς
489 3957 741 4028 Ὧριγένης
764 3957 1030 4024 ἐκθέμενος,
1061 3957 1260 4015 εἰκότως
1287 3958 1334 4008 ἓν
1355 3963 1425 4025 τῷ
1445 3965 1601 4032 καιρῷ
1624 3965 1713 4013 τοῦ
1737 3980 1862 4030 μαρ·
1885 4008 1889 4012 .

304 4044 479 4116 τυρίον
513 4047 597 4095 τόν
637 4047 724 4095 μὲν
760 4047 1362 4117 Χριστόν-ἀπηρνήσατο,
1395 4055 1456 4116 τῇ
1484 4045 1536 4100 δὲ
1565 4047 1683 4121 παρ’
1715 4051 1866 4103 αὐτοῦ

306 4134 603 4203 είσαγομένῃ
638 4133 884 4204 Ἑλληνικῇ
922 4133 1154 4208 πολυθεΐᾳ
1186 4138 1551 4206 προσεκύνησε.
1585 4144 1671 4191 Καὶ
1717 4147 1866 4200 τοῦτο

305 4217 359 4272 δὲ
385 4224 515 4274 κατὰ
542 4227 664 4274 Θεοῦ
693 4223 856 4291 γέγονε
884 4223 1154 4298 πρόνοιαν,
1183 4225 1260 4278 ’ἱνα
1296 4230 1364 4293 μὴ
1405 4227 1514 4280 ἀντὶ
1538 4229 1793 4304 μάρτυρος
1822 4233 1869 4282 ἐν

305 4319 368 4383 τῇ
394 4311 628 4384 ἐκκλησίᾳ
656 4309 813 4386 δεχθῇ
832 4352 844 4372 ,
885 4316 965 4366 καί
991 4315 1212 4366 ἐντεῦθεν
1240 4323 1301 4388 τῇ
1325 4317 1508 4388 ποίμνῃ
1534 4325 1621 4371 τοῦ
1647 4327 1866 4392 Χριστοῦ

306 4400 467 4467 βλάϐη
496 4405 850 4470 προσγίνηται.
879 4405 934 4459 Εἰ
958 4405 1055 4474 γάρ
1085 4406 1215 4462 τινες
1241 4408 1341 4459 εἱσι
1362 4408 1441 4458 καὶ
1467 4412 1550 4459 νῦν
1578 4405 1869 4477 ὁμολογοῦν·

1967 3153 2181 3206 medere
2209 3153 2408 3221 potuit,
2439 3159 2530 3205 aut
2566 3153 2781 3206 omnino
2811 3169 2840 3206 a
2866 3154 3134 3224 discipulis
3163 3162 3414 3225 agnosci?
3455 3163 3524 3216 Et

1966 3242 2217 3310 quoniam
2237 3242 2428 3296 'modo
2457 3250 2759 3294 sanctorum
2783 3257 3004 3311 corpora
3027 3260 3146 3315 quae
3174 3257 3293 3315 post
3316 3249 3523 3306 Domini

1966 3330 2409 3384 resurrectionem
2456 3336 2802 3382 surrexerunt
2845 3330 3066 3400 (Matth.
3101 3337 3278 3405 xxvu)
3308 3376 3322 3398 ,
3371 3348 3424 3393 et
3473 3343 3523 3395 in

1963 3428 2146 3473 sancta
2177 3420 2393 3478 civitate
2420 3427 2817 3488 apparuerunt,
2865 3429 3091 3488 potuere
3119 3425 3186 3478 ab
3216 3427 3334 3480 aliis
3362 3443 3525 3497 agno-

1966 3507 2078 3571 sci,
2117 3507 2376 3574 siquidem
2419 3508 2472 3561 in
2501 3509 2604 3562 alia
2632 3517 2783 3567 erant
2811 3507 2974 3576 ﬁgura
3019 3521 3180 3580 atque
3235 3515 3444 3570 fuerant
3471 3521 3522 3572 in

1967 3595 2109 3647 vita?
2157 3593 2213 3648 In
2249 3593 2370 3648 ﬁdei
2395 3607 2522 3660 ergo
2559 3602 2710 3663 petra
2756 3597 2901 3651 nullo
2931 3599 3089 3652 modo
3118 3601 3401 3671 stabilitus,
3432 3606 3525 3659 sed

1968 3683 2268 3752 huiusmodi
2291 3722 2306 3745 ,
2349 3690 2508 3751 atque
2539 3684 2621 3737 his
2649 3685 2816 3737 multo
2851 3687 3142 3741 atrociores
3169 3690 3525 3758 blasphemias

1970 3777 2162 3845 impius
2183 3773 2434 3842 Origenes
2451 3789 2570 3827 cum
2602 3773 2871 3839 edidisset,
2901 3777 3029 3830 nihil
3057 3777 3244 3831 mirum
3273 3790 3370 3845 est,
3403 3798 3523 3836 eum

1971 3866 2024 3920 in
2050 3867 2166 3934 ipso
2187 3864 2422 3934 martyrii
2442 3863 2664 3917 articulo
2684 3863 2946 3919 Christum
2971 3867 3277 3935 abnegassc,
3298 3873 3524 3926 cultam-

1972 3969 2074 4026 que
2103 3970 2129 4007 a
2161 3953 2381 4029 paganis
2417 3952 2636 4006 deorum
2676 3953 3086 4019 multitudinem,
3115 3972 3271 4024 quam
3303 3960 3415 4028 ipse
3445 3964 3526 4014 in-

1970 4047 2133 4108 ducit,
2158 4044 2426 4097 adorasse.
2448 4042 2621 4109 AtQue
2648 4043 2703 4096 id
2733 4044 2823 4101 Dei
2847 4045 3174 4112 providentia
3201 4047 3392 4102 factum
3419 4060 3522 4118 est,

1971 4151 2039 4190 ne
2067 4135 2120 4188 in
2148 4134 2384 4189 Ecclesia
2412 4148 2508 4200 pro
2547 4141 2777 4201 martyre
2806 4135 3137 4202 acciperetur
3159 4176 3172 4199 ,
3214 4147 3372 4206 atque
3401 4141 3523 4195 inde

1970 4227 2116 4295 gregi
2143 4225 2338 4281 Christi
2388 4222 2669 4277 inferretur
2707 4225 2901 4292 aliquid
2947 4225 3266 4282 detrimenti.
3319 4229 3445 4283 Nam
3477 4235 3523 4286 si

1971 4317 2131 4372 etiam
2159 4330 2300 4370 nunc
2326 4321 2446 4368 sunt
2473 4313 2562 4380 qui
2583 4312 2649 4366 de
2676 4312 2790 4379 ejus
2817 4313 3029 4382 quidem
3059 4315 3208 4372 ruina
3239 4316 3526 4372 eoriﬁtean.

1973 4412 2078 4468 tur,
2103 4403 2394 4458 doctrinam
2422 4416 2551 4456 vero
2575 4410 2815 4464 asserant
2837 4441 2851 4465 ,
2892 4417 2958 4463 an
2990 4418 3094 4456 non
3123 4419 3239 4457 eam
3273 4413 3523 4473 tanquam

304 4508 390 4546 τις
414 4491 501 4557 μὲν
527 4491 584 4543 τό
607 4491 784 4542 ἐκείνου
815 4497 1023 4558 πτῶμα,
1061 4492 1455 4564 ἀντιποιούμενοι
1483 4493 1536 4547 δὲ
1563 4503 1662 4554 τῶν
1689 4499 1864 4561 αὐτοῦ,

357 4585 379 4594 -
492 4580 504 4594 .
577 4577 600 4594 ι.
663 4579 706 4594 η
849 4582 858 4594 .
938 4583 949 4594 .
1019 4586 1040 4594 -
1091 4583 1101 4594 .
1223 4583 1232 4594 ,
1529 4586 1538 4594 .
1719 4586 1731 4594 .
1798 4589 1809 4594 -

1971 4495 2218 4564 martyris
2236 4508 2300 4548 ac
2319 4491 2490 4546 Patris
2510 4499 2661 4546 erant
2681 4490 2961 4555 defensuri,
2984 4493 3028 4546 si
3050 4496 3356 4564 contigisset
3378 4513 3526 4564 cum,

303 4585 416 4638 πῶς
454 4580 540 4630 οὐκ
571 4577 768 4646 ἔμελλον
800 4582 866 4633 τὰ
893 4583 1044 4643 αὐτοῦ
1072 4583 1138 4638 ὡς
1171 4583 1426 4656 μάρτυρος
1460 4586 1541 4636 καὶ
1577 4586 1765 4658 πατρὸς
1790 4589 1870 4638 ἑκ·

303 4665 484 4730 δικεῖν,
515 4668 655 4742 εἴπερ
688 4671 873 4726 συνέϐη
912 4671 1063 4724 αὐτόν
1091 4677 1159 4740 μή
1195 4677 1622 4746 προσκυνήσαντα
1657 4683 1766 4736 τοῖς
1797 4680 1866 4729 εί·

304 4753 480 4815 δώλοις
504 4756 840 4821 τελειωθῆναι;
865 4756 1022 4817 οὐδεὶς
1045 4761 1144 4832 γὰρ
1165 4768 1255 4818 τῆς
1281 4761 1508 4819 ἀληθείας
1538 4763 1867 4832 ἀντεχόμενος

304 4845 535 4898 ἐμπίπτει
563 4850 651 4897 τοῦ
677 4851 825 4909 Θεοῦ,
851 4843 882 4903 ἦ
912 4846 1398 4916 ἐγκαταλιμπάνεται
1425 4851 1512 4901 ὑπ’
1540 4851 1713 4912 αὐτοῦ,
1739 4855 1866 4906 κατά

303 4936 364 4990 τὸ
391 4937 643 5009 εἰρημένον
679 4944 738 5009 τῇ
780 4939 886 5009 θείᾳ
915 4946 1100 5010 γραφῇ
1136 4955 1154 4987 ι
1191 4937 1493 5008 Ἐμιῗλέψατε
1536 4943 1606 5000 εἰς
1642 4942 1867 5009 ἀρχαίας

303 5025 500 5090 γενεὰς,
535 5026 613 5076 καί
641 5021 800 5090 ἴδετε,
823 5025 898 5084 τίς
929 5026 1196 5079 ἐπίστευσε
1225 5034 1296 5098 τῷ
1323 5030 1503 5100 κυρίῳ,
1537 5032 1622 5083 καί
1657 5030 1862 5100 ἐγκατε-

304 5112 499 5184 λείφθη;
526 5114 556 5172 ἦ
579 5117 656 5174 τίς
683 5115 890 5172 ἤλπισεν
917 5119 987 5176 είς
1014 5118 1166 5178 αὐτόν
1183 5159 1197 5184 ,
1239 5121 1326 5172 καί
1350 5118 1614 5191 ὑπερεῖδεν
1637 5121 1811 5182 «sit»;
1837 5139 1856 5172 ι

302 5199 552 5274 Ὠριγίνης
581 5201 634 5258 δὲ
667 5203 692 5257 6
720 5202 972 5265 δυσσεϐὴς
1000 5209 1094 5266 τὰς
1120 5207 1306 5261 ἑαυτοῦ
1331 5208 1643 5278 βλασφημίας
1672 5210 1727 5260 οὐ
1771 5212 1862 5278 μέ·-

306 5313 427 5367 χρις
451 5294 634 5348 ἑαυτοῦ
656 5292 887 5358 ἔστησεν,
919 5295 1040 5349 ἀλλά
1066 5295 1147 5355 διὰ
1174 5304 1274 5352 τῶν
1301 5295 1435 5350 ἰδίων
1459 5300 1862 5371 συγγραμμάτων

305 5387 385 5438 καί
411 5386 480 5443 εἰς
514 5384 726 5442 πολλοὺς
753 5383 954 5456 ἑτέρους
981 5391 1068 5443 τήν
1094 5388 1270 5440 οἰκείαν
1296 5387 1482 5444 πλάνην
1510 5386 1857 5460 παρέπεμψεν.

302 5466 461 5528 Ὥστε
487 5477 618 5530 πάνυ
643 5475 720 5529 ἐπ’
744 5477 878 5545 αὐτῷ
912 5474 1153 5548 ἁρμοδίαν
1181 5472 1304 5530 εἶναι
1332 5481 1418 5533 τήν
1441 5482 1528 5529 τοῦ
1558 5475 1699 5547 ἁγίου
1729 5477 1857 5529 ἀπο-

304 5565 483 5626 στόλου
504 5567 698 5620 Παύλου
715 5571 872 5636 φωνην
893 5567 1151 5636 λέγουσαν,
1164 5584 1179 5614 ι
1194 5566 1270 5618 ὃτι
1284 5574 1426 5620 τινῶν
1443 5571 1499 5635 μέ
1507 5589 1532 5619 ν
1548 5569 1598 5619 αἱ
1618 5567 1858 5637 ἁμαρτίαι

1972 4587 2112 4640 nulla
2142 4584 2296 4639 idolis
2323 4583 2557 4637 exhibita
2583 4583 2910 4646 adoratione,
2935 4587 3330 4640 consummari?
3357 4587 3522 4642 Nemo

1971 4679 2111 4734 enim
2140 4675 2382 4730 veritatis
2409 4675 2642 4727 retinens
2670 4672 2864 4727 excidit
2892 4688 2921 4725 a
2951 4673 3060 4728 Deo
3085 4716 3101 4741 ,
3142 4677 3208 4729 ab
3237 4692 3408 4745 eoque
3437 4679 3526 4732 de-

1968 4768 2177 4831 seritur,
2199 4764 2350 4832 juxta
2378 4763 2518 4830 quod
2546 4761 2670 4814 dicit
2697 4761 2871 4814 divina
2900 4759 3173 4831 Scriptura
3205 4782 3217 4815 :
3248 4765 3521 4834 Respicite.

1966 4856 2061 4924 ﬁlii
2081 4897 2094 4919 ,
2124 4855 2357 4906 nationes
2381 4853 2672 4911 hominum,
2700 4859 2747 4901 et
2774 4851 2940 4904 scietis
2965 4853 3082 4922 quia
3110 4853 3277 4905 nullus
3304 4856 3524 4922 speravit

1963 4946 2019 4997 in
2052 4943 2295 4996 Domino.
2331 4949 2378 4993 et
2428 4940 2667 4996 confusus
2704 4948 2798 4990 est.
2834 4936 2958 5001 Quis
2986 4943 3120 5004 enim
3155 4943 3436 5010 permansit
3463 4945 3516 4994 in

1961 5029 2221 5082 mandatis
2261 5031 2392 5096 ejus,
2431 5033 2476 5077 et
2520 5026 2787 5077 derelictus
2831 5027 2941 5080 est?
2979 5038 3068 5080 aut
3112 5027 3223 5097 quis
3270 5030 3520 5081 invocavit

1961 5131 2105 5179 em,
2154 5123 2207 5166 et
2256 5112 2489 5178 despexit
2539 5112 2682 5164 illum
2739 5112 3053 5183 (Ecqlim)?
3095 5115 3291 5184 impius
3333 5127 3511 5170 autem

1961 5203 2216 5268 Origenes
2245 5198 2602 5266 blasphemias
2627 5216 2748 5255 suas
2788 5217 2893 5256 non
2920 5204 3096 5271 seipso
3125 5211 3277 5260 tenus
3305 5208 3510 5272 statuit,

1959 5290 2050 5344 sed
2081 5287 2309 5357 propriis
2334 5287 2545 5355 scriptis
2572 5289 2624 5341 in
2671 5288 2864 5343 multos
2912 5291 3044 5346 alios
3081 5308 3233 5346 suum
3273 5309 3509 5350 errorem

1964 5381 2275 5450 transmisit,
2299 5389 2357 5434 ut
2383 5380 2435 5434 in
2459 5393 2579 5434 eum
2609 5379 2762 5440 valde
2787 5383 3065 5436 conveniat
3090 5386 3258 5438 sancti
3288 5389 3516 5455 apostoli

1963 5475 2110 5528 Pauli
2138 5490 2240 5528 vox
2258 5513 2272 5540 ,
2301 5488 2418 5542 quae
2442 5472 2569 5526 dicit
2601 5491 2613 5524 :
2649 5469 2996 5534 Quorumdam
3023 5473 3282 5528 hominum
3305 5489 3515 5546 peccata

1963 5566 2236 5634 manifesta
2264 5572 2416 5627 sunt,
2456 5560 2791 5632 praecedentia
2836 5561 2904 5616 ad
2936 5563 3226 5630 judicium;
3271 5564 3521 5637 qucsdom

291 5697 296 5702 .
376 5654 403 5688 l‘
441 5651 598 5709 Certe
628 5651 904 5724 legendum
934 5668 1154 5722 quonam
1183 5653 1352 5716 modo,
1383 5661 1440 5706 ut
1469 5662 1674 5708 constet
1702 5667 1906 5706 sensus.
1930 5650 2080 5710 Eutr.
