3958 6288
471 249 578 309 975

1745 214 2184 279 ΙΠδΤΙΝΙΑΝἱ
2227 216 2384 276 IMP.

3589 223 3699 287 975

472 337 711 414 πρόδηλοί
738 342 835 395 είσι
857 340 1173 413 προάγουσαι
1198 340 1266 398 εἰς
1302 342 1494 413 κρίσιν,
1525 338 1625 393 τισί
1650 334 1702 391 δέ
1736 339 1818 391 καί
1835 338 2022 391 irrem-

2136 337 2292 382 tutem
2330 335 2378 381 et
2404 326 2771 401 subsequuntur
2800 327 2852 398 (1
2878 327 3010 382 Tim.
3040 326 3116 399 v).
3157 329 3288 383 Nam
3330 343 3446 397 ejus
3491 327 3687 382 erroris

470 435 747 491 λουθοῦσιν.
761 452 780 486 ι
801 445 851 487 'tl
865 435 964 506 γὰρ
988 431 1201 501 διαδοχὴ
1221 439 1311 492 τῆς
1332 432 1521 491 πλάνης
1546 433 1703 485 αὐτοῦ
1726 432 1775 483 έν
1796 438 1908 488 ταῖς
1927 436 2024 482 τῶν

475 527 786 600 σαθροτέρων
821 526 1050 594 ἕρπουσα
1077 522 1307 594 ψυχαῖς,
1348 520 1549 576 δίδωσιν
1582 521 1863 575 ἀκολουθεῖν
1889 521 2025 591 αὐτῷ

471 616 562 674 τὰς
590 616 638 676 ἐξ
674 616 845 690 ἀρχῆς
883 611 973 665 ὐπ’
1010 614 1162 666 αὐτοῦ
1197 613 1462 684 γενομένας
1502 609 1773 682 ἁμαρτίας.
1810 607 1897 668 ’.Ω-ς
1928 612 2025 682 γὰρ

470 707 554 757 οὐκ
585 702 887 778 έξαρκούσης
922 710 1030 762 τοῖς
1062 704 1126 756 τά
1156 700 1437 776 Ὠριγένους
1475 700 1740 764 δοξάζουσι
1781 708 1871 759 τῆς
1909 701 2026 774 περί

469 792 827 865 προϋπάρξεως
853 796 950 844 τῶν
967 788 1155 859 ψυχῶν
1174 789 1432 848 ἀσεϐείας,
1459 790 1661 843 καὶτῶν
1682 784 1839 840 ἄλλων
1868 789 2026 842 αὐτοῦ

469 881 827 952 ματαιολογιῶν
845 917 860 941 ,
898 882 984 932 καί
1014 886 1111 932 τῶν
1139 881 1256 953 περὶ
1281 886 1372 937 τῆς
1396 877 1543 949 ἀγίας
1570 875 1767 950 τριάδος
1803 877 2029 948 βλασφη-

470 977 624 1037 μιῶν,
665 971 754 1023 καί
788 975 939 1024 τοῦτο
980 976 1041 1042 τῇ
1083 971 1241 1042 οἰκείᾳ
1278 969 1607 1040 προστιθέασι
1643 967 1804 1038 πηιάνη
1838 967 1891 1018 ἐκ
1929 972 2028 1020 τῶν

470 1058 656 1113 έκεῖνου
685 1058 1087 1133 διεστραμμένων
1111 1057 1432 1130 ὁδηγούμενοι
1456 1059 1633 1130 λόγων,
1663 1060 1721 1113 τό
1742 1050 1914 1128 λέγειν,
1947 1054 2027 1110 ὅτι

472 1149 668 1202 πάντων
701 1150 897 1202 ἀσεϐῶν
928 1150 1222 1223 ἀνθρώπων,
1262 1149 1346 1199 καὶ
1383 1146 1511 1218 πρός
1537 1166 1592 1217 γε
1621 1144 1861 1214 δαιμόνων
1889 1147 1919 1203 ἡ
1945 1145 2029 1197 κό-

471 1237 619 1297 λασις
648 1240 808 1312 πέρας
842 1236 874 1291 ἒ
875 1258 981 1308 χει.
1012 1239 1108 1291 Καὶ
1136 1236 1700 1293 ἀποκατασταθήσονται
1724 1234 1925 1293 ἀσεϐεῖς
1948 1253 2026 1297 τε,

398 1365 402 1368 ‹
473 1329 555 1379 καί
596 1326 823 1396 δαίμονες
863 1330 935 1386 είς
970 1332 1059 1384 την
1084 1329 1332 1400 προτέραν
1359 1327 1520 1380 αὐτῶν
1560 1326 1715 1389 τάξιν.
1761 1330 1937 1379 Ταῦτα
1973 1324 2027 1379 δέ

473 1417 717 1487 λέγοντες,
744 1415 1001 1494 ῥᾳθύμους
1029 1419 1118 1485 μέν
1145 1422 1347 1471 ποιοῦσι
1372 1415 1492 1475 τοὺς
1518 1417 1809 1491 ἀνθρώπους
1831 1416 1949 1488 περί
1970 1416 2029 1470 τὸ

472 1506 692 1577 πληροῦν
716 1508 808 1564 τάς
828 1506 1025 1566 ἐντολὰς
1051 1512 1141 1559 τοῦ
1166 1512 1313 1568 Θεοῦ,
1336 1498 1427 1564 τῆς
1461 1514 1636 1564 στενῆς
1659 1509 1742 1558 καὶ
1773 1504 2031 1574 τεθλιμμέ-

472 1614 559 1654 νης
584 1593 702 1648 ὁδοῦ
731 1596 910 1655 αὐτούς
961 1596 1353 1671 ἀποτρέποντες,
1399 1599 1480 1648 καί
1510 1597 1636 1672 πρὸς
1668 1602 1757 1654 τήν
1790 1596 2029 1649 πλατεῖαν

2124 417 2390 472 successio
2433 415 2484 468 in
2536 414 2883 471 inﬁrmiurum
2929 418 3169 488 irrepens
3209 420 3436 482 animas,
3481 417 3605 472 facit
3630 425 3690 471 ut

2124 520 2244 559 eum
2275 512 2565 572 sequantur
2611 520 2730 574 qua:
2777 521 2806 559 a
2847 507 3106 577 priuetpio
3152 508 3439 564 commissa
3475 508 3543 562 ab
3571 506 3689 577 ipso

2124 598 2342 660 peccata
2371 597 2514 644 sunt.

2189 726 2356 793 Quasi
2383 727 2525 781 enim
2548 727 2612 781 iis
2633 726 2724 795 qui
2752 724 2991 794 Drigenis
3019 729 3211 798 placita
3239 738 3554 799 sequuntur,
3581 746 3689 785 non

2125 816 2254 869 satis
2281 815 2351 869 sit
2374 814 2443 868 de
2470 817 2867 884 praeexistentia
2896 818 3193 872 animarum
3223 820 3499 888 impietas,
3531 832 3689 874 cate-

2124 916 2292 970 raque
2319 902 2433 971 ejus
2460 903 2853 972 vaniloquentia
2876 943 2891 967 ,
2934 906 3387 976 blasphemiaeque
3412 907 3481 962 de
3506 920 3688 963 sancta

2132 991 2395 1045 Triuitate
2436 1009 2449 1043 :
2490 992 2593 1047 hoc
2637 1007 2853 1063 quoque
2898 996 3118 1064 proprio
3159 996 3332 1050 errori
3380 996 3691 1064 adiungunt,

2126 1080 2316 1135 ducem
2346 1089 2402 1134 et
2428 1089 2700 1134 auctorem
2750 1082 3011 1136 habentes
3047 1098 3350 1151 perversam
3392 1083 3510 1151 ejus
3537 1084 3694 1143 disci-

2125 1170 2353 1239 plinam,
2379 1176 2438 1222 ut
2462 1168 2676 1235 dicant,
2718 1171 2956 1223 omnium
2984 1171 3266 1238 impiorum
3292 1171 3604 1234 hominum,
3634 1185 3694 1222 ac

2127 1265 2387 1327 praeterea
2431 1255 2729 1311 daemonum
2777 1272 2991 1325 pmnam
3038 1255 3196 1310 linem
3226 1258 3527 1311 habituram
3556 1272 3692 1317 esse.

2127 1345 2542 1412 restitutumque
2560 1344 2626 1399 iri
2651 1353 2763 1400 tum
2791 1346 2985 1414 impios
3006 1347 3268 1411 homines,
3290 1355 3403 1400 tum
3426 1348 3696 1401 (temones

2129 1434 2183 1488 in
2207 1432 2487 1503 pristinum
2510 1434 2751 1488 ordinem
2774 1449 2946 1487 suum.
2970 1433 3095 1496 uate
3109 1451 3228 1488 cum
3251 1436 3457 1503 dicunt,
3481 1436 3696 1503 ignavos

2129 1524 2373 1580 homines
2400 1522 2637 1578 efﬁciunt
2669 1524 2723 1576 in
2760 1523 2853 1577 Dei
2881 1525 3161 1593 przeceptis
3189 1526 3577 1593 exsequendis,
3606 1541 3696 1580 eos

2132 1623 2436 1670 avertentes
2463 1614 2530 1668 ah
2555 1622 2779 1680 angusta
2799 1621 2854 1668 et
2880 1621 3028 1668 arcta
3053 1614 3157 1679 via,
3177 1623 3231 1668 et
3253 1614 3306 1667 in
3332 1614 3454 1669 lata:
3480 1630 3547 1670 ac
3573 1630 3695 1685 spa-

472 1688 558 1737 καί
584 1685 878 1758 εὐρύχωρον
907 1684 1317 1743 ἀποπλανῶντες’
1345 1685 1679 1738 ἐναντιοῦνται
1716 1682 1769 1738 δέ
1802 1686 2029 1748 καθάπαξ

2136 1703 2280 1758 tiosae
2316 1718 2554 1758 errorem
2583 1702 2913 1757 inducentes.
2942 1700 3173 1757 Omnino
3200 1711 3378 1758 autem
3403 1682 3698 1759 adversan-

470 1777 550 1827 καί
585 1782 694 1834 τοῖς
732 1776 876 1849 παρά
919 1779 1007 1827 τοῦ
1050 1775 1267 1845 μεγάλου
1311 1778 1434 1827 Θεοῦ
1490 1776 1572 1827 καὶ
1623 1780 1850 1848 σωτῆρος
1892 1775 2028 1842 ἡμῶν

470 1861 634 1922 Ἰησοῦ
661 1872 880 1940 Χριστοῦ
916 1866 1215 1938 λεγομένοις.
1249 1865 1405 1924 Αὐτὸς
1428 1868 1527 1939 γὰρ
1556 1867 1604 1919 έν
1632 1872 1703 1937 τῷ
1734 1866 1859 1938 ἁγίῳ
1885 1868 2030 1939 εὐαγο

469 1956 613 2025 γελίῳ
641 1955 865 2011 διδάσκει
884 1995 898 2019 ,
936 1957 1004 2015 ὡς
1043 1955 1089 2008 oi
1118 1957 1205 2025 μέν
1232 1954 1433 2014 ἀσεϐεῖς
1463 1953 1821 2009 ἀπελεύσονται
1846 1956 1917 2013 είς
1944 1955 2031 2008 κό-

470 2046 614 2107 λασιν
648 2048 868 2109 αἰώνιον,
901 2046 944 2098 oi
976 2043 1029 2099 δέ
1057 2042 1235 2099 δίκαιοι
1261 2047 1334 2102 εἰς
1362 2047 1490 2107 ζωνζν
1514 2044 1727 2098 αἰώνιον.
1761 2045 1856 2095 Καί
1885 2043 2032 2096 πάλιν

470 2138 598 2208 λέγει
608 2146 713 2197 τοῖς
727 2141 817 2208 μέν
836 2140 885 2191 ἐκ
900 2137 1089 2201 δεξιῶν
1111 2140 1309 2200 ἁΔεῦτε,
1334 2136 1379 2189 oi
1401 2135 1706 2206 εὐλογημένοι
1725 2139 1817 2187 τοῦ
1839 2133 2031 2205 πατρός

471 2248 586 2294 μου,
603 2227 1003 2298 κληρονομήσατε
1029 2230 1118 2284 τὴν
1138 2226 1501 2294 ἡτοιμασμένην
1525 2224 1637 2292 uuis
1660 2223 1911 2291 βασιλείαν
1931 2222 2032 2276 ἀπὸ

472 2317 751 2376 καταξολῆς
777 2316 966 2386 κόσμου
988 2332 1001 2345 ·
1037 2332 1056 2365 ε
1087 2322 1192 2373 τοῖς
1221 2313 1274 2367 δέ
1300 2316 1348 2377 ἐξ
1376 2315 1641 2379 εὐωνύμων
1658 2328 1671 2342 ’
1706 2328 1724 2359 σ
1762 2313 2031 2385 Πορεύεσθε

473 2407 560 2458 ἀπ’
582 2407 723 2473 ἐμοῦ,
751 2406 796 2458 oi
823 2404 1175 2476 κατηραμένοι,
1210 2404 1280 2461 εἰς
1296 2402 1353 2456 τὸ
1374 2408 1478 2476 πῦρ
1499 2402 1556 2455 τὸ
1579 2403 1791 2465 αἰώνων,
1820 2402 1878 2454 τὸ
1898 2402 2032 2457 ἦτοι-

474 2496 728 2563 μασμένον
755 2502 826 2563 τῷ
853 2492 1066 2563 διαϐόλῳ
1093 2495 1178 2545 καί
1211 2499 1313 2550 τοῖς
1353 2492 1573 2563 ἀγγέλοις
1604 2493 2033 2560 αὐτοῦδῦανερῶς

476 2580 560 2635 οὖν
587 2588 680 2642 τοῦ
709 2584 881 2654 κυρίου
908 2580 990 2637 διὰ
1017 2588 1105 2635 τοῦ
1128 2580 1270 2652 ἀγίου
1292 2582 1581 2652 εὐαγγελίου
1602 2580 1921 2637 ἀτελεύτητον
1944 2584 2033 2638 τήν

475 2692 529 2724 τε
568 2672 766 2725 κόλασιν
797 2676 885 2728 τήν
926 2692 979 2726 τε
1009 2672 1268 2740 βασιλείαν
1296 2670 1745 2742 ἐπαγγελλομένου,
1796 2666 2035 2743 πρόδηλοι

474 2766 833 2819 καθεστήκασιν
863 2757 1001 2816 οὗτοι
1027 2763 1144 2821 τούς
1172 2762 1453 2835 Ὠριγὲνους
1480 2759 1668 2829 μύθους
1693 2768 2033 2833 προτιμῶντες

476 2856 576 2903 τῶν
621 2855 708 2903 τοῦ
731 2851 932 2921 σκυρίου
985 2850 1310 2921 ἀποφάσεων·
1341 2847 1524 2921 ὄπουγε
1567 2852 1788 2920 κᾷκεῑξεν
1815 2851 1979 2904 αὐτῶν
2003 2850 2035 2908 ἡ

476 2937 619 2991 ἄνοια
644 2936 975 3009 διελέγχεται.
1001 2941 1058 2992 Ei
1080 2939 1178 3011 γάρ
1205 2958 1282 2997 τις
1308 2940 1439 2992 κατά
1476 2940 1593 2999 τούς
1635 2939 1813 2993 έκείνου
1849 2939 2034 3014 λήρους

2128 1800 2216 1845 tur
2236 1792 2413 1860 magni
2435 1791 2528 1846 Dei
2558 1799 2610 1846 et
2632 1790 2701 1845 Sa
2713 1791 2930 1845 lvatoris
2950 1791 3120 1845 nostri
3145 1790 3269 1848 Iesu
3288 1790 3487 1847 Christi
3508 1792 3693 1856 dictis;

2128 1880 2243 1950 ipse
2267 1882 2409 1935 enim
2439 1881 2492 1934 in
2524 1888 2710 1934 sancto
2737 1877 3023 1949 Evangelio
3047 1879 3206 1934 docet
3226 1919 3241 1944 ,
3272 1880 3465 1950 impios
3487 1882 3695 1949 quidem

2128 1966 2297 2022 ituros
2325 1968 2379 2021 in
2408 1976 2664 2022 aeternum
2711 1968 3026 2038 supplicium
3052 2009 3067 2035 ,
3091 1967 3264 2036 justos
3297 1983 3425 2023 vero
3454 1969 3511 2023 in
3538 1979 3693 2024 auter.

2130 2072 2258 2110 nam
2286 2058 2448 2111 vitam
2500 2056 2713 2128 (Matth.
2743 2057 2871 2122 xxv)
2898 2074 2913 2121 ;
2960 2071 3253 2127 rursusque
3295 2057 3423 2112 dicit
3459 2057 3527 2113 iis
3551 2060 3642 2126 qui
3666 2074 3695 2112 a

2128 2147 2329 2203 dextris
2355 2157 2479 2203 sunt
2511 2167 2523 2201 :
2558 2148 2759 2212 Venite,
2797 2148 3052 2202 benedicti
3092 2147 3269 2201 Patris
3307 2148 3423 2210 mei,
3448 2149 3695 2217 possidete

2126 2246 2366 2307 paratum
2387 2238 2526 2292 vobis
2548 2254 2760 2308 regnum
2789 2254 2822 2289 a
2853 2238 3213 2290 constitutione
3243 2238 3450 2301 mundi;
3480 2238 3547 2291 iis
3572 2253 3696 2292 vero

2129 2327 2219 2394 qui
2249 2341 2278 2380 a
2308 2326 2560 2381 sinistris:
2582 2326 2662 2379 Ite
2682 2343 2715 2379 a
2734 2342 2832 2390 nte,
2854 2325 3129 2389 maledicti,
3160 2326 3214 2377 in
3235 2326 3403 2395 ignem
3426 2334 3691 2381 internum.

2131 2416 2217 2484 qui
2237 2423 2448 2484 paratus
2469 2423 2546 2468 est
2578 2414 2784 2469 diabolo
2812 2422 2862 2467 et
2899 2413 3093 2483 angelis
3127 2413 3238 2482 ejus
3266 2412 3536 2484 (Ibidem).
3568 2413 3695 2469 Cum

2132 2504 2293 2572 igitur
2319 2513 2505 2575 aperte
2533 2504 2789 2560 Dominus
2835 2503 2891 2557 in
2941 2512 3128 2559 sancto
3164 2501 3454 2573 Evangelia
3502 2503 3696 2558 indusi-

2132 2610 2266 2650 nens
2285 2604 2340 2651 et
2364 2595 2680 2666 supplicium
2708 2602 2763 2649 et
2789 2608 3009 2663 regnum
3034 2592 3332 2660 denuntiet,
3359 2595 3694 2664 perspicuum

2133 2695 2213 2739 est
2240 2686 2339 2740 hos
2363 2685 2607 2755 Origenis
2651 2685 3001 2740 deliramenta
3045 2685 3329 2739 sententiis
3372 2685 3582 2739 Domini
3608 2701 3695 2740 an-

2135 2776 2349 2833 teferre.
2380 2777 2456 2833 Ex
2486 2779 2589 2834 hoc
2615 2793 2828 2849 quoque
2850 2778 3061 2834 illorum
3081 2779 3316 2833 amentia
3343 2778 3694 2848 redarguitur.

2135 2866 2191 2921 Si
2218 2868 2338 2936 quis
2365 2868 2504 2923 enim
2528 2867 2680 2936 juxta
2712 2868 2853 2923 illius
2880 2881 3047 2936 nugas
3071 2875 3237 2937 ponat
3263 2867 3584 2938 supplicium
3610 2868 3696 2921 de-

2135 2955 2358 3009 siturum
2382 2995 2397 3020 ,
2439 2971 2658 3011 necesse
2700 2966 2784 3013 est
2830 2957 2973 3012 hunc
3019 2965 3075 3011 et
3102 2957 3377 3027 promissa:
3398 2956 3562 3027 justis
3584 2959 3694 3011 vita

476 3027 710 3085 ὑπόθοιτο
724 3028 882 3102 πέρας
904 3027 935 3081 i'
936 3048 1051 3099 χειν
1065 3034 1154 3087 τήν
1174 3028 1583 3102 κολασιν,ἀνάγκη
1605 3031 1691 3083 τὸν
1706 3037 1927 3085 τοιοῦτον
1952 3036 2034 3085 καὶ

2136 3052 2347 3099 aeternae
2373 3053 2614 3101 statuere
2642 3045 2800 3101 linem
2825 3065 2837 3098 :
2862 3061 3014 3115 aeque
3041 3047 3183 3101 enim
3214 3046 3265 3100 in
3294 3052 3527 3115 utroque
3549 3055 3697 3100 πιοτ-

475 3127 538 3188 τῇ
565 3118 892 3191 έπηγγελμένη
917 3127 1025 3179 τοῖς
1051 3117 1259 3179 δικαίοις
1284 3122 1463 3188 αἰωνίῳ
1489 3124 1589 3193 ζωῇ
1613 3119 1750 3179 τέλος
1775 3120 2030 3173 έπιθεῖναι.

474 3203 668 3272 Ἐξίσης
692 3212 791 3286 γὰρ
826 3209 903 3264 ἄπ’
939 3210 1227 3280 ἀμφοτέρων
1259 3210 1317 3261 τὸ
1354 3210 1547 3262 αἰώνιον
1572 3215 1723 3261 κεῖται
1742 3223 1755 3235 ⁸
1784 3211 1869 3262 καί
1894 3207 2032 3285 εῗπερ

476 3300 633 3372 πέρας
681 3297 797 3367 ἔχει
822 3299 1023 3357 κόλασίς
1048 3318 1103 3352 τε
1129 3302 1210 3351 καί
1236 3298 1533 3358 ἀπόλαυσις,
1563 3296 1697 3351 διατί
1732 3301 1763 3356 ἡ
1800 3300 2033 3375 ένανθρώ-

477 3412 635 3451 πησις
659 3396 749 3442 τοῦ
777 3391 952 3460 κυρίου
987 3391 1121 3457 ἡμῶν
1153 3386 1315 3445 Ἰησοῦ
1352 3390 1599 3464 Χριστοῦς
1639 3388 1773 3445 διατί
1808 3390 1861 3446 δέ
1895 3397 1980 3448 καί
2004 3397 2034 3452 ἦ

481 3480 802 3549 σταύρωσις,
830 3480 915 3531 καί
937 3476 963 3532 ὃ
989 3479 1205 3537 θάνατός.
1240 3481 1324 3532 καί
1349 3481 1379 3536 ἠ
1404 3484 1555 3551 ταφὴ,
1584 3483 1668 3534 καί
1694 3484 1724 3540 ἠ
1750 3484 2035 3545 ἀνάστασις

477 3573 571 3620 τοῦ
608 3570 814 3640 κυρίους
850 3573 992 3621 ποῖον
1015 3564 1067 3621 δέ
1105 3564 1274 3639 ὄφελος
1300 3575 1405 3628 τοῖς
1431 3569 1517 3624 τὸν
1542 3571 1684 3624 καλὸν
1710 3573 1879 3645 ἀγῶνα
1899 3575 2039 3646 ἀγω-

478 3658 780 3726 νισαμένοις,
810 3659 893 3710 καί
917 3657 1046 3730 ὐπέρ
1072 3664 1293 3729 Χριστοῦ
1321 3663 1729 3734 μαρτυρήσασιν,
1760 3664 1802 3715 εἰ
1824 3662 2040 3728 μᾶλοιεν

479 3746 706 3818 δαίμονές
730 3768 783 3801 τε
800 3788 814 3812 ,
843 3751 926 3802 καί
950 3750 1152 3808 ἀσεϐεῖς
1184 3754 1271 3808 τήν
1297 3752 1452 3809 αὐτὴν
1477 3760 1583 3811 τοῖς
1609 3751 1767 3825 ἁγίοις
1793 3752 1932 3817 τοίξιν
1959 3754 2043 3809 διὰ

479 3846 568 3895 τῆς
619 3839 1077 3897 ἀποκαταστάσεως
1125 3838 1422 3910 λαμϐάνειν;
1457 3835 1599 3894 Ἀλλά
1648 3846 1729 3896 καί
1763 3849 1928 3897 ταῦτα
1953 3846 2044 3914 μέν

479 3926 560 3979 έπί
603 3929 695 3984 τάς
740 3928 928 3980 ἐκείνων
972 3931 1185 4002 τραπείη
1229 3929 1445 3999 κεφαλάς
1487 3938 1586 3984 τῶν
1633 3937 1793 3986 ταῦτα
1836 3933 2044 4001 μυθολο-

476 4012 713 4084 γούντων.
743 4017 801 4069 Oi
823 4019 924 4091 γάρ
949 4023 1038 4072 τοῦ
1063 4025 1283 4088 Χριστοῦ
1326 4019 1462 4089 λόγοι
1494 4018 1804 4089 διαμένουσιν
1830 4023 2043 4075 ἀσάλευο

2137 3150 2264 3189 num
2312 3137 2544 3205 ponitur.
2594 3135 2652 3191 Si
2695 3145 2871 3192 autem
2914 3144 2971 3190 et
3010 3151 3167 3205 pmna
3209 3145 3265 3191 et
3301 3136 3485 3191 l‘ruitio
3524 3136 3696 3204 gloria:

2138 3224 2338 3278 habent
2365 3225 2543 3290 tinem,
2576 3240 2673 3279 cur
2700 3225 2996 3279 incarnatio
3025 3224 3121 3279 fuit
3144 3224 3353 3280 Domini
3381 3226 3552 3279 nostri
3579 3222 3696 3279 Jesu

2137 3313 2368 3369 Christi?
2404 3331 2501 3369 cur
2523 3314 2829 3381 cruciﬁxio,
2859 3322 2914 3369 et
2940 3330 3105 3381 mors,
3135 3322 3190 3369 et
3215 3315 3509 3384 sepultura,
3541 3323 3596 3369 et
3619 3328 3697 3367 re-

2138 3404 2397 3457 surrectio
2424 3402 2679 3457 Domini?
2725 3402 2871 3471 quod
2915 3403 3253 3457 commodum
3297 3403 3361 3456 iis
3387 3403 3479 3472 qui
3508 3404 3697 3458 bonum

2137 3499 2409 3545 certamen
2435 3500 2790 3556 certaverunt,
2811 3498 2866 3544 et
2885 3506 2983 3559 pro
3010 3488 3224 3544 Christo
3248 3490 3561 3559 martyrium
3581 3490 3697 3546 sub-

2140 3580 2349 3644 ierunt,
2397 3581 2442 3634 si
2479 3588 2534 3634 et
2578 3578 2846 3634 daemones
2891 3586 2945 3633 et
2983 3577 3225 3631 homines
3259 3577 3406 3645 impii
3460 3576 3697 3631 eumdem

2141 3683 2297 3737 quem
2328 3669 2494 3722 sancti
2543 3668 2782 3722 ordinem
2811 3667 3262 3735 redintegratione
3291 3666 3523 3721 habituri
3551 3670 3697 3721 sunt!

2148 3756 2343 3810 Verum
2371 3758 2473 3811 hoc
2500 3772 2554 3810 in
2581 3771 2765 3811 eorum
2796 3755 2969 3823 capita
2996 3763 3253 3815 vertatur,
3296 3755 3384 3823 qui
3414 3755 3527 3808 hare
3554 3754 3698 3808 faba.-

2145 3844 2338 3897 lantnr.
2370 3845 2499 3898 Nam
2528 3844 2724 3897 Christi
2762 3844 2923 3897 verba
2951 3843 3006 3895 in
3056 3841 3287 3895 ﬁdelium
3336 3843 3601 3898 mentibus
3630 3844 3698 3895 in-

2148 3947 2406 3986 concussa
2434 3941 2669 3997 manent,
2701 3938 2862 3997 atque
2890 3931 2941 3984 in
2971 3929 3085 4000 ipsa
3117 3943 3294 3983 rerum
3323 3930 3563 3986 veritate.

476 4127 551 4160 τοι
576 4108 626 4159 ἰν
657 4115 769 4167 ταῖς
805 4116 902 4162 τῶν
949 4114 1143 4163 πιστῶν
1176 4108 1408 4177 ψυχαῖς,
1458 4112 1540 4161 καὶ
1588 4110 1639 4161 έν
1942 4118 2039 4164 τῶν
2065 4114 2379 4184 πραγμάτων
2404 4113 2622 4183 ἀληθείᾳ.

550 4196 606 4247 Θί
633 4192 687 4248 δέ
711 4199 799 4253 τήν
822 4196 1103 4270 Ὠριγένους
1131 4194 1435 4256 ἐκδικοῦντες
1455 4195 1752 4260 κακοδοξίαν,
1781 4197 2045 4270 φεύγοντες

479 4285 594 4341 τούς
619 4284 952 4355 περὶτούτων
976 4285 1214 4356 ἀρῤαγεῖς
1263 4285 1531 4357 έλέγχους,
1582 4291 1669 4340 καί
1705 4291 2045 4361 συγκρύπτειν

477 4374 568 4427 τήν
592 4370 783 4423 έαυτῶν
807 4371 993 4428 πλάνην
1009 4370 1315 4442 βουλόμενοι,
1331 4376 1471 4433 τινάς
1495 4375 1665 4445 ῥήσεις
1690 4378 1743 4429 έκ
1766 4385 1863 4430 τῶν
1888 4378 2043 4450 ἁγίων

479 4461 713 4533 πατέρων
736 4466 895 4518 κακῶς
922 4460 1339 4530 έκλαμϐἀνοντες,
1383 4467 1466 4515 καὶ
1499 4465 1629 4535 πρὸς
1655 4466 1741 4519 τὸν
1768 4463 1892 4520 ἴδιον
1933 4474 2045 4521 νοῦν

481 4549 969 4620 παρερμηνεύοντες,
999 4557 1062 4623 τῇ
1090 4551 1243 4623 οἰκείᾳ
1269 4553 1694 4624 προσαρμόζουσι
1717 4555 1877 4627 νόσῳ·
1915 4554 2041 4631 ὅπερ

484 4644 691 4689 ποιοῦσι
720 4639 803 4688 καί
839 4637 922 4691 ἐπί
948 4644 1045 4691 τῶν
1085 4639 1226 4691 θείων
1259 4648 1477 4711 γραφῶν.
1506 4639 1676 4713 Ἠμεῖς
1720 4642 1773 4697 δέ
1802 4646 1849 4707 ἐξ
1883 4647 2044 4699 αὐτῶν

484 4732 581 4779 τῶν
610 4723 762 4794 ἁγίων
790 4727 1018 4798 πατέρων
1049 4725 1367 4796 ἀποδείξομεν
1388 4732 1635 4797 ματαίους
1662 4727 1783 4785 εἶναι
1820 4737 1900 4787 καὶ
1924 4738 2044 4795 τούς

483 4816 754 4871 τοιούτους
783 4817 945 4870 αὐτῶν
968 4816 1162 4896 λόγους.
1189 4820 1333 4892 Λέγει
1359 4822 1521 4873 τοίνυν
1545 4820 1570 4875 ὁ
1593 4823 1641 4874 έν
1668 4822 1827 4893 ἀγίοις
1853 4826 2042 4899 Γρηγό-

481 4925 590 4979 ριος
617 4903 887 4977 ὁθεολόγος
914 4906 961 4959 έν
988 4913 1059 4977 τῷ
1087 4908 1422 4979 ἀπολογητικῷ
1441 4910 1566 4980 λόγῳ
1590 4910 1739 4966 τάδε’
1774 4912 1939 4979 «Ἦμεν
1965 4915 2040 4980 δέ,

483 4992 555 5054 οἷς
582 4996 640 5049 τὸ
668 4994 1064 5065 κινδυνευόμενόν
1087 4998 1192 5052 έστι
1216 5004 1444 5073 σωτηρία
1470 5000 1649 5070 ψυχῆς
1675 5012 1765 5063 τῆς
1791 5009 2041 5078 μακαρίας

480 5108 536 5141 τε
568 5090 651 5141 καί
699 5085 977 5155 ἀθανάτου,
1005 5092 1086 5142 καί
1110 5087 1331 5145 ἀθάνατα
1359 5092 1784 5163 κολασθηᾶομένης
1820 5095 1849 5154 ἦ
1895 5095 2041 5150 έπαι-

480 5178 808 5246 νεθησομένης
833 5175 913 5230 διὰ
937 5179 1111 5231 κακίαν
1141 5178 1171 5236 ἧ
1203 5180 1405 5251 ἀρετήν,
1430 5179 1584 5234 πόσον
1611 5186 1717 5252 χρη
1740 5182 1900 5236 δοκεῖν
1919 5180 2043 5237 εἶναι

481 5266 567 5318 τὸν
591 5265 782 5333 ἀγῶνα,
807 5266 894 5316 καί
922 5261 1040 5324 ὅσης
1063 5262 1142 5319 δεῖ
1162 5273 1252 5324 τῆς
1276 5267 1583 5336 interriti-nc;
1606 5273 1725 5322 litati
1752 5270 1859 5339 μετ’
1878 5271 2038 5342 ὀλίγα·

488 5373 507 5406 ε
520 5361 605 5417 τίς
630 5355 818 5426 ψευδής
838 5357 1104 5429 ἀπολογίας
1123 5359 1245 5410 ποία
1260 5356 1521 5418 πιθανότης
1546 5358 1577 5412 έ’
1575 5380 1656 5413 ντε
1662 5381 1702 5428 χ
1706 5375 1820 5422 νοςῖ
1845 5365 1922 5419 τίς
1933 5364 2042 5415 έπέ-

483 5466 589 5501 νοια
621 5449 749 5501 κατά
788 5456 879 5507 τῆς
913 5448 1140 5507 ἀληθείας
1165 5448 1546 5518 παραλογιεῖται
1586 5450 1645 5503 τὸ
1690 5447 2037 5524 δικαστήριον,

486 5537 567 5588 καί
589 5536 757 5606 κλέψει
783 5541 870 5593 τὴν
890 5536 1035 5609 ὀρθὴν
1058 5538 1221 5610 κρίσιν
1246 5542 1351 5595 τοῖς
1376 5541 1507 5591 πᾶσι
1535 5533 1702 5591 πάντα
1726 5537 1772 5588 έν
1802 5542 1935 5606 ζυγῷ
1959 5560 2039 5591 τι·

491 5633 678 5684 ἐἰσ-αν,
709 5627 789 5676 καί
813 5626 1017 5693 πρᾶξιν,
1046 5628 1125 5678 καί
1142 5625 1304 5693 λόγον,
1336 5628 1416 5679 καὶ
1440 5623 1702 5692 διανόημα,
1733 5630 1813 5680 καί
1837 5628 2039 5684 ἀντιση·

2218 4202 2316 4264 Qui
2346 4215 2506 4268 porro
2539 4198 2781 4267 Origenis
2808 4198 3102 4267 improbam
3132 4198 3438 4267 opinionem
3467 4206 3699 4261 tuentur,

2146 4290 2292 4344 lirma
2321 4291 2432 4345 haec
2456 4298 2764 4358 argumenta
2790 4289 3051 4357 fugientes
3077 4329 3092 4354 ,
3139 4304 3401 4358 suumque
3448 4299 3703 4343 conantes

2151 4389 2329 4446 tegere
2375 4392 2611 4433 errorem
2638 4417 2653 4441 ,
2683 4378 2922 4446 quaedam
2966 4386 3269 4431 sanctorum
3318 4376 3534 4429 Patrum
3565 4376 3701 4431 dicta

2143 4470 2284 4524 male
2309 4468 2635 4537 excipientes
2657 4508 2671 4532 ,
2720 4480 2989 4535 pravoque
3023 4480 3090 4519 ex
3126 4467 3391 4519 sententia
3416 4481 3509 4519 sua
3543 4466 3703 4519 inter-

2143 4565 2431 4628 pretantes,
2462 4556 2679 4624 proprio
2703 4554 2892 4609 morbo
2911 4553 3316 4608 accommodant
3338 4571 3352 4606 :
3376 4554 3519 4621 quod
3540 4554 3702 4607 etiam

2143 4646 2197 4699 in
2245 4644 2438 4698 divinis
2475 4642 2675 4696 faciunt
2719 4641 3025 4710 Scripturis.
3072 4640 3181 4695 Nos
3226 4650 3403 4695 autem
3451 4656 3520 4697 ex
3573 4643 3699 4710 ipsis

2142 4733 2339 4787 sanctis
2367 4729 2612 4783 Patribus
2639 4729 2979 4785 ostendemus
3014 4729 3197 4783 inanes
3224 4744 3289 4783 ac
3313 4729 3491 4783 futiles
3515 4744 3699 4789 eorum

2141 4822 2376 4875 rationes
2423 4834 2559 4873 esse.
2610 4818 2735 4873 Haec
2779 4819 2939 4886 igitur
2965 4820 3147 4873 scribit
3173 4829 3388 4875 sanctus
3414 4819 3700 4889 Gregorius

2143 4910 2445 4976 Theologus
2492 4909 2543 4963 in
2586 4909 2919 4977 apologetica
2964 4910 3250 4964 oratione:
3289 4928 3307 4961 ι
3341 4909 3503 4965 Nobis
3550 4928 3696 4978 vero,

2141 4999 2330 5067 quibus
2357 4998 2691 5067 periclitatur
2715 4998 2857 5052 salus
2884 4998 3072 5051 animae
3098 4998 3266 5052 beatae
3295 5008 3456 5067 atque
3484 5001 3701 5056 immor-

2142 5090 2281 5153 talis,
2311 5103 2535 5156 quzeque
2569 5088 2944 5157 sempiternam
2974 5087 3182 5142 aditura
3220 5097 3305 5143 est
3354 5090 3436 5143 vel
3486 5105 3696 5159 pugnam

2141 5179 2225 5232 vel
2255 5177 2461 5231 laudem
2486 5216 2502 5241 ,
2544 5185 2763 5245 propter
2789 5177 3043 5231 malitiam
3071 5188 3163 5230 aut
3198 5178 3444 5232 virtutem
3470 5221 3486 5242 ,
3514 5181 3700 5246 quanti

2141 5268 2436 5322 faciendum
2483 5275 2567 5321 est
2607 5267 2707 5320 hoc
2749 5275 3053 5333 certamen,
3099 5276 3192 5321 aut
3232 5276 3431 5335 quanta
3477 5270 3698 5322 scientia

2141 5374 2275 5427 opus
2303 5359 2420 5412 est?
2455 5375 2473 5409 ε
2517 5356 2582 5410 Et
2610 5366 2732 5425 post
2759 5372 2927 5424 pauca
2958 5375 2971 5409 :
3011 5376 3028 5407 ι
3063 5356 3179 5422 Qua
3209 5357 3338 5410 falsa
3368 5357 3695 5419 defensione.

2139 5463 2243 5514 qua
2272 5447 2614 5515 persuasione
2641 5445 2954 5510 artiﬁciosa,
2974 5461 3206 5514 quonam
3229 5458 3533 5502 commento
3560 5454 3701 5503 veri.

2140 5544 2303 5589 tatem
2352 5544 2690 5603 oppugnante
2736 5535 3177 5589 circumvenietur
3217 5534 3335 5601 jus,
3385 5551 3446 5591 ac
3493 5536 3701 5591 ῆιιιυιιιε·

2142 5633 2341 5679 rectum
2384 5625 2669 5695 judicium,
2702 5624 2842 5693 quod
2890 5626 3133 5680 omnibus
3172 5626 3352 5680 omnia
3395 5628 3446 5680 in
3497 5636 3698 5686 statera
