3958 6288
310 229 409 292 981

1372 227 1603 286 LIBER
1637 225 2030 292 ADVERSUS
2065 226 2484 287 ORIG-ENEM.

3404 231 3510 294 9.92

317 329 513 383 ὰσεὸᾱσν
531 328 791 401 δημάτων
817 331 1216 401 άναθεμαι-ίσωσι
1239 347 1250 359 ·
1280 329 1357 384 δεῖ
1377 331 1471 400 γάρ
1504 327 1666 383 ἅπασι
1703 350 1862 403 προα-

1973 330 2288 397 hrereticum,
2315 341 2405 386 aut
2432 333 2546 400 ejus
2565 333 2924 400 expositiones
2962 333 3261 398 defendere,
3293 334 3383 390 sed
3419 351 3510 394 eas

317 425 556 491 τορεῦσαι
579 428 669 474 τοῦ
695 421 879 490 μηδένα
898 423 1083 492 τολμᾷν
1111 421 1358 480 παντελῶς
1381 423 1737 475 ἀντιποιεῖσθαι
1769 426 1859 474 τοῦ

318 508 545 562 τοιούτου
566 515 842 583 αἱρετικσῦ,
872 509 902 568 ἦ
930 516 1026 564 τῶν
1051 511 1204 562 αὐτοῦ
1232 509 1489 569 ἐκθέσεων.
1528 509 1648 560 ἀλλά
1670 503 1861 566 ταύτας

316 597 521 650 ἕκαστον
545 599 596 649 ἐκ
633 599 800 657 πάσης
823 597 1024 668 ψυχῆς,
1056 601 1134 651 καί
1165 601 1332 656 πάσης
1374 596 1593 657 διανοίας
1615 604 1774 662 μισεῖν
1807 615 1864 649 τε·

317 687 394 736 καί
415 686 833 759 ἀποστρέφεσθαι,
865 689 947 740 καὶ
975 689 1359 756 ἀναθεματίζειν,
1396 682 1474 739 οἷα
1501 693 1594 745 τῆς
1621 695 1863 758 Χριστια-

314 782 448 832 νικῆς
472 774 801 848 παραδόσεως
829 778 1088 852 ἀλλοτρίας
1125 779 1466 840 καθεστώσας,
1505 778 1586 829 καί
1622 782 1728 834 ταῖς
1765 780 1862 828 τῶν

312 859 667 935 ἁπλουστέρων
693 862 895 933 ψυχαῖς
927 865 1138 936 μεγάλην
1158 863 1488 936 ἐργαζομένοις
1509 862 1686 930 λύμην.

383 955 555 1004 Ταῦτα
591 949 644 1004 δὲ
673 953 802 1005 αὐτὰ
829 958 1204 1025 γεγραφήκαμεν
1230 954 1285 1006 ού
1312 954 1458 1022 μόνον
1494 953 1622 1025 πρὸς
1646 955 1736 1008 τήν
1771 955 1864 1008 of?

311 1039 615 1108 ἁγιωσύνην,
654 1041 775 1111 am
802 1047 883 1094 καὶ
911 1043 1038 1116 πρὸς
1073 1044 1158 1095 τὸν
1197 1041 1465 1111 ἁγιώτατον
1513 1040 1593 1092 καί
1615 1038 1864 1111 μακαριῶ-

311 1146 464 1180 τατον
497 1128 670 1181 πάπαν
695 1137 779 1187 τῆι
807 1129 1162 1204 πρεσϐυτέρας
1191 1132 1404 1196 Ῥώμης,
1433 1128 1511 1180 καὶ
1537 1125 1865 1198 πατριάρχην

313 1216 538 1282 Βιγίλιον,
569 1220 784 1277 καὶτοὺς
825 1219 1026 1277 λοιποὺς
1059 1218 1282 1276 ἅπαντας
1311 1217 1625 1289 άγιωτάτους
1663 1215 1864 1268 ἐπισκόο

310 1325 440 1364 πονε
461 1309 546 1358 καί
564 1293 919 1380 πατριάρχας,
949 1310 1206 1362 τουτέστιν
1231 1305 1612 1380 ’Δλεξανδρείας,
1646 1306 1864 1359 Θεουπόο

310 1391 454 1454 λεως,
483 1397 564 1446 καὶ
602 1392 968 1470 Ἰεροσολύμων,
1021 1397 1152 1450 ὥστε
1191 1398 1272 1449 καί
1309 1397 1496 1453 αύτούς
1525 1393 1757 1468 πρόνοιαν
1785 1394 1863 1444 θέ-

313 1483 430 1534 σθαι
455 1490 525 1546 τῷ
565 1479 716 1556 ἴργῳ,
751 1487 836 1536 καί
875 1485 1057 1556 πέρατι
1096 1489 1259 1538 ταῦτα
1290 1481 1651 1556 παραδοθῆναι.
1692 1479 1865 1533 Βουλὸ-

311 1589 449 1637 μενοι
475 1569 528 1624 δὲ
555 1573 748 1634 πάντας
773 1576 890 1633 τούς
910 1577 1238 1648 Χριστιανούς
1264 1580 1465 1643 γνῶναι.
1496 1573 1561 1630 ὦς
1587 1573 1654 1626 τά
1683 1571 1866 1642 Ὠριγέ-

1964 420 2322 487 unusquisque
2348 435 2412 474 ex
2434 427 2546 474 toto
2573 420 2749 474 animo
2777 430 2831 474 et
2854 429 2962 476 tota
2983 423 3303 489 cogitati-ine
3331 424 3508 478 oderit

1962 517 2016 560 et
2044 519 2335 574 aversetur,
2363 519 2420 565 et
2448 512 2873 578 anathematizet,
2906 522 2964 567 ut
3008 527 3038 566 a
3065 513 3362 568 Christiana
3401 528 3506 569 Ira-
3594 518 3596 520 ’

1961 598 2162 652 ditione
2189 600 2410 668 alienas,
2455 609 2509 654 et
2549 600 2928 667 simpliciorum
2971 603 3248 657 animabus
3291 615 3451 670 grave
3475 617 3504 652 η

1962 683 2241 740 afferentes
2266 687 2405 741 luem
2435 702 2497 741 ac
2522 695 2746 756 pestem.

2030 949 2155 1006 Haec
2172 965 2333 1019 porro
2360 954 2545 1009 eadem
2572 958 2879 1026 scripsimus
2922 971 3025 1010 non
3055 957 3224 1011 solum
3266 957 3329 1009 ad
3357 971 3509 1010 sanc‘

1963 1038 2167 1091 titalem
2200 1047 2360 1102 tuam,
2391 1043 2484 1095 sed
2504 1045 2662 1096 etiam
2692 1045 2756 1098 ad
2777 1045 3162 1098 sanctissimum
3192 1052 3245 1095 et
3263 1042 3501 1097 beatissi

1962 1138 2104 1176 mum
2126 1139 2314 1193 papam
2341 1129 2562 1182 senioris
2591 1129 2772 1184 Romae
2794 1138 2847 1185 et
2870 1130 3223 1199 patriarcham
3245 1128 3505 1194 Vigilium,

1962 1219 2016 1264 et
2041 1213 2105 1264 ad
2129 1222 2354 1269 caeteros
2383 1232 2568 1272 omnes
2604 1221 2966 1274 sanctissimos
3005 1219 3286 1287 episcopos
3313 1226 3370 1270 et
3416 1233 3506 1284 pa-

1964 1303 2240 1370 triarchas,
2271 1304 2324 1357 id
2353 1314 2455 1373 est,
2485 1307 2835 1373 Alexandriae,
2862 1308 3216 1376 Theopoleos,
3244 1316 3298 1359 et
3327 1305 3507 1358 llier0<

1963 1389 2306 1458 solymorum,
2338 1400 2398 1446 ut
2418 1401 2471 1447 et
2500 1395 2552 1446 hi
2581 1395 2706 1449 huic
2733 1397 2811 1449 rei
2839 1395 3181 1465 prospiciam,
3206 1402 3262 1447 ει·
3302 1394 3412 1446 haec
3447 1393 3508 1442 li-

1963 1493 2080 1530 nem
2107 1480 2482 1548 adipiscantur.
2513 1483 2646 1537 Cum
2674 1501 2806 1538 vero
2833 1485 3128 1553 cupiamus,
3160 1499 3342 1536 omnes.
3363 1481 3509 1534 Cltl'h

1962 1568 2162 1622 stianos
2183 1583 2509 1637 cognoscere
2553 1575 2748 1644 scripta
2799 1575 3039 1643 Origenis
3082 1587 3298 1642 prorsus
3328 1587 3358 1626 a
3386 1589 3510 1628 γει-ει

307 1679 425 1719 νουε
445 1666 863 1734 συγγεγραμμένα
889 1664 1139 1724 παντελῶς
1159 1664 1392 1735 ἀλλότρια
1420 1672 1510 1722 τῆς
1533 1663 1740 1721 ἀληθοῦς
1766 1670 1863 1715 τῶν

1973 1653 2380 1712 Christianorum
2413 1660 2514 1714 lide
2543 1661 2713 1716 aliena
2735 1678 2871 1727 esse,
2903 1678 2970 1717 ex
2996 1663 3172 1716 multis
3207 1661 3509 1715 immensis-

307 1755 618 1820 Χριστιανῶν
653 1756 902 1822 τυγχάνει
940 1757 1182 1816 πίστεως,
1213 1751 1500 1820 συνείδομεν
1535 1753 1588 1804 ἐκ
1627 1758 1722 1803 τῶν
1745 1751 1860 1803 πολ-

307 1835 404 1888 λῶν
422 1838 574 1890 αὐτοῦ
599 1841 686 1891 καί
710 1842 930 1915 ἀμέτρων
954 1841 1278 1911 βλασφημιῶν
1315 1840 1480 1911 ὀλίγας
1518 1839 1594 1892 ἐπ’
1621 1841 1772 1897 αὐτῆς
1792 1839 1862 1891 λέι

309 1923 432 1984 ξεως
452 1925 766 1999 παραθεῖναι.
786 1923 1006 1995 Ἔχουσι
1028 1925 1080 1980 δέ
1102 1927 1286 1986 οὕτως.

311 2029 424 2088 Ὀτι
451 2036 611 2110 ἥττων
638 2036 662 2088 ὁ
685 2037 792 2094 υἱὸς
814 2042 904 2110 τοῦ
929 2039 1141 2110 πατρὸς,
1166 2039 1250 2090 καί
1285 2037 1343 2091 τὸ
1372 2041 1690 2110 πνεῦμα-τοῦ
1730 2036 1862 2100 υίοῦ,

451 2105 505 2156 ἐκ
531 2110 621 2157 τοῦ
655 2107 861 2178 πρώτου
891 2105 1045 2174 λόγου
1056 2112 1145 2160 τοῦ
1173 2108 1290 2178 περὶ
1312 2108 1492 2179 ἀρχῶν
1509 2105 1722 2175 βιθλῖου.

381 2210 494 2264 Ὀτι
523 2213 546 2265 ὁ
568 2214 656 2281 μὲν
684 2201 805 2273 Θεὸς
845 2217 929 2268 καί
955 2219 1124 2287 πατὴρ
1148 2216 1380 2284 συνέχων
1414 2217 1480 2269 τά
1513 2214 1677 2267 πάντα
1703 2214 1866 2284 φθάνει

312 2301 383 2358 εἰς
403 2300 612 2354 ἕκαστον
636 2309 733 2354 τῶν
759 2299 930 2364 ὅντων,
958 2301 1251 2371 μεταδιδούς
1277 2304 1470 2374 ίκάστῳ
1499 2304 1598 2357 διπό
1628 2308 1714 2356 τοῦ
1737 2301 1862 2355 ἰδίου

311 2389 369 2443 τὸ
388 2384 528 2442 εἶναι.
550 2387 614 2458 ⁷ῼ
635 2392 733 2462 γάρ
765 2393 900 2446 ἐστιν
927 2390 1165 2446 ἐλάττον’
1202 2395 1268 2452 ὡς
1296 2391 1346 2446 δέ
1372 2395 1512 2466 παρὰ
1546 2391 1640 2461 [ἴσ.
1675 2389 1738 2445 ὢν
1762 2386 1870 2466 γάρ

314 2481 474 2535 ἐστιν·
503 2481 716 2535 ἐλάττων
755 2480 808 2535 δέ
835 2479 994 2555 παρὰ]
1040 2484 1125 2535 τὸν
1166 2485 1364 2556 πατέρα
1391 2482 1416 2535 ὁ
1439 2482 1543 2541 υίὸς
1567 2483 1750 2552 φθάνων
1785 2482 1866 2534 ἐπὶ

317 2571 437 2636 μόνα
468 2572 532 2624 τὰ
559 2571 742 2641 λογικά,
785 2569 1014 2644 δεύτερος
1047 2573 1144 2644 γάρ
1175 2569 1283 2626 ἔστι
1324 2577 1413 2626 τοῦ
1455 2572 1648 2640 πατρὸς
1667 2587 1679 2599 ⁸
1711 2569 1786 2624 ἔτι
1813 2569 1864 2624 δέ

318 2657 457 2717 ἧττον
490 2661 545 2712 τὸ
577 2664 771 2728 πνεῦμα
800 2662 855 2714 τὸ
893 2659 1032 2732 ἅγιον
1062 2663 1145 2714 επὶ
1181 2662 1361 2732 μόνους
1402 2664 1520 2720 τοὺς
1544 2661 1718 2730 ἁγίους
1747 2662 1866 2718 διϊκ-

315 2748 560 2816 νούμενον.
586 2745 740 2800 Ὠστε
781 2750 909 2801 κατά
944 2755 1093 2802 τοῦτο
1125 2751 1302 2818 μείζων
1329 2752 1358 2806 ἡ
1396 2747 1606 2822 δύναμις
1645 2755 1736 2804 τοῦ
1773 2771 1867 2804 πα-

318 2836 434 2906 τρὸς
460 2838 596 2908 παρά
619 2838 706 2889 τὸν
732 2838 856 2898 υίόν,
886 2841 970 2891 καὶ
1007 2840 1064 2892 τὸ
1091 2845 1290 2903 πνεῦμα
1323 2839 1380 2892 τὸ
1409 2837 1566 2910 ἅγιον⁸
1596 2839 1774 2891 πλείων
1813 2837 1866 2892 δὲ

321 2926 347 2980 ὁ
375 2929 463 2977 τοῦ
489 2925 598 2975 υἱοῦ
635 2925 776 2998 παρὰ
801 2926 858 2978 τὸ
901 2931 1096 2996 πνεῦμα
1121 2927 1177 2978 τὸ
1199 2924 1357 2995 ἅγιον·
1384 2927 1466 2978 καὶ
1506 2925 1652 2980 πάλιν
1690 2924 1868 2996 διαφί-

1973 1759 2078 1812 que
2099 1746 2213 1814 ejus
2235 1749 2578 1818 blasphemiis
2614 1767 2809 1821 paucas
2840 1753 2908 1807 ad
2931 1755 3148 1808 verbum
3179 1751 3515 1822 apponendas

1963 1848 2080 1888 esse
2102 1838 2417 1894 censuimus.
2449 1839 2538 1894 Sic
2564 1849 2741 1896 autem
2770 1843 2985 1896 habent:
3327 1841 3334 1847 ’

2063 2025 2211 2089 Quod
2237 2028 2403 2081 minor
2427 2031 2492 2081 sit
2521 2029 2690 2083 Filius
2710 2028 2884 2090 Patre,
2907 2041 2956 2083 et
2984 2031 3204 2095 Spiritus
3235 2028 3396 2094 I’illo,

2349 2113 2379 2150 ε
2405 2099 2570 2166 primo
2612 2097 2742 2153 libro
2783 2099 2904 2152 Peri
2925 2102 3136 2153 archon.

2033 2204 2183 2270 Quod
2210 2205 2348 2260 Deus
2374 2206 2586 2274 quidem
2633 2214 2688 2261 et
2713 2205 2873 2261 Pater
2901 2201 3076 2261 omnia
3121 2206 3415 2263 continens,
3447 2202 3511 2257 ad

1963 2296 2373 2363 unumquodque
2421 2297 2621 2350 entium
2650 2299 2921 2366 pervenit,
2962 2311 3078 2350 esse
3107 2298 3385 2361 unicuique
3413 2313 3512 2349 un-

1959 2387 2196 2453 pertiens
2217 2387 2282 2439 de
2310 2401 2437 2450 suo;
2461 2395 2486 2424 α
2515 2402 2631 2441 εεεε
2655 2389 2795 2442 enim
2819 2397 2900 2442 est
2921 2388 3311 2456 minus:qunad
3335 2403 3514 2441 verum

1962 2473 2174 2526 Patrem
2195 2473 2358 2527 Filius
2385 2475 2450 2527 ad
2475 2476 2586 2529 sola
2611 2476 2945 2529 retionabilia
2970 2476 3237 2544 pervenit;
3269 2485 3349 2527 ρει
3372 2476 3510 2528 enim

1963 2559 2226 2614 secundus
2252 2576 2280 2613 a
2315 2559 2507 2616 Patre:
2539 2563 2709 2616 adhuc
2737 2564 2897 2617 etiam
2951 2564 3124 2616 minor
3167 2572 3246 2618 est
3292 2563 3517 2631 Spiritus

1963 2658 2200 2715 sanctus,
2226 2651 2292 2704 ad
2321 2652 2465 2706 solos
2490 2661 2706 2707 sanctos
2729 2655 3061 2723 perveniens.
3085 2653 3160 2706 lta
3188 2668 3248 2706 ex
3277 2655 3376 2706 hoc
3404 2667 3517 2705 ma-

1961 2738 2046 2806 jor
2067 2748 2150 2792 est
2172 2748 2408 2806 potestas
2454 2739 2626 2795 Patris
2646 2754 2753 2806 prae
2775 2737 2908 2795 Filio
2936 2750 2992 2795 et
3036 2741 3234 2809 Spiritu
3281 2749 3465 2794 saneto
3498 2757 3512 2792 :

1969 2827 2298 2895 ampliorque
2323 2827 2438 2880 Filii
2459 2844 2568 2898 pne
2593 2829 2791 2897 Spiritu
2817 2837 3020 2893 sancto,
3051 2845 3114 2882 ac
3143 2845 3352 2883 rursum
3382 2842 3515 2896 pra:-

1967 2917 2192 2969 stantior
2225 2917 2395 2970 sancti
2430 2915 2654 2986 Spiritus
2694 2927 2930 2987 potestas
2981 2933 3089 2986 prae
3140 2919 3257 2972 aliis
3305 2917 3519 2972 entibus

322 3029 484 3080 ρουσα
522 2993 814 3078 μᾶλλον-τοῦ
841 3010 983 3081 ἁγίου
1015 2993 1301 3076 πνεύματος
1340 3014 1369 3069 ἦ
1408 3000 1615 3081 δύναμις
1643 2993 1868 3084 παρὰ-τά
1896 2993 1944 3057 c
1972 3003 2191 3058 Sancus-

321 3095 445 3152 ἄλλα
473 3098 610 3170 ἅγια.

323 3202 430 3263 Ὀτι
453 3212 806 3280 πεπερασμένη
830 3211 1024 3280 ἓστίνᾼῆγ
1039 3215 1130 3265 τοῦ
1155 3218 1277 3265 Θεοῦ
1319 3213 1400 3263 καί
1428 3212 1620 3277 πατρὸς
1639 3208 1866 3280 δύναμις,

530 3277 592 3331 ἐκ
607 3285 691 3332 τοῦ
719 3277 951 3354 δευτέρω
977 3278 1122 3350 λόγου
1152 3287 1241 3333 τοῦ
1273 3281 1429 3333 αὐτοῦ
1455 3280 1666 3348 βιϐλίου.

390 3392 766 3463 Πεπερασμένην
787 3392 885 3461 γάρ
913 3387 1036 3444 εἶναι
1061 3391 1145 3443 καί
1161 3394 1251 3447 τὴν
1275 3387 1482 3458 δύναμιν
1501 3394 1591 3442 τοῦ
1620 3394 1743 3443 Θεοῦ
1766 3389 1873 3441 λεκ-

324 3476 452 3542 τέον,
491 3479 574 3528 καί
608 3477 664 3528 ού
702 3478 948 3547 προφάσει
983 3477 1216 3546 εὐφημίας
1254 3481 1342 3533 τὴν
1379 3479 1686 3550 περιγραφήν
1720 3477 1872 3535 αὐτῆς

325 3564 676 3639 περιαιρετέον.
706 3567 823 3617 Καὶ
846 3560 980 3632 μετ’
1009 3563 1210 3634 ὀλίγα·
1238 3565 1474 3620 Πεποίηκε
1517 3564 1615 3635 γάρ
1644 3570 1873 3617 τοσαῦτα

325 3649 556 3721 [τοίνυν]
602 3650 733 3706 ὅσων
775 3650 991 3711 ἠδύνατο
1040 3650 1449 3726 περιδράξασθαι,
1483 3656 1564 3704 καί
1610 3651 1748 3720 ἔχειν
1773 3654 1876 3706 ὐπὸ-

245 3765 254 3774 ·
326 3747 507 3810 χεῖρα,
538 3745 619 3794 καί
644 3749 953 3816 συγκρατεῖν
991 3742 1092 3794 ὑπὸ
1119 3746 1205 3798 τήν
1247 3741 1424 3795 ἑαυτοῦ
1465 3741 1724 3815 πρόνοιαν
1773 3744 1872 3795 ὥσ-

326 3848 421 3905 περ
451 3833 535 3884 καὶ
559 3833 810 3887 τοσαύτην
834 3831 950 3887 ὕλην
972 3831 1358 3898 κατεσκεύασεν,
1383 3827 1504 3886 ὅσην
1530 3828 1743 3888 ἠδύνατο
1768 3828 1877 3883 δια-

323 3930 600 3993 κοσμῆσαι.

389 4035 485 4083 Τοῦ
509 4033 663 4085 αὐτοῦ
683 4031 734 4085 ἐκ
757 4041 848 4087 τοῦ
874 4037 1116 4109 τετάρτου
1145 4033 1290 4108 λόγου
1313 4040 1398 4089 τοῦ
1429 4035 1582 4090 αὐτοῦ
1611 4033 1822 4103 βιϐλίου.

398 4137 576 4201 Μηδεὶς
600 4140 652 4195 δὲ
677 4145 1038 4216 προσκοπτέτω
1069 4153 1141 4215 τῷ
1166 4144 1317 4216 λόγῳ,
1349 4146 1391 4196 εἰ
1417 4145 1575 4214 μέτρα
1603 4142 1877 4210 ἔπετίθεμεν
1932 4175 1934 4177 ›

330 4230 414 4280 καὶ
431 4236 494 4300 τῇ
511 4236 599 4282 τοῦ
624 4238 748 4284 Θεοῦ
775 4230 1000 4302 δυνάμει.
1026 4231 1236 4310 ’Δπειρα
1261 4234 1359 4304 γάρ
1385 4230 1670 4306 περιλαϐεῖν
1686 4237 1747 4303 τῇ
1775 4230 1876 4300 φύ-

330 4336 409 4370 σει
429 4317 664 4372 ἀδύνατον
700 4322 964 4391 τυγχάνει.
984 4319 1144 4385 ’Δπαξ
1183 4320 1236 4375 δὲ
1273 4320 1664 4392 πεπερασμένων
1699 4313 1870 4381 ὄντων,

1974 4335 2163 4382 natura
2210 4327 2530 4395 impossibile
2571 4335 2675 4393 est,
2702 4343 2822 4382 nam
2854 4343 2975 4383 cum
3018 4329 3181 4384 semel
3234 4326 3376 4380 ﬁnita
3422 4327 3540 4380 sint

331 4406 397 4461 ὧν
421 4407 802 4481 περιδράττεται
830 4413 977 4471 αὐτὸς
1007 4411 1193 4476 ὁΘεὸς,
1222 4409 1402 4483 ἀνάγκη
1433 4406 1548 4482 ὅρον
1574 4402 1700 4461 εἶναι
1719 4407 1879 4478 μέχρι

331 4497 502 4551 πόσων
522 4502 905 4573 πεπερασμένων
931 4499 1145 4575 διαρκεῖ.

329 4605 442 4664 ιΟτι
465 4613 672 4679 κτίσμα,
704 4614 786 4665 καί
810 4612 1011 4685 γενητὸς
1035 4611 1060 4665 ὁ
1088 4612 1213 4677 υίὸς,
1255 4614 1310 4665 ἐκ
1338 4616 1429 4666 τοῦ
1455 4610 1608 4665 αὐτοῦ
1636 4608 1679 4665 δ’
1707 4609 1875 4679 λόγου.

401 4716 560 4779 Οὗτος
579 4718 672 4774 δὶὸ
693 4720 796 4781 υίὸς
809 4722 863 4775 ἐκ
885 4711 1149 4792 θελήματος
1168 4728 1256 4776 τοῦ
1278 4721 1467 4797 πατρὸς
1489 4722 1756 4792 γεννηθείς,
1775 4737 1794 4771 ε
1818 4718 1879 4780 ὅς

332 4810 467 4861 εστιν
496 4811 634 4861 είκών
657 4813 750 4862 τοῦ
777 4816 899 4864 Θεοῦ
928 4817 1018 4865 τοῦ
1054 4812 1295 4885 ᾀοράτου,
1321 4812 1406 4863 καί
1434 4811 1753 4881 ἀπαύγασμα
1788 4815 1878 4868 τῆς

334 4893 476 4958 δόξης
499 4897 667 4963 αὐτοῦ,
695 4903 958 4976 χαρακτήρ
989 4919 1042 4953 τε
1071 4909 1160 4960 τῆς
1187 4901 1522 4959 ὑποστάσεως
1547 4901 1717 4962 αὐτοῦ,
1737 4919 1880 4973 πρω-

333 4984 530 5044 τότοκος
542 4988 712 5047 πάσης
731 4991 960 5051 κτίσεως,
978 4993 1188 5060 κτίσμα,
1202 4992 1371 5060 σοφία.
1392 5007 1412 5038 ι
1429 4990 1556 5046 Αὐτὴ
1569 4989 1662 5064 γάρ
1684 4990 1714 5044 ἡ
1731 4991 1884 5058 σοφία-

334 5075 500 5143 φησίν
537 5090 556 5124 ε
586 5085 641 5128 ‘0
670 5077 791 5136 Θεὸς
831 5073 1002 5130 ἔκτισέ
1033 5097 1092 5144 με
1121 5079 1290 5149 ἀρχὴν
1318 5076 1440 5130 ὁδῶν
1466 5080 1624 5131 αὐτοῦ
1655 5079 1728 5137 εἰς
1755 5075 1880 5149 ἔργα

334 5164 514 5216 αὐτοῦ.
544 5179 565 5214 ε
1281 5164 1287 5170 ’

407 5361 434 5390 ⁸
461 5353 759 5422 Legendum
783 5363 880 5419 est,
905 5354 1133 5409 omnibus
1157 5370 1220 5408 ex
1247 5355 1376 5422 lib.I
1397 5352 1724 5422 Periarchou
1755 5371 1801 5408 c.
1824 5355 1875 5408 '5.

336 5420 425 5476 Sic
447 5420 646 5492 reliqua
676 5438 792 5492 quae
820 5439 884 5476 ex
907 5423 1132 5489 Origene
1157 5423 1241 5477 hic
1279 5421 1591 5489 all‘eruntur,
1616 5421 1881 5492 infGneco

337 5491 672 5560 quoque,qui
688 5509 752 5546 ex
772 5491 960 5560 Latino
981 5505 1260 5558 expressus
1282 5501 1384 5556 est,
1409 5499 1530 5544 sunt
1548 5491 1877 5556 corrigenda.

314 5558 652 5617 .llmuuuw‘s.
676 5591 745 5603 --—
762 5559 931 5616 Locus
955 5559 1227 5636 obscurps,
1253 5568 1307 5614 et
1331 5569 1604 5626 corruptus
1632 5561 1789 5616 etiam
1817 5561 1870 5614 in

1975 3196 2120 3262 Quod
2148 3198 2296 3268 [inita
2316 3211 2390 3256 est
2421 3197 2513 3254 Dei
2538 3209 2586 3255 et
2609 3199 2784 3256 Patris
2824 3210 3070 3272 potestas,
3091 3219 3116 3255 e
3144 3200 3362 3256 secundo
3387 3201 3520 3255 libro

2477 3272 2703 3341 ejusdem
2737 3272 3023 3325 voluminis.

2041 3381 2268 3436 Finitam
2296 3381 2438 3437 enim
2466 3396 2581 3436 esse
2627 3390 2681 3436 et
2707 3389 3024 3450 potestatem
3072 3380 3167 3435 Dei
3195 3378 3472 3434 dicendum
3504 3394 3520 3429 :

1972 3485 2089 3536 nec,
2118 3478 2372 3539 prietequ
2423 3471 2623 3535 laudis,
2655 3470 3071 3538 circumscriptio
3123 3468 3240 3537 ejus
3290 3466 3522 3522 tollenda

1972 3569 2073 3616 est.
2104 3561 2173 3615 Et
2194 3563 2346 3632 paulo
2366 3571 2517 3631 post:
2549 3562 2715 3615 Tanta
2744 3563 2882 3615 enim
2907 3560 3050 3626 fecit,
3076 3566 3270 3629 quanta
3290 3559 3386 3614 sub
3410 3573 3524 3610 ma-

1973 3667 2101 3704 num
2120 3651 2574 3718 comprehendere
2601 3661 2653 3703 et
2683 3651 2880 3704 habere
2911 3657 3138 3718 poterat,
3168 3657 3223 3702 et
3250 3649 3522 3702 continere

1973 3739 2070 3792 sub
2099 3737 2426 3806 providentia
2460 3753 2553 3791 sua
2580 3755 2593 3788 :
2618 3737 3061 3806 quemadmodum
3086 3743 3138 3790 et
3169 3743 3370 3788 tantam
3395 3749 3524 3788 cun-

1973 3827 2165 3880 struxit
2202 3828 2496 3892 materiam,
2519 3835 2771 3896 quantam
2791 3826 3159 3882 administrare
3184 3833 3240 3880 et
3260 3838 3525 3880 exomare

1973 3925 2200 3985 poterat.

2113 4043 2360 4114 Ejusdem
2381 4060 2445 4098 ea:
2470 4053 2650 4114 quarto
2678 4043 2806 4100 libro
2834 4045 3060 4114 ejusdem
3095 4045 3379 4099 voluminis.

2043 4150 2209 4204 Nemo
2237 4156 2414 4202 autem
2438 4164 2684 4204 sermone
2706 4138 3020 4216 oﬁendatur,
3043 4152 3086 4205 si
3110 4151 3321 4204 modum
3345 4149 3543 4202 statui-7

1973 4253 2092 4292 mus
2135 4236 2229 4292 Dei
2273 4237 2432 4292 etiam
2481 4238 2752 4313 potestati.
2781 4238 2986 4292 Inﬁnita
3039 4239 3176 4293 enim
3223 4238 3525 4305 complecti,

1979 4431 2098 4485 qua:
2125 4417 2264 4470 Deus
2294 4417 2404 4483 ipse
2429 4418 2846 4486 comprehendit,
2877 4432 3092 4473 necesse
3133 4426 3216 4472 est
3243 4416 3526 4471 terminum

1980 4519 2099 4561 esse
2125 4505 2191 4560 ad
2219 4513 2351 4576 quot
2372 4521 2538 4574 usque
2566 4505 2712 4559 ﬁnita
2740 4507 2850 4575 ipse
2875 4505 3115 4561 suﬂiciat.

2053 4615 2201 4680 Quod
2220 4625 2454 4671 creatura
2473 4626 2521 4670 et
2539 4619 2704 4689 [actus
2726 4616 2892 4672 Filius
2919 4628 3012 4683 est,
3030 4634 3093 4672 ea:
3115 4619 3288 4673 eodem
3311 4614 3457 4670 libro.

2053 4725 2151 4781 Hic
2175 4727 2336 4780 Filius
2379 4725 2445 4781 de
2488 4725 2762 4780 voluntate
2806 4725 2978 4782 Patris
3005 4733 3306 4794 generatus,
3339 4726 3421 4795 qui
3454 4733 3538 4778 est-

1980 4817 2149 4888 imago
2183 4817 2271 4870 Dei
2292 4815 2576 4880 invisibilis,
2608 4824 2655 4868 et
2676 4816 2916 4885 splendor
2942 4817 3120 4887 gloria:
3139 4815 3266 4884 ejus,
3297 4826 3343 4867 et
3364 4814 3529 4882 ﬁgura

1982 4907 2281 4960 substantia:
2313 4905 2444 4973 ejus,
2472 4905 2834 4973 primogenitus
2879 4905 3044 4957 omnis
3084 4910 3348 4963 creatum,
3381 4916 3525 4954 crea-

1985 5004 2097 5046 tura
2119 5031 2135 5056 ,
2181 4993 2430 5059 sapientia
2463 4994 2689 5061 (Coloss.
2721 5009 2771 5057 I;
2806 4991 2963 5046 Hebr.
2987 5009 3034 5057 I;
3067 4991 3096 5044 Ι
3135 4989 3252 5044 Cor.
3293 4989 3380 5056 ν).
3411 4989 3528 5057 Ipsa

1981 5081 2124 5133 enim
2162 5079 2433 5147 Sapientia
2465 5082 2631 5135 dicit:
2665 5081 2925 5135 Dominus
2961 5082 3148 5133 creavit
3200 5095 3281 5132 me
3323 5078 3540 5131 initium.

1981 5167 2178 5221 viarum
2204 5184 2409 5246 suarum
2435 5171 2485 5222 in
2507 5187 2660 5239 opera
2688 5172 2855 5240 ipsius
2876 5170 3050 5230 (Prov.
3070 5165 3213 5234 VIII).

1981 5357 2200 5422 Gmco;
2244 5360 2381 5413 forte
2424 5361 2503 5415 sic
2551 5359 2949 5417 restituendus:
2983 5357 3103 5427 Ipse
3152 5359 3288 5427 enim
3312 5361 3403 5427 est
3446 5346 3536 5412 (Ιιιί

1981 5436 2091 5506 esti
2109 5428 2276 5481 minor
2319 5445 2434 5483 rere
2462 5429 2618 5484 Putre
2645 5427 2816 5484 Filius
2842 5430 2908 5480 ad
2934 5424 3042 5481 sola
3069 5424 3391 5480 rationabilia
3406 5439 3535 5494 pett-

1982 5509 2203 5550 vemens.

3582 4614 3600 4673 ἶ
