3958 6288
1242 286 1472 346 LIBER
1511 281 1906 342 ADVERSUS
1941 275 2362 339 ORIGENEM.

689 396 772 448 Ἐκ
803 399 895 448 τοῦ
922 394 1072 446 αὑτοῦ
1102 391 1266 459 λόγου.
1770 389 1820 444 Α

177 305 292 368 935
1242 286 1472 346 LIBER
1511 282 1906 342 ADVERSUS
1941 282 2362 339 ORIGENEM.
3287 282 3391 342 986

2389 382 2471 435 Ea:
2509 382 2681 435 eodem
2712 379 2858 434 libro.

269 513 429 566 Πάντα
456 511 516 561 τὰ
543 508 658 579 γένη
682 507 764 557 καί
787 505 852 557 τὰ
875 500 978 558 εἴδη
1009 502 1083 554 ἀεὶ
1108 498 1164 557 ἧν
1186 515 1198 527 ·
1230 496 1353 568 [ἀλλ’
1374 499 1431 550 οὑ
1461 495 1520 553 δή
1548 491 1645 564 τις]
1671 491 1757 547 ἄλ-

1917 493 2126 549 Genera
2166 493 2340 548 omnia
2370 502 2422 548 et
2450 493 2657 562 species
2685 507 2896 561 semper
2938 501 3091 546 erant
3121 511 3132 544 :
3165 505 3270 546 non
3327 491 3399 544 ita

187 603 280 662 λος
323 600 375 654 δέ
418 620 494 657 τις
524 599 626 670 ἐρεῖ
651 597 730 647 καὶ
762 596 819 649 τό
851 593 958 646 καθ’
987 591 1036 644 ἓν
1070 591 1278 663 ἀριθμοῦ
1304 604 1318 617 ⁶
1350 588 1476 645 πλὴν
1514 585 1757 658 ἑκατέρως

1865 582 1913 637 le
1941 582 2294 650 singularibus
2342 582 2704 636 differentibus
2750 596 2969 634 numero
3011 583 3202 635 dixerit
3251 585 3396 651 quis-

190 686 478 761 [δηλοῦται]
507 686 783 748 δηλοῦνται,
815 683 890 738 ὅτι
919 684 1006 735 οὑκ
1030 682 1209 756 ἤρξατο
1235 677 1260 733 ό
1288 681 1408 738 Θεὸς
1437 676 1757 750 δημιουργεῖν

1865 672 2008 739 tiam.
2067 672 2444 726 Verumtamen
2505 671 2749 737 utrinque
2804 671 3174 736 declarantur,
3234 672 3398 725 Deum

1851 777 1955 817 non
1979 759 2168 815 fecisse
2198 762 2407 814 creandi
2445 761 2669 823 initium,
2701 773 2819 810 cum
2851 758 3132 826 aliquando
3163 761 3318 816 fuerit
3342 763 3400 816 in

1851 851 1960 905 otio
1990 859 2036 902 ⁸.

188 781 425 852 ἀργήσας
449 777 591 830 ποτέ.

175 977 305 1050 Περὶ
329 983 418 1034 τῆς
443 973 808 1048 προτὶπᾶρξεως
835 979 931 1050 τοῖν
954 971 1174 1050 κευχῶγ)¹
1191 972 1241 1022 ἐκ
1264 977 1348 1025 τοῦ
1377 973 1582 1044 πρώτου
1602 970 1748 1040 λόγου

702 1047 819 1116 περὶ
844 1042 1024 1115 ἀρχῶν
1044 1043 1238 1110 βιϐλίου
1252 1077 1266 1094 .

256 1157 334 1222 ἐξ
361 1157 488 1217 ἰδίας
528 1159 692 1215 αἰτίας
729 1155 826 1208 τῶν
861 1159 930 1226 μή
965 1157 1320 1227 προσεχίντων
1356 1153 1555 1211 ἑαυτοῖς
1593 1154 1749 1227 ὰγρὺ-

182 1269 326 1310 πνως
364 1249 582 1322 γίνονται
615 1244 800 1320 τοίχων
839 1247 868 1304 ἦ
905 1239 1112 1319 βροίδιον
1151 1241 1545 1317 [μεταπτώσεις]
1597 1260 1753 1312 μετα-

179 1331 495 1405 πιπτοὺσης,
527 1342 607 1398 καί
633 1342 714 1394 ἐπὶ
750 1341 918 1396 πλεῖον
953 1339 982 1398 ἦ
1011 1341 1088 1395 ἐπ’
1122 1335 1355 1394 ἔλαττον
1388 1341 1454 1399 ὡς
1489 1339 1586 1390 ἀπὸ
1630 1340 1754 1392 ταὺ-

179 1449 279 1489 της
328 1439 418 1491 τῆς
470 1431 636 1490 αἰτίας
700 1430 861 1504 κρίσει
921 1430 1029 1502 θεία
1088 1431 1596 1504 συμπαραμετροὺσῃ
1645 1437 1754 1488 τοῖς

177 1517 413 1576 ἓκοίστου
440 1522 708 1590 βελτίοσιν,
737 1520 764 1578 ἦ
794 1520 1000 1594 χείροσι
1024 1524 1255 1589 κινήμασι
1280 1521 1437 1573 καὶτὸ
1459 1517 1564 1574 κατ’
1590 1519 1752 1581 ἀξίαν·

180 1611 207 1664 ὁ
237 1612 333 1678 μίν
359 1631 436 1670 τις
463 1611 557 1673 ἕξει
587 1612 633 1664 ἕν
659 1619 719 1684 τῇ
748 1612 956 1682 ἔσομένῃ
983 1609 1309 1677 διακοσμήσει
1323 1605 1461 1672 τοίξιν
1477 1609 1752 1679 ἀγγελικήν,

177 1699 209 1757 ἦ
239 1699 456 1770 δύναμιν
483 1703 728 1774 ἀρχικήν,
769 1701 798 1759 ἦ
837 1703 1066 1764 ἐξουσίαν
1089 1706 1177 1758 τήν
1203 1700 1285 1752 ἕπί
1311 1722 1454 1755 τινων
1472 1741 1483 1757 .
1523 1698 1552 1758 ἣ
1587 1700 1756 1773 θρόνον

177 1795 285 1842 τῶν
309 1790 816 1859 ἕπιϐασιλευομένων,
867 1789 896 1847 ἢ
936 1789 1138 1862 κυρείαν
1173 1793 1262 1846 τήν
1288 1783 1418 1842 κατά
1453 1787 1640 1842 δοὺλων
1692 1789 1749 1840 Oi

178 1875 234 1930 δὲ
267 1879 323 1929 οὑ
351 1877 482 1931 πάνυ
509 1901 559 1933 τι
587 1878 878 1937 ἐκπεσόντες
895 1921 909 1944 ,
944 1885 1034 1936 τήν
1071 1881 1153 1932 ἐπί
1191 1886 1297 1938 τοῖς
1324 1880 1597 1952 εἰρημένοις
1623 1883 1754 1933 οἰκο-

176 1969 360 2035 νομίαν
387 1987 440 2021 τε
469 1969 552 2020 καὶ
587 1968 816 2036 βοήθειαν
842 1968 1030 2029 ἕξουσι.
1071 1971 1167 2021 Καὶ
1203 1967 1368 2026 οὕτως
1404 1963 1532 2021 κατά
1574 1972 1664 2038 μὲν
1695 1971 1753 2024 τό

179 2053 423 2108 πλεῖστον
450 2055 548 2107 ἀπὸ
573 2062 670 2109 τῶν
686 2055 784 2108 ὑπὸ
807 2052 900 2114 τὰς
927 2057 988 2127 ἀρ
995 2053 1120 2123 χάς,
1151 2058 1235 2108 καὶ
1259 2056 1504 2116 ἐξουσίας,
1534 2061 1614 2108 καί
1639 2057 1754 2114 τοὺς

179 2143 417 2216 θρόνους,
447 2146 526 2196 καὶ
551 2137 644 2202 τοὶς
671 2143 1003 2211 κεριὸτητας,
1038 2141 1184 2210 τάχα
1215 2139 1265 2193 δὲ
1299 2138 1400 2196 ἔσθ’
1436 2139 1515 2194 ὅτε
1543 2146 1622 2194 καί
1649 2143 1754 2195 ἀντ’

180 2236 357 2288 αὑτῶν
384 2237 698 2290 συστήσεται
739 2234 796 2286 τό
833 2239 930 2286 τῶν
981 2233 1250 2306 ἀνθρώπων
1284 2231 1424 2301 γένος
1459 2233 1507 2284 ἐν
1541 2239 1613 2302 τῷ
1653 2232 1757 2286 καθ’

181 2321 272 2376 ἕνα
302 2323 496 2392 κόσμῳ.

184 2514 268 2559 Ἐκ
298 2509 391 2575 τοὺ
418 2504 573 2556 αὑτοῦ
598 2502 770 2573 λόγου,
800 2499 876 2575 ότι
904 2504 946 2575 εἰ
966 2503 1315 2575 μεταϐάλλοιεν
1336 2504 1424 2575 Αᾶπί
1452 2505 1506 2556 τὸ
1535 2512 1754 2575 κρεῖττον

297 2574 342 2626 oi
371 2571 625 2640 δαίμονες,
657 2571 1091 2645 συμπληρώσουσὲ
1117 2591 1238 2624 ποτε
1271 2571 1648 2644 ἀῶρωπὸτητα.

259 2680 416 2754 Οἶμαι
440 2681 491 2736 δὲ
519 2680 759 2736 δόνασθιιι
795 2684 893 2736 ἀπὸ
919 2689 1018 2737 τῶν
1049 2687 1457 2753 ὑποτεταγμένων
1485 2692 1592 2744 τοῖς
1637 2689 1756 2756 χεί-

188 2793 334 2847 ροσιν
357 2812 371 2835 ,
420 2773 613 2842 ἀρχαῖς
641 2773 721 2823 καὶ
761 2772 1046 2832 ἐξουσίαις,
1089 2774 1170 2823 καὶ
1207 2774 1612 2846 κοσμοκράτορσι
1652 2773 1756 2826 καθ’

184 2863 398 2916 ἕκαστον
426 2862 624 2929 κόσμον,
645 2861 674 2917 ἧ
700 2859 791 2928 [ἵσ.
817 2881 948 2920 τινος
977 2862 1168 2930 κόσμου
1190 2859 1352 2928 νόουςὶ
1374 2883 1508 2921 τινας
1535 2859 1758 2931 κόσμους

187 2951 356 3009 ἐνίους
382 2951 565 3019 τάχιτν
604 2951 1076 3025 εὑεργετουμίνους.
1122 2955 1205 3003 καὶ
1250 2951 1656 3022 βουλησομένους
1707 2955 1757 3017 ἐξ

189 3043 359 3096 αὐτῶν
383 3042 701 3112 μεταϐαλεῖν,
731 3045 1116 3113 συμπληρώσειν
1142 3047 1259 3098 ποτὲ
1290 3046 1666 3117 ἀνθρωπότιῃτα.

396 3248 512 3320 Περὶ
533 3254 623 3306 τῆς
647 3253 743 3300 τῶν
771 3242 948 3300 ἄνωθεν
973 3247 1040 3306 εἰς
1061 3253 1211 3315 σῶμα
1237 3257 1548 3319 καταγωγῆς.

265 3355 414 3410 Οὕτω
436 3354 496 3412 δὴ
525 3356 883 3409 ποικιλωτάτου
907 3356 1090 3425 κόσμου
1119 3360 1462 3427 τυγχάνοντος
1479 3401 1492 3417 .
1520 3362 1602 3411 καὶ
1633 3380 1756 3414 τοσ·

192 3451 332 3502 αὔτα
371 3443 581 3515 διάφορα
611 3445 785 3515 λογικὰ
826 3446 1174 3518 περιέχοντος,
1211 3452 1261 3498 τί
1296 3445 1411 3499 ἀλλο
1452 3453 1559 3518 χρὴ
1604 3448 1759 3519 λέγειν

193 3532 357 3587 αἴτιον
377 3534 632 3604 γεγονέναι
658 3540 747 3585 τοῦ
778 3535 1060 3588 ὑποστῆναι
1084 3535 1255 3596 αὑτὸν,
1282 3533 1310 3591 ἧ
1349 3538 1406 3589 τὸ
1429 3538 1646 3589 ποικίλον
1669 3545 1760 3597 τῆς

193 3626 548 3682 ἀποπτὼσεως
575 3632 672 3677 τῶν
702 3625 801 3692 οὑχ
825 3624 1006 3692 ὁμοίως
1048 3632 1138 3683 τῆς·
1164 3625 1332 3686 ἑνοὶδος
1375 3627 1756 3700 ἀπορρεόντωνς

195 3716 282 3769 καί
305 3715 385 3770 τόν
411 3712 606 3790 ἔνυδρον
634 3713 736 3769 ἴσθ’
764 3713 844 3770 ὅτε
870 3718 1080 3792 αἱρεῖται
1108 3721 1213 3790 βίον
1244 3724 1272 3778 ἠ
1298 3717 1466 3792 ψυχή.

304 3917 386 3972 Ἐκ
412 3926 503 3973 τοῦ
533 3911 768 3990 δευτέρου
793 3920 940 3993 λόγου
966 3930 1056 3978 τοῦ
1087 3929 1204 3998 περὶ
1229 3927 1409 3998 ἀρχῶν
1438 3927 1652 3994 βιϐλίου.

271 4027 325 4082 Ἠ
352 4027 501 4098 ψυχή
528 4031 850 4104 ἀπορρίουσα
875 4038 963 4084 τοῦ
991 4033 1140 4087 καλοῦ
1158 4074 1172 4097 ,
1219 4038 1302 4088 καί
1338 4044 1399 4100 τῇ
1430 4038 1578 4109 κακίᾳ
1612 4057 1764 4110 προσ-

197 4117 463 4186 κλιναμίνη
485 4157 500 4179 ,
532 4121 614 4170 καὶ
638 4120 719 4172 ἐπὶ
738 4120 903 4174 πλεῖον
933 4123 982 4175 ἐν
1007 4125 1166 4193 ταύτῃ
1198 4127 1451 4194 γινομένη,
1475 4129 1518 4178 εἰ
1543 4131 1612 4197 μή
1635 4128 1762 4181 ὑπο·

197 4209 422 4280 στρέφοι,
449 4208 550 4261 ὑπὸ
573 4216 662 4267 τῆς
689 4210 857 4271 ἀνοίας
885 4213 1254 4276 ἀποκτηδοῡται
1315 4219 1397 4268 καὶ
1427 4216 1526 4269 ὑπὸ
1550 4225 1640 4276 τῆς
1671 4237 1764 4271 πο-

197 4303 372 4370 νηρίας
393 4300 766 4372 ἀποθηριοῦται.
787 4305 893 4354 Καὶ
919 4303 1044 4370 μετ’
1068 4304 1265 4373 ὀλίγα⁶
1290 4309 1381 4359 Καὶ
1400 4308 1614 4380 αἱρεῖται
1638 4311 1765 4382 πρὸς

198 4387 256 4437 τό
285 4387 590 4456 ἀλογωθῆναι
613 4425 629 4447 .
680 4392 762 4444 καί
797 4390 880 4444 τόν
909 4389 1140 4464 ἔνυδρον,
1180 4393 1243 4446 ἶν’
1273 4395 1434 4454 οὑτως
1456 4393 1601 4456 εἴπω.
1635 4397 1759 4464 βίον·

200 4477 284 4526 καί
309 4477 454 4543 τάχα
480 4475 588 4530 κατ’
607 4477 745 4539 ἀξίαν
767 4485 855 4537 τῆς
871 4481 954 4531 ἐπὶ
978 4480 1136 4533 πλεῖον
1157 4485 1401 4542 πτώσεως
1417 4482 1761 4554 [ίκπτὼσεως]

201 4574 289 4624 τῆς
333 4569 508 4627 κακίας
549 4565 772 4621 ἐνδύεται
799 4571 1012 4639 σώματα
1038 4569 1228 4640 [σῶμα]
1254 4576 1307 4626 οὗ
1337 4571 1421 4630 δεῆ
1455 4571 1550 4643 [ῗσ.
1580 4573 1761 4649 ὑδαρῆ]

201 4653 392 4708 τοιοῦδε
419 4659 548 4718 ζὼου
576 4657 779 4728 ἀλόγου.

201 4759 280 4814 Ἐκ
307 4770 395 4817 τοῦ
423 4767 581 4819 αὑτοῦ
605 4763 783 4836 λόγου,
823 4764 899 4844 ὅτι
936 4765 1084 4844 ἔσται
1115 4767 1279 4823 τελεία
1319 4771 1349 4827 ἦ
1381 4779 1480 4824 τῶν
1517 4773 1766 4844 σωμάτων

495 4874 526 4905 ο
853 4836 1086 4896 ἀπόθεσις
1096 4875 1108 4888 .

274 4921 328 4970 Εἰ
355 4917 404 4972 δὲ
429 4914 496 4974 τά
521 4921 876 4994 [ὑποταγένταῖ
901 4926 1280 4998 ὑποτεταγμίνα
1306 4937 1378 5001 τῷ
1402 4939 1602 5002 Χριστῷ
1638 4933 1766 4988 ὑπο-

205 5013 480 5080 ταγήσεται
509 5009 592 5066 ἐπὶ
614 5015 739 5068 τέλει
771 5018 852 5067 καί
877 5024 948 5086 τῷ
975 5024 1104 5088 Θεῷ,
1126 5018 1320 5078 ’πάντες
1345 5022 1678 5078 ἀποθήσονται
1703 5019 1770 5079 τὰ

212 5099 424 5165 σώματα
444 5116 456 5128 ⁶
486 5105 569 5154 καί
594 5098 731 5171 οἶμαι
758 5100 833 5156 ὅτι
854 5104 967 5158 τότε
995 5107 1063 5164 εἰς
1089 5108 1146 5160 τὸ
1173 5113 1240 5178 μή
1261 5104 1311 5161 ὃν
1336 5107 1479 5164 ἔσται
1505 5108 1765 5178 ἀνάλυσις,

207 5194 296 5248 τῆς
321 5188 692 5260 τῶνσωμοίτων
720 5196 914 5260 φύσεως
941 5195 1361 5266 ὑποστησομένης
1389 5197 1620 5272 δεύτερον
1641 5243 1655 5265 ,
1685 5197 1770 5256 ἐάν

208 5279 354 5333 πάλιν
377 5278 547 5350 λογικὰ
573 5281 892 5357 ὑποκαταϐῇ.

313 5389 391 5444 Ἐκ
415 5398 502 5446 τοῦ
531 5395 704 5465 τρίτου
725 5392 866 5462 λόγου
895 5398 982 5445 τοῦ
1012 5395 1166 5446 αὑτοῦ
1194 5395 1411 5463 βιϐλίου,
1442 5403 1558 5468 περὶ
1587 5405 1671 5450 τοῦ

902 5477 1080 5516 avrea.

281 5553 552 5621 Atyouéuou
579 5559 666 5606 τοῦ
695 5557 820 5607 Θεοῦ
848 5551 1014 5606 πάντα
1041 5553 1266 5624 γενέσθαι
1303 5554 1350 5606 ἔν
1380 5563 1560 5616 πᾶσιν,
1591 5557 1764 5628 ὥσπερ

1992 961 2070 1014 De
2105 963 2393 1015 animarum
2421 961 2826 1029 priveris-lentia,
2853 975 2916 1011 ea:
2945 963 3105 1029 primo
3129 957 3262 1013 libro

2456 1027 2577 1079 Peri
2597 1045 2673 1081 art
2686 1029 2804 1082 lion.

1921 1138 1993 1192 Ex
2025 1154 2237 1208 propria
2267 1141 2420 1208 culpa
2444 1140 2657 1192 minime
2683 1139 2779 1193 sibi
2813 1139 3091 1207 vigilanter
3128 1139 3406 1192 attenden-

1854 1230 1982 1281 tium
2010 1227 2142 1280 ilunt
2167 1228 2323 1281 citius
2347 1236 2437 1280 aut
2463 1228 2631 1281 serius
2657 1227 3011 1295 delapsiones,
3044 1227 3199 1294 idque
3228 1228 3315 1281 vei
3341 1229 3405 1281 ad

1854 1318 2090 1385 longiora
2120 1326 2394 1388 tempora,
2423 1319 2507 1372 vel
2559 1320 2624 1374 ad
2669 1319 2944 1383 breviora;
2986 1319 3131 1406 quod
3149 1319 3404 1386 judicium

1854 1404 2088 1461 divinum
2121 1416 2341 1476 propter
2367 1407 2504 1460 banc
2531 1417 2744 1461 causam
2772 1409 2922 1462 bonis
2948 1417 3035 1460 aut
3060 1404 3210 1462 malis
3229 1411 3409 1462 unius-

1853 1494 2110 1564 cujusque
2154 1496 2479 1549 motionibus
2521 1496 2732 1563 dignam
2762 1505 3152 1551 comme:.suret
3182 1499 3409 1552 retribu-

1857 1584 2076 1637 tionem.
2108 1584 2203 1639 llic
2229 1585 2440 1653 quidem
2469 1585 2521 1638 in
2552 1586 2722 1638 futura
2754 1587 2929 1638 mundi
2951 1587 3296 1654 dispositione
3325 1588 3410 1640 lia-

1855 1670 2003 1724 bebit
2030 1671 2269 1726 ordinem
2299 1673 2611 1740 angelicum,
2645 1682 2736 1726 aut
2786 1675 3031 1726 virtutem
3063 1675 3407 1744 principatus,

1786 1741 1834 1802 Β
1859 1767 1950 1811 aut
1971 1768 2292 1827 potestatem
2321 1761 2371 1814 in
2402 1762 2627 1830 aliquos,
2655 1771 2746 1814 aut
2777 1763 3024 1815 thronum
3048 1741 3212 1831 regno
3234 1741 3413 1819 subdi-

1859 1856 2052 1912 torum,
2081 1857 2174 1902 aut
2224 1849 2637 1904 dominationem
2690 1851 2740 1904 in
2769 1868 2973 1905 servos.
3001 1852 3099 1917 Qui
3131 1870 3256 1907 vero
3304 1869 3410 1909 non

1858 1939 2081 1992 multum
2105 1939 2436 2005 exciderunt,
2477 1941 2767 2006 habebunt,
2796 1958 2954 2010 quam
2986 1942 3234 2008 diximus,
3267 1959 3413 1999 (eco-

1856 2027 2108 2092 nomiam,
2137 2037 2192 2082 et
2211 2029 2590 2096 adiumentum.
2627 2030 2798 2098 Atque
2827 2032 2898 2083 ita
2951 2041 3008 2084 ut
3036 2033 3316 2100 plurimum
3344 2049 3413 2088 ex

1858 2119 1923 2172 iis
1968 2119 2057 2186 qui
2105 2127 2228 2174 sunt
2271 2121 2368 2174 sub
2415 2121 2816 2189 principatibus,
2859 2131 2914 2175 et
2957 2124 3326 2190 potestatibus,
3359 2133 3413 2178 et

1859 2209 2064 2266 thronis
2109 2220 2164 2264 et
2207 2212 2690 2280 dominationibus,
2734 2214 2870 2283 [ιιι-ιο
2925 2215 3084 2266 etiam
3130 2214 3412 2281 aliquando

1857 2300 1978 2354 loco
2014 2301 2251 2370 ipsorum
2287 2303 2640 2357 constituetur
2683 2317 2850 2371 genus
2879 2303 3166 2356 humanum
3215 2319 3320 2358 uno
3358 2305 3409 2358 in

1856 2392 2074 2443 mundo.

1857 2498 1939 2552 Ea:
1960 2500 2132 2554 eodem
2156 2499 2284 2553 libro
2307 2516 2323 2553 :
2346 2497 2493 2563 Quod
2513 2502 2557 2554 si
2577 2501 2830 2556 daemone:
2849 2511 3107 2556 mutentur
3133 2506 3186 2557 in
3210 2504 3408 2570 melius,

2029 2579 2271 2623 naturam
2293 2571 2571 2640 aliquando
2591 2571 2908 2640 complebunt
2937 2574 3231 2626 humanam.

1928 2676 2064 2732 Puto
2089 2687 2265 2732 autem
2288 2694 2442 2748 posse
2467 2694 2530 2733 ex
2560 2681 2623 2734 iis
2642 2682 2730 2748 qui
2760 2682 2954 2737 subditi
2975 2693 3100 2737 sunt
3122 2683 3359 2752 pcjoribu
3376 2702 3413 2752 =,

1858 2769 2240 2838 principatibus
2281 2778 2334 2823 et
2384 2767 2756 2839 potestatibus,
2801 2774 3089 2842 mundique
3119 2776 3413 2830 rectoribus

1857 2873 1953 2926 per
1975 2859 2210 2926 singulos
2238 2860 2485 2923 mundos,
2518 2868 2610 2912 aut
2635 2870 2840 2915 mentes
2877 2862 3102 2930 alicujus
3132 2863 3310 2916 mundi
3339 2864 3414 2917 (εἰς

1859 2949 1961 3001 tius
1983 2947 2302 3002 beneﬁcium
2327 2951 2664 3018 accipientes,
2689 2952 3033 3020 volentesque
3061 2952 3112 3006 in
3142 2961 3412 3021 posterum

1857 3038 1925 3090 ab
1967 3038 2094 3106 ipsis
2136 3039 2361 3107 mutari,
2410 3039 2678 3109 complere
2715 3041 2996 3109 aliquando
3025 3058 3192 3111 genus
3220 3044 3410 3098 burna--

1861 3142 2004 3180 num.

1962 3235 2040 3288 De
2061 3253 2118 3290 eo
2145 3239 2227 3308 qui
2255 3238 2470 3307 desuper
2497 3243 2661 3308 factus
2687 3247 2763 3294 est
2791 3241 2844 3293 in
2873 3257 3054 3309 corpus
3073 3244 3305 3314 delapsa;

1929 3351 2005 3404 Ita
2035 3366 2156 3406 cum
2185 3353 2413 3408 mundus
2441 3368 2508 3406 ex
2538 3368 2742 3408 summa
2766 3362 2976 3408 constet
3003 3357 3277 3423 varietate,
3300 3369 3414 3413 tan-

1862 3450 2072 3510 tamque
2091 3444 2296 3497 ratione
2317 3445 2575 3498 utentium
2595 3445 2869 3499 contineat
2896 3445 3265 3514 diil'ercutiam,
3290 3449 3415 3517 quid

1861 3531 2002 3584 aliud
2029 3531 2308 3586 dicendum
2331 3541 2412 3588 est
2438 3533 2600 3588 tuisse
2639 3549 2813 3589 causa:
2842 3544 2900 3588 ut
2926 3536 3210 3600 subsistat,
3259 3554 3415 3606 quam

1861 3621 2038 3675 varios
2066 3621 2345 3676 delabendi
2375 3624 2564 3677 modos
2590 3639 2776 3678 eorum
2806 3626 2895 3692 qui
2927 3641 3032 3678 non
3053 3628 3298 3682 similiter
3325 3627 3417 3682 de-

1864 3709 2032 3763 iluunt
2052 3711 2118 3764 ab
2149 3713 2395 3766 unitate?
2421 3711 2484 3766 Et
2511 3713 2809 3781 aquaticam
2839 3731 3214 3784 nonnunquam
3242 3718 3416 3772 anima

1865 3800 2011 3867 eligit
2039 3800 2224 3855 vitam.

2217 3907 2300 3962 Ex
2329 3909 2548 3963 secundo
2570 3907 2896 3965 Periarchon
2923 3911 3074 3966 libro.

1935 4016 2122 4070 Anima
2166 4015 2402 4071 deﬂuens
2425 4033 2456 4071 a
2484 4018 2646 4082 bono,
2677 4027 2731 4072 et
2761 4033 2981 4086 vergens
3009 4021 3074 4075 ad
3105 4023 3416 4090 nequitiam,

1863 4107 2165 4176 diutiusque
2209 4109 2374 4176 ipsam
2405 4107 2752 4175 amplectens,
2802 4109 2978 4165 nisise
3006 4111 3072 4164 ab
3116 4111 3419 4179 insipientia

1865 4195 2102 4258 reducat,
2135 4196 2324 4249 transit
2370 4196 2436 4250 ad
2474 4196 2713 4264 jumenta
2739 4234 2751 4256 ,
2800 4207 2957 4267 atque
3000 4199 3069 4252 ob
3099 4201 3416 4268 pravitatem

1864 4283 2135 4338 ell'eratur.
2154 4284 2223 4337 Et
2240 4287 2392 4355 paulo
2410 4295 2524 4355 post
2547 4285 2845 4356 :Bligitque
2867 4296 2923 4341 ut
2945 4289 3234 4355 brutescat,
3261 4292 3420 4344 vitam

1865 4378 2046 4440 etiam,
2079 4383 2135 4429 ut
2163 4376 2234 4430 ita
2262 4376 2453 4439 dicam.
2499 4379 2804 4446 aqualiiem.
2854 4377 2917 4432 Et
2945 4379 3080 4434 forte
3106 4397 3202 4450 pro
3229 4384 3420 4440 merito

1868 4467 2087 4536 majoris
2129 4468 2197 4522 ad
2240 4470 2583 4524 vitiositatem
2613 4472 2967 4540 proiapsionis
2992 4474 3159 4529 induit
3193 4491 3420 4544 corpora

1868 4560 2110 4627 aquatica
2142 4559 2262 4613 talis
2291 4559 2430 4619 bruti
2454 4560 2720 4614 animalis.

1871 4767 1951 4822 Ex
1971 4768 2144 4821 eodem
2173 4766 2303 4820 libro
2343 4783 2360 4820 :
2405 4764 2554 4831 Quod
2584 4769 2679 4842 erit
2709 4770 2935 4838 perfecta
2969 4785 3237 4838 corporum
3264 4774 3420 4842 depo-

2572 4849 2710 4890 ειιιο.

1943 4924 2099 4991 Quod
2141 4926 2187 4978 si
2228 4925 2465 4992 subjecta
2503 4923 2714 4980 Christo
2743 4926 2956 4979 tandem
2983 4927 3332 4993 subjicientur
3369 4936 3423 4983 ct

1877 5016 2005 5080 Deo,
2037 5030 2261 5083 corpora
2292 5015 2625 5083 deponentur
2671 5015 2738 5068 ab
2780 5015 3027 5069 omnibus
3055 5014 3107 5085 (1
3137 5015 3256 5069 Cor.
3287 5019 3419 5086 xv):

1875 5107 2208 5174 arbitrorque
2239 5104 2463 5158 futuram
2493 5113 2618 5158 tunc
2647 5105 2700 5162 in
2729 5121 2833 5159 non
2871 5122 2966 5160 ens
3000 5107 3374 5161 resolutionem
3407 5128 3420 5168 ;

1865 5191 2059 5233 natura
2089 5196 2379 5248 corporum
2405 5197 2593 5236 rursus
2629 5183 2951 5252 inemptum,
2979 5187 3022 5240 si
3050 5190 3254 5242 ratione
3281 5202 3428 5249 mem.

1865 5272 1938 5322 tia
1979 5272 2175 5324 iterum
2209 5271 2562 5324 descendant.

1981 5380 2062 5433 Ea:
2090 5382 2243 5436 tertio
2272 5381 2502 5451 ejusdem
2537 5393 2796 5437 (rartuius
2832 5385 2985 5446 libro,
3019 5385 3081 5438 de
3109 5389 3307 5440 eodem.

1931 5540 2066 5595 Cum
2087 5540 2228 5596 Deus
2245 5541 2456 5598 dicatur
2477 5541 2590 5597 iicri
2609 5543 2788 5598 omnia
2813 5543 2863 5597 in
2884 5545 3135 5601 omnibus
3153 5543 3419 5617 (Ibidem),

285 5686 309 5714 α
341 5675 496 5742 Quasi
531 5678 798 5745 alit/tundo
844 5668 994 5736 fuerit
1025 5681 1210 5735 oliosus
1243 5681 1371 5735 Vide
1403 5679 1594 5748 Pagan.
1621 5681 1757 5736 Gaud

1865 5681 1965 5734 ium
1977 5692 2086 5745 ,εἶξιν
2098 5713 2113 5730 .
2141 5671 2226 5727 25.
