3958 6288
193 287 329 352 989

1286 287 1518 346 LIBER
1552 289 1950 349 ADVERSUS
1984 286 2404 354 ORIGENEM.

3345 296 3450 358 99’)

203 393 555 456 πεπονθέναι,
600 391 731 446 οὕτω
751 395 898 465 κάκεῖ
941 392 998 446 τό
1039 392 1390 461 παραπλήσιον
1443 388 1663 450 διδόντες
1709 394 1789 461 γί-

1925 399 2002 456 st;
2034 392 2104 445 ita
2131 393 2200 446 ibi
2223 409 2436 462 quoque
2457 395 2628 450 simile
2650 396 2762 449 fieri
2791 397 3166 460 concedentes,
3183 398 3452 464 ctreliqua

204 486 402 536 νεσθαι
423 486 506 536 καί
527 485 589 536 τά
615 483 721 546 ίξῆς
749 483 841 541 ἕως
871 482 886 512 ¹
909 490 998 541 τῆς
1026 486 1312 541 συντελείας
1339 488 1428 536 τοῦ
1457 481 1643 540 παντὸς
1673 484 1795 534 αἱῶο

207 590 336 636 νος,
367 572 422 623 οὐ
441 571 834 642 φοϐηθησόμεθα.

733 687 811 730 Ἐκ
837 684 925 732 τοῦ
953 679 1109 731 αὐτοῦ
1131 677 1298 748 λόγου.

298 791 389 848 Τίς
405 794 519 842 νοῦν
542 787 679 857 ἔχων
699 787 924 863 ὁρίσεται
943 792 1145 862 πρώτην
1165 792 1248 844 καί
1267 787 1502 862 δευτέραν
1525 793 1608 842 καὶ
1626 793 1798 862 τρίτην

224 877 456 949 ἡμέραν,
486 877 704 947 ἑσπέραν
734 898 786 930 τε
823 882 905 932 καί
931 880 1126 952 πρωίαν
1152 881 1316 951 χωρίς
1345 878 1481 935 ἡλίου
1520 883 1797 950 γεγονέναι,

225 971 325 1019 καί
350 967 579 1031 σελήνης,
609 970 691 1021 καί
717 971 971 1041 άστερων;

303 1061 508 1113 Τούτων
535 1063 696 1114 τοίνυν
723 1061 881 1120 οὕτως·
905 1062 1126 1131 ἐχόντων
1143 1099 1156 1124 ,
1189 1065 1275 1115 καί
1313 1067 1444 1116 πᾶσι
1486 1059 1642 1118 δήλων
1663 1079 1801 1130 ’γενοα⁵

214 1149 390 1216 μένων
403 1156 500 1202 τῶν
513 1151 655 1223 παρά
669 1151 948 1222 Ὠριγένους
967 1148 1230 1222 εἰρημένων
1246 1150 1588 1222 βλασφημιῶν,
1604 1157 1797 1224 προσείη-

215 1257 306 1292 κει
333 1239 415 1293 τὸν
436 1238 513 1292 ἐπ’
540 1240 676 1308 αὐτῷ
701 1240 1103 1310 ἀναθεματισμόν
1127 1241 1286 1300 οὕτως
1316 1241 1557 1311 γίνεσθαι.

298 1412 364 1468 Εἴ
380 1436 456 1475 τις
485 1418 611 1488 λέγει
649 1415 678 1474 ἧ
707 1407 819 1486 ἔχει
841 1459 855 1482 ,
886 1418 1242 1488 προϋπάρχειν
1271 1422 1360 1477 τὰς
1397 1425 1494 1470 τῶν
1527 1418 1798 1488 ἀνθρώπων

219 1506 443 1576 ψυχάς,
469 1505 546 1562 οἷα
572 1513 744 1582 πρώην
762 1510 880 1570 νόας
905 1507 1066 1568 οὔσας
1089 1513 1167 1562 καί
1195 1509 1335 1578 ἀνίας
1368 1507 1628 1578 δυνάμεις,
1660 1510 1798 1586 κόρον

217 1593 281 1648 δέ
316 1597 570 1657 λαϐούσας
594 1607 682 1656 τῆς
708 1600 841 1656 θείας
868 1600 1095 1672 θεωρίας,
1122 1601 1205 1650 καί
1235 1601 1361 1670 πρὸς
1386 1598 1441 1650 τό
1470 1606 1651 1671 χεῖρον
1679 1619 1799 1672 τρα-

1897 490 2064 548 usque
2092 481 2160 535 ad
2184 485 2346 538 totius
2372 485 2546 539 saeculi
2569 487 3080 542 consummationem
3109 487 3242 541 nihil
3267 486 3456 542 formi-

1899 568 2164 624 dabimus.

2440 681 2526 738 Ea:
2548 683 2724 738 eodem
2751 683 2899 739 libro.

1965 793 2092 860 Quis
2115 811 2245 849 sana
2271 805 2446 851 mente
2474 806 2672 854 statuat
2699 800 2952 868 primum,
2983 805 3037 852 et
3063 799 3375 864 secundum,
3397 807 3451 851 et

1895 885 2112 939 tertium
2157 886 2318 955 diem,
2346 902 2676 957 vespereque
2714 898 2768 944 et
2796 905 2950 944 mane
2979 889 3141 944 fuisse
3169 891 3285 944 sine
3312 889 3449 950 sole,

1897 975 2038 1042 luna,
2071 985 2124 1029 et
2143 976 2343 1030 stellis?

1963 1063 2058 1118 liis
2102 1067 2260 1132 igitur
2303 1067 2373 1120 ita
2417 1082 2476 1121 se
2505 1068 2860 1135 habentibus,
2909 1066 3165 1134 factisque
3206 1066 3454 1120 omnibus

1896 1155 2070 1222 palam
2123 1152 2363 1221 Origenis
2413 1152 2795 1223 blasphemiis,
2852 1156 3349 1226 anathematismum
3397 1155 3452 1210 in

1897 1244 2067 1312 ipsum
2095 1243 2170 1298 sic
2201 1243 2314 1297 ﬂeri
2343 1245 2611 1298 convenit.

1966 1332 2005 1385 l.
2039 1331 2096 1386 Si
2133 1333 2251 1399 quis
2296 1334 2424 1387 dicit
2472 1344 2564 1386 aut
2593 1335 2754 1388 sentit
2794 1334 3134 1403 prmexistere
3181 1331 3453 1384 hominum

1898 1423 2121 1486 animas,
2175 1432 2359 1491 utpote
2388 1438 2504 1491 quae
2531 1433 2686 1478 antea
2717 1433 2921 1477 mentes
2952 1424 3146 1476 fuerint
3173 1430 3226 1474 et
3257 1430 3455 1474 sanctae

1899 1511 2140 1573 virtutes,
2173 1513 2580 1581 satietatemque
2601 1513 2808 1580 cepisse
2837 1512 3024 1565 divina:
3049 1508 3456 1578 contemplatio-

1901 1599 2011 1664 nis,
2051 1607 2106 1652 et
2133 1601 2184 1652 in
2215 1602 2447 1654 deterius
2477 1619 2761 1656 conversas
2784 1618 2928 1666 esse,
2962 1610 3119 1669 atque
3144 1600 3339 1653 idcirco
3369 1616 3456 1652 re-

217 1689 420 1746 πείσας
443 1725 455 1749 ,
485 1690 568 1740 καί
603 1685 686 1740 διὰ
724 1694 870 1741 τοῦτο
910 1686 1258 1756 ἀποψυγείσας
1286 1689 1375 1755 μίν
1417 1695 1507 1746 τῆς
1545 1691 1798 1742 τοῦοθεοῦ

1924 1691 2108 1745 rixisse
2128 1708 2158 1744 a
2181 1691 2274 1744 Dei
2301 1691 2580 1756 charitate,
2612 1700 2667 1744 et
2704 1693 2826 1746 inde
2856 1693 3036 1761 ψυχάς
3064 1689 3265 1752 Graece,
3299 1688 3346 1740 id
3377 1696 3457 1742 cst

220 1775 459 1842 ἀγάπης,
487 1774 706 1844 ἐντεῦθεν
732 1774 783 1827 δέ
812 1766 998 1845 ψυχάς
1028 1776 1418 1843 ὀνομασθείσας,
1445 1777 1530 1827 καί
1556 1779 1800 1849 τιμωρίας

221 1861 396 1936 χάριν
421 1866 491 1920 εἰς
516 1865 730 1930 σώματα
751 1864 1220 1932 καταπεμφθείσας,
1243 1863 1484 1932 ἀνάθεμα.

303 1945 364 2001 Εἴ
397 1965 473 2008 τις
497 1950 626 2019 λέγει
653 1949 681 2007 ἦ
712 1948 742 2002 ἕ
746 1970 833 2018 χει
871 1956 960 2008 τήν
999 1958 1085 2004 τοῦ
1117 1952 1290 2023 κυρίου
1323 1949 1500 2018 ψυχήν
1530 1951 1796 2022 προϋπάρ-

220 2060 353 2109 χειν
370 2079 383 2099 ,
410 2042 495 2092 καί
522 2042 765 2109 ἡνωμένην
801 2042 1093 2113 γεγενῆσθαι
1119 2048 1190 2107 τῷ
1215 2047 1323 2110 Θεῷ
1349 2041 1477 2110 λόγῳ
1511 2043 1610 2109 πρὸ
1634 2047 1724 2097 τῆς
1753 2040 1806 2092 έκ

220 2128 484 2200 παρίένου
513 2130 816 2202 σαρκώσεὼς
844 2148 898 2181 τε
959 2131 1042 2182 καί
1067 2133 1368 2200 γεννήσεως,
1399 2130 1620 2196 ἀνάθεμα
1648 2125 1800 2181 ἔστω.

303 2214 457 2274 εἴτις
487 2215 618 2288 λέγει
650 2216 678 2273 ἦ
733 2215 763 2270 ἕ
765 2237 872 2286 χει,
905 2225 1104 2290 πρῶτον
1131 2219 1416 2272 πεπλάσθαι
1448 2220 1503 2271 τό
1532 2225 1678 2288 σῶμα
1713 2224 1805 2272 τοῦ

221 2310 408 2378 κυρίου
433 2309 570 2377 ἡμῶν
587 2317 742 2366 Ἰησοῦ
769 2319 990 2385 Χριστοῦ
1021 2313 1069 2364 ἓν
1099 2320 1158 2385 τῇ
1186 2316 1350 2385 μήτρᾳ
1376 2322 1466 2370 τῆς
1496 2313 1638 2383 ἁγίας
1667 2335 1803 2386 παρ-

223 2403 398 2462 θένου,
425 2405 509 2454 καί
533 2405 660 2473 μετὰ
688 2411 850 2458 ταῦτα
875 2404 1110 2464 ἓνωθῆναι
1135 2408 1272 2473 αὐτῷ
1295 2408 1377 2460 τὸν
1399 2409 1518 2459 Θεὸν
1543 2407 1704 2477 λόγον,
1723 2411 1806 2461 κοί

227 2495 328 2546 τήν
355 2489 534 2559 ⁴ψυχήν
557 2493 622 2550 ὡς
654 2494 1053 2566 προϋπάρξασαν
1071 2535 1084 2559 ,
1117 2497 1337 2566 ἀνάθεμα
1363 2493 1521 2548 ἔστω.

308 2578 370 2631 Εἴ
409 2600 482 2638 τις
523 2580 652 2652 λέγει
674 2581 702 2639 ἦ
734 2580 874 2650 ἔχει,
917 2588 1045 2636 πᾶσι
1072 2591 1174 2641 τοῖς
1202 2585 1513 2657 ἐπουρανίοις
1558 2585 1806 2653 τάγμασιν

227 2670 585 2739 ἓξομοιωθῆναι
608 2671 688 2724 τὸν
705 2677 791 2724 τοῦ
817 2680 940 2725 Θεοῦ
962 2673 1122 2742 λόγον,
1145 2673 1406 2744 γενόμενον
1426 2679 1535 2731 τοῖς
1554 2673 1808 2747 Χερουξὶμ

230 2759 524 2834 Χερουέίμ,
580 2763 663 2813 καί
722 2768 824 2818 τοῖς
884 2764 1094 2834 Σεραφὶμ
1145 2765 1401 2835 Σεραφίμ,
1471 2764 1555 2814 καὶ
1615 2761 1807 2822 πάσαις

229 2845 411 2912 ἀτελῶς
439 2853 550 2908 ταῖς
579 2845 680 2902 ἅνω
707 2846 976 2919 δυνάμεσιν
1004 2850 1368 2920 ἐξομοιωθέντα,
1399 2850 1621 2919 ἀνάθεμα
1646 2848 1676 2903 ἕ
1679 2870 1806 2904 στω.

313 3029 378 3084 Εἴ
410 3052 487 3090 τις
522 3031 651 3102 λέγει
700 3030 730 3089 ἦ
761 3032 904 3102 ἔχει,
934 3034 986 3086 ἐν
1023 3040 1083 3106 τῇ
1123 3033 1400 3085 ἀναστάσει
1432 3029 1717 3105 σφαιροειδῆ
1744 3033 1807 3084 τά

236 3126 343 3174 τῶν
373 3121 640 3193 ἀνθρώπων
671 3122 946 3194 ἐγείρεσθαι
971 3124 1183 3190 σώματα
1200 3161 1214 3184 ,
1241 3124 1326 3174 καί
1346 3121 1448 3190 οὐχ
1477 3120 1707 3190 ὁμολογεῖ
1724 3121 1810 3194 ὀρ-

235 3209 380 3267 θίους
407 3211 538 3280 ἡμᾶς
564 3209 859 3282 ἐγείρεσθαι,
895 3211 1114 3279 ἀνάθεμα
1141 3207 1292 3264 ἔστω.

315 3299 376 3355 Εἴ
393 3317 469 3356 τις
487 3298 616 3369 λέγει
644 3299 844 3372 οὐρανὸν
876 3301 959 3352 καί
988 3299 1121 3356 ἥλιον
1141 3301 1224 3351 καί
1247 3299 1464 3362 σελήνην,
1487 3301 1570 3352 καί
1591 3300 1811 3372 ἀστέρας

239 3390 332 3440 καί
359 3386 522 3442 ὕδατα
550 3391 613 3441 τά
645 3389 878 3462 ὑπεράνω
914 3396 1011 3441 τῶν
1050 3390 1268 3462 οὐρανῶν
1301 3388 1569 3456 impexos;
1593 3392 1675 3441 καὶ
1703 3387 1809 3458 [λο-

239 3475 420 3545 γικὰς,
468 3483 524 3526 ut
569 3475 704 3528 bene
753 3476 1053 3527 observavit
1101 3474 1395 3542 Paganinus
1445 3475 1810 3547 Gaudentius]

239 3564 418 3622 ὗλικάς
446 3560 566 3616 εἷναί
587 3585 726 3624 τινας
755 3563 1011 3634 δυνάμεις,
1043 3562 1270 3634 ἀνάθεμα
1293 3562 1445 3620 ἴστω.

357 3651 382 3670 ν
579 3655 589 3669 ι
723 3652 740 3671 ι
791 3651 815 3671 ι.
979 3651 999 3668 -
1090 3653 1102 3669 ε
1279 3656 1289 3671 .
1583 3655 1592 3669 ι
1781 3662 1804 3675 .

319 3663 374 3704 Ει
420 3673 498 3711 τις
539 3653 668 3723 λεγει
715 3676 744 3710 η
785 3673 939 3722 εχει,
971 3670 1048 3707 οτι
1082 3675 1107 3707 ο
1137 3651 1388 3713 δεσποτης
1410 3661 1626 3722 Χριστος
1663 3655 1711 3708 ἐν
1738 3677 1810 3728 τῳ

241 3741 470 3812 μέλλοντι
495 3744 631 3794 αἰῶνι
657 3743 1074 3814 σταυρωθήσεται
1096 3742 1226 3814 ὑπὲρ
1261 3738 1528 3812 δαιμόνων,
1561 3744 1689 3798 καθά
1728 3747 1813 3798 καί

239 3832 377 3904 Grip
405 3833 694 3906 ἀνθρώπων,
719 3833 933 3902 ἀνάθεμα
954 3829 1106 3885 ἴστω.

319 3921 383 3974 Εἴ
423 3943 500 3982 τις
535 3923 665 3994 λέγει
691 3921 720 3980 ἦ
750 3919 893 3990 ἔχει,
939 3919 969 3978 ἦ
1009 3919 1392 3991 πεπερασμένην
1432 3913 1558 3972 εἶναι
1593 3923 1682 3976 τὴν
1720 3925 1808 3974 τοῦ

242 4019 376 4067 Θεοῦ
407 4012 636 4082 δύναμιν,
665 4017 749 4066 καὶ
772 4013 898 4083 Heg.
920 4009 972 4079 ἦ]
999 4017 1228 4068 τοσαῦτα
1252 4010 1400 4065 αὐτὸν
1425 4009 1809 4083 δημιουργῆσαι,

241 4101 362 4157 ὅσον
391 4102 802 4178 περιδράξασθαι,
837 4105 1056 4173 ἀνάθεμα
1085 4099 1117 4156 ἒ
1119 4122 1243 4155 στω.

314 4191 378 4245 Ε*
501 4193 552 4246 λέ
672 4193 691 4212 ι
730 4191 777 4228 ,ἢ
977 4192 986 4206 ι
1258 4185 1280 4206 ἰ’
1551 4197 1575 4208 ι-
1767 4189 1779 4210 ε

354 4215 370 4245 ι
397 4214 474 4252 τις
555 4213 632 4263 γει
666 4216 696 4251 η
724 4214 744 4246 ε
757 4213 871 4262 λιι,
895 4211 1204 4268 προσκαιρον
1234 4211 1357 4246 ειναι
1381 4193 1472 4248 τήν
1509 4211 1608 4244 των
1635 4188 1810 4264 δαιμο-

241 4303 339 4336 νων
386 4286 470 4336 καί
495 4284 693 4338 ἀσεϐῶν
720 4285 989 4354 ἀνθρώπων
1016 4281 1239 4345 κόλασιν,
1269 4282 1354 4334 καί
1379 4280 1519 4339 τέλος
1542 4281 1673 4335 κατά
1700 4301 1810 4335 τινα

244 4370 428 4443 χρόνον
454 4372 611 4430 αὐτὴν
638 4373 779 4435 ἕξειν.
815 4372 967 4443 ἤγουν
1004 4371 1418 4425 ἀποκατάστασιν
1443 4371 1669 4440 γενέσθαι
1696 4366 1808 4424 δαι-

242 4463 425 4531 μόνων.
454 4460 484 4520 ἢ
513 4463 712 4516 ἀσεϐῶν
742 4463 1035 4537 ἀνθρώπων,
1058 4461 1278 4532 ἀνάθεμα
1298 4457 1454 4514 ἴστω.

312 4637 565 4710 Ἀνάθεμα
591 4644 672 4694 καί
693 4639 933 4713 Ὠριγένει
960 4646 1032 4711 τῷ
1072 4637 1485 4710 καὶ’Δδαμαντίῳ
1536 4648 1609 4713 τῷ
1646 4648 1804 4698 ταῦτα

244 4731 480 4799 ἕκθεμένῳ
518 4733 648 4800 μετά
692 4738 792 4785 τῶν
831 4737 1078 4803 μυσαρῶν
1119 4731 1270 4784 αὐτοῦ
1317 4732 1399 4782 καί
1436 4729 1807 4804 ὶπικαταράτων

244 4817 428 4887 ἐναγῶν
438 4837 493 4872 τε
505 4817 781 4890 δογμάτων,
799 4821 884 4873 καὶ
905 4821 1054 4874 παντί
1075 4820 1332 4892 προσώπῳ
1353 4823 1606 4890 φρονοῦντι
1622 4825 1804 4880 ταῦτα.

244 4903 274 4962 ἧ
305 4903 601 4965 ἐκδικοῦντι.
630 4905 658 4964 ἦ
685 4906 837 4976 [κατά
868 4927 980 4961 τινα
1009 4902 1219 4979 τρόπον]
1245 4907 1374 4959 κατά
1397 4926 1447 4960 τι
1473 4906 1726 4968 παντελῶς
1755 4907 1803 4962 ἐν

243 4991 518 5064 οίῳδὴποτε
540 4997 712 5069 χρόνῳ
737 4999 927 5050 τούτων
951 4995 1311 5050 ἀντιποιεῖσθαι
1336 4994 1600 5065 τολμῶντι.

246 5133 285 5182 Γ
287 5131 466 5205 Figunt
491 5141 581 5188 τοῦ
608 5134 852 5204 βασιλέως
879 5132 1224 5205 ’1ουστινιανοᾷ
1252 5132 1383 5205 πρὸς
1409 5136 1493 5189 τήν
1512 5131 1658 5205 ἀνίαν
1683 5134 1803 5186 adv-

352 5197 463 5256 ὁδον
489 5197 937 5278 περί’·Ωριγένους,
967 5206 1048 5256 καί
1071 5210 1167 5257 τῶν
1196 5197 1478 5276 ὁμοφρόνων
1506 5197 1682 5256 αὖτοῦ.

312 5339 503 5398 Σπουδή
531 5342 725 5412 γέγονεν
765 5342 880 5410 ἡμῖν
925 5343 1006 5395 καὶ
1046 5337 1202 5401 ἔστιν,
1246 5340 1511 5411 ἀτάραχον
1537 5343 1624 5396 τήν
1662 5337 1804 5409 ἀνίαν

245 5429 334 5478 τοῦ
359 5432 484 5481 Θεοῦ
521 5429 602 5479 καί
635 5427 965 5484 ἀποστολικίμ
995 5426 1244 5483 ἐκκλησίαν
1268 5424 1705 5496 διαφυλάττεσθαι,
1732 5427 1798 5484 ὡς

320 5647 332 5715 ἓ
359 5645 494 5700 Sunt
519 5647 606 5714 qui
639 5646 728 5699 hic
754 5645 857 5715 legi
881 5643 1074 5706 velint,
1107 5644 1190 5697 ἐπὶ
1218 5651 1304 5703 τῆς
1334 5641 1619 5702 συντελείας
1651 5657 1664 5696 :
1697 5638 1789 5694 sed

255 5711 379 5770 nihil
407 5711 733 5770 mutandum.
767 5711 1088 5770 “subnixus.

1902 1780 2106 1832 animas
2129 1795 2244 1832 esse
2267 1789 2613 1848 nuncupatas,
2635 1781 2995 1849 demissasque
3017 1795 3133 1834 esse
3158 1780 3208 1831 in
3233 1791 3459 1847 corpora

1899 1869 2146 1936 Supplicii
2177 1884 2336 1922 causa
2372 1887 2383 1922 :
2417 1871 2700 1923 anathema
2729 1871 2815 1924 sit.
2989 1853 3006 1874 ’

1974 1959 2035 2011 ll.
2066 1959 2120 2013 Si
2146 1960 2264 2026 quis
2292 1959 2419 2012 dicit
2457 1968 2548 2012 aut
2575 1961 2738 2013 sentit
2782 1960 2988 2012 Domini
3037 1959 3266 2013 animam
3313 1956 3461 2026 prius

1900 2051 2188 2115 exstitisse,
2220 2059 2379 2118 atque
2401 2052 2601 2104 unitam
2632 2053 2790 2105 fuisse
2817 2051 2927 2104 Deo
2952 2051 3127 2104 Verbo
3149 2059 3270 2103 ante
3291 2050 3470 2103 incar-

1903 2141 2173 2193 nationem
2196 2147 2250 2192 et
2277 2140 2672 2204 generationem
2697 2154 2761 2192 ex
2785 2139 2998 2205 Virgine
3025 2155 3037 2189 ε
3066 2138 3346 2189 anathema
3370 2128 3458 2188 sit’.

1975 2226 2057 2279 lll.
2091 2226 2147 2282 Si
2176 2228 2294 2296 quis
2333 2226 2461 2280 dicit
2499 2236 2588 2279 aut
2616 2228 2778 2281 sentit
2805 2227 3033 2294 primum
3073 2225 3460 2278 conformatmn

1905 2333 2021 2371 esse
2042 2333 2235 2385 corpus
2254 2317 2462 2370 Domini
2487 2319 2652 2372 nostri
2673 2316 2796 2370 Jesu
2813 2316 3005 2368 Christi
3035 2315 3087 2367 in
3118 2324 3268 2367 utero
3297 2313 3464 2366 beatae

1907 2405 2133 2473 Virginis
2157 2447 2170 2471 ,
2223 2421 2286 2460 ac
2314 2416 2497 2473 postea
2539 2409 2741 2460 unitum
2779 2408 2826 2459 ci
2869 2421 2985 2459 esse
3017 2405 3179 2457 Deum
3209 2403 3463 2466 Verbum,

1905 2502 1959 2547 et
1987 2494 2216 2547 animam
2290 2507 2474 2564 utpote
2502 2511 2619 2563 qua:
2645 2506 2767 2551 ante
2799 2495 2982 2548 fuisset
3014 2511 3026 2545 :
3060 2493 3342 2545 anathema
3373 2492 3462 2545 sit.

1974 2581 2062 2635 ιν.
2091 2581 2146 2636 Si
2175 2598 2294 2652 quis
2319 2584 2449 2637 dicit
2473 2594 2563 2637 aut
2584 2587 2746 2639 sentit
2775 2585 3020 2639 omnibus
3049 2584 3350 2638 caelestibus
3379 2596 3466 2633 or-
3508 2643 3510 2647 τ

1905 2669 2121 2726 dinibus
2146 2672 2491 2725 assimilatum
2524 2689 2640 2727 esse
2670 2663 2833 2727 Deum
2882 2671 3138 2733 Verbum,
3171 2669 3467 2724 cherubin»

1906 2776 2010 2831 que
2037 2759 2232 2816 factum
2270 2777 2387 2818 esse
2416 2764 2543 2831 ipsis
2580 2764 2886 2826 cherubim,
2935 2771 2992 2815 et
3032 2761 3298 2829 seraphim
3343 2759 3468 2827 ipsis

1907 2852 2196 2922 seraphim,
2222 2868 2285 2906 ac
2307 2853 2551 2908 omnibus
2573 2852 2728 2921 plane
2752 2851 2997 2920 supernis
3017 2851 3297 2903 virtutibus
3325 2847 3467 2903 simi.

1908 2939 2012 2993 lem
2044 2957 2160 2995 esse
2189 2940 2384 2994 factum
2412 2959 2424 2992 :
2449 2942 2726 2994 anathema
2748 2943 2836 2996 sit.

1981 3030 2048 3084 V.
2072 3030 2126 3084 Si
2154 3031 2272 3098 quis
2297 3030 2424 3085 dicit
2451 3037 2541 3084 aut
2567 3031 2749 3094 sentit,
2770 3030 2822 3084 in
2842 3029 3230 3085 resurrectione
3245 3040 3467 3096 corpora

1910 3123 2185 3177 hominum
2229 3118 2524 3176 orbiculata
2567 3121 2848 3189 suscitari,
2894 3115 3008 3175 nee
3036 3117 3321 3176 conﬁtetur
3367 3132 3465 3173 nos

1910 3213 2155 3268 suscitari
2184 3219 2359 3266 rectos
2387 3229 2399 3264 :
2424 3211 2707 3264 anathema
2736 3212 2822 3264 sit.

1982 3301 2071 3356 Vl.
2103 3301 2159 3356 Si
2200 3303 2319 3370 quis
2359 3300 2488 3354 dicit
2522 3299 2736 3364 cmlum,
2780 3308 2835 3354 et
2872 3299 3057 3364 solem,
3089 3305 3143 3352 et
3175 3297 3372 3364 lunam,
3415 3303 3470 3354 et

1909 3391 2113 3454 stellas,
2141 3397 2197 3444 et
2231 3404 2396 3458 aquas
2425 3403 2542 3456 quae
2577 3404 2739 3457 super
2767 3375 2935 3443 caelos
2959 3396 3100 3454 sunt,
3133 3388 3391 3442 animatas
3417 3396 3469 3444 et

1909 3481 2212 3535 materiales
2242 3480 2471 3553 [ratione
2495 3476 2760 3549 praeditas]
2788 3493 2906 3534 esse
2931 3477 3186 3549 quasdam
3205 3477 3426 3532 virtutes
3453 3495 3467 3529 :

1911 3569 2193 3623 anathema
2215 3569 2300 3622 sit.

1980 3657 2088 3712 Vll.
2119 3657 2176 3712 Si
2203 3660 2321 3728 quis
2349 3659 2477 3714 dicit
2501 3667 2593 3714 aut
2619 3657 2782 3712 sentit
2809 3657 3090 3711 Dominum
3118 3655 3385 3711 Christum
3411 3654 3466 3712 in

1907 3746 2084 3802 futuro
2105 3748 2300 3802 sarculo
2323 3747 2629 3802 cruciﬁxum
2655 3747 2716 3800 iri
2741 3761 2838 3814 pro
2859 3745 3203 3809 daemonibus,
3230 3746 3386 3801 sicuti
3405 3757 3462 3800 et

1911 3853 2007 3908 pro
2028 3836 2331 3890 hominibus
2363 3855 2375 3890 :
2408 3837 2690 3891 anathema
2719 3835 2806 3889 sit.

1980 3919 2110 3976 Vill.
2139 3923 2194 3977 Si
2227 3924 2345 3991 quis
2367 3923 2495 3978 dicit
2522 3932 2613 3977 aut
2639 3922 2821 3987 sentit,
2869 3919 2952 3974 vel
2989 3918 3188 3972 ﬁnitam
3227 3933 3346 3974 esse
3370 3919 3462 3973 Dei

1907 4020 2258 4080 potestatem,
2286 4011 2369 4065 vel
2397 4025 2517 4065 eum
2547 4017 2696 4064 tanta
2723 4007 2946 4073 fecisse,
2995 4015 3192 4075 quanta
3220 4020 3465 4075 compre-

1908 4100 2143 4154 hendere
2171 4099 2347 4168 potuit
2372 4117 2385 4150 :
2412 4099 2696 4152 anathema
2717 4097 2805 4151 sit.

1978 4186 2067 4240 lx.
2099 4186 2154 4240 Si
2176 4187 2296 4255 quis
2324 4185 2458 4240 dicit
2480 4193 2571 4240 aut
2591 4185 2771 4247 sentit,
2802 4182 2868 4236 ad
2898 4189 3105 4251 tempus
3127 4195 3244 4234 esse
3271 4179 3467 4234 daemo-

1910 4291 2034 4329 num
2055 4283 2111 4330 et
2133 4275 2415 4345 impiorum
2429 4272 2700 4328 hominum
2721 4270 3056 4340 supplicium.
3079 4268 3298 4337 ejusque
3312 4269 3467 4323 linem

1910 4366 2191 4437 aliquando
2205 4367 2256 4420 fu
2263 4365 2574 4431 turum,sive
2586 4363 2973 4418 restitutionem
2988 4369 3042 4415 et
3061 4360 3172 4415 redi
3180 4378 3208 4414 n
3216 4371 3358 4430 tegra
3365 4361 3469 4414 tio-

1909 4470 2032 4509 nem
2061 4453 2177 4510 t‘ore
2203 4454 2502 4510 daemonum
2539 4461 2632 4506 aut
2668 4451 2952 4522 impiorum
2992 4449 3262 4505 hominum
3295 4467 3307 4502 :
3339 4464 3467 4504 ana-

1913 4547 2091 4623 thema
2119 4548 2207 4603 sit.

1983 4634 2275 4690 Anathema
2303 4641 2359 4688 et
2385 4631 2619 4703 Origeni,
2647 4632 2736 4702 qui
2764 4639 2820 4686 et
2841 4628 3206 4692 Adamantius,
3238 4628 3327 4699 qui
3357 4627 3468 4683 [nec

1907 4726 2155 4795 exposuit
2182 4740 2286 4779 una
2314 4739 2434 4779 cum
2464 4724 2665 4778 nefaria
2693 4730 2853 4791 atque
2881 4719 3192 4776 exsecrabili
3214 4719 3464 4772 scelesta-

1907 4829 2012 4882 que
2037 4813 2153 4882 ejus
2180 4813 2453 4877 doctrina,
2485 4819 2536 4866 et
2565 4811 2732 4866 cuivis
2770 4811 2862 4878 qui
2889 4823 2952 4864 ea
2981 4809 3208 4873 sentiat,
3253 4814 3344 4860 aut
3371 4806 3467 4860 deo

1909 4904 2091 4958 fendat
2111 4943 2127 4959 .
2173 4911 2264 4956 aut
2291 4902 2402 4957 nllo
2435 4899 2598 4954 modo
2627 4914 2843 4970 prorsus
2881 4911 3199 4967 quocunque
3227 4903 3468 4964 tempore

1910 4995 2046 5049 tueri
2075 5000 2376 5062 prtcsumat.

1909 5140 1933 5167 ⁸
1966 5130 2173 5184 Litteris
2205 5128 2486 5182 Iustiniani
2519 5127 2843 5195 imperatoris
2867 5125 2935 5176 ad
2961 5132 3191 5195 sanctam
3218 5121 3464 5190 synodum

2145 5197 2202 5251 (Σ.
2217 5200 2276 5250 Ρ.
2311 5197 2374 5250 de
2401 5193 2622 5265 Origene
2645 5203 2693 5250 et
2723 5193 3053 5248 sectatoribus
3082 5193 3210 5261 ejus.

1981 5333 2225 5388 Studium
2258 5342 2495 5388 nostrum
2528 5333 2623 5385 fuit
2651 5341 2706 5386 et
2733 5339 2834 5391 cst,
2866 5340 3102 5382 sanctam
3131 5327 3224 5380 Dei
3251 5335 3306 5380 et
3331 5341 3458 5395 apes

1901 5425 2142 5480 stolicam
2163 5423 2450 5479 Ecclesiam
2473 5438 2502 5476 a
2532 5421 2699 5476 turbis
2724 5433 2969 5476 securam
2990 5399 3277 5485 custodire,
3305 5421 3460 5486 prout

1971 5649 1993 5674 η
2024 5637 2296 5692 Pertinent
2323 5640 2401 5691 inc
2428 5640 2615 5708 littora:
2646 5639 2708 5694 ad
2739 5637 3005 5708 synodum
3042 5651 3070 5689 a
3101 5633 3292 5690 Mcnna
3314 5634 3452 5690 cele-

1898 5709 2103 5765 bratam
2127 5709 2222 5764 cir.
2249 5723 2334 5762 an.
2367 5710 2462 5763 Ch.
2490 5707 2611 5762 535.
