3958 6288
455 262 559 331 991

1747 252 2197 319 ἸΙΙΞΤΙΝΙΛΝΙ
2237 253 2395 318 IMP.

3580 258 3687 322 992

462 363 675 426 δίκαιον,
707 366 784 417 καί
808 364 868 418 τά
896 365 1129 421 ὁπωσοῦν
1151 364 1468 435 ἀναφυόμενα
1492 370 1554 435 τῇ
1580 361 1821 433 ὂρ”οδόξῳ
1847 365 2019 417 πίστει

2130 378 2218 431 par
2256 370 2338 416 est
2379 368 2434 416 et
2470 375 2533 415 ea
2568 377 2688 431 quae
2725 377 3048 435 quocunque
3090 354 3249 420 modii
3279 374 3469 424 contra
3499 366 3691 422 ortho-

416 453 437 472 ⁹
457 454 654 507 ’ἐναντία
678 455 1074 524 κατακρίνεσθαι.

530 542 839 597 Ἐπείτοίνυθ
859 541 1158 613 διέγνωσται
1179 545 1312 611 ἡμῖν,
1342 544 1409 602 ῶς
1437 564 1564 604 τιν-ς
1586 546 1635 597 ἓν
1659 545 2023 618 Ἱεροσολύμοις

464 633 562 684 εἰσὶ
603 635 824 701 μοναχοῖ
870 629 1139 694 δήπουθεν,
1186 632 1479 705 Πυθαγόρα,
1520 636 1601 687 καί
1640 634 1891 694 Πλάτωνι,
1939 633 2023 685 καί

462 727 700 796 Ὠριγένει
726 730 799 795 τῷ
821 720 1157 791 Ἀδαμαντίιςη
1201 726 1283 777 καὶ
1405 725 1594 777 τούτων
1626 722 1898 795 δυσσεϐείέι
1940 725 2022 777 καί

465 814 620 884 πλάνῃ
645 813 1130 878 κατακολουθοῦντες,
1162 815 1246 866 καί
1288 811 1631 873 διδάσκοντες·
1661 812 1765 867 δεῖν
1802 814 2023 884 ᾠήθημεν

466 901 699 976 φροντίδα
745 906 828 956 καί
855 906 1058 965 ζήτησιν
1094 906 1398 962 πιιήσασθαι
1434 908 1552 978 περὶ
1588 903 1783 959 τούτων
1802 945 1816 969 ,
1846 905 1929 959 ἵνα
1954 910 2023 974 μή

466 994 623 1048 τέλεον
649 990 732 1046 διά
776 1000 864 1051 τῆς
894 995 1165 1053 Ἑλληνικῆς
1193 997 1277 1057 καί
1303 1002 1614 1065 Μανιχαῖὶκῆς
1643 996 1836 1054 ἀπάτης
1861 996 2024 1049 αὐτῶν

466 1085 677 1143 πολλοὺς
722 1085 1031 1138 ἀπολέσωσι.
1074 1087 1290 1156 Λέγουσι
1328 1089 1456 1159 γάρ,
1496 1084 1579 1140 ἵνα
1608 1087 1661 1139 ἐκ
1699 1094 1796 1141 τῶν
1835 1087 2025 1141 πολλῶν

466 1175 605 1245 ὀλίγα
626 1176 1065 1244 μνημονεύσωμεν,
1091 1173 1168 1229 ὅτι
1190 1177 1294 1234 νόες
1313 1173 1443 1234 ἦσαν
1465 1174 1592 1245 δίχα
1614 1177 1795 1236 παντὸς
1813 1176 2023 1249 ἀριθμοῦ

467 1283 521 1316 τε
552 1267 633 1316 καί
658 1263 927 1332 ὀνόματος,
960 1266 1027 1322 ὡς
1055 1262 1202 1317 ένάδα
1228 1266 1426 1317 πάντων
1454 1260 1575 1317 εἶναι
1604 1270 1702 1318 τῶν
1739 1265 1941 1335 λογικῶν
1963 1272 2025 1337 τῇ

469 1356 740 1412 ταυτότητι
776 1363 863 1414 τῆς
894 1356 1071 1414 οὐσίας
1097 1358 1180 1408 καί
1207 1353 1475 1428 ἐνεργείας,
1504 1358 1589 1409 καί
1615 1364 1676 1428 τῇ
1717 1353 1920 1426 δυνάμει

471 1447 598 1510 πρὸς
624 1444 705 1498 τὸν
727 1445 843 1497 Θεὸν
868 1444 1011 1512 λόγον
1047 1445 1223 1498 ἕνώσει
1256 1463 1309 1498 τε
1346 1447 1427 1497 καί
1448 1447 1645 1515 γνώσει.
1678 1447 1766 1496 Καὶ
1792 1446 1859 1502 ὡς
1885 1444 2027 1516 κόρον

473 1537 636 1588 αὐτῶν
662 1536 1004 1603 λαμϐανόντων
1038 1543 1128 1592 τῆς
1162 1535 1292 1593 θείας
1325 1533 1526 1607 ἀγάπης
1566 1537 1648 1587 καί
1672 1535 1877 1606 θεωρίας
1902 1534 2028 1587 κατά

472 1627 763 1695 ἀναλογίαν,
794 1627 877 1677 ἐπί
907 1626 964 1677 τὸ
995 1629 1172 1697 χεῖρον
1199 1633 1288 1684 τῆς
1315 1624 1532 1679 ἑκάστου
1570 1632 1757 1700 τροπῆς
1781 1623 2028 1693 λεπτομε-

2119 452 2313 507 doxam
2333 451 2490 505 ﬁdem
2519 462 2863 518 enascuntur,
2891 454 3270 509 condemnare.

2189 541 2320 595 Cum
2341 554 2468 608 ergo
2483 549 2817 610 compertum
2839 542 3153 610 habeamus,
3166 559 3283 598 esse
3304 544 3693 615 Hierosolymis

2119 628 2378 696 quosdam
2415 628 2665 681 nimirum
2697 632 2990 687 monachos
3015 632 3106 700 qui
3137 631 3473 702 Pythagorae,
3505 633 3691 688 Plato-

2119 716 2203 770 nis
2228 715 2575 785 Origenisque
2606 716 2909 772 Adamantii
2948 720 3141 790 impios
3170 735 3385 776 errores
3416 730 3692 777 sectemur

2122 820 2186 859 ac
2201 804 2457 869 doceant;
2480 801 2897 861 existimavimus
2919 822 3100 862 curam
3126 816 3182 863 et
3201 809 3608 878 inquisitionem
3627 811 3692 865 de

2121 892 2187 946 iis
2214 891 2590 962 adhibendam,
2617 907 2684 948 ne
2708 894 2746 947 ii
2774 895 2990 949 tandem
3017 882 3297 966 paganicis
3311 906 3367 951 et
3399 898 3695 953 Manichai-

2123 982 2199 1036 cis
2216 982 2327 1037 suis
2355 982 2663 1052 imposturis
2688 984 2886 1038 multos
2911 987 3155 1054 perdant.
3188 985 3383 1041 Dicunt
3413 987 3560 1040 enim
3597 987 3618 1058 (
3639 997 3697 1041 ut

2122 1066 2190 1122 de
2214 1068 2394 1124 multis
2413 1084 2580 1138 pauca
2602 1073 3103 1143 commemoremus)
3131 1082 3336 1128 mentes
3352 1075 3519 1129 fuisse
3541 1089 3694 1145 prox-

2123 1174 2215 1214 sus
2237 1167 2292 1213 et
2317 1159 2524 1215 numeri
2552 1167 2609 1213 et
2627 1160 2859 1215 nominis
2885 1170 3172 1230 expertes;
3221 1164 3512 1231 omniaque
3532 1164 3696 1217 ratio-

2126 1247 2267 1300 nalia
2290 1261 2451 1300 unum
2476 1262 2597 1302 esse
2621 1247 2902 1303 identitate
2927 1250 3236 1305 substantiae
3263 1260 3321 1305 et
3338 1252 3690 1320 operationis,

2125 1345 2182 1390 et
2201 1337 2397 1391 virtute
2425 1336 2564 1405 apud
2589 1338 2757 1392 Deum
2784 1337 3018 1395 Verbum
3055 1355 3153 1409 per
3180 1342 3479 1395 unitionem
3507 1349 3564 1395 et
3599 1357 3693 1397 oo-

2125 1424 2436 1493 gnitionem.
2486 1424 2592 1482 Has
2616 1440 2746 1481 vero
2773 1433 2983 1483 mentes
3001 1470 3016 1496 ,
3046 1430 3136 1484 ubi
3164 1432 3504 1499 susceperint
3544 1432 3691 1499 juxta

2127 1514 2542 1583 uniuscujusque
2581 1524 2799 1585 captum
2827 1517 3129 1573 satietatem
3156 1519 3353 1573 divinat
3394 1519 3695 1576 dilectionis

2129 1609 2184 1657 et
2210 1603 2698 1673 contemplationis,
2729 1620 2827 1674 per
2850 1608 3200 1662 mutationem
3245 1610 3480 1678 ipsarum
3520 1610 3574 1663 in
3601 1608 3693 1665 de-

472 1719 708 1790 ρέστερα,
734 1714 763 1773 ἦ
785 1719 866 1768 καί
888 1717 1166 1800 παχύτεροι
1194 1716 1409 1782 σώματα
1434 1715 1788 1785 άμφιάσασθαι,
1817 1716 1899 1767 καὶ
1927 1713 2029 1767 ὀνό-

2130 1691 2314 1756 terius,
2339 1691 2425 1746 vel
2455 1691 2743 1756 crassiora,
2767 1693 2853 1748 vel
2873 1695 3373 1765 tenuiora.corpora
3404 1697 3629 1752 induere
3645 1712 3695 1753 et

472 1826 613 1877 ματα
651 1803 1017 1877 κληρώσασθαι,
1067 1802 1325 1872 κάντεῦθεν
1362 1803 1456 1860 τάς
1494 1802 1753 1875 οὐρανίους
1802 1803 1888 1854 καί
1930 1800 2029 1853 λει-

473 1893 739 1966 τουργικάς
771 1893 1049 1950 ὑποστῆναι
1074 1889 1326 1961 δυνάμεις.
1355 1891 1493 1944 ’Δλλά
1517 1894 1611 1960 μὴν
1640 1892 1723 1944 καί
1747 1890 1910 1952 ἥλιον,
1950 1889 2032 1942 καί

475 1984 698 2042 σελήνην.
727 1986 812 2035 καί
834 1985 952 2041 τοὺς
980 1984 1203 2057 άστὲρςος
1220 2023 1233 2047 ,
1261 1985 1347 2034 καί
1376 1983 1506 2037 αὐτὰ
1527 1989 1617 2040 τῆς
1643 1982 1799 2039 αὐτῆς
1821 1987 1918 2033 τῶν
1943 1980 2030 2033 λο-

473 2081 626 2145 γικῶν
655 2070 824 2130 ἱνάδος
853 2067 1002 2134 ὅντα,
1044 2072 1096 2122 ἐκ
1132 2080 1223 2128 τῆς
1261 2072 1344 2124 ἐπὶ
1370 2071 1435 2123 τά
1465 2071 1624 2142 χείρω
1650 2077 1843 2142 τροπῆς
1880 2074 2032 2122 τοῦτο

473 2164 743 2234 γεγονέναι.
776 2158 898 2230 ὅπερ
928 2156 1041 2212 είσί-
1074 2164 1147 2213 Τά
1174 2157 1226 2212 δέ
1255 2160 1340 2213 ίπί
1376 2158 1539 2212 πλεῖον
1561 2166 1651 2217 τῆς
1679 2157 1813 2217 θείας
1834 2159 2033 2228 ἀγάπης

474 2253 798 2324 ἀποψυγέντα
835 2252 1038 2321 λογικά,
1076 2250 1258 2321 ψυχάς
1295 2251 1654 2320 ὀνομασθῆναι,
1701 2252 1786 2302 καί
1831 2251 2033 2317 σώμασι

474 2345 793 2416 παχυτέροις
831 2349 937 2401 τοῖς
975 2342 1082 2395 καθ’
1130 2343 1263 2409 ἡμᾶς
1291 2340 1605 2409 ἐμϐληθῆναι.
1635 2340 1711 2392 Τά
1753 2336 1807 2392 δὲ
1854 2339 1938 2391 ἅπί
1974 2339 2034 2393 τό

475 2431 629 2505 ἄκρον
657 2441 745 2491 τῆς
783 2434 960 2489 κακίας
989 2425 1281 2494 ἐληλακότα,
1321 2429 1548 2503 ψυχροῖς
1575 2430 1661 2480 καί
1695 2431 1921 2500 ζοφεροῖς
1954 2428 2034 2479 ἕν-

474 2522 671 2581 δεθῆναι
696 2524 918 2591 σώμασι,
946 2523 1025 2572 καί
1052 2514 1286 2586 δαίμονας
1311 2518 1641 2585 ὀνομασθῆναι
1665 2515 1916 2587 γενόμενα.
1948 2520 2035 2569 Καὶ

475 2612 554 2668 ὅτι
579 2614 628 2676 ἐξ
659 2612 918 2682 ἀγγελικῆς
952 2611 1041 2679 μὲν
1079 2609 1440 2666 καταστάσεως
1481 2606 1684 2676 ψυχικὴ
1710 2608 1901 2678 γίνεται
1947 2626 2034 2658 κα·

476 2703 742 2759 τάστασις.
775 2699 826 2752 dx
852 2696 905 2752 δὲ
930 2705 1018 2757 τῆς
1043 2695 1269 2768 ψυχικῆς
1297 2692 1624 2765 δαιμονιώδης
1650 2714 1704 2747 τε
1728 2695 1812 2747 καί
1848 2691 2036 2764 ἀνθρωο

477 2796 612 2850 πίνη.
637 2790 759 2846 Ἐνα
787 2789 839 2845 δέ
859 2791 1004 2861 μόνον
1029 2796 1144 2843 νοῦν
1175 2791 1224 2841 ἐκ
1255 2789 1423 2847 πάσης
1461 2793 1550 2846 τῆς
1579 2783 1752 2844 ένάδος
1777 2791 1876 2839 τῶν
1903 2784 2037 2854 λογια·

478 2889 577 2937 κῶν
603 2881 863 2936 ἀκλόνητον
900 2887 1058 2949 μεῖναι
1085 2879 1170 2932 καί
1201 2879 1425 2934 ἀκίνητον
1451 2882 1539 2934 m’:
1567 2875 1702 2934 θείας
1729 2874 1930 2944 ἀγάπης
1958 2873 2036 2923 καὶ

477 2975 713 3046 θεωρίας,
746 2967 800 3032 ὃς
836 2972 916 3023 καί
940 2970 1156 3045 Χριστὸς
1184 2967 1420 3041 βασιλεὺς
1473 2964 1593 3024 Θεὸς
1631 2967 1710 3017 καί
1744 2959 2034 3036 ἅνθρωπος,

2132 1781 2346 1835 nomina
2371 1781 2572 1849 sortiri,
2611 1796 2676 1836 ac
2698 1782 2823 1836 inde
2850 1783 3095 1839 caelestes
3123 1794 3177 1839 et
3201 1786 3547 1842 administras
3575 1788 3694 1840 sub-

2129 1872 2328 1926 stitisse
2348 1872 2587 1926 virtutes.
2610 1871 2723 1926 lmo
2744 1880 2799 1927 et
2817 1873 3008 1942 solem,
3030 1882 3082 1928 et
3101 1875 3301 1942 lunam,
3333 1884 3386 1929 et
3412 1876 3617 1937 stellas,
3642 1886 3720 1930 ut-

2129 1970 2256 2030 pote
2291 1974 2408 2029 qua:
2449 1967 2504 2014 et
2546 1960 2660 2029 ipsa
2702 1961 2757 2014 in
2785 1962 3180 2017 rationabilium
3208 1965 3414 2018 unitate
3443 1965 3589 2028 sint,
3634 1980 3695 2019 ex

2129 2049 2424 2103 mutatione
2459 2049 2514 2102 in
2551 2048 2789 2104 deterius
2815 2049 2953 2104 facta
2970 2088 2985 2114 ,
3014 2050 3120 2106 hoc
3147 2066 3264 2107 esse
3290 2056 3521 2122 coepisse
3546 2055 3694 2120 Quod

2130 2146 2273 2194 sunt.
2301 2136 2377 2190 Ea
2400 2150 2529 2192 vero
2548 2138 2905 2204 rationabilia,
2938 2139 2993 2193 in
3018 2141 3210 2208 quibus
3232 2143 3402 2209 magis
3430 2141 3528 2196 Dei
3551 2158 3698 2197 amor

2130 2226 2433 2292 refrixerit,
2494 2227 2710 2297 ψυχάς,
2754 2227 2857 2282 hoc
2898 2237 2983 2283 est
3019 2230 3226 2285 animas
3270 2232 3605 2300 nuncupari,
3648 2243 3704 2286 et

2132 2316 2512 2383 crassioribus,
2550 2317 2729 2386 qualia
2768 2326 2949 2373 nostra
2976 2326 3101 2373 sunt
3146 2334 3374 2388 corpora
3397 2360 3413 2383 ,
3465 2321 3707 2374 immitti-

2131 2402 2261 2468 Quae
2287 2414 2464 2461 autem
2486 2405 2554 2460 ad
2590 2415 2886 2461 extremum
2914 2408 3280 2476 perversitatis
3304 2409 3554 2463 venerint
3577 2450 3595 2476 ,
3633 2424 3697 2465 ea

2123 2494 2335 2560 frigidis
2363 2510 2427 2549 ac
2457 2496 2763 2565 caliginosis
2789 2497 2952 2552 inseri
2979 2498 3320 2567 corporibus,
3353 2507 3408 2552 et
3432 2499 3699 2554 dmmoues

2130 2579 2247 2636 ﬁeri
2277 2592 2333 2636 et
2358 2584 2688 2653 nuncupari;
2738 2599 2802 2639 ac
2841 2585 3067 2655 proinde
3104 2601 3171 2640 ex
3212 2587 3455 2654 angelico
3485 2587 3707 2655 quidem-

2133 2678 2274 2725 statu
2303 2668 2419 2725 ﬁeri
2455 2672 2736 2726 animalem
2756 2713 2773 2740 ,
2804 2687 2872 2728 ex
2909 2674 3126 2729 animali
3154 2690 3283 2729 vero
3308 2676 3695 2730 daemoniacum

2134 2767 2189 2815 et
2206 2760 2518 2816 humanum.
2541 2760 2710 2817 Unam
2733 2772 2911 2818 autem
2935 2765 3196 2819 duntaxat
3214 2775 3474 2833 mentem,
3502 2779 3571 2820 ex
3589 2773 3693 2821 tota

2137 2849 2340 2905 unitate
2384 2851 2755 2917 rationalium,
2801 2852 3240 2921 imperturbatam
3276 2855 3605 2924 perstitisse,
3645 2863 3693 2908 et

2135 2940 2170 2995 i.
2187 2949 2412 2994 tmotam
2432 2956 2463 2995 tt
2485 2940 2771 2997 dilectione
2785 2943 2961 2997 divina
2982 2953 3038 2998 et
3061 2946 3536 3015 contemplatione,
3558 2961 3693 3000 eam-

570 3029 581 3046 .
659 3029 671 3032 ν
700 3029 710 3035 -
778 3029 790 3032 -
983 3029 993 3045 .
1184 3029 1194 3041 .
1833 3029 1843 3036 .

479 3063 746 3135 γεγονέναι.
770 3063 859 3115 Καί
878 3059 954 3116 ὅτι
974 3059 1219 3117 παντελής
1241 3059 1352 3112 ἔστι
1369 3062 1467 3110 τῶν
1486 3052 1736 3123 σωμάτων
1756 3053 2030 3125 ἀναίρεσις,

2137 3041 2241 3097 que
2266 3029 2425 3085 fuisse
2446 3030 2714 3085 Christum
2741 3045 2942 3099 regem,
2964 3032 3132 3087 Deum
3150 3043 3206 3089 et
3228 3034 3521 3089 hominem.
3542 3032 3692 3086 Afﬁr-

478 3154 632 3206 αὐτοῦ
668 3158 754 3205 τοῦ
792 3152 966 3223 κυρίου
996 3153 1197 3223 πρώτου
1228 3143 1583 3214 ἀποτιθεμένου
1618 3144 1675 3197 τό
1701 3140 1824 3194 ἴδιον
1849 3148 1997 3210 σῶμα
2016 3178 2031 3203 ,

477 3244 682 3295 καὶτῶν
718 3241 900 3294 λοιπῶν
930 3237 1189 3292 ἀπάντων
1235 3238 1315 3288 καί
1349 3233 1427 3288 ὅτι
1469 3233 1845 3300 άνακομίζονταε
1885 3230 2034 3284 πάλιν

477 3328 697 3387 ἅπαντες
725 3331 796 3386 είς
836 3331 924 3383 τῆν
961 3326 1116 3381 αὐτὴν
1156 3321 1336 3384 ἔνάδα,
1369 3324 1447 3375 καί
1486 3324 1701 3391 γίνονται
1736 3319 1863 3382 νόες,
1906 3320 2035 3375 καθά

478 3422 562 3472 καί
585 3418 633 3470 ἓν
714 3416 1026 3488 προϋπάρξει
1052 3414 1350 3485 ἐτύγχανον·
1370 3411 1836 3481 ἀποκαθισταμένου
1864 3408 2035 3468 δηλον-

478 3507 554 3561 ότι
587 3508 667 3558 καί
701 3506 854 3558 αὐτοῦ
882 3509 968 3557 τοῦ
999 3501 1235 3557 διαϐόλου
1261 3504 1344 3555 καί
1369 3508 1468 3555 τῶν
1497 3501 1677 3555 λοιπῶν
1701 3498 1942 3567 δαιμόνων
1964 3503 2036 3562 εἰς

478 3598 567 3653 τῆν
590 3594 741 3650 αὐτὴν
781 3588 959 3655 ἕνάδα,
995 3594 1081 3644 καὶ
1118 3597 1216 3646 τῶν
1244 3591 1440 3643 ἀσεϐῶν
1468 3592 1552 3643 καί
1577 3591 1731 3644 ἀθέων
1764 3591 2034 3667 ἀνθρώπων

471 3682 608 3753 μετά
634 3687 731 3735 τῶν
755 3682 894 3734 θείων
930 3682 1010 3733 καί
1033 3683 1274 3752 θεοφόρων
1299 3677 1517 3754 ἀνδρῶν,
1548 3680 1629 3731 καί
1652 3682 1750 3732 τῶν
1791 3680 2036 3751 οὐρανίων

478 3768 734 3837 δυνάμεων
750 3808 766 3832 ,
796 3770 881 3822 καί
906 3772 996 3826 τήν
1018 3768 1169 3825 αὐτὴν
1197 3767 1402 3831 ἕξόντων
1430 3767 1607 3822 ἕνωσιν
1640 3768 1764 3841 πρὸς
1786 3767 1869 3820 τόν
1893 3768 2032 3833 Θεὸν,

477 3855 653 3911 ὁποίαν
677 3856 790 3927 ἔχει
814 3861 891 3909 καὶ
918 3855 942 3909 ό
969 3857 1184 3930 Χριστός
1202 3895 1217 3921 ,
1256 3858 1417 3915 καθὼς
1448 3858 1529 3909 καί
1566 3864 1905 3930 προϋπῆρχον
1924 3897 1936 3913 .
1967 3858 2035 3915 ὡς

478 3942 721 4013 μηδεμίαν
740 3939 863 3997 εἶναι
881 3943 1114 4018 διαφοράν
1133 3951 1205 4018 τῷ
1223 3951 1427 4019 Χριστῷ
1450 3944 1576 4015 πρός
1601 3947 1666 3998 τὰ
1684 3944 1834 3997 λοιπά
1868 3944 2035 4015 λογικά

477 4032 750 4096 παντελῶς,
784 4030 900 4086 οἷ’τε
926 4041 987 4104 τῇ
1014 4035 1178 4106 οὐσίᾳ,
1210 4032 1318 4088 οὔτε
1420 4036 1622 4106 γνώσει,
1651 4031 1766 4089 οὔτε
1881 4033 2030 4102 δυνά·-

478 4143 575 4193 μει,
604 4120 719 4191 οὔτε
746 4132 806 4195 τῇ
831 4126 1067 4198 ἐνεργείᾳ.
1099 4123 1157 4178 Ὀ
1184 4127 1282 4199 γάρ
1308 4146 1386 4179 τοι
1413 4125 1702 4198 Πυθαγόρας
1742 4125 1909 4200 ἀρχὴν
1936 4133 2034 4180 τῶν

478 4211 678 4267 πάντων
718 4212 896 4284 ἔφησεν
931 4209 1055 4267 εἶναι
1081 4219 1168 4273 τήν
1192 4212 1403 4277 μονάδα.
1432 4219 1532 4270 Καὶ
1564 4212 1711 4267 πάλιν
1744 4214 2033 4288 Πυθαγόρας

477 4307 558 4355 καὶ
580 4303 776 4357 Πλάτων
805 4301 957 4372 δῆμόν
993 4325 1102 4357 τινα
1139 4303 1325 4373 ψυχῶν
1354 4303 1639 4373 ἀσωμάτων
1672 4303 1922 4370 εἰπόντες,
1956 4306 2034 4357 καὶ

2135 3124 2284 3170 mant
2310 3118 2490 3183 etiam,
2522 3134 2749 3188 corpora
2771 3122 2981 3188 penitus
3005 3122 3226 3177 interire
3269 3140 3283 3176 :
3327 3124 3446 3193 ipso
3474 3122 3705 3178 Domino.

2131 3208 2359 3278 primum
2377 3252 2392 3277 ,
2418 3207 2613 3263 deinde
2641 3209 2859 3278 reliquis
2887 3212 3131 3267 omnibus
3157 3228 3311 3268 suum
3338 3228 3536 3282 corpus
3558 3211 3693 3280 abji-

2131 3307 2390 3362 cientibus
2413 3323 2427 3359 :
2449 3314 2504 3361 et
2520 3306 2662 3374 quod
2682 3322 2891 3361 rursum
2914 3323 3100 3364 omnes
3127 3308 3410 3363 redeuntes
3428 3309 3493 3362 ad
3518 3309 3681 3377 ipsam

2131 3406 2440 3468 veritatem,
2482 3412 2691 3459 mentes
2737 3403 2869 3459 ﬁunt
2904 3402 3056 3474 juxta
3084 3402 3214 3461 illud
3233 3419 3353 3461 esse
3375 3406 3525 3476 quod
3550 3407 3695 3476 prius

2132 3502 2403 3558 habebant
2433 3519 2446 3556 :
2470 3516 2538 3556 ac
2564 3501 2816 3556 videlicet
2843 3502 3015 3571 ipsum
3054 3504 3216 3558 etiam
3236 3503 3508 3558 diabolum
3535 3506 3695 3558 resti-

2130 3591 2387 3649 tuendum
2414 3606 2533 3646 esse
2550 3634 2567 3660 ,
2599 3599 2655 3647 et
2680 3592 2916 3662 reliquos
2955 3593 3223 3648 daemones
3244 3594 3300 3648 in
3322 3594 3491 3664 ipsam
3519 3598 3693 3650 unita-

2133 3690 2273 3748 tem,
2305 3689 2466 3750 atque
2486 3680 2681 3750 impios
2706 3690 2761 3735 et
2787 3680 3021 3737 nefarios
3048 3682 3293 3738 homines
3320 3700 3426 3738 una
3455 3701 3576 3741 cum
3615 3687 3696 3740 di-

2131 3772 2269 3827 vinis
2311 3786 2375 3826 ac
2403 3771 2514 3826 Deo
2542 3771 2715 3841 plenis
2742 3770 2896 3838 viris,
2927 3770 3340 3840 caelestibusque
3364 3772 3650 3828 virtutibus
3676 3817 3691 3839 ,

2132 3859 2429 3930 eodemque
2473 3858 2675 3923 modo,
2724 3875 2832 3930 quo
2872 3868 2928 3914 et
2971 3859 3248 3924 Christus,
3290 3875 3412 3915 cum
3443 3861 3555 3917 Deo
3579 3879 3694 3918 esse

2132 3946 2412 4016 uniendos,
2434 3950 2591 4006 sicuti
2612 3958 2667 4004 et
2687 3951 2831 4020 prius
2853 3949 2989 4004 uniti
3007 3957 3179 4013 erant,
3212 3958 3372 4019 atque
3394 3950 3532 4005 adeo
3550 3950 3697 4004 Chri—

2131 4050 2270 4097 stum
2299 4042 2458 4111 plane
2485 4041 2615 4094 nihil
2643 4056 2674 4095 a
2701 4041 2920 4112 reliquis
2946 4043 3154 4096 ratione
3180 4043 3417 4112 praeditis
3462 4044 3691 4110 differre,

2134 4148 2307 4202 neque
2335 4132 2662 4195 substantia,
2692 4146 2865 4200 neque
2891 4133 3226 4200 cognitione,
3270 4148 3447 4201 neque
3474 4134 3692 4196 virtute,

2132 4237 2308 4293 neque
2364 4221 2699 4292 operatione.
2752 4220 3080 4292 Pythagoras
3128 4223 3327 4275 etenim
3375 4223 3695 4291 principium

2133 4315 2370 4370 omnium
2389 4328 2569 4367 rerum
2605 4312 2862 4366 unitatem
2884 4326 3003 4366 esse
3022 4312 3173 4376 dixit,
3197 4315 3252 4366 et
3273 4327 3483 4366 rursum
3506 4311 3699 4382 Pytha-

475 4395 567 4452 τάς
597 4392 851 4468 ἁμαρτάδι
890 4415 985 4448 τινι
1021 4395 1430 4467 περιπεσούσας,
1480 4394 1722 4470 τιμωρίας
1768 4392 1925 4468 χάριν
1960 4397 2030 4454 εἰς

2131 4417 2287 4472 goras
2315 4409 2371 4456 et
2382 4399 2536 4454 Plato
2564 4399 2956 4454 multitudinem
2983 4399 3265 4466 quamdam
3294 4399 3590 4453 animarum
3616 4400 3698 4453 in-

476 4487 689 4552 σὼματα
702 4484 1122 4554 καταπέμπεσθαι
1137 4484 1387 4555 λέγουσιν.
1403 4481 1546 4537 Ὀθεν
1570 4484 1594 4538 ό
1619 4486 1817 4539 Πλάτων
1843 4485 1873 4540 δ
1885 4487 1904 4538 ἑ
1914 4507 1952 4555 μ
1963 4510 1991 4537 α
2006 4508 2029 4546 ς

476 4572 534 4625 τὸ
558 4578 732 4642 σῶμα,
772 4573 856 4624 καί
893 4578 1062 4641 σῆμα
1088 4570 1355 4641 ἐκάλεσεν,
1392 4574 1460 4631 ὡς
1498 4573 1639 4626 οἱονεὶ
1669 4580 1760 4632 τῆς
1780 4571 1960 4642 ψυχῆς
1982 4571 2032 4626 ἐν

475 4661 638 4729 τούτῳ
674 4657 932 4727 δεδεμένης
969 4663 1048 4712 καί
1085 4660 1410 4730 τεθαμμένης.
1440 4657 1562 4715 Εἶτα
1594 4665 1711 4735 περὶ
1739 4668 1828 4721 τῆς
1856 4663 2031 4732 ἐσομέ-

480 4764 562 4806 νης
589 4750 802 4820 κρίσεως
831 4753 914 4802 καί
938 4748 1316 4810 άνταποδόσεως
1348 4758 1449 4805 τῶν
1476 4751 1664 4821 ψυχῶν
1701 4748 1838 4812 αὖθις
1864 4756 2029 4824 eno-iw

481 4835 565 4890 (Ἦ
577 4839 665 4907 μὲν
683 4836 1206 4914 παιδεραστήσαντος,
1226 4841 1306 4891 καί
1323 4838 1555 4912 [ἀδόλως]
1569 4849 1729 4900 κακῶς
1754 4841 2033 4911 βιώσαντος

477 4930 603 4997 μετά
624 4929 907 5002 φιλοσοφίας
937 4928 1087 5000 ψυχή
1116 4932 1259 5003 τρίτῃ
1298 4931 1515 5006 περιόδῳ
1551 4939 1614 5004 τῇ
1655 4932 1870 5002 χιλιετεῖ
1892 4933 2033 4996 ἐᾶται

474 5020 793 5088 κολασθῆναι,
836 5024 916 5074 vi
943 5021 1073 5075 οὕτω
1101 5024 1414 5096 πτερωθεῖσα
1439 5030 1512 5093 τῷ
1538 5024 1906 5096 τρισχιλιοστῷ
1932 5022 2032 5079 ἔτει

473 5109 763 5166 ἐκϐάλλεται
784 5114 870 5165 καί
894 5113 1198 5185 ἀπέρχεται.
1224 5112 1281 5166 Ai
1309 5110 1360 5166 δᾶ
1385 5111 1526 5167 ἄλλαι
1552 5112 1740 5169 ὁπόταν
1768 5113 1909 5168 τόνδε
1949 5116 2032 5169 τόν

473 5201 582 5267 βίον
603 5202 900 5263 τελέσωσιν,
931 5204 984 5256 αἱ
1011 5206 1100 5271 μίν
1139 5205 1208 5263 είς
1234 5205 1298 5259 τά
1337 5205 1436 5258 ὑπὸ
1461 5211 1553 5274 γῆς
1590 5202 1911 5279 δικαιωτήρια
1952 5206 2030 5258 ἔλ-

474 5288 647 5342 θοῦσαι
675 5287 812 5347 δίκην
837 5289 944 5359 ἅμα
978 5294 1061 5344 καί
1083 5291 1222 5362 λόγον
1259 5293 1503 5350 τίσουσιν,
1532 5292 1585 5344 αί
1618 5290 1670 5345 δέ
1698 5296 1769 5352 είς
1802 5294 2029 5364 οὐράνι’ζν

473 5400 586 5433 τινα
612 5379 762 5434 τόπον
788 5382 1137 5453 κουφισθεῖσαι
1168 5381 1267 5435 ὑπὸ
1289 5388 1378 5441 τῆς
1406 5379 1544 5439 δίκης
1569 5379 1826 5444 διάξουσιν
1851 5384 2027 5444 ἀξίως,

479 5468 636 5520 καθὼς
664 5469 897 5524 ἐϐίωσαν.
931 5489 950 5521 ›
983 5467 1054 5524 Οὖ
1077 5475 1165 5527 τὴν
1192 5471 1404 5525 ἀτοπίαν
1440 5476 1529 5524 τοῦ
1551 5469 1699 5538 λόγου
1727 5472 2027 5541 καταμαθεῖν

567 5672 750 5736 'l‘lato
780 5684 830 5736 in
861 5682 1102 5749 Phaedro,
1131 5700 1242 5753 pos:
1276 5686 1371 5738 tria
1393 5701 1639 5740 annorum
1670 5687 1858 5749 millia.

2131 4506 2512 4563 corporearum
2540 4505 2660 4545 esse
2696 4489 2956 4556 dicentes,
2985 4488 3169 4544 dicunt
3192 4489 3374 4555 etiam,
3404 4488 3551 4558 quod
3572 4489 3693 4542 siin

2130 4590 2407 4653 peccatum
2436 4580 2650 4651 aliquod
2680 4578 2996 4648 inciderint,
3022 4578 3078 4632 in
3106 4593 3319 4648 poenam
3343 4578 3694 4632 demittuntur

2130 4675 2184 4728 in
2213 4688 2459 4743 corpora.
2497 4668 2758 4737 Quocirca
2798 4669 2949 4726 Plato
2988 4685 3184 4738 corpus
3222 4668 3511 4738 appellavit
3537 4665 3692 4737 δέμας

2129 4761 2256 4833 (hoc
2280 4768 2362 4815 est
2387 4758 2695 4826 vinculum),
2727 4764 2782 4811 et
2809 4766 2948 4827 σῆμα
2976 4757 3106 4827 (hoc
3131 4764 3213 4810 est
3231 4752 3587 4824 sepulcrum),
3616 4769 3682 4808 eo

2131 4850 2270 4919 quod
2296 4847 2470 4902 anima
2496 4848 2549 4901 in
2577 4848 2693 4916 ipso
2714 4860 2938 4915 corpore
2970 4844 3123 4916 quasi
3163 4844 3341 4898 vincta
3382 4852 3439 4898 et
3483 4844 3689 4912 sepulta

2131 4938 2241 5002 sit;
2271 4936 2464 4992 deinde
2491 4936 2558 4990 de
2581 4936 2756 4990 futuro
2778 4934 2980 5004 judicio
3009 4942 3064 4988 et
3090 4932 3440 4988 retributione
3481 4930 3690 4984 anima-

2130 5042 2249 5081 rum
2277 5042 2461 5081 rursus
2486 5026 2694 5093 inquit:
2720 5024 2907 5078 Anima
2935 5024 3072 5079 illius
3094 5024 3185 5092 qui
3213 5037 3318 5077 una
3343 5036 3463 5079 cum
3482 5020 3690 5088 sapien-

2129 5118 2219 5171 tia:
2245 5116 2421 5171 studio
2456 5130 2744 5189 puerorum
2772 5128 2953 5169 amore
2980 5120 3035 5167 et
3062 5107 3321 5183 ﬂagitiosa
3350 5111 3458 5164 vita
3487 5124 3549 5164 se
3574 5109 3690 5177 pol—

2129 5204 2249 5274 luit,
2296 5220 2392 5275 per
2430 5214 2540 5259 tres
2577 5204 2902 5258 millenarias
2946 5202 3287 5257 circuitiones
3313 5214 3500 5270 poenas
3528 5199 3686 5252 luet:

2131 5302 2186 5348 et
2210 5294 2290 5348 sic
2315 5293 2643 5362 recuperatis
2685 5292 2784 5347 alis
2816 5298 2939 5361 post
2967 5304 3228 5343 annorum
3257 5288 3420 5343 millia
3449 5298 3472 5322 ⁸·
3503 5285 3685 5341 educi-

2131 5391 2217 5435 tur
2245 5389 2301 5435 et
2326 5382 2436 5436 abit
2469 5400 2483 5434 :
2524 5381 2742 5450 reliquae
2767 5396 2893 5435 vero
2922 5395 3042 5433 cum
3072 5393 3137 5433 ex
3167 5378 3267 5431 hac
3292 5378 3400 5431 vita
3425 5374 3687 5431 discesse-

2132 5472 2257 5536 rint,
2306 5470 2422 5525 alia:
2450 5469 2661 5539 quidem
2705 5470 2804 5525 sub
2832 5477 2971 5525 terra
3001 5468 3055 5523 in
3079 5466 3261 5536 judicii
3294 5465 3470 5522 locmn
3500 5463 3685 5520 delata:
