3958 6288
615 231 720 294 995
1615 280 1623 288 ,
1926 220 2363 283 ΠΙΞἸἹΝῘΛΝῘ
2402 218 2559 280 IMP.
3727 236 3820 296 995

620 336 766 403 φύσιν
794 331 873 385 καί
898 328 1067 383 οὐσίαν
1094 330 1176 381 καί
1204 325 1411 398 δύναμιν
1436 327 1522 379 κεί
1542 327 1770 389 έξουσίαν
1791 326 1839 379 έν
1862 329 2025 399 τρισίν
2043 328 2169 380 ὐπο-

2279 338 2435 377 unam
2461 322 2735 386 deitatem,
2764 322 2878 377 sive
2907 328 3148 376 naturam
3173 328 3227 375 et
3253 322 3600 379 substantiam
3627 336 3683 382 et
3720 333 3810 384 vir-

622 422 886 483 στάσεσιν,
925 419 1033 476 ἤτοι
1060 418 1352 491 προσώποις
1379 414 1691 480 δοξάζοντες,
1731 417 1799 476 εἰς
1828 414 1860 470 ἃ
1887 416 2169 488 βεϐαπτίσ-

2279 420 2441 467 tutem
2468 419 2525 466 et
2549 420 2870 481 potestatem
2910 412 2964 466 in
2991 412 3160 465 tribus
3195 412 3547 470 subsistentiis
3570 418 3684 473 sive
3707 435 3813 488 per.

624 507 770 577 μεθα.
802 510 873 566 εἰς
909 504 941 559 ά
968 505 1407 573 πεπιστεύκαμεν,
1438 506 1523 556 καὶ
1554 499 1628 561 οἷς
1655 504 2045 573 συντιτάγμεοα.
2086 507 2174 563 τὰς

2279 500 2419 554 sonis
2441 499 2746 561 adorantes,
2777 499 2830 554 in
2856 499 3049 567 quibus
3091 499 3348 570 baptizati
3387 519 3586 571 sumus,
3620 507 3672 561 in
3696 526 3811 579 quas

623 598 712 665 μὶν
738 596 987 654 ἰδιότητας
1020 596 1346 664 χωρίζοντες.
1374 592 1591 651 ένοῦντες
1620 590 1672 645 δέ
1697 595 1784 649 τήν
1807 593 2033 650 θεότητα.
2069 599 2175 646 Mo-

2279 588 2560 652 credimus,
2589 589 2644 641 in
2669 589 2863 659 quibus
2890 587 3279 648 confessionem
3307 591 3566 658 dedimus,
3593 600 3810 671 proprie-

621 682 747 738 νάδα
773 685 865 759 γάρ
893 685 943 758 έν
967 680 1155 756 τριάδι,
1184 685 1266 737 καί
1293 680 1473 756 τριάδα
1504 683 1554 734 έν
1576 679 1749 751 μονάδι
1774 688 2174 753 προσκυνοθμεν.

2279 685 2414 731 tates
2440 678 2654 746 quidem
2691 686 3032 747 separantes,
3077 679 3331 735 deitatem
3360 692 3536 739 autem
3567 687 3804 744 unientes.

622 764 1149 846 παράδοξονῖχουσαν
1174 776 1264 830 τήν
1289 768 1526 845 διαίρεσιν
1550 771 1632 822 καὶ
1647 773 1734 826 τήν
1763 768 1961 821 ί·.ωσιν’
1992 766 2175 838 μονάδα

2280 765 2546 821 Unitatem
2573 768 2714 821 enim
2744 768 2797 821 in
2824 767 3101 834 Trinitate,
3132 778 3188 824 et
3217 768 3531 827 Trinitatem
3556 774 3609 828 in
3632 777 3806 830 unitate

622 865 713 929 μὲν
736 862 865 914 κατὰ
892 861 977 913 τὸν
1001 868 1091 919 τῆς
1112 861 1285 917 οὐσίαι·
1309 858 1461 929 ἤγουν
1480 858 1705 917 θενὶτητος
1730 856 1866 927 λόγον
1883 873 1896 891 '
1924 855 2103 929 τριάδα
2124 855 2175 914 δέ

2280 857 2582 922 adoramus,
2609 858 2907 914 mirabilem
2928 859 3215 917 habentem
3238 868 3294 919 et
3319 860 3631 921 divisionem
3649 873 3700 919 et
3718 867 3807 922 uni-

623 950 754 1003 κατά
787 951 882 1009 τὰς
907 948 1162 1008 ἰδιότητας
1195 947 1350 1019 ἤγουν
1390 947 1735 1007 ὑποστάσεις,
1768 946 1879 1002 ἦτοι
1910 944 2175 1017 πρόσωπα·

2282 946 2518 1009 tionem;
2549 946 2809 1005 unitatem
2836 946 3075 1013 quidem,
3103 947 3394 1002 secundum
3421 951 3677 1005 rationein
3700 954 3802 1006 sub-

622 1036 895 1112 διαιρεῖται
923 1040 1019 1112 γάρ
1050 1037 1373 1113 άδισιρέτως,
1390 1034 1637 1093 ἵνόὖτως
1669 1032 1920 1103 εἴπωμεν,
1943 1035 2028 1085 καί
2056 1053 2175 1086 συν-

2280 1034 2489 1089 διοιιιίω
2514 1048 2611 1087 seu
2637 1033 2892 1098 deitatis;
2941 1033 3255 1088 Trinitatem
3301 1043 3501 1100 autem,
3547 1040 3801 1093 secundum

623 1127 839 1181 άπτεται
875 1126 1180 1203 διῃρημένοις
1197 1164 1213 1191 ,
1242 1124 1292 1179 έν
1320 1124 1416 1196 γάρ
1441 1123 1490 1177 ίν
1513 1124 1679 1195 τρισίν
1717 1122 1748 1178 ἡ
1781 1120 1981 1184 θεότηςο
2007 1123 2092 1172 καὶ
2118 1122 2175 1173 τὰ

2282 1120 2658 1191 proprietates,
2698 1114 2785 1177 vel
2811 1121 3205 1187 subsistentias.
3250 1123 3365 1178 sive
3391 1140 3660 1194 personas.
3686 1128 3801 1183 Diri-

622 1216 743 1286 τρία
762 1211 832 1276 έν,
864 1214 912 1266 έν
937 1212 1008 1274 οἷς
1035 1217 1065 1273 ἡ
1092 1215 1287 1274 θεότης·
1317 1212 1347 1271 ἧ
1373 1211 1487 1282 τότε
1514 1209 1862 1279 ἀκριϐέστερον
1893 1211 2067 1270 εἰπεῖν,
2094 1206 2126 1262 ά
2154 1210 2175 1265 ιε

2281 1209 2424 1264 ditur
2450 1211 2593 1263 enim
2620 1211 2738 1265 sine
2761 1211 3021 1269 divisione
3051 1209 3227 1282 (utsic
3248 1211 3511 1281 dicamus)
3541 1224 3596 1268 ct
3620 1217 3801 1283 conjun-

622 1303 815 1366 θεὸτης,
842 1305 963 1357 Θεὸν
1002 1305 1237 1367 ἕκαστον,
1264 1298 1321 1356 άν
1345 1302 1585 1376 θεωρῆται
1609 1300 1754 1370 μόνον
1780 1303 1871 1352 τοῦ
1907 1303 1992 1351 νοῦ
2022 1301 2175 1372 χωρί-

2282 1299 2426 1365 gitur
2450 1298 2641 1353 divise.
2672 1294 2845 1354 Unum
2872 1300 3013 1355 enim
3041 1309 3125 1356 est
3151 1300 3324 1356 deitas
3349 1301 3404 1361 in
3429 1303 3626 1364 tribus.
3654 1315 3703 1358 et
3724 1307 3798 1359 tria

624 1395 788 1454 ξυντος
812 1394 878 1445 τὰ
902 1394 1193 1463 άχὼριστα.
1216 1392 1339 1445 Θεὸν
1362 1391 1427 1445 τά
1446 1392 1566 1462 τρία
1585 1387 1694 1457 μετ’
1712 1385 1929 1447 ἀλλήλων
1946 1388 2175 1456 ναι-ἔμενε

2285 1401 2447 1446 unum
2468 1426 2484 1452 ,
2532 1387 2585 1446 in
2614 1387 2806 1458 quibus
2830 1388 3004 1447 deitas
3033 1398 3118 1443 est
3147 1407 3160 1441 :
3192 1397 3287 1443 aut
3315 1390 3400 1459 (ut
3431 1391 3669 1447 subtilius
3686 1394 3801 1446 dica-

624 1487 697 1550 τῷ
717 1488 887 1549 ταυτῷ
916 1490 1007 1540 τῆς
1030 1479 1131 1553 [ἵσ.
1163 1476 1438 1552 δυνάμεως]
1464 1482 1699 1537 κινήσεως
1728 1480 1812 1530 καί
1836 1485 1928 1536 τῆς
1946 1479 2144 1547 φύσεως
2167 1491 2175 1505 ¹

2285 1473 2434 1545 mus)
2457 1475 2570 1545 ipsa
2601 1475 2700 1535 tria
2727 1487 2811 1531 est
2831 1476 3019 1543 deitas,
3049 1491 3167 1545 qua.
3197 1478 3299 1532 tria
3328 1478 3468 1533 Deus
3496 1477 3668 1545 Pater,
3694 1482 3799 1537 Deus

623 1564 794 1624 ἔπειδὴ
824 1572 932 1640 χρή
973 1569 1163 1622 καὶτὸν
1202 1569 1285 1622 ἵνα
1329 1568 1447 1622 Θεὸν
1484 1565 1764 1637 ὁμολογεῖν,
1802 1569 1886 1620 καὶ
1923 1567 2014 1626 τάς
2050 1573 2175 1638 τρεῖς

2287 1561 2470 1627 Filius,
2502 1564 2639 1621 Deus
2664 1563 2895 1633 Spiritus
2922 1573 3159 1628 sanctus,
3205 1581 3326 1620 cum
3368 1582 3687 1638 unaqtmque
3709 1585 3797 1639 per-

630 1658 940 1717 όποστάσεις
963 1660 1243 1732 κηρύττειν,
1269 1658 1420 1726 ἤγουν
1438 1659 1555 1732 τρία
1580 1656 1851 1729 πρόσωπα,
1874 1662 1955 1710 καί
1974 1655 2175 1714 ίκοίστηι

2286 1664 2418 1704 sona
2437 1651 2609 1706 solum
2625 1651 2954 1720 intelligitur,
2965 1661 3145 1706 mente
3155 1662 3436 1721 separante
3450 1655 3793 1725 inseparabilis,

624 1748 753 1813 μετά
769 1755 860 1806 τῆς
879 1746 1142 1806 ἰδιότητος.
1157 1751 1244 1802 καί
1259 1745 1370 1800 οὔτε
1392 1752 1481 1805 τήν
1499 1746 1671 1801 ἕνωσιν
1693 1744 1794 1816 [ἴσ.
1814 1741 2175 1817 ὁμολογοῦντες

2287 1745 2342 1792 et
2363 1738 2465 1792 tria
2493 1755 2630 1795 unus
2656 1739 2798 1795 Deus
2815 1781 2832 1807 ,
2876 1756 2997 1795 cum
3039 1742 3197 1796 simul
3240 1742 3605 1811 intelliguntur
3625 1756 3796 1814 propter

625 1835 884 1906 σύγχυσιν
906 1837 1211 1910 ἕργαζόμεθα
1230 1838 1355 1889 κατά
1377 1836 1649 1896 Σαϐέλλιον,
1676 1833 1727 1886 ἓν
1745 1833 2019 1901 πρόσωπον
2038 1836 2175 1909 τρεῶι

2286 1830 2529 1885 eamdem
2569 1831 2819 1888 virtutem
2860 1832 3211 1900 eamdemque
3240 1841 3488 1888 naturam
3536 1853 3549 1888 :
3594 1838 3795 1906 quoniam

2288 1928 2501 1988 oportet
2542 1929 2599 1976 et
2627 1937 2787 1976 unum
2816 1921 2985 1977 Deum
3011 1920 3252 1981 conﬁteri
3269 1963 3285 1987 ,
3329 1932 3387 1978 et
3415 1932 3527 1981 tres
3552 1927 3793 1981 subsisan

2289 2007 2392 2063 tias
2417 2008 2731 2077 praedicare,
2756 2023 2853 2064 seu
2878 2018 2988 2065 tres
3017 2025 3274 2079 personas
3291 2051 3307 2077 ,
3337 2020 3393 2066 et
3420 2028 3793 2083 unamquamqua

2288 2111 2411 2151 cum
2437 2112 2530 2152 sua
2558 2098 2907 2166 proprietate.
2939 2097 3007 2153 Et
3031 2099 3288 2160 unitatem
3316 2100 3659 2167 conﬁtentes,
3697 2118 3793 2157 eou-

2288 2186 2549 2242 lusionem
2576 2194 2684 2243 nun
2728 2188 2954 2244 facimus
2979 2188 3274 2245 secundum
3301 2184 3608 2257 Sabellium,
3650 2194 3791 2248 dicato

2288 2285 2396 2334 tem
2421 2318 2437 2344 ,
2482 2277 2797 2334 Trinitatem
2844 2292 3004 2335 unam
3048 2295 3169 2335 esse
3214 2296 3501 2349 personam
3542 2284 3792 2338 trinomium

2289 2368 2692 2441 [trinonymum]
2719 2369 2970 2425 eumdem
2993 2369 3226 2434 Patrem,
3256 2378 3312 2426 et
3338 2370 3555 2437 Filium,
3582 2382 3632 2428 et
3662 2373 3791 2442 Spiri-

2286 2464 2399 2511 tum
2421 2466 2663 2515 sanctnm
2687 2476 2700 2513 ι
2729 2472 2827 2514 nec
2846 2458 3143 2513 dividentes
3162 2461 3539 2528 proprietates,
3554 2463 3792 2515 alienarunt

2285 2561 2315 2601 a
2343 2545 2438 2600 Dei
2466 2546 2637 2621 Patris
2665 2547 2961 2604 substantia
2987 2547 3175 2601 Filium
3204 2556 3259 2602 et
3294 2548 3551 2618 Spiritum
3576 2558 3789 2609 sanctum

625 1947 776 1998 νυμον
804 1927 1008 1998 λέγοντα
1034 1933 1124 1987 τήν
1150 1926 1361 2000 τριάδα,
1388 1927 1471 1985 τὸν
1500 1927 1645 1980 αὐτᾷν
1672 1926 1896 2000 πατέρα,
1935 1925 2021 1977 καί
2041 1924 2179 1986 υἱόν,

624 2017 702 2067 καί
728 2014 868 2087 ἅγιον
893 2023 1122 2088 πνεῦμα,
1153 2014 1269 2071 οὔτε
1313 2015 1620 2089 διαιροῦντες·
1655 2011 1750 2083 [ἴσ.
1778 2015 1869 2073 τάς
1907 2007 2182 2079 ἰδιότηταςῖ

625 2102 974 2176 ἁΏοτριοῦμεν
998 2114 1087 2164 τῆς
1112 2110 1201 2160 τοῦ
1241 2110 1366 2159 Θεοῦ
1387 2103 1579 2177 πατρὸς
1612 2103 1785 2159 οὐσίας
1821 2100 1903 2154 τὸν
1931 2100 2037 2153 υἱὸν
2102 2101 2184 2151 καί

608 2197 685 2258 ⁸τὸ
708 2204 904 2270 πνεῦμα
933 2199 991 2252 τὸ
1016 2198 1153 2268 ἅγιον
1170 2238 1183 2256 ,
1220 2199 1346 2252 κατά
1371 2202 1461 2255 τήν
1486 2195 1672 2267 ’Δρείου
1705 2196 1907 2267 μανίαν,
1936 2194 2007 2252 είς
2042 2200 2183 2265 τρεῖς

625 2282 888 2360 διαφόρους
912 2290 1086 2346 οὐσίας
1124 2287 1500 2356 ητατίμνοντες
1534 2290 1622 2342 τήν
1654 2283 1881 2340 θεότητα.
1916 2280 1998 2342 Εἷς
2020 2284 2184 2336 τοίνυν

626 2375 746 2432 Θε²ις
786 2373 811 2426 ό
844 2380 1029 2445 πατὴρ.
1062 2376 1110 2437 ἕξ
1145 2371 1203 2426 οὗ
1233 2375 1298 2427 τά
1325 2374 1515 2429 πάντα²
1547 2375 1633 2425 καί
1658 2368 1727 2429 εἷς
1756 2372 1860 2430 υέὸς
1892 2375 2177 2440 μονογενής,

625 2459 688 2513 δι’
710 2458 770 2515 οὗ
794 2465 859 2515 τά
883 2464 1073 2516 πάντα³
1104 2464 1187 2515 καί
1213 2460 1261 2513 ἓν
1284 2467 1481 2530 πνεῦμα
1505 2459 1664 2532 ἅγιον,
1696 2460 1746 2511 ἕν
1773 2454 1812 2530 ᾧ
1832 2458 2105 2514 τὼπάνςα.

626 2636 909 2690 secundum
937 2636 1045 2689 Arii
1085 2634 1343 2696 furorem,
1371 2636 1423 2688 in
1483 2642 1591 2688 tres
1639 2634 1876 2689 diversas
1922 2640 2141 2687 naturas
2168 2634 2462 2691 incidentes
2506 2635 2778 2689 deitatem.
2818 2635 2962 2690 Unus
3011 2638 3170 2704 igitur
3220 2638 3358 2694 Deus
3397 2638 3581 2704 Pater,
3621 2655 3679 2694 ex
3713 2653 3791 2707 quo

625 2724 800 2776 omnia
828 2742 841 2775 :
874 2733 927 2776 et
956 2738 1089 2777 unus
1118 2723 1421 2790 unigenitus
1440 2722 1622 2788 Filius,
1650 2737 1748 2791 per
1771 2736 1927 2790 quem
1954 2722 2131 2776 omnia
2159 2739 2172 2776 :
2213 2730 2269 2777 et
2295 2737 2430 2777 unus
2454 2724 2684 2793 Spiritus
2711 2733 2947 2788 sanctus,
2980 2727 3032 2780 in
3057 2742 3163 2795 quo
3192 2728 3391 2782 omnia.

692 2862 1054 2933 Ὀμολογοῦμεν
1090 2860 1143 2915 δέ
1177 2860 1323 2915 αὐτὸν
1355 2859 1441 2912 τὸν
1476 2864 1707 2930 μονογενῆ
1748 2858 1856 2913 υἱὸν
1884 2862 1974 2912 τοῦ
2018 2864 2173 2922 Θεοῦ,

2350 2855 2679 2913 conﬁtemur
2706 2868 2885 2913 autem
2915 2860 3085 2931 ipsum
3117 2861 3451 2929 unigenitum
3492 2862 3665 2918 Filium
3700 2863 3789 2924 Dei,
3822 2878 3837 2901 ο

2283 2943 2448 2999 Deum
2478 2946 2728 3011 Verbum,
2753 2958 2877 3002 ante
2897 2949 3087 3003 saecula
3114 2958 3168 3003 et
3193 2952 3310 3005 sine
3338 2961 3579 3021 tempore
3595 2969 3654 3008 ex
3673 2953 3789 3007 Patre

2282 3045 2483 3101 natum,
2514 3053 2619 3091 non
2647 3036 2842 3092 factum
2860 3077 2876 3103 ,
2907 3040 2959 3093 in
2990 3041 3189 3095 ultimis
3214 3042 3403 3096 diebus
3430 3054 3641 3113 propter
3659 3053 3790 3098 noset

2282 3132 2501 3193 propter
2523 3135 2757 3179 nostram
2786 3127 3010 3181 salutem
3034 3128 3371 3185 descendisse
3398 3132 3468 3185 de
3491 3133 3646 3193 cmlis.
3664 3140 3709 3187 et
3729 3132 3789 3184 ευ.

2280 3225 2553 3269 carnatum
2584 3232 2703 3271 esse
2743 3233 2807 3271 ex
2846 3217 3045 3287 Spiritu
3075 3228 3286 3286 sancto,
3319 3232 3373 3274 et
3397 3232 3578 3285 sancta
3605 3224 3787 3289 gloriosa

2280 3306 2374 3365 Dei
2396 3307 2667 3363 Genitrice
2688 3325 2898 3378 semper
2918 3312 3119 3378 virgine
3134 3312 3318 3376 Maria,
3338 3324 3392 3369 et
3421 3325 3596 3369 natum
3616 3333 3671 3373 cx
3687 3318 3789 3385 ipsa,

2279 3396 2369 3463 qui
2400 3404 2482 3451 est
2510 3396 2763 3451 Dominus
2791 3399 2943 3457 Jesus
2961 3399 3224 3463 Christus,
3256 3419 3393 3458 unus
3415 3404 3487 3459 de
3512 3414 3677 3459 sancta
3698 3404 3788 3457 Tri-

2280 3486 2477 3547 nitate,
2524 3489 2985 3542 consubstantialis
3031 3490 3141 3543 Deo
3183 3489 3324 3545 Patri
3348 3496 3630 3547 secundum
3658 3494 3787 3545 denae

2281 3583 2386 3629 tem
2408 3617 2424 3644 ,
2466 3585 2520 3629 et
2546 3578 3007 3635 consubstantialis
3034 3581 3188 3635 nobis
3229 3582 3367 3636 idem
3408 3584 3526 3653 ipse
3551 3583 3789 3639 secundum

2279 3663 2683 3727 humanitatem,
2707 3666 2970 3734 passibilis
2991 3682 3171 3732 carne,
3199 3670 3541 3738 impassibilis
3568 3670 3690 3724 idem
3706 3670 3788 3737 ipse

2278 3754 2496 3808 deitatc.
2544 3755 2660 3809 Non
2708 3757 2850 3811 enim
2879 3758 3014 3812 alius
3051 3758 3266 3825 quidam
3305 3769 3389 3814 est
3436 3770 3624 3831 prater
3663 3761 3787 3812 Deum

2281 3840 2509 3895 Verbum
2533 3883 2548 3906 ,
2595 3844 2684 3911 qui
2722 3846 3024 3921 passionem
3064 3854 3121 3900 et
3159 3856 3389 3901 mortem
3435 3849 3695 3916 suscepit:
3721 3844 3787 3896 δτι]

2279 3929 2392 3996 ipse
2421 3928 2759 3998 impassibilis
2786 3943 2840 3985 et
2866 3933 3225 4001 sempiternus
3250 3935 3388 3989 Deus
3418 3936 3642 3991 Verbum
3665 3948 3787 4003 gone.

2278 4020 2537 4072 rationem
2559 4021 2736 4075 carnis
2759 4022 3001 4076 humanm
3026 4025 3291 4078 sustinere
3311 4025 3577 4092 dignatus,
3600 4022 3786 4099 implevit

2277 4109 2475 4167 omnia.
2505 4109 2629 4163 ideo
2658 4125 2763 4165 non
2787 4111 2949 4165 alium
2969 4110 3135 4166 Deum
3148 4112 3382 4167 Verbum
3410 4127 3533 4169 esse
3555 4116 3637 4183 qui
3660 4114 3782 4166 mira-

617 4196 763 4250 θόντα
798 4198 1136 4266 έπιστάμεθα·
1175 4195 1277 4250 ἀλλ’
1301 4195 1390 4251 ἵνα
1426 4199 1508 4249 καὶ
1546 4196 1629 4249 τὸν
1656 4199 1801 4250 αὐτὸν
1835 4198 1998 4270 κύριον
2034 4199 2171 4265 ἡμῶν

2279 4205 2388 4268 ςτιΙιι
2417 4213 2670 4273 operatus
2697 4215 2796 4273 est,
2825 4214 2881 4260 et
2908 4206 3068 4260 alium
3097 4205 3372 4263 Christum
3401 4211 3496 4278 qui
3519 4224 3687 4280 passus
3709 4215 3782 4266 est.

617 4294 807 4345 Ἰησοῦν
850 4288 1063 4361 Χριστὸν
1102 4287 1186 4342 τὸν
1230 4292 1320 4340 τοῦ
1359 4292 1483 4339 Θεοῦ
1524 4286 1664 4356 λόγον
1705 4287 2048 4358 σαρκωθέντα.
2094 4289 2175 4338 καί

2279 4296 2645 4364 cognoscimus
2676 4315 2689 4349 :
2721 4298 2814 4350 sed
2854 4311 3017 4350 unum
3045 4297 3405 4366 eumdemque
3436 4300 3782 4355 Dominumoo-

621 4378 1058 4450 ίνανθρωπήσαντα
1077 4415 1091 4435 .
1123 4378 1202 4427 καὶ
1241 4380 1330 4427 τοῦ
1359 4375 1510 4429 αὐτοῦ
1536 4368 1601 4425 τοί
1621 4392 1676 4428 τε
1706 4375 1967 4444 θαύματα,
2004 4376 2085 4428 καί
2112 4377 2175 4427 τὲ

2279 4393 2446 4438 strum
2473 4383 2654 4439 Jesum
2684 4385 2974 4446 Christum,
2997 4385 3089 4439 Dei
3117 4385 3351 4440 Verbum
3383 4387 3725 4446 incarnatum,
3745 4391 3784 4434 ct

619 4465 774 4524 πάθη,
807 4464 936 4536 άπερ
963 4464 1198 4521 ἑκουσίως
1226 4464 1452 4533 ὑπέμεινε
1480 4467 1649 4534 σαρκί,
1680 4462 2028 4532 ὁμολογοῦμεν
2059 4463 2175 4517 οὔτε

2279 4473 2546 4526 hominem
2574 4473 2790 4539 factum,
2819 4482 2874 4528 et
2900 4474 3135 4540 ejusdem
3156 4476 3321 4543 ipsius
3349 4478 3606 4533 miracula
3625 4484 3673 4529 et
3696 4487 3784 4541 pas-

614 4554 711 4631 γάρ
732 4550 991 4622 ἄνθρωπός
1017 4572 1096 4611 τις
1123 4552 1253 4625 ὐπέρ
1276 4553 1413 4620 ἡμῶν
1441 4551 1615 4606 ἑαυτὸν
1637 4550 1865 4615 δέδωκεν,
1899 4554 1999 4606 ἀλλ’
2027 4555 2175 4618 αὐτὸς

2279 4562 2475 4627 siones,
2515 4577 2649 4630 quas
2686 4575 2849 4615 carne
2878 4563 3174 4615 voluntarie
3196 4564 3476 4626 sustinuit,
3503 4564 3781 4617 conﬁtemur.

617 4641 645 4702 ὁ
667 4642 788 4700 θεὸς
823 4641 966 4711 λόγος
994 4642 1052 4695 τὸ
1079 4639 1202 4695 ἴδιον
1238 4648 1390 4710 σῶμα
1417 4640 1621 4696 δέδωκεν
1649 4642 1779 4714 ὐπέρ
1803 4644 1939 4712 ἡμῶν
1959 4683 1974 4706 ,
2001 4644 2079 4698 ἵνα
2108 4651 2175 4713 μή

2281 4648 2392 4701 Non
2423 4651 2561 4702 enim
2584 4649 2745 4703 homo
2773 4649 2965 4717 aliquis
2991 4665 3088 4717 pro
3117 4650 3272 4704 nobis
3294 4651 3633 4721 semetipsum
3657 4648 3781 4705 dedit.

616 4732 687 4789 είς
717 4726 969 4804 ἄνθρωπον
991 4732 1025 4789 ἠ
1043 4735 1216 4791 πίστις
1235 4735 1315 4785 καί
1335 4734 1365 4788 η
1392 4732 1528 4791 ἐλπίς
1557 4733 1693 4802 ἡμῶν
1717 4728 1769 4806 ᾖ,
1796 4732 1900 4785 ἀλλ’
1928 4735 1998 4792 εἰς
2025 4736 2175 4788 αὐτὸν

2279 4738 2369 4792 sed
2401 4739 2512 4805 ipse
2534 4737 2673 4790 Deus
2703 4736 2931 4790 Verbum
2961 4753 3114 4793 suum
3143 4754 3341 4807 corpus
3362 4755 3463 4807 pro
3492 4739 3636 4799 nobis
3657 4735 3779 4790 dedit.

614 4819 700 4873 τόν
736 4820 856 4874 Θεὸν
893 4820 1035 4891 λόγον
1075 4826 1163 4880 τὴν
1188 4823 1433 4894 ἡμετέραν
1465 4826 1638 4876 πίστιν
1676 4821 1899 4892 ἔχωμεν.
1927 4827 2014 4878 Καὶ
2054 4827 2175 4879 Θεὸν

2279 4839 2344 4879 ne
2370 4825 2420 4877 in
2452 4824 2719 4880 hominem
2744 4823 2873 4879 fides
2893 4832 2946 4878 et
2969 4839 3091 4891 spes
3117 4832 3298 4880 nostra
3328 4827 3432 4893 sit,
3466 4826 3560 4882 sed
3581 4827 3627 4879 in
3651 4826 3781 4892 ipsum

2276 4912 2441 4965 Deum
2486 4911 2716 4965 Verbum
2746 4919 2982 4965 nostram
3011 4910 3165 4966 ﬁdem
3196 4913 3510 4968 habeamus.
3559 4913 3618 4968 Et
3655 4912 3781 4965 Deum

2274 5000 2433 5068 igitur
2462 5015 2583 5058 eum
2622 5000 2973 5068 conﬁtentes,
3021 5017 3127 5057 non
3156 5003 3486 5072 abnegamus
3513 5004 3671 5073 ipsum
3696 5010 3784 5054 esse

2275 5098 2330 5145 et
2360 5091 2627 5147 hominem
2661 5108 2676 5144 :
2708 5101 2762 5145 et
2783 5092 3050 5146 hominem
3077 5092 3315 5147 dicentes
3336 5107 3484 5160 eum,
3531 5108 3631 5146 non
3657 5090 3783 5144 ab»

2274 5197 2460 5250 gamus
2489 5183 2659 5250 ipsum
2687 5197 2805 5237 esse
2826 5192 2878 5237 et
2908 5184 3090 5237 Deum.
3133 5182 3189 5237 Si
3233 5185 3376 5239 enim
3416 5185 3556 5239 Deus
3594 5190 3781 5236 tantum

2274 5270 2434 5323 modo
2454 5278 2617 5337 esset,
2634 5271 2901 5339 quomodo
2917 5272 3251 5341 patiebatur?
3269 5272 3543 5339 quomodo
3562 5268 3785 5332 enmilige-

2250 5360 2432 5413 'batur
2459 5366 2514 5413 et.
2541 5359 2903 5414 moriebatur?
2928 5360 3112 5416 Aliena
3142 5361 3281 5416 enim
3313 5360 3413 5421 ista
3442 5368 3566 5414 sunt
3587 5358 3700 5412 Deo.
3717 5354 3783 5406 Sin

2277 5457 2454 5503 autem
2478 5448 2641 5502 homo
2662 5448 2856 5517 solum,
2893 5449 3161 5518 quomodo
3189 5464 3288 5517 per
3315 5450 3617 5518 passionem
3644 5446 3781 5497 vince-

2273 5537 2404 5591 bat?
2428 5535 2699 5609 quomodo
2721 5539 2896 5594 salvos
2921 5537 3179 5594 faciebat?
3194 5538 3477 5604 Quomodo
3499 5531 3785 5592 viviﬁcabal?

624 2956 744 3009 Θεὸν
765 2956 929 3026 λόγον,
969 2955 1053 3009 τὸν
1083 2954 1185 3027 πρὸ
1210 2953 1394 3006 αἰώνων
1420 2953 1504 3006 καί
1529 2952 1763 3025 άχρόνως
1791 2951 1847 3004 in
1870 2956 1960 3005 τοῦ
1991 2954 2180 3025 πατρ’ς

622 3047 924 3118 γεννηθέντα,
952 3046 1008 3097 οὐ
1033 3044 1300 3101 ποιηθέντα
1320 3080 1335 3105 ,
1362 3041 1441 3095 έπ⁹
1483 3042 1722 3109 ίσχάτων
1761 3047 1859 3094 τῶν
1895 3042 2088 3113 ἡμερῶν
2115 3038 2181 3093 δι’

622 3139 775 3201 ἡμᾶς,
803 3136 887 3187 καί
915 3132 997 3188 διά
1017 3140 1107 3191 τήν
1132 3135 1373 3208 ἡμετέραν
1409 3137 1661 3206 σωτηρίαν
1688 3132 1980 3187 κατελθόντα
2007 3132 2059 3184 έκ
2083 3140 2180 3186 τῶν

618 3225 863 3294 οὐρανῶν,
893 3227 977 3276 καί
999 3224 1315 3295 σαρκωθέντα
1352 3224 1406 3274 ἐκ
1441 3222 1723 3289 πνεύματος
1752 3219 1926 3290 ἁγίου,
1967 3221 2052 3271 καί
2091 3226 2181 3278 τῆς

618 3311 768 3381 ἁγίας
814 3309 1008 3373 ένδόξου
1052 3309 1311 3372 θεοτόκου,
1353 3310 1436 3360 καὶ
1462 3308 1791 3378 άειπαρθένου
1831 3308 2055 3380 Μαρίας,
2098 3310 2182 3360 καί

618 3401 908 3471 γεννηθέντα
936 3400 985 3460 ἐξ
1014 3399 1196 3455 αὐτῆς.
1233 3394 1286 3456 ὃς
1320 3398 1427 3449 ἐστι
1453 3396 1623 3468 κύριος
1648 3401 1841 3455 Ἰησοῦς
1866 3396 2082 3468 Χριστὸς
2112 3390 2178 3453 εἷς

622 3496 711 3544 τῆς
737 3487 884 3556 ite/iac
901 3485 1124 3559 τριάδος,
1152 3485 1414 3553 ὁμοούσιος
1436 3493 1508 3556 τῷ
1533 3486 1626 3555 θεῷ
1653 3489 1732 3541 καὶ
1759 3489 1915 3558 πατρί
1941 3487 2071 3538 κατὰ
2090 3490 2179 3541 τήν

621 3574 850 3639 θεότητα,
884 3578 968 3628 καί
996 3574 1255 3645 όμοούσιος
1285 3576 1398 3643 ἡμῖν
1427 3574 1451 3627 ό
1476 3576 1630 3632 αὐτὸς
1656 3575 1785 3627 κατά
1816 3579 1905 3632 τήν
1930 3573 2180 3649 ἀνθρωπό-

622 3686 770 3722 ma.
798 3666 1016 3723 παθητὸς
1044 3668 1209 3738 σαρκὶ,
1243 3667 1436 3724 ἀπαθὴς
1461 3664 1489 3720 ό
1513 3667 1659 3724 αὐτὸς
1686 3663 1899 3722 θεότητι.
1930 3663 2058 3719 Οὔτε
2077 3666 2177 3737 γάρ

620 3754 791 3825 ἕτερός
817 3757 893 3812 τίς
930 3756 1039 3807 έστι
1067 3758 1205 3825 παρὰ
1230 3756 1312 3809 τὸν
1338 3758 1459 3808 Θεὸν
1475 3756 1618 3826 λόγον
1640 3754 1666 3809 ό
1694 3756 1751 3807 τὸ
1777 3756 1933 3813 πάθος
1966 3758 2049 3808 uti
2095 3757 2179 3809 τὸν

622 3844 827 3896 θάνατον
865 3841 1270 3914 «invocatas-ypeer
1307 3843 1411 3898 ἀλλ’
1439 3845 1591 3902 αὐτὸς
1629 3843 1655 3898 ό
1691 3844 1885 3903 ἀπαθὴς
1911 3845 1993 3895 καί
2021 3842 2178 3903 ἀΐδιος

621 3936 711 3982 τοῦ
740 3935 865 3983 Θεοῦ
887 3930 1027 4000 λόγος
1048 3935 1317 4001 γεννήσεως
1341 3930 1526 4006 σαρκὸς
1545 3930 1852 4002 ἀνθρωπίνης
1878 3928 2174 4000 ἀνασχόμε-

619 4038 724 4080 νος,
755 4020 823 4071 τά
845 4020 1010 4073 πάντα
1037 4020 1349 4090 πεπλήρωκε.
1377 4020 1458 4072 Διὸ
1495 4020 1579 4071 οὐκ
1616 4015 1761 4071 ἄλλον
1787 4019 1871 4072 τὸν
1894 4020 2015 4072 Θεὸν
2037 4019 2177 4088 λόγον

618 4109 702 4162 τὸν
737 4110 1280 4183 θαυματουργήσαντα,
1315 4110 1395 4160 καί
1434 4103 1574 4160 ἄλλον
1601 4107 1684 4159 τὸν
1721 4107 1935 4179 Χριστὸν
1958 4108 2043 4159 τὸν
2072 4128 2146 4162 πα

612 4913 776 4964 τοίνυν
809 4913 956 4965 αὐτ⁷ν
996 4912 1347 4983 ὁμολογοῦντες
1375 4914 1458 4965 οὐκ
1487 4913 1754 4980 ἀθετοῦμεν
1784 4915 1841 4966 τὸ
1870 4908 1994 4967 εἶναι
2027 4916 2173 4970 αὐτὸν

612 5004 695 5054 ni
722 4998 1010 5074 ἄνθρωπον
1044 5006 1125 5055 γαί
1152 5000 1411 5075 ἄνθρωπον
1435 5003 1653 5075 λέγοντες
1678 5004 1850 5061 αὐτὸν.
1881 5006 1970 5062 οὐκ
1990 5007 2170 5075 άρνού-

613 5096 737 5161 μεθα
760 5094 819 5149 τὸ
847 5090 971 5148 εἶναι
996 5096 1145 5149 αὐτὸν
1172 5098 1253 5148 καί
1278 5094 1417 5149 Θεόν.
1435 5096 1491 5147 Εἰ
1517 5096 1613 5167 γὰρ
1637 5098 1760 5154 Θεὸς
1787 5094 1932 5165 μόνον
1953 5092 2034 5157 ἦν.
2057 5104 2166 5155 πῶς

611 5181 845 5253 ἕπασχες
907 5191 1016 5244 πῶς
1066 5186 1378 5255 έσταυροῦτο
1426 5188 1509 5237 καὶ
1555 5185 1883 5245 ἆπέθνησκενς
1931 5184 2168 5256 ἀλλότρια

607 5275 706 5347 γάρ
732 5280 896 5327 ταῦτα
921 5280 1066 5327 Θεοῦ.
1096 5277 1158 5324 Εἰ
1180 5272 1232 5327 δέ
1262 5270 1514 5348 ἄνθρωπος
1541 5273 1708 5343 μόνον,
1726 5279 1833 5332 πῶς
1852 5270 1936 5328 διά
1960 5281 2045 5328 τοῦ
2073 5277 2168 5328 πά-

606 5364 724 5421 θους
751 5365 908 5425 ίνίιιας
936 5370 1044 5421 πῶς
1072 5359 1257 5425 armis;
1285 5368 1395 5420 πῶς
1420 5362 1701 5423 ἐζωοποίεις
1740 5368 1900 5415 ταῦτα
1920 5364 2019 5434 γάρ
2041 5363 2168 5438 ὐπίρ

608 5447 855 5523 ἅνθρτ-ιπον
879 5448 956 5508 ἦν.
990 5458 1086 5505 Νῦν
1106 5449 1159 5505 δέ
1194 5450 1219 5503 ὸ
1243 5451 1391 5508 αὐτὸς
1415 5451 1645 5519 πάσχει,
1677 5451 1758 5502 καί
1784 5451 1956 5516 σώζει,
1986 5454 2065 5504 καί
2088 5448 2170 5504 διά

605 5547 696 5599 τοῦ
726 5541 909 5597 πάθους
939 5541 1105 5607 νωιᾷρ
1128 5541 1277 5602 αὐτὸς
1297 5539 1442 5601 Θεὸς,
1463 5538 1486 5591 ὸ
1511 5538 1667 5596 αὐτὸς
1696 5534 2032 5608 ἅνθρωποςὲὸ
2058 5560 2169 5604 συν-

3891 3260 3893 3407 1

3889 3584 3891 3689 ψ
