3958 6288
264 245 372 308 99⁵1

1431 249 1844 308 CONFESSIO
1884 217 2146 310 uncus
2186 251 2417 312 FIDEI.

3381 252 3486 314 998

275 351 588 425 αμφότερον,
628 355 787 422 οὕτως
809 355 857 410 ἓν
891 358 1151 429 ἑκάτερον,
1182 359 1247 419 ὡς
1284 359 1442 429 μόνον.
1470 357 1614 412 Ὀθεν
1643 359 1690 421 ἐξ
1725 357 1827 409 ἔκα-

1949 354 2060 409 Ilmc
2083 356 2219 409 enim
2241 371 2396 424 supra
2421 358 2644 418 hominis
2666 365 2906 414 naturam
2937 367 3108 415 erant.
3138 360 3286 416 Nunc
3308 371 3487 414 autem

274 447 433 517 τέρας
456 447 670 517 φύσεως,
697 449 954 501 τουτέστιν
977 449 1027 500 ἐκ
1054 445 1282 507 θεότητος
1322 451 1403 501 καὶ
1431 447 1839 519 ἀνθρωπότητος.

274 535 367 589 ἕνα
391 537 603 608 Χριστόν
632 534 866 590 σύνθετον
902 538 1146 610 λέγοντες,
1179 537 1442 609 σύγχυσιν
1459 548 1519 611 τῇ
1549 539 1724 593 ίνώσει
1750 539 1840 590 οὑκ

274 625 629 694 ἐπεισαγόμεν.
659 629 750 678 Καί
770 627 820 680 ἔν
841 626 1050 702 ἑκατέρᾳ
1074 626 1126 681 δὲ
1164 631 1338 698 φύσει,
1378 630 1639 681 τουτέστιν
1659 629 1709 679 ἓν
1737 625 1844 679 θεό-

273 735 390 769 τητι
435 716 517 765 καί
568 715 942 786 ἀνθρωπότητι,
993 720 1079 770 τὸν
1126 718 1212 771 ἕνα
1255 720 1419 792 κύριον
1479 719 1616 786 ἡμῶν
1658 715 1844 773 Ἰησοῦν

269 805 489 874 Χριστὸν
515 805 597 858 τὸν
623 812 710 858 τοῦ
736 813 862 860 Θεοῦ
892 807 1029 879 λόγον
1060 809 1400 882 σαρκωθίντα,
1427 811 1510 860 καί
1535 807 1844 880 ἕνανθρωπῆ-

270 911 439 946 σαντα
464 895 817 963 γινώσκοντες,
865 893 1109 969 διαίρεσιν
1146 896 1233 964 μέν
1265 917 1374 950 τινα
1416 893 1507 963 lia.
1553 895 1644 948 ἀνά
1674 892 1842 965 μέρος]

268 980 481 1052 ἀμερὸς,
498 981 527 1038 ἦ
548 986 706 1050 τομγίν
725 984 808 1035 οὑκ
828 983 1122 1055 ἐπιφέρομεν
1149 991 1210 1056 τῇ
1241 989 1330 1053 μιᾷ
1351 986 1504 1049 αὑτοῦ
1531 984 1842 1037 ὑποστάσει⁶

267 1073 362 1125 τήν
385 1066 694 1140 δέδιαφοράν
723 1076 820 1121 τῶν
846 1070 1059 1136 φύσεων,
1090 1071 1140 1132 ἐξ
1167 1068 1232 1122 ὧν
1253 1073 1337 1122 καί
1365 1071 1630 1131 συνετέθη,
1660 1067 1846 1138 σημαί-

268 1178 441 1225 νομεν,
485 1159 572 1211 οὑκ
615 1160 918 1231 ἀνῃρημένην
961 1157 1044 1211 διὰ
1069 1163 1157 1216 την
1185 1159 1394 1225 ἶνωσιν,
1439 1156 1608 1215 ἔπειδὴ
1635 1156 1844 1228 ἑκατέρα

267 1254 426 1317 φύσις
450 1249 588 1302 ἐστὶν
615 1249 664 1298 ἐν
693 1248 850 1314 αὑτῷ.
881 1247 1161 1306 Συνθέσεως
1186 1253 1281 1320 γὰρ
1307 1245 1721 1316 ὁμολογουμένης,
1759 1245 1845 1296 καὶ

267 1337 341 1392 τά
363 1336 490 1408 μέρη
514 1337 560 1386 ἐν
582 1341 653 1403 τῷ
679 1332 775 1407 ὅλῳ
800 1336 1060 1408 ὑπάρχει,
1092 1338 1181 1388 καὶ
1211 1337 1270 1389 τὸ
1310 1335 1422 1388 ὅλον
1446 1335 1494 1387 ἐν
1521 1341 1623 1391 το’ς
1667 1332 1845 1402 μέρεσι

268 1423 595 1492 γινώσκεται.
626 1421 753 1479 Οὔτε
789 1425 888 1506 γὰρ
930 1424 960 1482 ἠ
999 1423 1108 1475 θεία
1135 1425 1286 1492 φύσις
1324 1425 1394 1482 είς
1417 1426 1506 1480 την
1537 1421 1846 1494 ἀνθρωπίνην

270 1511 586 1577 μετεϐλήθη,
627 1509 742 1565 οὔτε
787 1510 839 1566 δὲ
881 1513 911 1569 ἡ
955 1513 1234 1588 ἀνθρωπὶνη
1274 1513 1421 1580 φύσις
1462 1512 1532 1568 εἰς
1579 1515 1668 1564 την
1714 1508 1846 1560 θείαν

270 1600 470 1672 ἐτράπη
487 1615 500 1628 °
529 1601 790 1668 νοουμένης
819 1599 870 1654 δὲ
902 1601 1105 1668 μᾶλλον,
1135 1603 1217 1654 καί
1241 1599 1586 1674 ὑπαρχούσης
1608 1596 1846 1668 ἑκατέρας

1946 445 2082 500 idem
2113 447 2224 514 ipse
2251 448 2474 514 patitur,
2503 454 2560 500 et
2583 447 2758 501 salvos
2788 447 2944 516 facit,
2973 456 3027 504 et
3056 464 3151 519 per
3189 449 3490 519 passionem

1942 536 2121 600 vincit,
2151 535 2288 589 idem
2314 537 2426 604 ipse
2447 535 2616 601 Deus,
2651 536 2762 604 ipse
2790 539 2978 600 homo,
3010 548 3290 608 utrumque
3318 546 3343 574 ⁸
3370 546 3490 591 tan—

1941 638 2096 694 quam
2127 639 2288 680 unum
2313 663 2328 688 ,
2376 633 2654 692 utrumque
2701 633 2948 693 tanquam
2991 627 3185 681 solum.
3241 625 3388 682 Unde
3422 640 3492 681 ex

1943 719 2166 778 utraque
2188 720 2397 778 natura,
2417 711 2466 764 id
2490 719 2571 765 est
2596 726 2659 765 ea
2675 712 2870 766 deitate
2891 722 2945 768 et
2960 714 3306 781 humanitate,
3329 731 3491 770 unum

1941 798 2207 859 Christum
2227 803 2576 872 compositum
2597 802 2854 868 dicentes,
2876 804 3240 862 confusionem
3271 808 3495 862 unitioni

1943 904 2047 943 non
2069 891 2464 948 introducimus.
2492 891 2556 944 Et
2579 894 2630 945 in
2656 901 2878 960 utraque
2905 903 3078 948 autem
3103 907 3310 960 natura,
3341 898 3392 952 id
3413 907 3497 953 est

1941 979 1994 1033 in
2019 979 2294 1034 divinitate
2313 989 2367 1034 et
2395 982 2739 1047 humanitate,
2767 999 2924 1037 unum
2947 984 3225 1038 Dominum
3255 995 3493 1042 nostrum

1940 1065 2121 1122 Jesum
2140 1067 2407 1122 Christum
2426 1069 2758 1124 DeiVerbum
2777 1072 3125 1134 incarnatum,
3149 1084 3203 1126 et
3225 1075 3493 1128 hominem

1939 1156 2135 1211 factum
2161 1167 2562 1224 cognoscentes,
2593 1160 2906 1216 divisionem
2934 1161 3144 1228 quidem
3175 1177 3272 1230 per
3297 1171 3498 1231 partes,

1942 1246 2024 1298 vel
2055 1247 2365 1301 incisionem
2407 1264 2510 1302 non
2538 1248 2812 1304 inferimus
2841 1253 2930 1305 uni
2957 1255 3070 1319 ejus
3096 1253 3446 1308 subsistentia:
3479 1271 3493 1306 :

1942 1335 2288 1390 diti'erentiam
2315 1346 2490 1392 autem
2513 1350 2841 1407 naturarum,
2871 1358 2936 1396 ex
2961 1345 3150 1410 quibus
3170 1347 3497 1412 compositus

1941 1431 2041 1486 est,
2071 1423 2446 1492 signiﬁcamus,
2470 1443 2577 1480 non
2601 1429 2971 1498 interetnptam
2995 1439 3215 1500 prepter
3241 1434 3497 1486 unitatem

1945 1511 2318 1584 [unitionem],
2362 1517 2612 1582 quoniam
2660 1523 2885 1589 utraque
2929 1528 3117 1572 natura
3158 1520 3213 1573 in
3253 1520 3367 1589 ipso
3393 1531 3494 1574 est.

1943 1601 2073 1656 Cum
2103 1602 2242 1656 enim
2272 1605 2712 1673 compositionem
2744 1605 3000 1672 dicamus,
3027 1622 3243 1663 necesse
3266 1616 3348 1662 est
3369 1624 3498 1662 con-

271 1687 328 1741 ἐν
359 1695 432 1758 τῷ
464 1697 553 1747 τῆς
602 1687 731 1749 ἰδίας
771 1690 970 1760 φύσεως
1001 1688 1102 1765 ὅρῳ
1143 1710 1197 1745 τε
1247 1693 1330 1744 καί
1366 1690 1496 1759 λόγῳ
1538 1687 1842 1760 πεπρᾶχθαί

1949 1689 2081 1746 [iteri
2103 1698 2157 1746 et
2183 1701 2363 1760 partes
2389 1693 2442 1747 in
2470 1701 2584 1748 toto
2605 1709 2744 1759 esse,
2773 1702 2827 1746 et
2850 1702 3017 1750 totum
3056 1697 3107 1750 in
3135 1699 3372 1767 partibus
3399 1715 3496 1753 co-

273 1797 438 1849 φαμεν
461 1788 550 1836 τήν
573 1778 750 1833 ἕνωσιν
776 1779 880 1833 καθ’
911 1780 1221 1834 ὑπόστασιν.
1261 1790 1314 1833 Ἦ
1340 1777 1393 1834 δᾶ
1428 1777 1534 1832 καθ’
1560 1779 1842 1832 ὑπόστασιν

269 1866 454 1924 ἕνωσις
479 1865 634 1930 δηλοῖ,
666 1866 743 1922 ὅτι
772 1868 795 1920 ὁ
825 1871 947 1928 Θεὸς
968 1870 1108 1939 λόει-ος
1125 1907 1141 1933 ,
1167 1871 1430 1928 τουτέστιν
1454 1870 1483 1925 ἡ
1507 1870 1598 1936 μία
1617 1867 1844 1922 ὑπόστα-

276 1975 366 2014 σις
397 1956 448 2013 ἐκ
489 1963 588 2008 τῶν
615 1965 764 2028 τριῶν
803 1967 890 2016 τῆς
929 1960 1157 2018 θεότητος
1199 1961 1560 2025 ὑποστάσεων,
1598 1960 1655 2012 οὑ
1685 1966 1844 2029 προῦ-

274 2043 530 2094 ποστάντι
556 2044 798 2116 ἀνθρώπῳ
827 2046 1026 2111 suos,
1049 2047 1149 2098 ἀλλ’
1184 2048 1234 2098 ἐν
1268 2055 1330 2119 τῇ
1355 2049 1538 2118 γαστρί
1563 2054 1653 2105 τῆς
1695 2046 1844 2115 ἁγίας

271 2129 527 2200 παρθένου
557 2127 946 2203 ἐδημιούργησεν
970 2133 1132 2201 ἐαυτῷ
1162 2134 1212 2195 ἐξ
1243 2136 1394 2191 αὑτῆς
1424 2131 1472 2186 ἐν
1494 2140 1556 2207 τῇ
1585 2131 1688 2206 ἰδίᾳ
1715 2135 1845 2186 ὑπο-

273 2237 467 2270 στάσει
494 2219 659 2289 σάρκα
683 2219 1016 2288 ἐψυχωμέιην
1045 2221 1195 2292 ψυχῇ
1222 2222 1386 2296 λογικῇ
1414 2225 1499 2276 καὶ
1524 2227 1690 2295 νοερᾷ,
1720 2220 1843 2299 ὅπερ

271 2307 393 2360 ἐστί
423 2307 570 2376 φύσις
613 2308 921 2380 ἀνθρωπίνη⁶
975 2313 1164 2369 ταύτην
1209 2311 1262 2365 δὲ
1295 2317 1382 2370 τήν
1417 2313 1521 2366 καθ’
1559 2315 1845 2368 ὑπόστασιν

273 2401 370 2448 τοῦ
413 2402 538 2448 Θεοῦ
566 2397 709 2465 λόγου
750 2419 819 2472 πρ
833 2405 877 2458 ’.ς
908 2405 997 2457 την
1024 2403 1189 2473 σάρκα
1232 2402 1411 2455 ἕνωσιν
1438 2401 1683 2457 διδάσκων
1710 2405 1846 2472 ἡμᾶς

273 2489 358 2539 καί
378 2485 403 2538 ὁ
425 2490 554 2546 θεῖος
571 2488 868 2551 ἀπόστολος,
896 2490 1172 2562 λε’γειμὋς
1200 2494 1246 2544 ἐν
1264 2501 1426 2566 μορφῇ
1439 2499 1566 2546 Θεοῦ
1588 2493 1844 2566 ὑπάρχων

273 2576 378 2651 οὑχ
410 2575 671 2650 ἁρπαγμὸν
713 2579 936 2650 ἡγήσατο
978 2582 1030 2638 τὸ
1059 2576 1184 2635 εἶναι
1216 2578 1308 2636 ἶσα
1336 2569 1482 2654 Θεῷ,
1523 2582 1627 2636 ἀλλ’
1668 2584 1844 2638 ἑαυτὸν

275 2665 511 2728 ἐκένωσε,
543 2670 733 2738 μορφήν
762 2665 937 2722 δούλου
963 2668 1148 2721 λαϐὼν.
1165 2686 1184 2720 t
1211 2672 1298 2725 Διά
1316 2674 1412 2747 γάρ
1443 2677 1532 2724 τοῦ
1559 2675 1719 2725 εἰπεῖν
1736 2710 1751 2735 ,
1783 2671 1846 2732 ὃς

276 2753 336 2804 ἐν
367 2762 571 2827 μορφῇ
604 2763 753 2808 Θεοῦ
789 2757 1126 2830 ὑπάρχων,
1156 2763 1244 2817 την
1270 2767 1357 2814 τοῦ
1385 2761 1534 2832 λόγου
1558 2762 1845 2816 ὑπόστασιν

276 2841 622 2913 ὑπάρχουσαν
639 2842 817 2908 ἔδειξεν
834 2848 882 2898 ἐν
905 2849 1054 2920 οὐσίᾳ
1072 2854 1218 2901 Θεοῦ.
1238 2851 1326 2903 Διά
1347 2850 1398 2903 δέ
1415 2856 1503 2905 τοῦ
1527 2853 1700 2912 εἰπεῖν,
1715 2866 1849 2924 μορ-

278 2950 393 2997 ιρην
414 2928 634 2987 δούλου
658 2930 901 2992 ἔλαϐεν,
929 2938 1072 3008 οὐσίᾳ
1091 2939 1370 3007 ἀνθρώπου,
1398 2942 1602 3009 καὶούχ
1621 2942 1848 2996 ὑποστά-

1942 1779 2146 1848 gnosci.
2177 1779 2287 1834 Nec
2313 1781 2454 1834 enim
2492 1782 2666 1835 divina
2697 1790 2885 1834 natura
2917 1782 2967 1838 in
3009 1784 3290 1839 humanam
3321 1794 3496 1839 trans—

1939 1877 2141 1922 mutata
2170 1877 2281 1931 est,
2310 1885 2410 1924 nec
2434 1870 2664 1925 humana
2695 1883 2883 1928 natura
2907 1874 2958 1928 in
2987 1874 3216 1927 divinam
3237 1889 3493 1928 conversa

1941 1967 2041 2014 est.
2065 1958 2229 2027 Magis
2244 1970 2421 2014 autem
2443 1961 2770 2028 intelligitur,
2787 1965 2928 2031 quod
2947 1972 3168 2030 utraque
3184 1964 3235 2017 in
3257 1965 3488 2032 proprie-

1941 2055 2050 2100 tate
2077 2055 2131 2100 et
2160 2047 2364 2100 ratione
2391 2061 2500 2100 sum
2522 2056 2722 2101 natum
2744 2057 3022 2115 manente,
3053 2049 3190 2102 facta
3211 2059 3292 2102 est
3319 2049 3497 2103 unitas

1943 2135 2155 2210 [unitio]
2176 2137 2462 2191 secundum
2483 2137 2897 2192 subsistentiam.
2919 2137 3102 2192 Unitas
3118 2146 3294 2192 autem
3309 2153 3488 2191 secun-

1940 2227 2067 2277 dum
2089 2224 2481 2278 subsistentiam
2512 2225 2788 2295 signiﬁcat,
2809 2226 2954 2295 quod
2984 2228 3122 2281 Deus
3159 2227 3410 2291 Verbum,
3442 2228 3495 2282 id

1941 2320 2024 2365 est
2040 2327 2141 2364 una
2160 2313 2497 2366 subsistentia
2509 2315 2754 2369 extribus
2767 2316 2978 2369 deitatis
2993 2316 3366 2382 subsistentiis,
3380 2331 3486 2372 non

1942 2409 2066 2455 ante
2089 2401 2346 2470 plasmato
2371 2404 2570 2456 homini
2592 2404 2770 2458 unitus
2797 2413 2898 2468 est,
2929 2403 3021 2458 sed
3043 2405 3094 2457 in
3123 2413 3276 2458 utero
3296 2413 3493 2458 sanctis

1948 2489 2174 2558 Virginis
2201 2493 2404 2545 creavit
2431 2493 2532 2546 sibi
2560 2507 2628 2547 ex
2659 2493 2771 2562 ipsa
2801 2493 2854 2546 in
2885 2509 2978 2548 sua
3008 2494 3347 2550 subsistentia
3375 2509 3497 2548 car-

1944 2593 2064 2632 nem
2095 2579 2380 2632 auimatam
2406 2580 2580 2639 anima
2605 2581 2853 2635 rationali
2881 2591 2935 2635 et
2961 2582 3324 2646 intellectuali,
3353 2584 3496 2649 quod

1944 2679 2026 2722 est
2050 2677 2237 2720 natura
2262 2667 2511 2722 humana.
2533 2667 2680 2724 Hanc
2699 2678 2876 2724 autem
2896 2672 3184 2726 secundum
3206 2673 3497 2726 subsisten-

1947 2760 2071 2814 tiam
2103 2760 2358 2813 unitatem
2383 2759 2718 2831 [unitionem]
2760 2760 2854 2815 Dei
2878 2759 3036 2816 Verbi
3065 2762 3131 2815 ad
3156 2776 3369 2818 carnem
3397 2761 3495 2815 do-

1945 2861 2070 2900 cens
2091 2862 2187 2900 nos
2207 2857 2262 2903 et
2279 2847 2486 2900 divinus
2497 2848 2781 2915 Apostolus
2801 2849 2931 2902 dicit
2953 2867 2966 2900 :
2995 2847 3096 2912 Qui
3122 2865 3235 2902 cum
3255 2851 3309 2901 in
3334 2851 3499 2919 [arma

1948 2935 2046 2990 Dei
2077 2947 2226 3002 esset,
2268 2953 2371 2993 non
2399 2939 2638 3005 rapinam
2673 2937 2948 2990 arbitratus
2986 2946 3062 2990 est
3108 2937 3350 3006 aqualem
3391 2946 3508 2989 sese

281 3037 388 3082 cst,
403 3019 510 3076 ἤτοι
529 3023 786 3094 προσώπῳ
803 3023 1036 3080 ἕνωθῆναι
1056 3027 1136 3078 τὸν
1153 3027 1268 3079 Θεὸν
1284 3027 1423 3097 λόγον
1439 3027 1699 3096 ἐσήμανεν.
1715 3029 1841 3083 Οὔτε

1949 3044 2055 3081 esse
2075 3026 2202 3092 Deo,
2225 3027 2314 3084 sed
2339 3028 2664 3095 semetipsum
2689 3027 2990 3090 exittanivit,
3019 3028 3238 3095 formam
3259 3025 3386 3077 servi
3414 3041 3502 3076 σεο

282 3104 634 3182 νάρεῖπξηὸν
655 3110 712 3163 ἐν
738 3120 936 3186 μορφῇ
961 3109 1186 3168 δούλου
1208 3115 1582 3189 ὑπάρχοντα
1604 3116 1840 3182 ἔλαϐεν,

283 3199 368 3250 ἶνα
396 3203 465 3268 μή
493 3203 874 3271 προῦποστάντι
905 3207 1145 3278 ἀνθρώπῳ
1167 3206 1394 3264 ἑνωθῆναι
1421 3208 1555 3278 δείξῃ
1579 3211 1842 3281 τὸνλόγον,

284 3292 442 3348 καθὼς
488 3287 742 3362 Θεόδωρος
780 3295 861 3344 καὶ
903 3292 1162 3366 Νεστόριος
1203 3296 1498 3356 ἀσεϐοῦντες
1534 3299 1849 3369 ἐϐλασφήμη-

286 3395 422 3437 σαν,
452 3386 698 3444 σχετικὴν
727 3383 816 3443 τήν
851 3381 1028 3434 ἕνωσιν
1073 3383 1311 3452 λέγοντες.
1345 3392 1506 3452 Ἦμεῖς
1543 3384 1594 3439 δὲ
1637 3397 1698 3458 τῇ
1744 3391 1850 3462 θείᾳ

289 3474 458 3536 γραφῇ
477 3505 491 3526 ,
524 3470 606 3519 καὶ
645 3477 747 3527 τοῖς
775 3468 934 3538 ἁγίοις
963 3473 1216 3545 πατράσιν
1243 3473 1474 3541 ἑπόμενοι
1500 3475 1847 3547 ὁμελογοῦμεν,

292 3557 375 3610 ὅτι
401 3557 423 3609 ὸ
449 3559 572 3616 Θεὸς
591 3557 733 3627 λόγος
756 3562 884 3634 σάρξ
909 3561 1122 3629 ἐγένετο.
1161 3561 1283 3636 ὅπερ
1307 3566 1419 3617 ἐστὶ
1438 3564 1541 3619 καθ’
1567 3567 1848 3619 ὑπόστασιν

292 3646 459 3715 ἑαυτῷ
489 3649 671 3701 ίνῶσαι
709 3650 856 3718 φύσιν
891 3651 1213 3722 ἀνθρωπίνην.
1244 3655 1322 3704 Διὸ
1355 3657 1435 3706 καί
1475 3651 1544 3713 εἷς
1568 3656 1797 3724 ὑπάρχει
1824 3653 1849 3708 ὸ

293 3737 468 3806 κύριος
494 3737 630 3799 ἡμῶν
662 3733 852 3794 Ἰησοῦς
880 3738 1093 3808 Χριστὸς
1111 3780 1126 3804 ,
1157 3741 1207 3790 ἓν
1235 3739 1396 3810 ἑαυτῷ
1424 3739 1569 3809 ἔχων
1593 3744 1648 3793 τὸ
1672 3743 1852 3800 τέλειον

294 3831 389 3882 τῆς
410 3826 566 3881 θείκῆς
587 3822 806 3894 φύσεως,
829 3828 984 3882 καὶτὸ
1003 3827 1179 3879 τέλειον
1196 3835 1284 3885 τῆς
1305 3828 1612 3900 ἀνθρωπίνης
1633 3826 1848 3900 φύσεως·

294 3914 381 3966 γαί
407 3909 518 3965 ἔστι
544 3917 809 3981 μονογενὴς
839 3915 926 3980 μέν
952 3917 1034 3966 καί
1056 3914 1202 3982 λόγος
1226 3917 1291 3973 ὡς
1317 3916 1375 3970 ἐκ
1390 3921 1511 3969 Θεοῦ
1534 3916 1725 3985 πατρὸς
1745 3935 1848 3987 γεν-

297 4005 483 4069 νηθείς,
515 4008 598 4056 καὶ
627 4004 939 4075 πρωτότοκος
970 4003 1022 4058 δὲ
1065 4003 1113 4055 ίν
1139 4003 1342 4064 πολλοῖς
1365 4001 1593 4077 ἀδελφοῖς
1627 4004 1652 4058 ὸ
1677 4006 1852 4069 αὑτὸς,

297 4090 380 4146 ὅτε
405 4094 600 4163 γέγονεν
622 4090 885 4166 ἄνθρωπος
901 4107 916 4122 ⁸
953 4093 978 4146 ὁ
1005 4095 1104 4165 γὰρ
1128 4093 1234 4154 υίὸς
1259 4099 1346 4146 τοῦ
1375 4101 1499 4147 Θεοῦ
1537 4096 1642 4153 υῗὸς
1665 4095 1855 4166 ἀνθρώ-

297 4201 399 4233 που
443 4183 636 4251 γέγονε.
665 4186 752 4236 Καὶ
774 4186 940 4250 μείνας
963 4181 1084 4257 ὅπερ
1107 4181 1182 4249 ἦν,
1211 4186 1269 4237 οὑ
1302 4185 1568 4251 μετέϐαλεν
1596 4182 1718 4257 ὅπερ
1760 4186 1854 4254 γέ-

297 4287 461 4337 γονεν.
478 4267 620 4322 Ὀθεν
634 4274 715 4322 καὶ
737 4269 826 4331 δύο
853 4275 1105 4340 γεννήσεις
1124 4278 1215 4324 τοῦ
1238 4276 1390 4326 αὑτοῦ
1412 4280 1704 4343 μονογενοῦς
1725 4279 1851 4327 Θεοῦ

1944 3117 2134 3182 cipieus
2175 3115 2444 3184 (Philipp.
2472 3115 2560 3182 ιι).
2605 3112 2707 3168 Per
2731 3115 2835 3168 hoc
2858 3115 2996 3167 enim
3028 3113 3168 3182 quod
3197 3112 3351 3176 dixit,
3401 3110 3500 3175 Qui

1943 3221 2057 3258 cum
2084 3207 2136 3258 in
2166 3208 2332 3271 forma
2347 3205 2440 3258 Dei
2466 3212 2616 3265 esset,
2635 3203 2783 3258 Verbi
2820 3203 3212 3260 subsistentiam
3243 3203 3294 3256 in
3317 3210 3501 3256 natura

1944 3294 2039 3348 Dei
2065 3308 2185 3348 esse
2212 3293 2444 3347 ostendit
2477 3310 2488 3344 :
2521 3306 2617 3360 per
2643 3292 2745 3346 hoc
2771 3301 2947 3346 autem
2985 3291 3126 3360 quod
3157 3291 3308 3353 dixit,
3361 3289 3498 3344 For-

1947 3398 2082 3433 mam
2111 3383 2241 3432 servi
2266 3382 2479 3448 accepit,
2504 3386 2705 3434 naturae
2732 3379 2979 3443 hominis,
3006 3387 3062 3432 et
3090 3393 3194 3432 non
3215 3378 3503 3432 subsistens

1948 3471 2033 3522 tiae
2061 3469 2171 3522 sive
2199 3483 2466 3535 personae,
2509 3467 2712 3520 unitum
2741 3481 2860 3523 esse
2889 3466 3054 3520 Deum
3077 3464 3309 3518 Verbum
3337 3464 3503 3530 signi-

1949 3556 2144 3611 ficavit.
2175 3555 2284 3610 Nec
2310 3555 2451 3608 enim
2482 3553 2634 3617 dixit,
2665 3554 2807 3620 quod
2829 3568 2950 3607 eum
2978 3552 3068 3620 qui
3092 3552 3146 3605 in
3170 3551 3335 3606 forma
3365 3551 3504 3611 servi

1949 3654 2082 3711 erat,
2114 3645 2351 3711 accepit,
2384 3659 2450 3696 ne
2477 3652 2602 3696 ante
2632 3642 2894 3710 plasmato
2925 3641 3128 3694 homini
3160 3641 3362 3694 unitum
3387 3653 3505 3699 esse

1952 3733 2114 3784 Deum
2139 3730 2363 3784 Verbum
2387 3728 2710 3790 ostenderet,
2743 3728 2879 3781 sicut
2907 3726 3216 3779 Theodorus
3244 3733 3298 3778 et
3319 3725 3501 3782 Nesto-

1951 3821 2060 3872 rius
2107 3817 2251 3885 impii
2297 3817 2837 3883 blasphemaverunt,
2893 3813 3224 3867 affectualem
3271 3813 3507 3868 dicentes

1953 3907 2232 3959 unitatem.
2257 3902 2365 3955 Nos
2393 3910 2571 3954 autem
2591 3912 2877 3966 sequentes
2905 3901 3108 3953 divinas
3135 3898 3432 3966 Scripturas
3453 3905 3507 3952 et

1951 4002 2164 4050 sanctos
2195 3990 2406 4054 Patres,
2438 3987 2752 4042 confitemur
2789 3987 2930 4054 quod
2958 3985 3097 4040 Deus
3123 3985 3353 4039 Verbum
3382 3998 3507 4038 eam

1951 4085 2120 4139 factus
2136 4089 2236 4145 est,
2250 4079 2389 4149 quod
2409 4086 2491 4132 est
2507 4076 2794 4132 secundum
2814 4076 3206 4130 subsistentia":
3228 4074 3328 4128 sibi
3353 4074 3504 4126 unire

1955 4179 2196 4226 naturam
2220 4169 2500 4221 humanam
2532 4183 2545 4218 :
2569 4165 2688 4219 ideo
2710 4173 2763 4220 et
2782 4181 2917 4221 unus
2936 4172 3018 4217 est
3043 4162 3296 4216 Dominus
3325 4167 3509 4220 noster

1953 4260 2106 4316 Jesus
2132 4258 2373 4313 Christus
2397 4299 2413 4324 ,
2465 4255 2665 4310 habens
2702 4255 2758 4308 in
2800 4255 3086 4322 semetipso
3125 4251 3503 4321 perfectionem

298 4355 448 4427 λόγου
488 4355 837 4428 ὁμολογοῦμεν·
879 4363 967 4416 τὴν
1001 4361 1088 4428 μίν
1124 4362 1222 4435 πρὸ
1251 4362 1436 4412 αἰώνων
1473 4363 1526 4413 ἐκ
1551 4367 1637 4414 τοῦ
1667 4363 1849 4434 πατρὸς

1956 4349 2146 4404 divina:
2174 4355 2406 4412 naturae,
2437 4353 2492 4399 et
2518 4343 2896 4413 perfectionem
2920 4349 3123 4394 natura:
3152 4341 3411 4392 humanae.
3445 4335 3509 4394 Et

299 4446 609 4514 ἀσωμάτως,
641 4451 728 4503 τήν
759 4446 809 4500 δέ
835 4447 914 4501 ἐπ’
947 4449 1182 4515 ἐσχάτων
1219 4456 1316 4502 τῶν
1344 4451 1539 4523 ἡμερῶν
1575 4454 1664 4504 τοῦ
1699 4454 1854 4505 αὑτοῦ

301 4537 356 4586 ἐκ
380 4542 471 4592 τῆς
500 4534 644 4605 ἁγίας
675 4534 864 4598 ἐνδόξου
902 4541 1158 4600 θεοτὸκου,
1189 4541 1270 4593 καί
1306 4540 1629 4612 ἀειπαρθένου
1657 4542 1860 4613 Μαρίας

303 4625 669 4695 σαρκωθέντος,
701 4626 787 4677 καί
817 4627 1305 4699 ἑνανθρωπησαντος.
1347 4639 1401 4682 '0
1435 4630 1531 4702 γάρ
1572 4631 1625 4685 ἐκ
1660 4632 1856 4703 πατρὸς

303 4709 564 4780 ἒκλάμψας
587 4713 716 4789 ὑπὲρ
740 4711 915 4768 ἔννοιαν
930 4755 946 4778 ,
981 4713 1033 4768 ἐκ
1055 4719 1245 4789 μητρός
1281 4717 1513 4772 ἀνέτειλεν
1538 4718 1666 4788 ὑπὲρ
1690 4717 1854 4788 λόγον.

308 4803 402 4852 καί
421 4798 487 4853 ὢν
515 4802 635 4862 Θεὸς
657 4805 831 4864 ἀληθής·
855 4802 1109 4879 ἄνθρωπος
1132 4811 1326 4876 γέγονεν
1358 4807 1567 4867 ἀληθῶς.
1597 4811 1686 4864 Διά
1709 4817 1858 4870 τοῦτο

311 4891 493 4958 κυρίως
522 4895 604 4944 καὶ
642 4894 769 4948 κατὰ
793 4896 1016 4952 ἀλήθειαν
1053 4898 1271 4952 θεοτόκον
1314 4903 1402 4954 την
1445 4898 1609 4969 ἁγίαν,
1651 4896 1860 4962 ἔνδοξον,

311 4977 396 5030 καὶ
423 4979 741 5051 άειπάρθενον
774 4991 962 5060 Μαρίαν
986 4984 1336 5055 ὁμολογοῦμεν.
1369 4988 1482 5054 Οὑχ
1517 4989 1584 5045 ὡς
1608 4992 1695 5041 τοῦ
1736 4992 1861 5040 Θεοῦ

312 5061 456 5136 λόγου
480 5074 568 5125 τήν
588 5071 758 5140 ἀρχήν
779 5073 825 5134 ἐξ
849 5076 1004 5132 αὐτῆς
1025 5074 1274 5138 λαϐὲθτος,
1299 5077 1399 5129 ἀλλ’
1419 5076 1497 5130 ὅτι
1520 5078 1599 5130 ἄπ’
1627 5080 1864 5147 ἐσχάτων

312 5163 408 5208 τῶν
451 5159 646 5233 ἡμερῶν
688 5160 840 5235 ὸπρό
881 5171 977 5217 τῶν
1017 5169 1207 5218 αἰώνων
1254 5175 1516 5240 μονογενὴς
1561 5172 1680 5228 Θεὸς
1720 5171 1863 5241 λόγος

312 5247 580 5319 σαρκωθεὶς
604 5247 653 5308 ἐξ
683 5249 837 5308 αὑτῆς
869 5249 1110 5325 ἄτρεπτος
1137 5255 1481 5327 ἐνηνθρὼπησε
1501 5272 1513 5284 ·
1541 5260 1623 5310 καὶ
1649 5258 1867 5333 ἀόρατος

307 5328 372 5383 ὧν
404 5331 455 5386 ἕν
483 5342 588 5394 τοῖς
630 5336 841 5400 ἑαυτοῦ,
875 5339 1055 5408 ὁρατὸς
1093 5343 1286 5411 γέγονεν
1328 5343 1378 5396 ἐν
1416 5335 1524 5404 τοῖς
1548 5345 1668 5418 παρ’
1714 5349 1864 5416 ἡμῖν’

315 5425 400 5474 καί
427 5425 621 5483 ἀπαθής
650 5425 714 5479 ὧν
743 5427 861 5484 Θεὸς
888 5431 976 5481 οὑκ
1002 5431 1252 5492 ἀπηξίωσε
1282 5435 1496 5492 παθητὸς
1521 5432 1644 5488 εἶναι
1674 5434 1865 5509 ἄνθρωο

391 5624 415 5650 ⁸
437 5621 607 5684 Simul
637 5633 931 5692 utrumque,
965 5623 1036 5678 ita
1064 5612 1223 5679 unum
1263 5637 1538 5694 utrumque
1577 5639 1630 5684 ut
1658 5631 1861 5688 unicus.

1963 4449 2045 4494 est
2069 4439 2366 4506 unigenitus
2393 4436 2605 4505 quidem
2625 4435 2877 4498 Verbum,
2915 4442 3104 4502 utpote
3129 4448 3194 4486 ex
3218 4431 3324 4484 Deo
3354 4430 3510 4482 Patro

1962 4547 2118 4591 natus
2142 4577 2158 4602 ,
2201 4543 2256 4589 et
2297 4534 2678 4605 primogenitus
2717 4541 2891 4589 autem
2921 4534 2976 4584 in
3004 4532 3184 4585 multis
3214 4528 3462 4582 fratribus
3494 4543 3509 4586 δ

1965 4635 2103 4689 idem
2117 4635 2232 4706 ipse
2249 4647 2371 4688 cum
2393 4631 2563 4686 factus
2583 4639 2664 4684 est
2691 4630 2854 4684 homo
2881 4628 3064 4698 (Filius
3077 4628 3225 4682 'enim
3246 4626 3355 4690 Dei,
3375 4625 3509 4678 Iilius

1965 4723 2197 4777 hominis
2217 4720 2387 4776 factus
2409 4719 2532 4789 est),
2557 4726 2607 4774 et
2634 4734 2851 4772 manens
2873 4717 3016 4787 quod
3042 4726 3176 4784 erat,
3205 4732 3308 4769 non
3335 4725 3510 4768 trans-7

1960 4812 2185 4865 mutavit
2229 4810 2371 4878 quod
2415 4810 2582 4863 factus
2621 4814 2720 4862 est.
2770 4805 2920 4861 Unde
2947 4814 3002 4860 et
3041 4806 3171 4860 duas
3207 4805 3513 4857 nativitates

1961 4900 2196 4968 ejusdem
2226 4899 2389 4967 ipsius
2416 4897 2669 4965 unigeniti
2701 4897 2794 4950 Dei
2821 4895 2977 4948 Verbi
3006 4893 3358 4950 conﬁtemur:
3393 4901 3514 4946 ante

1965 4991 2156 5046 srecula
2183 4989 2393 5056 quidem
2423 5003 2489 5042 ex
2515 4988 2673 5041 Patre
2700 4985 3108 5053 iucorporaiitcr
3142 4982 3283 5045 nati,
3312 4982 3363 5033 iu
3393 4983 3514 5032 ulti.-

1967 5083 2066 5136 mis
2092 5087 2268 5133 autem
2297 5079 2480 5132 diebus
2522 5077 2758 5146 ejusdem
2799 5077 2962 5144 ipsius
3003 5072 3260 5128 incarnati
3305 5078 3361 5123 et
3407 5070 3518 5126 nati

1971 5168 2261 5241 [humanati
2283 5165 2473 5235 Gram]
2501 5166 2566 5219 de
2593 5173 2772 5219 sancta
2801 5164 3029 5231 gloriosa
3061 5161 3150 5214 Dei
3173 5158 3439 5212 Geuitrice
3466 5165 3520 5216 ct

1970 5272 2178 5325 semper
2200 5255 2411 5322 Virgine
2438 5255 2623 5308 Maria.
2655 5252 2757 5318 Qui
2789 5253 2928 5307 enim
2962 5250 3030 5304 de
3059 5250 3216 5302 Patre
3255 5246 3522 5314 splenduit

1969 5362 2128 5416 supra
2148 5347 2493 5410 intellectum,
2519 5360 2584 5398 ex
2609 5353 2778 5398 matre
2798 5350 2946 5397 ortus
2971 5349 3054 5395 est
3077 5353 3234 5406 supra
3259 5345 3520 5390 rationem

1971 5434 2331 5510 [oralionem].
2357 5434 2420 5488 Et
2441 5450 2558 5490 cum
2584 5434 2719 5488 Deus
2745 5445 2901 5486 verus
2922 5438 3081 5492 esset,
3109 5429 3275 5482 factus
3297 5436 3373 5478 es:
3395 5436 3521 5481 vere
