3958 6288
482 259 592 325 999

1791 250 2229 316 JUSTINIANI
2269 249 2427 316 IMP.

3576 256 3723 322 ιοοο

479 385 596 421 ππ,
632 363 714 416 καί
741 360 767 415 ὃ
795 360 1045 419 ἀθάνατος.
1077 361 1240 429 νὸμοις
1267 364 1554 416 ὑποκεῖσθαι
1583 361 1812 414 θανάτου.
1853 365 2034 413 Τοῦτον

2140 357 2322 414 homo.
2346 360 2473 414 Ideo
2502 360 2719 430 proprie
2748 369 2801 414 et
2831 374 2954 414 vere
2982 359 3076 413 Dei
3115 357 3441 415 Genitricem
3461 370 3706 416 sanctam

492 448 573 504 ut»
611 449 661 503 έν
705 451 913 518 Βηθλε’μ
947 449 1234 520 γεννηθέντα
1279 451 1335 501 ἐκ
1379 450 1674 522 σπέρματος
1725 445 1875 501 Δαῦίδ
1915 445 2044 499 κατά

490 543 652 615 σάρκα
675 579 689 604 ,
722 539 1017 609 ὁμοιωθέντα
1060 541 1331 612 ἀνθρώποις
1351 586 1364 605 ,
1395 542 1479 591 καί
1520 539 1871 611 σταυρωθέντα
1913 537 2043 608 ὑπὲρ

485 637 623 702 ἡμῶν
659 635 755 681 τῶν
783 628 1054 701 ἀνθρώπων
1099 628 1179 681 έπί
1207 629 1408 679 Ποντίου
1453 626 1680 679 militum
1726 624 1962 698 ἐκήρυξαν
1997 622 2044 674 οἱ

488 719 619 791 ἅγιοι
639 719 904 773 ἀπόστολοι
924 718 1073 771 αὐτὸν
1096 713 1219 770 εἶναι
1247 718 1388 775 Θεὸν.
1422 717 1568 769 αὐτὸν
1595 712 1868 784 ἄνθρωπον,
1895 714 2042 767 αὐτὸν

484 808 591 861 υἱὸν
617 810 874 878 ἀνθρώπου
891 847 906 868 ,
932 807 1080 859 αὑτὸν
1110 806 1158 867 ἔξ
1197 806 1408 878 οὐρανοῦ
1425 843 1439 865 ,
1468 805 1612 857 αὐτὸν
1633 804 1733 856 ἀπὸ
1752 811 1865 872 γῆς,
1894 803 2043 855 αὐτὸν

483 901 668 959 ἀπαθῆ,
699 899 848 952 αὐτὸν
886 896 1116 954 παθητὸν.
1147 894 1209 947 ⁸0
1241 896 1341 967 γὰρ
1367 894 1610 963 ’γεννηθείς
1648 889 1827 946 ἄνωθεν
1864 892 1916 943 ἐκ
1950 895 2039 944 τοῦ

486 988 673 1061 πατρὸς
696 987 839 1057 λόγος
859 985 1108 1057 ἀρρήτως,
1133 984 1425 1057 ἀφράστως.
1456 980 1843 1042 ἀκαταλήπτως,
1869 976 2042 1037 ἀδίως

483 1076 637 1133 αὐτὸς
674 1075 724 1126 ὒν
756 1073 928 1145 χρόνῳ
965 1076 1191 1143 γεννᾶται
1217 1071 1429 1123 κάτωθεν
1458 1069 1511 1121 έκ
1544 1068 1790 1139 παρθένου
1821 1067 2036 1137 Μαρίας,

482 1165 566 1217 ἵνα
589 1163 635 1215 οἱ
663 1162 877 1215 κάτωθεν
904 1160 1147 1234 πρότερον
1169 1158 1496 1230 γεννηθέντες,
1527 1152 1707 1209 ἄνωθεν
1727 1157 1782 1207 έκ
1803 1153 2038 1229 δευτέρου

481 1254 778 1323 year-maciei,
807 1252 1068 1304 τουτέστιν
1094 1249 1145 1301 έκ
1177 1253 1324 1302 Θεοῦ.
1362 1248 1521 1306 Αὐτὸς
1548 1240 1633 1298 οῦν
1662 1246 1856 1314 μητέρα
1897 1243 2040 1312 μόνον

481 1341 600 1411 ἔχει
628 1343 713 1393 ὶπί
738 1347 828 1399 τῆς
854 1348 965 1411 γῆς,
991 1341 1076 1392 καί
1104 1341 1250 1407 ἡμεῖς
1269 1338 1468 1411 πατέρα
1504 1335 1650 1406 μόνον
1672 1333 1865 1403 ἔχομεν
1887 1335 1937 1387 έν
1958 1335 2041 1386 οῦ-

484 1438 639 1504 ρανῷ.
670 1430 848 1484 Λαϐὼν
873 1432 972 1501 γὰρ
997 1430 1081 1483 τὸν
1112 1429 1280 1485 θνητὸν
1307 1429 1501 1496 πατέρα
1528 1432 1626 1480 τῶν
1659 1426 1928 1498 ἀνθρώπων
1955 1426 2041 1478 τὸν

482 1517 667 1588 Ἀδὰμ,
699 1514 856 1570 ἔδωκε
885 1524 987 1574 τοῖς
1015 1517 1294 1589 ἀνθρώποις
1315 1516 1399 1568 τὸν
1427 1514 1612 1567 έαυτοῦ
1638 1513 1837 1585 πατέρα
1863 1513 2042 1566 ἀθανα-

480 1628 567 1663 τον
603 1611 730 1662 κατὰ
767 1609 825 1666 τὸ
862 1606 1140 1676 λεγόμενον,
1166 1622 1183 1654 t
1207 1602 1418 1657 Δέδωκεν
1441 1605 1616 1662 αὐτοῖς
1642 1605 1868 1664 ἐξουσίαν
1896 1604 2041 1657 τέκνα

2143 450 2427 516 gloriosam
2458 459 2512 504 et
2537 466 2753 519 semper
2782 449 3036 517 virginem
3078 450 3299 504 Mariam
3342 451 3702 507 conﬁtemur:

2144 555 2250 593 non
2288 541 2411 608 quia
2451 540 2593 596 Deus
2622 540 2854 594 Verbum
2882 540 3089 593 initium
3119 554 3185 593 ex
3214 540 3328 607 ipsa
3353 541 3583 610 accepit,
3611 544 3706 597 sed

2142 629 2282 696 quod
2308 628 2360 680 in
2387 628 2586 682 ultimis
2609 628 2796 682 diebus
2824 629 3129 695 unigenitus
3158 628 3298 683 Deus
3320 628 3586 696 Verbum,
3614 633 3706 700 qui

2142 726 2267 771 ante
2303 717 2492 771 saecula
2523 725 2667 782 erat,
2709 717 3018 772 incarnatus
3045 732 3111 770 ex
3143 717 3277 785 ipsa,
3305 719 3707 774 immutabiliter

2141 807 2303 862 homo
2331 806 2501 859 factus
2529 813 2613 858 est
2644 823 2657 857 :
2686 813 2741 859 et
2768 821 2890 859 cum
2920 806 3200 860 invisibilis
3227 807 3281 860 in
3310 809 3421 861 suis
3440 818 3607 872 esset,
3630 810 3708 863 vi-

2140 894 2306 947 sibilis
2330 893 2497 947 iactus
2524 901 2606 947 est
2634 894 2686 947 in
2718 895 2917 947 nostris
2941 912 2953 946 :
2980 903 3033 949 et
3055 910 3174 947 cum
3206 896 3547 964 impassibilis
3568 899 3708 953 Deus

2141 991 2300 1045 esset,
2331 999 2437 1036 non
2479 983 2794 1049 dedignatus
2820 991 2903 1039 est
2941 985 3208 1053 passibilis
3237 1001 3356 1040 esse
3395 987 3559 1043 homo
3580 1029 3598 1051 ,
3652 999 3709 1043 et

2140 1072 2476 1138 immortalis,
2506 1073 2696 1126 mortis
2723 1072 2926 1139 legibus
2965 1074 3259 1140 subjacere.
3291 1073 3490 1138 Istum,
3533 1077 3625 1144 qui
3653 1080 3705 1130 in

2140 1162 2450 1216 Bethleltem
2468 1163 2534 1215 de
2556 1163 2762 1217 semine
2789 1162 2952 1217 David
2977 1174 3137 1220 natus
3160 1174 3245 1219 est
3269 1167 3561 1221 secundum
3588 1183 3706 1222 car.

2139 1263 2282 1314 nem,
2312 1257 2368 1304 et
2396 1250 2584 1304 similis
2628 1248 2800 1303 factus
2842 1250 3170 1316 hominibus,
3216 1261 3270 1305 et
3313 1252 3706 1308 cruciﬁxusest

2139 1350 2237 1405 pro
2282 1337 2584 1392 hominibus
2626 1337 2725 1391 sub
2771 1336 2963 1392 Pontio
3011 1338 3224 1403 Pilato,
3279 1341 3704 1407 praedicaverunt

2138 1428 2310 1483 sancti
2346 1429 2575 1497 apostoli
2603 1428 2775 1496 ipsum
2814 1443 2934 1483 esse
2962 1428 3158 1493 Deum,
3190 1429 3364 1497 ipsum
3391 1429 3698 1490 hominem;

2140 1515 2311 1585 ipsum
2350 1516 2540 1571 Filium
2582 1517 2695 1585 Dei,
2727 1518 2899 1586 ipsum
2928 1516 3093 1571 ﬁlium
3124 1518 3394 1582 hominis;
3435 1520 3611 1588 ipsum
3637 1520 3700 1573 de

2141 1604 2302 1667 ccelo,
2327 1603 2496 1672 ipsum
2534 1604 2602 1659 de
2642 1613 2822 1670 terra;
2873 1604 3044 1673 ipsum
3084 1605 3498 1673 lmpassibilem.
3530 1607 3698 1675 ipsum

480 1706 607 1753 Θεοῦ
636 1698 871 1768 γενέσθαι.
892 1714 911 1748 ι
933 1694 1078 1748 ὐθεν
1106 1697 1188 1748 καί
1210 1695 1418 1747 θανάτου
1447 1695 1576 1746 κατὰ
1605 1694 1767 1764 σάρκα
1784 1695 1983 1763 γεύεται
2010 1693 2034 1746 5

2140 1694 2463 1760 passibilem.
2490 1694 2628 1747 Deus
2656 1696 2797 1748 enim
2826 1694 3079 1759 Verbum,
3111 1695 3201 1762 qui
3232 1703 3388 1749 natus
3414 1703 3500 1750 est
3518 1695 3698 1750 desur-

478 1789 586 1848 υίὸς
623 1776 715 1842 τοῦ
742 1779 870 1841 Θεοῦ
909 1785 993 1839 διὰ
1019 1786 1102 1838 τὸν
1142 1784 1376 1853 σαρκικὸν
1417 1784 1570 1836 αὐτοῦ
1609 1782 1838 1854 πατέρα,
1879 1782 1960 1837 ἵνα
1993 1782 2034 1832 οἱ

478 1879 579 1931 υἱοί
615 1882 706 1931 τοῦ
734 1878 989 1952 ἁνθΓῶπου
1019 1881 1108 1932 τῆς
1137 1877 1269 1936 ζωῆς
1308 1873 1465 1925 αὑτοῦ
1500 1870 1821 1938 μεταλάϐωσι
1847 1867 1928 1923 διὰ
1955 1871 2037 1923 τὸν

478 1969 605 2022 κατὰ
629 1972 825 2036 πνεῦμα
853 1967 1011 2018 αὐτῶν
1052 1963 1244 2036 πατέρα
1276 1962 1359 2015 τὸν
1399 1961 1535 2013 Θεὸν.
1587 1959 1739 2018 me;
1784 1953 1872 2011 οῦν
1913 1959 2036 2012 κατά

475 2058 622 2125 φύσιν
648 2054 757 2114 υίὸς
780 2056 885 2108 ἐστι
909 2059 998 2107 τοῦ
1032 2059 1178 2112 Θεοῦ,
1221 2053 1368 2123 ἡμεῖς
1396 2051 1528 2102 κατὰ
1556 2051 1732 2122 χάριν.
1775 2052 1866 2101 Καὶ
1886 2049 2036 2101 πάλιν

478 2148 627 2205 αὐτὸς
648 2146 754 2200 κατ’
782 2146 1054 2214 οἰκονομίαν
1078 2146 1164 2197 καί
1184 2142 1247 2197 δι’
1272 2144 1405 2201 viui;
1429 2141 1537 2199 υίὸς
1559 2141 1727 2212 γέγονε
1752 2147 1841 2194 τοῦ
1861 2138 2033 2209 ’Δδὸγῃ

478 2236 619 2301 ἡμεῖς
648 2232 700 2287 δέ
729 2236 858 2287 κατὰ
897 2234 1046 2304 φύσιν
1075 2232 1225 2302 ἐσμέν
1261 2232 1362 2284 υίοί
1389 2236 1478 2288 τοῦ
1506 2229 1685 2299 ’Δδάμ.
1731 2234 1898 2303 Πατήρ
1935 2232 2034 2303 ’γὰρ

475 2327 627 2379 αὐτοῦ
671 2326 806 2378 ἐστίν
842 2324 1020 2382 ὃΘεὸς
1060 2325 1194 2377 κατᾶ
1231 2327 1403 2395 φύσιν,
1444 2324 1579 2390 ἡμῶν
1606 2321 1659 2375 δέ
1699 2323 1829 2375 κατά
1855 2324 2032 2395 χάριν.

478 2417 566 2467 καί
586 2414 704 2472 Θεὸς
731 2414 883 2466 αὐτοῦ
926 2414 1092 2483 γέγονε
1129 2411 1239 2465 κατ’
1267 2414 1568 2478 οἰκονομίαν,
1598 2409 1724 2463 διότι
1752 2408 2032 2481 ἄνθρωπος,

475 2504 611 2572 ἡμῶν
647 2501 698 2555 δέ
734 2506 857 2556 κατὰ
903 2505 1049 2569 etiam
1095 2499 1341 2559 δεσπότης
1383 2502 1494 2554 έστί
1539 2504 1621 2553 καί
1662 2501 1804 2558 Θεὸς.
1839 2504 1925 2556 καί
1951 2500 2035 2557 διὰ

475 2599 623 2648 τοῦτο
652 2592 676 2645 ὸ
705 2593 873 2661 λόγος,
908 2590 966 2650 ὅς
1004 2592 1136 2644 ἐστιν
1173 2589 1281 2644 υίὸς
1303 2596 1391 2644 τοῦ
1419 2596 1545 2644 Θεοῦ
1585 2592 1797 2664 πατρὸς,
1842 2590 2035 2652 ένωθείς

476 2682 626 2753 σαρκί
666 2680 829 2750 γέγονε
859 2681 1019 2753 σᾶρξ,
1044 2680 1127 2733 ἶνα
1162 2678 1209 2732 οε
1232 2675 1479 2752 ἄνθρωποι
1504 2676 1754 2737 ἓνωθέντες
1786 2686 1857 2748 τῷ
1885 2681 2036 2734 πνεύ-

476 2789 618 2838 ματι.
650 2769 883 2839 γένωνται
907 2766 957 2820 ἓν
982 2774 1198 2838 πνεῦμα.
1227 2762 1378 2826 Αὐτὸς
1401 2762 1486 2820 οῦν
1518 2766 1544 2820 ὸ
1569 2768 1784 2827 ἀληθινὸς
1809 2770 1911 2828 υ’ὸι
1941 2774 2034 2824 τοῦ

477 2861 605 2911 Θεοῦ
632 2860 750 2915 τοὺς
768 2857 959 2917 πάντας
982 2859 1116 2926 ἡμᾶς
1140 2863 1294 2933 φορεῖ,
1323 2856 1403 2921 ἵνα
1428 2855 1475 2909 οί
1500 2858 1684 2916 πάντες
1707 2857 1791 2910 ἕνα
1816 2859 2036 2932 φορέσω·

476 2966 566 3016 μιν
601 2948 748 3004 Θεὸν
779 2950 865 3000 καί
888 2945 1000 3002 ἔστι
1036 2951 1120 3001 καί
1165 2949 1293 3018 μετὰ
1316 2952 1406 3005 τήν
1453 2948 1815 3024 ένανθρῶπησιν
1848 2947 1916 3008 εἷς
1943 2958 2027 3010 τῆς

2136 1796 2252 1835 sum
2275 1796 2341 1835 ex
2363 1781 2519 1836 Patre
2544 1782 2904 1848 ineil‘abiliter,
2927 1783 3376 1845 inenarrabiliter,
3400 1784 3695 1854 incompre-

2135 1870 2501 1935 hensibiliter,
2550 1872 2905 1940 scmpiterne,
2947 1872 3062 1940 ipse
3089 1872 3143 1925 in
3186 1880 3428 1940 tempore
3466 1873 3695 1927 nascitur

2136 1958 2386 2013 deorsum
2412 1959 2481 2013 de
2506 1957 2723 2025 Virgine
2746 1958 2936 2023 Maria,
2969 1965 3030 2012 ut
3052 1960 3125 2013 illi
3152 1959 3242 2027 qui
3264 1959 3516 2013 deorsum
3546 1961 3691 2026 prius

2135 2047 2247 2100 nati
2272 2054 2418 2114 sunt,
2446 2046 2722 2101 desursum
2744 2046 3035 2101 secundum
3056 2054 3424 2110 nascerentur,
3446 2046 3500 2099 id
3524 2055 3610 2099 est
3628 2062 3690 2099 ex

2136 2134 2266 2188 Deo.
2309 2133 2428 2204 Ipse
2472 2135 2631 2204 igitur
2656 2141 2885 2189 matrem
2926 2133 3297 2188 tantummodo
3327 2133 3496 2186 habet
3535 2148 3695 2201 super

2135 2232 2353 2290 terram,
2376 2233 2431 2280 et
2452 2240 2551 2281 nos
2570 2223 2935 2280 tantummodo
2956 2231 3161 2295 patrem
3182 2223 3446 2279 habemus
3467 2225 3521 2277 in
3537 2223 3691 2279 cmlo.

2134 2313 2267 2369 Cum
2311 2316 2451 2369 enim
2495 2316 2788 2385 accepisset
2832 2316 3115 2370 mortalem
3161 2326 3371 2384 patrem
3420 2315 3692 2370 hominum

2135 2403 2324 2469 Adam,
2365 2404 2510 2459 dedit
2545 2405 2850 2460 hominibus
2876 2420 3031 2458 suum
3062 2403 3275 2459 Patrem
3314 2405 3691 2468 immortalem,

2134 2493 2422 2548 secundum
2461 2495 2565 2549 hoc
2612 2494 2755 2563 quod
2800 2495 2995 2549 dicitur
3025 2512 3058 2573 τ’
3075 2493 3229 2548 Dedit
3272 2496 3347 2549 eis
3392 2503 3691 2565 potestate.

2134 2580 2272 2650 filios
2294 2580 2391 2634 Dei
2416 2582 2531 2650 ﬁeri
2561 2582 2738 2651 (Joau.
2771 2585 2833 2652 ι).
2884 2582 3036 2638 Unde
3061 2591 3115 2639 et
3141 2592 3369 2640 mortem
3399 2585 3689 2640 secundum

2135 2685 2350 2726 carnem
2379 2680 2559 2743 gustat
2586 2673 2749 2729 Filius
2781 2675 2906 2741 Dei,
2950 2684 3174 2744 propter
3215 2676 3487 2730 carnalem
3535 2692 3687 2734 suum

2135 2771 2369 2833 patrem,
2402 2772 2460 2817 ut
2488 2763 2579 2818 lilii
2604 2765 2834 2819 hominis
2857 2766 2980 2819 vita:
3007 2765 3123 2834 ejus
3151 2765 3439 2834 participes
3478 2763 3684 2825 ﬁerent.

2134 2869 2353 2931 propter
2377 2876 2528 2916 suum
2553 2862 2841 2917 secundum
2863 2863 3106 2930 spiritum
3129 2862 3340 2917 Patrem
3363 2862 3551 2916 Deum.
3575 2861 3687 2929 Ipse

2135 2952 2297 3019 igitur
2321 2951 2613 3006 secundum
2637 2961 2881 3005 naturam
2909 2951 3074 3006 Filius
3111 2959 3193 3006 est
3220 2950 3338 3015 Dei,
3385 2965 3484 3004 nos
3511 2956 3684 3003 autem

474 3035 622 3106 ἁγίας
644 3033 844 3108 τριάδος
874 3034 901 3089 ὃ
929 3041 1191 3109 μονογενής
1217 3036 1324 3094 υίὸς
1359 3042 1452 3091 τοῦ
1478 3044 1603 3091 Θεοῦ
1646 3036 1673 3090 ὸ
1694 3043 1865 3105 κύριος
1895 3040 2033 3107 ἡμῶν

2134 3038 2423 3095 secundum
2450 3040 2702 3108 gratiam;
2741 3046 2798 3093 et
2817 3039 3008 3093 iterum
3031 3040 3143 3108 ipse
3168 3038 3458 3094 secundum
3480 3037 3686 3107 dispen-

476 3120 662 3183 Ἰησοῦς
687 3125 923 3197 Χριστὸς,
955 3126 1190 3183 σύνθετος
1217 3126 1267 3188 ἐξ
1293 3123 1535 3197 έκατίρας
1563 3128 1777 3195 φύσεως.
1807 3129 2033 3181 metm

473 3205 529 3263 δέ
548 3211 635 3265 τὸν
652 3212 867 3281 Χριστὸν
893 3210 1224 3282 ὁμολογοῦμεν
1338 3218 1436 3265 τῶν
1655 3214 1881 3286 πατέρων
1909 3216 2032 3270 timo-

472 3297 756 3359 λουθοῦντες
781 3297 1096 3371 διδασκαλίᾳ.
1118 3298 1225 3353 Ἐπί
1243 3300 1338 3373 γὰρ
1357 3305 1449 3353 τοῦ
1468 3303 1596 3355 κατά
1613 3302 1828 3377 Χριστὸν
1838 3324 2032 3371 μυστηι·

471 3392 581 3459 ρίου
610 3391 640 3445 ἠ
667 3390 796 3442 κατὰ
827 3388 1057 3441 σύνθεσιν
1081 3388 1258 3447 ivvat;
1281 3393 1371 3445 τήν
1400 3388 1661 3459 σύγχυσιν
1683 3394 1765 3444 καί
1791 3389 2032 3460 διαίρεσιν

472 3477 832 3532 ἀποϐάλλεταιο
861 3480 945 3530 καί
963 3478 1196 3546 φυλάττει
1217 3481 1306 3548 μέν
1326 3483 1413 3537 τὴν
1434 3478 1675 3555 έκατέρας
1694 3483 1888 3552 φύσεως
1910 3483 2029 3539 ἰδιό-

471 3589 616 3630 τητα,
650 3572 767 3634 μίαν
790 3566 843 3621 δέ
869 3568 1171 3631 ὑπόστασιν.
1197 3569 1309 3626 ἤτοι
1327 3569 1600 3643 πρόσωπον
1624 3577 1714 3625 τοῦ
1734 3579 1862 3627 Θεοῦ
1885 3574 2028 3646 λόγου

470 3658 551 3708 καί
569 3654 697 3725 μετᾶ
722 3664 812 3715 τῆς
850 3658 1040 3731 σαρκὸς
1078 3655 1327 3721 δείκνυσι,
1359 3660 1442 3711 καί
1468 3656 1608 3715 ἔστιν
1638 3657 1709 3721 εἷς
1728 3665 1808 3716 καί
1828 3661 1855 3717 ὸ
1880 3666 2031 3724 αὐτὸς

469 3745 651 3803 τέλειος
678 3746 725 3797 ἐν
752 3744 974 3807 θεότητι,
1018 3749 1097 3799 καί
1123 3746 1310 3805 τέλειος
1339 3746 1386 3798 ἐν
1421 3747 1794 3820 ἆνθρωτότητι,
1835 3753 1935 3820 οὐχ
1964 3756 2031 3813 ὡς

467 3829 612 3885 δυσίν
647 3832 988 3886 ῦποστάσεσιν
1023 3832 1132 3891 ἤτοι
1169 3835 1495 3907 προσώποις,
1527 3835 1629 3887 ἀλλ’
1653 3837 1702 3888 έν
1744 3838 1849 3910 θείᾳ
1887 3841 2032 3909 φύσει

467 3923 547 3973 καί
569 3922 847 3993 ἀνθρωπίνῃ
872 3923 1259 3995 γνωριζόμενος’
1289 3923 1373 3975 ’ένα
1396 3920 1467 3981 εἷς
1548 3926 1653 3978 γαθ“
1682 3927 1923 4001 ἑκάτερα,
1950 3931 2031 3981 τὲ·-

467 4008 592 4069 λειος
613 4011 760 4074 Θεὸς,
791 4013 876 4065 καί
908 4011 1088 4070 τέλειος
1110 4009 1394 4087 ἄνθρωπος,
1424 4010 1450 4064 ὸ
1474 4014 1624 4073 αὐτὸς
1652 4013 1676 4068 ὁ
1705 4017 1874 4086 κύριος
1894 4018 2030 4086 ἡμῶν

467 4094 656 4159 ἰησοῦς
680 4101 917 4174 Χριστὸς,
948 4099 974 4153 ὸ
1002 4097 1071 4162 εἷς
1096 4109 1188 4160 τῆς
1215 4100 1366 4171 ἁγίας
1388 4100 1590 4177 τριάδος
1619 4102 2032 4174 συνδοξαζὸμενος

466 4196 536 4256 τῷ
555 4192 714 4261 πατρί
732 4193 901 4262 καὶτῷ
923 4189 1047 4261 ἁγίῳ
1064 4191 1328 4260 πνεύματι.
1343 4188 1469 4247 Οῦτε
1491 4193 1587 4269 γὰρ
1610 4194 1854 4267 τετάρτου
1876 4216 2032 4270 προσ-

466 4277 607 4329 timo»
634 4278 919 4348 προσθήκην
954 4277 1217 4341 έπεδέξατο
1244 4279 1277 4336 ἥ
1316 4277 1437 4349 ἅγια
1459 4283 1609 4351 τριὰς
1631 4284 1715 4336 καί
1757 4286 2026 4357 σαρκωθέν-

2133 3128 2397 3184 sationem
2426 3135 2483 3183 et
2505 3137 2724 3198 propter
2746 3143 2844 3183 nos
2872 3127 3008 3182 ﬁlius
3037 3127 3134 3182 fuit
3162 3127 3356 3192 Adam,
3385 3142 3483 3181 nos
3510 3136 3684 3180 autem

2132 3216 2423 3273 secundum
2445 3225 2688 3271 naturam
2718 3232 2899 3272 sumus
2926 3216 3015 3272 lilii
3036 3215 3224 3271 Adam.
3251 3215 3411 3269 Pater
3437 3216 3579 3270 enim
3606 3222 3684 3269 est

2132 3304 2251 3372 ejus
2275 3303 2415 3359 Deus
2442 3305 2729 3360 secundum
2758 3314 3033 3370 naturam,
3067 3311 3252 3358 noster
3289 3311 3469 3357 autem
3497 3317 3687 3358 secun-

2132 3391 2258 3446 dum
2282 3392 2529 3460 gratiam.
2558 3392 2626 3446 Et
2651 3393 2792 3447 Deus
2819 3393 2867 3447 ei
2897 3392 2995 3446 fuit
3020 3390 3314 3447 secundum
3337 3391 3684 3459 dispensatio-

2131 3495 2275 3546 nem,
2306 3496 2374 3536 eo
2394 3481 2533 3554 quod
2559 3481 2719 3535 homo
2749 3480 2919 3535 factus
2947 3487 3058 3545 est,
3090 3487 3274 3535 noster
3300 3486 3477 3533 autem
3496 3494 3685 3533 secun-

2131 3569 2257 3624 dum
2301 3577 2545 3645 naturam
2588 3567 2843 3623 Dominus
2883 3576 2968 3623 est
3001 3574 3057 3622 et
3102 3566 3263 3621 Deus.
3294 3565 3359 3619 Et
3384 3566 3508 3620 ideo
3550 3567 3685 3622 Deus

2131 3655 2381 3718 Verbum,
2408 3656 2500 3725 qui
2523 3654 2779 3711 estFilius
2803 3655 2899 3709 Dei
2916 3655 3106 3719 Patris,
3124 3657 3310 3714 unitus
3326 3654 3493 3716 carni.
3518 3652 3689 3709 Iactus

2131 3754 2212 3801 est
2241 3762 2387 3813 caro,
2416 3755 2476 3801 ut
2501 3746 2748 3802 homines
2770 3748 2901 3801 uniti
2930 3748 3160 3817 spiritui,
3193 3747 3382 3802 tierent
3419 3762 3558 3800 unus
3577 3748 3683 3816 spi-

2130 3835 2286 3889 ritus.
2307 3834 2427 3903 Ipse
2447 3835 2609 3903 igitur
2634 3850 2792 3890 verus
2818 3835 2983 3890 Filius
3008 3836 3103 3889 Dei
3131 3851 3320 3891 omnes
3348 3850 3445 3888 nos
3474 3836 3686 3892 indutus

2131 3931 2240 3989 est,
2273 3931 2332 3978 ut
2369 3937 2557 3978 omnes
2597 3923 2880 3978 induamur
2916 3940 3079 3978 unum
3108 3924 3298 3979 Deum.
3323 3923 3392 3977 Et
3417 3933 3499 3979 est
3525 3925 3684 3979 etiam

2129 4022 2253 4084 post
2275 4014 2693 4069 incarnationem
2721 4029 2859 4068 unus
2885 4014 2952 4069 de
2979 4022 3164 4069 sancta
3186 4013 3472 4084 Trinitate,
3501 4015 3683 4081 unige~

2129 4102 2270 4157 nitus
2288 4101 2450 4156 Filius
2471 4103 2562 4156 Dei
2587 4101 2840 4157 Dominus
2861 4111 3044 4157 noster
3061 4101 3216 4158 Iesus
3234 4102 3503 4170 Christus,
3534 4118 3684 4157 com-

2128 4196 2334 4261 positus
2353 4205 2420 4244 ex
2446 4197 2671 4259 utraque
2698 4199 2902 4245 natura.
2929 4190 3295 4259 Compositum
3316 4198 3496 4245 autem
3523 4190 3681 4245 Chri—

2129 4291 2270 4336 stum
2295 4281 2629 4349 conlitemur,
2673 4291 2978 4337 sanctorum
3022 4284 3235 4337 Patrum
3274 4284 3568 4338 doctrinam
3594 4299 3681 4338 se-

464 4385 552 4424 τος
579 4373 669 4419 τοῦ
698 4368 802 4427 ένες
832 4375 923 4426 τῆς
953 4367 1098 4438 ἁγίας
1136 4365 1344 4435 τριάδος
1374 4375 1499 4422 Θεοῦ
1520 4370 1688 4440 λόγου.
1719 4373 1914 4431 Ταύτην
1941 4380 2028 4433 τήν

2134 4387 2371 4448 quentes.
2411 4378 2470 4432 In
2499 4380 2753 4450 mysterio
2779 4379 2920 4433 enim
2950 4378 3144 4433 Christi
3186 4380 3363 4433 unitas
3390 4378 3682 4433 secundum

461 4456 615 4515 καλήν
637 4459 1060 4532 παρακαταθήκην
1074 4496 1091 4524 ,
1111 4458 1168 4515 ἣν
1188 4461 1331 4528 παρά
1351 4466 1451 4514 τῶν
1472 4459 1624 4530 ἁγίων
1642 4463 1870 4537 πατέρων
1895 4466 2023 4524 εῖλή-

464 4564 650 4615 φαμεν,
676 4546 1000 4614 φυλάττομεν,
1028 4546 1076 4597 έν
1101 4543 1131 4619 ᾖ
1155 4550 1317 4617 ζῶμεν
1338 4550 1420 4601 καί
1454 4550 1831 4620 πολιτευόμεθα,
1860 4559 1942 4608 καί
1964 4556 2023 4614 ἣν

465 4633 764 4702 συνέκδημον
783 4635 1037 4704 λάϐοιμεν,
1066 4638 1136 4696 εἰς
1175 4640 1399 4710 πατέρα,
1427 4643 1507 4692 καί
1549 4642 1764 4714 Χριστὸν
1802 4647 1889 4699 τὸν
1910 4644 2021 4701 υίὸν

465 4727 552 4775 τοῦ
579 4726 701 4775 Θεοῦ
729 4728 816 4775 τοῦ
847 4726 1045 4787 ζῶντος,
1078 4727 1163 4779 καί
1186 4722 1324 4796 ἅγιον
1350 4732 1547 4797 πνεῦμα
1567 4727 1841 4802 ὁμολογίαν.

2127 4456 2598 4537 compositionem,
2644 4467 3010 4522 confusionem
3048 4475 3104 4523 et
3139 4467 3457 4521 divisionem
3486 4467 3681 4534 rejicit,

2126 4564 2183 4612 et
2223 4564 2402 4611 servat
2447 4555 2661 4623 quidem
2700 4555 2979 4623 utriusque
3025 4563 3228 4608 natura:
3256 4554 3678 4623 proprietatem;

2137 4656 2285 4702 lnam
2315 4652 2492 4698 autem
2521 4643 2913 4698 subsistentiam
2951 4658 3045 4698 seu
3072 4628 3355 4712 personam
3384 4640 3480 4695 Dei
3522 4641 3677 4696 Verbi

2126 4743 2321 4790 etcum
2342 4747 2502 4787 carne
2527 4732 2777 4797 ostendit,
2800 4740 2855 4786 et
2881 4740 2963 4787 est
2984 4748 3120 4787 unus
3139 4732 3386 4800 idemque
3412 4730 3679 4800 perfectus

2132 4823 2188 4878 in
2215 4822 2431 4887 deitate,
2461 4829 2517 4875 et
2542 4820 2805 4890 perfectus
2831 4820 2882 4874 in
2910 4821 3255 4885 humanitate,
3285 4836 3392 4876 non
3424 4830 3675 4890 tanquam

463 4897 517 4951 in
540 4897 739 4953 duabus
759 4898 1108 4955 subsistentiis
1134 4903 1247 4957 sive
1273 4903 1513 4971 personis
1535 4947 1551 4973 ,
1598 4906 1692 4960 sed
1731 4906 1785 4961 in
1829 4907 2007 4964 divina
2043 4919 2230 4966 natura
2276 4918 2331 4965 et
2369 4912 2595 4965 humana
2639 4909 3038 4976 cognoscendus
3060 4950 3076 4973 ,
3125 4916 3181 4963 ut
3209 4925 3345 4964 tantis
3366 4908 3435 4961 sit
3457 4908 3511 4961 in
3534 4916 3675 4961 utra-

460 5003 595 5061 que,
632 4993 896 5061 perl'ectus
924 4992 1064 5048 Deus
1108 5002 1165 5049 et
1214 4995 1479 5064 perfectus
1521 4998 1712 5062 homo;
1780 4999 1920 5055 idem
1963 5003 2079 5070 ipse
2116 5001 2369 5057 Dominus
2408 4999 2559 5056 Iesus
2595 4998 2864 5066 Christus,
2911 5014 3048 5053 unus
3083 4999 3149 5053 de
3193 5006 3375 5054 sancta
3419 4997 3675 5051 Trinitate

460 5080 938 5148 congloriticaudus
964 5080 1106 5135 Patri
1151 5089 1205 5135 et
1243 5092 1430 5138 sancto
1458 5084 1700 5154 Spiritui.
1762 5085 1871 5143 Nec
1909 5091 2051 5143 enim
2086 5098 2290 5157 quarta;
2330 5103 2569 5159 personae
2613 5087 2963 5154 adiectionem
2984 5090 3213 5158 suscepit
3239 5098 3420 5142 saneta
3446 5088 3675 5143 Trinitas

460 5178 518 5222 et
562 5170 834 5224 incarnato
880 5185 985 5224 uno
1029 5170 1096 5224 de
1141 5186 1326 5226 saneta
1370 5171 1629 5229 Trinitate
1673 5175 1785 5229 Deo
1812 5175 2010 5232 Verbo.
2065 5177 2225 5231 Istam
2273 5178 2433 5245 igitur
2480 5177 2675 5231 bonam
2722 5176 3075 5240 traditionem,
3105 5193 3260 5246 quam
3287 5193 3316 5229 a
3347 5179 3545 5232 sanctis
3574 5179 3671 5233 Pa—

461 5261 628 5313 trthns
665 5259 984 5327 accepimus,
1026 5259 1371 5327 custodimus,
1417 5261 1468 5314 in
1511 5278 1613 5329 qua
1640 5264 1867 5319 vivimus
1902 5273 1958 5319 et
2006 5279 2410 5327 conversamur,
2469 5272 2524 5319 et
2574 5279 2732 5331 quam
2757 5304 2772 5331 ,
2830 5267 2897 5320 ab
2954 5264 3055 5319 hac
3101 5265 3206 5317 vita
3251 5264 3669 5333 proﬁci-centes,

459 5360 673 5400 oramus
718 5346 992 5400 nobiscum
1033 5347 1228 5402 habere
1250 5385 1266 5412 ,
1312 5362 1429 5417 qua:
1475 5360 1559 5406 est
1596 5350 1648 5403 in
1687 5348 1900 5405 Patrem
1945 5358 2002 5405 et
2038 5350 2304 5407 Christum
2352 5352 2542 5406 Filium
2589 5353 2683 5406 Dei
2724 5354 2855 5420 vivi,
2904 5361 2957 5407 et
3002 5360 3236 5406 sanctum
3264 5351 3518 5422 Spiritum
3544 5370 3673 5409 cnn-

457 5432 642 5489 iessto.
659 5484 675 5495 ,

531 5555 703 5603 Ταῦτα
735 5551 894 5611 οὕτως
930 5551 1276 5626 ὁμολογοῦντες
1309 5552 1437 5627 πρὸς
1482 5562 1595 5612 ταῖς
1635 5550 1802 5609 ὢλαις
1843 5562 1930 5607 τοῦ
1971 5557 2020 5608 ἐν

2190 5551 2319 5607 Hm
2362 5553 2434 5606 ita
2473 5550 2784 5606 conﬁtentes
2829 5565 2989 5620 super
3024 5551 3155 5604 alias
3199 5549 3371 5603 sancti
3398 5546 3581 5605 ϐττίιιὶ
3608 5549 3674 5601 de

468 5630 621 5702 ἀντίοις
656 5639 886 5705 κυριλλεευ
910 5643 1028 5713 περί
1065 5648 1154 5699 τῆς
1176 5641 1323 5711 ὀρθῆς
1352 5644 1573 5699 πίστεως
1596 5638 1932 5703 διδασκαλίας.
1956 5641 2034 5694 καὶ

2134 5640 2220 5695 Ide
2240 5648 2385 5696 recta
2413 5641 2699 5705 doctrinas,
2728 5648 2782 5694 ct
2808 5641 2909 5695 hoc
2930 5640 3071 5711 quod
3098 5639 3296 5695 dictum
3324 5651 3411 5695 est
3436 5638 3504 5693 ab
3533 5643 3669 5709 ipso,
