3958 6288
585 315 756 380 ’4003

1867 320 2320 383 ’ἸΗΞΤΙΝΙΛΝΙ
2363 320 2518 380 IMP-

3703 318 3839 396 1004

622 435 776 504 μλλος
805 433 980 504 ὁμοίη⁵
1019 434 1410 504 ἀποϐαλλόμενος
1442 429 1748 494 τδύςτιδὺο
1784 431 1923 495 υίοὺς
1945 436 2174 506 εἰσάγον-

2281 447 2378 501 quc
2405 432 2603 486 servari
2634 432 2723 486 uni
2763 439 2969 486 et‘vero
2989 430 3152 500 Filio,
3180 441 3238 488 et
3263 447 3370 488 non
3398 434 3514 504 pati
3539 435 3832 491 secundum

621 544 730 586 τας,
756 521 870 582 τούς
890 543 944 578 τε
965 525 1081 592 μίαν
1107 525 1254 595 φύσιν
1271 523 1504 594 λέγοντας
1523 523 1750 583 θεότητος
1771 526 1963 582 καὶτῆς
1987 523 2175 592 σαρκός

615 617 704 664 τοῦ
729 617 942 670 Χριστοῦ
957 650 971 674 ,
1001 613 1178 685 γράφει
1201 611 1382 672 οὕτως’
1415 628 1433 661 t
1455 613 1526 666 Οὑ
1551 611 1824 686 διοριστέον
1860 606 1941 664 οὖν
1965 608 2066 681 ἄρα
2091 610 2176 664 τόν

612 701 702 754 ἕνα
728 701 897 773 κύριον
920 707 1107 759 Ἰησοῦν
1127 701 1342 774 Χριστόν
1367 703 1438 761 είς
1463 698 1721 776 ἄνθρωπον
1759 699 1954 765 ίδικῶς,
1985 701 2070 754 καί
2106 703 2178 758 εἰς

613 788 736 842 Θεὸν
761 786 930 850 ίδικῶς
947 827 964 852 ,
991 787 1098 842 ἀλλ’
1119 789 1205 843 ἕνα
1237 791 1429 844 καὶτὸν
1452 791 1604 844 αὑτόν
1630 787 1828 850 Ἰησοῦν
1849 791 2064 864 Χριστόν
2097 789 2180 841 κὺ-

614 878 720 950 ριόν
740 899 920 950 φαμεν,
949 885 1041 938 τήν
1066 885 1166 935 τῶν
1189 881 1383 952 φύσεων
1405 879 1591 940 εἰδότες
1611 878 1878 954 διαφορὰν,
1907 882 1991 932 ναί
2013 880 2178 949 ἀσυγ-

597 969 795 1036 -χὺτως
824 969 1052 1029 ἀλλήλαις
1078 975 1344 1044 τηροῦντες
1374 971 1554 1029 αὑτάς.
1575 986 1594 1020 ε
1627 971 1682 1022 Ei
1700 973 1890 1031 τοίνυν,
1916 969 2076 1027 καθὼς
2104 967 2180 1021 δι-

615 1055 795 1112 δάσκει
835 1056 862 1112 ό
889 1057 938 1110 ἐν
979 1057 1135 1130 ἁγίοις
1172 1057 1437 1134 ιὺριλλος,
1479 1053 1548 1117 εἷς
1595 1059 1730 1112 ἐστιν
1776 1055 1802 1110 6
1847 1055 2014 1131 κύριος
2042 1057 2179 1126 ἡμῶν

613 1145 802 1205 Ἰησοῦς
827 1148 1063 1222 Χριστός,
1083 1147 1268 1207 τέλειος
1292 1146 1570 1208 ἄνθεότητι.
1599 1149 1683 1200 καί
1701 1146 1882 1204 τέλειος
1909 1143 1934 1199 ό
1959 1146 2112 1204 αὑτός
2133 1145 2180 1196 ἔν

609 1231 994 1307 ἀνθρωπότητι,
1027 1237 1114 1288 καί
1155 1236 1242 1288 οὐκ
1283 1232 1435 1290 ἔπαθε
1477 1243 1539 1308 τῇ
1581 1235 1687 1308 θείᾳ
1721 1235 1902 1307 φύσει,
1949 1233 2075 1288 ἀλλά
2116 1239 2179 1304 τῇ

615 1330 765 1397 χοῖκῇ
793 1319 936 1395 φύσει
955 1361 972 1386 ,
1013 1317 1110 1378 οἶδε
1133 1320 1194 1377 δέ
1233 1324 1323 1375 καὶ
1341 1327 1430 1381 τὴν
1454 1329 1554 1376 τῶν
1581 1325 1776 1393 φύσεων
1801 1315 2069 1398 δωφορᾶν,
2097 1323 2182 1374 καί

605 1413 675 1466 τό
698 1412 1036 1484 ἀσυγχύτους
1061 1412 1222 1473 αὑτὰς
1243 1411 1470 1472 ἀλλήλαις
1497 1413 1546 1466 ἕν
1571 1415 1664 1482 μιᾷ
1689 1411 1978 1468 ὑποστάσει
1995 1412 2179 1484 90M?-

613 1503 810 1563 τεο-θαι,
839 1499 985 1558 δῆλον
1009 1498 1089 1554 ὅτι
1117 1502 1199 1554 τὸν
1228 1501 1374 1555 αὑτὸν
1401 1502 1451 1557 ἓν
1471 1507 1532 1576 τῇ
1577 1501 1686 1574 θείᾳ
1713 1503 1862 1572 φύσει
1892 1503 1974 1554 καὶ
2002 1506 2066 1574 τῇ
2103 1501 2184 1554 ἁν-

615 1590 835 1664 θρωπίνῃ
861 1587 994 1658 λέγει
1019 1585 1046 1642 6
1079 1593 1246 1662 πατὴρ
1273 1589 1625 1662 γνωρίζεσθαι,
1655 1589 1741 1642 καί
1765 1587 2006 1662 ἑκατέραν
2037 1588 2184 1658 φύσιν

615 1679 666 1732 ἓν
689 1677 828 1749 αὑτῷ
855 1673 1000 1742 εἶναι,
1030 1677 1082 1740 ἕξ
1115 1673 1180 1730 ὧν
1209 1679 1291 1730 καί
1327 1678 1582 1734 συνετέθη.
1611 1679 1704 1730 [ai
1737 1677 1824 1730 οὑκ
1849 1673 1912 1732 ἄν
1948 1695 2026 1735 τις
2051 1674 2184 1728 οὕτω

2277 521 2548 586 deitatem,
2579 530 2634 576 et
2661 521 2768 578 diei
2793 537 3012 592 passum
3039 537 3158 580 esse
3177 523 3424 579 eumdem
3452 525 3627 596 ipsum
3644 541 3841 582 secun-

2276 611 2400 665 dum
2444 611 2824 666 humanitatem
2858 631 2872 667 :
2904 613 3070 682 ipsius
3111 615 3252 668 enim
3296 629 3453 684 passa
3499 623 3587 670 est
3633 631 3784 671 caro.
3822 635 3838 668 I

2277 701 2346 756 Et
2393 703 2446 756 in
2491 702 2858 758 tertiodecimo
2903 704 3081 773 capite
3123 705 3446 760 scholiorum
3476 707 3619 761 idem
3649 705 3709 760 S.
3737 707 3831 778 Cy-

2279 793 2430 847 rillus
2459 793 2708 847 similiter
2747 793 2990 861 rejiciens
3015 809 3112 850 eos
3145 795 3236 864 qui
3261 795 3396 850 duos
3425 794 3564 851 ﬁlios
3591 796 3826 851 introdu-

2278 888 2424 946 cunt,
2473 889 2528 936 et
2569 895 2664 937 eos
2692 881 2782 950 qui
2809 897 2972 936 unam
3014 883 3198 938 dicunt
3232 892 3476 938 naturam
3525 883 3746 938 deitatis
3783 899 3834 941 et

2277 969 2455 1024 carnis
2471 966 2688 1036 Christi,
2708 970 2782 1024 ita
2803 971 2988 1025 scribit
3011 988 3025 1024 :
3063 989 3084 1024 ι
3103 971 3218 1026 Non
3239 971 3652 1027 discernendum
3679 990 3829 1030 unum

2279 1057 2559 1112 Dominum
2580 1056 2758 1112 Jesum
2791 1057 3062 1114 Christum
3109 1061 3162 1115 in
3206 1061 3480 1116 hominem
3525 1065 3827 1132 separatim,

2277 1153 2333 1201 et
2359 1147 2413 1201 in
2441 1145 2608 1201 Deum
2634 1149 2964 1216 separatim:
3007 1149 3104 1206 sed
3139 1165 3305 1204 unum
3348 1149 3717 1220 eamdemque
3744 1151 3827 1206 De

2277 1235 2479 1290 minum
2507 1237 2686 1292 Jesum
2715 1236 2984 1294 Christum
3004 1239 3247 1307 dicimus,
3269 1249 3582 1295 naturarum
3609 1245 3834 1298 scientes

2279 1322 2655 1391 diﬂcrentiam,
2683 1333 2740 1380 et
2781 1327 3087 1385 inconlusas
3123 1344 3217 1384 eas
3241 1330 3344 1385 sibi
3369 1331 3598 1386 invicem
3627 1347 3830 1387 conser-

2278 1425 2485 1472 vantes.
2515 1437 2534 1469 ι
2566 1417 2622 1472 Si
2653 1419 2812 1487 igitur
2839 1419 3023 1490 (prout
3041 1421 3198 1476 docet
3224 1437 3322 1476 nos
3347 1430 3567 1480 sanctus
3593 1423 3829 1494 Cyrill)

2281 1523 2416 1563 unus
2455 1515 2538 1563 est
2565 1509 2822 1566 Dominus
2847 1520 3034 1569 noster
3071 1512 3230 1570 Iesus
3255 1513 3516 1580 Christus,
3577 1516 3831 1586 perfecta.

2282 1595 2336 1650 in
2364 1596 2599 1664 deitate,
2634 1607 2688 1654 et
2716 1600 2985 1669 perfectus
3006 1603 3142 1658 idem
3173 1603 3293 1673 ipse
3323 1605 3378 1659 in
3399 1604 3757 1668 humanitate,
3783 1619 3829 1662 et

2282 1698 2388 1739 non
2413 1693 2495 1742 est
2512 1701 2699 1757 passus
2726 1689 2902 1744 divina
2932 1701 3136 1756 natura,
3166 1692 3261 1748 sed
3289 1701 3519 1758 terrena,
3543 1696 3652 1751 scit
3670 1705 3830 1752 ante-

614 1769 822 1838 μανείη,
867 1769 936 1829 ὥς
977 1768 1135 1843 ὀρθῶς
1174 1770 1380 1836 νομίσαι
1417 1775 1605 1842 φρονεῖν
1638 1769 1758 1826 τούς
1794 1767 2027 1838 λέγοντας
2063 1766 2181 1834 μίαν

2282 1779 2338 1826 et
2364 1781 2674 1832 naturarum
2711 1776 3092 1845 diﬁerentiam,
3132 1786 3188 1835 et
3215 1780 3360 1849 quod
3401 1782 3703 1839 inconfusa:
3740 1785 3831 1839 sibi

605 1851 740 1912 -εἶναι
763 1859 928 1928 γὺσιν,
951 1857 1062 1916 ἤτοι
1081 1859 1259 1913 οὑσίαν
1279 1859 1467 1933 σαρκός
1486 1861 1566 1912 καί
1579 1856 1804 1916 θεότητος
1823 1861 1912 1910 τοῦ
1933 1860 2174 1928 Χριστοῦ,

2283 1860 2514 1918 invicem
2557 1863 2610 1918 in
2639 1881 2743 1920 una
2783 1867 3120 1924 subsistentia
3161 1880 3548 1927 ctmservantur
3573 1891 3590 1926 :
3641 1883 3832 1928 eertum

614 1949 704 2002 τήν
731 1945 882 2003 αὐτὴν
910 1945 1040 1998 θείαν
1069 1947 1152 1999 καί
1177 1951 1380 2016 χοῖκήν,
1406 1949 1627 2005 παθητὴν
1651 1949 1736 2000 καί
1760 1947 1941 2003 ἀπαθῆ.

2281 1956 2385 2014 est,
2411 1951 2555 2019 quod
2586 1951 2834 2008 eumdem
2861 1956 3034 2024 ipsum
3075 1957 3129 2010 in
3156 1957 3336 2012 divina
3365 1967 3560 2015 natura
3585 1969 3644 2016 et
3670 1961 3724 2016 in
3743 1964 3831 2017 bu-

2290 2053 2448 2094 mana
2474 2040 2604 2096 dicit
2625 2039 2785 2098 Pater
2809 2045 3077 2112 cognosci,
3107 2054 3164 2100 et
3199 2054 3480 2116 utramque
3503 2057 3750 2104 naturam
3785 2051 3830 2104 in

599 2121 733 2192 ‘ipso
761 2139 898 2188 esse,
929 2138 997 2180 ex
1025 2126 1218 2196 quibus
1238 2133 1300 2182 et
1325 2126 1653 2196 compositus
1673 2135 1778 2180 est.
1828 2123 1896 2180 Et
1937 2140 2044 2180 non
2087 2124 2278 2194 aliquis
2323 2127 2401 2184 sic
2448 2127 2696 2195 insaniat,
2747 2139 2806 2186 nt
2841 2133 3127 2188 arbitretur
3173 2148 3269 2190 eos
3312 2141 3464 2189 recte
3515 2151 3712 2206 sapere
3753 2137 3830 2206 qui

616 2212 802 2268 dicunt
845 2231 1006 2270 unam
1046 2231 1166 2272 esse
1209 2225 1453 2272 naturam
1495 2217 1609 2272 sive
1654 2215 2004 2271 substantiam
2044 2216 2220 2272 carnis
2267 2225 2322 2270 et
2366 2217 2583 2276 deitatis
2624 2219 2842 2288 Christi,
2897 2223 3138 2280 eamdem
3184 2233 3240 2280 et
3282 2225 3518 2282 divinam
3567 2235 3625 2282 et
3681 2237 3832 2284 tare-

617 2319 762 2370 nam,
793 2307 1093 2376 passibilem
1119 2315 1174 2362 et
1199 2307 1600 2378 impassibilem.

689 2395 886 2458 Ἐπειδή
926 2397 982 2454 δὲ
1021 2403 1108 2454 καί
1149 2401 1386 2475 ίτίρωθεν
1427 2399 1812 2462 κατασκευάζειν
1861 2399 2183 2472 ἐπιχειροῦσί

2361 2397 2622 2466 Quoniam
2667 2411 2843 2460 autem
2882 2413 2938 2461 et
2978 2405 3084 2461 alio
3119 2407 3279 2464 modo
3313 2409 3531 2476 quidam
3559 2410 3832 2464 ostendere

618 2507 746 2548 τινες
773 2489 831 2544 τό
855 2491 970 2561 μίαν
1009 2485 1134 2545 εἶναι
1156 2491 1302 2561 φύσιν
1327 2497 1418 2549 τῆς
1445 2486 1676 2549 θεότητος
1703 2489 1785 2542 καί
1809 2493 1900 2548 τῆς
1937 2485 2183 2560 ἀνθρωπό-

2287 2497 2571 2560 conantur,
2591 2507 2750 2547 unam
2777 2501 2895 2550 esse
2921 2503 3162 2552 naturam
3191 2495 3403 2552 deitatis
3421 2505 3478 2552 et
3500 2500 3832 2552 humanitatis

620 2598 772 2638 τητος
797 2585 890 2634 τοῦ
921 2587 1174 2653 Χριστοῦ,
1202 2579 1369 2634 τὸτοῦ
1395 2579 1658 2653 ἀνθρώπου
1693 2574 2014 2652 παράδειγμα
2052 2595 2183 2650 προ-

2288 2574 2506 2646 Christi,
2535 2581 2836 2651 exemplum
2857 2583 3084 2638 hominis
3104 2593 3480 2654 proponentes,
3506 2594 3565 2640 et
3583 2587 3827 2649 dicentes.

615 2666 906 2738 ϐαλλόμενοι
925 2707 943 2736 ,
977 2671 1068 2723 καί
1107 2669 1360 2740 λέγοντες,
1410 2669 1584 2744 ὥσπερ
1623 2669 1674 2732 ἑξ
1711 2667 1980 2744 ἕτεροφυῶν
2004 2665 2183 2737 ψυχῆς

2286 2666 2430 2734 quod
2473 2667 2612 2723 sicut
2655 2683 2724 2724 ex
2767 2669 2994 2726 diversis
3037 2673 3264 2738 naturis,
3309 2673 3488 2728 anima
3534 2681 3594 2728 et
3620 2689 3830 2743 corpore

615 2761 708 2813 καί
755 2761 990 2831 σώματος
1019 2763 1272 2820 συνεστὼς
1299 2760 1326 2814 6
1354 2757 1614 2835 ἄνθρωπος
1661 2763 1752 2830 μία
1795 2763 1944 2832 φύσις
1967 2760 2180 2833 λέγεται,

2287 2761 2584 2819 consistens
2604 2762 2791 2829 homo,
2829 2780 2934 2819 una
2966 2773 3155 2820 natura
3181 2748 3390 2832 dicitur,
3421 2768 3502 2822 sic
3528 2776 3587 2822 et
3613 2783 3682 2822 ex
3708 2767 3826 2822 dua-

621 2849 754 2904 οὖτω
777 2853 862 2904 καί
886 2851 940 2904 ἐκ
965 2849 1054 2904 δὺο
1081 2850 1296 2920 φύσεων,
1321 2851 1550 2913 θεότητος
1569 2854 1648 2906 καί
1676 2853 2070 2927 ἆνθροητότητος,
2097 2854 2183 2908 τόν

2281 2849 2382 2907 bus
2403 2852 2604 2908 naturis
2625 2852 2838 2908 deitatis
2858 2861 2913 2910 et
2930 2853 3274 2910 humanitatis
3291 2854 3561 2913 Christum
3582 2855 3825 2920 dicentes,

619 2939 832 3013 Χριστόν
857 2938 1108 3010 λέγοντες,
1141 2940 1386 3014 ὀφείλομεν
1410 2943 1528 3010 μίαν
1560 2939 1709 3012 φύσιν
1734 2940 1812 2996 ἐπ’
1847 2943 1987 3014 αὐτῷ
2009 2941 2180 3013 λόγεινο

621 3029 779 3083 ἐκεῖνο
810 3030 934 3106 πρός
957 3031 1136 3090 αὑτοὺς
1166 3031 1372 3104 ἐροῦμεν
1391 3074 1406 3098 ,
1444 3029 1520 3088 ότι
1559 3031 1586 3086 ό
1612 3034 1700 3103 μὲν
1727 3030 1981 3106 ἄνθρωπος
2009 3027 2098 3086 κᾶν
2131 3034 2186 3086 ix

617 3115 866 3193 διαφόρων
893 3121 1182 3186 συνέστηκε,
1204 3123 1442 3181 τουτέστι
1466 3121 1645 3193 ψυχῆς
1664 3123 1748 3177 καί
1772 3123 2027 3192 σώματος,
2049 3119 2186 3194 ὅμως

617 3205 706 3262 διὰ
731 3215 882 3263 τοῦτο
910 3211 1004 3278 μία
1029 3211 1176 3282 φύσις
1201 3211 1424 3283 λέγεται,
1464 3209 1634 3268 ἕπειδή
1659 3219 1831 3270 κοινῶς
1856 3211 1982 3266 κατά
2009 3219 2191 3266 πασῶν

627 3303 724 3350 τῶν
747 3297 1099 3362 ὑποστάσεων,
1126 3298 1274 3370 ἤγουν
1295 3301 1584 3372 προσῶποιν
1602 3306 1702 3356 τῶν
1721 3301 1820 3355 ὑπό
1837 3301 1894 3354 τό
1918 3300 2037 3355 αὑτό
2056 3296 2186 3360 εἶδος

621 3386 932 3455 ἀναγομένων
959 3394 1336 3461 κατηγορεῖται.
1365 3389 1422 3442 Εἰ
1445 3390 1528 3443 καί
1553 3391 1618 3444 τὰ
1642 3388 1858 3458 μάλιστα
1879 3391 1976 3462 γὰρ
2003 3390 2184 3450 initam

579 3537 583 3540 ι
626 3473 940 3540 ὑπόστασις,
969 3473 1081 3532 ἤτοι
1124 3475 1424 3550 πρόσωπον.
1465 3471 1568 3530 οἷον
1607 3478 1816 3553 Πέτρος,
1856 3481 1942 3532 καί
1974 3479 2183 3542 Παῦλος,

623 3567 729 3619 τοῖς
756 3557 1021 3631 ίδιώμασιν
1043 3563 1132 3618 ἐπ’
1159 3565 1374 3622 ἀλλήλων
1395 3563 1808 3641 διαχωρίζονται,
1837 3568 1941 3623 ἀλλ’
1965 3566 2103 3640 ὅμως
2125 3573 2184 3624 οὑ

621 3656 682 3722 τῇ
705 3649 850 3720 φύσει
867 3649 1202 3726 διαιροῦνται’
1225 3654 1494 3728 ἀμφότεροι
1511 3659 1614 3730 γὰρ
1635 3653 1886 3730 ἄνθρωποι
1901 3673 1915 3688 ·
1937 3661 2021 3712 καί
2037 3659 2184 3713 πάλιν

623 3735 738 3792 οὔτε
765 3738 916 3810 ψυχὴ
961 3744 1126 3816 χωρὶς
1151 3745 1416 3812 σώματος,
1454 3743 1567 3801 οὔτε
1606 3752 1756 3818 σῶμα
1800 3748 1967 3820 χωρίς
2005 3747 2185 3816 ψυχῆς

623 3825 912 3906 [ἅνθρερπός-
939 3827 970 3884 ἕ
973 3828 1104 3902 στιν]
1131 3833 1526 3909 ὼθρωπὸτητος,
1562 3835 1666 3889 ἀλλ’
1687 3835 1738 3889 ἐκ
1754 3841 1848 3890 τοῦ
1871 3841 1939 3904 μὴ
1959 3833 2096 3898 ὄντος
2115 3840 2187 3898 είς

621 3917 680 3971 τό
705 3915 832 3992 εἶναι
869 3921 923 3974 ὲκ
947 3921 1126 3990 ψυχῆς
1169 3925 1252 3976 καί
1299 3925 1537 3994 σώματος
1577 3923 1952 3998 όδημιουργήθη.
1993 3931 2094 3980 Πᾶν
2131 3925 2186 3981 δέ

622 4006 844 4076 κτίσμα,
873 4008 918 4061 εί
941 4010 1025 4063 καί
1062 4011 1118 4062 ἐκ
1145 4007 1385 4082 διαφόρων
1431 4013 1763 4074 συνέστηκεν,
1811 4010 1912 4066 ἀλλ’
1945 4008 2031 4066 οὖν
2067 4015 2184 4084 μίαν

2280 2940 2534 2998 debemus
2561 2957 2721 2998 unam
2749 2945 2916 3014 ipsius
2962 2944 3144 3000 dicere
3171 2953 3453 3000 naturam:
3489 2945 3622 2999 illud
3651 2947 3714 2998 ad
3741 2959 3826 2998 eos

2281 3027 2540 3096 dicemus,
2581 3030 2729 3100 quod
2756 3031 2918 3088 homo
2945 3032 3160 3102 quidem
3207 3033 3335 3088 licet
3359 3049 3428 3089 ex
3462 3033 3692 3089 diversis
3715 3049 3826 3088 con-

2281 3125 2405 3182 stet,
2435 3117 2486 3174 id
2511 3125 2613 3184 est,
2643 3119 2820 3174 anima
2842 3127 2900 3176 et
2923 3135 3172 3190 corpore,
3192 3128 3372 3176 tamen
3399 3121 3522 3176 ideo
3547 3137 3653 3176 una
3682 3133 3826 3176 natu-

2281 3221 2343 3261 ra
2386 3206 2601 3274 dicitur,
2624 3209 2900 3278 ,quoniam
2945 3209 3014 3264 de
3060 3210 3302 3266 omnibus
3341 3210 3704 3266 subsistentiis
3725 3212 3826 3264 sive

2283 3297 2547 3366 personis,
2569 3311 2687 3366 quas
2707 3297 2805 3353 sub
2832 3297 3020 3353 eadem
3039 3298 3220 3368 specie
3244 3297 3565 3361 referuntur,
3595 3312 3826 3353 commn-

2281 3388 2424 3444 niter
2449 3388 2783 3458 praedicatur.
2823 3389 2980 3445 Licet
3025 3391 3167 3444 enim
3194 3402 3526 3457 unaquaeque
3552 3387 3828 3442 subsisten-

2284 3477 2358 3532 tia
2377 3477 2492 3532 sive
2510 3492 2762 3548 persona,
2787 3479 2928 3534 sicut
2956 3476 3146 3532 Petrus
3171 3488 3228 3532 et
3252 3475 3468 3538 Paulus.
3499 3476 3828 3545 proprietati-

2259 3567 2385 3623 -hus
2412 3581 2445 3622 a
2475 3581 2538 3622 se
2564 3566 2789 3622 invicem
2817 3573 3150 3636 separentur,
3185 3564 3279 3620 sed
3306 3573 3484 3619 tamen
3515 3579 3628 3618 non
3651 3573 3828 3618 natma

2282 3655 2624 3711 dividuntur:
2667 3655 2822 3711 ambo
2862 3657 3004 3712 enim
3051 3654 3330 3721 homines;
3379 3663 3438 3710 et
3481 3655 3698 3719 iterum,
3739 3669 3830 3708 nec

2283 3746 2460 3800 anima
2496 3746 2612 3802 sine
2639 3759 2882 3816 corpore,
2932 3760 3033 3802 nec
3067 3760 3260 3816 corpus
3304 3745 3420 3800 sine
3459 3745 3639 3798 anima
3681 3744 3830 3798 homo

2284 3841 2386 3899 est,
2417 3833 2515 3890 sed
2541 3848 2608 3890 ex
2637 3848 2703 3890 eo
2729 3833 2874 3904 quod
2902 3849 3008 3889 non
3037 3841 3173 3900 erat,
3201 3833 3268 3887 ad
3309 3833 3415 3888 hoc
3441 3831 3586 3900 quod
3622 3840 3727 3894 est,
3769 3846 3832 3884 ex

2284 3923 2461 3980 anima
2500 3932 2555 3980 et
2598 3939 2823 3994 corpore
2867 3932 3080 3979 creatus
3125 3931 3226 3978 est.
3267 3920 3611 3992 Unaquaeque
3660 3929 3830 3976 autem

2283 4021 2528 4068 creatura
2573 4013 2697 4069 licet
2723 4027 2791 4068 ex
2827 4012 3056 4068 diversis
3081 4018 3312 4076 constet,
3351 4009 3447 4065 sed
3469 4019 3648 4064 tamen
3677 4024 3830 4064 unam

625 4095 804 4154 ἐκείνην
829 4095 974 4166 ἔχειν
998 4097 1196 4170 λέγεται
1217 4103 1394 4170 φύσιν,
1423 4101 1528 4154 καθ’
1547 4102 1604 4158 ἣν
1626 4103 1768 4175 παρὰ
1797 4107 1886 4157 τοῦ
1920 4109 2042 4156 Θεοῦ
2073 4101 2183 4160 ἕδη-

2287 4102 2430 4157 illam
2451 4102 2651 4158 habere
2672 4101 2862 4156 dicitur
2880 4089 3146 4164 naturam,
3175 4099 3462 4155 sewndum
3488 4113 3655 4195 quam
3675 4114 3707 4152 a
3731 4097 3831 4152 Deo

621 4188 910 4258 μιουργηθη.
957 4197 1011 4241 ’Θ
1049 4185 1103 4242 δέ
1145 4191 1360 4263 Χριστός
1401 4191 1505 4258 οὑχ
1543 4189 1736 4251 οὕτως’
1779 4188 1892 4245 οὔτε
1927 4189 2026 4262 γὰρ
2065 4193 2186 4261 μίαν

623 4269 771 4342 φύσιν
789 4313 802 4330 .
832 4273 984 4344 ἤγουν
1013 4276 1187 4329 οὐσίαν
1213 4273 1357 4334 δηλοῖ
1381 4283 1546 4337 κοινῶς
1585 4279 1711 4332 κατὰ
1735 4277 1926 4332 πολλῶν
1962 4278 2186 4334 ὑποστά-

625 4381 784 4426 σεων,
809 4361 919 4419 ἤτοι
943 4365 1224 4434 προσώπων
1250 4367 1711 4438 κατηγορουμένην.
1744 4367 1918 4442 ὥσπερ
1942 4365 1969 4421 6
1995 4364 2185 4442 ἄνθρω-

627 4469 720 4510 πος
738 4465 752 4480 ⁶
782 4453 826 4503 εί
845 4455 945 4526 γὰρ
970 4459 1121 4506 τοῦτο
1144 4449 1224 4516 ἦν,
1248 4454 1421 4510 πολλοὶ
1445 4461 1652 4527 Χριστοί
1677 4459 2050 4531 εὑρεθήσονται,
2075 4444 2188 4514 καθ’

625 4535 692 4592 ὧν
731 4539 786 4594 τό
815 4543 966 4592 κοινόν
989 4548 1080 4601 τῆς
1117 4547 1312 4614 φύσεως
1347 4553 1710 4618 νατηγορῆται,
1749 4545 1874 4620 ὅπερ
1911 4551 1995 4602 καί
2031 4549 2185 4620 λόγειν

629 4627 761 4681 ἐστίν
783 4629 990 4689 tito-3659'
1034 4631 1135 4683 ἀλλ’
1163 4629 1279 4686 οὔτε
1309 4633 1396 4686 ἀπ’
1423 4634 1596 4707 ἀρχῆς
1643 4637 1695 4688 ἐκ
1737 4635 1964 4696 θεότητος
1990 4639 2072 4690 καὶ
2098 4640 2184 4694 ἆν-

625 4717 962 4790 θρωπότητος,
990 4722 1160 4798 ὥσπερ
1187 4721 1212 4776 ό
1247 4718 1504 4794 ἅνθρωπος
1531 4721 1584 4776 ἔκ
1607 4723 1783 4794 ψυχῆς
1808 4729 1888 4779 καί
1926 4728 2182 4795 σώματος,

625 4803 653 4858 ό
672 4808 887 4880 Χριστός
914 4807 1291 4888 ἐδημιουργήθη.
1313 4812 1393 4865 ἵνα
1414 4817 1564 4866 τοῦτο
1586 4809 1615 4888 ᾖ
1639 4815 1784 4884 φύσις
1801 4822 2041 4886 Χριστοῦ’
2065 4817 2187 4871 ἀλλά

625 4895 750 4954 Θεὸς
771 4891 834 4948 ὢν
862 4896 960 4972 πρὸ
981 4899 1169 4951 αἰώνων
1195 4886 1224 4952 ό
1247 4899 1407 4970 ὶόγος,
1439 4903 1520 4952 καὶ
1549 4886 1634 4958 της
1661 4901 1818 4959 αὐτῆς
1846 4907 2060 4973 φ·’σεως,
2079 4904 2186 4962 ἤτοι

624 4984 802 5048 οὑσίας
827 4985 1078 5060 ὑπάρχων
1104 4995 1174 5057 τῷ
1201 4991 1379 5062 πατρί,
1409 4991 1486 5042 καί
1509 4987 1808 5062 δημιουργός
1827 4989 2082 5056 ἁπάντων,
2104 4992 2183 5054 ὄπτ’

623 5073 863 5142 δσχάτων
896 5081 992 5128 τῶν
1021 5077 1214 5147 ἡμερῶν
1250 5078 1512 5150 ἀνθρώπου
1558 5075 1704 5148 φύσιν
1748 5076 1856 5132 καθ’
1901 5080 2183 5134 ὑπόστασιν

623 5162 814 5222 ἒνὼσας
845 5163 1036 5234 ἐαυτῷ,
1073 5166 1264 5235 γέγονεν
1299 5163 1590 5241 ἄνθρωπος,
1635 5173 1702 5237 μή
1743 5162 1924 5227 ἐκστὰς
1949 5175 2038 5222 τοῦ
2064 5164 2184 5222 εἶναι

627 5249 770 5312 Θεός.

693 5339 868 5398 Ἔστιν
899 5339 986 5396 οὖν
1007 5341 1032 5396 ό
1059 5347 1272 5419 Χριστός
1299 5345 1388 5414 μία
1413 5344 1696 5407 ὑπόστασις
1715 5386 1728 5406 ν
1757 5345 1867 5404 ἤτοι
1886 5347 2181 5420 πρόσωπον,

623 5438 707 5490 καί
733 5433 933 5506 ἔχειλὸ
959 5435 1138 5490 τέλειον
1166 5439 1215 5490 ἐν
1252 5438 1413 5506 ἑαυτῷ
1451 5445 1540 5498 τῆς
1567 5457 1621 5493 τε
1666 5438 1795 5498 θείας
1830 5440 1916 5490 καί
1941 5439 2181 5493 ἆκτίστου

625 5525 822 5598 ςιὺσεως
841 5567 855 5587 ,
894 5530 974 5580 καὶ
997 5529 1054 5583 τό
1079 5529 1259 5582 τέλειον
1293 5537 1383 5588 τῆς
1419 5529 1721 5602 ἀνθρωπίνης
1752 5531 1836 5582 καί
1863 5537 2064 5586 πιστῆς
2089 5529 2183 5600 913-

628 5635 776 5675 σεως.
803 5625 909 5678 Πῶς
929 5615 1034 5681 οὖν,
1057 5625 1107 5675 ἐν
1182 5619 1272 5674 δύο
1293 5619 1464 5692 φύσεις
1483 5624 1820 5694 γνωρίζονται,
1848 5619 2084 5681 ἅκτιστος
2106 5626 2186 5676 καί

630 5713 836 5768 πιστή,
867 5706 951 5760 επὶ
976 5711 1157 5764 τούτου
1185 5715 1302 5779 μίαν
1331 5712 1480 5780 φύσιν
1506 5712 1612 5768 ἦτοι
1634 5713 1803 5764 οὐσίαν
1830 5713 2056 5782 λέγεσθαι
2094 5711 2180 5767 δυ-

2283 4199 2462 4248 creata
2490 4198 2592 4246 est.
2628 4188 2871 4246 Christus
2895 4198 3074 4244 autem
3103 4204 3213 4243 non
3235 4189 3348 4244 sic:
3383 4201 3485 4244 nec
3515 4186 3663 4242 enim
3683 4198 3832 4240 unam

2284 4289 2528 4338 naturam
2553 4280 2666 4336 sive
2691 4279 3042 4336 substantiam
3069 4276 3352 4346 signiﬁcat,
3396 4291 3516 4345 qua:
3537 4275 3829 4330 communi-

2284 4377 2367 4424 ter
2389 4369 2455 4424 de
2480 4367 2718 4438 plurimis
2731 4367 3086 4423 subsistentiis
3105 4367 3218 4422 sive
3236 4365 3478 4436 personis
3498 4364 3831 4434 pradicatnr,

2283 4459 2422 4514 sicut
2441 4459 2622 4514 homo.
2659 4457 2720 4513 Si
2756 4458 2898 4512 enim
2925 4457 3030 4513 hoc
3049 4464 3210 4522 esset,
3239 4455 3391 4510 multi
3415 4455 3600 4510 ehristi
3629 4453 3832 4508 inveni-

2283 4555 2471 4603 rentur
2515 4547 2569 4602 in
2617 4543 2768 4620 [de]
2807 4547 3000 4617 quibus
3038 4543 3395 4600 communitas
3431 4541 3588 4597 unius
3635 4549 3832 4596 natura

2287 4635 2699 4706 prtedicabitur;
2745 4633 2889 4703 quod
2918 4641 2974 4688 et
3001 4632 3180 4688 dicere
3217 4631 3439 4701 impium
3466 4638 3569 4685 est.
3607 4629 3720 4684 Sed
3748 4643 3856 4682 ne-.

2285 4740 2390 4794 que
2419 4723 2486 4778 ab
2513 4723 2663 4778 initio
2691 4737 2760 4778 ex
2807 4721 3008 4777 deitate
3037 4728 3093 4775 et
3127 4719 3460 4774 humanitate
3501 4718 3866 4814 deuehar-oi

2285 4829 2354 4868 ex
2381 4813 2556 4866 anima
2581 4821 2637 4866 et
2658 4825 2904 4880 corpore,
2936 4809 3178 4864 Christus
3201 4814 3416 4863 creante
3437 4813 3536 4869 est,
3563 4813 3622 4859 ut
3649 4805 3754 4859 hoc
3769 4805 3833 4856 sit

2285 4913 2477 4956 natura
2517 4900 2712 4956 Christi
2747 4918 2760 4954 :
2801 4901 2898 4956 sed
2941 4915 3061 4954 cum
3107 4899 3247 4954 Deus
3286 4905 3433 4953 esset
3475 4905 3603 4950 ante
3647 4895 3834 4950 εαοιι

2287 4989 2542 5052 Verbum,
2589 4997 2648 5043 et
2693 4996 2838 5044 esset
2877 4987 3114 5056 ejusdem
3156 4995 3360 5040 natura:
3387 4984 3501 5039 sive
3529 4984 3834 5038 substantia:

2286 5091 2408 5131 cum
2450 5074 2630 5143 Patre,
2681 5083 2738 5131 et
2779 5083 2994 5130 creator
3036 5075 3292 5139 omnium,
3347 5073 3400 5128 in
3428 5073 3628 5127 ultimis
3654 5072 3836 5127 diebus

2285 5164 2516 5220 hominis
2532 5172 2780 5219 naturam“
2794 5163 3082 5219 secundum
3099 5163 3492 5218 subsistentiam
3506 5162 3609 5216 sibi
3629 5163 3832 5223 aniens,

2285 5253 2458 5308 factus
2483 5261 2565 5309 est
2588 5253 2752 5308 homo
2781 5268 3002 5309 manens
3027 5253 3182 5308 Deus.

2357 5348 2454 5408 Est
2477 5351 2638 5420 igitur
2663 5350 2903 5406 Christus
2919 5353 3030 5404 'una
3059 5349 3422 5416 subsistentia,
3445 5348 3562 5404 sive
3587 5362 3832 5419 persona.

2283 5449 2340 5495 et
2364 5440 2526 5496 habet
2551 5441 2603 5495 in
2627 5441 2913 5510 semetipso
2937 5438 3314 5510 perfectionem
3337 5437 3527 5493 divinae
3551 5448 3609 5492 et
3635 5439 3834 5494 increa-

2285 5531 2406 5585 bilis
2430 5544 2652 5599 naturae,
2681 5540 2737 5586 et
2775 5530 3156 5599 perfectionem
3201 5529 3446 5584 humanm
3492 5538 3548 5583 et
3595 5530 3833 5585 creabili;

2287 5628 2505 5674 naturae.
2539 5619 2817 5686 Quomodo
2841 5621 3014 5687 igitur,
3048 5619 3098 5672 in
3123 5633 3231 5686 quo
3259 5619 3376 5673 dum
3411 5629 3617 5673 natura:
3641 5633 3832 5688 cogno-

2284 5720 2526 5778 scuntur,
2551 5711 2865 5777 increabilis,
2897 5718 2949 5764 ct
2977 5707 3240 5773 ereabilis,
3281 5709 3334 5762 in
3379 5723 3451 5763 eo
3477 5723 3640 5764 uuam
3687 5719 3832 5764 nale-
