3958 6288
535 303 696 370 «£007

1823 311 2265 372 'JU‘STlNlAN'l
2309 310 2459 369 1MP.

3639 306 3781 372 11708

537 447 624 480 τον
648 435 720 496 τῷ
752 427 931 495 όρατῷ,
956 425 1121 476 καὶτὸ
1146 422 1365 496 ἄχρονον
1390 433 1459 495 τῷ
1487 427 1586 478 ύπό
1617 427 1816 500 χρόνον,
1854 430 1937 479 οὐκ
1957 424 2098 485 ἄλλος

2202 426 2339 495 quod
2369 434 2448 482 est
2476 434 2616 480 intus
2647 426 2896 492 hominis,
2941 432 2994 478 et
3023 424 3164 496 quod
3198 431 3283 477 est
3309 432 3682 478 extrinsecus:
3715 433 3772 480 et

534 509 592 567 δέ
617 518 700 568 καί
725 511 885 576 ἄλλος,
909 517 978 582 μή
997 514 1200 582 γίνοιτο.
1232 531 1250 564 ι

2203 525 2261 566 ut
2304 513 2678 584 compendiose
2704 512 2960 586 dicamus,
2997 511 3139 567 aliud
3166 511 3379 583 quidem
3409 519 3466 565 et
3507 511 3657 565 aliud
3703 526 3772 566 ea

2198 617 2263 656 ex
2292 601 2480 670 quibus
2498 601 2739 658 Salvator
2759 609 2860 666 est,
2884 616 3004 656 cum
3030 616 3136 656 non
3168 601 3307 655 idem
3334 602 3404 655 sit
3430 601 3704 657 invisibile
3720 611 3775 656 et

541 691 762 756 visibile,
789 701 846 748 et
872 691 978 746 hoc
1003 691 1143 760 quod
1165 691 1280 746 sine
1308 700 1545 762 tempore
1573 702 1674 758 est,
1715 703 1770 748 et
1819 695 1920 748 hoc
1948 693 2090 762 quod
2130 693 2230 746 sub
2258 701 2494 761 tempore
2519 709 2532 743 :
2569 707 2670 747 non
2700 699 2876 746 autem
2903 692 3037 746 alius
3063 700 3118 746 et
3137 691 3274 745 alius
3298 709 3313 744 :
3342 693 3500 747 absit.
3533 712 3551 744 ε

612 777 738 836 Ἰδού
782 779 864 835 διά
895 783 1087 836 τούτων
1114 788 1283 853 σαφῶς
1311 779 1539 837 διδάσκει
1581 781 1606 834 6
1653 784 1704 835 iv
1733 781 1891 852 ἁγίοις
1915 782 2102 856 Γρη,ό·

525 892 666 946 ριος,
691 869 773 926 ὅτι
793 874 876 926 ἐπί
895 877 984 926 τοῦ
1007 875 1133 926 κατὰ
1154 872 1365 945 Χριστὸν
1383 875 1667 946 μυστηρίου
1685 871 1710 924 6
1731 875 1818 942 μέν
1841 873 1924 926 ἐπὶ
1942 891 2102 945 προσ·

538 964 688 1015 ὧπων
717 962 798 1016 τὸν
829 961 1031 1034 ἀριθμόν
1067 960 1256 1030 λέγων,
1283 962 1350 1018 ὡς
1378 960 1568 1018 ἀσεϐὴς
1591 963 1966 1032 κατακρίνεταν
1999 959 2100 1013 δ’δὲ

538 1053 624 1118 ἐπί
667 1059 766 1105 τῶν
803 1054 996 1122 φύσεων
1028 1051 1078 1113 ἐξ
1105 1045 1224 1103 ὧνό
1264 1045 1334 1108 εἷς
1380 1051 1612 1106 συνετέθη
1658 1049 1889 1121 Χριστός,
1928 1055 2103 1102 τοῦτον

541 1139 938 1214 παραλαμϐάνων
966 1139 1123 1212 ὀρθῶς
1144 1137 1372 1210 ὁμολογεῖ
1389 1153 1405 1184 °.
1429 1140 1497 1198 ὡς
1515 1142 1606 1196 τὴν
1633 1139 1722 1207 μίν
1748 1136 1976 1212 διαφοράν
2003 1146 2103 1193 τῶν

509 1293 512 1298 ι
539 1231 880 1284 συνελθουσῶν
915 1233 1104 1301 φύσεων
1134 1229 1216 1283 διά
1253 1231 1438 1283 τούτου
1467 1231 1741 1299 σημαίνων.
1770 1227 2008 1302 διαίρεσιν
2050 1229 2103 1282 δί

537 1325 628 1378 τὴν
671 1319 764 1374 άνὰ
802 1321 952 1395 μέρος
989 1319 1098 1372 κατ’
1126 1317 1296 1372 ούδίνα
1332 1319 1517 1392 τρόπον
1555 1321 1872 1388 ποιούμενος.
1907 1317 2106 1393 Ὠσπερ

541 1409 642 1479 γάρ
682 1407 830 1482 ίτίρα
867 1405 1016 1478 φύσις
1045 1414 1136 1466 τῆς
1159 1405 1370 1477 ψυχῆς,
1418 1410 1500 1460 καί
1535 1407 1683 1480 ἑτέρα
1716 1410 1988 1476 σώματος,
2016 1411 2108 1461 οιαὶ

467 1553 477 1564 ,
543 1497 682 1572 ὅμως
709 1497 779 1558 εἷς
819 1501 950 1554 κατά
983 1501 1222 1554 σύνθεσιν
1259 1497 1520 1576 ἄνθρωπος
1563 1501 1898 1564 ἀποτελεῖται,
1931 1505 2012 1555 καί
2047 1504 2106 1556 οὐ

540 1587 664 1644 δύο·
693 1589 826 1642 οὕτω
867 1591 950 1642 καί
977 1591 1024 1642 ἐν
1060 1597 1261 1662 Χριστῷ
1289 1591 1333 1642 εί
1358 1593 1442 1643 καὶ
1467 1589 1558 1644 δύο
1583 1591 1762 1662 φύσεις
1787 1593 2105 1664 θεωροῦνται,

541 1679 685 1752 ἕτέρα
723 1682 812 1748 μίν
857 1685 946 1737 τῆς
995 1677 1248 1742 θεότητος,
1302 1680 1446 1754 ἑτέρα
1479 1677 1534 1733 δί
1577 1687 1668 1738 τῆς
1703 1681 2100 1752 άνθρωπότητος,

2271 777 2402 832 Ecce
2433 794 2526 847 per
2551 778 2662 832 hmc
2691 779 2963 834 evidenter
2990 779 3148 834 docet
3189 787 3406 834 sanctus
3454 780 3769 850 Gregorius.

2199 869 2341 936 quod
2369 869 2423 922 in
2449 869 2700 937 mysterio
2725 867 2918 922 Christi
2951 868 3039 922 ille
3053 868 3275 941 quidem
3303 869 3394 936 qui
3435 869 3486 922 in
3526 872 3774 938 personis

2203 970 2480 1009 numerum
2509 955 2654 1018 dicit,
2685 965 2741 1008 ut
2779 956 2974 1026 impius
2997 955 3424 1010 condemnatur:
3471 958 3564 1012 ille
3593 969 3772 1012 autem

2201 1044 2290 1112 qui
2321 1044 2372 1096 in
2421 1044 2641 1108 naturis,
2672 1058 2739 1097 ex
2767 1045 2958 1111 quibus
2993 1059 3127 1098 unus
3171 1044 3414 1098 Christus
3441 1041 3773 1115 compositus

2205 1140 2308 1194 est,
2333 1147 2609 1185 numerum
2653 1132 2861 1200 accipit,
2913 1140 3060 1186 recte
3088 1131 3395 1197 conﬁtetur,
3425 1142 3484 1187 ut
3523 1143 3655 1202 pote
3677 1135 3774 1188 dif-

2209 1217 2484 1272 lerentiam
2513 1220 2724 1288 quidem
2755 1229 3062 1274 naturarum
3089 1234 3208 1289 qua:
3253 1232 3643 1285 convenerunt.
3682 1239 3773 1292 per

2209 1305 2312 1358 hoc
2332 1304 2633 1372 signiﬁcans
2666 1323 2679 1358 :
2719 1305 3034 1360 divisionem
3071 1315 3270 1374 autem,
3299 1323 3420 1376 quae
3449 1324 3548 1378 per
3571 1322 3769 1380 partem

2211 1402 2314 1454 est,
2366 1395 2511 1447 nullo
2558 1393 2718 1447 modo
2754 1393 2972 1448 faciens.
3002 1395 3150 1449 Sicut
3178 1397 3316 1449 enim
3366 1398 3536 1451 altera
3587 1408 3769 1454 natura

2206 1491 2287 1537 est
2315 1485 2520 1545 animm,
2551 1491 2606 1538 et
2633 1484 2801 1538 altera
2827 1485 3088 1552 corporis,
3118 1494 3174 1538 et
3203 1493 3380 1540 tamen
3411 1503 3554 1542 unus
3587 1504 3770 1544 secun-

2207 1557 2330 1625 dum
2354 1573 2796 1641 compositionem
2825 1572 2988 1626 homo
3025 1572 3272 1639 efficitur,
3300 1583 3358 1628 et
3389 1592 3498 1630 non
3527 1577 3637 1631 duo
3679 1579 3766 1632 ho-

2205 1663 2414 1726 mines;
2472 1663 2548 1716 sic
2601 1670 2654 1714 et
2705 1663 2755 1716 in
2805 1661 3020 1718 Christo
3072 1664 3200 1719 licet
3247 1665 3366 1720 dum
3413 1668 3768 1736 intelligantur

542 1767 648 1822 ἀλλ’
681 1769 739 1822 ού
779 1765 862 1820 διά
902 1774 1053 1822 τοῦτο
1097 1767 1186 1822 δύο
1228 1771 1458 1842 Χρεστοὶ,
1487 1769 1516 1828 ἦ
1557 1768 1646 1824 δύο
1672 1769 1770 1823 υἱοί
1799 1771 2099 1840 εἰσάγονται.

2210 1768 2426 1824 naturae,
2456 1761 2624 1814 altera
2650 1759 2863 1830 quidem
2891 1761 3120 1824 deitatis,
3153 1763 3319 1818 altera
3349 1781 3482 1822 vero
3527 1768 3767 1822 humani-

539 1859 694 1916 Ὠστε
725 1863 810 1916 τόν
837 1862 1043 1931 ἀριθμόν
1071 1869 1168 1915 τῶν
1192 1861 1243 1914 ἓν
1260 1867 1461 1934 Χριστῷ
1487 1862 1681 1934 φύσεων
1709 1862 1834 1916 κατά
1859 1863 1943 1915 τὸν
1967 1863 2102 1935 εἰρη-

543 1955 683 2024 μένον
707 1953 886 2026 τρόπον
915 1954 1305 2028 παραιτούμενοι
1339 1951 1514 2022 λέγειν,
1547 1951 1682 2009 δῆλοί
1703 1954 1799 2007 εἰσι
1827 1954 1918 2008 τὴν
1940 1949 2108 2022 διαφο-

542 2047 636 2118 ράν
680 2045 871 2098 τούτων
910 2042 1215 2118 ἀρνούμενοι,
1241 2043 1324 2094 καί
1363 2042 1624 2112 σύγχυσιν
1666 2042 2020 2110 ἐπεισάγοντες
2045 2047 2107 2110 τῇ

541 2133 809 2204 οἰκονομίᾳ.
839 2133 892 2184 Εἰ
917 2128 971 2184 δὲ
995 2134 1090 2188 ’τήν
1111 2129 1346 2204 διαφοράν
1387 2129 1730 2200 ὁμολογοῦσιν,
1755 2130 1944 2201 ἀνάγκη
1981 2130 2108 2181 πάν-

534 2241 641 2281 ·τως
671 2223 752 2274 ίπί
782 2224 940 2294 ταύτῃ
972 2222 1053 2273 καί
1091 2221 1172 2274 τόν
1214 2221 1418 2296 ἀριθμόν
1462 2227 1563 2272 τῶν
1591 2219 1908 2288 άσυγχύτως
1935 2216 2109 2270 συνελ-

535 2313 733 2364 θουσῶν
755 2312 950 2382 φύσεων
975 2312 1045 2369 ε’ς
1072 2309 1194 2379 μίαν
1224 2310 1510 2364 ὑπόστασιν
1533 2309 1690 2379 λέγειν
1717 2309 1919 2366 αύτούς.
1941 2303 2105 2362 ὀπου

537 2401 641 2473 γέφ
666 2397 875 2471 διαφορά
897 2399 1218 2470 φυλάττεται,
1240 2399 1402 2468 ταύτῃ
1425 2399 1626 2456 πάντως
1648 2398 1734 2450 καί
1761 2396 1964 2469 ἀριθμὸς
1989 2396 2108 2450 ἕπε-

543 2509 646 2542 ται.
669 2493 756 2548 Εἰς
783 2491 1037 2543 σύστασιν
1063 2487 1116 2542 δέ
1143 2494 1241 2541 τῶν
1267 2485 1389 2558 παρ’
1419 2487 1558 2555 ἡμῶν
1599 2486 1866 2558 εἰρημένων
1907 2491 1970 2557 τῇ
2008 2492 2106 2538 τῶν

543 2577 693 2645 ἁγίων
721 2578 952 2649 πατέρων
973 2580 1232 2650 μαρτυρίᾳ
1261 2577 1534 2644 χρώμενοι,
1563 2571 1782 2643 δείξομεν
1804 2574 1990 2632 αύτούς
2026 2573 2108 2627 λί-

537 2685 668 2734 γιιν,
701 2663 781 2720 ὅτι
805 2667 886 2720 ἐπί
929 2673 1020 2721 τοῦ
1062 2671 1194 2718 κατά
1229 2665 1441 2740 Χριστόν
1471 2667 1752 2738 μυστηρίου
1789 2663 1835 2716 oi
1861 2664 1949 2732 μὲν
1975 2663 2106 2736 λόγοι

537 2755 852 2828 διαιροῦνται
881 2756 1008 2810 κατά
1027 2759 1116 2813 τήν
1140 2751 1374 2828 διαφοράν
1401 2761 1499 2808 τῶν
1525 2755 1738 2825 φύσεων,
1770 2755 2002 2813 θεότητος
2027 2756 2107 2806 καὶ

540 2845 938 2921 ἁνθρωπότητος,
973 2847 1026 2908 ἐξ
1053 2841 1120 2898 ὧν
1152 2847 1233 2898 καί
1260 2846 1510 2906 συνετέθη,
1544 2847 1625 2898 καί
1661 2849 1742 2896 τλιν
1775 2845 1982 2916 ἀριθμόν
2021 2845 2106 2898 ἐπὶ

537 2937 724 2990 τούτου
739 2933 1240 3010 παραλαμϐάνουσιν,
1265 2935 1321 2986 ού
1341 2940 1438 3002 μὴν
1460 2941 1821 3009 πραγματικῶς
1841 2937 1935 2988 άνά
1955 2935 2104 3008 μίρος

537 3031 625 3086 τήν
649 3033 749 3082 τῶν
775 3027 973 3098 φύσεων
997 3030 1257 3081 ποιοῦνται
1289 3023 1528 3102 διαίρεσιν
1556 3027 1628 3086 είς
1655 3024 1745 3079 δύο
1769 3026 2101 3090 ύποστάσεις,

522 3117 644 3174 -ἧτοι
665 3115 756 3172 δύο
779 3111 1046 3178 πρόσωπα.

2207 1851 2350 1916 tatis,
2379 1849 2472 1904 sed
2508 1865 2614 1904 non
2644 1858 2862 1919 propter
2889 1851 2994 1906 hoc
3020 1852 3126 1906 duo
3178 1854 3394 1920 christi,
3428 1865 3524 1910 aut
3547 1857 3657 1912 duo
3683 1859 3764 1914 ﬁlii

2207 1939 2630 1994 introdueuntur.
2665 1937 2802 2008 Ergo
2843 1941 2932 2008 qui
2971 1957 3251 1996 numerum
3299 1952 3622 2001 naturarum
3663 1965 3770 2017 qua

2197 2031 2258 2085 in
2290 2029 2505 2084 Christo
2532 2037 2676 2097 sunt,
2697 2031 2986 2085 secundum
3015 2031 3328 2100 praedictum
3355 2035 3575 2090 modum
3603 2037 3773 2091 dicere

2203 2128 2471 2186 recusant,
2496 2119 2759 2174 manifesti
2792 2128 2918 2174 sunt
2940 2121 3293 2176 differentiam
3322 2133 3639 2180 naturarum
3682 2127 3770 2181 ab-

2208 2217 2481 2278 negantes,
2536 2219 2591 2264 et
2633 2209 3003 2265 confusionem
3057 2213 3462 2271 introducentcs
3503 2217 3775 2288 dispensa-

2207 2300 2360 2353 tioni.
2407 2299 2463 2353 Si
2491 2313 2618 2355 vero
2656 2299 3008 2354 diﬁerentiam
3037 2301 3384 2370 conﬁtentur,
3434 2320 3660 2361 necesse
3700 2317 3773 2361 est

2205 2387 2510 2442 omnimodo
2536 2386 2605 2441 ad
2633 2401 2749 2442 eam
2774 2386 3194 2457 signiﬁcandam,
3222 2399 3278 2444 et
3296 2408 3578 2448 numerum
3603 2395 3773 2450 dicere

2208 2485 2512 2532 naturarum
2541 2493 2658 2546 qua:
2683 2479 2797 2532 sine
2825 2479 3134 2534 confusione
3177 2481 3232 2534 in
3283 2497 3439 2536 unam
3481 2484 3772 2539 subsisten-

2205 2578 2332 2631 tiam
2361 2582 2742 2632 convenerunt.
2777 2573 2876 2629 libi
2905 2576 3046 2631 enim
3069 2575 3367 2633 diﬂ‘erentia
3399 2591 3675 2649 servatur,
3703 2583 3767 2636 ihi

2208 2665 2352 2721 omni
2392 2663 2554 2720 modo
2583 2671 2639 2720 et
2677 2677 2928 2719 numerus
2972 2667 3230 2736 sequitur.
3280 2667 3361 2722 Ad
3410 2669 3768 2726 conﬁrmanda

2206 2762 2386 2808 autem
2414 2767 2475 2807 ea
2502 2767 2620 2822 quas
2657 2753 2904 2819 diximus,
2946 2763 3254 2810 sanctorum
3284 2765 3496 2826 patrum
3528 2761 3769 2816 testimo-

2207 2845 2294 2898 nio
2314 2851 2545 2907 utentes,
2573 2842 2912 2897 ostendemus
2947 2843 3268 2912 eosdicerc,
3299 2847 3440 2915 quod
3462 2848 3518 2901 in
3549 2848 3768 2922 [myste-

2204 2935 2284 2990 rio
2311 2933 2508 2989 Christi
2531 2927 2723 3004 Gram]
2767 2944 2874 2988 uno
2900 2933 3129 2990 Domino
3166 2943 3354 3006 nostro
3390 2935 3518 2992 Jesu
3562 2939 3767 2994 Christo

2203 3025 2440 3080 rationes
2477 3020 2690 3094 quidem
2727 3022 3032 3080 dividuntur
3081 3025 3372 3080 secundum
3419 3026 3765 3084 differentiam

2135 3107 2186 3172 C
2214 3125 2522 3172 naturarum
2541 3103 2755 3170 deitatis
2781 3122 2836 3170 et
2857 3115 3204 3172 humanitatis
3239 3132 3305 3172 ex
3333 3119 3530 3188 quibus
3550 3132 3607 3174 et
3625 3135 3767 3175 conv

2205 3204 2415 3274 positus
2439 3211 2544 3272 est,
2568 3211 2622 3258 et
2641 3218 2918 3259 numerum
2941 3205 2994 3259 in
3022 3204 3127 3260 hoc
3145 3215 3440 3273 assumunt,
3465 3224 3572 3264 non
3595 3217 3762 3264 tamen

525 3295 649 3364 ipsa
691 3311 748 3351 re
790 3303 846 3352 et
901 3309 998 3368 per
1037 3293 1230 3366 partes
1261 3304 1568 3352 naturarum
1615 3296 1814 3350 faciunt
1859 3295 2170 3350 divisionem
2208 3295 2260 3348 in
2285 3293 2417 3349 duas
2441 3293 2806 3351 subsistentias
2831 3294 2943 3348 sive
2977 3310 3256 3364 personas.

611 3387 749 3455 Λέγει
785 3387 886 3461 γάρ
927 3385 952 3439 ὃ
989 3387 1239 3458 ἕν··όιγίοις
1280 3385 1510 3462 κύριλλος
1537 3387 1588 3440 ἐν
1632 3392 1694 3459 τῇ
1741 3383 1974 3460 ἑρμηνείᾳ
2007 3391 2096 3438 τοῦ

538 3479 797 3529 Δευιτικοῦ
830 3473 988 3534 οὕτως
1011 3489 1024 3504 °
1063 3492 1082 3527 ι
1106 3473 1249 3530 ὀλον
1277 3473 1338 3534 δη
1365 3475 1513 3530 πάλιν
1545 3477 1594 3529 ἐν
1621 3477 1818 3535 τούτοις
1841 3477 2098 3549 περιάθριι

530 3573 708 3638 ’σαφῶς
732 3571 824 3622 τοῦ
849 3574 1080 3638 σωτῆρος
1105 3569 1241 3637 ἡμῶν
1268 3568 1326 3623 τὸ
1355 3570 1672 3643 μυστήριον,
1693 3567 1876 3622 καὶτὸν
1898 3565 1982 3622 διά
2005 3572 2096 3620 τοῦ

535 3657 679 3728 ἁγίου
729 3659 1084 3728 βαπτίσματος
1131 3660 1458 3736 καθαρισμόν.
1505 3661 1602 3714 Δύο
1648 3663 1738 3730 μὲν
1780 3662 1876 3734 γάρ
1916 3661 2098 3735 ὀρνίθια

533 3749 766 3820 ληφθῆναι
802 3749 985 3804 κελεύει
1010 3754 1168 3812 ζῶντα
1195 3753 1278 3804 καί
1317 3753 1526 3824 καθαρά,
1549 3756 1638 3811 ἵνα
1676 3747 1857 3822 νοήσῃς
1889 3749 1972 3806 διά
1999 3757 2098 3806 τῶν

530 3845 768 3892 πιτεινῶν
804 3841 890 3894 τόν
917 3840 1142 3914 οὐράνιον
1183 3837 1443 3914 ἄνθρωπόν
1469 3860 1523 3897 τε
1563 3839 1687 3911 ὁμοῦ
1735 3845 1819 3894 καί
1857 3841 1977 3896 Θιὸν
2027 3843 2097 3902 ε⁹ς

533 3925 626 3982 δύο
648 3931 842 3999 φύσεις,
876 3926 996 3984 ὅσον
1037 3927 1150 3992 ἧκεν
1191 3934 1262 3992 είς
1299 3933 1386 3986 τὸν
1414 3930 1605 4004 ἑκάστη
1642 3934 1898 4007 πίίποντα
1929 3933 2092 4006 λόγον,

531 4013 904 4090 διαιρούμενον
931 4019 1078 4090 λόγος
1099 4021 1192 4096 γάρ
1213 4017 1271 4079 ἦν
1297 4019 1322 4075 ό
1349 4021 1404 4075 in
1431 4028 1558 4077 Θιοῦ
1585 4024 1782 4092 πατρὸς
1801 4023 2098 4096 ἀναλάμψας

533 4107 580 4157 ἐν
605 4110 753 4180 σαρκί
775 4115 836 4180 ἡ
862 4110 916 4162 in
940 4111 1189 4180 γυναικός,
1218 4111 1342 4170 πλὴν
1369 4112 1426 4164 ού
1449 4113 1766 4185 μεριζόμενος
1790 4128 1803 4140 ⁸
1832 4109 1898 4173 εἷς
1925 4115 2020 4183 γάρ
2047 4114 2096 4176 ἐξ

533 4195 714 4268 ἀμφοῖν
739 4195 766 4251 ό
799 4199 1034 4272 Χριστός.
1058 4217 1076 4252 ι
1111 4202 1200 4254 καί
1223 4201 1360 4255 πάλιν
1382 4199 1406 4254 ό
1432 4203 1578 4262 αύτός
1599 4203 1646 4255 ἐν
1667 4202 1828 4274 άγίοις
1860 4203 2096 4278 Κύριλλος

533 4286 584 4340 ἐν
614 4295 679 4360 τῇ
715 4289 840 4365 πρὸς
878 4291 1145 4344 Σούαενσον
1183 4289 1395 4366 δευτέρᾳ
1432 4290 1672 4364 επιστολῇ
1695 4296 1870 4367 γράφει
1897 4293 2056 4354 οὕτως
2081 4311 2094 4322 ·

536 4393 557 4425 ε
575 4376 698 4432 Ἀλλ’
727 4377 996 4450 ἠγνόησαν,
1019 4377 1095 4433 ὅτι
1117 4377 1212 4433 ὅσα
1233 4383 1354 4434 κατά
1374 4383 1526 4451 μόνην
1542 4389 1628 4442 τήν
1647 4384 1857 4457 θεωρίαν
1885 4382 2095 4458 διαιρεῖ-

531 4469 645 4525 σθαι
671 4471 816 4541 φιλεῖ,
842 4475 1006 4524 ταῦτα
1043 4471 1100 4522 ού
1143 4472 1342 4530 πάντως
1371 4476 1450 4526 καί
1490 4476 1561 4534 είς
1589 4475 1861 4546 ἑτερότητα
1889 4481 1976 4532 τήν
2005 4477 2097 4529 άνά

532 4556 680 4627 μέρος
703 4553 980 4632 όλοτρόπως
1023 4559 1102 4610 καί
1140 4555 1304 4618 ἐδικῶς
1329 4561 1702 4628 ἀποφοιτήσειιν
1744 4556 1804 4614 ἂν
1842 4564 1928 4616 ἀπ’
1953 4564 2094 4620 άλὶή-

2269 3383 2408 3438 Dicit
2431 3383 2571 3436 enim
2601 3389 2819 3437 sanctus
2845 3381 3073 3454 Cyrillus
3101 3385 3152 3439 in
3185 3385 3401 3442 Levitiei
3450 3388 3762 3460 interpreta-

2199 3472 2344 3528 tione
2373 3469 2556 3542 (chit.
2617 3487 2633 3525 l
2670 3471 2689 3540 )
2734 3471 2810 3526 sic
2835 3490 2846 3524 :
2885 3491 2904 3524 ι
2924 3472 3116 3526 Totum
3146 3476 3198 3529 in
3219 3475 3302 3532 his
3331 3475 3525 3534 iterum
3547 3483 3761 3536 circum-

2198 3561 2346 3631 spice
2373 3569 2557 3632 aperte
2581 3559 2872 3616 Salvatoris
2899 3555 3068 3618 nostri
3097 3567 3429 3634 mysterium,
3480 3577 3537 3624 et
3581 3585 3756 3625 cinnit—

2197 3651 2466 3706 dationem
2488 3664 2606 3720 quae
2631 3665 2728 3719 per
2745 3659 2988 3706 sanctum
3017 3653 3274 3724 baptisma
3319 3655 3393 3709 ﬁt.
3446 3657 3588 3712 Duas
3623 3661 3754 3717 enim

2197 3739 2429 3795 aviculas
2455 3741 2591 3795 sumi
2608 3740 2760 3809 jub‘et
2783 3741 2932 3796 vivas
2951 3752 3008 3798 ct
3031 3745 3272 3809 mundas,
3305 3754 3364 3800 nt
3385 3747 3651 3818 intelligas
3670 3765 3754 3819 per

2196 3830 2434 3886 volatilia
2465 3831 2736 3885 cmlestem
2769 3831 3038 3886 hominem
3063 3833 3218 3887 simul
3244 3845 3296 3888 et
3328 3835 3516 3902 Deum,
3546 3839 3600 3892 in
3637 3837 3758 3890 duas

2196 3925 2436 3986 naturas,
2477 3927 2734 3988 quantum
2784 3921 3016 3989 pertinet
3055 3921 3120 3975 ad
3173 3924 3434 3978 rationem
3482 3925 3756 3994 unicuique

2197 4011 2626 4078 convenientem,
2651 4009 3008 4067 dividendum.
3036 4013 3172 4067 Deus
3199 4015 3341 4068 enim
3372 4016 3628 4083 Verbum,
3649 4016 3763 4088 quia

2199 4123 2266 4163 ex
2295 4107 2406 4163 Deo
2433 4106 2590 4164 Patre
2619 4117 2720 4174 est,
2751 4109 3017 4178 splenduit
3037 4109 3088 4164 in
3117 4125 3276 4166 carne
3300 4127 3420 4180 qua:
3452 4129 3519 4167 ex
3547 4116 3758 4168 muliere

2198 4208 2298 4263 est,
2344 4207 2708 4252 verumtamen
2759 4214 2868 4253 non
2915 4199 3284 4269 partiendum;
3329 4217 3466 4256 unus
3509 4203 3651 4257 enim
3694 4218 3757 4258 et

2199 4287 2435 4355 utrisque
2455 4287 2716 4342 Christus.
2752 4306 2770 4340 ι
2806 4287 2874 4342 Ει
2898 4289 3090 4344 iterum
3119 4288 3261 4346 idem
3291 4301 3510 4346 sanctus
3537 4293 3756 4362 Cyrinus

2199 4378 2250 4433 in
2297 4377 2526 4434 secunda
2560 4380 2625 4434 ad
2663 4377 2978 4435 Successum
3019 4380 3243 4452 epistola
3290 4381 3361 4436 ita
3405 4382 3571 4438 dicit:
3606 4403 3624 4436 ι
3658 4383 3757 4441 Sed

2199 4467 2576 4534 ignoraverunt
2602 4467 2742 4536 quod
2766 4483 2884 4537 quae
2904 4486 3000 4539 per
3029 4471 3200 4526 solum
3243 4471 3572 4527 intellectum
3600 4473 3757 4528 dividi

2197 4555 2392 4621 solent,
2434 4572 2538 4610 non
2585 4557 2698 4613 haec
2753 4560 3050 4630 necessario
3106 4561 3268 4637 etiam
3323 4562 3375 4618 in
3422 4563 3756 4627 alteritatem,

529 4645 648 4698 λων.
672 4661 692 4696 ι
711 4648 802 4698 καί
826 4645 852 4699 6
880 4647 930 4700 ἄν
945 4645 1106 4718 ἁγίοις
1127 4647 1376 4709 Βασίλειος
1396 4649 1442 4702 ἐν
1461 4657 1534 4720 τῷ
1555 4653 1782 4721 τετάρτῳ
1811 4653 1918 4706 κατ’
1947 4654 2094 4706 Εὐνο-

2202 4657 2318 4712 quae
2339 4652 2422 4698 est
2442 4659 2536 4712 per
2561 4653 2760 4714 partes,
2789 4648 3097 4703 omnimodo
3124 4658 3180 4704 et
3205 4652 3509 4719 specialiter
3533 4668 3564 4705 a
3594 4667 3656 4707 se
3683 4654 3759 4706 in-

531 4736 650 4803 μίου
671 4735 799 4806 λόγῳ
817 4737 1096 4810 ἕρμηνιύων
1120 4741 1427 4813 τὸυ-Κύριος
1451 4739 1614 4795 ἕκτισί
1635 4760 1718 4813 με,
1748 4745 1830 4794 καί
1851 4743 1950 4816 πρὸ
1973 4745 2094 4796 πάν·

531 4825 834 4900 τωνβουνῶν
851 4833 988 4898 γεννᾷ
1006 4847 1066 4897 με
1081 4829 1332 4902 -ογράειει
1353 4827 1534 4888 οὕτως’
1551 4846 1571 4879 ι
1593 4831 1815 4886 Δηπτίον
1835 4826 1982 4884 οὖντὸ
2003 4834 2092 4900 μὲν

533 4915 880 4983 ἐγέννησιν,
905 4917 988 4970 ἐπὶ
1015 4923 1105 4970 τοῦ
1127 4924 1253 4972 Θεοῦ
1277 4917 1401 4970 υίοῦ”
1427 4920 1484 4972 τὸ
1499 4917 1553 4974 δὲ
1583 4918 1865 4984 ἔκτισεν,
1892 4923 1983 4973 ἔπε’
2001 4927 2089 4974 τοῦ

529 5024 620 5064 την
635 5012 823 5082 μορφήν
841 5012 929 5064 τοῦ
947 5005 1122 5062 δούλου
1137 5007 1393 5070 λαϐόντος.
1410 5006 1484 5062 Ἐν
1508 5015 1636 5064 πᾶσι
1654 5007 1704 5062 δὲ
1723 5012 1915 5068 τούτοις
1931 5010 1987 5062 ού
2003 5007 2092 5062 δύο

531 5097 752 5170 λὲγομεν,
784 5099 902 5152 Θεὸν
928 5095 1050 5163 ἰδίᾳ,
1080 5101 1165 5153 καί
1191 5096 1450 5174 ἄνθρωπον
1475 5099 1577 5174 ἰδίᾳ
1599 5115 1610 5128 ⁸
1637 5096 1705 5158 εἷς
1723 5101 1818 5174 γὰρ
1857 5097 1941 5177 ἦν·
1969 5100 2091 5154 άλλά

533 5188 637 5240 κατ’
662 5187 886 5242 ἐπίνοιαν
912 5193 1001 5245 τήν
1037 5187 1250 5242 ἑκάστου
1275 5189 1422 5259 φύσιν
1459 5187 1781 5260 λογιζόμενοι.
1811 5207 1828 5237 ι
1862 5190 1945 5242 καί
1979 5187 2004 5243 6
2045 5189 2095 5240 ἔν

531 5273 688 5348 ἁγίοις
716 5273 770 5329 δί
797 5273 1067 5352 Γρηγόριος
1093 5275 1118 5330 6
1147 5273 1367 5348 θεολόγοι·
1387 5279 1438 5330 ἐν
1473 5285 1544 5344 τῷ
1579 5279 1696 5350 περί
1735 5277 1846 5330 vim?
1877 5275 2094 5352 δευτέρῳ

530 5363 660 5434 λόγῳ
685 5361 931 5418 διδάσκων
956 5365 1086 5434 ἡμᾶς
1106 5403 1122 5427 ,
1149 5361 1287 5424 ὅπως
1329 5363 1408 5419 δεῖ
1437 5366 1526 5425 τὰς
1573 5366 1620 5418 ἐν
1659 5371 1732 5436 τῷ
1775 5367 1931 5440 κυρίῳ
1957 5367 2094 5437 ἡμῶν

529 5443 690 5509 ’ίοσοῦ
736 5461 934 5525 Χριστῷ
973 5453 1147 5524 φύσεις
1179 5453 1292 5508 κατ’
1339 5453 1555 5508 ἐπίνοιαν
1596 5452 1872 5528 διακρίνειν,
1921 5457 2094 5529 γράφει

533 5544 710 5602 οῗτωςο
747 5562 764 5593 ι
785 5543 1024 5599 Ἦνίκααί
1039 5546 1222 5614 ⁴φύσεις
1246 5543 1532 5599 διίστανται
1560 5551 1672 5602 ταῖς
1693 5545 1954 5608 ἐπινοίαις,
1981 5567 2098 5598 συνο

535 5627 796 5703 διαιρεῖται
839 5633 922 5684 καί
963 5635 1029 5688 τά
1070 5631 1311 5702 ὀνόματα.
1346 5632 1538 5686 Παύλου
1576 5632 1803 5701 λέγοντος
1841 5629 2092 5686 ἄκουσον·

545 5713 708 5768 -Ἶϊα
725 5717 745 5768 ὁ
762 5720 877 5776 eui.-
900 5727 986 5774 τοῦ
1011 5723 1184 5795 κυρίου
1199 5723 1334 5790 ἡμῶν
1349 5719 1512 5782 Tus-0‘3
1531 5729 1756 5794 Χριστοῦ
1775 5722 1800 5776 6
1818 5729 1983 5796 πατὴρ
2003 5733 2092 5785 τῆς

2197 4732 2368 4787 vicem
2409 4733 2815 4802 separabuntur.
2857 4755 2877 4788 ι
2929 4735 3035 4792 Sed
3079 4746 3134 4792 et
3175 4749 3391 4794 sanctus
3436 4741 3662 4795 Basilius
3707 4741 3754 4793 in

2197 4829 2388 4893 quarto
2407 4821 2543 4878 libro
2563 4823 3105 4895 eontraEunomium,
3120 4829 3473 4897 interpretans
3499 4830 3603 4886 hoc
3621 4831 3757 4900 qum!

2196 4918 2279 4966 est
2303 4928 2316 4964 :
2347 4909 2597 4966 Dentium
2625 4915 2812 4966 crearit
2837 4931 2933 4977 me,
2966 4926 3016 4968 et
3049 4929 3166 4971 ante
3192 4935 3366 4972 unum
3404 4921 3562 4974 colles
3590 4916 3786 4991 genuit'

2195 5016 2276 5054 me
2291 5000 2467 5072 (Prov.
2484 5001 2892 5074 vm):itascribit
2915 5023 2926 5057 :
2958 5025 2974 5057 ι
2995 5007 3398 5075 Intelligendum
3421 5010 3529 5066 hoc
3550 5013 3753 5080 quidem

2195 5090 2340 5160 quod
2366 5091 2512 5158 dicit,
2545 5097 2748 5156 creauit,
2781 5093 2846 5148 de
2867 5109 2932 5149 eo
2959 5095 3048 5163 qni
3081 5095 3304 5152 fonnam
3348 5101 3486 5154 servi
3527 5103 3751 5171 accepit.

2195 5188 2252 5242 In
2281 5187 2362 5244 his
2391 5197 2570 5244 autem
2597 5190 2843 5245 omnibus
2873 5207 2976 5248 non
2999 5196 3104 5249 duo
3130 5195 3372 5261 dicimus,
3409 5197 3574 5252 Deum
3602 5215 3754 5269 sepa-

2196 5280 2371 5342 ratim,
2417 5287 2474 5334 et
2515 5279 2784 5335 hominem
2810 5285 3116 5352 separatim,
3147 5302 3280 5340 unus
3309 5288 3450 5341 enim
3479 5299 3635 5343 erat:
3663 5289 3752 5344 sed

2195 5367 2486 5446 secundum
2541 5367 2889 5432 intellectum,
2947 5372 3220 5441 utriusque
3274 5382 3518 5430 naturam
3573 5377 3749 5432 existi.

2197 5465 2420 5510 niantes.
2447 5475 2465 5508 ι
2489 5455 2593 5511 Sed
2612 5466 2668 5510 et
2690 5467 2904 5513 sanctus
2923 5458 3208 5529 Gregorius
3229 5463 3530 5532 Theologus
3552 5467 3605 5519 in
3627 5466 3754 5520 libro

2196 5547 2431 5602 secundo
2464 5547 2531 5603 de
2557 5547 2710 5612 Filio,
2743 5549 2940 5605 docens
2987 5569 3082 5606 nos
3113 5556 3382 5623 quomodo
3429 5557 3482 5610 in
3532 5556 3753 5612 Domino

2197 5645 2380 5690 nostro
2401 5635 2526 5691 Jesu
2553 5637 2762 5692 Christo
2791 5651 3002 5709 Oportet
3033 5653 3246 5696 naturas
3265 5659 3382 5712 quan
3433 5647 3486 5698 in
3517 5662 3585 5701 eo
3613 5656 3753 5709 sunt,

2194 5725 2482 5780 secundum
2507 5726 2830 5782 intellectum
2858 5731 2979 5784 disc:
3003 5747 3174 5798 ruere,
3207 5733 3277 5786 ita
3305 5735 3487 5788 scribit
3518 5755 3529 5787 :
3570 5755 3588 5786 ε
3623 5736 3750 5787 Cum
