3958 6288
239 306 373 374 1009
1378 304 1790 379 CONFESSIO
1828 314 2087 375 nEc'r/a
2125 316 2356 376 FIDEI.
3322 304 3510 370 1010

227 429 391 492 δόξης-ο
423 429 642 498 Χριστοῦ
672 425 758 493 μὲν
782 423 922 487 Θεὸς,
953 433 1042 485 τῆς
1066 425 1118 480 δὲ
1142 425 1282 487 δόξης
1309 425 1496 498 πατὴρ.
1517 424 1574 474 Ei
1597 422 1692 493 γάρ
1714 423 1794 474 καί

1913 424 2096 471 παίω-ιε
2126 417 2397 472 intellectu
2424 419 2640 485 distant,
2665 419 2820 474 simul
2847 418 3149 475 dividuntur
3172 422 3331 476 etiam
3355 440 3446 476 no-

1893 507 2074 610 mina;
2085 507 2319 610 .Paulun:
2326 507 2588 610 dicentem
2607 510 2732 610 auidi
2752 510 2867 610 :‘Ut
2896 511 3054 610 ρεσε-
3052 511 3260 568 Domini
3286 518 3450 570 nostri
3489 543 3530 610 ἆ,

1892 595 2015 650 Iesu
2035 594 2246 664 Christi,
2274 595 2432 651 Pater
2460 599 2637 668 gloria:
2663 598 2873 670 (ΕρΙιεε.
2905 599 2944 670 ι)
2973 619 2985 652 :
3015 599 3210 656 Christi
3237 603 3451 670 quidem
3490 594 3516 660 5“

227 523 283 576 τὸ
303 516 665 590 συναμφότερον
683 514 751 576 ἓν,
779 516 880 568 ἀλλ’
898 516 953 568 οὑ
970 525 1030 590 τῇ
1046 519 1214 587 φύσει,
1239 522 1300 588 τῇ
1326 513 1380 569 δὲ
1407 511 1616 582 συνόδῳ.
1643 529 1661 562 ε
1693 515 1794 565 Καὶ

232 607 260 662 ὁ
293 609 340 661 ἐν
377 606 537 678 ἁγίοις
564 604 616 657 δὲ
645 604 908 678 Γρηγόριος
939 604 962 658 ὁ
989 606 1191 664 Νύσσης
1217 606 1486 661 ἐπίσκοπος
1509 603 1559 655 ἐν
1585 608 1656 672 τῷ
1681 610 1794 656 κατ’

229 697 462 768 Εὐνομίαν
489 694 715 766 τετάρτῳ
738 690 870 763 λόγῳ
898 695 964 747 τά
1001 696 1129 748 αὑτά
1157 696 1291 763 ἡμᾶς
1316 691 1579 754 διδάσκων,
1619 692 1796 762 γράᾳει

232 785 413 842 οὕτως·
451 799 470 832 ι
491 784 574 834 Καὶ
603 786 669 842 ὡς
693 777 750 834 ἂν
775 787 842 851 μή
869 804 946 843 τις
1060 785 1288 858 άκηράτῳ
1315 783 1461 852 φύσει
1481 782 1536 834 τὸ
1562 783 1684 834 κατὰ
1709 782 1795 833 τὸν

244 871 468 943 σταυρὸν
492 870 651 928 πάθος
676 871 1057 943 προστρίὲῗοιτο,
1085 868 1148 924 δι’
1175 869 1354 943 ἑτέρων
1392 866 1688 942 τρανότερον
1711 872 1798 924 τήν

232 959 468 1014 τοιαύτην
497 958 853 1029 ἐπανορθοῦται
885 954 1092 1021 πλάνην,
1140 959 1346 1026 μεσίτην
1371 955 1520 1009 αὑτὸν
1561 960 1684 1009 Θεοῦ
1715 957 1799 1006 καί

232 1047 515 1118 ἀνθρώπου,
561 1046 684 1098 Θεὸν
720 1047 804 1098 καί
831 1043 1087 1119 ἄνθρωπον
1129 1046 1282 1099 αὑτὸν
1323 1041 1592 1113 ὀνομάζων,
1621 1043 1702 1095 ἶνα
1749 1043 1799 1095 ἐκ

233 1147 320 1194 τοῦ
349 1140 410 1192 τά
437 1136 526 1192 δύο
552 1141 668 1208 περὶ
693 1139 750 1191 τὸ
774 1135 825 1190 ἓν
851 1138 1075 1210 λέγεσθαι
1101 1140 1159 1190 τὸ
1184 1136 1467 1210 πρόσφορον
1491 1143 1652 1188 νοοῖτο
1683 1136 1801 1206 περί

235 1228 488 1303 ἑκάτερον,
518 1231 633 1301 περὶ
651 1231 740 1296 μέν
765 1229 823 1281 τὸ
850 1231 975 1281 θεῖον
1000 1230 1030 1284 ἠ
1058 1228 1293 1292 ἀπάθεια,
1315 1223 1502 1296 περίδὲ
1528 1226 1585 1277 τὸ
1615 1225 1801 1297 ἀνθρὼ-

234 1339 373 1373 πινον
402 1321 430 1374 ἡ
458 1323 585 1371 κατὰ
612 1319 668 1370 τὸ
696 1317 851 1376 πάθος
885 1317 1150 1381 οἰκονομία.
1180 1322 1279 1374 Τῆς
1315 1309 1398 1367 οὖν
1427 1313 1646 1370 ἐπινοίας
1670 1309 1802 1365 διαι-

235 1412 423 1480 ρο’σης
457 1407 513 1460 τὸ
548 1408 673 1460 κατὰ
700 1406 1061 1476 φιλανθρωπίαν
1086 1407 1173 1474 μίν
1207 1404 1463 1472 ἡνωμένον,
1486 1409 1558 1473 τῷ
1585 1399 1636 1455 δι
1671 1401 1800 1472 λόγῳ

237 1493 626 1567 διακρινόμενον,
669 1491 787 1545 ὅταν
828 1495 916 1560 μὲν
949 1494 1007 1545 τὸ
1033 1492 1404 1567 ὑπερκείμενον,
1434 1492 1521 1542 καί
1548 1489 1804 1562 ὑπερέχον

238 1586 409 1636 πάντα
447 1588 559 1635 νοῦν
600 1581 866 1654 κηρΐσση,
911 1589 1016 1640 τοῖς
1050 1581 1376 1651 ὑψηλοτέροις
1411 1581 1660 1654 κέχρηται
1705 1586 1804 1632 τῶν

240 1673 506 1738 ὀνομάτων,
539 1673 621 1724 ἐπὶ
647 1675 840 1724 πάντων
861 1673 1000 1730 Θεὸν,
1029 1672 1115 1723 καί.
1139 1671 1290 1740 μέγαν
1315 1670 1452 1726 Θεὸν.
1475 1674 1560 1724 καί
1586 1667 1800 1738 δύναμιν

1895 685 2054 751 Deus,
2082 687 2264 754 gloriae
2281 695 2458 740 autem
2487 685 2662 742 Pater.
2691 687 2821 742 Nam
2851 691 2949 744 etsi
2979 698 3260 760 utrumque
3289 709 3451 748 unum
3495 705 3499 710 '

1896 786 1996 843 est,
2024 786 2198 832 tamen
2225 793 2329 832 non
2351 787 2560 846 natura,
2582 778 2673 833 sed
2694 787 2977 834 conventu.
3004 799 3022 833 ι
3041 779 3108 835 Et
3126 791 3340 837 sanctus
3361 800 3452 837 au-

1896 877 2004 922 tem
2033 868 2316 937 Gregorius
2343 868 2609 938 Nyssenus
2631 867 2942 939 [Episcopus
2970 870 3166 941 Nyssae]
3189 871 3242 924 in
3265 884 3454 940 quam)

1899 958 2034 1012 libro
2064 966 2248 1012 contra
2278 956 2618 1022 Eunomium,
2647 957 2834 1012 eadem
2864 973 2959 1011 nos
2992 957 3207 1022 docens,
3234 959 3305 1012 ita
3329 961 3450 1013 seri.

1899 1047 1976 1100 bit
2000 1065 2014 1100 :
2047 1065 2065 1098 ι
2101 1046 2164 1100 Ει
2193 1061 2262 1100 ne
2289 1046 2478 1114 aliquis
2503 1046 2886 1114 incorruptibili
2914 1055 3118 1100 natura:
3145 1047 3316 1101 crucis
3338 1063 3451 1116 pas-

1901 1139 2103 1193 sionem
2131 1137 2440 1206 applicaret,
2472 1152 2568 1205 per
2592 1137 2694 1190 alia
2723 1136 3052 1191 manifestius
3085 1137 3242 1190 talem
3271 1151 3457 1191 emen-

1900 1229 1991 1282 dat
2039 1241 2296 1289 errorem,
2351 1225 2695 1279 mediatorem
2735 1227 2905 1294 ipsum
2951 1225 3045 1278 Dei
3092 1223 3458 1278 et-hominum

1902 1316 1958 1388 (I
1989 1316 2116 1369 Tim.
2152 1315 2231 1382 ιι),
2262 1323 2316 1368 et
2350 1315 2619 1368 hominem
2647 1324 2701 1368 et
2731 1315 2898 1368 Deum
2939 1317 3108 1383 ipsum
3139 1315 3418 1368 nominans
3445 1333 3455 1364 ε

1903 1415 1963 1461 ut
1987 1421 2106 1460 cum
2141 1406 2248 1460 duo
2285 1405 2350 1458 de
2376 1420 2482 1458 uno
2521 1404 2787 1471 dicantur,
2821 1419 3112 1472 congruum
3141 1403 3461 1470 intelligatur

1902 1497 2041 1550 circa
2063 1503 2361 1561 utrumque,
2380 1494 2520 1547 circa
2541 1493 2791 1547 deitatem
2815 1493 3025 1560 quidem
3051 1492 3459 1561 impassibilitas,

1904 1588 2045 1641 circa
2086 1585 2467 1639 humanitatem
2498 1590 2674 1638 autem
2713 1583 3034 1653 dispensatio
3063 1583 3341 1653 passionis.
3377 1582 3461 1636 ln-

1907 1675 2120 1730 tellectu
2152 1675 2309 1743 igitur
2333 1672 2599 1728 dividente
2627 1675 2730 1728 hoc
2756 1674 2897 1741 quod
2926 1675 3463 1744 permisericordiam

241 1767 390 1822 Θεοῦ,
421 1763 506 1814 καί
553 1763 748 1832 σοφίαν,
777 1761 855 1813 καί
898 1763 962 1812 τά
1000 1766 1208 1812 τοιαῦτα
1235 1759 1412 1811 καλῶν.
1440 1757 1595 1814 Ὀταν
1625 1758 1676 1812 δέ
1716 1764 1805 1816 τήν

1913 1765 2121 1832 quidem
2163 1763 2368 1817 unitum
2399 1770 2498 1827 est,
2529 1763 2738 1816 ratione
2767 1771 2942 1817 autem
2971 1763 3306 1829 discernitur,
3348 1780 3464 1818 cum

241 1853 516 1922 ἀναγκαίως
554 1849 636 1904 διά
679 1853 735 1902 τό
775 1853 1011 1922 ἡμέτερον
1057 1850 1255 1906 ἀσθενὲς
1293 1849 1805 1921 συμπαραληφθεῖσαν·

241 1946 342 1994 τῶν
368 1940 676 2006 παθημάτων
702 1947 880 2009 πεῖραν
915 1941 1191 2010 πειιιγράφῃ
1227 1945 1297 2006 τῷ
1324 1937 1474 2006 λόγῳ.
1498 1939 1548 1989 ἐκ
1569 1943 1655 1990 τοῦ
1682 1936 1803 2008 ἠμε-

244 2035 385 2110 τέρου
434 2034 753 2100 γατονομάζει
799 2032 856 2084 τὸ
899 2031 1302 2100 συναμφότερον,
1351 2025 1608 2100 ἴνθρωπον
1655 2027 1804 2081 αὑτὸν

246 2125 654 2196 προσαγορεύων,
687 2124 743 2172 οὑ
771 2127 1050 2173 κοινοποιῶν
1080 2121 1204 2190 πρὸς
1230 2123 1316 2175 τήν
1353 2119 1525 2176 λοιπήν
1549 2122 1606 2189 φ(
1617 2139 1695 2171 σιν
1723 2117 1804 2173 διὰ

245 2224 335 2271 τῆς
375 2221 534 2282 φωνῆς
567 2212 650 2266 τόν
685 2210 1000 2280 δηλούμενον,
1032 2209 1132 2263 ἀλλ’
1171 2210 1300 2262 ὥστε
1329 2213 1444 2281 περὶ
1489 2209 1710 2284 Enr/irem
1749 2212 1804 2264 τὸ

250 2304 450 2360 εὐσεϐὲς
479 2304 785 2370 φυλαχθῆναι
844 2317 863 2350 ε

321 2750 522 2803 Τούτων
565 2750 721 2808 σ’τως
765 2747 1179 2818 ἀποδεδειγμένων
1214 2748 1294 2803 διά
1321 2757 1407 2806 τῆς
1443 2754 1538 2798 τῶν
1583 2747 1812 2818 πατέρων

253 2839 598 2902 διδασκαλίας,
628 2840 1004 2892 παυσάσθωσαν
1047 2838 1090 2890 οί
1128 2840 1208 2892 τὸν
1245 2839 1448 2910 άριθμ’.ν
1481 2846 1578 2891 τῶν
1608 2835 1654 2888 ἐν
1691 2847 1811 2908 Χριο

255 2937 361 3000 στῷ
406 2931 600 3000 φύσεων
633 2931 879 3002 πρότασιν
928 2937 1016 2988 τῆς
1059 2930 1242 2987 οὶκείκς
1284 2929 1464 2986 πλάνης
1506 2928 1810 2996 ποιούμενοι,

256 3023 334 3072 καὶ
368 3026 444 3090 τῷ
477 3017 558 3072 διά
605 3016 792 3072 τούτου
819 3023 908 3075 τήν
954 3016 1189 3088 διαφοράν
1235 3019 1511 3090 ἀρνεῖσθαι,
1554 3018 1812 3086 σύγχυσιν

1908 1855 2009 1908 hoc
2035 1852 2267 1922 quidem,
2291 1850 2432 1921 quod
2459 1851 2850 1920 superpositum
2879 1860 2958 1907 est
2988 1860 3040 1905 et
3069 1854 3469 1921 supereminens

1907 1958 2118 1998 omnem
2147 1958 2380 2005 sensum,
2414 1941 2686 2010 praedicat,
2715 1942 2990 1996 altioribus
3037 1943 3202 1996 utitur
3237 1946 3466 1998 nomini-

1908 2033 2024 2094 bus,
2053 2046 2212 2099 super
2238 2030 2413 2084 omnia
2434 2029 2626 2095 Deum,
2651 2036 2703 2082 et
2733 2044 2978 2097 maguum
3006 2028 3193 2095 Deum,
3224 2041 3278 2083 et
3302 2031 3464 2084 virtu-

1910 2128 2017 2172 tem
2047 2118 2161 2182 Dei,
2193 2126 2247 2171 et
2278 2117 2587 2185 sapientiam
2630 2116 2806 2185 (Rom.
2851 2131 2915 2181 x;
2966 2116 3066 2170 Tit.
3098 2133 3166 2182 u;
3202 2115 3229 2170 Ι
3261 2116 3378 2172 Cor.
3410 2119 3470 2187 ι),

1911 2217 1965 2264 et
1992 2209 2118 2261 talia
2150 2223 2382 2262 vocans:
2421 2222 2540 2262 cum
2572 2214 2748 2261 autem
2789 2208 3092 2275 passionum
3131 2209 3468 2277 experimen-

1916 2307 2023 2350 tum
2066 2295 2366 2350 necessario
2398 2305 2615 2363 propter
2640 2305 2875 2349 nostram
2919 2293 3278 2350 inﬁrmitatem
3321 2311 3472 2350 accc-

1913 2394 2060 2454 ptum
2080 2385 2253 2438 verbis
2273 2380 2550 2450 Signiﬁcat,
2576 2399 2643 2438 ex
2669 2392 2851 2438 nostro
2895 2384 3170 2438 nominans
3195 2391 3473 2451 utrumque

1919 2475 2382 2544 hominem.ipsum
2419 2474 2670 2543 appellat,
2703 2489 2808 2528 non
2837 2475 3229 2529 communicatis
3256 2488 3352 2543 per
3381 2489 3472 2527 vo-

1917 2579 2033 2617 cem
2065 2563 2129 2617 ad
2178 2572 2423 2618 eceteram
2472 2572 2713 2617 naturam
2744 2578 2862 2617 eum
2893 2564 2982 2633 qui
3014 2562 3356 2632 signiﬁcatur,
3384 2567 3474 2618 sed

1920 2663 1976 2708 ut
2001 2656 2140 2709 circa
2169 2662 2447 2722 utrumque
2476 2653 2644 2722 pietas
2672 2662 3032 2707 conservetur.
3071 2671 3090 2705 ι

1983 2743 2075 2798 His
2101 2744 2173 2796 ita
2192 2741 2567 2796 demonstratis
2586 2757 2683 2811 per
2709 2750 3013 2796 sanctorum
3040 2741 3254 2797 Patrum
3277 2743 3474 2797 doctri-

1914 2847 2056 2897 nam,
2079 2838 2290 2886 cessent
2313 2831 2402 2900 qui
2429 2845 2703 2885 numerum
2723 2838 3025 2885 naturarum
3050 2845 3167 2900 quae
3186 2832 3239 2886 in
3266 2829 3477 2888 Christo

1913 2930 2053 2984 sunt,
2083 2921 2419 2975 occasionem
2459 2922 2539 2974 sui
2568 2919 2763 2974 erroris
2796 2920 3014 2986 faciunt,
3040 2929 3095 2975 et
3120 2936 3301 2976 earum
3329 2921 3477 2976 diﬁ‘e-

1916 3010 2142 3065 rentiam
2175 3007 2268 3080 [ob
2294 3007 2345 3062 id
2371 3005 2722 3062 diﬂ‘erentiam
2751 3007 3013 3074 negando,
3056 3005 3247 3079 Gram]
3274 3012 3477 3065 numeri

258 3111 479 3180 εἰσάγειν
521 3112 912 3184 ἐπιχειροῦντες.
945 3115 1050 3166 Πῶς
1076 3111 1174 3180 γὰρ
1203 3108 1288 3160 οὑκ
1325 3108 1594 3176 ἀναγκαῖος
1623 3105 1648 3160 ὁ
1676 3107 1810 3180 ἀριθ-

1916 3097 2248 3153 recusatione
2295 3096 2559 3164 negando,
2595 3095 2976 3150 confusionem
3011 3097 3349 3154 introducere
3389 3117 3476 3156 co-

259 3202 371 3270 μὸς,
399 3195 439 3271 ᾧ
465 3201 548 3252 ἐπί
571 3201 798 3270 σημασίᾳ
818 3205 902 3257 τῆς
931 3194 1165 3269 διαφορᾶς
1190 3201 1286 3250 τῶν
1316 3194 1582 3248 ἐνωθεισῶν
1608 3197 1676 3254 εἰς
1700 3198 1815 3266 μίαν

259 3289 544 3343 ὑπόστασιν
589 3291 802 3359 φύσεων,
844 3291 921 3340 καί
947 3289 1034 3339 οὑκ
1063 3287 1144 3339 ἐπὶ
1179 3294 1241 3355 τῇ
1269 3286 1362 3338 άνά
1389 3286 1535 3356 μέρος
1575 3283 1818 3358 διαιρέσει

263 3381 445 3439 αὐτῶν,
485 3378 526 3428 oi
571 3378 785 3445 πατέρες
819 3377 1142 3446 ἐχρήσαντο;
1184 3370 1614 3445 Ἀποδεδειγμένου
1657 3377 1819 3426 τοίνυν

262 3467 600 3536 πανταχόθεν,
623 3468 696 3524 ,ὡς
727 3466 898 3524 ἀσεϐές
934 3466 1039 3516 ἐστι
1075 3466 1140 3517 τὸ·
1173 3463 1327 3532 λῖγιιν
1379 3465 1496 3532 μίαν
1524 3464 1684 3530 φύσιν,
1713 3463 1821 3519 ἤτοι

263 3556 440 3607 οὐσίαν
468 3553 698 3610 θεότητος
725 3556 808 3604 καί
851 3558 941 3611 τῆς
991 3551 1177 3623 σαρκὸς
1215 3557 1302 3604 τοῦ
1347 3557 1584 3624 Χριστοῦ,
1633 3551 1821 3603 κάκεῖνο

265 3646 495 3718 ἐροῦμεν,
526 3645 590 3718 ᾡς
624 3639 732 3694 οὐδὲ
773 3643 887 3693 καθὸ
912 3643 1026 3711 μίαν
1045 3639 1336 3694 ’ὑπόστασιν
1363 3640 1565 3709 λέγομεν
1593 3647 1682 3697 τῆς
1714 3639 1822 3692 θεὸ-

265 3753 436 3792 τητος,
466 3735 548 3783 καί
580 3737 668 3788 τῆς
707 3730 1082 3802 ἁνθρωπότητος
1106 3735 1192 3782 τοῦ
1233 3735 1469 3802 Χριστοῦ,
1504 3727 1634 3782 οὑτω
1672 3727 1822 3781 δυνκ·

264 3823 346 3872 τόν
398 3823 478 3872 καὶ
521 3821 637 3889 μίαν
666 3820 814 3889 φύσιν
854 3819 1009 3890 λέγειν
1044 3825 1289 3892 Χριστοῦ.
1327 3817 1519 3874 Ἐπειδὴ
1547 3822 1614 3886 μή
1641 3819 1821 3871 ταυτὸν

263 3911 413 3978 φύσις
444 3929 495 3962 τε
535 3912 614 3962 καί
657 3905 962 3964 ὑπόστασις.
990 3907 1173 3964 Πάντες
1203 3909 1299 3981 γάρ
1348 3906 1392 3958 oi
1431 3903 1566 3976 ⁹ὄξγιοι
1609 3905 1823 3977 πατέρες

265 4001 544 4069 συμφώνως
571 3999 700 4066 ἡμᾶς
737 3993 1076 4056 διδάσκουσιν,
1119 3991 1234 4047 ἄλλο
1268 3989 1388 4047 εἶναι
1421 3992 1567 4063 φύσιν
1604 3993 1714 4050 ἤτοι
1739 3995 1820 4046 οὑ-

261 4091 396 4149 σίιιν,
442 4089 526 4138 κκί
556 4091 762 4158 μορφήν,
793 4087 872 4136 καὶ
913 4080 1028 4136 ἄλλο
1069 4082 1350 4136 ὑπόστασιν
1387 4083 1494 4140 ἤτοι
1526 4083 1818 4156 πρόσωπον·

263 4182 339 4230 καί
386 4184 473 4235 τήν
501 4180 590 4246 μὲν
617 4178 782 4247 φύσιν,
814 4175 923 4231 ἤτοι
950 4177 1121 4228 οὑσίαν
1145 4175 1228 4228 καί
1249 4178 1432 4246 μορφήν
1457 4174 1512 4226 τὸ
1545 4175 1700 4226 κοινὸν
1730 4194 1822 4229 ση-

261 4274 471 4342 μαίνειν,
501 4274 590 4326 τὴν
619 4268 669 4322 δὲ
700 4268 984 4321 ὑπόστασιν
1008 4266 1116 4324 ἤτοι
1144 4265 1440 4339 πρόσωπον,
1482 4266 1539 4318 τὸ
1569 4264 1746 4318 ἱδικόν·
1779 4265 1822 4316 εἰ

259 4358 308 4412 δὲ
341 4357 542 4428 φήσωσί
568 4376 715 4417 τινες,
752 4353 827 4410 ὅτι
856 4357 1031 4428 ὥσπερ
1073 4356 1163 4424 μία
1192 4354 1474 4414 ὑπόστασις
1501 4356 1730 4411 σύνθετος
1753 4350 1822 4406 εἴ·

1916 3194 2129 3240 nantur.
2154 3185 2434 3251 Quomodo
2461 3185 2604 3240 enim
2631 3201 2734 3240 non
2755 3194 2835 3240 est
2860 3187 3186 3242 necessarius
3207 3203 3478 3255 numerus,

1913 3302 2039 3356 quo,
2065 3285 2131 3340 ad
2159 3285 2556 3356 signiﬁcandam
2579 3285 2929 3341 dill‘erentiam
2953 3295 3260 3344 naturarum
3282 3305 3397 3360 quae
3426 3291 3477 3345 in

1917 3393 2073 3432 unam
2103 3369 2492 3432 subsistentiam
2515 3379 2672 3432 unice
2699 3386 2838 3443 sunt,
2863 3387 2915 3434 et
2936 3396 3040 3435 non
3071 3380 3136 3434 ad
3166 3381 3476 3436 divisionem

1918 3483 2015 3536 per
2065 3477 2245 3537 partes
2297 3483 2498 3533 earum,
2549 3469 2628 3524 usi
2679 3469 3041 3524 suntPatres?
3098 3469 3477 3538 Demonstrato

1920 3558 2082 3626 igitur
2110 3559 2356 3627 undique,
2385 3557 2527 3626 quod
2569 3557 2785 3627 impium
2815 3567 2897 3613 est
2931 3559 3107 3614 dicere
3139 3575 3297 3614 unam
3326 3568 3474 3614 natu-

1918 3661 2032 3700 ram
2089 3647 2202 3700 sive
2244 3646 2592 3701 substantiam
2632 3647 2843 3701 deitatis
2871 3655 2925 3700 et
2962 3647 3134 3702 carnis
3178 3646 3393 3711 Christi,
3426 3657 3474 3701 et

1921 3734 2048 3788 illud
2089 3735 2330 3798 dicimus,
2370 3735 2492 3802 quia
2534 3749 2632 3788 nec
2667 3735 2959 3788 secundum
2997 3733 3138 3804 quod
3165 3750 3320 3789 unam
3349 3737 3475 3790 sub-

1919 3822 2213 3876 sistentiam
2237 3823 2460 3877 dicimus
2491 3822 2702 3877 deitatis
2723 3831 2776 3877 et
2797 3822 3138 3878 humanitatis
3164 3823 3378 3891 Christi,
3402 3826 3476 3880 sic

1919 3911 2169 3981 possibile
2193 3919 2275 3965 est
2302 3919 2357 3966 et
2385 3926 2543 3965 unam
2572 3923 2817 3965 naturam
2853 3911 3047 3966 Christi
3077 3912 3254 3967 dicere
3298 3930 3309 3964 :
3352 3929 3473 3982 quo-

1920 4000 2062 4053 niam
2106 4014 2211 4053 non
2253 4000 2395 4054 idem
2437 4007 2520 4053 est
2565 4008 2755 4054 natura
2782 4009 2836 4054 et
2881 4001 3238 4058 subsistentia.
3281 3999 3475 4054 Omnes

1921 4086 2059 4140 enim
2082 4088 2250 4140 sancti
2274 4085 2458 4141 Patres
2478 4096 2834 4143 consonanter
2856 4104 2953 4142 nos
2973 4089 3165 4143 docent
3191 4089 3331 4143 aliud
3362 4105 3475 4144 esse

1923 4185 2162 4230 naturam
2185 4179 2294 4232 sive
2323 4179 2672 4233 substantiam
2703 4187 2757 4233 et
2785 4182 3028 4242 formam,
3077 4189 3131 4232 et
3169 4181 3310 4233 aliud
3350 4184 3477 4234 sub--

1921 4273 2214 4326 sistentiam
2257 4275 2368 4328 sive
2413 4290 2723 4344 personam;
2765 4283 2819 4330 et
2863 4285 3103 4329 naturam
3135 4277 3345 4345 quidem
3394 4281 3474 4332 vel

1921 4360 2265 4414 substantiam
2306 4369 2362 4415 et
2397 4359 2642 4428 formam,
2707 4363 2813 4417 hoc
2877 4362 3020 4432 quod
3056 4373 3137 4418 est
3175 4381 3473 4429 commune,

257 4467 408 4520 ρηται
433 4450 516 4499 ἐπὶ
543 4447 782 4520 Χριστοῦ,
816 4445 948 4498 οὕτω
975 4443 1054 4498 δεῖ
1079 4446 1158 4495 καί
1188 4445 1306 4513 μίαν
1326 4445 1469 4513 φύσιν
1498 4440 1728 4495 σύνθετον
1748 4441 1810 4494 λέε

1921 4447 2244 4514 signiﬁcare;
2271 4448 2662 4503 subsistentiam
2689 4459 2868 4504 autem
2899 4451 3012 4507 sive
3042 4467 3343 4522 personam,
3375 4454 3474 4509 hcc

257 4555 378 4603 75w.
406 4533 728 4601 ἀποδείξομεν
752 4535 834 4586 καί
854 4538 1003 4587 τοῦτο
1025 4532 1274 4602 ἀλλότριον
1296 4528 1417 4584 εἶναι
1437 4538 1524 4590 τῆς
1545 4531 1816 4588 εὐσεϐείας.

259 4635 294 4674 Μ
310 4629 375 4675 ἀν
400 4627 500 4697 ⁶γάρ
530 4624 678 4693 φύσιν
703 4623 948 4683 θεότητος,
981 4621 1090 4680 ἦτοι
1121 4624 1290 4676 οὑσίαν
1313 4623 1551 4694 λέγοντες.
1583 4630 1716 4695 τρεῖς
1745 4623 1820 4676 ἐπ’

259 4713 407 4771 αὑτῆς
454 4712 722 4782 δοξάζομεν
760 4713 1064 4771 ὑποστάσεις
1102 4715 1153 4766 ἒν
1184 4713 1371 4785 ἑκάστῃ
1416 4711 1696 4768 ὑποστάσει
1733 4719 1820 4772 τήν

261 4805 411 4861 αὑτήν
444 4805 611 4876 φύσιν,
650 4803 760 4860 ἤτοι
799 4803 970 4855 οὑσίαν
996 4805 1314 4876 γνωρίζοντες
1339 4819 1352 4832 ⁶
1381 4805 1466 4856 καὶ
1512 4804 1728 4862 εὐσεϐῶς
1770 4804 1820 4856 ἐκ

261 4899 356 4946 τῶν
404 4899 556 4965 τριῶν
597 4893 922 4945 ὑποστάσεων
947 4893 1064 4960 μίαν
1103 4890 1387 4946 ὑπόστασιν
1421 4896 1509 4950 τήν
1547 4897 1638 4946 τοῦ
1665 4892 1814 4963 λόγου

262 4981 388 5051 πρὸς
436 4985 524 5037 τήν
566 4982 729 5051 σάρκα
770 4982 1106 5033 συντεθεῖσθαί
1132 5000 1303 5050 φαμεν.
1349 4978 1521 5039 Οὑδείς
1558 4979 1654 5056 γάρ
1692 5000 1813 5033 ποτε

263 5069 529 5137 ἒτόλμησεν
580 5070 626 5120 ἰν
677 5076 738 5141 τῇ
782 5069 1001 5142 καθολικῇ
1050 5067 1286 5142 ἐκκλησίᾳ
1311 5071 1482 5132 εἰπεῖν,
1529 5066 1605 5122 ὅτι
1642 5071 1812 5145 ὥσπερ

263 5164 398 5228 τρεῖς
422 5158 733 5214 ὑποστάσεις
753 5197 765 5218 ,
799 5155 929 5208 οὕτω
955 5158 1030 5209 καί
1058 5164 1196 5230 τρεῖς
1228 5158 1396 5225 ιιύσεις
1426 5160 1526 5211 είσί
1552 5157 1644 5217 τῆς
1667 5157 1813 5228 ἁγίας

263 5245 482 5316 τριάδος,
511 5248 639 5298 ὥστε
682 5251 760 5298 καὶ
799 5246 1040 5301 δύνασθαι
1076 5245 1228 5317 λέγειν
1274 5249 1390 5316 μίαν
1435 5247 1582 5315 φύσιν
1625 5250 1678 5300 ἐκ
1718 5255 1814 5300 τῶν

263 5344 410 5410 τριῶν
439 5339 635 5407 φύσεων
679 5338 1017 5392 συντεθεῖσθαι
1044 5340 1172 5410 πρός
1199 5339 1361 5410 σάρκα
1387 5354 1398 5365 ”
1429 5347 1557 5412 τρεῖς
1595 5339 1690 5412 γάρ
1718 5339 1812 5409 φὺ-

266 5444 369 5484 σεις
399 5428 482 5479 ἐπὶ
514 5435 604 5487 τῆς
633 5426 780 5498 ἁγίας
822 5425 1023 5495 τριάδος
1063 5423 1209 5498 μόνος
1236 5425 1427 5502 ’Δρειος
1455 5429 1706 5500 τολμήσας
1748 5429 1814 5480 εί-

267 5524 378 5568 πεῖν
405 5519 470 5574 ὡς
500 5518 786 5589 βλάσφημος
815 5521 1086 5589 κατεκρίθη.
1122 5521 1208 5571 Διά
1230 5526 1375 5572 τοῦτο
1405 5519 1557 5571 τοίνυν
1585 5519 1710 5572 κατᾶ
1734 5520 1816 5572 τ-ὶν

268 5605 406 5678 ὀρθόν
436 5605 575 5673 λόγον
594 5603 683 5658 δύο
712 5606 900 5670 φύσεων
926 5606 1100 5658 ἕνωσιν
1120 5607 1335 5676 λέγομεν,
1362 5612 1440 5657 καί
1459 5611 1572 5674 μίαν
1599 5608 1815 5659 ὑπόστα-

271 5715 366 5746 σιν.
397 5691 594 5750 Ἐπειῧή
624 5691 645 5744 ό
675 5699 759 5745 τοῦ
787 5700 910 5744 Θεοῦ
940 5694 1043 5751 νῗὸς
1075 5700 1196 5750 κατὰ
1228 5702 1308 5752 τήν
1341 5697 1618 5751 -ἓπόςτασιν
1650 5696 1814 5767 ἕτερος

1923 4535 2064 4604 quod
2093 4543 2173 4590 est
2211 4537 2460 4606 speciale.
2504 4537 2596 4591 Sin
2612 4555 2755 4594 -vero
2793 4540 3021 4593 dixerint
3062 4542 3296 4610 quidam,
3337 4546 3474 4612 quod

1921 4625 2058 4679 sicut
2078 4641 2178 4686 una
2206 4627 2542 4681 subsistentia
2575 4631 2867 4699 composita
2900 4631 3095 4686 dicitur
3136 4632 3349 4700 Christi,
3402 4638 3473 4691 sic

1923 4725 2134 4784 oportet
2154 4726 2207 4771 et
2227 4733 2383 4771 unam
2408 4727 2648 4773 naturam
2677 4723 3024 4790 compositam
3061 4723 3236 4779 dicere
3261 4742 3272 4777 :
3297 4734 3472 4780 osten-

1921 4805 2107 4861 demus
2135 4816 2188 4861 et
2214 4807 2316 4863 hoc
2339 4809 2567 4864 alienum
2602 4825 2720 4865 esse
2742 4826 2770 4864 a
2793 4811 3007 4880 pietate.
3036 4812 3202 4867 Unam
3225 4817 3365 4868 enim
3387 4831 3476 4868 na-

1919 4902 2090 4949 turam
2112 4897 2222 4950 sive
2249 4898 2595 4952 substantiam
2631 4899 2847 4955 deitatis
2875 4899 3134 4966 dicentes,
3165 4911 3272 4957 tres
3313 4903 3472 4970 ipsius

1917 4984 2228 5038 conﬁtemur
2282 4985 2672 5057 [gloriﬁcamus,
2721 4988 2919 5061 Gram]
2965 4990 3352 5055 subsistentias,
3421 4993 3472 5046 in

1915 5085 2230 5140 unaquaque
2268 5072 2604 5128 subsistentia
2632 5076 2871 5131 eamdem
2920 5085 3160 5131 naturam
3201 5079 3311 5133 sive
3350 5082 3469 5135 sub-

1913 5160 2162 5213 stantiam
2191 5170 2588 5224 cognoscentes.
2614 5160 2681 5215 Et
2706 5171 2850 5217 recte
2879 5178 2944 5217 ex
2975 5164 3460 5222 tribuS'subsisten-

1915 5245 2002 5298 tiis
2023 5259 2178 5298 unam
2207 5244 2595 5300 subsistentiam
2611 5247 2770 5302 Verbi
2799 5249 2864 5302 ad
2886 5265 3100 5304 carnem
3121 5252 3467 5321 compositam

1917 5349 2036 5390 esse
2061 5335 2301 5388 dicimus.
2333 5335 2500 5389 Nemo
2538 5336 2678 5389 enim
2726 5353 2957 5405 unquam
2994 5354 3152 5396 ausus
3179 5348 3259 5394 est
3293 5342 3344 5395 in
3375 5358 3435 5397 ca
3456 5373 3469 5383 -

1915 5425 2106 5479 tholica
2130 5426 2361 5484 Ecclesia
2400 5426 2595 5491 dicere,
2636 5427 2775 5496 quod
2798 5428 2933 5482 sicut
2958 5435 3068 5483 tres
3093 5431 3464 5497 subsistentiae,

1912 5517 1989 5570 sic
2017 5524 2068 5569 et
2097 5523 2205 5570 tres
2244 5527 2444 5571 natura:
2484 5524 2603 5570 sunt
2642 5527 2834 5571 sancta:
2865 5509 3169 5573 Trinitatis:
3202 5531 3257 5575 ut
3297 5526 3464 5590 possi-

1912 5607 2015 5658 bile
2046 5608 2118 5662 sit,
2139 5607 2335 5671 dicere,
2365 5623 2520 5660 unam
2547 5615 2786 5660 naturam
2817 5624 2880 5660 ex
2905 5609 3069 5661 trilms
3092 5612 3293 5664 naturis
3319 5627 3463 5666 com-

1914 5697 2133 5763 [insitam
2167 5712 2279 5751 esse
2302 5698 2362 5749 ac]
2393 5713 2619 5750 carnem.
2651 5698 2775 5753 Tres
2797 5699 2933 5754 enim
2969 5710 3179 5754 naturas
3209 5701 3257 5755 in
3283 5679 3477 5756 sancta!
