3958 6288
489 258 621 327 1011

1077 325 1102 342 ,,
1753 271 2192 330 JUSTlNlANl
2235 256 2387 330 IMP.

3586 267 3740 328 1012'

473 373 542 429 ὢν
567 372 704 443 παρά
729 369 812 429 τόν
836 372 1050 444 πατέρα,
1075 377 1166 429 τῆς
1198 369 1349 429 αὗτῆς
1375 367 1427 424 δέ
1453 371 1644 442 φύσεως
1668 366 1733 422 ὢν
1754 377 1824 438 τῷ
1850 373 2025 445 πατρί,

2138 366 2389 422 Trinitate
2410 367 2556 422 solus
2576 366 2730 422 Arius
2757 381 2919 422 ausus
2938 366 3136 430 dicere,
3172 374 3423 436 tanquam
3450 367 3718 438 blasphe-

474 465 525 517 έν
555 469 618 536 τῇ
654 461 756 534 ἰδίᾳ
791 461 1071 515 ὑποστάσει
1102 457 1490 532 ἐδημιούργησεν
1515 458 1678 528 ίαυτῷ
1703 460 1865 532 σάρκα
1902 459 2027 528 ἐψυ-

472 554 713 624 χωμένην
737 551 890 624 ψυχῇ
917 550 1079 623 λογικῇ
1101 561 1186 602 καί
1209 553 1377 623 νοερᾷ,
1417 547 1540 623 ὅπερ
1575 546 1716 605 δηλοῖ
1749 549 2028 621 ἀνθρωπίνῃ

472 643 616 713 φύσει
635 641 864 698 ένωθῆνειι
885 640 968 694 τὸν
981 660 1008 694 τ
1019 645 1069 692 δῦ
1087 644 1211 692 Θεοῦ
1226 638 1382 710 λόγον,
1402 641 1484 691 καί
1505 639 1562 690 οὑ
1567 659 1608 707 χ
1624 639 1908 692 ὑποστάσει
1917 639 2029 696 ἦτοι

474 734 736 804 προσώπῳ
763 728 911 784 τοῦδέ
937 745 1085 789 τινος·
1118 728 1235 783 ἔστι
1260 729 1424 782 τοίνυν
1453 726 1479 781 ό
1507 735 1597 782 τοῦ
1622 734 1746 781 Θεοῦ
1779 729 1919 799 λόγος
1947 731 2029 781 καί

475 822 748 896 σαρκωθείς
771 823 862 892 μία
888 819 1171 878 ὑπόστασις
1191 819 1237 870 ἓν
1258 818 1468 892 έκατέρᾳ
1491 821 1634 888 φύσει
1649 813 2025 890 γνωριζόμενος,

475 913 525 964 έν
545 911 596 965 δέ
616 919 677 982 τῇ
701 913 828 984 θείᾳ,
857 912 907 964 έν
929 908 959 984 ᾖ
979 911 1184 984 ὑπῆρχε
1212 911 1339 963 κατά
1361 911 1438 973 τό,
1459 907 1620 969 -Ὂς
1645 911 1693 962 έν
1716 917 1878 984 μορφῇ
1901 917 2026 965 Θεοῦ

476 1003 750 1072 ὑπάρχων,
779 1029 848 1038 -
871 1003 948 1052 καί
971 1001 1018 1051 ἐν
1043 1007 1103 1071 τῇ
1122 1000 1402 1073 ἀνθρωπίνῃ
1432 1000 1560 1053 κατὰ
1578 999 1654 1063 τὸ,
1675 1008 1826 1051 -Ὲν
1846 995 2027 1068 ὁμοιώ-

476 1112 598 1160 ματι
619 1089 1176 1162 ἀνθρώπων-γενόμενος.
1192 1116 1258 1127 —
1271 1090 1371 1139 Καί
1390 1085 1472 1140 διά
1491 1093 1639 1141 τοῦτο
1658 1087 1879 1146 εὐσεϐῶς
1900 1085 2030 1141 εἴποι

478 1200 553 1238 τις
593 1176 654 1235 ἂν
679 1183 794 1251 μίαν
833 1178 1116 1232 ὑπόστασιν
1141 1181 1232 1230 τοῦ
1273 1181 1400 1230 Θεοῦ
1428 1175 1572 1246 λόγου
1618 1177 1870 1240 σύνθετον,
1900 1177 2028 1250 ἥπερ

477 1271 595 1337 μίαν
620 1267 763 1337 φύσιν
793 1267 1041 1320 σὺιθετον’
1073 1263 1240 1322 ἐπειδὴ
1263 1262 1341 1318 ὅτε
1363 1263 1471 1316 καθ’
1497 1263 1676 1321 έαυτὴν
1697 1263 1865 1322 ἁπλῶς
1883 1263 2030 1335 φὺσις

477 1357 690 1427 λέγεται,
725 1359 793 1423 μὴ
819 1354 1176 1424 προσκειμένου
1202 1355 1364 1425 ταύτῃ
1393 1351 1548 1406 ίδικοῦ
1577 1373 1707 1411 τινος
1728 1357 2027 1428 προσώπου,

480 1444 715 1517 ἀόριστόν
733 1464 800 1505 τι,
831 1447 914 1495 καί
934 1437 1279 1495 ἀνυπόστατον
1307 1439 1465 1496 Baio?
1493 1441 1550 1495 τὸ
1571 1440 1623 1494 δέ
1646 1441 1878 1516 ἀόριστον
1906 1444 2032 1512 πρὸς

478 1535 616 1588 οὐδὲν
643 1534 932 1591 συντεθῆναι
956 1530 1181 1585 δύναται.
1214 1535 1268 1584 Ei
1296 1529 1346 1584 δέ
1373 1551 1450 1590 τις
1475 1533 1556 1583 καί
1579 1537 1704 1599 μετὰ
1731 1533 1848 1590 τοὺς
1869 1533 2033 1585 τοιού-

478 1647 600 1685 τους
620 1623 796 1697 λόγους
820 1623 946 1694 πρὸς
973 1621 1260 1694 φιλονεικίαν
1287 1620 1434 1691 μόνην
1459 1619 1608 1695 ὁρῶν,
1636 1622 1894 1675 ἀντιθεῖναι
1921 1623 2030 1675 έπι-

2127 470 2250 509 mus
2277 454 2662 509 condemnatus
2690 463 2790 510 est.
2816 454 2941 510 ldeo
2963 455 3124 523 igitur
3167 456 3461 510 secundum
3499 468 3719 514 rectam

2126 544 2408 608 rationem,
2439 543 2662 597 duarum
2701 552 3010 598 naturarum
3038 544 3266 599 dicimus
3302 546 3629 612 unitionem,
3664 560 3722 603 et

2127 648 2287 686 unam
2309 633 2705 694 subsistentiam
2733 650 2746 686 :
2786 634 3038 702 quoniam
3082 633 3177 689 Dei
3204 635 3388 702 Filius,
3419 653 3541 692 cum
3562 650 3721 694 esset

2127 721 2418 776 secundum
2466 723 2863 778 subsistentiam
2893 723 3030 778 alter
3067 733 3264 794 praeter
3290 725 3522 792 Patrem,
3552 744 3718 783 eam-

2128 809 2252 864 dem
2278 820 2455 866 autem
2485 819 2731 866 naturam
2757 813 2961 867 habens
2991 811 3182 880 Patris,
3207 815 3261 868 in
3289 831 3385 870 sua
3408 818 3718 872 subsisten-

2127 902 2201 955 tia
2230 902 2510 970 plasmavit
2531 903 2630 957 sibi
2653 918 2868 957 carnem
2906 905 3196 958 animatam
3227 907 3404 960 anima
3450 909 3716 962 rationali

2127 998 2182 1046 et
2203 991 2551 1045 intellectuali
2578 1009 2590 1044 :
2618 991 2762 1060 quod
2785 991 3066 1060 signiﬁcat,
3093 993 3336 1048 humana:
3365 1004 3569 1050 natura:
3587 998 3716 1051 uni-

2127 1085 2240 1130 tum
2278 1093 2397 1134 esse
2447 1077 2614 1133 Deum
2643 1079 2898 1144 Verbum,
2955 1089 3011 1134 et
3055 1097 3162 1135 non
3209 1084 3566 1138 subsistentia:
3609 1101 3713 1139 seu

2128 1183 2369 1237 personze
2397 1169 2688 1238 cujusdam.
2724 1169 2819 1224 Est
2841 1173 3003 1239 igitur
3029 1172 3172 1226 Deus
3204 1172 3436 1228 Verbum
3461 1183 3514 1228 et
3537 1176 3726 1229 incar-

2131 1274 2303 1330 natus,
2332 1281 2436 1320 una
2466 1266 2806 1321 subsistentia
2837 1269 2889 1322 in
2911 1276 3139 1337 utraque
3167 1280 3356 1325 natura
3377 1287 3710 1340 cognoscen-

2129 1353 2266 1408 dus:
2297 1355 2348 1409 in
2378 1355 2574 1423 divina,
2606 1357 2657 1409 in
2691 1372 2794 1426 qua
2834 1367 2971 1425 erat,
3011 1367 3173 1428 prout
3213 1360 3412 1414 dictum
3452 1372 3564 1425 est,
3603 1361 3707 1426 Qui

2129 1460 2240 1498 cum
2263 1447 2320 1498 in
2347 1447 2514 1516 {arma
2553 1445 2648 1499 Dei
2684 1457 2814 1500 esset
2841 1447 3058 1517 (Philip.
3079 1450 3173 1518 ,ιι);
3201 1458 3256 1504 et
3278 1451 3330 1503 in
3359 1451 3593 1505 humana
3619 1467 3707 1506 se-

2130 1532 2359 1586 cundum
2387 1533 2492 1588 hoc
2511 1535 2652 1602 quod
2671 1543 2752 1588 est
2772 1537 2824 1588 in
2853 1536 3235 1591 similitudinem
3256 1539 3515 1592 hominum
3538 1540 3706 1610 Ῑοοιιιε

2133 1618 2398 1689 (Ibidem).
2433 1621 2499 1674 Et
2530 1622 2650 1676 ideo
2680 1622 2806 1693 [pie,
2848 1623 3040 1696 Gram]
3086 1629 3285 1682 rectius
3329 1629 3473 1683 dicat
3512 1631 3706 1699 aliquis

481 1719 716 1787 χειρήσιι
741 1716 910 1786 λέγων,
966 1711 1047 1766 ὅτι
1089 1714 1216 1764 κατὰ
1253 1711 1338 1766 τόν
1385 1709 1687 1764 ἀποδοθέντα
1716 1720 1806 1770 τῆς
1839 1709 2035 1780 φύσεως

2138 1727 2294 1766 unam
2340 1712 2733 1767 subsistentiam
2778 1714 2874 1769 Dei
2918 1716 3079 1771 Verbi
3124 1720 3498 1787 compositam,
3544 1737 3704 1790 quam

478 1805 621 1874 λόγον
651 1809 758 1876 χρὴ
789 1805 870 1855 καί
895 1806 984 1860 τήν
1012 1800 1317 1873 ἀνθρωπίνην
1347 1801 1490 1869 φύσιν
1528 1807 1618 1852 τοῦ
1653 1806 1874 1873 Χριστοῦ
1905 1797 2034 1853 ἰδίαν

479 1892 778 1954 ὑπόστασιν,
801 1893 910 1946 ira:
937 1890 1206 1961 πρόσωπον
1230 1887 1352 1942 ἴδιον
1381 1886 1411 1941 έ⁹
1413 1909 1546 1958 χειν,
1575 1888 1820 1962 πρόδηλός
1848 1890 1982 1945 ἐστιν
2009 1889 2034 1944 ό

479 1987 725 2047 τοιοῦτος,
755 1979 830 2034 ὅτι
862 1979 1244 2054 προῦποστάντι
1271 1979 1512 2052 ἀνθρώπῳ
1539 1979 1774 2034 amem;
1799 1980 1925 2050 λέγει
1949 1981 2035 2034 τὸν

479 2071 640 2141 λόγον,
667 2073 752 2124 καί
771 2074 1016 2138 σχετικὴν
1032 2069 1322 2140 γεγενῆσθαι
1339 2072 1428 2125 τήν
1451 2068 1644 2122 ἕνωσιν.
1667 2069 1761 2120 Δὺο
1783 2070 1880 2144 γάρ
1903 2069 2034 2121 ὑπο·

483 2162 738 2224 στάσεων,
776 2158 888 2217 ἤτοι
913 2161 1195 2230 προσώπων
1229 2157 1336 2210 καθ’
1361 2157 1640 2212 ὑπόστασιν
1674 2159 1899 2229 γενέσθαι
1927 2159 2039 2210 ἕνω-

483 2271 566 2304 σιν
590 2247 853 2304 ἀδύνατον.
875 2244 1034 2302 Ὠστε
1063 2247 1087 2302 ό
1110 2252 1276 2302 ταῦτα
1293 2246 1466 2317 λέγων,
1487 2247 1544 2300 τό
1563 2245 1771 2301 δυνατὸν
1796 2253 1885 2302 τοῦ
1910 2255 2036 2302 Θεοῦ

481 2338 637 2412 λᾶγοις
663 2339 968 2415 ἀνθρωπίνης
998 2340 1174 2408 σοφίας
1200 2343 1410 2390 κενῶσαι
1441 2335 1759 2401 σπουδάζων,
1790 2338 1958 2406 ἀγνοεῖ
1980 2341 2038 2390 τὸ

481 2433 610 2506 μέγα
632 2441 723 2492 τῆς
748 2432 1004 2491 εὑσεϐιίας
1029 2434 1322 2505 μυστήριον,
1353 2427 1476 2504 ὅπερ
1498 2431 1676 2504 καρδίᾳ
1692 2434 1784 2496 μέν
1806 2435 2038 2488 πιστεύε-

481 2547 567 2580 ται
605 2528 676 2585 ιὶς
705 2523 1040 2585 δικαιοσύνην,
1067 2522 1282 2593 στόματι
1319 2520 1373 2576 δέ
1420 2521 1729 2594 ὁμολογεῖται
1765 2526 1835 2583 είς
1873 2547 2040 2585 σωτη-

483 2620 596 2690 ρίαν
621 2633 631 2641 ·
656 2612 768 2669 οῦτε
805 2615 904 2688 γάρ
933 2615 964 2672 ἠ
1003 2609 1281 2686 ἀνθρωπίνη
1303 2611 1454 2684 φύσις
1482 2619 1572 2668 τοῦ
1615 2621 1835 2686 Χριστοῦ
1871 2615 2041 2678 ἁπλῶς

484 2725 607 2760 ποτε
633 2704 846 2774 λέγεται,
873 2702 972 2756 ἀλλ’
997 2699 1109 2758 οὔτε
1139 2701 1264 2756 ίδίαν
1292 2701 1599 2761 ὑπόστασιν.
1628 2703 1740 2760 ἦτοι
1767 2704 2041 2774 πρόσωπον

486 2794 667 2864 ἴσχεν,
710 2794 812 2848 ἀλλ’
836 2796 885 2848 έν
1006 2795 1283 2849 ὑποστάσει
1323 2800 1412 2848 τοῦ
1454 2793 1602 2866 λόγου
1642 2800 1728 2853 τήν
1756 2797 1925 2870 ἀρχὴν
1951 2806 2042 2856 τῆς

487 2886 748 2962 ὑπάρξεως
786 2884 981 2939 ἔλαϐεν.
1007 2881 1151 2940 Ὀθεν
1172 2886 1323 2938 αὑτὸν
1351 2883 1428 2938 τόν
1456 2886 1578 2939 Θεὸν
1609 2884 1750 2956 λόγον
1782 2887 2044 2959 ἀτρέπτως

484 2974 741 3050 ἄνθρωπον
761 2976 1051 3045 γεγενῆσθαι
1085 2973 1436 3045 ὁμολογοῦμεν,
1466 2977 1551 3028 καί
1579 2977 1668 3028 οὑκ
1688 2977 1758 3035 είς
1786 2974 2043 3050 ἄνθρωπόν

2136 1815 2294 1853 unam
2331 1809 2577 1853 naturam
2621 1803 3009 1871 compositam:
3051 1807 3306 1872 quoniam
3352 1823 3472 1862 cum
3513 1823 3614 1876 per
3647 1825 3705 1864 se

2133 1889 2375 1943 absolute
2409 1898 2601 1944 natura
2634 1891 2847 1957 dicitur,
2876 1908 2981 1947 non
3010 1894 3216 1961 adjecta
3263 1896 3314 1950 ei
3353 1897 3576 1964 speciali
3613 1913 3705 1952 cu-

2129 1977 2340 2046 jusdam
2368 1993 2614 2048 persona,
2648 1978 2932 2044 infinitum,
2965 1990 3145 2036 etnon
3175 1983 3468 2039 subsistens
3505 1986 3706 2054 aliquid

2134 2065 2396 2132 significat
2420 2084 2434 2119 :
2458 2065 2721 2122 inﬁnitum
2759 2078 2936 2124 autem
2965 2071 3030 2124 ad
3060 2071 3191 2124 nihil
3221 2081 3396 2141 potest
3433 2075 3702 2143 componi.

2136 2153 2228 2208 Sin
2258 2163 2434 2210 autem
2458 2156 2647 2224 aliquis
2667 2165 2722 2212 et
2744 2166 2864 2226 post
2885 2159 3019 2212 tales
3048 2160 3285 2215 rationes
3305 2161 3371 2214 ad
3400 2163 3708 2216 contentio-

2136 2260 2259 2298 nem
2304 2247 2472 2301 solam
2528 2249 2838 2317 respiciens,
2893 2264 3168 2318 opponere
3222 2259 3474 2317 conatur,
3525 2252 3708 2307 dicens

2138 2335 2281 2403 quod
2326 2337 2617 2392 secundum
2650 2337 2908 2392 redditam
2950 2346 3154 2392 natura;
3182 2341 3442 2394 rationem
3492 2349 3710 2409 oportet

2139 2438 2194 2485 et
2220 2431 2507 2486 humanam
2528 2441 2771 2487 naturam
2791 2432 2988 2487 Christi
3018 2449 3167 2488 suam
3189 2435 3590 2490 subsistentiam
3615 2452 3709 2490 seu

2139 2541 2421 2596 personam
2470 2527 2739 2595 propriam
2780 2526 2980 2580 habere
3023 2543 3035 2579 :
3079 2526 3392 2581 manifestus
3441 2537 3525 2582 est
3567 2529 3706 2590 talis,

2139 2616 2280 2685 quod
2303 2623 2425 2670 ante
2454 2616 2758 2670 subsistenti
2784 2616 2984 2670 homini
3009 2617 3214 2670 unitum
3242 2631 3362 2671 esse
3389 2617 3516 2671 dicit
3540 2617 3711 2672 Deum

2141 2711 2392 2776 Verbum,
2424 2719 2481 2765 et
2509 2709 2839 2765 affectualem
2886 2708 3080 2764 factam
3115 2724 3234 2764 esse
3274 2710 3554 2764 unitatem.
3584 2708 3711 2764 Dum

2142 2800 2284 2854 enim
2315 2800 2669 2854 subsistentia;
2696 2815 2789 2853 seu
2813 2813 3054 2868 personae
3093 2799 3384 2853 secundum
3414 2799 3712 2853 subsisten-

2142 2889 2270 2943 tiam
2299 2889 2438 2944 uniri
2469 2905 2574 2944 non
2603 2897 2844 2957 possunt.
2876 2889 2977 2955 Qui
3000 2890 3158 2958 igitur
3178 2889 3295 2943 haec
3321 2889 3472 2957 dicit,
3498 2890 3591 2943 Dei
3614 2905 3712 2958 po-

2145 2981 2363 3034 tentiam
2382 2980 2559 3034 verbis
2578 2980 2819 3034 humante
2839 2981 3111 3056 sapientiae
3136 2994 3400 3034 evacuare
3426 2979 3708 3041 festinans,

483 3089 595 3121 τινα
617 3067 762 3120 αὑτὸν
786 3065 1088 3124 ἐληλυθέναι·
1119 3066 1204 3117 καί
1237 3069 1326 3118 τοῦ
1349 3065 1500 3117 αὑτοῦ
1527 3070 1648 3116 Θεοῦ
1674 3064 1824 3137 λόγου
1852 3086 2037 3137 σαρκω-

2145 3068 2354 3136 ignorat
2381 3081 2627 3136 magnum
2649 3069 2863 3136 pietatis
2892 3069 3224 3136 mysterium,
3247 3067 3389 3136 quod
3411 3067 3574 3122 corde
3601 3069 3713 3138 qui-

483 3161 646 3220 θέντος
671 3163 759 3216 τήν
787 3159 838 3210 ix
858 3158 1102 3229 παρθένου
1129 3157 1352 3227 γέννησιν
1377 3151 1518 3219 εἶναι,
1540 3153 1731 3228 καίεδιά
1759 3147 1918 3211 τοῦτο’
1937 3160 2044 3211 Θεο-

484 3249 627 3302 τόκον
666 3244 788 3301 εἶναι
821 3253 908 3304 τήν
936 3245 1079 3318 ἁγίαν
1117 3243 1306 3308 ἔνδοξον
1349 3246 1668 3316 άειπάρθενον
1707 3247 1924 3318 Μαρίαν.
1953 3250 2042 3301 Διά

484 3342 635 3390 τοῦτο
675 3337 756 3393 καί
783 3333 881 3406 πρό
903 3340 992 3392 τῆς
1016 3334 1320 3404 σαρκὼσιως
1352 3338 1439 3386 τοῦ
1470 3337 1593 3386 Θεοῦ
1619 3331 1784 3399 λόγου,
1813 3335 1894 3387 καί
1917 3336 2043 3403 μετά

486 3431 576 3483 τήν
601 3426 756 3479 αὑτοῦ
794 3427 1044 3497 σάρκωσιν
1076 3430 1206 3498 τρεῖς
1250 3423 1560 3483 ὑποστάσεις
1594 3423 1799 3494 λέγομεν
1825 3431 1912 3480 τοῦ
1943 3447 2042 3480 πα·

486 3518 606 3590 τρός
629 3519 707 3568 καί
732 3521 820 3570 τοῦ
843 3516 953 3568 υἱοῦ
993 3517 1076 3568 καί
1106 3520 1194 3568 τοῦ
1233 3513 1375 3582 άγίυὺ
1420 3515 1724 3585 πνεύματος,
1767 3523 1858 3574 τῆς
1897 3515 2044 3586 ἁγίας

487 3607 689 3684 τριάδος
717 3609 962 3679 τετάρτης
999 3606 1354 3668 ὑποστάσεως.
1383 3604 1489 3662 ἤτοι
1517 3607 1794 3674 προσώπου
1826 3609 2046 3676 προσθή-

488 3718 573 3755 κην
601 3702 669 3768 μή
697 3694 1066 3763 ἐπιδεξαμένης.
1091 3691 1172 3749 Ἐκ
1198 3694 1390 3749 τούτων
1423 3694 1583 3751 τοίνυν
1619 3695 1820 3750 πάντων
1861 3692 2046 3767 διελέγ⁴

488 3809 670 3860 χοντοιι
709 3789 754 3841 oi
791 3788 1012 3859 λέγοντες
1060 3787 1162 3862 πρὸ
1205 3794 1297 3845 τῆς
1345 3785 1571 3847 ένώσιως
1617 3785 1709 3841 δύο
1751 3790 1943 3858 φύσεις,
1977 3791 2044 3849 ὡς

485 3880 886 3952 προϋποστάντοι
917 3879 1140 3947 λέγουσιν
1189 3873 1467 3950 ἄνθρωπον,
1510 3879 1592 3930 καί
1626 3877 1785 3936 οὕτως
1814 3879 2046 3937 ἕνωθῆναι

488 3976 560 4039 τῷ
589 3975 697 4037 Θιῷ
724 3968 871 4038 λόγῳ,
892 3967 1022 4022 κατά
1039 3970 1128 4024 τὴν
1146 3968 1327 4034 μανίαν
1353 3963 1632 4040 Θεοδώρου,
1661 3969 1745 4019 καί
1773 3970 2043 4040 Νεστορίου

486 4065 584 4113 τῶν
609 4058 829 4112 ἀσεϐῶνο
855 4057 900 4109 οί
931 4055 982 4112 δέ
1018 4056 1238 4127 λέγοντές
1263 4059 1332 4126 μή
1371 4062 1558 4127 χρῆναι
1599 4054 1754 4124 λέγειν
1791 4057 1920 4124 μετά
1958 4061 2063 4113 τήν-

487 4147 663 4200 ἕνωσιν
689 4144 779 4200 δύο
801 4143 976 4216 φύσεις
996 4145 1076 4198 ini
1098 4149 1342 4218 Χριστοῦ,
1364 4143 1484 4198 άλλά
1510 4146 1628 4213 μίαν
1651 4143 1822 4215 φύσιν,
1847 4147 2046 4216 σύγχυ-

486 4255 588 4296 σιν,
629 4238 715 4289 καί
743 4237 1020 4306 φαντασίαν
1054 4234 1338 4303 εἰσάγοντες
1363 4230 1672 4305 [εἰσάγουσι]
1702 4236 1827 4288 κατά
1854 4232 2043 4288 ’Δπολι-

477 4321 673 4392 νάριον,
697 4325 780 4378 καί
804 4322 1043 4390 Βὺτυχέα
1069 4323 1185 4380 τούς
1213 4318 1723 4380 άσεϐιῑς.’Δλλ“οὗτοι
1749 4324 1837 4391 μὲν
1856 4329 2040 4378 ταῦτα.

2143 3156 2262 3210 dem
2285 3157 2518 3212 creditur
2545 3157 2612 3210 ad
2629 3157 2909 3226 justitiam,
2939 3171 3036 3211 ore
3064 3165 3240 3210 autem
3270 3157 3536 3212 confessio
3558 3157 3620 3210 lit
3645 3157 3711 3211 ad

2141 3227 2389 3300 salutem.
2431 3245 2613 3314 Neque
2640 3246 2782 3300 enim
2814 3246 3044 3300 humana
3071 3245 3270 3300 Christi
3297 3253 3490 3300 natura
3533 3260 3630 3314 per
3655 3261 3713 3300 se

2144 3332 2386 3387 absolute
2407 3348 2638 3402 unquam
2657 3333 2871 3397 dicitur,
2899 3333 2993 3389 sed
3019 3348 3117 3389 nec
3143 3349 3292 3388 suam
3313 3334 3711 3388 subsistentiam

2143 3437 2236 3478 seu
2267 3439 2547 3492 personam
2573 3424 2792 3478 habuit:
2829 3425 2922 3479 sed
2951 3426 3004 3479 in
3045 3425 3385 3479 subsistentia
3415 3426 3510 3480 Dei
3531 3425 3712 3489 Verbi.

2143 3521 2332 3567 natura
2365 3512 2594 3567 humana
2625 3513 2831 3572 initium
2859 3512 3089 3585 [initium
3135 3513 3434 3567 existentize
3473 3513 3704 3582 accepit,

2146 3608 2335 3678 Cum]
2367 3617 2424 3663 ut
2446 3619 2604 3675 esset,
2629 3611 2852 3665 habuit:
2885 3609 3023 3666 unde
3053 3611 3226 3680 ipsum
3276 3610 3445 3664 Deum
3475 3611 3710 3665 Verbum

2146 3697 2548 3752 immutabiliter
2573 3697 2844 3752 hominem
2892 3697 3092 3753 factum
3135 3712 3252 3753 esse
3287 3698 3626 3760 confitemur,
3658 3707 3714 3752 et

2145 3803 2252 3842 non
2279 3787 2332 3841 in
2375 3787 2646 3841 hominem
2674 3787 2959 3856 quemdam
2986 3787 3230 3853 venisse;
3272 3795 3327 3841 et
3355 3787 3595 3854 ejusdem
3619 3787 3714 3841 Dei

2143 3877 2304 3932 Verbi
2335 3879 2594 3932 incarnati
2623 3893 2743 3933 esse
2782 3878 3113 3933 nativitatem
3145 3893 3213 3932 ex
3253 3877 3477 3945 virgine,
3507 3887 3564 3932 et
3590 3892 3717 3946 pre-

2144 3984 2264 4046 pter
2290 3976 2396 4046 hoc
2422 3975 2516 4030 Dei
2546 3975 2868 4031 Genit'ricem
2908 3983 3146 4030 sanctam
3173 3976 3458 4043 gloriosam
3502 3983 3717 4045 semper

2143 4066 2400 4133 virginem
2444 4063 2667 4117 Mariam
2704 4078 2841 4119 esse.
2876 4063 3004 4118 ldeo
3043 4071 3098 4118 et
3136 4070 3260 4118 ante
3292 4062 3714 4118 incarnationem

2145 4155 2238 4209 Dei
2265 4153 2444 4217 Verbi,
2488 4161 2543 4207 et
2579 4160 2702 4222 post
2745 4153 2860 4222 ejus
2889 4152 3329 4218 incarnationem,
3389 4161 3499 4205 tres
3541 4152 3715 4206 subsi-

2144 4245 2367 4299 stentias
2395 4243 2615 4298 dicimus
2643 4241 2834 4307 Patris,
2884 4249 2939 4296 et
2986 4239 3124 4305 Filii,
3149 4247 3204 4295 et
3244 4240 3473 4309 Spiritus
3519 4239 3709 4293 sancti.

2145 4331 2262 4386 Non
2301 4332 2442 4386 enim
2488 4339 2673 4386 sancta
2701 4330 2935 4384 Trinitas
2979 4338 3182 4398 quarta:
3229 4329 3587 4385 subsistentia:
3627 4328 3712 4382 vel

483 4413 541 4465 Oi
576 4412 629 4468 δὲ
655 4411 784 4482 ἅγιοι
812 4413 1030 4484 πατέρες
1069 4411 1196 4481 μετά
1232 4415 1320 4468 τήν
1359 4418 1445 4464 τοῦ
1490 4411 1636 4483 λόγου
1679 4413 2037 4486 ένανθρώπησιν

2144 4434 2385 4491 personae
2411 4419 2764 4488 adjectionem
2792 4419 3044 4488 suscepit.
3076 4417 3153 4471 Ex
3177 4418 3258 4471 his
3280 4417 3441 4485 igitur
3465 4418 3713 4471 omnibus

484 4501 823 4572 θεωρήσαντες
847 4500 910 4552 τά
931 4499 983 4563 ἐξ
1006 4496 1072 4551 ὧν
1096 4498 1120 4552 ὁ
1148 4499 1386 4570 Χριστός,
1414 4501 1495 4554 καί
1532 4499 1609 4555 ὅτι
1639 4501 1931 4572 άσὺγχυτοι
1953 4523 2041 4573 με·

488 4593 755 4656 μενήκασιυ
789 4590 838 4642 αί
875 4591 1069 4660 φύσεις,
1105 4590 1348 4662 ὀρθότατα
1386 4592 1480 4649 τάς
1527 4589 1616 4645 δύο
1659 4593 1832 4662 φύσεις
1866 4597 1957 4651 τήν
1985 4615 2038 4648 τε

486 4679 640 4737 Θείαν,
667 4679 750 4730 καί
792 4678 1092 4754 ἀνθρωπίνην
1133 4680 1182 4730 iv
1220 4686 1294 4748 τῷ
1337 4686 1539 4750 Χριστῷ
1587 4676 1709 4736 εἶναι
1759 4685 2037 4756 εἰρήκασιν.

485 4764 610 4820 Οὔτε
634 4770 731 4844 γάρ
761 4769 858 4840 πρὸ
897 4777 986 4828 τῆς
1024 4770 1440 4842 ένανθρωπήσεως
1466 4769 1554 4824 δύο
1584 4773 1757 4841 φύσεις
1785 4771 1912 4832 ἦσαν
1949 4781 2039 4828 τοῦ

484 4857 681 4930 κυρίου,
709 4855 823 4911 οὑδέ
849 4858 980 4928 μετά
1015 4863 1102 4915 τήν
1136 4859 1496 4929 ένανθρώπησιν
1517 4861 1566 4913 ai
1605 4859 1694 4915 δύο
1721 4864 1810 4933 μία
1845 4863 2043 4936 γεγόνα-

486 4967 582 5007 σιν,
602 4949 644 5000 εί
671 4949 751 5002 καί
777 4948 826 5000 έν
847 4952 941 5022 ριιᾷ
963 4948 1246 5003 ὑποστάσει
1266 4953 1608 5021 γνωρίζονται.

2140 4512 2525 4568 convincuntur
2553 4511 2642 4580 qui
2669 4509 2880 4574 dicunt,
2911 4517 3035 4564 ante
3077 4508 3370 4563 unitionem
3399 4507 3534 4561 duas
3558 4517 3710 4559 natu-

2140 4614 2226 4653 ras
2255 4613 2389 4664 esse,
2416 4597 2558 4668 quod
2579 4607 2701 4652 ante
2725 4597 3040 4668 plasmatum
3068 4594 3500 4670 [subsistentem]
3526 4595 3711 4649 dicunt

2141 4687 2430 4752 hominem,
2465 4695 2520 4740 et
2539 4687 2618 4741 sic
2644 4687 2846 4740 unitum
2875 4700 2994 4740 esse
3030 4685 3141 4739 Deo
3175 4683 3366 4747 Verbo,
3416 4683 3709 4737 secundum

2143 4777 2403 4832 insaniam
2430 4775 2696 4834 Theodori
2718 4783 2773 4830 et
2801 4775 3029 4830 Nestorii
3056 4775 3361 4844 impiorum.
3388 4771 3490 4838 Qui
3529 4780 3708 4824 autem

2141 4866 2344 4933 dicunt,
2373 4865 2517 4933 quod
2542 4879 2651 4920 non
2679 4872 2890 4934 oportet
2914 4871 3035 4933 post
3055 4863 3310 4918 unitatem
3333 4861 3464 4914 duas
3491 4867 3709 4912 naturas

2146 4953 2201 5009 in
2227 4953 2461 5018 Christo,
2488 4953 2582 5009 sed
2612 4968 2770 5008 unam
2826 4953 3022 5018 dicere,
3064 4953 3424 5007 confusionem
3458 4957 3513 5003 et
3542 4948 3708 5016 phan-

2151 5044 2338 5099 tasiam
2362 5044 2705 5098 introducunt
2729 5043 3016 5098 secundum
3045 5041 3426 5112 Apollinarium
3465 5049 3519 5092 et
3549 5037 3707 5106 Euty-

2155 5133 2290 5187 chen
2327 5132 2534 5200 impios.
2577 5130 2683 5186 Sed
2709 5131 2796 5185 isti
2827 5129 3038 5198 quidem
3067 5131 3196 5184 hac.
3227 5127 3406 5182 Sancti
3441 5140 3571 5179 vero
3610 5121 3713 5175 Ρο-

2150 5229 2280 5286 tres,
2305 5227 2426 5290 post
2460 5219 2555 5274 Dei
2584 5217 2743 5273 Verbi
2780 5217 3197 5273 incarnationem
3222 5214 3622 5270 considerantes
3645 5224 3703 5262 ea

483 5318 548 5357 ex
576 5301 764 5372 quibus
791 5299 1031 5359 Christus
1056 5313 1159 5371 est,
1205 5313 1264 5360 et
1303 5305 1443 5375 quod
1487 5305 1775 5362 inconfuste
1813 5317 2120 5363 manserunt
2145 5317 2379 5375 naturae,
2407 5307 2703 5363 rectissime
2728 5305 2860 5360 duas
2890 5313 3128 5368 naturas,
3155 5303 3386 5358 divinam
3423 5308 3479 5355 et
3521 5300 3709 5356 huma-

483 5406 627 5458 nam,
655 5394 707 5447 in
727 5392 942 5450 Christo
960 5409 1078 5451 esse
1101 5395 1367 5450 dixerunt.
1392 5395 1501 5450 Nec
1521 5396 1659 5450 enim
1672 5405 1796 5452 ante
1810 5399 2229 5454 incarnationem
2256 5397 2370 5452 dum
2385 5405 2586 5452 naturae
2613 5402 2767 5451 erant
2782 5394 3010 5459 Domini,
3031 5408 3131 5449 nec
3149 5401 3270 5463 post
3289 5389 3705 5445 incarnationem

481 5485 600 5540 duae
638 5494 840 5542 natura;
864 5503 968 5542 una
996 5487 1144 5546 factae
1169 5495 1310 5553 sunt,
1341 5488 1462 5543 licet
1485 5490 1536 5542 in
1558 5503 1662 5543 una
1689 5490 2025 5544 subsistentia
2054 5497 2457 5558 cognoscantur.

552 5583 724 5630 Ταῦτα
756 5576 808 5630 δέ
836 5581 918 5631 καί
959 5581 1012 5631 ix
1046 5586 1141 5637 τῶν
1178 5581 1318 5632 θείων
1354 5587 1583 5652 γραφῶν,
1627 5583 1705 5633 καί
1747 5581 1800 5632 ἐκ
1827 5587 1916 5639 τῆς
1946 5587 2043 5634 τῶν

485 5662 712 5734 ποτέρων
749 5661 1068 5729 διδασκαλίας
1110 5665 1428 5736 διδαχθέντες
1469 5672 1592 5746 πρὸς
1635 5672 1919 5743 ἁνγτροπὴν
1950 5679 2041 5725 τῶν

2223 5579 2349 5634 llaec
2379 5589 2556 5635 autem
2587 5585 2641 5634 et
2671 5594 2732 5634 ex
2763 5578 2954 5633 divinis
2981 5576 3267 5646 Scripturis
3297 5582 3348 5628 et
3372 5574 3586 5626 Patrum
3614 5574 3704 5623 do-

2151 5671 2318 5725 ctrina
2359 5671 2550 5738 cdocti,
2607 5671 2672 5726 ad
2702 5669 3007 5725 refutandus
3037 5683 3128 5722 eos
3157 5667 3245 5739 qui
3287 5661 3612 5720 confundunt
3651 5668 3706 5716 et
