3958 6288
225 235 361 302 1013

222 361 582 436 συγχεόντων,
637 361 718 412 καί
767 353 1040 425 τεμνόντων
1086 348 1145 402 τὸ
1189 353 1278 405 τῆς
1325 345 1458 401 θείας
1506 339 1786 408 οἰκονομίας
1813 339 1861 395 Δ

224 457 520 527 μυστήριον,
552 445 755 506 εἰκότως
782 442 1088 522 ἐγράψαμεν,
1120 439 1200 491 καί
1221 436 1275 488 ού
1303 440 1376 503 τῷ
1410 432 1692 500 σαφηνίζειν
1722 429 1788 480 τά

224 544 276 604 ἐξ
305 537 372 594 ὧν
395 543 518 602 ἔστι,
549 539 631 591 καί
659 538 708 588 ἐν
733 529 805 592 οἷς
826 524 1167 606 γνωρίζεταιὸ
1196 521 1430 599 Χριστὸς,
1459 519 1721 588 σύγχυσιν
1758 512 1788 571 ἣ

227 630 466 703 διαίρεσιν
489 635 550 702 τῇ
572 627 679 700 θείᾳ
708 623 963 694 οἰκονομίᾳ
990 619 1270 690 εἰσάγομεν.
1301 612 1492 681 ’Δμέλει
1511 607 1791 674 δοξολογίαν

227 721 316 772 καί
341 718 425 773 τὸν
562 697 782 772 ἐνώσεως
811 709 953 782 λόγον
973 707 1326 782 προφέροντες,
1358 703 1446 756 ἕνα
1462 697 1687 772 ,Χριστὸν
1711 697 1794 748 καί

226 811 333 862 υίὸν
373 811 458 862 καί
499 807 668 880 κύριον
713 805 801 858 τὸν
828 807 920 858 τοῦ
951 805 1074 855 Θεοῦ
1101 798 1244 867 λόγον
1273 791 1675 864 σεσαρκωμένον,
1714 787 1796 840 καί

230 900 680 971 ἐνανθρωπήσαντα
703 892 1031 964 ὁμολογοῦμέν
1066 908 1120 943 τε
1138 931 1150 951 ,
1182 889 1266 940 καί
1303 888 1678 958 προσκυνοῦμεν
1703 880 1798 932 σὺν

232 998 305 1058 τῷ
336 991 494 1058 πατρί
517 991 600 1041 καί
622 994 693 1054 τῷ
719 985 843 1055 όιγίῳ
870 984 1138 1051 πνεύματι.
1177 979 1374 1032 Τούτων
1400 975 1558 1033 οὕτως
1587 973 1684 1026 ὑπὸ
1709 977 1799 1030 τῆς

233 1086 322 1134 τοῦ
352 1085 476 1133 Θεοῦ
503 1078 754 1135 καθολικῆς
780 1075 1041 1132 ἐκκλησίας
1069 1071 1471 1143 ὁμολογουμένων
1489 1107 1506 1134 ,
1547 1067 1801 1137 γινώσκειν

235 1170 515 1242 βουλόμεθα
539 1169 733 1226 πάντας
759 1167 877 1223 τούς
896 1162 1248 1236 Χριστιανοὺς,
1283 1155 1365 1212 ὅτι
1383 1158 1550 1230 ὥσπερ
1579 1154 1663 1206 ἕνα
1685 1153 1802 1206 Θεὸν

236 1262 320 1311 καί
344 1255 514 1329 κύριον
555 1254 762 1324 ἔχομεν,
794 1252 926 1306 οὕτω
964 1254 1045 1304 καί
1070 1254 1186 1319 μίαν
1212 1249 1403 1302 πίστιν.
1438 1241 1516 1303 Εἷς
1543 1244 1642 1315 γάρ
1669 1243 1805 1295 ἐστιν

240 1346 354 1420 ὄρος
384 1348 636 1407 πίστεως,
666 1344 724 1397 τὸ
754 1342 1008 1411 ὁμολογεῖν
1045 1342 1128 1392 καί
1157 1339 1308 1410 ὀρθῶς
1331 1333 1548 1396 δοξάζειν
1585 1332 1804 1403 πατέρα,

240 1442 326 1492 καί
349 1438 563 1513 Χριστὸν
589 1435 672 1490 τὸν
691 1435 794 1486 υἱὸν
816 1437 905 1484 τοῦ
927 1435 1074 1489 Θεοῦ,
1101 1431 1186 1481 καί
1209 1427 1349 1498 ἅγιον
1374 1429 1589 1495 πνεῦμα.
1608 1423 1808 1476 Ταύτην

239 1533 330 1586 τὴν
352 1507 611 1598 ὁμολογίαν
638 1521 968 1596 φυλάττομεν,
1001 1520 1070 1577 εθς
1096 1517 1152 1576 ἢν
1180 1519 1266 1569 καί
1293 1513 1678 1579 ἐϐαπτίσθημεν,
1706 1507 1806 1562 δω-

243 1621 469 1692 ρηθεῐσαν
499 1617 586 1686 μέν
614 1614 759 1687 παρά
793 1616 880 1665 τοῦ
908 1608 1125 1680 μεγάλου
1153 1611 1276 1660 Θεοῦ
1307 1605 1390 1656 καί
1421 1609 1648 1673 σωτῆρος
1675 1601 1812 1669 ἡμῶν

242 1706 407 1771 Ἰησοῦ
432 1710 652 1781 Χριστοῦ
680 1709 788 1761 τοῖς
818 1700 974 1773 ἁγίοις
1005 1699 1155 1752 αὐτοῦ
1189 1696 1439 1766 μαθηταῖς
1475 1688 1812 1745 καίαάποστό-

244 1797 364 1859 λοις,
395 1776 515 1868 παρ’
539 1795 702 1848 αὐτῶν
723 1791 774 1846 δέ
801 1791 1144 1864 κηρυχθεῐσαν
1172 1786 1220 1837 ἐν
1235 1783 1333 1850 ὅλῳ
1358 1788 1431 1853 τῷ
1456 1781 1652 1850 κόσμῳ.
1678 1779 1736 1830 Οί
1760 1776 1813 1831 δέ

247 1886 524 1962 τριακόσιοι
560 1883 682 1937 δέκα
715 1885 797 1934 καί
833 1882 958 1934 ὸκτώ
986 1879 1202 1948 πατέρες
1237 1872 1366 1944 ἅγιοι
1399 1871 1444 1924 οί
1474 1870 1814 1937 συναχθέντες

247 1978 296 2026 ἐν
324 1976 495 2046 Nimia
521 1973 650 2026 κατά
672 1974 882 2040 ’Λρείου,
914 1971 994 2021 καί
1016 1971 1192 2019 τοῦτον
1220 1963 1349 2032 μετά
1375 1967 1465 2019 τῆς
1503 1961 1656 2012 αὐτοῦ
1693 1959 1815 2010 ἀσε-

251 2065 385 2124 ϐείας
413 2061 863 2122 καταδικάσαντες,
893 2062 981 2116 τήν
1005 2057 1162 2112 αὐτὴν
1191 2051 1450 2122 ὁμολογίαν
1468 2089 1482 2111 ,
1512 2047 1542 2106 ἦ
1570 2047 1818 2117 σύμϐολον

247 2159 326 2207 καί
354 2152 515 2224 [ἅγιον
555 2148 638 2220 L.]
678 2151 886 2219 μάθημα
922 2155 1013 2205 τῆς
1054 2144 1275 2201 πίστεως
1318 2136 1710 2212 παραδεδώκασι
1754 2142 1816 2209 τῇ

248 2240 366 2312 άγίκ
389 2245 478 2294 τοῦ
510 2244 632 2292 Θεοῦ
663 2236 928 2307 ἓκκλησίᾳ⁹
959 2235 1045 2286 καί
1066 2231 1176 2301 μετ’
1199 2230 1408 2286 ἐκείνους
1431 2227 1474 2279 οἰ
1505 2225 1677 2280 έκατὸν
1696 2244 1817 2278 πεν-

250 2335 462 2389 τήκοντα
490 2329 620 2400 ἅγιοι
649 2327 866 2398 πατέρες
905 2323 950 2376 οἱ
976 2320 1317 2389 συναχθέντες
1347 2317 1395 2370 ἐν
1426 2331 1823 2368 Κωνσταντινου-

250 2423 386 2476 πόλει
414 2423 543 2474 κατά
574 2417 876 2472 Μακεδονίου
901 2421 993 2470 τοῦ
1019 2411 1455 2483 πνευματομάχου
1475 2451 1488 2473 ,
1519 2411 1601 2460 καί
1619 2407 1817 2476 Μάγνου

252 2518 336 2564 τοῦ
362 2508 799 2582 ’Δπολιναριστοῦ,
848 2507 933 2558 καὶ
973 2503 1187 2560 τούτους
1223 2496 1647 2553 καταδικάσαντες
1694 2496 1820 2563 μετὰ

254 2608 345 2660 τῆς
381 2600 545 2654 αὐτῶν
589 2597 854 2657 ἀσεϐείας,
893 2591 1270 2647 ἀκολουθοῦντές
1301 2586 1509 2641 τε-κατὸι
1545 2586 1708 2638 πάντα
1749 2589 1819 2651 τῷ

255 2693 392 2761 αὐτῷ
421 2688 573 2760 ἁγίων
599 2686 837 2756 συμϐόλῳ
861 2690 933 2754 τῷ
957 2683 1098 2756 παρὰ
1124 2686 1220 2732 τῶν
1244 2679 1543 2752 τριακοσίων
1572 2672 1820 2728 δεκαοκτώ

256 2777 408 2849 ἁγίων
429 2778 656 2850 πατέρων
679 2772 1008 2846 παραδοθέντι
1023 2812 1037 2837 ,
1061 2770 1342 2846 ἐτράνωσαν
1364 2768 1428 2819 τά
1455 2767 1573 2837 περὶ
1597 2771 1686 2822 τῆς
1715 2763 1822 2816 θεό-

255 2885 405 2924 τητος
444 2870 534 2918 τοῦ
584 2863 724 2933 άγίου
772 2861 1071 2928 πνεύματος.
1099 2853 1209 2909 "Er:
1246 2852 1298 2908 δέ
1346 2855 1431 2909 καί
1475 2853 1518 2904 οἱ
1557 2851 1604 2902 ἐν
1638 2851 1822 2921 Ἐφέσῳ

258 2957 595 3024 συναχθέντες
623 2956 678 3008 τό
715 2953 954 3024 πρότερον
984 2948 1117 3018 ἅγιοι
1150 2947 1362 3019 πατέρες
1401 2945 1530 2998 κατὰ
1557 2944 1822 3015 Νεστορίου

1331 234 1743 299 CONFESSIO
1784 230 2048 294 RECTIE
2086 224 2320 287 FlDEI;

3315 191 3442 254 Mli

1889 331 2130 386 dividunt
2171 328 2362 382 divina:
2409 318 2816 392 dispensationis
2862 311 3200 384 mysterium,
3232 307 3450 366 merito

1887 421 2210 490 scripsimus,
2237 423 2293 472 et
2319 430 2428 470 non
2453 428 2518 468 eo
2545 411 2688 482 quod
2709 408 3045 464 declaramus
3077 417 3141 458 ea
3168 417 3235 456 ex
3257 400 3448 468 quibus

1890 517 1992 577 est,
2019 517 2077 564 et
2102 509 2157 562 in
2187 506 2378 576 quibus
2393 501 2745 570 cognoscitur
2775 495 3038 559 Christus,
3078 490 3446 548 confusionem

1891 600 1976 655 vel
2001 597 2315 652 divisionem
2341 591 2533 647 divina.-
2571 583 2958 657 dispensationi
2987 581 3228 637 facimus.
3260 577 3451 644 Itaque

1891 686 2335 758 glorificationem
2382 688 2437 736 et
2482 677 2740 734 unitionis
2783 675 3046 729 rationem
3093 667 3454 740 proferentes.

1894 753 2056 833 unum
2077 776 2342 831 Christum
2370 779 2424 826 et
2450 769 2638 824 Filium
2668 773 2725 821 et
2749 763 3053 826 Dominum,
3094 759 3328 815 Verbum
3356 753 3452 809 Dei

1898 867 2225 922 incarnatum
2255 870 2310 918 et
2347 859 2616 915 hominem
2646 854 2841 909 factum
2869 850 3186 906 conlltemur
3231 843 3456 900 etado-

1897 973 2076 1013 ramus
2108 970 2228 1010 cum
2256 953 2415 1006 Patre
2451 957 2508 1004 et
2553 947 2754 1017 Spiritu
2797 951 3003 998 sancto.
3047 939 3172 992 Haec
3217 936 3458 990 itacum

1900 1044 2184 1102 universali
2211 1041 2304 1096 Dei
2331 1038 2568 1094 Ecclesia
2605 1031 2920 1090 conﬁtentes
2960 1032 3001 1095 ι,
3049 1027 3189 1082 scire
3215 1022 3462 1078 volumus

1902 1151 2090 1192 omnes
2115 1133 2466 1196 Christianos,
2494 1127 2637 1196 quod
2665 1126 2802 1181 sicut
2829 1137 2992 1177 unum
3014 1120 3182 1173 Deum
3205 1122 3261 1169 et
3287 1113 3464 1168 Domi-

1905 1241 2030 1280 num
2057 1223 2328 1285 habemus,
2373 1220 2445 1272 ita
2485 1225 2539 1270 et
2566 1231 2726 1269 unam
2758 1213 2934 1266 ﬁdem.
2970 1208 3087 1263 Una
3115 1206 3259 1260 enim
3282 1201 3468 1258 defini-

1908 1318 1983 1370 tio
2012 1314 2130 1370 fidei
2157 1320 2258 1374 est,
2290 1309 2534 1366 confiteri
2560 1316 2615 1361 et
2642 1313 2788 1390 τεῦξε
2817 1301 3117 1370 glorificare
3139 1297 3374 1360 Patrem,
3417 1303 3472 1347 et

1909 1406 2175 1461 Christum
2216 1402 2406 1456 Filiqu
2434 1398 2548 1461 Dei,
2600 1403 2656 1450 et
2683 1385 2942 1464 Spiritum
2991 1396 3254 1444 sanctum.
3311 1385 3472 1438 Istam

1910 1494 2298 1550 confessionem
2341 1500 2742 1553 conservamus,
2792 1484 2846 1537 in
2876 1497 2981 1551 qua
3029 1486 3084 1534 et
3110 1475 3366 1546 baptizati
3394 1488 3476 1526 su-

1912 1583 2308 1652 mus,:lonatam
2339 1579 2551 1650 quidem
2573 1593 2604 1632 a
2633 1589 2826 1643 magno
2849 1573 2960 1626 Deo
2988 1578 3044 1626 et
3071 1569 3346 1625 Salvatore
3375 1576 3478 1618 no-

1841 1689 1888 1746 B
1916 1682 2026 1730 stro
2066 1672 2190 1728 Jesu
2218 1672 2430 1726 Christo
2459 1668 2657 1723 sanctis
2685 1667 2795 1720 suis
2822 1662 3096 1732 discipulis
3121 1669 3175 1715 et
3200 1656 3477 1727 apostolis,

1919 1764 1985 1818 ab
2013 1763 2090 1817 eis
2119 1771 2296 1816 autem
2336 1759 2678 1829 praedicatam
2721 1753 2775 1808 in
2821 1759 2934 1806 toto
2965 1749 3183 1804 mundo.
3227 1745 3480 1800 Trecenti

1919 1862 2096 1909 autem
2125 1853 2309 1908 decem
2341 1859 2396 1905 et
2417 1858 2540 1904 octo
2560 1847 2735 1902 sancti
2765 1843 2957 1898 Patres
2985 1839 3196 1896 collecti
3224 1840 3276 1892 in
3307 1838 3482 1892 Nicma

1920 1943 2170 1998 adversus
2196 1941 2400 2006 Arium,
2431 1939 2523 1994 illo
2545 1951 2665 1993 cum
2693 1949 2788 1990 sua
2810 1933 3083 2002 impietate
3105 1929 3482 1991 condemnato,

1921 2030 2165 2086 eamdem
2193 2027 2602 2089 confessionem,
2645 2023 2699 2078 id
2722 2030 2823 2086 est,
2866 2028 3107 2076 sanctum
3136 2018 3405 2072 mathema
3433 2026 3483 2071 et

1921 2119 2219 2191 symbolum
2250 2116 2376 2171 fidei
2405 2115 2736 2170 tradiderunt
2761 2118 2960 2166 sanctae
2997 2109 3091 2164 Dei
3122 2107 3404 2173 Ecclesiae;
3435 2115 3484 2161 et

1920 2218 2044 2282 post
2090 2210 2231 2276 illos,
2275 2216 2490 2262 centum
2511 2201 2894 2273 quinquaginta
2935 2199 3107 2256 sancti
3135 2197 3321 2253 Patres
3351 2196 3485 2252 Con-

1922 2297 2268 2368 stantinOpoli
2312 2295 2522 2351 collecti
2571 2292 2826 2349 adversus
2870 2288 3240 2344 Macedonium
3298 2295 3486 2341 sancto

1923 2386 2144 2456 Spiritui
2187 2390 2592 2453 repugnantem,
2636 2391 2692 2436 et
2739 2377 2986 2447 Magnum
3031 2377 3488 2448 Apollinaristam,

1924 2473 2029 2527 illis
2055 2470 2420 2527 condemnatis
2449 2485 2570 2524 cum
2590 2483 2688 2524 sua
2713 2467 2968 2539 perﬁdia,
2989 2467 3158 2522 secuti
3185 2481 3282 2536 per
3309 2465 3489 2520 omnia

1926 2572 2066 2626 idem
2093 2577 2335 2625 sanctum
2363 2567 2661 2640 symbolum
2694 2567 2943 2620 traditum
2971 2581 3001 2620 a
3023 2565 3278 2620 trecentis
3306 2566 3490 2618 decem

1927 2676 1982 2723 et
2003 2676 2126 2722 octo
2153 2667 2351 2720 sanctis
2378 2663 2646 2752 Patribus,
2681 2664 3101 2732 explanaverunt
3126 2677 3244 2732 qua:
3273 2669 3396 2716 sunt
3425 2661 3492 2715 de

1928 2759 2126 2815 deitate
2166 2759 2332 2813 sancti
2381 2753 2609 2826 spiritus
2657 2754 2794 2827 (Act.
2837 2754 2911 2824 5).
2951 2754 3172 2824 Insuper
3213 2764 3390 2808 autem
3437 2762 3493 2806 et

1929 2859 2019 2928 qui
2049 2858 2102 2912 in
2128 2855 2342 2926 Epheso
2383 2855 2540 2923 prius»
2569 2853 2783 2908 collecti
2829 2863 2952 2907 sunt
2977 2853 3147 2907 sancti
3177 2851 3363 2906 Patres
3392 2851 3490 2905 ad-

1929 2965 2114 3006 versus
2169 2947 2471 3002 Nestorium
2519 2945 2771 3014 impium,
2820 2951 2875 2998 et
2914 2944 3002 3012 qui
3054 2943 3106 2996 in
3149 2941 3494 2996 Chalcedone

260 3053 348 3100 τοῦ
374 3045 685 3109 δυσσεϐοῦς,
727 3045 811 3096 καί
839 3043 881 3094 οί
911 3040 960 3093 έν
987 3037 1260 3094 Χαλκηδόνι
1295 3034 1430 3105 ἅγιοι
1455 3037 1670 3108 πατέρες
1695 3034 1818 3088 κατά

1925 3044 2290 3095 convenerunt
2334 3036 2502 3092 sancti
2551 3033 2736 3088 Patres
2763 3034 3018 3086 adversus
3051 3031 3342 3102 Eutychem
3383 3031 3486 3085 im--

258 3138 528 3204 Εύτυχοῦς
557 3139 645 3186 τοῦ
677 3130 990 3194 δυσσεϐοῦς,
1032 3127 1455 3184 ἀκολουθήσαντες
1497 3127 1625 3178 κατά
1659 3126 1822 3178 πάντα

258 3233 331 3297 τῷ
357 3225 594 3293 εἰρημένῳ
623 3222 747 3293 ἁγίῳ
778 3219 1038 3289 συμϐόλῳ,
1064 3217 1174 3274 ἤτοι
1193 3217 1443 3286 μαθήματι
1464 3221 1554 3274 τῆς
1582 3217 1819 3277 πίστεως,

260 3315 594 3370 κατεδπκασαν
633 3315 750 3372 τοὺς
799 3309 1187 3381 προειρημένους
1242 3306 1514 3382 αἶρετικούς
1557 3305 1688 3373 μετά
1732 3313 1823 3363 τῆς

263 3408 426 3460 αὐτῶν
454 3403 715 3468 ἀσεϐείας,
743 3403 825 3453 καί
863 3407 962 3454 τῶν
988 3395 1139 3468 ὅμοια
1179 3398 1343 3453 αὐτοῖς
1386 3394 1730 3467 φρονησάντων
1752 3432 1766 3457 ,
1793 3393 1822 3450 ἣ

264 3499 350 3549 καὶ
390 3494 714 3564 φρονούντων.
758 3493 854 3542 Καὶ
895 3490 1024 3559 πρὸς
1063 3487 1260 3543 τούτοις
1305 3484 1666 3552 ἀνεθεμάτισαν
1708 3484 1827 3542 τούς

267 3586 430 3656 ἕτερον
454 3582 566 3658 ὅρον
591 3584 807 3638 πίστεως
831 3579 938 3636 ἤτοι
966 3576 1234 3645 σύμϐολον
1258 3577 1335 3626 καὶ
1375 3571 1578 3642 μάθημα
1605 3569 1827 3645 παραδι-

268 3672 444 3733 δόντας
470 3680 569 3731 τοῖς
590 3675 859 3745 προσιοῦσι
881 3673 952 3738 τῷ
975 3665 1099 3736 ἁγίῳ
1120 3663 1463 3733 βαπτίσματι,
1485 3661 1515 3720 ἦ
1544 3663 1594 3724 ἐξ
1626 3656 1832 3714 οἱασδή-

267 3783 389 3816 ποτε
418 3762 653 3834 αἱρέσεως
683 3756 1034 3828 ἐπιστρέῖουσι
1067 3753 1206 3823 παρὰ
1229 3752 1314 3804 τὸν
1349 3746 1720 3824 παραδοθέντα,
1762 3749 1827 3808 ὡς

270 3851 492 3923 ε’ρηται,
531 3850 629 3903 ὑπὸ
656 3854 754 3902 τῶν
793 3845 1091 3916 τριακοσίων
1119 3840 1239 3895 δέκα
1267 3842 1352 3893 καί
1393 3841 1522 3893 ὀκτώ
1550 3837 1702 3910 άγίων
1731 3859 1838 3891 πα-

269 3943 445 4014 τέρων,
469 3943 552 3993 καί
570 3937 881 4013 τρανωθέντα
906 3935 1004 3988 ύπό
1026 3940 1124 3986 τῶν
1155 3931 1324 3985 έκατὸν
1353 3934 1652 3987 πεντήκοντα
1679 3929 1830 3998 ἁγίων

269 4031 516 4104 πατέρων.
546 4031 746 4082 Τούτων
785 4026 944 4085 οὕτως
985 4023 1206 4094 ἐχόντων
1242 4020 1532 4092 συνείδομεν
1568 4025 1649 4074 καί
1694 4022 1836 4091 κεφά-

267 4122 382 4176 λοίια
419 4122 663 4183 ὑποτάξαι
695 4123 786 4177 τήν
822 4138 876 4171 τε
920 4125 1010 4175 τῆς
1039 4119 1258 4174 πίστεως
1297 4115 1442 4188 ὀρθὴν
1485 4112 1746 4183 ὁμολογίαν
1787 4114 1835 4164 ἐν

271 4214 529 4284 συντόμῳ,
554 4217 643 4268 τήν
661 4216 842 4264 τετῶν
864 4211 1124 4283 αἰρετικῶν
1151 4208 1442 4279 κατάκρισιν
1470 4205 1798 4275 περιέχοντα.

340 4301 403 4354 Εἴ
440 4323 518 4362 τις
564 4301 668 4370 οὐχ
712 4297 944 4368 ὁμολογεῖ
973 4296 1208 4369 πατέρα,
1258 4296 1343 4346 καί
1386 4294 1518 4355 υἷὸν,
1565 4294 1647 4344 καί
1692 4289 1828 4359 ἅγιον

1925 3133 2093 3202 pium,
2118 3131 2286 3187 secuti
2315 3144 2410 3201 per
2443 3128 2620 3183 omnia
2648 3126 2957 3196 prmdictum
3000 3132 3243 3180 sanctum
3274 3125 3490 3196 symbo-

1925 3225 2034 3278 lum
2061 3222 2173 3276 sive
2199 3222 2469 3274 mathema
2501 3218 2642 3282 fidei,
2689 3216 3180 3272 condemnaverunt
3204 3215 3487 3284 prmdictos

1926 3311 2209 3366 haereticos
2235 3324 2340 3363 una
2364 3323 2485 3362 cum
2514 3320 2700 3360 eorum
2740 3305 3034 3374 impietate,
3084 3312 3139 3358 et
3167 3304 3268 3359 hos
3298 3304 3388 3372 qui
3412 3304 3487 3357 si—

1927 3401 2070 3454 milia
2093 3401 2197 3454 illis
2224 3406 2533 3468 sapuerunt,
2562 3395 2646 3450 vel
2674 3394 2907 3462 sapiunt.
2955 3392 3022 3446 Et
3049 3407 3209 3462 super
3230 3393 3343 3448 hac
3363 3406 3493 3444 ana-

1927 3488 2405 3543 thematizaverunt
2453 3499 2546 3539 eos
2594 3483 2686 3551 qui
2733 3482 2892 3535 aliam
2933 3479 3298 3536 definitionem
3346 3479 3490 3543 fidei,

1926 3581 2038 3634 sive
2067 3576 2385 3648 symbolum,
2416 3574 2528 3629 sive
2557 3571 2826 3626 mathema
2867 3568 3085 3624 tradunt
3113 3569 3488 3624 accedentibus

1931 3669 1998 3722 ad
2026 3674 2263 3721 sanctum
2291 3663 2572 3732 baptisma,
2603 3661 2688 3715 vel
2723 3675 2790 3714 ex
2817 3673 3134 3730 quacunque
3163 3659 3349 3712 [λωτοεί
3371 3673 3492 3712 con-

1931 3757 2117 3818 versis,
2148 3761 2342 3824 przeter
2369 3751 2626 3805 traditum
2656 3749 2817 3820 (sicut
2845 3748 3044 3803 dictum
3072 3748 3174 3815 est)
3221 3763 3252 3800 a
3281 3758 3491 3802 trecen-

1931 3846 1998 3899 tis
2026 3844 2208 3898 decem
2237 3850 2290 3896 et
2320 3848 2443 3896 octo
2470 3839 2672 3895 sanctis
2699 3837 2964 3902 Patribus,
2995 3844 3050 3891 et
3087 3836 3432 3906 explanatum
3461 3853 3492 3891 a

1929 3941 2141 3990 centum
2165 3929 2545 4001 quinquaginta
2573 3927 2771 3981 sanctis
2795 3924 3055 3980 Patribus.
3086 3923 3179 3979 His
3209 3926 3283 3979 ita
3311 3939 3371 3979 se
3397 3925 3495 3978 ha-

1927 4022 2196 4086 bentibus,
2231 4018 2597 4090 perspeximus
2623 4024 2677 4071 et
2705 4014 2934 4084 capitula
2951 4027 3269 4083 supponere,
3305 4013 3498 4082 quibus

1923 4124 2033 4169 tam
2046 4121 2205 4168 rectae
2227 4110 2346 4164 fidei
2371 4107 2750 4178 compendiosa
2767 4103 3055 4170 confessio,
3080 4119 3241 4173 quam
3270 4103 3490 4158 lucreti-

1928 4219 2110 4261 corum
2136 4200 2508 4258 condemnatio
2538 4199 2860 4254 continetur.
3364 4205 3369 4213 ·

1999 4292 2040 4345 l.
2082 4291 2138 4344 Si
2183 4290 2304 4358 quis
2355 4304 2462 4343 non
2502 4284 2788 4342 confitetur
2829 4285 3063 4352 Patrem,
3110 4293 3165 4340 et
3192 4285 3407 4351 Filium,
3434 4295 3488 4340 et

268 4398 497 4461 πνεῦμα,
541 4387 724 4462 τριάδα
750 4385 1042 4456 ὁμοούσιον,
1083 4385 1201 4453 μίαν
1227 4382 1466 4440 θεότητα,
1505 4380 1656 4452 ἤγουν
1683 4381 1818 4451 φύσιν

1927 4381 2181 4451 Spiritum
2207 4386 2472 4442 sanctum,
2523 4385 2579 4432 et
2604 4376 2918 4430 Trinitatem
2962 4373 3492 4438 consubstantialem,

269 4484 350 4533 irai
379 4482 582 4542 οὐσίαν,
608 4479 724 4550 μίαν
756 4497 812 4530 τε
839 4475 1047 4548 δύναμιν
1081 4479 1163 4529 καὶ
1190 4478 1416 4539 ἐξουσίαν
1445 4477 1492 4527 ἐν
1517 4477 1679 4547 τρισίν
1709 4474 1834 4529 ὐπο-

271 4577 536 4636 στὸισεσιν,
564 4573 713 4644 ἤγουν
745 4572 1038 4642 προσώποις
1065 4570 1525 4641 προσκυνουμένην,
1559 4566 1583 4621 ό
1609 4573 1832 4627 τοιοῦτος

270 4665 490 4725 ἀνάθεμα
519 4661 679 4717 ἔστω.

337 4751 399 4805 Εἴ
415 4773 492 4811 τις
535 4753 635 4820 οὐχ
674 4747 902 4820 ὁμολογεῖ
929 4749 1013 4800 τὸν
1041 4744 1139 4819 πρὸ
1170 4745 1388 4807 αἰώνων,
1417 4745 1502 4796 καί
1524 4741 1755 4816 ἀχρόνως
1775 4742 1827 4794 ἐκ

268 4849 359 4899 τοῦ
385 4843 575 4915 πατρὸς
597 4841 885 4913 γεννηθέντα
911 4839 1029 4893 Θεὸν
1051 4836 1194 4908 λόγον
1221 4835 1298 4887 έπ⁵
1321 4835 1558 4904 ἐσχάτων
1583 4839 1683 4886 τῶν
1709 4834 1827 4901 ἠμε-

268 4940 371 5007 ρῶν
407 4931 724 5002 [κατελθόντα
750 4931 805 4982 ἐκ
829 4935 928 4982 τῶν
953 4928 1171 5002 οὐρανῶν
1199 4927 1277 4977 καί
1305 4920 1390 4992 L.]
1430 4922 1746 4996 σαρκωθέντα
1781 4924 1834 4977 ἐκ

268 5026 360 5080 τῆς
384 5018 530 5090 ἁγίας
552 5016 770 5088 [ἐνδόξου
793 5015 878 5084 [η]
904 5015 1131 5068 θεοτόκου
1155 5015 1238 5068 καί
1262 5013 1596 5086 ἁείπαρθένου
1619 5015 1827 5084 Μαρίας,

271 5110 356 5163 καί
393 5103 647 5180 ἄνθρωπον
689 5101 942 5176 γενόμενον
981 5102 1266 5174 γεννηθέντα
1303 5103 1354 5163 ἐξ
1397 5103 1576 5165 αὐτῆς,
1624 5104 1702 5153 καί
1747 5098 1830 5154 διὰ

260 5201 417 5251 τοῦτο
443 5203 530 5251 τοῦ
558 5197 715 5250 αὐτοῦ
743 5201 868 5248 Θεοῦ
893 5192 1038 5263 λόγου
1067 5186 1192 5244 εἶναι
1211 5192 1304 5248 τὰς
1333 5188 1420 5242 δύο
1447 5194 1718 5260 γεννήσεις,
1741 5194 1828 5245 τήν

264 5312 319 5349 τε
349 5288 446 5363 πρὸ
481 5287 671 5339 αἰώνων
711 5279 1028 5353 ἀσωμάτως,
1072 5281 1156 5332 καί
1195 5282 1284 5335 τήν
1327 5276 1407 5330 ἐπ’
1451 5279 1692 5346 ἐσχάτων
1731 5283 1829 5330 τῶν

271 5378 466 5450 ἡμερῶν
494 5375 626 5428 κατά
653 5374 842 5447 σάρκα,
869 5369 894 5423 ό
922 5374 1143 5426 τοιοῦτος
1165 5369 1378 5436 ἀνάθεμα
1401 5365 1560 5420 ἔστω.

334 5463 402 5519 BI
416 5485 492 5525 τις
511 5466 640 5536 λέγει
661 5460 805 5518 ἄλλον
835 5457 960 5515 εἶναι
977 5461 1062 5514 τὸν
1089 5458 1208 5513 Θεὸν
1234 5457 1374 5526 λόγον
1396 5458 1481 5510 τὸν
1510 5458 1829 5530 θαυματουρ-

1931 4487 2091 4527 unam
2135 4469 2408 4533 deitatem,
2459 4482 2554 4521 seu
2599 4473 2865 4530 naturam,
2915 4471 2970 4518 et
3005 4463 3386 4529 substantiam,
3439 4471 3496 4517 et

1933 4576 2092 4615 unam
2131 4561 2383 4615 virtutem
2412 4565 2466 4611 et
2491 4562 2815 4625 potestatem
2844 4555 2895 4608 in
2926 4553 3096 4608 tribus
3140 4553 3496 4624 subsistentiis

1929 4665 2023 4706 seu
2049 4649 2292 4720 personis
2319 4645 2659 4709 adorandam,
2695 4643 2817 4698 talis
2840 4645 3122 4698 anathema
3148 4644 3236 4698 sit.

2000 4739 2063 4794 ll.
2104 4738 2161 4793 Si
2187 4739 2308 4807 quis
2333 4751 2441 4791 non
2470 4733 2756 4790 confitetur
2783 4749 2922 4800 eum,
2954 4734 3046 4802 qui
3075 4741 3199 4788 ante
3227 4734 3418 4791 smcula
3441 4740 3496 4789 et

1934 4831 2050 4886 sine
2079 4838 2320 4898 tempore
2349 4841 2416 4880 ex
2459 4824 2618 4880 Patre
2646 4831 2801 4879 natus
2829 4832 2929 4889 est,
2969 4823 3135 4878 Deum
3165 4821 3398 4878 Verbum
3439 4823 3494 4875 in

1935 4919 2135 4973 ultimis
2163 4917 2350 4972 diebus
2376 4915 2716 4970 descendisse
2751 4915 2818 4970 de
2861 4915 3032 4983 caelis,
3079 4922 3135 4968 et
3160 4913 3494 4969 incarnatum

1934 5021 2052 5062 esse
2080 5006 2147 5059 de
2174 5012 2355 5060 sancta
2382 5004 2614 5070 gloriosa
2642 5003 2736 5057 Dei
2765 5005 3034 5059 Genitriee
3061 5011 3116 5058 et
3141 5018 3358 5072 semper
3385 5003 3494 5056 vir-

1931 5098 2052 5163 gine
2081 5095 2263 5160 Maria,
2294 5103 2348 5149 et
2373 5093 2644 5148 hominem
2668 5090 2885 5157 factum,
2918 5101 3100 5146 natum
3122 5107 3242 5146 esse
3266 5107 3332 5146 ex
3354 5093 3493 5162 ipsa,

1933 5188 1984 5235 et
2008 5187 2227 5248 propter
2243 5178 2348 5233 hoc
2365 5177 2612 5247 ejusdem
2638 5175 2728 5230 Dei
2746 5174 2912 5231 Verbi
2935 5176 3071 5231 duas
3095 5191 3216 5231 esse
3241 5180 3497 5232 nativita-

1933 5277 2032 5330 tes,
2055 5266 2264 5338 [SuppL
2296 5276 2554 5321 aeternam
2580 5267 2788 5322 scilicet
2808 5265 2883 5337 et]
2908 5277 3027 5318 eam
3049 5279 3167 5334 quae
3187 5273 3267 5318 est
3292 5267 3344 5318 in
3374 5267 3498 5319 ulti-

1933 5363 2036 5414 mis
2063 5361 2256 5414 diebus
2279 5359 2578 5416 secundum
2605 5371 2846 5420 carnem,
2867 5357 2996 5410 talis
3016 5356 3299 5409 anathema
3332 5359 3419 5410 sit.

2001 5453 2084 5507 lll.
2115 5451 2171 5506 Si
2197 5449 2316 5520 quis
2339 5447 2466 5502 dicit
2493 5445 2654 5501 alium
2675 5459 2793 5501 esse
2818 5444 2984 5500 Deum
3012 5447 3240 5504 Verbum
3271 5451 3362 5519 qui
3393 5454 3492 5504 mi-

340 5647 355 5677 ί
407 5638 720 5696 Universalis
765 5636 826 5691 D.
876 5652 919 5689 ε.
965 5635 1282 5691 confiteatur.
1325 5633 1492 5690 Crine.
1529 5632 1698 5700 Atque
1740 5631 1812 5686 ita

1921 5649 1953 5689 ε.
2013 5628 2180 5684 codex
2209 5623 2462 5681 Bohierii.

3491 460 3539 524 θ’
