3958 6288
175 234 305 297 1017

1311 238 1719 299 CONFESSIO
1757 242 1808 301 Β
1819 238 2019 297 ΕΕΤᾸΞ
2058 235 2264 298 FIDEI

3268 228 3403 287 1028

243 338 451 402 Ἐπίσης
490 345 587 418 γάρ
634 348 716 400 καί
758 348 875 408 τοὺς
924 349 1015 400 ἀνά
1056 349 1205 422 μέρος
1246 348 1590 424 διαιροῦντας,
1631 349 1742 405 ἤτοι

1917 349 1980 397 x.
2006 345 2306 413 Aﬁqualiter
2332 346 2474 400 enim
2504 354 2556 402 et
2577 362 2671 402 eos
2703 353 2789 418 qut
2814 362 2908 416 per
2935 354 3143 416 partem
3161 343 3399 402 incidunt

175 437 464 497 τεμνόντας,
493 437 575 488 καί
610 433 726 495 τοὺς
755 438 1073 507 συγχέοντας
1100 439 1157 494 τό
1183 446 1271 499 τῆς
1300 440 1433 498 Θείας
1462 442 1740 507 οἰκονομίας

177 528 452 592 μυστήριον
488 530 577 577 τοῦ
602 534 824 599 Χριστοῦ
860 529 1254 603 ἀποστρέφεται,
1284 532 1371 582 καί
1400 529 1740 596 ἀναθεματίζει

178 615 208 670 ἠ
235 614 461 672 καθολική
488 615 735 672 ἐκκλησία·

240 701 304 755 Εἴ
319 725 395 765 τις
423 709 490 773 μή
519 706 865 775 ἀναθεματίζει
886 704 1104 781 Ἀρειον,
1135 709 1388 780 Εὐνόμιον,
1419 707 1738 770 Μακεδόνων,

173 790 854 871 ’Λπολινάριον,’Νεσ-τόριον,
886 802 1152 870 Εὐτυχέα,
1203 803 1285 854 καί
1324 802 1442 859 τούς
1481 802 1545 853 τά
1582 797 1733 867 ὅμοια

123 912 132 919 ο
170 888 365 944 τούτοις
394 892 710 955 φρονοῦντας,
738 888 769 948 ἢ
796 894 1152 963 φρονήσαντας,
1177 891 1394 959 ἀνάθεμα
1419 886 1451 941 ἕ
1452 910 1578 942 στω.

238 1064 298 1116 Εἴ
335 1087 414 1125 τις
458 1068 785 1122 ἀντιποιεῖται
831 1068 1089 1143 Θεοδώρου
1134 1077 1224 1124 τοῦ
1266 1071 1612 1141 Μοῷουεστίας
1651 1073 1739 1120 τοῦ

169 1157 427 1221 εἰπόντος,
482 1155 623 1212 ἄλλον
666 1155 793 1213 εἶναι
840 1162 925 1214 τόν
968 1163 1087 1214 Θεὸν
1129 1161 1295 1228 λόγον,
1345 1163 1428 1214 καί
1473 1157 1619 1212 ἄλλον
1659 1158 1743 1211 τὸν

167 1248 411 1321 Χριστόν,
441 1247 542 1301 ὑπὸ
572 1251 739 1302 παθῶν
782 1250 962 1318 ψυχῆς
1004 1255 1085 1303 καί
1110 1257 1207 1303 τῶν
1244 1258 1333 1310 τῆς
1360 1250 1541 1320 σαρκός
1570 1248 1747 1300 ὶπιθυ-

168 1341 292 1403 ριῶν
319 1336 701 1407 ἐνοχλούμενον,
730 1340 811 1391 καί
836 1341 890 1392 ἐκ
918 1348 1176 1414 προκοπῆς
1207 1338 1364 1412 ἔργων
1392 1338 1739 1406 βελτιωθέντα,

166 1428 251 1477 καί
279 1425 619 1494 βαπτισθέντος
659 1430 733 1487 είς
764 1424 916 1498 ὄνομα
951 1431 1145 1501 πατρός
1162 1431 1272 1495 ,καί
1311 1430 1559 1491 υίοῦικαί
1597 1427 1741 1499 ἁγίου

165 1516 472 1584 πνεύματος,
497 1520 576 1569 καί
602 1515 685 1571 διά
705 1525 793 1571 τοῦ
819 1518 1174 1590 βαπτίσματος
1196 1524 1284 1577 τήν
1306 1520 1461 1590 χάριν
1483 1526 1570 1571 τοῦ
1596 1518 1739 1589 ἁγίου

165 1604 451 1672 πνεύματος
496 1605 692 1665 λαϐεῖν,
744 1609 829 1659 καί
876 1607 1131 1667 υἱοθεσίας
1177 1608 1466 1671 ἀξιωθῆναι,
1506 1610 1592 1661 καί
1637 1607 1741 1661 κατ’

1839 434 1923 488 vel
1953 433 2212 498 dividunt,
2241 443 2296 488 et
2320 449 2414 489 eos
2434 438 2523 505 qui
2553 435 2882 491 confundunt
2907 435 3100 491 di'vina':
3127 436 3402 506 dispenszp

1842 526 2001 578 tionis
2030 526 2341 591 mysterium
2369 525 2587 591 Christi,
2639 526 2810 595 rejicit
2856 537 2909 582 et
2938 528 3258 583 condemnat
3285 529 3403 582 uni-

1840 613 2062 667 versalis
2083 612 2175 667 Dei
2206 612 2463 668 Ecclesia.

1912 703 1968 757 Si
2023 704 2141 772 quis
2178 720 2284 757 non
2324 705 2740 768 anathematizat
2795 706 2974 760 Arium
2999 748 3023 770 ,η
3066 706 3402 773 Eunomium,

1842 777 2233 856 Macedonium,
2266 791 2673 861 Apollinarium,
2716 794 3038 861 Nestorium,
3088 795 3403 867 Eutychem,

1842 892 1897 935 et
1926 897 2019 937 eos
2045 882 2135 949 qui
2163 880 2741 952 similiaeissapuerunt
2767 884 2848 938 vel
2874 872 3105 955 sapiunt,
3132 886 3249 941 talis
3274 900 3403 940 ana-

1845 973 2020 1025 thema
2049 972 2138 1025 sit.
3323 978 3329 982 '

1912 1058 2002 1112 XI.
2021 1060 2075 1113 Si
2092 1061 2210 1129 quis
2231 1060 2466 1114 defendit
2485 1061 2819 1116 Theodorum
2848 1062 3295 1131 Mopsuestcnum,
3314 1067 3405 1134 qui

1843 1149 1976 1204 dixit
2002 1150 2162 1203 alium
2193 1165 2310 1203 esse
2349 1149 2514 1204 Deum
2548 1151 2798 1214 Verbum,
2845 1161 2900 1207 et
2946 1153 3106 1206 alium
3137 1153 3404 1208 Christum

1844 1256 1873 1293 a
1904 1239 2239 1309 passionibus
2263 1240 2452 1293 animae
2498 1248 2551 1293 et
2593 1233 2872 1296 desideriis
2903 1235 3092 1296 carnis
3138 1244 3407 1299 molestias

1845 1331 2156 1399 patientem,
2209 1336 2263 1407 et
2290 1346 2355 1384 ex
2386 1330 2626 1400 profectu
2673 1347 2895 1400 operum
2949 1333 3303 1398 melioratum,
3354 1345 3409 1390 et

1843 1421 2168 1490 baptizatum
2209 1421 2262 1474 in
2309 1422 2526 1475 nomine
2571 1420 2768 1487 Patris,
2822 1430 2875 1476 et
2913 1422 3052 1485 Filii,
3099 1432 3153 1478 et
3181 1424 3409 1492 Spiritus

1842 1513 2031 1579 sancti,
2063 1520 2117 1567 et
2139 1528 2234 1582 per
2260 1513 2520 1581 baptisma
2549 1514 2773 1580 gratiam
2803 1514 2972 1568 sancti
3002 1512 3229 1583 Spiritus
3257 1530 3408 1571 acce-

1843 1606 2011 1674 pisse,
2040 1613 2095 1659 et
2123 1603 2485 1659 afliliationem
2516 1606 2792 1670 meruisse,
2825 1614 2880 1659 et
2909 1603 2977 1659 ad
3007 1605 3406 1661 similitudinem

166 1693 376 1750 ἰσότητα
405 1695 670 1763 βασιλινῆς
695 1698 879 1757 είκίνος
908 1699 975 1756 εἰς
1006 1695 1279 1769 πρόσωπον
1318 1704 1402 1750 τοῦ
1430 1689 1557 1751 Θεοῦ
1590 1697 1737 1766 λόγου

1852 1695 2139 1764 imperialis
2176 1694 2417 1762 imaginis
2460 1695 2511 1748 in
2559 1710 2844 1762 personam
2874 1696 2967 1750 Dei
2998 1696 3156 1750 Verbi
3195 1696 3406 1752 adorari

167 1786 596 1859 προσκυνούμενον
615 1826 630 1848 ,
662 1790 740 1840 καί
770 1790 896 1852 μετά
930 1794 1018 1843 τήν
1049 1789 1323 1842 ἀνάστασιν
1352 1785 1600 1861 ἄτρεπτον
1628 1796 1739 1847 ταῖς

168 1875 398 1937 ἐννοίαις,
423 1879 508 1928 καί
528 1879 879 1950 ἀναμάρτητον
904 1878 1156 1937 παντελῶς
1179 1879 1462 1948 γενόμενον·
1491 1881 1575 1931 καί
1593 1878 1739 1931 πάλιν

166 1964 424 2037 εἰρηκότος
455 1970 543 2021 τήν
572 1966 749 2020 ἕνωσιν
788 1974 873 2018 τοῦ
904 1972 1029 2019 Θεοῦ
1070 1967 1213 2036 λζγου
1253 1967 1377 2038 πρὸς
1415 1968 1500 2019 τόν
1528 1968 1740 2038 Χριστόν

166 2052 407 2108 τοιαύτην
432 2055 744 2121 γεγενῆσθαι,
780 2055 885 2106 οἷαν
912 2050 1046 2107 εἶπεν
1074 2054 1099 2108 ό
1129 2058 1411 2114 ἀπόστολος
1452 2058 1533 2108 ἐπὶ
1561 2054 1740 2129 ἀνδρὸς

169 2145 252 2197 καί
280 2145 511 2213 γυναικός
529 2164 544 2179 ·
568 2162 586 2194 ι
605 2140 902 2198 ΙἹῐσοντοιιοί
929 2143 1020 2199 δύο
1038 2148 1106 2203 εἰς
1126 2148 1297 2218 σάρκα
1315 2149 1450 2215 μίαν.
1475 2164 1493 2196 ι
1520 2147 1743 2219 καὶπρὸς

168 2239 283 2287 τοῖς
309 2228 482 2290 ἄλλως
500 2233 849 2308 ἀναριθμήτοις
871 2235 1022 2287 αὐτοῦ
1045 2235 1378 2304 βὶασφημίαις
1402 2235 1742 2303 τολμήσαντος

168 2328 352 2387 εἰπεῖν,
384 2321 457 2376 ὅτι
487 2326 614 2393 μετά
642 2331 728 2383 τήν
754 2326 1027 2378 ἀνάστισιν
1054 2326 1352 2397 ἐμφυσήσας
1379 2325 1403 2378 ό
1433 2328 1601 2400 κύριος
1633 2334 1742 2387 τοῖς

168 2413 440 2480 μαθηταῖς,
472 2416 554 2466 καί
581 2418 754 2476 εἰπὼν,
787 2431 803 2462 ι
820 2414 1007 2467 Λάϐετε
1030 2421 1229 2481 πνεῦμα
1246 2413 1400 2485 ἅγιον,
1423 2432 1441 2463 t
1463 2416 1518 2467 οὐ
1534 2414 1742 2468 δέδωκεν

170 2504 346 2563 αὐτοῖς
375 2509 572 2576 πνεὶμα
603 2502 743 2575 ἅγιον
762 2546 776 2566 ,
815 2505 934 2558 ἀ).λά
972 2508 1207 2575 σχήματι
1248 2506 1391 2575 μόνον
1422 2503 1740 2577 ἐνεφύσησεν.

169 2588 325 2652 Οὗτος
358 2590 411 2646 δέ
440 2597 522 2646 καί
547 2600 636 2652 τήν
665 2587 920 2667 ὁμολογίαν
947 2598 1126 2662 Θωμᾶ,
1158 2600 1246 2652 τήν
1271 2597 1436 2668 ἐπίτῇ
1465 2596 1744 2664 ψηλαφησει

168 2691 267 2736 τῶν
301 2691 491 2756 χειρῶν
526 2687 609 2736 καί
646 2692 737 2744 τῆς
776 2685 998 2756 πλευρᾶς
1028 2691 1117 2738 τοῦ
1147 2689 1316 2758 κυρίου
1347 2688 1473 2753 μετά
1511 2689 1599 2743 την
1627 2687 1685 2737 ἀν
1702 2688 1743 2735 ἒ-

169 2792 375 2835 στάσιν,
400 2775 547 2846 λέγων
573 2777 651 2839 τὸ,
679 2794 697 2826 ι
725 2776 783 2832 '0
799 2776 966 2849 κύριός
994 2797 1085 2836 μου
1108 2781 1189 2830 καί
1217 2777 1334 2836 Θεός
1356 2798 1474 2845 μου,
1498 2796 1516 2827 ι
1541 2773 1647 2830 εἶπε
1673 2783 1742 2847 μή

171 2866 401 2936 ε’ρῆσθαι
428 2870 658 2935 περὶτοῦ
700 2874 920 2937 Χριστοῦ
963 2869 1104 2938 παρὰ
1138 2874 1231 2922 τοῦ
1275 2873 1463 2936 Θωμά,
1507 2866 1743 2940 οὐδὲγάρ

173 2952 296 3010 εἶναι
332 2956 463 3027 λέγει
491 2957 574 3011 τὸν
601 2959 772 3030 κόριον
799 2960 918 3012 Θεόν
935 2999 948 3022 ,
995 2960 1097 3013 ἀλλ’
1136 2962 1219 3014 ἐπὶ
1256 2969 1326 3029 τῷ
1353 2959 1626 3033 παραδόξῳ
1655 2970 1745 3019 τῆς

1844 1782 2206 1854 [adoratum],
2253 1792 2309 1836 et
2353 1791 2473 1852 post
2513 1784 2962 1837 resurrectionem
3019 1785 3406 1841 immutabilem

1842 1874 2275 1941 cogitationibus,
2304 1884 2358 1928 et
2387 1875 2785 1942 impeccabilem
2812 1877 3029 1929 omnino
3058 1875 3252 1930 factum
3281 1877 3408 1931 fuis-

1842 1980 1900 2017 se
1925 1981 1939 2027 ;
1969 1970 2020 2016 et
2046 1964 2236 2017 iterum
2267 1964 2401 2018 dixit
2430 1965 2591 2018 talem
2623 1963 2815 2019 factam
2841 1981 2961 2020 esse
2992 1967 3283 2021 unitionem
3315 1969 3407 2023 Dei

1847 2050 2003 2103 Verbi
2035 2050 2101 2102 ad
2133 2051 2420 2114 Christum,
2475 2053 2686 2121 qualem
2717 2054 2853 2108 dixit
2884 2054 3170 2124 Apostolus
3199 2057 3267 2111 de
3295 2058 3408 2112 viro

1845 2153 1899 2195 et
1925 2143 2145 2195 muliere
2173 2161 2184 2194 :
2219 2142 2385 2195 Erunt
2413 2144 2512 2196 duo
2538 2145 2592 2196 in
2617 2160 2771 2197 carne
2798 2161 2901 2197 una
2926 2145 3082 2216 (Eph.
3118 2147 3168 2217 ν)
3198 2164 3210 2200 :
3243 2156 3290 2202 et
3319 2163 3410 2204 su-

1847 2247 1941 2299 per
1971 2231 2101 2283 alias
2132 2246 2255 2284 stas
2286 2232 2699 2287 innumerabiles
2735 2234 3097 2302 blasphemias
3123 2251 3281 2290 ausus
3327 2246 3408 2291 est

1843 2321 2039 2384 dicere,
2087 2320 2231 2398 quod
2261 2330 2381 2389 post
2423 2324 2867 2377 resurrectionem
2918 2338 3039 2377 cum
3089 2324 3406 2380 insufﬂasset

1845 2408 2100 2462 Dominus
2123 2408 2398 2477 discipulis
2425 2411 2557 2477 suis,
2599 2419 2655 2465 et
2683 2410 2907 2465 dixisset
2931 2431 2942 2465 :
2988 2414 3215 2482 Accipite
3236 2415 3407 2483 Spiri-

1845 2504 1950 2551 tum
1990 2506 2220 2552 sanctum
2265 2497 2443 2569 (Joan.
2491 2502 2584 2567 xx)
2620 2516 2633 2550 :
2687 2515 2792 2554 non
2832 2500 2978 2553 dedit
3022 2501 3100 2555 eis
3153 2500 3407 2569 Spiritum

1845 2596 2086 2641 sanctum
2121 2627 2137 2651 ,
2201 2587 2295 2642 sed
2344 2586 2608 2656 figuratim
2670 2589 3039 2643 tantummodo
3086 2588 3408 2645 insufilavit:

1844 2676 1938 2729 sed
1979 2685 2033 2728 et
2074 2674 2193 2746 {Hic
2234 2684 2412 2730 autem
2442 2676 2603 2730 etiam
2647 2675 2764 2749 Gn]
2800 2679 3207 2742 confessionem,
3252 2693 3410 2747 quam

1846 2766 1973 2819 fecit
2018 2764 2251 2819 Thomas
2279 2781 2398 2819 cum
2429 2767 2699 2835 palpasset
2737 2782 2926 2821 manus
2953 2777 3009 2822 et
3037 2768 3174 2822 latus
3202 2767 3412 2823 Domini

1847 2862 1969 2924 post
1998 2853 2463 2918 resurrectionem,
2502 2854 2686 2908 dicens
2710 2895 2725 2919 ,
2756 2854 3009 2909 Dominus
3038 2872 3178 2911 meus
3204 2866 3252 2909 et
3275 2856 3414 2912 Deus

1850 2961 1990 2998 meus
2021 2942 2288 3014 (Ibidem),
2338 2943 2507 3011 inquit
2536 2959 2641 2997 non
2684 2959 2804 2998 esse
2830 2945 3027 2999 dictam
3057 2961 3087 2999 a
3117 2946 3319 3000 Thoma
3347 2947 3415 3002 de

171 3050 511 3107 ἀναστάσεως
553 3049 855 3121 ἐκπλαγέντα
896 3052 981 3104 τόν
1027 3059 1212 3122 Θωμᾶν
1245 3053 1464 3122 ὑμνῆσαι
1502 3056 1585 3107 τόν
1627 3056 1747 3107 Θεὸν

1852 3035 2066 3089 Chri-to
2101 3035 2223 3103 (nec
2252 3034 2390 3087 enim
2422 3034 2557 3087 dixit
2584 3035 2896 3089 Theodorus
2926 3036 3088 3090 Deum
3119 3052 3234 3091 esse
3262 3036 3416 3091 Chri-

172 3140 255 3192 τόν
285 3140 549 3211 ἐγείραντα
574 3139 658 3194 τόν
681 3139 914 3213 Χριστόν.
940 3141 1008 3194 Τό
1035 3139 1088 3195 δὲ
1129 3148 1339 3211 χεῖρον,
1388 3139 1467 3195 ὄτι
1499 3144 1580 3193 καί
1615 3141 1662 3193 ἐν

173 3238 275 3284 τῶν
302 3232 536 3303 πράξεων
561 3237 661 3285 τῶν
692 3232 988 3286 ἀποστόλων
1014 3234 1246 3304 γενομένῃ
1274 3231 1397 3301 παρ’
1422 3235 1580 3286 αὐτοῦ
1611 3232 1751 3290 δῆθεν

174 3318 411 3393 ἑρμηνείᾳ
440 3324 718 3395 συγκρίνων
745 3321 770 3374 ὁ
800 3323 946 3380 αὐτὸς
976 3321 1227 3397 Θεόδωρος
1253 3325 1336 3376 τόν
1372 3325 1585 3397 Χριστόν
1626 3322 1754 3375 Πλά-

173 3431 314 3473 τωνι,
347 3412 434 3463 καί
457 3413 744 3479 Μανιχαίῳ,
776 3415 856 3464 καί
880 3408 1175 3483 Ἐπικούρῳ,
1199 3415 1281 3463 καί
1306 3415 1574 3484 Μαρκίωνι,
1601 3411 1750 3480 λέγει,

173 3498 252 3553 ὅτι
284 3502 460 3572 ὥσπερ
491 3501 685 3554 ἐκείνων
712 3501 926 3560 ἕκαστος
958 3502 1224 3577 εὑράμενος
1253 3504 1424 3553 οἰκεῖοι
1451 3499 1611 3572 δόγμα
1637 3505 1755 3576 τοῦς

178 3594 316 3660 αὐτῷ
332 3592 748 3660 μαθητεύσαντας
772 3593 1005 3647 πεποίηκε
1024 3592 1276 3645 καλεῖσθαι
1297 3594 1645 3657 Πλατωνικοὺς,
1672 3598 1756 3647 καί

181 3682 531 3749 Μανιχοιίους,
577 3683 660 3734 καί
688 3678 1056 3754 Ἐπικουρείους
1076 3724 1088 3746 ,
1122 3687 1204 3736 καί
1227 3687 1610 3754 Μαρκιωνιστάς
1629 3724 1643 3746 ,
1672 3687 1757 3736 τόν

177 3769 343 3841 ὅμοιον
367 3769 549 3843 τρόπον
578 3772 663 3823 καί
687 3777 778 3824 τοῦ
815 3777 1042 3844 Χριστοῦ
1082 3773 1357 3846 εὑραμένου
1384 3774 1442 3825 τό
1469 3771 1662 3842 δόγμα,
1706 3776 1756 3836 ἐξ

176 3865 333 3916 αὐτοῦ
375 3863 493 3921 τοὺς
526 3864 858 3923 Χριστιανοὺς
896 3862 1169 3915 καλεῖσθαι.
1215 3860 1275 3915 Εἴ
1307 3884 1384 3923 τις
1426 3865 1586 3916 τοίνυν
1621 3865 1757 3925 ἀντι-

177 3960 398 4006 ποιεῖται
417 3949 676 4023 Θεοδώρου
699 3958 788 4006 τοῦ
814 3954 878 4005 τά
903 3958 1110 4006 τοιαῦτα
1135 3953 1608 4025 βλασφημήσαντος,
1634 3954 1757 4007 ἀλλά

176 4048 245 4111 μή
276 4042 625 4111 ἀνάθεμα-τέξει
649 4043 816 4105 αὐτόν,
848 4045 928 4094 καί
953 4043 1018 4095 τά
1044 4043 1202 4096 αὐτοῦ
1231 4043 1631 4115 συγγράμματα,
1673 4045 1757 4095 καί

176 4136 297 4194 τοὺς
324 4136 391 4188 τά
436 4132 581 4204 ὃμοια
620 4134 759 4205 αὐτῷ
796 4140 1126 4206 φρονοῦντας,
1164 4132 1194 4191 ἦ
1232 4137 1598 4207 φρονήσαντας,
1643 4136 1761 4188 ἀνά-

177 4226 306 4294 θεμα
336 4223 498 4281 ἔστω.

248 4404 312 4458 Εἴ
338 4429 418 4465 τις
456 4409 784 4464 ἀντιποιεῖται
824 4417 921 4462 τῶν
963 4430 1243 4482 συγγραμμ
1268 4407 1375 4463 ’των
1411 4406 1752 4481 Θεοδωρίτου,

178 4494 308 4570 ἅπερ
338 4499 524 4561 ἐξέθετο
548 4498 679 4572 ὑπὲρ
702 4502 975 4573 Νεστορίου
997 4507 1084 4554 τοῦ
1108 4501 1385 4575 ατρετικοῦ,
1411 4502 1490 4551 καί
1515 4501 1642 4552 κατά
1664 4507 1754 4556 τῆς

177 4586 324 4661 ὀρθῆς
354 4591 597 4652 πίστεως,
633 4592 719 4643 καί
745 4598 834 4648 τῆς
864 4592 913 4643 ἐν
940 4591 1124 4661 Ἐφέσῳ
1164 4594 1371 4661 πρώτης
1409 4594 1559 4659 ἁγίας
1599 4590 1752 4643 συνό-

175 4671 284 4735 δου.
316 4681 517 4730 καὶτοῦ
554 4678 601 4728 ἐν
630 4676 789 4749 ἁγίοις
822 4680 1107 4751 Κυριλλου,⁵
1138 4682 1224 4732 καί
1250 4686 1348 4732 τῶν
1375 4678 1438 4731 ιϐ’
1474 4680 1626 4731 αὐτοῦ
1670 4698 1752 4731 κε-

175 4769 407 4839 φαλαίων,
436 4772 485 4821 ἐν
514 4766 586 4829 οἷς
604 4771 815 4824 ἀσεϐέσι
840 4774 1205 4843 συγγράμμασι
1237 4775 1485 4842 σχετικὴν
1512 4771 1640 4843 λέγει
1667 4776 1757 4829 τήν

174 4859 352 4914 ἕνωσιν
392 4866 481 4914 τοῦ
511 4868 638 4915 Θεοῦ
667 4863 815 4933 λόγου
840 4867 968 4937 πρ’ς
996 4865 1082 4917 τόν
1106 4884 1220 4917 τινα
1246 4861 1522 4936 ἅνθρωπον⁶
1554 4866 1671 4937 περί
1700 4861 1756 4915 οὗ

175 4952 486 5021 βλασφημῶν
514 4952 661 5021 λέγει,
693 4951 770 5008 ὅτι
798 4954 1078 5025 ἔελιηλάφησε
1115 4960 1303 5024 Θωμᾶς
1330 4957 1417 5008 τόν
1446 4957 1751 5017 ἀναστάντα,

175 5044 261 5093 καί
301 5046 643 5114 προσεκύνησε
675 5046 758 5098 τόν
784 5046 1070 5115 ἐγείραντα,
1119 5049 1224 5097 mi‘
1245 5042 1328 5098 διά
1363 5050 1513 5098 τοῦτο
1550 5044 1757 5103 ἀσεϐεῖς

168 5132 317 5185 καλεῖ
333 5136 451 5192 τοὺς
472 5144 562 5192 τῆς
586 5136 846 5192 ἐκκλησίας
874 5132 1230 5198 διδασκάλους,
1254 5137 1373 5193 τοὺς
1396 5134 1500 5186 καθ’
1525 5130 1758 5187 ὑπόστα-

176 5240 258 5272 σ’ν
279 5228 368 5278 τήν
392 5222 569 5277 ἕνωσιν
592 5230 682 5277 τοῦ
705 5230 830 5277 Θεοῦ
854 5223 998 5291 λόγου
1023 5219 1147 5297 πρὸς
1174 5229 1262 5282 τήν
1285 5226 1451 5294 σάρκα
1474 5211 1759 5293 Elpeio-[07:9-

175 5326 287 5369 τας·
322 5315 399 5364 καί
429 5315 555 5385 πρός
584 5315 781 5371 τούτοις
807 5312 1028 5365 θεοτόκον
1060 5313 1355 5387 ἀπαρνεῖται
1392 5317 1480 5368 τήν
1509 5312 1653 5382 ἀγίαν
1677 5309 1753 5364 ἔν·
1802 5358 1809 5363 ,

177 5398 317 5463 δοξον
345 5405 661 5475 ἀειπάρθενον
707 5406 920 5472 Μαρίαν.
977 5401 1036 5454 E'.’
1079 5421 1155 5459 τις
1207 5405 1371 5455 τοίνυν
1417 5403 1479 5454 τά
1528 5404 1760 5474 εέρημίνα

179 5511 559 5564 συγγράμματα
583 5491 898 5563 Θεοδωρίτου
923 5493 1134 5555 ἐπαινεῖ,
1168 5492 1286 5544 άλλά
1314 5497 1380 5564 μή
1413 5493 1599 5559 ἀναοεμ
1637 5494 1759 5554 τέξει

179 5584 341 5645 αὐτὰ,
381 5584 595 5653 ἀνάθεμα
637 5582 797 5637 ἴστω·
850 5582 932 5636 διὰ
967 5584 1157 5642 ταύτας
1184 5584 1279 5656 γάρ
1322 5585 1413 5641 τάς
1440 5582 1759 5653 βλασφημίας

180 5684 267 5735 ταις
294 5675 571 5737 ἐπισκοπῆς
598 5674 845 5742 ἐξεϐλήθη,
873 5676 1106 5745 καίμετά
1138 5681 1299 5730 ταῖς-κ
1331 5676 1375 5726 ἐν
1404 5682 1463 5748 τῇ
1496 5673 1614 5747 ἁγίᾳ
1645 5697 1755 5728 σνν-

1850 3123 2033 3194 stutn),
2067 3124 2158 3176 sed
2185 3123 2250 3176 ad
2280 3124 2590 3176 miraculum
2619 3124 3028 3178 resurrectionis
3062 3124 3413 3193 stupefactum

1852 3215 2110 3268 Thomam
2136 3213 2463 3281 gloritieasse
2493 3212 2677 3276 Deum,
2716 3213 2807 3283 qui
2833 3212 3100 3268 Christum
3131 3215 3415 3268 resuscita-

1850 3306 1926 3360 vit
1952 3324 1964 3358 :
1988 3313 2043 3359 et
2067 3304 2210 3372 quod
2237 3303 2387 3373 pejus
2409 3310 2511 3366 est,
2535 3304 2696 3356 etiam
2721 3303 2771 3356 in
2797 3303 3238 3371 interpretatione
3258 3319 3416 3371 quam

1854 3398 1906 3451 in
1937 3398 2099 3451 Actus
2147 3396 2510 3465 apostolorum
2556 3395 2770 3465 scripsit
2816 3395 3150 3462 Theodorus,
3190 3396 3419 3450 similem

1854 3485 1980 3541 fecit
2005 3486 2274 3541 Christum
2316 3485 2550 3550 Platoni,
2583 3494 2638 3540 et
2665 3485 2979 3553 Manichteo,
3007 3495 3061 3541 et
3090 3486 3336 3557 Epicuro,
3367 3494 3422 3541 ct

1855 3581 2132 3645 Marcioni,
2163 3581 2346 3635 dicens
2373 3579 2514 3648 quod
2557 3580 2695 3634 sicut
2724 3580 2934 3633 illorum
2961 3580 3319 3647 unusquisque
3348 3593 3417 3633 ex

1855 3672 2105 3739 dogmate
2133 3669 2274 3738 quod
2306 3669 2527 3735 invenit,
2577 3685 2703 3725 suos
2743 3669 3037 3738 discipulos
3085 3670 3209 3723 fecit
3238 3668 3418 3723 vocari

1858 3764 2180 3826 Platonicos,
2226 3771 2282 3817 et
2309 3762 2647 3827 Manichteos,
2680 3771 2734 3817 et
2763 3762 3072 3830 Epicureos,
3120 3770 3174 3814 et
3198 3761 3417 3815 Marcio-

1859 3856 2047 3920 nistas,
2072 3852 2229 3907 simili
2257 3851 2418 3905 modo
2457 3859 2509 3904 et
2537 3866 2657 3905 cum
2688 3851 2934 3906 Christus
2959 3851 3149 3919 dogma
3189 3851 3415 3903 invenis-

1857 3949 1957 4005 set,
1990 3956 2055 3994 ex
2085 3940 2200 4010 ipso
2228 3939 2563 3993 Christianos
2594 3940 2790 3993 vocari.
2822 3940 2878 3993 Si
2905 3941 3025 4007 quis
3051 3941 3208 4007 igitur
3235 3939 3419 3994 defen-

1857 4030 1937 4084 dit
1964 4029 2209 4083 eutndem
2240 4027 2600 4089 Theodorum,
2643 4028 2733 4096 qui
2756 4028 2882 4081 talia
2910 4028 3320 4096 blasphemavit,
3367 4038 3421 4081 et

1860 4134 1964 4172 non
1994 4117 2413 4172 anathematizat
2442 4131 2585 4178 eum,
2637 4125 2691 4169 et
2732 4114 2847 4189 ejus
2874 4116 3196 4184 conscripta,
3250 4126 3303 4170 et
3332 4133 3424 4171 eos

1859 4211 1950 4279 qui
1978 4209 2169 4265 similia
2199 4209 2273 4263 illi
2301 4216 2611 4278 sapuerunt,
2632 4207 2715 4261 vel
2744 4206 2975 4276 sapiunt,
3003 4206 3123 4259 talis
3149 4205 3424 4260 anathema

1860 4303 1949 4357 sit.

1790 4382 1839 4439 Ι)
1933 4389 2046 4444 Χιῐ.
2088 4388 2143 4443 Si
2188 4387 2307 4459 quis
2352 4387 2588 4442 defendit
2617 4386 2918 4455 conscripta
2945 4384 3267 4439 Theodoreti
3310 4400 3425 4453 qua:

1858 4487 2106 4556 exposuit
2163 4502 2262 4556 pro
2303 4484 2552 4539 Nestorio
2612 4484 2880 4539 lueretico'
2919 4482 3176 4537 adversus
3221 4489 3424 4536 rectam

1860 4578 2040 4641 fidem,
2084 4584 2139 4631 et
2179 4575 2500 4645 Ephesinam
2532 4574 2757 4644 primam
2788 4582 3027 4629 sanctam
3056 4573 3338 4643 synodum,
3371 4581 3425 4626 et

1858 4667 1917 4724 S.
1948 4668 2221 4738 Cyrillum,
2271 4675 2326 4721 et
2365 4666 2647 4720 duodecim
2685 4665 2798 4733 ejus
2839 4666 3092 4734 capitula,
3142 4665 3193 4718 in
3236 4666 3427 4736 quibus

1858 4759 2133 4813 sceleratis
2159 4758 2475 4827 conscriptis
2504 4758 2643 4811 idem
2688 4756 3058 4812 Theodorctus
3084 4755 3421 4824 all‘eetualem

1859 4849 1986 4903 dicit
2032 4849 2289 4902 unitatem
2334 4848 2426 4901 Dei
2474 4847 2637 4901 Verbi
2684 4846 2749 4900 ad
2797 4848 3067 4901 hominem
3116 4850 3422 4918 quemdam,

1858 4938 1925 4991 de
1970 4953 2077 5006 quo
2117 4938 2495 5006 blasphemans
2533 4937 2688 4999 dixit,
2732 4937 2875 5004 quod
2912 4938 3152 5008 palpavit
3194 4937 3426 4993 Themas

1860 5042 1980 5081 eum
2001 5027 2091 5095 qui
2122 5026 2432 5088 resurrexit,
2459 5033 2514 5080 et
2533 5025 2774 5079 adoravit
2793 5042 2914 5079 eum
2938 5027 3029 5096 qui
3054 5027 3425 5089 resuscitavit;

1861 5129 1915 5174 et
1956 5126 2176 5188 propter
2204 5119 2307 5175 hoc
2351 5118 2543 5187 impios
2570 5123 2729 5171 vocat
2756 5118 3008 5173 doctores
3036 5117 3287 5172 Ecclesiae
3332 5119 3423 5188 qui

1860 5210 2118 5263 unitatem
2143 5207 2433 5262 secundum
2471 5207 2867 5262 subsistentiam
2897 5208 2991 5263 Dei
3023 5209 3179 5263 Verbi
3210 5208 3279 5262 ad
3306 5225 3422 5264 car-

1861 5316 1980 5355 nem
2005 5297 2327 5353 confitentur
2354 5315 2367 5362 ;
2415 5307 2470 5353 et
2496 5313 2655 5366 super
2699 5299 2812 5353 haec
2841 5299 2933 5352 Dei
2975 5298 3302 5353 Genitricem
3332 5300 3424 5353 ah-

1862 5407 2024 5467 negat
2065 5405 2305 5452 sanctam
2352 5404 2408 5451 et
2449 5395 2733 5465 gloriosam
2780 5411 2994 5464 semper
3024 5397 3283 5463 virginem
3315 5397 3423 5451 Ma-

1862 5491 2012 5544 riam.
2040 5489 2094 5542 Si
2121 5489 2241 5556 quis
2270 5488 2430 5554 igitur
2457 5495 2749 5539 memorata
2772 5487 3073 5554 conscripta
3103 5485 3424 5541 Theodoreti

1861 5581 2117 5644 defendit,
2159 5582 2339 5633 et‘non
2373 5577 2792 5632 anathentatizat
2835 5590 2919 5641 ea,
2970 5577 3087 5630 talis
3136 5575 3425 5631 anathema

1864 5675 1951 5729 sit.
1992 5671 2216 5747 Propter
2265 5669 2397 5725 tales
2446 5667 2588 5724 enim
2629 5667 2985 5737 blasphemias
3016 5668 3080 5725 ab
3112 5665 3424 5736 episcopatu
