3958 6288
1875 119 1887 124 ⁷
1955 119 1991 136 ν·

537 241 677 309 1019

1796 229 2238 294 JUSTINIANI
2283 227 2438 288 1MP.

3621 218 3777 284 1020

546 363 646 436 ὁδῳ
691 375 759 439 τῇ
791 363 841 418 ἐν
879 359 1137 418 Χαλκηδόνι
1174 359 1426 415 συνωθηθη
1457 358 1620 412 πάντα
1659 355 1726 410 τά
1771 355 1962 409 ἐναντία
1987 361 2095 412 τοῖς

2201 350 2434 418 deiectus
2456 357 2556 412 est,
2579 355 2634 402 et
2659 354 2848 416 postea
2873 361 2926 400 ll
2955 351 3140 399 sancto
3165 343 3587 398 Chalcedonensi
3613 359 3759 400 con—

543 457 938 525 μνημονευθεῖσιν
977 452 1130 504 αὐτοῦ
1181 449 1544 522 συγγράμμασι
1587 453 1793 505 ποιῆσαι
1815 483 1830 511 ,
1876 447 1962 498 καί
2004 449 2094 501 τήν

543 544 688 620 ὀρθήν
711 543 880 595 πίστιν
908 539 1224 610 ὁμολογῆσαι.

615 632 676 687 Εἴ
695 653 767 691 τις
794 633 1125 684 ἀντιποιεῖται
1152 638 1238 688 τῆς
1259 628 1475 686 ἀσεϐοῦς
1499 625 1758 684 ἐπιστολῆς
1785 629 1874 682 τῆς
1897 621 2098 691 λεγομέ-

449 759 454 768 ι
542 745 628 783 νης
658 723 798 796 παρά
822 719 934 774 Ἰϐα
951 720 1226 792 γεγράφθαι
1251 717 1377 791 πρὸς
1401 717 1565 786 Μάριν
1589 715 1671 768 τὶν
1699 713 1892 786 Πέρσην
1917 707 2000 764 τὸν
2021 711 2097 764 αἷ-

542 815 760 886 ρετικόν,
809 820 898 870 τῆς
935 814 1232 888 ἀρνουμένης
1269 809 1350 863 τόν
1396 808 1516 860 Θεὸν
1554 805 1693 876 λόγον
1720 801 1974 876 ἄνθρωπον
2009 823 2092 874 γε-

537 906 795 979 γενῆσθαι,
835 905 916 954 καί
953 903 1192 970 λεγούσης
1223 903 1289 967 μή
1331 899 1414 952 τόν
1449 897 1567 951 Θεὸν
1599 896 1742 966 λόγον
1768 896 1820 948 ἐκ
1856 903 1946 952 τῆς
1968 915 2096 968 παρ-

542 996 679 1046 θένου
723 992 1042 1064 σαρκωθέντα
1069 990 1376 1058 γεννηθῆναι,
1421 986 1537 1037 ἀλλὰ
1569 984 1712 1051 ψιλὸν
1752 981 2002 1056 ἕνθρωπον
2041 983 2092 1046 ἐξ

545 1083 700 1139 enim”;
736 1081 1050 1151 γεννηθῆναι,
1083 1073 1134 1130 ὃν
1163 1077 1270 1127 ναόν
1297 1075 1560 1134 ἀποκαλεῖ,
1603 1075 1666 1131 ὡς
1698 1069 1837 1124 ἄλλον
1864 1067 1982 1123 εἶναι
2010 1073 2095 1124 τόν

507 1155 520 1220 ’.
543 1170 668 1223 Θεὸν
704 1169 862 1236 λόγον,
905 1171 984 1218 καί
1029 1163 1168 1219 ἄλλον
1206 1167 1288 1218 τὸν
1325 1162 1598 1234 ἄνθρωπον*
1635 1161 1758 1234 πρὸς
1804 1161 2000 1218 τούτοις
2039 1158 2090 1212 δέ

547 1260 899 1332 ἐνυϐριζούσης
942 1264 1031 1314 τήν
1064 1258 1110 1308 ἐν
1135 1254 1315 1327 ’Ἐφέσῳ
1353 1257 1555 1326 πρώτην
1581 1250 1811 1306 σύνοιδον,
1839 1253 1904 1308 ὡς
1931 1250 2094 1320 χωρίς

547 1351 801 1412 ζητήσεως
829 1349 912 1398 καί
931 1347 1144 1416 κρίσεως
1171 1343 1432 1411 Νεστόριον
1452 1339 1875 1396 καταδινασάσης,
1902 1341 1984 1389 καί
2011 1337 2094 1390 τόν

548 1439 595 1490 έν
621 1437 781 1507 ἀγίοις
811 1436 1036 1506 κύριῗιλον
1061 1435 1302 1507 αῗρετικόν
1327 1432 1702 1492 ἀποκαλούσης,
1733 1431 1817 1480 καὶ
1843 1429 2001 1485 ἀσεϐῆ
2030 1429 2094 1482 τά

547 1526 611 1580 ιϐ’
655 1527 802 1578 αὐτοῦ
829 1525 1088 1594 κεφάλαια·
1115 1524 1376 1595 Νεστὲριον
1405 1520 1456 1574 δέ
1479 1523 1560 1573 καί
1577 1517 1826 1586 Θεόδωρον
1851 1519 1975 1586 μετὰ
2002 1523 2098 1569 τῶν

547 1616 702 1668 αὐτοῦ
729 1614 924 1667 ἀσεϐῶν
955 1614 1356 1684 συγγραμμάτων
1399 1611 1726 1668 ἐπαινούσης.
1763 1612 1848 1660 καί
1877 1607 2096 1662 έκδικού-

549 1725 664 1762 σης.
697 1701 756 1756 Εἴ
773 1723 848 1762 τις
876 1705 1042 1756 τοίνυν
1070 1708 1156 1760 τὴν
1189 1706 1441 1782 εἰρημένην
1479 1701 1637 1763 ἀσεϐῆ
1675 1701 1932 1761 ima-additi
1973 1697 2102 1759 ἐκδι-

2197 439 2319 494 cilio
2344 437 2644 506 compulsus
2671 444 2754 491 est
2780 437 2957 491 omnia
2983 435 3247 491 contraria
3277 435 3593 489 memoratis
3634 435 3756 490 suis

2198 527 2511 594 mnscriptis
2533 525 2726 590 facere,
2747 533 2804 579 et
2829 532 3028 579 rectam
3046 522 3206 578 fidem
3235 521 3499 578 conﬁteri.

2267 613 2400 668 XIII.
2432 613 2489 668 Si
2527 613 2645 682 quis
2671 611 2904 666 defendit
2929 611 3146 682 impiam
3183 611 3461 680 epistolam
3490 625 3661 679 quam
3691 612 3766 667 ad

2199 703 2387 758 Mat-im
2437 701 2652 757 Persam
2701 702 3008 756 htrreticum
3053 701 3174 755 Ibas
3219 701 3494 770 scripsisse
3533 700 3763 768 dicitur,

2199 807 2316 862 quae
2343 793 2570 858 abnegat
2616 790 2779 844 Deum
2801 789 3035 844 Verbum
3076 790 3343 844 hominem
3382 788 3582 844 factum
3615 805 3762 854 esse,

2205 889 2258 935 et
2283 881 2410 936 dicit
2450 895 2553 934 non
2583 879 2748 933 Deum
2775 877 3005 932 Verbum
3031 892 3100 932 ex
3142 877 3344 944 virgine
3393 879 3760 941 incarnatum,

2198 979 2376 1024 natum
2403 985 2540 1032 esse,
2575 969 2668 1023 sed
2692 983 2878 1037 purum
2899 968 3164 1022 hominem
3185 983 3248 1022 ex
3274 968 3386 1036 ipsa
3407 983 3528 1022 esse
3549 977 3763 1032 natum,

2196 1073 2353 1128 quem
2406 1057 2659 1125 templum
2707 1065 2884 1124 vocat,
2931 1066 2990 1110 ut
3034 1057 3168 1111 alius
3212 1057 3281 1110 sit
3327 1055 3468 1111 Deus
3493 1057 3760 1126 Verbum,

2195 1156 2250 1202 et
2294 1147 2427 1200 alius
2474 1147 2675 1211 homo;
2717 1154 2772 1200 et
2813 1161 2974 1214 super
3020 1146 3131 1200 haec
3171 1146 3390 1214 injuriat
3434 1145 3761 1214 Ephesium

2196 1235 2421 1303 primam
2461 1233 2745 1303 synodum,
2789 1234 2940 1302 quasi
2965 1234 3083 1288 sine
3109 1235 3450 1302 inquisitione
3474 1242 3536 1290 et
3561 1237 3762 1290 exami-

2197 1323 2412 1376 natione
2441 1322 2508 1376 ab
2550 1323 2664 1391 ipsa
2703 1322 2950 1377 Nestorio
2999 1323 3372 1388 condemnato,
3416 1333 3472 1380 et
3512 1335 3758 1380 sanctum

2197 1410 2446 1480 Cyrillum
2476 1420 2630 1464 vocat
2656 1413 2978 1472 haereticum.
3009 1419 3065 1466 et
3091 1413 3366 1470 duodecim
3389 1414 3506 1485 ejus
3527 1415 3766 1486 capitula

2165 1500 2358 1568 impia
2405 1497 2552 1571 dicit,
2595 1503 2905 1562 Nestorium
2944 1513 3120 1563 autem
3166 1517 3221 1562 et
3263 1509 3608 1564 Theodorum
3637 1523 3758 1563 cum

2198 1592 2374 1668 impiis
2402 1613 2586 1653 eorum
2633 1597 2948 1666 conscriptis
2991 1597 3258 1652 collaudat
3301 1607 3356 1651 et
3395 1597 3656 1652 defendit.
3701 1595 3756 1652 Si

2198 1689 2316 1756 quis
2343 1689 2522 1757 igitur,
2567 1689 2704 1743 sicut
2729 1687 2926 1742 dictum
2956 1695 3058 1754 est,
3089 1687 3330 1742 eamdem
3359 1687 3530 1757 ipsam
3558 1687 3754 1754 episto-

1233 1764 1242 1782 .
1297 1765 1304 1778 .

547 1799 654 1854 κεῖ,
695 1789 724 1847 ἢ
753 1791 892 1870 ὀρθὴν
913 1791 1065 1852 αότήν
1104 1791 1226 1849 εἶναι
1262 1800 1411 1866 λέγει,
1441 1795 1469 1853 ἣ
1497 1797 1644 1869 .us'po:
1670 1797 1854 1856 αὐτῆς,
1883 1793 2002 1849 ἀ)λά
2029 1798 2096 1862 μή

2201 1775 2302 1829 lam
2329 1777 2580 1842 vindicat,
2611 1774 2694 1829 vel
2722 1783 2924 1830 rectam
2952 1789 3070 1830 esse
3097 1774 3224 1829 dicit
3249 1775 3416 1842 ipsam
3443 1775 3531 1829 Vel
3553 1783 3754 1844 partem

553 1885 894 1950 ἀναθεματίζει
919 1885 1090 1948 αύτήν,
1121 1887 1332 1954 ἀνάθεμα
1353 1883 1502 1938 ἔστω.
1536 1895 1549 1902 “

624 1981 722 2030 Τῆς
748 1973 981 2032 τοιαύτης
1008 1974 1168 2026 τοίνυν
1195 1973 1457 2030 ἐπιστολῆς
1485 1969 1678 2028 δικαίως
1707 1969 2099 2040 ἁναθεματισθεί-

557 2081 652 2120 an:
690 2059 770 2114 διὰ
797 2063 886 2120 τάς
925 2063 1293 2132 περιεχομένας
1321 2067 1368 2113 ἐν
1408 2063 1530 2132 αὐτῇ
1571 2061 1914 2133 βλασφημίας,
1957 2059 2002 2112 οἱ
2037 2059 2100 2113 τὰ

551 2151 846 2222 Νεστορίου,
882 2149 911 2208 ἧ
945 2149 1202 2223 Θεοδώρου
1240 2151 1434 2208 ἀσεϐῶς
1471 2155 1748 2220 φρονοῦντες
1779 2149 2100 2221 ἐπιχειροῦσι

543 2241 696 2312 λέγειν
719 2285 728 2298 .
755 2244 944 2299 ταύτην
984 2240 1216 2310 δεδέχθαι
1256 2243 1398 2314 ποιρά
1442 2247 1532 2298 τῆς
1569 2239 1714 2310 ἁγίας
1749 2239 1798 2290 ἂν
1837 2234 2100 2293 Χαλκηδόνι

561 2327 792 2392 συνόδου,
823 2337 970 2384 τοῦτο
1013 2329 1066 2382 δέ
1095 2330 1296 2399 λέγουσι
1334 2335 1404 2386 ἠν
1424 2331 1510 2394 μὲν
1539 2328 1683 2398 ἀγίαν
1711 2324 1918 2380 σύνοδον
1945 2345 2098 2377 συκο-

553 2424 864 2489 φυτοῦ-ντες,
890 2424 958 2486 τῷ
987 2417 1038 2470 δέ
1063 2419 1250 2475 ταύτης
1271 2419 1607 2492 προσχήματι
1631 2411 1992 2476 σπουδάζοντες
2009 2420 2100 2473 τῆς

545 2507 858 2576 ὀφειλομένης
931 2509 1266 2576 κατακρίσεως
1329 2507 1651 2582 ἐλευθερῶσαι
1705 2503 1956 2580 Θεόδωρον
2017 2507 2100 2558 καί

547 2598 843 2670 Νεστόριον,
873 2599 956 2650 καί
983 2601 1070 2655 τήν
1092 2597 1247 2654 ἀσεϐῆ
1277 2595 1558 2658 ἐπιστολὴν,
1587 2598 1704 2668 περί
1728 2592 1786 2654 ἧς
1811 2591 1948 2653 ἰϐας
1974 2593 2096 2647 πολ-

553 2684 696 2742 λάκις
724 2687 1068 2754 κατηγορηθείς
1094 2685 1182 2736 ούκ
1218 2684 1480 2753 ἐτόλμησεν
1514 2683 1856 2736 οἰκειώσασθαι
1895 2680 1982 2735 διά
2006 2683 2100 2740 τὰς

551 2771 916 2844 περιεχομένας
953 2771 1002 2822 ἐν
1035 2773 1156 2844 αὐτῇ
1184 2771 1517 2841 βλασφημίας.
1547 2773 1635 2824 Καὶ
1660 2777 1822 2825 ταῦτα
1845 2769 2100 2833 ἀποδείξο-

555 2881 645 2929 μεν
683 2861 736 2912 ἐκ
759 2865 855 2912 τῶν
897 2859 1136 2932 διαφόρως
1175 2863 1294 2928 περὶ
1317 2861 1498 2914 τούτου
1525 2862 1862 2926 κεκινημένων.
1887 2858 1962 2912 Ἐν
2001 2861 2099 2932 γὰρ

553 2957 656 3008 τοῖς
681 2951 822 3022 παρά
841 2951 1056 3016 Φωτίου,
1081 2953 1160 3003 καί
1180 2951 1451 3004 Εὐσταθίου
1479 2951 1848 3022 πεπραγμένοις
1881 2951 1931 3003 ἐν
1957 2951 2101 3020 Τύρῳ

554 3043 975 3110 κατηγορουμένος
1002 3039 1026 3094 ὅ
1057 3040 1353 3112 προλεχθείς
1379 3037 1517 3098 ἰϐας
1537 3042 1654 3111 περὶ
1675 3046 1772 3094 τῶν
1799 3039 1990 3114 ὕϐρεων
2011 3047 2100 3094 τοῦ

2197 1865 2381 1935 ipsius,
2403 1865 2502 1920 sed
2532 1879 2636 1920 non
2664 1865 3076 1918 anathematizat
3097 1878 3240 1930 eam,
3269 1864 3560 1917 anathema
3595 1865 3683 1916 sit.

2269 1955 2384 2010 Tali
2437 1967 2565 2022 ergo
2619 1955 2779 2024 impia
2833 1953 3058 2023 cpistola
3107 1953 3252 2022 juste
3302 1954 3752 2006 anathematizata

2198 2057 2416 2117 propter
2442 2047 2668 2100 insertas
2693 2045 2742 2100 ei
2761 2045 3130 2113 blasphemias,
3161 2042 3428 2097 Theodori
3453 2051 3510 2096 et
3528 2042 3757 2096 Nestorii

2201 2141 2482 2208 impiorum
2511 2153 2766 2206 sequaces
2793 2144 3055 2192 conantur
3075 2136 3270 2198 dicere,
3300 2142 3612 2202 susceptam
3641 2146 3757 2187 esse

2201 2243 2321 2283 eam
2369 2243 2400 2281 a
2437 2235 2621 2282 sancto
2667 2223 3088 2281 Chalcedonensi
3129 2223 3376 2278 concilio.
3431 2222 3553 2278 Hoc
3581 2232 3756 2277 autem

2201 2321 2404 2383 dicunt,
2449 2328 2686 2374 sanctam
2713 2319 2925 2387 quidem
2953 2315 3445 2371 Chalcedonensem
3489 2315 3754 2383 synodum

2201 2409 2605 2476 calumniantes,
2637 2409 2848 2461 nomine
2879 2413 3057 2460 autem
3095 2403 3210 2471 ejus
3236 2403 3556 2458 festinantes
3582 2403 3756 2456 debita

2203 2495 2643 2550 condemnatione
2680 2496 2904 2550 liberare
2923 2492 3285 2557 Theodorum,
3337 2501 3394 2546 et
3432 2491 3754 2556 Nestorium,

2202 2589 2258 2637 et
2277 2581 2492 2650 impiam
2518 2582 2820 2651 epistolam,
2845 2597 2942 2651 pro
2968 2595 3071 2648 qua
3091 2579 3208 2634 Ibas
3235 2581 3429 2648 sapius
3455 2587 3758 2644 accusatus,

2207 2687 2311 2726 non
2336 2681 2416 2724 est
2442 2685 2600 2724 ausus
2627 2685 2742 2724 eam
2782 2685 2932 2724 suam
2955 2669 3132 2724 dicere
3176 2679 3396 2738 propter
3436 2668 3672 2722 insertas
3710 2667 3758 2720 ei

2202 2760 2575 2828 blasphemias.
2623 2758 2690 2812 Et
2738 2758 2854 2814 haec
2895 2759 3374 2817 demonstrabimus
3418 2771 3490 2812 ex
3528 2757 3617 2812 his
3642 2773 3756 2827 qua:

2203 2847 2406 2903 diverse
2450 2846 2516 2901 de
2565 2847 2664 2902 ista
2710 2861 2866 2901 causa
2895 2855 3040 2899 mota
3085 2855 3226 2900 sunt.
3277 2845 3332 2898 In
3362 2845 3444 2898 his
3471 2846 3619 2899 enim
3644 2860 3757 2914 qua

2203 2934 2341 3003 apud
2368 2933 2612 2989 Photium
2639 2944 2694 2989 ct
2717 2933 3046 2989 Eustathium
3080 2933 3131 3006 [a
3159 2934 3350 2988 Photio
3377 2943 3434 2988 et
3455 2931 3754 3006 Eustathio]

2204 3019 2328 3092 Tyri
2365 3030 2484 3076 acta
2509 3029 2648 3086 sunt,
2695 3037 2816 3077 cum
2837 3032 3178 3078 accusaretur
3203 3023 3489 3091 praedictus
3528 3021 3652 3079 Ibas
3692 3025 3756 3079 de

556 3129 603 3180 ἐν
644 3099 801 3198 ἁγίοις
829 3099 1062 3198 ἐιυρίλλου
1090 3099 1308 3204 paruch
1332 3099 1572 3180 κατέθετο
1590 3099 1613 3190 ,Ι
1646 3128 1774 3197 μετά
1797 3099 1884 3186 τήν
1927 3128 2098 3182 ἕνωσιν

2203 3109 2407 3177 injuriis
2435 3109 2492 3164 S.
2518 3107 2719 3180 Cyrilli,
2743 3109 3022 3164 manifeste
3049 3108 3320 3164 confessus
3343 3117 3447 3175 ost,
3497 3121 3625 3178 post
3649 3113 3756 3166 uni-

553 3227 652 3272 τῶν
677 3220 970 3274 ἀνατολικῶν
992 3221 1120 3293 πρὸς
1141 3219 1222 3274 τόν
1243 3219 1288 3270 ἐν
1311 3217 1469 3288 ἁγίοις
1493 3218 1720 3291 κύριλλον
1739 3216 1889 3286 μηδέν
1911 3217 2103 3291 ὕϐρεως

555 3307 792 3377 ἓχόμενον
827 3309 1070 3380 εἰρηκέναι
1093 3307 1210 3379 περί
1251 3305 1424 3358 αὐτοῦ’
1453 3306 1484 3361 ἡ
1508 3303 1562 3358 δέ
1601 3305 1834 3363 ἐπιστολή
1861 3307 1892 3362 ἡ
1917 3305 2100 3363 πεπλη-

545 3400 748 3468 pentiam
769 3405 866 3450 τῶν
893 3397 1156 3466 εἰρημένων
1183 3395 1534 3464 βλασφημιῶν,
1565 3395 1635 3466 ἐφ’
1657 3389 1736 3455 αἷς
1762 3402 2106 3472 κατηγορεῖται

561 3485 721 3545 Ἰϐας,
751 3485 936 3544 πολλάς
964 3485 1088 3538 κατά
1127 3491 1212 3538 τοῦ
1239 3485 1288 3536 ἐν
1323 3483 1480 3554 ἀγίοις
1521 3483 1750 3557 Κυρίλλου
1790 3485 2104 3554 περιέχουσα

549 3575 814 3644 παρίστησ
834 3593 890 3634 ν,
922 3569 1001 3626 ὅτι
1029 3574 1156 3640 μεεά
1179 3577 1268 3630 τήν
1303 3573 1475 3626 ἕνωσιν
1500 3577 1589 3630 τήν
1622 3573 1746 3646 πρὸς
1773 3573 1892 3630 τούς
1925 3573 2101 3624 ἀνατο-

553 3661 717 3720 λικούς
735 3663 948 3736 γέγονεν,
973 3663 1021 3725 ἐξ
1043 3659 1102 3714 οὗ
1125 3661 1374 3717 δείκνυται
1419 3661 1533 3720 Ιϐας
1553 3663 1961 3736 ἀπαρνησὰμενος
1981 3663 2101 3714 ταύ-

553 3775 660 3809 την.
690 3735 830 3806 Ὀθιν
859 3755 902 3807 οἱ
933 3753 1343 3822 μνημονευθέντες
1379 3756 1581 3813 Φώτιος,
1714 3753 1989 3810 Εύστὰθιος
2016 3749 2099 3804 διά

553 3852 641 3906 την
659 3851 756 3900 τῶν
777 3845 1109 3916 ἐγκαλούντων
1129 3844 1462 3918 πληροφορίαν
1484 3844 1737 3916 έγγράφως
1759 3840 2097 3904 διετύπωσαν,

551 3943 643 3995 τὸν
659 3937 902 4008 εἰρημένω
918 3933 1060 3989 ’ἥϐαν
1082 3937 1246 3990 πάντα
1266 3938 1328 3990 τά
1349 3937 1539 3989 ἐναντία
1555 3941 1616 4008 τῇ
1638 3931 1868 4004 ἐπιστολῇ
1887 3932 2098 4002 πρᾶξαι,

554 4029 712 4086 κονθῶς
737 4029 768 4084 ἦ
795 4031 912 4101 περί
936 4031 1118 4082 τούτου
1149 4027 1348 4082 δοθεῖσα
1373 4026 1492 4102 παρ’
1525 4019 1687 4080 αύτῶν
1713 4025 1956 4096 ἐπίκρισις
1983 4021 2104 4076 διίκ-

545 4135 722 4172 νυσιν.
745 4115 887 4170 Ἀλλά
907 4121 974 4184 μὴ
1000 4117 1270 4190 πληρώσας
1287 4113 1429 4171 ἰϐας
1453 4117 1520 4170 τὰ
1549 4112 1670 4182 παρ’
1699 4113 1888 4164 ἐκείνων
1919 4111 2104 4184 ἐπικρι-

545 4209 594 4260 θι
606 4225 698 4258 ντα
723 4205 941 4267 ἐξεϐλήθη
966 4213 1056 4263 τῆς
1100 4207 1375 4262 ἐπισκοπῆς
1415 4201 1497 4257 διά
1529 4203 1621 4261 τάς
1659 4199 1974 4273 βλασφημίας
2014 4205 2105 4256 τῆς

547 4293 808 4366 εἰρημένης
835 4293 1115 4350 ἐπιστολῆς,
1139 4294 1224 4344 καί
1241 4291 1413 4349 Νόννος
1435 4289 1539 4344 ἀντ’
1561 4292 1712 4343 αὐτοῦ
1735 4287 2101 4360 ἐχειροτονήθη,

2201 3205 2362 3252 tatem
2390 3196 2754 3262 Orientalium,
2799 3213 2918 3267 quas
2959 3197 3024 3252 ad
3051 3207 3250 3253 sancta:
3293 3201 3568 3254 memoria:
3595 3198 3755 3270 Cyril-

2200 3283 2306 3339 lum
2327 3283 2463 3339 facta
2487 3294 2589 3353 est,
2610 3285 2738 3339 nihil
2761 3285 3071 3354 injuriosum
3092 3285 3160 3340 de
3183 3301 3248 3342 eo
3270 3284 3489 3340 dixisse.
3520 3285 3754 3356 Epistula

2201 3383 2375 3428 autem
2404 3374 2558 3442 plena
2586 3373 2852 3443 prtedictis
2878 3374 3236 3444 blasphemiis,
3265 3390 3364 3444 pro
3385 3375 3582 3442 quibus
3602 3391 3752 3430 accu-

2201 3468 2414 3522 sabatur
2439 3468 2576 3535 Ibas,
2603 3470 2796 3524 multas
2817 3480 3002 3525 contra
3023 3470 3080 3525 S.
3109 3469 3366 3542 Cyrillum
3385 3471 3611 3538 injurias
3635 3485 3752 3524 cou-

2203 3556 2394 3621 tinens,
2425 3555 2562 3610 facta
2592 3573 2708 3612 esse
2735 3559 3030 3614 ostenditur
3057 3568 3178 3629 post
3205 3561 3462 3614 unitatem
3489 3558 3557 3612 ad
3574 3558 3750 3612 Orien-

2205 3644 2335 3698 tales
2384 3645 2593 3710 i'actam,
2635 3661 2704 3701 ex
2729 3661 2837 3715 quo
2875 3647 3269 3702 demonstratur
3294 3647 3414 3701 Ibas
3440 3663 3562 3701 eam
3589 3650 3748 3701 abne-

2199 3746 2370 3800 gasse.
2403 3733 2552 3790 Unde
2578 3737 2811 3804 praedicti
2838 3737 3058 3793 Photius
3099 3747 3157 3793 et
3181 3737 3489 3793 Eustathius
3538 3736 3746 3792 satisfa-

2201 3819 2405 3876 cientes
2432 3826 2828 3881 accusatoribus
2874 3826 2926 3880 in
2975 3827 3184 3894 scriptis
3225 3827 3565 3890 dehnierunt,
3613 3839 3747 3895 prato

2201 3909 2398 3965 dictum
2453 3912 2596 3967 Ibam
2647 3915 2824 3968 omnia
2875 3916 3141 3970 contraria
3187 3915 3428 3985 epistolae
3469 3929 3744 3984 peragere,

2201 3998 2339 4054 sicut
2360 3999 2614 4068 judicium
2635 4004 2703 4056 ab
2743 4004 2822 4058 eis
2845 4002 2914 4059 de
2954 4005 3058 4060 hoc
3098 4005 3278 4059 datum
3323 4005 3600 4072 signiﬁcat.
3647 4003 3749 4060 Sed

2202 4105 2322 4144 cum
2349 4089 2466 4146 Ibas
2490 4107 2594 4146 non
2631 4093 2973 4163 adimplesset
2998 4109 3061 4149 ea
3085 4111 3202 4166 quae
3246 4095 3322 4148 illi
3353 4094 3746 4162 judicaverunt,

2203 4177 2402 4246 eiectus
2465 4189 2548 4234 est
2605 4181 2672 4234 ab
2742 4183 3054 4252 episcopatu
3117 4192 3338 4254 propter
3395 4182 3748 4252 blasphemias
3795 4239 3800 4242 .

2203 4266 2468 4334 praedicta:
2510 4267 2779 4336 epistola),
2834 4279 2890 4324 et
2927 4271 3144 4326 Nonnus
3189 4285 3286 4340 pro
3339 4269 3433 4324 illo
3477 4270 3748 4325 ordinatus

561 4355 612 4440 δέ
652 4355 733 4434 καί
775 4382 1103 4438 συνεκαθέσθη
1124 4388 1185 4454 τῇ
1212 4381 1332 4452 ἁγίᾳ
1361 4382 1410 4432 ἐν
1438 4379 1706 4438 Χαλκηδόνι
1743 4355 1955 4449 συνόδῳ.
1986 4381 2098 4449 Περὶ

2205 4359 2288 4406 est
2313 4390 2328 4415 ,
2395 4355 2484 4423 qui
2551 4363 2605 4409 et
2665 4357 2904 4412 consedit
2963 4359 3017 4412 in
3081 4367 3266 4414 sancto
3331 4357 3748 4412 Chalcedoneusi

559 4477 655 4526 τῶν
680 4473 838 4525 αὐτῶν
862 4474 1026 4524 τοίνυν
1053 4473 1138 4524 καὶ
1163 4473 1212 4524 ἐν
1238 4468 1504 4525 Χαλκηδόνι
1541 4471 1890 4540 κατηγορηθείς
1927 4467 1953 4523 ὁ
1979 4489 2101 4538 μνη-

552 4563 806 4625 μονευθείς
833 4555 973 4618 ἰϐας
998 4562 1125 4627 μετά
1144 4564 1232 4616 τήν
1253 4560 1526 4629 ἀνάγνωσιν
1547 4567 1636 4617 τῆς
1663 4559 1878 4618 ἀσεϐοῦς
1905 4557 2102 4613 έπιστο-

559 4653 650 4708 ὶῆς
675 4647 760 4697 οὐκ
783 4644 1017 4714 ἰτὸλμησε
1040 4649 1228 4708 ταύτην
1248 4647 1611 4709 οἰκειώσασθαι,
1635 4645 1733 4701 ἀλλ’
1759 4649 1904 4707 εὐθὺς
1925 4649 2100 4708 αὐταῖς

543 4740 576 4790 ’λ
589 4735 746 4798 έξεσιν
765 4735 1024 4806 έπήγαγεν,
1047 4734 1122 4790 ὅτι
1146 4736 1395 4810 ἀλλότριος
1420 4741 1524 4808 εἶμι
1541 4745 1637 4792 τῶν
1662 4739 1974 4810 ἐπαγομένων
1991 4761 2098 4810 μοι.

554 4818 696 4878 ὐθεν
723 4825 756 4882 ἡ
780 4823 898 4894 ἀγία
922 4822 1144 4887 σύνοδος,
1176 4831 1242 4895 μή
1270 4827 1567 4899 ἀρκεσθεῖσα
1588 4834 1650 4900 τῇ
1672 4829 1875 4900 ἀρνήσει
1901 4824 2018 4882 Ἰϐα
2041 4835 2103 4902 τῇ

557 4914 643 4968 is!
667 4922 728 4985 τῇ
757 4914 933 4973 ἀσεϐεῖ
955 4915 1186 4990 ἐπιστολῇ
1211 4913 1494 4974 συνώθησεν
1517 4918 1668 4972 αὐτόν
1691 4919 1925 4972 τάναντά
1942 4925 2100 4992 ταύτῃ

557 5004 743 5081 πρᾶξαι
757 5045 772 5069 ,
800 5007 1034 5059 τουτέστι
1059 5009 1146 5063 την
1184 5007 1233 5058 έν
1263 5006 1386 5078 αὐτῇ
1414 5007 1735 5078 ἀθετουμένην
1761 5011 1931 5060 πίστιν
1955 5007 2099 5080 ὀρθὴν

557 5092 886 5165 ὁμολογῆσαι,
922 5099 1004 5148 καί
1041 5099 1134 5151 τήν
1172 5093 1318 5163 ἁγίαν
1357 5095 1406 5148 ἐν
1441 5099 1620 5168 Ἐφέσῳ
1652 5099 1854 5169 πρώτην
1891 5097 2100 5152 σύνοδον

557 5179 804 5244 δέξασθαι,
833 5186 918 5237 καὶ
941 5185 1024 5238 τόν
1051 5185 1098 5236 έν
1121 5183 1277 5252 ἀγίοις
1303 5185 1528 5257 ιύριλλον
1547 5189 1743 5259 πατέρα
1763 5189 1846 5240 καί
1868 5185 2100 5242 διδάσκα-

553 5269 632 5324 λον
656 5270 1044 5344 ἐπιγράψασθαι,
1070 5271 1132 5325 τά
1155 5273 1202 5323 έν
1225 5279 1288 5344 τῇ
1314 5273 1493 5326 ἀσεϐεῖ
1517 5273 1754 5348 ἐπιστολῇ
1779 5275 2092 5347 ὑϐριζόμενα·

553 5350 639 5417 καὶ
659 5361 930 5434 Νεστόριον
954 5363 1038 5414 καί
1063 5361 1121 5418 τὸ
1148 5359 1324 5420 ἀσεϐές
1355 5363 1506 5416 αὐτοῦ
1531 5360 1690 5432 δόγμα
1715 5363 2092 5434 ἀναθεματίσαι.

548 5443 708 5521 ’Δπερ
748 5449 780 5502 η
805 5450 990 5507 ἀσεϐής
1011 5448 1247 5506 ἐπιστολή
1283 5450 1474 5503 ἐπαινεῖ
1495 5452 1582 5503 καί
1617 5449 1805 5505 έκδικεῖ.
1845 5455 1900 5506 Εἰ
1933 5454 2096 5505 τοίνυν

553 5539 635 5590 καί
652 5535 794 5594 αὐτὸς
823 5533 964 5594 "lbet;
993 5533 1239 5608 dtu-pcipe»;
1265 5539 1608 5610 κατηγορηθείς
1628 5541 1850 5609 περὶτῆς
1878 5539 2097 5600 ἀσεϐοῦς

550 5621 838 5686 ἐπιστολῆς,
868 5625 953 5678 οὐκ
989 5625 1254 5695 ἐτόλμησεν
1277 5627 1424 5685 αὐτὴν
1462 5629 1839 5698 οἰκειώσασθαι,
1871 5632 1989 5687 ἀλλά
2018 5636 2096 5688 καὶ

2201 4451 2444 4506 concilio.
2529 4453 2602 4507 De
2679 4454 2877 4509 eisdem
2943 4455 3102 4522 igitur
3175 4457 3338 4511 etiam
3408 4453 3749 4510 Chalcedone

2201 4556 2478 4604 accusatus
2533 4558 2858 4605 memoratus
2907 4550 3026 4606 Ibas
3049 4591 3066 4618 ,
3131 4560 3256 4621 post
3305 4551 3594 4606 lectionem
3647 4550 3744 4604 im-

2201 4645 2303 4715 pim
2347 4645 2584 4722 epistolae
2609 4661 2716 4702 nou
2737 4654 2820 4702 est
2845 4662 3005 4703 ausus
3029 4663 3148 4704 eam
3176 4663 3326 4704 suam
3345 4663 3464 4704 esse
3483 4647 3745 4713 conﬁteri,

2203 4733 2298 4788 sed
2323 4734 2497 4789 statim
2512 4734 2640 4802 ipsis
2658 4735 2835 4791 verbis
2862 4735 3056 4805 intulit,
3086 4736 3317 4792 alienum
3343 4751 3404 4791 se
3425 4751 3546 4791 esse
3563 4751 3746 4792 eorum

2203 4835 2322 4890 quae
2348 4822 2398 4876 ei
2425 4821 2800 4878 inferebantur.
2853 4821 3003 4879 Unde
3027 4833 3206 4879 sancta
3231 4825 3493 4896 synodus,
3541 4840 3664 4881 cum
3701 4827 3748 4882 ei

2205 4923 2311 4963 non
2336 4909 2602 4965 sufficeret
2619 4911 2896 4978 abnegatio
2922 4911 3051 4978 Ibat,
3081 4927 3199 4981 qum
3225 4913 3363 4968 facta
3386 4921 3469 4968 est
3501 4913 3573 4969 de
3593 4915 3745 4984 impia

2203 4997 2424 5066 epistola
2441 5037 2458 5060 ,
2497 4999 2752 5068 compulit
2774 5013 2897 5054 eum
2916 5002 3185 5056 contraria
3206 5001 3256 5056 ei
3283 5015 3563 5072 peragere,
3592 5002 3646 5056 id
3671 5011 3744 5058 est

2201 5088 2538 5156 reprobatam
2565 5088 2619 5142 in
2645 5103 2710 5143 ea
2730 5097 2933 5144 rectam
2955 5089 3108 5145 ﬁdem
3138 5091 3380 5146 confiteri
3395 5131 3412 5158 ,
3451 5099 3508 5146 et
3533 5091 3744 5162 Ephesi-

2202 5191 2323 5232 nam
2339 5177 2560 5247 primam
2580 5187 2818 5233 sanctam
2833 5178 3092 5250 synodum
3106 5181 3397 5250 suscipere,
3425 5189 3482 5236 et
3509 5190 3744 5236 sanctum

2201 5265 2452 5336 Cyrillum
2467 5265 2674 5322 Patrem
2699 5276 2756 5322 et
2771 5267 3044 5324 doctorem
3063 5269 3328 5324 ascribere
3336 5270 3540 5339 quamn
3559 5269 3744 5325 eadem

2199 5361 2360 5430 impia
2381 5357 2605 5432 epistola
2643 5363 2985 5431 injuriantur,
3021 5371 3075 5418 et
3101 5363 3400 5418 Nestorium
3423 5363 3743 5433 impiumque

2197 5449 2315 5518 ejus
2330 5451 2520 5519 dogma
2547 5452 3010 5518 anathematizare,
3031 5467 3148 5522 qua:
3169 5461 3223 5507 et
3241 5453 3402 5523 impia
3414 5453 3644 5522 epistola
3655 5453 3741 5508 de-

2199 5540 2366 5596 fendit
2377 5550 2432 5596 et
2441 5541 2727 5604 collaudat.
2741 5541 2797 5596 Si
2813 5543 2970 5612 igitur
2980 5553 3036 5598 et
3046 5545 3158 5612 ipse
3170 5543 3289 5598 Ibas
3301 5553 3522 5612 propter
3536 5543 3742 5612 impiam

2201 5632 2475 5702 epistolam
2497 5631 2686 5702 sapius
2715 5641 3010 5699 accusatus,
3040 5648 3144 5690 non
3166 5640 3246 5689 cst
3274 5647 3434 5689 ausus
3462 5648 3582 5690 cam
3602 5647 3742 5690 suam
