3958 6288
164 274 294 347 1021

1293 292 1704 362 CONFESSIO
1743 286 2005 351 ΒΕΟΤίΕ
2043 282 2276 345 FIDEI.

3226 258 3360 324 10229.

163 400 196 457 ὖ
228 391 352 465 ἆγία
374 396 422 450 έν
457 394 723 455 Χαλκηδόνι
749 395 959 456 σύνοδος
982 396 1150 451 πάντα
1186 396 1251 449 τά
1287 395 1481 447 ἐναντία
1525 392 1713 448 ταύτης

1828 383 2019 450 licere,
2049 383 2143 438 sed
2169 383 2329 437 etiam
2356 381 2788 440 Chalcedonense
2814 392 3055 441 sanctum
3080 385 3363 441 concilium

160 485 530 559 παρεσκεύασεν
550 487 698 539 αύτξν
719 487 925 557 πρᾶξαι,
947 491 1054 544 πῶς
1080 478 1220 552 εἶχεν
1240 484 1271 540 ἦ
1292 482 1416 539 αὐτή
1583 480 1710 534 σύν·

162 570 273 635 οδος
299 579 388 632 τὴν
415 574 668 647 εἰρημένην
690 573 953 631 ίπιστολήν
999 570 1233 636 δέξασθαι
1250 611 1266 635 ,
1306 573 1483 641 καὶτῷ
1507 572 1709 642 κρίματι

162 671 249 724 τῆς
273 663 634 732 περιεχομένης
655 663 782 733 αὐτῇ
806 660 1041 718 ἀσεϐείας
1074 659 1367 719 ὑποπεσεῖν,
1391 654 1472 727 ἀφ’
1492 653 1550 715 ἧς
1571 653 1710 709 ἰϐαν

155 750 486 827 ἐλευθερῶσαι
504 747 848 810 iet-nouarum;
875 745 1044 805 ἔπειδή
1064 745 1117 800 δέ
1138 746 1312 804 πάσας
1331 744 1711 818 ὑπερϐαίνοντες

158 843 251 898 τάς
271 841 639 916 περιεχομένας
665 846 726 912 τῇ
754 838 992 912 ἐπιστολῇ
1020 836 1336 909 βλασφημίας
1361 836 1408 889 oi
1436 836 1707 908 αἱρετικοί,

158 932 303 980 τοῦτο
339 925 482 994 μόνον
510 926 559 989 ἐξ
602 927 758 985 αὐτῆς
790 926 1097 1000 προφέρουσι
1124 927 1182 978 τὸ
1217 925 1342 997 πρὸς
1381 923 1577 980 ἀπάτην
1616 929 1714 976 τῶν

160 1013 512 1088 ἁπλουστέρων
536 1014 675 1086 παρὰ
697 1020 787 1068 τοῦ
815 1018 904 1071 τήν
925 1013 1186 1071 ἕπιστολῆν
1210 1011 1496 1086 γράψαντος
1517 1011 1713 1084 εἰρημέ-

157 1121 263 1164 νον,
304 1103 541 1155 τουτέστι
568 1100 659 1155 δύο
697 1103 889 1172 φύσεις,
921 1103 1041 1170 μίαν
1068 1100 1305 1170 δύναμιν,
1333 1098 1383 1152 έν
1425 1100 1712 1171 πρόσωπον,

159 1188 478 1261 ἀποδείξομεν
517 1192 684 1251 αύτίν,
712 1194 796 1243 καί
830 1192 880 1242 ἕν
905 1191 1069 1257 τούτῳ
1096 1194 1185 1246 τήν
1212 1187 1335 1242 ἰδίαν
1364 1187 1593 1240 ἀσέϐειαν
1615 1207 1715 1239 πα-

157 1287 481 1354 ραμιγνῦντα.
506 1284 645 1341 Τίνος
667 1282 764 1356 γάρ
794 1276 852 1334 ἂν
886 1281 1014 1350 λέγοι
1041 1278 1132 1334 δύο
1155 1277 1348 1349 φύσεις,
1371 1281 1452 1331 καί
1481 1275 1530 1331 ἓν
1563 1277 1715 1353 πρόσ-

158 1391 289 1423 ωπον
317 1368 344 1423 ὁ
372 1372 740 1444 ἀπαρνούμενος
780 1371 863 1424 τὸν
900 1371 1019 1424 Θεὸν
1039 1369 1178 1439 λόγον
1216 1369 1529 1443 σαρωθῆναι
1554 1367 1604 1418 ἐκ
1626 1372 1715 1425 τῆς

157 1457 302 1529 ἀγίας
324 1457 518 1521 ἐνδόξου
544 1459 765 1513 θεοτοκου
788 1462 874 1512 καί
900 1457 1227 1531 ἀειπαρθένου
1252 1459 1465 1525 Μαρίας.
1494 1457 1577 1508 καί
1594 1475 1718 1522 τεχ-

156 1546 291 1602 θῆναι
324 1546 376 1608 ίξ
418 1549 598 1609 αὺτῆς;
646 1547 766 1600 ἀλλά
808 1546 1052 1621 πρόδηλον
1099 1548 1166 1605 ὡς
1197 1546 1379 1618 ἑκάστῃ
1419 1545 1566 1615 φύσει
1590 1542 1715 1597 ἴδιον

154 1635 431 1705 πρίσωπον
473 1636 739 1704 ἀπονέμει,
772 1637 934 1695 καθώς
968 1633 1222 1709 Θεόδωρος
1257 1637 1339 1687 καί
1373 1634 1640 1708 Νεστόριος
1668 1630 1718 1687 έν

155 1729 261 1782 τοῖς
288 1719 433 1783 ἰδίοις
453 1722 610 1795 λόγοις
629 1725 1033 1796 βλασφημοῦντες
1063 1717 1293 1787 έξέθεντο,
1321 1721 1407 1781 οῦς
1434 1724 1513 1776 καί
1538 1719 1719 1776 ἐκδικεῖ

156 1809 182 1865 ὃ
207 1810 411 1885 γράψας
434 1816 523 1870 τὴν
549 1813 815 1871 ἐπιστολὴν
839 1814 966 1884 μιτά
992 1821 1083 1873 τῆς
1108 1813 1270 1866 αὐτῶν
1300 1812 1556 1869 ἀσεϐείας.
1580 1806 1723 1863 Ἐνεῖ·

155 1919 229 1954 νοι
254 1901 357 1970 γάρ
381 1906 600 1973 φανερῶς
637 1901 838 1972 λέγουσι
873 1900 964 1955 δύο
990 1902 1243 1974 πρόσωπα
1276 1907 1366 1957 τοῦ
1391 1909 1517 1955 Θεοῦ
1544 1899 1716 1970 λόγου,

154 1992 239 2042 καί
275 1994 369 2041 τοῦ
396 1996 639 2061 Χριστοῦ,
671 1986 725 2044 ὃν
763 1988 901 2059 ψιλὸν
939 1987 1196 2063 ἄνθρωπον
1225 1989 1556 2043 ἀποκαλοῦσι.
1587 1989 1720 2043 Κατά

155 2082 404 2147 σχετηιιήν
431 2075 483 2131 δέ
506 2077 786 2149 συνάφειαν,
809 2080 895 2132 καί
916 2084 1005 2137 τήν
1030 2081 1185 2136 αὐτὴν
1210 2080 1349 2140 ἀξίαν
1371 2097 1425 2132 τε
1463 2080 1544 2131 καί
1573 2081 1720 2143 τιμήν

156 2165 205 2219 έν
240 2167 517 2241 πρόσωπον
544 2169 889 2238 ἀναφαίνεσθαι
914 2168 1161 2239 λέγουσιν.
1192 2170 1332 2223 Ἀλλά
1371 2172 1449 2222 καί
1490 2175 1589 2222 τῶν
1627 2167 1719 2223 δύο

156 2257 351 2328 φύσεων
376 2258 494 2327 μίαν
522 2255 754 2326 δύναμιν,
801 2257 913 2316 ἦτοι
952 2257 1248 2313 δυναστείαν
1283 2260 1432 2331 λέγων
1470 2258 1722 2334 ὃγράψας

155 2349 245 2403 τὴν
266 2345 534 2402 έπιστολήν
559 2347 760 2422 φανερός
788 2347 942 2410 ἐστιν,
973 2348 1037 2405 ὡς
1079 2351 1162 2400 καί
1187 2349 1236 2400 ἐν
1262 2345 1425 2416 τούτῳ
1468 2347 1729 2402 ἀκολουθεῖ

156 2439 269 2491 τοῖς
297 2434 570 2508 ε’ρημένοις
599 2435 894 2508 αἱρετικοῖς,
938 2433 1179 2508 Θεοδώρῳ
1218 2440 1307 2505 μὲν
1332 2436 1519 2508 λέγοντι
1545 2437 1592 2489 ἐν
1617 2443 1723 2496 τοῖς

157 2526 275 2596 περὶ
316 2524 731 2596 ἐνανθρωπήσεως
759 2527 913 2581 αὐτοῦ
953 2523 1203 2600 διαφόροις
1228 2526 1392 2597 λόγοις
1419 2526 1618 2586 ἀσεϐῶς
1648 2527 1724 2580 έκ-

157 2614 371 2676 τεθείσι,
400 2616 651 2689 Νεστορίῳ
677 2613 729 2668 δὲ
757 2616 804 2667 έν
831 2615 1031 2674 πολλοῖς
1058 2615 1428 2688 συγγράμμασι
1445 2656 1461 2678 ,
1500 2617 1722 2687 μάλιστα

159 2701 212 2757 δέ
233 2706 282 2756 έν
302 2712 368 2778 τῇ
390 2705 621 2780 ἐπιστολῇ
642 2714 713 2780 τῇ
727 2710 967 2779 γραφείσῃ
988 2710 1116 2780 πρὸς
1137 2706 1450 2783 Ἀλέξανδρον
1469 2710 1553 2762 τὸν
1579 2710 1721 2782 αἱρε-

157 2795 294 2848 nae»
319 2790 680 2867 ’1εραπολίτην,
713 2793 791 2848 ὅτι
832 2802 932 2849 τῶν
973 2793 1062 2849 δύο
1105 2797 1299 2866 φύσεων
1337 2799 1429 2866 μία
1458 2798 1594 2851 ἐστίν
1632 2798 1722 2850 αύ-

160 2885 347 2949 ύεντία,
374 2887 455 2936 καί
477 2888 568 2951 μία
591 2882 817 2955 δύναμις,
841 2885 949 2941 ἦτοι
966 2883 1235 2939 δυναστεία
1282 2890 1362 2939 καί
1384 2884 1433 2938 ἓν
1450 2886 1723 2960 πρόσωπον

159 2972 288 3024 κατά
311 2973 431 3039 μίαν
457 2972 627 3034 ἀξίαν,
658 2969 747 3023 καί
767 2978 854 3029 τήν
892 2974 1043 3030 αὐτὴν
1070 2980 1238 3043 τιμήν.
1266 2970 1364 3044 Ἀφ’
1392 2971 1457 3026 ὦν
1494 2972 1724 3028 ἀποδείκ-

1814 472 1989 526 omnia
2005 471 2056 526 ei
2078 469 2340 526 contraria
2353 471 2608 539 compulit
2635 486 2754 527 eum
2776 487 3031 543 peragere
3055 492 3069 528 :
3096 477 3366 544 quomodo

1814 559 1999 613 eadem
2025 564 2209 614 sancta
2242 558 2476 629 synodus
2502 569 2849 616 memoratam
2877 563 3155 632 epistolam
3195 565 3367 620 susci-

1814 656 1987 718 peret,
2018 655 2071 702 et
2093 646 2523 703 condemnationi
2562 649 2853 717 impietatis
2875 664 2994 719 quas
3022 652 3074 705 in
3103 666 3167 706 ea
3193 654 3367 707 conti-

1812 746 1986 802 netur,
2009 751 2130 792 sese
2149 735 2450 804 subjiceret,
2468 751 2499 789 a
2519 750 2623 804 qua
2645 736 2788 790 ibam
2816 738 3044 795 liberare
3068 740 3369 796 festinavit?

1817 825 2075 890 Quoniam
2101 832 2278 879 autem
2300 838 2486 878 omnes
2511 824 2867 893 blasphemiae
2894 828 3132 894 epistola:
3159 837 3362 897 praster-

1816 922 2087 968 mtttentes
2099 913 2351 979 bseretici,
2367 913 2471 968 hoc
2489 914 2659 968 solum
2683 928 2749 967 ex
2771 915 2882 982 ipsa
2910 915 3205 985 proferunt,
3228 916 3370 984 quod

1817 1002 1885 1055 ad
1923 1002 2263 1071 decipiendos
2291 1002 2640 1070 simpliciores
2669 1005 2899 1071 scriptor
2938 1004 3174 1073 epistolae
3214 1005 3395 1072 dixitr

1818 1091 1920 1146 hoc
1946 1099 2046 1155 est,
2076 1089 2209 1144 duas
2238 1099 2470 1153 naturas,
2505 1106 2664 1159 unam
2691 1091 2967 1157 virtutem,
2999 1108 3156 1145 unatn
3184 1108 3370 1160 perso-

1817 1193 1970 1242 nam;
1999 1176 2482 1231 demonstrabimus
2508 1173 2652 1245 quod
2680 1178 2794 1247 ipse
2822 1180 2981 1241 etiam
3010 1180 3063 1232 in
3092 1180 3194 1233 hoc
3222 1195 3371 1234 suam

1819 1266 2151 1321 commiscuit
2171 1266 2515 1334 impietatem.
2544 1266 2706 1334 Cujus
2735 1268 2875 1320 enim
2899 1270 3099 1322 diceret
3126 1270 3258 1321 duas
3278 1283 3374 1321 na-
3427 1316 3433 1321 .

1822 1364 1967 1409 turas
1987 1365 2040 1410 et
2059 1370 2218 1410 unam
2246 1370 2553 1423 personam,
2582 1356 2671 1423 qui
2695 1358 2924 1422 abnegat
2950 1356 3113 1409 Deum
3142 1349 3374 1410 Verbum

1818 1447 2148 1501 incarnatum
2176 1446 2242 1501 de
2283 1456 2467 1501 sancta
2505 1455 2560 1501 et
2595 1448 2823 1515 gloriosa
2871 1448 2965 1501 Dei
3011 1446 3277 1502 Genitrice
3319 1457 3374 1502 et

1819 1549 2029 1605 semper
2058 1535 2260 1603 virgine
2298 1534 2488 1598 Maria,
2520 1541 2575 1588 et
2603 1544 2784 1588 natum
2820 1550 2940 1588 esse
2965 1549 3029 1587 ex
3068 1535 3221 1603 ipsa?
3271 1526 3376 1589 Sed

1819 1630 2019 1677 certum
2047 1629 2156 1688 est,
2183 1621 2326 1690 quod
2352 1621 2635 1688 unicuique
2664 1630 2865 1674 natum
2903 1634 3049 1675 suam
3095 1636 3376 1689 personam

1820 1710 2085 1775 attribuit,
2117 1708 2255 1764 sicut
2291 1707 2605 1765 Theodorus
2634 1718 2688 1767 et
2715 1708 2988 1762 Nestorius
3017 1711 3068 1762 in
3098 1710 3204 1763 suis
3233 1709 3377 1763 libris

1751 1766 1796 1825 Β
1819 1799 2253 1869 blasphemantes
2278 1808 2642 1869 exposuerunt
2660 1839 2674 1863 ,
2725 1814 2859 1867 quos
2888 1798 3123 1852 defendit
3149 1799 3378 1868 scriptor

1818 1887 2058 1957 epistolae
2092 1902 2214 1942 cum
2244 1902 2429 1942 eorum
2468 1886 2763 1966 impietate.
2810 1886 2887 1938 llli
2917 1887 3058 1940 enim
3088 1896 3271 1954 apcrtc
3299 1886 3376 1938 di-

1817 1989 1999 2038 centes
2018 1982 2151 2037 duas
2179 1996 2436 2052 personas
2464 1981 2559 2036 Dei
2583 1981 2742 2035 Verbi
2773 1989 2828 2035 et
2856 1981 3074 2047 Christi,
3103 1996 3260 2049 quem
3282 1998 3382 2051 pu-

1816 2085 1936 2125 rum
1950 2070 2221 2125 hominem
2240 2077 2457 2133 vocant,
2469 2084 2567 2139 per
2583 2067 2917 2123 aﬁ'ectualem
2930 2070 3378 2138 conjunctionem,

1819 2169 1874 2214 et
1918 2173 2018 2228 per
2055 2158 2297 2212 eamdem
2330 2157 2645 2225 dignitatem
2672 2164 2727 2211 et
2769 2158 3026 2211 honorem
3070 2174 3227 2211 unam
3255 2173 3379 2227 per-

1820 2261 2005 2302 sonam
2031 2260 2290 2316 apparere
2314 2245 2534 2312 dicunt;
2578 2245 2672 2301 sed
2709 2254 2764 2300 et
2804 2246 3031 2300 duarum
3074 2255 3383 2302 naturarum

1820 2349 1980 2390 unam
1999 2334 2251 2389 virtutem
2277 2335 2388 2389 sive
2410 2335 2704 2405 potentiam
2725 2335 2907 2390 dicens
2934 2337 3162 2405 scriptor
3183 2337 3385 2406 episto-

1822 2416 2249 2490 lae,manifestus
2277 2430 2358 2476 est
2376 2421 2521 2491 quod
2544 2430 2603 2477 et
2620 2423 2674 2476 in
2703 2423 2804 2477 hoc
2830 2433 3152 2478 memoratos
3174 2425 3386 2479 hmreti-

1821 2531 1914 2573 cos
1933 2516 2201 2586 sequitur,
2233 2514 2570 2570 Theodorum
2598 2515 2810 2583 quidem
2840 2515 3102 2570 dicentem
3127 2517 3179 2570 in
3208 2517 3387 2571 diver-

1822 2606 1896 2661 sis
1913 2605 2064 2659 libris
2089 2605 2157 2660 de
2184 2605 2553 2659 incarnatione
2581 2604 2743 2673 impie
2769 2605 3042 2674 expositis,
3074 2604 3377 2660 Neswrium

1820 2701 1998 2748 autem
2026 2695 2079 2747 in
2108 2693 2291 2748 multis
2317 2693 2531 2760 quidem
2558 2693 2798 2760 scriptis,
2828 2701 2884 2747 et
2925 2693 3156 2746 maxime
3184 2694 3237 2746 in
3263 2693 3381 2762 epi-

1821 2780 1959 2836 stola
1984 2780 2185 2850 scripta
2229 2779 2296 2833 ad
2323 2779 2682 2833 Alexandrum
2711 2779 3168 2850 Hierapolitanum
3217 2783 3388 2836 luere-

1822 2876 2017 2942 ticum,
2058 2876 2203 2945 quod
2228 2876 2452 2930 duarum
2476 2884 2785 2930 naturarum
2814 2892 2918 2931 una
2948 2885 3031 2931 est
3073 2880 3385 2946 auctoritas,

1824 2973 1880 3020 et
1906 2980 2011 3019 una
2041 2965 2226 3030 virtus,
2273 2965 2386 3018 sive
2411 2965 2671 3034 potentia,
2704 2973 2761 3018 et
2789 2980 2892 3018 una
2916 2980 3146 3035 persona
3175 2966 3391 3037 [secun-

157 3079 306 3113 νυται
339 3057 366 3111 ὃ
396 3064 485 3116 τήν
515 3058 776 3127 ἐπιστολήν
800 3058 998 3130 γράψας
1024 3063 1154 3115 κατά
1180 3066 1268 3118 τὴν
1310 3063 1502 3115 ἐκείνων
1525 3061 1726 3116 κακοδο-

1828 3055 1949 3109 dum
1974 3052 2155 3123 unam]
2178 3069 2273 3122 per
2290 3053 2605 3123 dignitatem
2629 3053 2979 3120 eumdemque
2997 3054 3254 3108 honorem
3281 3072 3295 3106 :
3322 3065 3393 3111 et

160 3149 271 3212 ξίαν
297 3151 409 3202 ἀντὶ
434 3151 715 3222 προσώπων
740 3156 800 3221 τῇ
840 3156 937 3203 τῶν
958 3151 1151 3220 φύσεων
1178 3153 1491 3225 προσηγορίᾳ
1518 3153 1726 3225 χρησά-

163 3256 329 3304 μενος.
358 3242 466 3289 Μία
484 3239 582 3310 γάρ
598 3237 849 3299 αύθεντία,
871 3239 957 3289 καί
979 3239 1069 3306 μία
1084 3236 1294 3306 δύναμις
1309 3239 1417 3295 ἤτοι
1437 3239 1725 3304 δυναστεία,

164 3330 245 3380 καί
270 3329 362 3395 μία
388 3329 522 3392 ἀξία,
553 3329 636 3379 καί
663 3327 693 3383 ἡ
713 3328 842 3384 αύτή
863 3333 981 3395 τιμή
1022 3328 1113 3378 οὐκ
1139 3328 1222 3379 ἐπὶ
1249 3324 1489 3401 διαφόρων
1512 3330 1722 3397 φύσεων,

165 3417 269 3473 ἀλλ’
295 3421 380 3472 ἐπί
402 3418 646 3493 διαφόρων
684 3420 972 3491 προσώπων
997 3421 1082 3470 καί
1107 3426 1196 3476 τῆς
1222 3420 1377 3476 αύτῆς
1399 3419 1570 3476 οὐσίας
1591 3418 1729 3489 λέγε-

164 3529 276 3568 ται,
299 3507 424 3580 ὅπερ
446 3510 527 3560 ἐπὶ
554 3515 645 3564 τῆς
685 3505 833 3577 ἁγίας
859 3505 1059 3578 τριάδος
1093 3506 1443 3577 ὁμολογοῦμεν.
1475 3504 1613 3560 Ὅθεν
1643 3511 1729 3561 καὶ

166 3600 212 3652 οί
233 3598 373 3670 ἅγιοι
385 3596 599 3670 πατέρες
621 3597 979 3664 ἀνεθεμάτισαν
1000 3598 1116 3654 τούς
1146 3598 1255 3650 κατ’
1283 3599 1557 3663 αύθεντίαν,
1582 3598 1610 3656 ἦ
1635 3596 1725 3650 δύ-

166 3709 337 3756 ναμιν,
365 3687 473 3743 ἦτοι
499 3685 816 3750 δυναστείαν,
842 3685 871 3743 ἡ
895 3687 1054 3748 ἀξίαν,
1081 3686 1109 3744 ἣ
1132 3674 1376 3755 ἰσοτιμίαν
1398 3688 1622 3758 λέγοντας
1643 3689 1728 3742 τὸν

168 3779 292 3832 θεὸν
308 3774 453 3848 λόγον
472 3783 543 3843 τῷ
557 3784 758 3848 Χριστῴ
782 3777 1017 3837 ἡνῶσθαι,
1043 3774 1095 3828 ίν
1121 3776 1262 3846 ψιλᾲν
1282 3774 1535 3852 ἄνθρωπον
1562 3779 1604 3829 οἱ
1629 3780 1729 3832 ἀπὸ

171 3865 431 3940 Θεοδώρου
467 3868 549 3919 καὶ
585 3869 853 3939 Νεστορίου
886 3867 1146 3928 καλοῦσιν,
1186 3866 1290 3919 ἀλλ’
1320 3869 1444 3934 om
1472 3867 1578 3917 καθ’
1603 3866 1728 3918 ύπό-

172 3977 357 4014 στασιν
382 3961 471 4015 τήν
489 3962 577 4011 τοῦ
601 3957 750 4027 λόγου
786 3957 913 4030 πρὸς
933 3961 1021 4014 τήν
1049 3958 1210 4032 σάρκα
1230 3957 1562 4026 ἐψυχωμένην
1583 3957 1732 4031 ψυχῇ

364 4049 449 4100 καὶ
467 4050 610 4123 νοερᾷ
635 4056 725 4104 τήν
749 4045 923 4100 ἕνωσιν
944 4047 1236 4118 γεγενῆσθαι
1264 4046 1639 4118 ὁμολογοῦντας.

1828 3169 1935 3224 quo
1972 3153 2305 3218 ostenditur,
2352 3152 2445 3221 qui
2492 3152 2704 3221 scripsit
2746 3152 3054 3221 epistolam,
3102 3152 3392 3207 secundum

1830 3245 2038 3299 illorum
2068 3242 2343 3313 perﬁdiam
2372 3257 2470 3311 pro
2498 3232 2747 3311 personis
2776 3257 2901 3295 usus
2938 3243 3196 3297 vocabulo
3238 3251 3396 3297 natu-

1829 3336 2029 3386 rarum:
2061 3330 2176 3384 Una
2204 3333 2346 3385 enim
2375 3331 2697 3396 amtoritas,
2748 3337 2805 3384 et
2833 3344 2938 3383 una
2966 3332 3132 3383 virtus
3155 3331 3267 3384 sive
3296 3345 3396 3399 po-

1831 3422 2016 3483 tentia,
2045 3429 2098 3473 et
2127 3435 2229 3473 una
2251 3418 2480 3489 dignitas
2500 3427 2554 3472 et
2583 3419 2721 3472 idem
2749 3418 2944 3485 honor,
2970 3434 3075 3471 non
3098 3419 3151 3472 in
3173 3417 3395 3471 diversis

1832 3512 2056 3577 naturis,
2086 3511 2178 3565 sed
2212 3510 2263 3564 in
2291 3509 2512 3563 diversis
2533 3509 2778 3577 personis
2805 3508 3043 3577 ejusdem
3087 3508 3396 3562 substantia

1829 3601 2054 3667 dicitur,
2094 3600 2236 3666 quod
2274 3600 2326 3651 in
2366 3605 2552 3652 sancta
2593 3597 2852 3652 Trinitate
2880 3597 3214 3652 conﬁtemur.
3251 3597 3398 3652 Unde

1833 3699 1891 3743 et
1915 3691 2083 3743 sancti
2116 3686 2300 3740 Patres
2326 3687 2909 3741 anathematizaverunt
2947 3702 3041 3743 eos
3067 3690 3158 3757 qui
3186 3703 3282 3756 per
3303 3702 3399 3740 au-

1835 3782 2157 3842 ctoritatem,
2186 3787 2278 3830 aut
2306 3778 2572 3840 virtutem,
2605 3778 2716 3831 sive
2745 3778 3061 3846 potentiam,
3091 3785 3183 3831 aut
3224 3778 3398 3846 digni-

1838 3877 2022 3932 tatem,
2049 3875 2141 3920 aut
2167 3866 2524 3934 aequalitatem
2554 3866 2792 3929 honoris,
2838 3865 3021 3919 dicunt
3061 3865 3225 3919 Deum
3267 3864 3403 3920 Ver-

1836 3960 1963 4015 bum
1994 3959 2195 4011 unitum
2223 3970 2341 4010 esse
2382 3955 2592 4008 Lhristo
2625 3971 2640 4020 ;
2690 3969 2849 4024 quem
2894 3970 3082 4022 purum
3130 3954 3400 4008 hominem

1840 4043 2316 4102 vocantThcodori
2344 4042 2638 4097 etNestorii
2668 4057 2940 4108 sequaces,
2967 4042 3059 4095 sed
3084 4058 3188 4094 non
3216 4056 3403 4094 secun-

1844 4137 1968 4191 dum
1997 4134 2391 4190 subsistentiam
2423 4132 2517 4186 Dei
2557 4131 2717 4186 Verbi
2755 4132 2820 4184 ad
2857 4146 3068 4185 carnem
3108 4132 3401 4184 animatam

175 4226 353 4280 anima
381 4224 631 4280 rationali
650 4233 704 4280 et
730 4224 1097 4290 intellectuali,
1116 4225 1373 4279 unitatem
1401 4224 1590 4279 factam
1614 4239 1732 4278 esse
1766 4224 2109 4280 conﬁtentur.

246 4322 348 4373 Kal
385 4318 520 4393 ἤρκει
555 4320 646 4385 μὲν
672 4324 837 4370 ταῦτα
872 4319 1000 4390 πρὸς
1032 4322 1086 4370 τη)
1125 4314 1361 4385 διελέγξαι
1389 4327 1478 4380 τήν
1501 4318 1733 4370 ἀσέϐειαν

1908 4314 1973 4368 Et
1998 4316 2110 4369 haec
2136 4312 2346 4382 quidem
2380 4312 2717 4367 suﬂiciehant
2745 4309 2811 4364 ad
2840 4307 3260 4362 convincendam
3304 4305 3405 4358 im-

175 4416 273 4462 τῶν
312 4407 635 4462 έκδικούνι-ων
676 4412 764 4463 τήν
805 4407 1039 4477 μυσαράν
1080 4407 1259 4461 ἐκείνην
1293 4407 1570 4463 ἐπιστολήν.
1616 4409 1726 4464 ηλήι

1839 4408 2091 4477 pietatem
2114 4420 2298 4459 eorum
2327 4404 2417 4472 qui
2445 4405 2756 4457 sceleratam
2787 4399 3067 4468 epistolam
3100 4397 3396 4450 vindicant:

177 4496 313 4568 ὅμως
361 4501 441 4550 καί
482 4498 612 4570 πρὸς
640 4503 712 4565 τῷ
749 4496 874 4550 τέλει
900 4504 990 4553 τῆς
1028 4497 1184 4554 αὐτῆς
1216 4496 1475 4554 ἐπιστολῆς·
1503 4495 1528 4548 ὁ
1553 4500 1739 4552 ταύτην

176 4589 384 4663 γράψας
403 4593 493 4647 τὴν
523 4586 651 4641 ἰδίαν
675 4585 896 4640 δείκνυσι
938 4583 1141 4643 κακοδοζ
1150 4588 1227 4639 ίαν
1253 4586 1425 4657 λέγων,
1460 4585 1538 4640 ὅτι
1564 4585 1643 4641 δεῖ
1663 4607 1744 4641 πι-

183 4683 381 4733 στεύειν
402 4682 471 4738 εἰς
499 4680 581 4731 τὸν
605 4679 718 4730 ναὸν
743 4680 828 4729 καί
860 4679 930 4736 εἰς
949 4677 1033 4729 τὸν
1062 4677 1335 4730 ἐνοικοῦντα
1361 4678 1412 4730 έν
1440 4684 1508 4746 τῷ
1544 4685 1666 4749 νκῷ.
1690 4678 1740 4729 έν

134 4794 141 4801 ·
176 4765 251 4828 οἷς
279 4776 499 4844 φανερῶς
521 4766 612 4823 δύο
648 4769 832 4836 εἰσάγει
856 4763 1129 4842 πρόσωπα.
1153 4766 1291 4820 ’Δλλά
1323 4770 1406 4820 καὶ
1440 4766 1624 4823 ταύτην
1651 4774 1739 4825 τήν

182 4861 416 4918 ἀσέϐειαν
442 4859 467 4913 ὃ
493 4859 691 4933 γράψας
734 4864 823 4917 τήν
861 4859 1123 4915 ὶπιστολήν
1161 4861 1306 4931 παρὰ
1352 4857 1627 4927 Θεοδώρου,
1660 4863 1742 4912 καί

184 4952 453 5021 Νεστορίου
504 4947 767 5015 ἐδιδάχθη.
814 4946 865 5001 Ἦ
895 4949 1058 5016 μέντοι
1107 4948 1333 5005 καθολικὴ
1388 4948 1617 5005 ἐκκλησία
1654 4970 1741 5005 την

184 5040 421 5096 τοιαύτην
454 5036 735 5101 κακοδοξίαν
770 5038 1142 5109 κατακρίνουσα
1163 5038 1284 5107 ούχί
1311 5039 1380 5096 εἰς
1402 5039 1488 5090 τὸν
1514 5038 1628 5089 ναὸν
1665 5039 1746 5090 καί

186 5135 256 5189 ες
276 5131 359 5183 τὸν
384 5132 667 5197 ἐνοικοῦντα
697 5130 745 5181 έν
771 5134 841 5197 τῷ
867 5134 988 5199 ναῷ.
1027 5126 1129 5178 ἀλλ’
1154 5129 1225 5186 εἰς
1249 5128 1336 5181 ἕνα
1363 5125 1529 5201 κύριον
1554 5124 1745 5182 Ἰησοῦν

184 5221 399 5292 Χριστὸν
425 5224 510 5272 τὸν
547 5223 635 5272 τοῦ
676 5224 801 5272 Θεοῦ
841 5216 984 5285 λόγον
1029 5217 1364 5291 σαρκωθέντα,
1401 5218 1481 5267 καί
1518 5215 1749 5289 δνανθρω·

185 5313 417 5366 παίσαντα
440 5309 714 5382 ὁμολογεῖν,
738 5313 816 5387 καί
843 5309 1097 5362 πιστεύειν
1122 5304 1486 5379 παραδίδωσιν.
1516 5304 1670 5359 Ούδὲν
1693 5304 1745 5358 δέ

185 5399 489 5472 θαυμαστὸν,
526 5401 568 5454 εί
592 5406 654 5474 τῇ
679 5405 776 5453 τῶν
809 5395 1002 5467 φύσεων
1039 5397 1287 5468 ὀνομασίᾳ
1316 5396 1577 5465 ἐχρήσατο
1607 5394 1631 5447 ὁ
1657 5400 1746 5451 τήν

188 5490 349 5551 ἀσεϐῆ
371 5491 552 5550 Iubam
577 5487 837 5545 ἐπιστολήν
859 5485 1084 5562 γράψαρ
1103 5483 1214 5543 ἔθος
1232 5488 1332 5558 γάρ
1352 5490 1455 5541 τοῖς
1481 5483 1747 5556 αἱρετικοῖς

188 5581 320 5655 πρὸς
355 5582 554 5637 ἀπάτην
581 5585 681 5633 τῶν
708 5575 1064 5647 ἁπλουστέρων
1101 5580 1214 5631 ταῖς
1256 5575 1400 5645 παρά
1426 5579 1522 5625 τῶν
1559 5569 1748 5645 ὀρθοδὸ-

189 5673 284 5736 ξων
307 5672 527 5732 εὐσεϐῶς
560 5668 844 5740 λεγομέναις
869 5672 1058 5738 φωναῖς
1093 5665 1399 5740 κεχρῆσθαι,
1431 5664 1514 5716 καί
1557 5667 1642 5722 τήν
1674 5664 1756 5717 εὑ·-

1841 4505 2018 4549 tamen
2050 4502 2105 4549 et
2141 4494 2193 4547 in
2226 4492 2331 4547 ﬁne
2372 4494 2602 4561 scriptor
2630 4490 2866 4558 ejusdem
2904 4488 3142 4556 episto‘m
3171 4483 3406 4539 ostendit

1841 4600 1989 4641 suam
2016 4584 2327 4655 perﬁdiam,
2359 4581 2589 4637 dicendo
2636 4580 2778 4650 quod
2825 4587 3039 4648 oportet
3083 4579 3303 4631 credere
3349 4577 3403 4630 in

1842 4675 2204 4743 tetuplum,_et
2233 4674 2284 4726 in
2314 4688 2433 4726 eum
2468 4671 2557 4740 qui
2588 4670 2790 4724 habitat
2817 4670 2868 4721 in
2899 4668 3097 4736 templo
3124 4684 3136 4719 :
3167 4683 3261 4735 per
3288 4680 3407 4735 quas

1842 4775 2027 4835 aperte
2051 4766 2182 4817 duas
2203 4763 2490 4817 introducit
2518 4774 2791 4829 personas.
2822 4758 2926 4812 Sed
2949 4766 3005 4810 et
3031 4757 3184 4809 istam
3218 4755 3409 4823 impie-

1843 4865 2003 4909 tatem
2028 4870 2056 4907 a
2090 4853 2372 4906 Theodoro
2403 4860 2457 4903 et
2481 4850 2726 4903 Nestorio
2751 4846 2982 4914 scriptor
3009 4841 3248 4912 epistola:
3276 4842 3407 4894 cdo—

1843 4955 1958 5000 ctus
1986 4952 2085 4997 est.
2129 4942 2403 4995 Catholica
2433 4947 2611 4991 autem
2650 4936 2891 4989 Ecclesia
2941 4936 3099 4986 talem
3148 4930 3406 4985 condetu-

1845 5051 1978 5089 na:.s
2001 5033 2298 5103 perﬁdiam,
2326 5046 2430 5083 non
2462 5030 2513 5082 in
2543 5028 2820 5096 templum,
2841 5035 2895 5079 et
2922 5026 2975 5077 in
3003 5039 3122 5077 eum
3144 5020 3235 5089 qui
3258 5020 3405 5088 lrahi—

1847 5135 1924 5179 tat
1951 5127 2002 5179 in
2037 5124 2252 5192 templo,
2275 5121 2366 5176 sed
2396 5121 2449 5173 in
2480 5134 2639 5173 unum
2663 5117 2941 5171 Dominum
2968 5122 3204 5168 nostrum
3226 5108 3411 5167 desunt
3502 5104 3505 5107 ⁷

1846 5215 2112 5270 Christum
2139 5253 2155 5279 ,
2206 5211 2298 5264 Dei
2335 5209 2567 5263 Verbum
2594 5209 2923 5262 incarnatum
2951 5211 3007 5257 et
3034 5200 3303 5256 hominem
3333 5198 3409 5263 fa-

1848 5313 1991 5358 ctum
2020 5299 2261 5355 conﬁteri
2288 5307 2343 5351 et
2373 5297 2592 5351 credere
2619 5295 2798 5348 tradit.
2831 5292 2971 5348 Nihil
3001 5297 3178 5353 autem
3206 5287 3398 5341 miran-

1849 5392 1975 5445 dum
2017 5398 2134 5454 est,
2177 5388 2222 5441 si
2264 5385 2523 5440 vocabulo
2563 5391 2873 5436 naturarum
2918 5395 3045 5441 usus
3073 5385 3154 5431 est
3182 5375 3412 5446 scriptor

1848 5481 1986 5534 illius
2012 5479 2185 5547 impia:
2212 5476 2471 5544 epistolae.
2504 5471 2692 5527 Solent
2726 5471 2868 5524 enim
2898 5468 3152 5530 hmretici,
3197 5473 3257 5519 ut
3283 5466 3414 5519 sim-o

1848 5569 2096 5639 pliciores
2115 5565 2401 5634 decipiant,
2425 5562 2646 5617 vocibus
2665 5560 2881 5630 quidem
2907 5559 2982 5613 uti
3004 5574 3122 5628 quae
3147 5557 3213 5611 ab
3234 5555 3413 5609 orthm

1850 5657 2002 5713 doris
2025 5656 2110 5728 pie
2131 5655 2394 5720 dicuntur,
2427 5658 2632 5709 rectum
2655 5657 2837 5709 autem
2869 5663 3051 5706 earum
3080 5647 3414 5706 iutcllccmm
