  <div class='ocr_page' id='page_1' title='image "/cluster/home/n/w/nwhite01/storage/ocr_20150623/86 pars.1/pst.000005712878/545.png"; bbox 0 0 3958 6288; ppageno 0'>
   <div class='ocr_carea' id='block_1_1' title="bbox 1778 118 1869 132">
    <p class='ocr_par' dir='ltr' id='par_1_1' title="bbox 1778 118 1869 132">
     <span class='ocr_line' id='line_1_1' title="bbox 1778 118 1869 132; baseline 0.022 -2"><span class='ocrx_word' id='word_1_1' title='bbox 1778 118 1806 130; x_wconf 68' lang='lat' dir='ltr'><strong>.a-</strong></span> <span class='ocrx_word' id='word_1_2' title='bbox 1847 123 1869 132; x_wconf 67' lang='lat'><strong>-</strong></span> 
     </span>
    </p>
   </div>
   <div class='ocr_carea' id='block_1_2' title="bbox 569 234 704 297">
    <p class='ocr_par' dir='ltr' id='par_1_2' title="bbox 569 234 704 297">
     <span class='ocr_line' id='line_1_2' title="bbox 569 234 704 297; baseline 0 -1"><span class='ocrx_word' id='word_1_3' title='bbox 569 234 704 297; x_wconf 76' lang='lat'><strong>1023</strong></span> 
     </span>
    </p>
   </div>
   <div class='ocr_carea' id='block_1_3' title="bbox 575 454 2130 537">
    <p class='ocr_par' dir='ltr' id='par_1_3' title="bbox 575 454 2130 537">
     <span class='ocr_line' id='line_1_3' title="bbox 575 454 2130 537; baseline 0.01 -32"><span class='ocrx_word' id='word_1_4' title='bbox 575 454 863 526; x_wconf 67' lang='grc' dir='ltr'><strong>μεταφέρειν</strong></span> <span class='ocrx_word' id='word_1_5' title='bbox 905 454 1135 508; x_wconf 68' lang='grc' dir='ltr'>ἀσέϐειαν</span> <span class='ocrx_word' id='word_1_6' title='bbox 1159 471 1172 486; x_wconf 86' lang='grc'>⁶</span> <span class='ocrx_word' id='word_1_7' title='bbox 1209 455 1378 519; x_wconf 79' lang='grc' dir='ltr'>ἐπειδὴ</span> <span class='ocrx_word' id='word_1_8' title='bbox 1407 461 1544 518; x_wconf 69' lang='grc' dir='ltr'>ἔστιν</span> <span class='ocrx_word' id='word_1_9' title='bbox 1571 459 1662 514; x_wconf 85' lang='grc' dir='ltr'>’ὅτε</span> <span class='ocrx_word' id='word_1_10' title='bbox 1698 463 1750 515; x_wconf 88' lang='grc' dir='ltr'><strong>αί</strong></span> <span class='ocrx_word' id='word_1_11' title='bbox 1787 465 1935 518; x_wconf 84' lang='grc' dir='ltr'><strong>αύταὶ</strong></span> <span class='ocrx_word' id='word_1_12' title='bbox 1981 471 2130 537; x_wconf 54' lang='grc' dir='ltr'>φωναί</span> 
     </span>
    </p>
   </div>
   <div class='ocr_carea' id='block_1_4' title="bbox 577 541 2130 618">
    <p class='ocr_par' dir='ltr' id='par_1_4' title="bbox 577 541 2130 618">
     <span class='ocr_line' id='line_1_4' title="bbox 577 541 2130 618; baseline 0.012 -27"><span class='ocrx_word' id='word_1_13' title='bbox 577 541 733 598; x_wconf 79' lang='grc' dir='ltr'>καλῶς</span> <span class='ocrx_word' id='word_1_14' title='bbox 769 543 858 610; x_wconf 86' lang='grc' dir='ltr'><strong>μέν</strong></span> <span class='ocrx_word' id='word_1_15' title='bbox 886 543 1224 612; x_wconf 77' lang='grc' dir='ltr'>ἐξηγούμεναι,</span> <span class='ocrx_word' id='word_1_16' title='bbox 1255 549 1338 600; x_wconf 82' lang='grc' dir='ltr'><strong>καί</strong></span> <span class='ocrx_word' id='word_1_17' title='bbox 1360 548 1640 617; x_wconf 81' lang='grc' dir='ltr'>νοούμεναι,</span> <span class='ocrx_word' id='word_1_18' title='bbox 1680 553 1810 618; x_wconf 80' lang='grc' dir='ltr'>μετὰ</span> <span class='ocrx_word' id='word_1_19' title='bbox 1848 561 1938 612; x_wconf 79' lang='grc' dir='ltr'><strong>τῆς</strong></span> <span class='ocrx_word' id='word_1_20' title='bbox 1982 558 2130 608; x_wconf 75' lang='grc' dir='ltr'>εὐσε-</span> 
     </span>
    </p>
   </div>
   <div class='ocr_carea' id='block_1_5' title="bbox 576 629 2129 714">
    <p class='ocr_par' dir='ltr' id='par_1_5' title="bbox 576 629 2129 714">
     <span class='ocr_line' id='line_1_5' title="bbox 576 629 2129 714; baseline 0.01 -34"><span class='ocrx_word' id='word_1_21' title='bbox 576 629 714 688; x_wconf 70' lang='grc' dir='ltr'>ϐείας</span> <span class='ocrx_word' id='word_1_22' title='bbox 740 631 855 696; x_wconf 78' lang='grc' dir='ltr'><strong>εἰσὶ,</strong></span> <span class='ocrx_word' id='word_1_23' title='bbox 876 638 1035 690; x_wconf 81' lang='grc' dir='ltr'>κακῶς</span> <span class='ocrx_word' id='word_1_24' title='bbox 1057 631 1110 685; x_wconf 88' lang='grc' dir='ltr'><strong>δέ</strong></span> <span class='ocrx_word' id='word_1_25' title='bbox 1130 635 1270 698; x_wconf 82' lang='grc' dir='ltr'><strong>παρά</strong></span> <span class='ocrx_word' id='word_1_26' title='bbox 1295 642 1392 688; x_wconf 82' lang='grc' dir='ltr'><strong>τῶν</strong></span> <span class='ocrx_word' id='word_1_27' title='bbox 1424 638 1682 711; x_wconf 79' lang='grc' dir='ltr'>αέρετικῶν</span> <span class='ocrx_word' id='word_1_28' title='bbox 1727 641 2129 714; x_wconf 75' lang='grc' dir='ltr'>έρμηνευόμεναι,</span> 
     </span>
    </p>
   </div>
   <div class='ocr_carea' id='block_1_6' title="bbox 571 719 2129 806">
    <p class='ocr_par' dir='ltr' id='par_1_6' title="bbox 571 719 2129 806">
     <span class='ocr_line' id='line_1_6' title="bbox 571 719 2129 806; baseline 0.011 -38"><span class='ocrx_word' id='word_1_29' title='bbox 571 721 655 770; x_wconf 83' lang='grc' dir='ltr'>καὶ</span> <span class='ocrx_word' id='word_1_30' title='bbox 679 719 1042 792; x_wconf 75' lang='grc' dir='ltr'>προφερόμεναι</span> <span class='ocrx_word' id='word_1_31' title='bbox 1073 722 1132 774; x_wconf 83' lang='grc' dir='ltr'>τὸ</span> <span class='ocrx_word' id='word_1_32' title='bbox 1172 723 1354 782; x_wconf 76' lang='grc' dir='ltr'>ἀσεϐές</span> <span class='ocrx_word' id='word_1_33' title='bbox 1382 722 1600 793; x_wconf 71' lang='grc' dir='ltr'>ἔχουσιν</span> <span class='ocrx_word' id='word_1_34' title='bbox 1623 741 1637 754; x_wconf 83' lang='grc'><strong>⁸</strong></span> <span class='ocrx_word' id='word_1_35' title='bbox 1675 729 1843 796; x_wconf 74' lang='grc' dir='ltr'>ἀμέλει</span> <span class='ocrx_word' id='word_1_36' title='bbox 1871 730 2129 806; x_wconf 77' lang='grc' dir='ltr'>Νεστὸριον</span> 
     </span>
    </p>
   </div>
   <div class='ocr_carea' id='block_1_7' title="bbox 570 806 2129 892">
    <p class='ocr_par' dir='ltr' id='par_1_7' title="bbox 570 806 2129 892">
     <span class='ocr_line' id='line_1_7' title="bbox 570 806 2129 892; baseline 0.009 -34"><span class='ocrx_word' id='word_1_37' title='bbox 570 806 776 860; x_wconf 75' lang='grc' dir='ltr'><strong>εἰπόντα</strong></span> <span class='ocrx_word' id='word_1_38' title='bbox 818 809 907 876; x_wconf 77' lang='grc' dir='ltr'><strong>μέν</strong></span> <span class='ocrx_word' id='word_1_39' title='bbox 947 807 1038 862; x_wconf 88' lang='grc' dir='ltr'><strong>δύο</strong></span> <span class='ocrx_word' id='word_1_40' title='bbox 1091 813 1262 880; x_wconf 66' lang='grc' dir='ltr'>φύσεις</span> <span class='ocrx_word' id='word_1_41' title='bbox 1317 814 1398 864; x_wconf 84' lang='grc' dir='ltr'><strong>καί</strong></span> <span class='ocrx_word' id='word_1_42' title='bbox 1437 811 1487 865; x_wconf 85' lang='grc' dir='ltr'><strong>έν</strong></span> <span class='ocrx_word' id='word_1_43' title='bbox 1531 813 1818 887; x_wconf 78' lang='grc' dir='ltr'>πρόσωπον,</span> <span class='ocrx_word' id='word_1_44' title='bbox 1845 822 1915 887; x_wconf 79' lang='grc' dir='ltr'><em>μή</em></span> <span class='ocrx_word' id='word_1_45' title='bbox 1959 817 2129 892; x_wconf 68' lang='grc' dir='ltr'>ὁμολο·</span> 
     </span>
    </p>
   </div>
   <div class='ocr_carea' id='block_1_8' title="bbox 567 897 2130 982">
    <p class='ocr_par' dir='ltr' id='par_1_8' title="bbox 567 897 2130 982">
     <span class='ocr_line' id='line_1_8' title="bbox 567 897 2130 982; baseline 0.012 -35"><span class='ocrx_word' id='word_1_46' title='bbox 567 903 755 966; x_wconf 81' lang='grc' dir='ltr'>γοῦντα</span> <span class='ocrx_word' id='word_1_47' title='bbox 781 897 833 950; x_wconf 85' lang='grc' dir='ltr'><strong>δέ</strong></span> <span class='ocrx_word' id='word_1_48' title='bbox 855 901 1046 953; x_wconf 87' lang='grc' dir='ltr'>τούτων</span> <span class='ocrx_word' id='word_1_49' title='bbox 1071 907 1159 958; x_wconf 57' lang='grc' dir='ltr'><strong>τήν</strong></span> <span class='ocrx_word' id='word_1_50' title='bbox 1181 901 1284 956; x_wconf 85' lang='grc' dir='ltr'>καθ’</span> <span class='ocrx_word' id='word_1_51' title='bbox 1299 901 1587 958; x_wconf 74' lang='grc' dir='ltr'><strong>ὑπόστασιν</strong></span> <span class='ocrx_word' id='word_1_52' title='bbox 1606 906 1804 974; x_wconf 83' lang='grc' dir='ltr'>ἕνωσιν,</span> <span class='ocrx_word' id='word_1_53' title='bbox 1825 910 1856 965; x_wconf 79' lang='grc' dir='ltr'><strong><em>ἠ</em></strong></span> <span class='ocrx_word' id='word_1_54' title='bbox 1877 910 1928 961; x_wconf 71' lang='grc' dir='ltr'><strong>ἓν</strong></span> <span class='ocrx_word' id='word_1_55' title='bbox 1949 908 2130 982; x_wconf 72' lang='grc' dir='ltr'>Ἐφέσῳ</span> 
     </span>
    </p>
   </div>
   <div class='ocr_carea' id='block_1_9' title="bbox 540 990 2128 1080">
    <p class='ocr_par' dir='ltr' id='par_1_9' title="bbox 540 990 2128 1080">
     <span class='ocr_line' id='line_1_9' title="bbox 540 990 2128 1080; baseline 0.016 -46"><span class='ocrx_word' id='word_1_56' title='bbox 540 990 544 1034; x_wconf 76' lang='lat' dir='ltr'><strong>l</strong></span> <span class='ocrx_word' id='word_1_57' title='bbox 569 990 740 1066; x_wconf 71' lang='grc' dir='ltr'>πρώτη</span> <span class='ocrx_word' id='word_1_58' title='bbox 765 990 884 1064; x_wconf 82' lang='grc' dir='ltr'><strong>ἀγά</strong></span> <span class='ocrx_word' id='word_1_59' title='bbox 911 992 1146 1060; x_wconf 80' lang='grc' dir='ltr'><strong>σύνοδος,</strong></span> <span class='ocrx_word' id='word_1_60' title='bbox 1176 993 1234 1056; x_wconf 79' lang='grc' dir='ltr'>ἧς</span> <span class='ocrx_word' id='word_1_61' title='bbox 1267 997 1480 1071; x_wconf 70' lang='grc' dir='ltr'>ἐξῆρχον</span> <span class='ocrx_word' id='word_1_62' title='bbox 1531 1001 1813 1064; x_wconf 70' lang='grc' dir='ltr'>κελεστῖνος</span> <span class='ocrx_word' id='word_1_63' title='bbox 1851 1007 1936 1058; x_wconf 83' lang='grc' dir='ltr'><strong>καί</strong></span> <span class='ocrx_word' id='word_1_64' title='bbox 1963 1007 2128 1080; x_wconf 70' lang='grc' dir='ltr'>Κύριλ·</span> 
     </span>
    </p>
   </div>
   <div class='ocr_carea' id='block_1_10' title="bbox 567 1077 2129 1160">
    <p class='ocr_par' dir='ltr' id='par_1_10' title="bbox 567 1077 2129 1160">
     <span class='ocr_line' id='line_1_10' title="bbox 567 1077 2129 1160; baseline 0.006 -22"><span class='ocrx_word' id='word_1_65' title='bbox 567 1077 648 1139; x_wconf 66' lang='grc' dir='ltr'>λοξ</span> <span class='ocrx_word' id='word_1_66' title='bbox 675 1081 720 1132; x_wconf 79' lang='grc' dir='ltr'>οἶ</span> <span class='ocrx_word' id='word_1_67' title='bbox 745 1081 792 1133; x_wconf 75' lang='grc' dir='ltr'>ἓν</span> <span class='ocrx_word' id='word_1_68' title='bbox 814 1081 930 1157; x_wconf 74' lang='grc' dir='ltr'><strong>ὃσίᾳ</strong></span> <span class='ocrx_word' id='word_1_69' title='bbox 947 1091 1008 1156; x_wconf 74' lang='grc' dir='ltr'><strong>τῇ</strong></span> <span class='ocrx_word' id='word_1_70' title='bbox 1028 1088 1212 1158; x_wconf 72' lang='grc' dir='ltr'>μνήμῃ.</span> <span class='ocrx_word' id='word_1_71' title='bbox 1237 1087 1294 1142; x_wconf 80' lang='grc' dir='ltr'>οὗ</span> <span class='ocrx_word' id='word_1_72' title='bbox 1313 1087 1665 1160; x_wconf 84' lang='grc' dir='ltr'>προσεδέξατο,</span> <span class='ocrx_word' id='word_1_73' title='bbox 1689 1092 1810 1147; x_wconf 83' lang='grc' dir='ltr'><strong>ἀλλά</strong></span> <span class='ocrx_word' id='word_1_74' title='bbox 1835 1097 1918 1148; x_wconf 83' lang='grc' dir='ltr'><strong>καί</strong></span> <span class='ocrx_word' id='word_1_75' title='bbox 1939 1095 2129 1150; x_wconf 83' lang='grc' dir='ltr'>κατεδί-</span> 
     </span>
    </p>
   </div>
   <div class='ocr_carea' id='block_1_11' title="bbox 567 1168 2128 1258">
    <p class='ocr_par' dir='ltr' id='par_1_11' title="bbox 567 1168 2128 1258">
     <span class='ocr_line' id='line_1_11' title="bbox 567 1168 2128 1258; baseline 0.013 -38"><span class='ocrx_word' id='word_1_76' title='bbox 567 1189 737 1222; x_wconf 78' lang='grc' dir='ltr'>κασςν.</span> <span class='ocrx_word' id='word_1_77' title='bbox 769 1168 936 1240; x_wconf 73' lang='grc' dir='ltr'>ἰιμεῖς</span> <span class='ocrx_word' id='word_1_78' title='bbox 965 1171 1018 1226; x_wconf 85' lang='grc' dir='ltr'><strong>δέ</strong></span> <span class='ocrx_word' id='word_1_79' title='bbox 1043 1182 1106 1243; x_wconf 81' lang='grc' dir='ltr'>τῇ</span> <span class='ocrx_word' id='word_1_80' title='bbox 1148 1182 1246 1230; x_wconf 89' lang='grc' dir='ltr'><strong>τῶν</strong></span> <span class='ocrx_word' id='word_1_81' title='bbox 1277 1175 1430 1246; x_wconf 79' lang='grc' dir='ltr'>ἁγίων</span> <span class='ocrx_word' id='word_1_82' title='bbox 1467 1180 1698 1252; x_wconf 86' lang='grc' dir='ltr'>πατέρων</span> <span class='ocrx_word' id='word_1_83' title='bbox 1723 1179 2021 1258; x_wconf 74' lang='grc' dir='ltr'><strong>διδασκαλίᾳ</strong></span> <span class='ocrx_word' id='word_1_84' title='bbox 2047 1184 2128 1240; x_wconf 88' lang='grc' dir='ltr'><strong>διά</strong></span> 
     </span>
    </p>
   </div>
   <div class='ocr_carea' id='block_1_12' title="bbox 566 1260 2128 1343">
    <p class='ocr_par' dir='ltr' id='par_1_12' title="bbox 566 1260 2128 1343">
     <span class='ocr_line' id='line_1_12' title="bbox 566 1260 2128 1343; baseline 0.012 -31"><span class='ocrx_word' id='word_1_85' title='bbox 566 1260 765 1314; x_wconf 84' lang='grc' dir='ltr'>πάντων</span> <span class='ocrx_word' id='word_1_86' title='bbox 797 1263 901 1314; x_wconf 77' lang='grc' dir='ltr'>ἀκό</span> <span class='ocrx_word' id='word_1_87' title='bbox 914 1265 1174 1324; x_wconf 83' lang='grc' dir='ltr'>ουθοῦντες</span> <span class='ocrx_word' id='word_1_88' title='bbox 1191 1308 1206 1332; x_wconf 85' lang='grc'><em>,</em></span> <span class='ocrx_word' id='word_1_89' title='bbox 1237 1269 1316 1320; x_wconf 79' lang='grc' dir='ltr'>καὶ</span> <span class='ocrx_word' id='word_1_90' title='bbox 1341 1273 1431 1326; x_wconf 80' lang='grc' dir='ltr'><strong>τήν</strong></span> <span class='ocrx_word' id='word_1_91' title='bbox 1463 1276 1560 1324; x_wconf 85' lang='grc' dir='ltr'><strong>τῶν</strong></span> <span class='ocrx_word' id='word_1_92' title='bbox 1587 1269 1676 1326; x_wconf 88' lang='grc' dir='ltr'><strong>δύο</strong></span> <span class='ocrx_word' id='word_1_93' title='bbox 1701 1274 1916 1342; x_wconf 76' lang='grc' dir='ltr'>φύσεωνι</span> <span class='ocrx_word' id='word_1_94' title='bbox 1931 1275 2128 1343; x_wconf 83' lang='grc' dir='ltr'>ἕνωσιν,</span> 
     </span>
    </p>
   </div>
   <div class='ocr_carea' id='block_1_13' title="bbox 561 1347 2128 1436">
    <p class='ocr_par' dir='ltr' id='par_1_13' title="bbox 561 1347 2128 1436">
     <span class='ocr_line' id='line_1_13' title="bbox 561 1347 2128 1436; baseline 0.021 -40"><span class='ocrx_word' id='word_1_95' title='bbox 561 1349 616 1410; x_wconf 69' lang='grc' dir='ltr'>ἐξ</span> <span class='ocrx_word' id='word_1_96' title='bbox 644 1347 711 1402; x_wconf 81' lang='grc' dir='ltr'>ὧν</span> <span class='ocrx_word' id='word_1_97' title='bbox 753 1347 780 1404; x_wconf 83' lang='grc' dir='ltr'><strong>ὃ</strong></span> <span class='ocrx_word' id='word_1_98' title='bbox 822 1352 990 1425; x_wconf 81' lang='grc' dir='ltr'>κύριος</span> <span class='ocrx_word' id='word_1_99' title='bbox 1029 1355 1165 1421; x_wconf 73' lang='grc' dir='ltr'>ἡμῶν</span> <span class='ocrx_word' id='word_1_100' title='bbox 1193 1351 1388 1416; x_wconf 76' lang='grc' dir='ltr'>Ἰησοῦς</span> <span class='ocrx_word' id='word_1_101' title='bbox 1413 1362 1633 1431; x_wconf 74' lang='grc' dir='ltr'>Χριστὸς</span> <span class='ocrx_word' id='word_1_102' title='bbox 1671 1361 1696 1416; x_wconf 85' lang='grc' dir='ltr'><strong><em>ὃ</em></strong></span> <span class='ocrx_word' id='word_1_103' title='bbox 1734 1358 1804 1423; x_wconf 75' lang='grc' dir='ltr'>εἷς</span> <span class='ocrx_word' id='word_1_104' title='bbox 1849 1372 1940 1425; x_wconf 77' lang='grc' dir='ltr'><strong>τῆς</strong></span> <span class='ocrx_word' id='word_1_105' title='bbox 1982 1364 2128 1436; x_wconf 76' lang='grc' dir='ltr'>ἁγίας</span> 
     </span>
    </p>
   </div>
   <div class='ocr_carea' id='block_1_14' title="bbox 563 1438 2129 1519">
    <p class='ocr_par' dir='ltr' id='par_1_14' title="bbox 563 1438 2129 1519">
     <span class='ocr_line' id='line_1_14' title="bbox 563 1438 2129 1519; baseline 0.013 -27"><span class='ocrx_word' id='word_1_106' title='bbox 563 1438 786 1510; x_wconf 82' lang='grc' dir='ltr'>τριάδος,</span> <span class='ocrx_word' id='word_1_107' title='bbox 819 1441 846 1495; x_wconf 82' lang='grc' dir='ltr'><strong>ὃ</strong></span> <span class='ocrx_word' id='word_1_108' title='bbox 875 1446 996 1503; x_wconf 85' lang='grc' dir='ltr'>Θεὸς</span> <span class='ocrx_word' id='word_1_109' title='bbox 1023 1443 1164 1516; x_wconf 83' lang='grc' dir='ltr'>λόγος</span> <span class='ocrx_word' id='word_1_110' title='bbox 1195 1451 1470 1519; x_wconf 85' lang='grc' dir='ltr'>σαρκωθείς</span> <span class='ocrx_word' id='word_1_111' title='bbox 1507 1454 1762 1516; x_wconf 76' lang='grc' dir='ltr'><strong>συνετέθη,</strong></span> <span class='ocrx_word' id='word_1_112' title='bbox 1792 1458 1874 1508; x_wconf 82' lang='grc' dir='ltr'><strong>καί</strong></span> <span class='ocrx_word' id='word_1_113' title='bbox 1897 1462 1986 1514; x_wconf 71' lang='grc' dir='ltr'>τὴν</span> <span class='ocrx_word' id='word_1_114' title='bbox 2011 1461 2129 1512; x_wconf 87' lang='grc' dir='ltr'>τού·</span> 
     </span>
    </p>
   </div>
   <div class='ocr_carea' id='block_1_15' title="bbox 561 1529 2128 1624">
    <p class='ocr_par' dir='ltr' id='par_1_15' title="bbox 561 1529 2128 1624">
     <span class='ocr_line' id='line_1_15' title="bbox 561 1529 2128 1624; baseline 0.012 -40"><span class='ocrx_word' id='word_1_115' title='bbox 561 1553 660 1584; x_wconf 88' lang='grc' dir='ltr'><strong>των</strong></span> <span class='ocrx_word' id='word_1_116' title='bbox 693 1529 929 1607; x_wconf 50' lang='grc' dir='ltr'>διαθοράν</span> <span class='ocrx_word' id='word_1_117' title='bbox 968 1537 1385 1610; x_wconf 73' lang='grc' dir='ltr'>ούκ·ἀνῃρημένην</span> <span class='ocrx_word' id='word_1_118' title='bbox 1427 1538 1512 1595; x_wconf 87' lang='grc' dir='ltr'><strong>διά</strong></span> <span class='ocrx_word' id='word_1_119' title='bbox 1558 1547 1646 1600; x_wconf 70' lang='grc' dir='ltr'>τὴν</span> <span class='ocrx_word' id='word_1_120' title='bbox 1685 1543 1860 1598; x_wconf 76' lang='grc' dir='ltr'>ἕνωσιν</span> <span class='ocrx_word' id='word_1_121' title='bbox 1896 1547 2128 1624; x_wconf 80' lang='grc' dir='ltr'><strong>ἀνωτέρω</strong></span> 
     </span>
    </p>
   </div>
   <div class='ocr_carea' id='block_1_16' title="bbox 563 1625 2127 1710">
    <p class='ocr_par' dir='ltr' id='par_1_16' title="bbox 563 1625 2127 1710">
     <span class='ocr_line' id='line_1_16' title="bbox 563 1625 2127 1710; baseline 0.013 -36"><span class='ocrx_word' id='word_1_122' title='bbox 563 1625 870 1698; x_wconf 65' lang='grc' dir='ltr'>σαῖέστερον</span> <span class='ocrx_word' id='word_1_123' title='bbox 895 1625 1240 1698; x_wconf 79' lang='grc' dir='ltr'><strong>ἀπεδείξαμεν.</strong></span> <span class='ocrx_word' id='word_1_124' title='bbox 1275 1635 1363 1685; x_wconf 65' lang='grc' dir='ltr'>καί</span> <span class='ocrx_word' id='word_1_125' title='bbox 1391 1632 1534 1707; x_wconf 73' lang='grc' dir='ltr'>ἤρκει</span> <span class='ocrx_word' id='word_1_126' title='bbox 1557 1635 1646 1704; x_wconf 84' lang='grc' dir='ltr'><strong>μέν</strong></span> <span class='ocrx_word' id='word_1_127' title='bbox 1666 1637 1728 1689; x_wconf 90' lang='grc' dir='ltr'><strong>τά</strong></span> <span class='ocrx_word' id='word_1_128' title='bbox 1757 1638 1877 1710; x_wconf 83' lang='grc' dir='ltr'>παρ’</span> <span class='ocrx_word' id='word_1_129' title='bbox 1903 1640 2040 1710; x_wconf 79' lang='grc' dir='ltr'>ἡμῶν</span> <span class='ocrx_word' id='word_1_130' title='bbox 2063 1645 2127 1696; x_wconf 82' lang='grc' dir='ltr'><strong>εἰ·</strong></span> 
     </span>
    </p>
   </div>
   <div class='ocr_carea' id='block_1_17' title="bbox 559 1713 2119 1798">
    <p class='ocr_par' dir='ltr' id='par_1_17' title="bbox 559 1713 2119 1798">
     <span class='ocr_line' id='line_1_17' title="bbox 559 1713 2119 1798; baseline 0.015 -38"><span class='ocrx_word' id='word_1_131' title='bbox 559 1713 746 1782; x_wconf 71' lang='grc' dir='ltr'>ριςμένα</span> <span class='ocrx_word' id='word_1_132' title='bbox 773 1714 1000 1788; x_wconf 48' lang='grc' dir='ltr'>πληροφο.</span> <span class='ocrx_word' id='word_1_133' title='bbox 1025 1724 1147 1774; x_wconf 82' lang='grc' dir='ltr'>ἧσαι</span> <span class='ocrx_word' id='word_1_134' title='bbox 1185 1720 1304 1778; x_wconf 88' lang='grc' dir='ltr'>τούς</span> <span class='ocrx_word' id='word_1_135' title='bbox 1343 1726 1413 1790; x_wconf 75' lang='grc' dir='ltr'>μή</span> <span class='ocrx_word' id='word_1_136' title='bbox 1448 1721 1780 1792; x_wconf 71' lang='grc' dir='ltr'><strong>βουλομένους</strong></span> <span class='ocrx_word' id='word_1_137' title='bbox 1825 1726 2119 1798; x_wconf 76' lang='grc' dir='ltr'><strong>φιλονεικεῖν.</strong></span> 
     </span>
    </p>
   </div>
   <div class='ocr_carea' id='block_1_18' title="bbox 560 1797 2122 1894">
    <p class='ocr_par' dir='ltr' id='par_1_18' title="bbox 560 1797 2122 1894">
     <span class='ocr_line' id='line_1_18' title="bbox 560 1797 2122 1894; baseline 0.015 -43"><span class='ocrx_word' id='word_1_138' title='bbox 560 1797 680 1852; x_wconf 80' lang='grc' dir='ltr'>Ἀλλ’</span> <span class='ocrx_word' id='word_1_139' title='bbox 704 1801 874 1862; x_wconf 77' lang='grc' dir='ltr'>ἐπειδὴ</span> <span class='ocrx_word' id='word_1_140' title='bbox 894 1806 1023 1879; x_wconf 84' lang='grc' dir='ltr'>πρὸς</span> <span class='ocrx_word' id='word_1_141' title='bbox 1052 1807 1280 1862; x_wconf 76' lang='grc' dir='ltr'>ἀσέϐειαν</span> <span class='ocrx_word' id='word_1_142' title='bbox 1307 1809 1444 1875; x_wconf 83' lang='grc' dir='ltr'>ἅπαξ</span> <span class='ocrx_word' id='word_1_143' title='bbox 1485 1814 1788 1876; x_wconf 79' lang='grc' dir='ltr'><strong>ἐκκλίναντες</strong></span> <span class='ocrx_word' id='word_1_144' title='bbox 1823 1821 1906 1872; x_wconf 86' lang='grc' dir='ltr'><strong>καί</strong></span> <span class='ocrx_word' id='word_1_145' title='bbox 1937 1819 2122 1894; x_wconf 78' lang='grc' dir='ltr'>ἑτέροις</span> 
     </span>
    </p>
   </div>
   <div class='ocr_carea' id='block_1_19' title="bbox 560 1891 2124 1970">
    <p class='ocr_par' dir='ltr' id='par_1_19' title="bbox 560 1891 2124 1970">
     <span class='ocr_line' id='line_1_19' title="bbox 560 1891 2124 1970; baseline 0.017 -30"><span class='ocrx_word' id='word_1_146' title='bbox 560 1891 580 1940; x_wconf 83' lang='grc' dir='ltr'><strong>έ</strong></span> <span class='ocrx_word' id='word_1_147' title='bbox 590 1900 817 1966; x_wconf 75' lang='grc' dir='ltr'>πιχειροί</span> <span class='ocrx_word' id='word_1_148' title='bbox 832 1914 912 1948; x_wconf 89' lang='grc' dir='ltr'>σιν</span> <span class='ocrx_word' id='word_1_149' title='bbox 933 1933 948 1957; x_wconf 86' lang='grc'><strong><em>,</em></strong></span> <span class='ocrx_word' id='word_1_150' title='bbox 979 1897 1256 1969; x_wconf 74' lang='grc' dir='ltr'><strong>ἀναγκαίως</strong></span> <span class='ocrx_word' id='word_1_151' title='bbox 1281 1901 1425 1970; x_wconf 79' lang='grc' dir='ltr'>ἡμεῖς</span> <span class='ocrx_word' id='word_1_152' title='bbox 1452 1905 1533 1956; x_wconf 88' lang='grc' dir='ltr'><strong>καί</strong></span> <span class='ocrx_word' id='word_1_153' title='bbox 1566 1909 1658 1964; x_wconf 84' lang='grc' dir='ltr'>τὰς</span> <span class='ocrx_word' id='word_1_154' title='bbox 1685 1909 1920 1969; x_wconf 76' lang='grc' dir='ltr'>τοιαύτας</span> <span class='ocrx_word' id='word_1_155' title='bbox 1957 1913 2124 1966; x_wconf 84' lang='grc' dir='ltr'>αὐτῶν</span> 
     </span>
    </p>
   </div>
   <div class='ocr_carea' id='block_1_20' title="bbox 557 1983 2120 2072">
    <p class='ocr_par' dir='ltr' id='par_1_20' title="bbox 557 1983 2120 2072">
     <span class='ocr_line' id='line_1_20' title="bbox 557 1983 2120 2072; baseline 0.015 -39"><span class='ocrx_word' id='word_1_156' title='bbox 557 1983 834 2055; x_wconf 55' lang='grc' dir='ltr'>προφάσεις</span> <span class='ocrx_word' id='word_1_157' title='bbox 874 1987 1090 2053; x_wconf 76' lang='grc' dir='ltr'>ματαίας</span> <span class='ocrx_word' id='word_1_158' title='bbox 1131 1987 1470 2060; x_wconf 78' lang='grc' dir='ltr'><strong>ἀποδείξομεν.</strong></span> <span class='ocrx_word' id='word_1_159' title='bbox 1517 1997 1643 2048; x_wconf 64' lang='grc' dir='ltr'>Φασὶ</span> <span class='ocrx_word' id='word_1_160' title='bbox 1663 1997 1760 2072; x_wconf 80' lang='grc' dir='ltr'><strong>γάρ</strong></span> <span class='ocrx_word' id='word_1_161' title='bbox 1787 2002 1856 2067; x_wconf 71' lang='grc' dir='ltr'><em>μή</em></span> <span class='ocrx_word' id='word_1_162' title='bbox 1897 1997 1995 2054; x_wconf 87' lang='grc' dir='ltr'>δεῖν</span> <span class='ocrx_word' id='word_1_163' title='bbox 2021 2003 2120 2056; x_wconf 87' lang='grc' dir='ltr'>ύπὸ</span> 
     </span>
    </p>
   </div>
   <div class='ocr_carea' id='block_1_21' title="bbox 557 2071 2120 2164">
    <p class='ocr_par' dir='ltr' id='par_1_21' title="bbox 557 2071 2120 2164">
     <span class='ocr_line' id='line_1_21' title="bbox 557 2071 2120 2164; baseline 0.013 -41"><span class='ocrx_word' id='word_1_164' title='bbox 557 2071 745 2142; x_wconf 60' lang='grc' dir='ltr'>μέμψιν</span> <span class='ocrx_word' id='word_1_165' title='bbox 785 2075 1014 2144; x_wconf 85' lang='grc' dir='ltr'>γενέσθαι</span> <span class='ocrx_word' id='word_1_166' title='bbox 1048 2082 1137 2134; x_wconf 71' lang='grc' dir='ltr'>τήν</span> <span class='ocrx_word' id='word_1_167' title='bbox 1167 2079 1326 2136; x_wconf 76' lang='grc' dir='ltr'>ἀσεϐῆ</span> <span class='ocrx_word' id='word_1_168' title='bbox 1369 2081 1626 2140; x_wconf 74' lang='grc' dir='ltr'>ἐπιστολήν</span> <span class='ocrx_word' id='word_1_169' title='bbox 1668 2083 1752 2140; x_wconf 83' lang='grc' dir='ltr'><strong>διά</strong></span> <span class='ocrx_word' id='word_1_170' title='bbox 1797 2087 1853 2140; x_wconf 83' lang='grc' dir='ltr'>τὸ</span> <span class='ocrx_word' id='word_1_171' title='bbox 1895 2089 2120 2164; x_wconf 78' lang='grc' dir='ltr'>φέρεσθαι</span> 
     </span>
    </p>
   </div>
   <div class='ocr_carea' id='block_1_22' title="bbox 555 2163 2120 2235">
    <p class='ocr_par' dir='ltr' id='par_1_22' title="bbox 555 2163 2120 2235">
     <span class='ocr_line' id='line_1_22' title="bbox 555 2163 2120 2235; baseline 0.012 -20"><span class='ocrx_word' id='word_1_172' title='bbox 555 2163 604 2216; x_wconf 70' lang='grc' dir='ltr'><strong>έν</strong></span> <span class='ocrx_word' id='word_1_173' title='bbox 625 2184 728 2216; x_wconf 85' lang='grc' dir='ltr'>τισι</span> <span class='ocrx_word' id='word_1_174' title='bbox 752 2165 977 2235; x_wconf 60' lang='grc' dir='ltr'>βιϐλίοις.</span> <span class='ocrx_word' id='word_1_175' title='bbox 1003 2165 1124 2220; x_wconf 81' lang='grc' dir='ltr'>Ἀλλ’</span> <span class='ocrx_word' id='word_1_176' title='bbox 1153 2173 1198 2224; x_wconf 88' lang='grc' dir='ltr'><strong>εί</strong></span> <span class='ocrx_word' id='word_1_177' title='bbox 1233 2171 1380 2226; x_wconf 74' lang='grc' dir='ltr'><strong>τοῦτὸ</strong></span> <span class='ocrx_word' id='word_1_178' title='bbox 1403 2193 1480 2232; x_wconf 88' lang='grc' dir='ltr'><strong>τις</strong></span> <span class='ocrx_word' id='word_1_179' title='bbox 1507 2175 1633 2227; x_wconf 86' lang='grc' dir='ltr'><strong>κατά</strong></span> <span class='ocrx_word' id='word_1_180' title='bbox 1659 2179 1741 2232; x_wconf 74' lang='grc' dir='ltr'>τήν</span> <span class='ocrx_word' id='word_1_181' title='bbox 1769 2178 1930 2230; x_wconf 77' lang='grc' dir='ltr'>αὐτῶν</span> <span class='ocrx_word' id='word_1_182' title='bbox 1957 2177 2120 2234; x_wconf 75' lang='grc' dir='ltr'>ἄνοιαν</span> 
     </span>
    </p>
   </div>
   <div class='ocr_carea' id='block_1_23' title="bbox 553 2251 2118 2336">
    <p class='ocr_par' dir='ltr' id='par_1_23' title="bbox 553 2251 2118 2336">
     <span class='ocr_line' id='line_1_23' title="bbox 553 2251 2118 2336; baseline 0.012 -33"><span class='ocrx_word' id='word_1_183' title='bbox 553 2251 912 2329; x_wconf 71' lang='grc' dir='ltr'>προσδέξηται,</span> <span class='ocrx_word' id='word_1_184' title='bbox 946 2254 1129 2310; x_wconf 84' lang='grc' dir='ltr'>δεῖκαὶ</span> <span class='ocrx_word' id='word_1_185' title='bbox 1157 2260 1392 2328; x_wconf 77' lang='grc' dir='ltr'>Εὐτυχέα</span> <span class='ocrx_word' id='word_1_186' title='bbox 1438 2264 1518 2314; x_wconf 86' lang='grc' dir='ltr'><strong>καί</strong></span> <span class='ocrx_word' id='word_1_187' title='bbox 1554 2263 1821 2327; x_wconf 68' lang='grc' dir='ltr'>Νεστὸριιν</span> <span class='ocrx_word' id='word_1_188' title='bbox 1855 2264 2118 2336; x_wconf 75' lang='grc' dir='ltr'>δέχεσθαι,</span> 
     </span>
    </p>
   </div>
   <div class='ocr_carea' id='block_1_24' title="bbox 553 2341 2122 2429">
    <p class='ocr_par' dir='ltr' id='par_1_24' title="bbox 553 2341 2122 2429">
     <span class='ocr_line' id='line_1_24' title="bbox 553 2341 2122 2429; baseline 0.01 -35"><span class='ocrx_word' id='word_1_189' title='bbox 553 2341 724 2402; x_wconf 69' lang='grc' dir='ltr'>ἔπειδὴ</span> <span class='ocrx_word' id='word_1_190' title='bbox 743 2344 900 2398; x_wconf 87' lang='grc' dir='ltr'>πολλά</span> <span class='ocrx_word' id='word_1_191' title='bbox 923 2349 1005 2398; x_wconf 81' lang='grc' dir='ltr'><strong>καί</strong></span> <span class='ocrx_word' id='word_1_192' title='bbox 1036 2351 1149 2419; x_wconf 82' lang='grc' dir='ltr'>περὶ</span> <span class='ocrx_word' id='word_1_193' title='bbox 1171 2349 1356 2402; x_wconf 84' lang='grc' dir='ltr'>τούτων</span> <span class='ocrx_word' id='word_1_194' title='bbox 1383 2357 1490 2408; x_wconf 72' lang='grc' dir='ltr'>τίῐς</span> <span class='ocrx_word' id='word_1_195' title='bbox 1511 2351 1559 2402; x_wconf 83' lang='grc' dir='ltr'><strong>έν</strong></span> <span class='ocrx_word' id='word_1_196' title='bbox 1587 2360 1646 2424; x_wconf 76' lang='grc' dir='ltr'>τῇ</span> <span class='ocrx_word' id='word_1_197' title='bbox 1674 2353 1864 2424; x_wconf 71' lang='grc' dir='ltr'>συνόδῳ</span> <span class='ocrx_word' id='word_1_198' title='bbox 1891 2377 2122 2429; x_wconf 74' lang='grc' dir='ltr'>πεπραγ-</span> 
     </span>
    </p>
   </div>
   <div class='ocr_carea' id='block_1_25' title="bbox 553 2433 2122 2521">
    <p class='ocr_par' dir='ltr' id='par_1_25' title="bbox 553 2433 2122 2521">
     <span class='ocr_line' id='line_1_25' title="bbox 553 2433 2122 2521; baseline 0.009 -35"><span class='ocrx_word' id='word_1_199' title='bbox 553 2433 713 2499; x_wconf 63' lang='grc' dir='ltr'>μένοις</span> <span class='ocrx_word' id='word_1_200' title='bbox 737 2436 1016 2512; x_wconf 78' lang='grc' dir='ltr'><strong>ἐμφέρεται.</strong></span> <span class='ocrx_word' id='word_1_201' title='bbox 1038 2433 1159 2488; x_wconf 79' lang='grc' dir='ltr'>Ἀλλ’</span> <span class='ocrx_word' id='word_1_202' title='bbox 1186 2435 1342 2496; x_wconf 79' lang='grc' dir='ltr'>οὐδεὶς</span> <span class='ocrx_word' id='word_1_203' title='bbox 1367 2445 1470 2514; x_wconf 26' lang='grc' dir='ltr'>τῶν.</span> <span class='ocrx_word' id='word_1_204' title='bbox 1494 2442 1852 2512; x_wconf 61' lang='grc' dir='ltr'>εὐφρανούντων</span> <span class='ocrx_word' id='word_1_205' title='bbox 1873 2453 1973 2504; x_wconf 86' lang='grc' dir='ltr'>τοῖς</span> <span class='ocrx_word' id='word_1_206' title='bbox 1999 2449 2122 2521; x_wconf 71' lang='grc' dir='ltr'>παρ’</span> 
     </span>
    </p>
   </div>
   <div class='ocr_carea' id='block_1_26' title="bbox 553 2524 2118 2608">
    <p class='ocr_par' dir='ltr' id='par_1_26' title="bbox 553 2524 2118 2608">
     <span class='ocr_line' id='line_1_26' title="bbox 553 2524 2118 2608; baseline 0.011 -34"><span class='ocrx_word' id='word_1_207' title='bbox 553 2524 713 2576; x_wconf 62' lang='grc' dir='ltr'>αδτῶν</span> <span class='ocrx_word' id='word_1_208' title='bbox 739 2524 1017 2597; x_wconf 66' lang='grc' dir='ltr'>λεγομένοις</span> <span class='ocrx_word' id='word_1_209' title='bbox 1057 2529 1288 2600; x_wconf 78' lang='grc' dir='ltr'>προσέξει</span> <span class='ocrx_word' id='word_1_210' title='bbox 1331 2529 1415 2583; x_wconf 83' lang='grc' dir='ltr'>τὸν</span> <span class='ocrx_word' id='word_1_211' title='bbox 1456 2537 1590 2582; x_wconf 84' lang='grc' dir='ltr'>νοῦν.</span> <span class='ocrx_word' id='word_1_212' title='bbox 1623 2534 1694 2585; x_wconf 87' lang='grc' dir='ltr'>Τά</span> <span class='ocrx_word' id='word_1_213' title='bbox 1722 2537 1817 2606; x_wconf 81' lang='grc' dir='ltr'><strong>γάρ</strong></span> <span class='ocrx_word' id='word_1_214' title='bbox 1864 2541 1980 2608; x_wconf 70' lang='grc' dir='ltr'>περί</span> <span class='ocrx_word' id='word_1_215' title='bbox 2023 2547 2118 2591; x_wconf 79' lang='grc' dir='ltr'><strong>τῶν</strong></span> 
     </span>
    </p>
   </div>
   <div class='ocr_carea' id='block_1_27' title="bbox 554 2616 2124 2700">
    <p class='ocr_par' dir='ltr' id='par_1_27' title="bbox 554 2616 2124 2700">
     <span class='ocr_line' id='line_1_27' title="bbox 554 2616 2124 2700; baseline 0.009 -32"><span class='ocrx_word' id='word_1_216' title='bbox 554 2616 814 2687; x_wconf 79' lang='grc' dir='ltr'>αἳρετικῶν</span> <span class='ocrx_word' id='word_1_217' title='bbox 840 2617 889 2668; x_wconf 84' lang='grc' dir='ltr'><strong>ἐν</strong></span> <span class='ocrx_word' id='word_1_218' title='bbox 917 2625 1028 2677; x_wconf 82' lang='grc' dir='ltr'>ταῖς</span> <span class='ocrx_word' id='word_1_219' title='bbox 1067 2617 1292 2680; x_wconf 80' lang='grc' dir='ltr'>συνόδοις</span> <span class='ocrx_word' id='word_1_220' title='bbox 1319 2621 1687 2696; x_wconf 55' lang='grc' dir='ltr'>προγερόμενα,</span> <span class='ocrx_word' id='word_1_221' title='bbox 1731 2629 1808 2678; x_wconf 80' lang='grc' dir='ltr'><strong>καί</strong></span> <span class='ocrx_word' id='word_1_222' title='bbox 1837 2629 1990 2700; x_wconf 86' lang='grc' dir='ltr'>μέρος</span> <span class='ocrx_word' id='word_1_223' title='bbox 2023 2637 2124 2694; x_wconf 51' lang='grc' dir='ltr'>τῶν,</span> 
     </span>
    </p>
   </div>
   <div class='ocr_carea' id='block_1_28' title="bbox 553 2703 2118 2788">
    <p class='ocr_par' dir='ltr' id='par_1_28' title="bbox 553 2703 2118 2788">
     <span class='ocr_line' id='line_1_28' title="bbox 553 2703 2118 2788; baseline 0.01 -33"><span class='ocrx_word' id='word_1_224' title='bbox 553 2703 923 2774; x_wconf 74' lang='grc' dir='ltr'>ὑπομνημάτων</span> <span class='ocrx_word' id='word_1_225' title='bbox 943 2707 1167 2776; x_wconf 63' lang='grc' dir='ltr'>γινόμενα</span> <span class='ocrx_word' id='word_1_226' title='bbox 1191 2709 1276 2761; x_wconf 74' lang='grc' dir='ltr'>οὐκ</span> <span class='ocrx_word' id='word_1_227' title='bbox 1301 2711 1384 2762; x_wconf 84' lang='grc' dir='ltr'>ἐπὶ</span> <span class='ocrx_word' id='word_1_228' title='bbox 1411 2719 1480 2782; x_wconf 79' lang='grc' dir='ltr'>τῷ</span> <span class='ocrx_word' id='word_1_229' title='bbox 1503 2712 1825 2788; x_wconf 61' lang='grc' dir='ltr'>ἂευθερωῦῆν</span> <span class='ocrx_word' id='word_1_230' title='bbox 1862 2738 1898 2780; x_wconf 81' lang='grc' dir='ltr'>ι,</span> <span class='ocrx_word' id='word_1_231' title='bbox 1924 2717 2026 2769; x_wconf 68' lang='grc' dir='ltr'>ά)λ“</span> <span class='ocrx_word' id='word_1_232' title='bbox 2049 2739 2069 2770; x_wconf 88' lang='grc' dir='ltr'><strong>ε</strong></span> <span class='ocrx_word' id='word_1_233' title='bbox 2094 2740 2118 2778; x_wconf 91' lang='grc' dir='ltr'><strong>ς</strong></span> 
     </span>
    </p>
   </div>
   <div class='ocr_carea' id='block_1_29' title="bbox 553 2791 2119 2873">
    <p class='ocr_par' dir='ltr' id='par_1_29' title="bbox 553 2791 2119 2873">
     <span class='ocr_line' id='line_1_29' title="bbox 553 2791 2119 2873; baseline 0.011 -31"><span class='ocrx_word' id='word_1_234' title='bbox 553 2791 768 2864; x_wconf 77' lang='grc' dir='ltr'>ἔλεγχον</span> <span class='ocrx_word' id='word_1_235' title='bbox 799 2793 978 2856; x_wconf 70' lang='grc' dir='ltr'>ἄύτῶν,</span> <span class='ocrx_word' id='word_1_236' title='bbox 1005 2797 1086 2848; x_wconf 87' lang='grc' dir='ltr'>καὶ</span> <span class='ocrx_word' id='word_1_237' title='bbox 1111 2796 1192 2848; x_wconf 85' lang='grc' dir='ltr'>ἔπί</span> <span class='ocrx_word' id='word_1_238' title='bbox 1220 2800 1406 2866; x_wconf 82' lang='grc' dir='ltr'>μείζονι</span> <span class='ocrx_word' id='word_1_239' title='bbox 1433 2803 1716 2873; x_wconf 79' lang='grc' dir='ltr'>κατακρίσιι</span> <span class='ocrx_word' id='word_1_240' title='bbox 1743 2804 1905 2855; x_wconf 81' lang='grc' dir='ltr'>αὐτῶν</span> <span class='ocrx_word' id='word_1_241' title='bbox 1934 2824 2006 2870; x_wconf 77' lang='grc' dir='ltr'>τε,</span> <span class='ocrx_word' id='word_1_242' title='bbox 2036 2811 2119 2859; x_wconf 88' lang='grc' dir='ltr'>καὶ</span> 
     </span>
    </p>
   </div>
   <div class='ocr_carea' id='block_1_30' title="bbox 549 2877 2116 2959">
    <p class='ocr_par' dir='ltr' id='par_1_30' title="bbox 549 2877 2116 2959">
     <span class='ocr_line' id='line_1_30' title="bbox 549 2877 2116 2959; baseline 0.01 -27"><span class='ocrx_word' id='word_1_243' title='bbox 549 2881 616 2932; x_wconf 83' lang='grc' dir='ltr'>τὰ</span> <span class='ocrx_word' id='word_1_244' title='bbox 641 2877 790 2950; x_wconf 82' lang='grc' dir='ltr'>ὅμοια</span> <span class='ocrx_word' id='word_1_245' title='bbox 823 2883 990 2942; x_wconf 74' lang='grc' dir='ltr'>αὐτοῖς</span> <span class='ocrx_word' id='word_1_246' title='bbox 1022 2887 1322 2959; x_wconf 67' lang='grc' dir='ltr'>φρονούντων</span> <span class='ocrx_word' id='word_1_247' title='bbox 1356 2887 1826 2959; x_wconf 73' lang='grc' dir='ltr'>παραλαμϐάνεται.</span> <span class='ocrx_word' id='word_1_248' title='bbox 1853 2894 1907 2944; x_wconf 74' lang='grc' dir='ltr'><strong>εἰ</strong></span> <span class='ocrx_word' id='word_1_249' title='bbox 1933 2897 2013 2946; x_wconf 85' lang='grc' dir='ltr'><strong>καί</strong></span> <span class='ocrx_word' id='word_1_250' title='bbox 2041 2892 2116 2948; x_wconf 80' lang='grc' dir='ltr'>ὅτι</span> 
     </span>
    </p>
   </div>
   <div class='ocr_carea' id='block_1_31' title="bbox 551 2971 2118 3053">
    <p class='ocr_par' dir='ltr' id='par_1_31' title="bbox 551 2971 2118 3053">
     <span class='ocr_line' id='line_1_31' title="bbox 551 2971 2118 3053; baseline 0.01 -29"><span class='ocrx_word' id='word_1_251' title='bbox 551 2971 617 3026; x_wconf 66' lang='grc' dir='ltr'><strong>τά</strong></span> <span class='ocrx_word' id='word_1_252' title='bbox 648 2979 738 3030; x_wconf 80' lang='grc' dir='ltr'>τῆς</span> <span class='ocrx_word' id='word_1_253' title='bbox 767 2972 984 3034; x_wconf 77' lang='grc' dir='ltr'>ἀσεϐοῦς</span> <span class='ocrx_word' id='word_1_254' title='bbox 1011 2975 1274 3035; x_wconf 81' lang='grc' dir='ltr'>ἐπιστολῆς</span> <span class='ocrx_word' id='word_1_255' title='bbox 1301 2977 1543 3053; x_wconf 77' lang='grc' dir='ltr'>φερόμενα</span> <span class='ocrx_word' id='word_1_256' title='bbox 1568 2981 1902 3051; x_wconf 53' lang='grc' dir='ltr'>ὑπομνήματα</span> <span class='ocrx_word' id='word_1_257' title='bbox 1931 2981 1987 3036; x_wconf 78' lang='grc' dir='ltr'><strong>ἕν</strong></span> <span class='ocrx_word' id='word_1_258' title='bbox 2014 3006 2118 3040; x_wconf 86' lang='grc' dir='ltr'>τισι</span> 
     </span>
    </p>
   </div>
   <div class='ocr_carea' id='block_1_32' title="bbox 551 3061 2118 3140">
    <p class='ocr_par' dir='ltr' id='par_1_32' title="bbox 551 3061 2118 3140">
     <span class='ocr_line' id='line_1_32' title="bbox 551 3061 2118 3140; baseline 0.012 -27"><span class='ocrx_word' id='word_1_259' title='bbox 551 3063 640 3130; x_wconf 76' lang='grc' dir='ltr'><strong>μέν</strong></span> <span class='ocrx_word' id='word_1_260' title='bbox 662 3061 892 3132; x_wconf 76' lang='grc' dir='ltr'>βιϐλίοις,</span> <span class='ocrx_word' id='word_1_261' title='bbox 919 3067 982 3124; x_wconf 83' lang='grc' dir='ltr'>ὡς</span> <span class='ocrx_word' id='word_1_262' title='bbox 1007 3062 1214 3140; x_wconf 72' lang='grc' dir='ltr'>εἴρηται.</span> <span class='ocrx_word' id='word_1_263' title='bbox 1257 3068 1562 3136; x_wconf 79' lang='grc' dir='ltr'>ἐντέτακται,</span> <span class='ocrx_word' id='word_1_264' title='bbox 1600 3075 1646 3125; x_wconf 86' lang='grc' dir='ltr'><strong>έν</strong></span> <span class='ocrx_word' id='word_1_265' title='bbox 1675 3071 1727 3126; x_wconf 87' lang='grc' dir='ltr'><strong>δέ</strong></span> <span class='ocrx_word' id='word_1_266' title='bbox 1759 3083 1862 3134; x_wconf 83' lang='grc' dir='ltr'>τοῖς</span> <span class='ocrx_word' id='word_1_267' title='bbox 1893 3077 2118 3132; x_wconf 57' lang='lat' dir='ltr'><strong>«segm-</strong></span> 
     </span>
    </p>
   </div>
   <div class='ocr_carea' id='block_1_33' title="bbox 549 3149 2118 3238">
    <p class='ocr_par' dir='ltr' id='par_1_33' title="bbox 549 3149 2118 3238">
     <span class='ocr_line' id='line_1_33' title="bbox 549 3149 2118 3238; baseline 0.011 -35"><span class='ocrx_word' id='word_1_268' title='bbox 549 3159 671 3214; x_wconf 70' lang='grc' dir='ltr'>κοῖς,</span> <span class='ocrx_word' id='word_1_269' title='bbox 705 3153 753 3206; x_wconf 83' lang='grc' dir='ltr'><strong>ἐν</strong></span> <span class='ocrx_word' id='word_1_270' title='bbox 783 3149 853 3212; x_wconf 63' lang='grc' dir='ltr'>οἷς</span> <span class='ocrx_word' id='word_1_271' title='bbox 873 3154 1172 3228; x_wconf 69' lang='grc' dir='ltr'>ὑπέγραψαν</span> <span class='ocrx_word' id='word_1_272' title='bbox 1193 3157 1235 3208; x_wconf 73' lang='grc' dir='ltr'>οῗ</span> <span class='ocrx_word' id='word_1_273' title='bbox 1270 3156 1535 3214; x_wconf 76' lang='grc' dir='ltr'>ὁσιώτατοι</span> <span class='ocrx_word' id='word_1_274' title='bbox 1567 3163 1850 3228; x_wconf 82' lang='grc' dir='ltr'>ἐπίσκοποι,</span> <span class='ocrx_word' id='word_1_275' title='bbox 1883 3165 2118 3238; x_wconf 66' lang='grc' dir='ltr'>οὐδαμῶς</span> 
     </span>
    </p>
   </div>
   <div class='ocr_carea' id='block_1_34' title="bbox 549 3241 2116 3322">
    <p class='ocr_par' dir='ltr' id='par_1_34' title="bbox 549 3241 2116 3322">
     <span class='ocr_line' id='line_1_34' title="bbox 549 3241 2116 3322; baseline 0.016 -34"><span class='ocrx_word' id='word_1_276' title='bbox 549 3241 782 3314; x_wconf 57' lang='grc' dir='ltr'>ηἷρηται.</span> <span class='ocrx_word' id='word_1_277' title='bbox 815 3243 936 3300; x_wconf 70' lang='grc' dir='ltr'>Πλὴν</span> <span class='ocrx_word' id='word_1_278' title='bbox 959 3245 1166 3314; x_wconf 82' lang='grc' dir='ltr'>κάκείνῳ</span> <span class='ocrx_word' id='word_1_279' title='bbox 1205 3243 1285 3299; x_wconf 77' lang='grc' dir='ltr'>δεῖ</span> <span class='ocrx_word' id='word_1_280' title='bbox 1307 3252 1588 3322; x_wconf 83' lang='grc' dir='ltr'>προσέχειν</span> <span class='ocrx_word' id='word_1_281' title='bbox 1616 3255 1734 3312; x_wconf 81' lang='grc' dir='ltr'>τούς</span> <span class='ocrx_word' id='word_1_282' title='bbox 1768 3261 1856 3312; x_wconf 70' lang='grc' dir='ltr'><strong>τήν</strong></span> <span class='ocrx_word' id='word_1_283' title='bbox 1890 3255 2116 3314; x_wconf 81' lang='grc' dir='ltr'>ἀλήθειαν</span> 
     </span>
    </p>
   </div>
   <div class='ocr_carea' id='block_1_35' title="bbox 552 3329 2113 3420">
    <p class='ocr_par' dir='ltr' id='par_1_35' title="bbox 552 3329 2113 3420">
     <span class='ocr_line' id='line_1_35' title="bbox 552 3329 2113 3420; baseline 0.011 -37"><span class='ocrx_word' id='word_1_284' title='bbox 552 3333 868 3406; x_wconf 85' lang='grc' dir='ltr'>έρευνῶντας’</span> <span class='ocrx_word' id='word_1_285' title='bbox 901 3329 978 3386; x_wconf 77' lang='grc' dir='ltr'>ὅτι</span> <span class='ocrx_word' id='word_1_286' title='bbox 1001 3333 1234 3394; x_wconf 52' lang='grc' dir='ltr'>πολλάκις</span> <span class='ocrx_word' id='word_1_287' title='bbox 1262 3339 1371 3389; x_wconf 82' lang='grc' dir='ltr'>τινὰ</span> <span class='ocrx_word' id='word_1_288' title='bbox 1391 3337 1438 3388; x_wconf 89' lang='grc' dir='ltr'><strong>έν</strong></span> <span class='ocrx_word' id='word_1_289' title='bbox 1477 3346 1595 3397; x_wconf 87' lang='grc' dir='ltr'>ταῖς</span> <span class='ocrx_word' id='word_1_290' title='bbox 1621 3340 1844 3401; x_wconf 83' lang='grc' dir='ltr'>συνόδοις</span> <span class='ocrx_word' id='word_1_291' title='bbox 1873 3347 2012 3420; x_wconf 87' lang='grc' dir='ltr'>παρά</span> <span class='ocrx_word' id='word_1_292' title='bbox 2035 3368 2113 3400; x_wconf 83' lang='grc' dir='ltr'>τι-</span> 
     </span>
    </p>
   </div>
   <div class='ocr_carea' id='block_1_36' title="bbox 548 3423 2112 3507">
    <p class='ocr_par' dir='ltr' id='par_1_36' title="bbox 548 3423 2112 3507">
     <span class='ocr_line' id='line_1_36' title="bbox 548 3423 2112 3507; baseline 0.01 -35"><span class='ocrx_word' id='word_1_293' title='bbox 548 3443 644 3473; x_wconf 60' lang='grc' dir='ltr'><strong>νων</strong></span> <span class='ocrx_word' id='word_1_294' title='bbox 671 3423 722 3473; x_wconf 77' lang='grc' dir='ltr'>ὲν</span> <span class='ocrx_word' id='word_1_295' title='bbox 749 3425 928 3480; x_wconf 78' lang='grc' dir='ltr'>αὐταῖς</span> <span class='ocrx_word' id='word_1_296' title='bbox 949 3423 1312 3498; x_wconf 64' lang='grc' dir='ltr'>εὑρισκομένων</span> <span class='ocrx_word' id='word_1_297' title='bbox 1337 3426 1530 3499; x_wconf 85' lang='grc' dir='ltr'>λέγεται</span> <span class='ocrx_word' id='word_1_298' title='bbox 1551 3427 1582 3487; x_wconf 71' lang='grc' dir='ltr'><em>ἢ</em></span> <span class='ocrx_word' id='word_1_299' title='bbox 1603 3431 1730 3484; x_wconf 87' lang='grc' dir='ltr'><strong>κατά</strong></span> <span class='ocrx_word' id='word_1_300' title='bbox 1751 3438 2112 3507; x_wconf 58' lang='grc' dir='ltr'>προσπέθειαν,</span> 
     </span>
    </p>
   </div>
   <div class='ocr_carea' id='block_1_37' title="bbox 551 3513 2116 3600">
    <p class='ocr_par' dir='ltr' id='par_1_37' title="bbox 551 3513 2116 3600">
     <span class='ocr_line' id='line_1_37' title="bbox 551 3513 2116 3600; baseline 0.012 -38"><span class='ocrx_word' id='word_1_301' title='bbox 551 3513 578 3570; x_wconf 74' lang='grc' dir='ltr'><em>ἦ</em></span> <span class='ocrx_word' id='word_1_302' title='bbox 621 3514 724 3565; x_wconf 67' lang='grc' dir='ltr'>κατ’</span> <span class='ocrx_word' id='word_1_303' title='bbox 749 3515 1055 3576; x_wconf 76' lang='grc' dir='ltr'>ἐναντίωσιν,</span> <span class='ocrx_word' id='word_1_304' title='bbox 1102 3513 1138 3572; x_wconf 72' lang='grc' dir='ltr'><em>ἥ</em></span> <span class='ocrx_word' id='word_1_305' title='bbox 1173 3516 1280 3570; x_wconf 82' lang='grc' dir='ltr'>κατ’</span> <span class='ocrx_word' id='word_1_306' title='bbox 1309 3515 1526 3588; x_wconf 73' lang='grc' dir='ltr'>ἄγνοεαν,</span> <span class='ocrx_word' id='word_1_307' title='bbox 1573 3520 1735 3582; x_wconf 81' lang='grc' dir='ltr'>οὐδείς</span> <span class='ocrx_word' id='word_1_308' title='bbox 1774 3522 1826 3578; x_wconf 82' lang='grc' dir='ltr'>δὲ</span> <span class='ocrx_word' id='word_1_309' title='bbox 1867 3529 2116 3600; x_wconf 85' lang='grc' dir='ltr'>προσέχει</span> 
     </span>
    </p>
   </div>
   <div class='ocr_carea' id='block_1_38' title="bbox 549 3602 2114 3683">
    <p class='ocr_par' dir='ltr' id='par_1_38' title="bbox 549 3602 2114 3683">
     <span class='ocr_line' id='line_1_38' title="bbox 549 3602 2114 3683; baseline 0.01 -29"><span class='ocrx_word' id='word_1_310' title='bbox 549 3608 658 3658; x_wconf 84' lang='grc' dir='ltr'>τοῖς</span> <span class='ocrx_word' id='word_1_311' title='bbox 684 3603 811 3656; x_wconf 83' lang='grc' dir='ltr'>κατὰ</span> <span class='ocrx_word' id='word_1_312' title='bbox 834 3602 983 3676; x_wconf 83' lang='grc' dir='ltr'>μέρος</span> <span class='ocrx_word' id='word_1_313' title='bbox 1011 3605 1151 3678; x_wconf 82' lang='grc' dir='ltr'>παρά</span> <span class='ocrx_word' id='word_1_314' title='bbox 1180 3627 1325 3659; x_wconf 91' lang='grc' dir='ltr'>τινων</span> <span class='ocrx_word' id='word_1_315' title='bbox 1345 3607 1643 3680; x_wconf 66' lang='grc' dir='ltr'>λεγομένοις,</span> <span class='ocrx_word' id='word_1_316' title='bbox 1675 3613 1796 3665; x_wconf 80' lang='grc' dir='ltr'>ἀλλὰ</span> <span class='ocrx_word' id='word_1_317' title='bbox 1821 3615 1986 3683; x_wconf 86' lang='grc' dir='ltr'>μόνοις</span> <span class='ocrx_word' id='word_1_318' title='bbox 2005 3624 2114 3676; x_wconf 81' lang='grc' dir='ltr'>τοῖς</span> 
     </span>
    </p>
   </div>
   <div class='ocr_carea' id='block_1_39' title="bbox 549 3693 2112 3781">
    <p class='ocr_par' dir='ltr' id='par_1_39' title="bbox 549 3693 2112 3781">
     <span class='ocr_line' id='line_1_39' title="bbox 549 3693 2112 3781; baseline 0.01 -37"><span class='ocrx_word' id='word_1_319' title='bbox 549 3693 679 3746; x_wconf 87' lang='grc' dir='ltr'><strong>κατά</strong></span> <span class='ocrx_word' id='word_1_320' title='bbox 705 3697 864 3750; x_wconf 77' lang='grc' dir='ltr'>κοινὴν</span> <span class='ocrx_word' id='word_1_321' title='bbox 893 3696 1170 3748; x_wconf 87' lang='grc' dir='ltr'>συναίνεσιν</span> <span class='ocrx_word' id='word_1_322' title='bbox 1207 3699 1348 3770; x_wconf 82' lang='grc' dir='ltr'>παρὰ</span> <span class='ocrx_word' id='word_1_323' title='bbox 1375 3700 1574 3754; x_wconf 86' lang='grc' dir='ltr'>πάντων</span> <span class='ocrx_word' id='word_1_324' title='bbox 1598 3699 1912 3774; x_wconf 77' lang='grc' dir='ltr'>ὁριζομένοις.</span> <span class='ocrx_word' id='word_1_325' title='bbox 1943 3709 1999 3758; x_wconf 83' lang='grc' dir='ltr'><strong>Εἰ</strong></span> <span class='ocrx_word' id='word_1_326' title='bbox 2018 3709 2112 3781; x_wconf 85' lang='grc' dir='ltr'><strong>γάρ</strong></span> 
     </span>
    </p>
   </div>
   <div class='ocr_carea' id='block_1_40' title="bbox 546 3781 2114 3863">
    <p class='ocr_par' dir='ltr' id='par_1_40' title="bbox 546 3781 2114 3863">
     <span class='ocr_line' id='line_1_40' title="bbox 546 3781 2114 3863; baseline 0.011 -33"><span class='ocrx_word' id='word_1_327' title='bbox 546 3781 660 3835; x_wconf 74' lang='grc' dir='ltr'>κατ’</span> <span class='ocrx_word' id='word_1_328' title='bbox 708 3781 920 3841; x_wconf 62' lang='grc' dir='ltr'>ἐκεῦιους</span> <span class='ocrx_word' id='word_1_329' title='bbox 964 3783 1220 3852; x_wconf 75' lang='grc' dir='ltr'>βουληθείη</span> <span class='ocrx_word' id='word_1_330' title='bbox 1263 3807 1342 3848; x_wconf 90' lang='grc' dir='ltr'><strong>τις</strong></span> <span class='ocrx_word' id='word_1_331' title='bbox 1385 3790 1660 3863; x_wconf 81' lang='grc' dir='ltr'>προσέχειν</span> <span class='ocrx_word' id='word_1_332' title='bbox 1699 3801 1812 3852; x_wconf 84' lang='grc' dir='ltr'>ταῖς</span> <span class='ocrx_word' id='word_1_333' title='bbox 1857 3797 2114 3854; x_wconf 82' lang='grc' dir='ltr'>τοιαύταις</span> 
     </span>
    </p>
   </div>
   <div class='ocr_carea' id='block_1_41' title="bbox 547 3871 2112 3950">
    <p class='ocr_par' dir='ltr' id='par_1_41' title="bbox 547 3871 2112 3950">
     <span class='ocr_line' id='line_1_41' title="bbox 547 3871 2112 3950; baseline 0.011 -28"><span class='ocrx_word' id='word_1_334' title='bbox 547 3871 906 3931; x_wconf 79' lang='grc' dir='ltr'>έναντιώσεσιν,</span> <span class='ocrx_word' id='word_1_335' title='bbox 946 3871 1129 3930; x_wconf 77' lang='grc' dir='ltr'>ἑκάστη</span> <span class='ocrx_word' id='word_1_336' title='bbox 1181 3871 1396 3935; x_wconf 86' lang='grc' dir='ltr'>σύνοδος</span> <span class='ocrx_word' id='word_1_337' title='bbox 1435 3878 1728 3950; x_wconf 80' lang='grc' dir='ltr'>εὑρίσκεται</span> <span class='ocrx_word' id='word_1_338' title='bbox 1767 3881 1950 3941; x_wconf 78' lang='grc' dir='ltr'>έαυτὴν</span> <span class='ocrx_word' id='word_1_339' title='bbox 1991 3885 2112 3938; x_wconf 84' lang='grc' dir='ltr'>ἀνα-</span> 
     </span>
    </p>
   </div>
   <div class='ocr_carea' id='block_1_42' title="bbox 546 3959 2114 4048">
    <p class='ocr_par' dir='ltr' id='par_1_42' title="bbox 546 3959 2114 4048">
     <span class='ocr_line' id='line_1_42' title="bbox 546 3959 2114 4048; baseline 0.011 -38"><span class='ocrx_word' id='word_1_340' title='bbox 546 3959 830 4030; x_wconf 68' lang='grc' dir='ltr'>τρέπουσα.</span> <span class='ocrx_word' id='word_1_341' title='bbox 871 3962 956 4013; x_wconf 81' lang='grc' dir='ltr'>Διά</span> <span class='ocrx_word' id='word_1_342' title='bbox 996 3968 1154 4016; x_wconf 81' lang='grc' dir='ltr'>ταῦτα</span> <span class='ocrx_word' id='word_1_343' title='bbox 1191 3966 1356 4018; x_wconf 88' lang='grc' dir='ltr'>τοίνυν</span> <span class='ocrx_word' id='word_1_344' title='bbox 1393 3963 1495 4020; x_wconf 68' lang='grc' dir='ltr'>ἔδει</span> <span class='ocrx_word' id='word_1_345' title='bbox 1537 3970 1743 4033; x_wconf 76' lang='grc' dir='ltr'>αὐτοὺς,</span> <span class='ocrx_word' id='word_1_346' title='bbox 1775 3969 1913 4048; x_wconf 76' lang='grc' dir='ltr'>εἴπερ</span> <span class='ocrx_word' id='word_1_347' title='bbox 1957 3973 2114 4044; x_wconf 78' lang='grc' dir='ltr'>ὀρθῶς</span> 
     </span>
    </p>
   </div>
   <div class='ocr_carea' id='block_1_43' title="bbox 548 4047 2112 4136">
    <p class='ocr_par' dir='ltr' id='par_1_43' title="bbox 548 4047 2112 4136">
     <span class='ocr_line' id='line_1_43' title="bbox 548 4047 2112 4136; baseline 0.011 -36"><span class='ocrx_word' id='word_1_348' title='bbox 548 4047 783 4118; x_wconf 77' lang='grc' dir='ltr'>ἐδέχοντο</span> <span class='ocrx_word' id='word_1_349' title='bbox 813 4059 898 4106; x_wconf 55' lang='grc' dir='ltr'>τὴν</span> <span class='ocrx_word' id='word_1_350' title='bbox 940 4049 1084 4118; x_wconf 75' lang='grc' dir='ltr'>ἁγίαν</span> <span class='ocrx_word' id='word_1_351' title='bbox 1112 4051 1334 4120; x_wconf 79' lang='grc' dir='ltr'>σύνοδον,</span> <span class='ocrx_word' id='word_1_352' title='bbox 1371 4060 1441 4126; x_wconf 79' lang='grc' dir='ltr'><strong><em>μή</em></strong></span> <span class='ocrx_word' id='word_1_353' title='bbox 1478 4059 1714 4119; x_wconf 79' lang='grc' dir='ltr'>τοιαύτας</span> <span class='ocrx_word' id='word_1_354' title='bbox 1748 4061 1874 4136; x_wconf 71' lang='grc' dir='ltr'>αὐτῇ</span> <span class='ocrx_word' id='word_1_355' title='bbox 1899 4063 2112 4134; x_wconf 68' lang='grc' dir='ltr'>μέμψεις</span> 
     </span>
    </p>
   </div>
   <div class='ocr_carea' id='block_1_44' title="bbox 547 4139 2114 4211">
    <p class='ocr_par' dir='ltr' id='par_1_44' title="bbox 547 4139 2114 4211">
     <span class='ocr_line' id='line_1_44' title="bbox 547 4139 2114 4211; baseline 0.012 -23"><span class='ocrx_word' id='word_1_356' title='bbox 547 4139 860 4209; x_wconf 68' lang='grc' dir='ltr'>περιάπτειν,</span> <span class='ocrx_word' id='word_1_357' title='bbox 885 4139 1006 4194; x_wconf 83' lang='grc' dir='ltr'><strong>ἀλλά</strong></span> <span class='ocrx_word' id='word_1_358' title='bbox 1034 4143 1357 4202; x_wconf 71' lang='grc' dir='ltr'>ἀκολουθῆσαι</span> <span class='ocrx_word' id='word_1_359' title='bbox 1381 4152 1489 4207; x_wconf 83' lang='grc' dir='ltr'>τοῖς</span> <span class='ocrx_word' id='word_1_360' title='bbox 1509 4145 1829 4210; x_wconf 78' lang='grc' dir='ltr'>διδασκάλοις</span> <span class='ocrx_word' id='word_1_361' title='bbox 1857 4160 1946 4211; x_wconf 80' lang='grc' dir='ltr'>τῆς</span> <span class='ocrx_word' id='word_1_362' title='bbox 1973 4155 2114 4206; x_wconf 82' lang='grc' dir='ltr'>καθο-</span> 
     </span>
    </p>
   </div>
   <div class='ocr_carea' id='block_1_45' title="bbox 1822 243 2460 310">
    <p class='ocr_par' dir='ltr' id='par_1_45' title="bbox 1822 243 2460 310">
     <span class='ocr_line' id='line_1_45' title="bbox 1822 243 2460 310; baseline 0.009 -6"><span class='ocrx_word' id='word_1_363' title='bbox 1822 243 1854 304; x_wconf 81' lang='lat' dir='ltr'><strong>J</strong></span> <span class='ocrx_word' id='word_1_364' title='bbox 1864 244 2260 308; x_wconf 73' lang='lat' dir='ltr'><strong>USTINIANI</strong></span> <span class='ocrx_word' id='word_1_365' title='bbox 2303 249 2460 310; x_wconf 77' lang='lat' dir='ltr'><strong>IMP.</strong></span> 
     </span>
    </p>
   </div>
   <div class='ocr_carea' id='block_1_46' title="bbox 577 361 2118 446">
    <p class='ocr_par' dir='ltr' id='par_1_46' title="bbox 577 361 2118 446">
     <span class='ocr_line' id='line_1_46' title="bbox 577 361 2118 446; baseline 0.009 -30"><span class='ocrx_word' id='word_1_366' title='bbox 577 363 702 420; x_wconf 69' lang='grc' dir='ltr'>σεϐῆ</span> <span class='ocrx_word' id='word_1_367' title='bbox 741 361 930 418; x_wconf 74' lang='grc' dir='ltr'>τούτων</span> <span class='ocrx_word' id='word_1_368' title='bbox 958 363 1140 419; x_wconf 72' lang='grc' dir='ltr'>ἴννοιάν</span> <span class='ocrx_word' id='word_1_369' title='bbox 1183 387 1236 420; x_wconf 82' lang='grc' dir='ltr'><strong>τε</strong></span> <span class='ocrx_word' id='word_1_370' title='bbox 1275 371 1355 422; x_wconf 80' lang='grc' dir='ltr'><strong>καί</strong></span> <span class='ocrx_word' id='word_1_371' title='bbox 1405 370 1633 439; x_wconf 74' lang='grc' dir='ltr'><strong>ἐξήγησιν</strong></span> <span class='ocrx_word' id='word_1_372' title='bbox 1675 373 1798 446; x_wconf 80' lang='grc' dir='ltr'>πρὸς</span> <span class='ocrx_word' id='word_1_373' title='bbox 1842 380 1930 432; x_wconf 65' lang='grc' dir='ltr'>τήν</span> <span class='ocrx_word' id='word_1_374' title='bbox 1961 377 2118 430; x_wconf 74' lang='grc' dir='ltr'>οἰκεία·</span> 
     </span>
    </p>
   </div>
   <div class='ocr_carea' id='block_1_47' title="bbox 2220 361 3820 446">
    <p class='ocr_par' dir='ltr' id='par_1_47' title="bbox 2244 375 3820 445">
     <span class='ocr_line' id='line_1_47' title="bbox 2244 375 3820 445; baseline 0.004 -20"><span class='ocrx_word' id='word_1_375' title='bbox 2244 382 2297 426; x_wconf 90' lang='lat' dir='ltr'><strong>et</strong></span> <span class='ocrx_word' id='word_1_376' title='bbox 2342 375 2731 442; x_wconf 75' lang='lat' dir='ltr'><strong>expositionem</strong></span> <span class='ocrx_word' id='word_1_377' title='bbox 2782 377 2868 430; x_wconf 85' lang='lat' dir='ltr'><strong>ad.</strong></span> <span class='ocrx_word' id='word_1_378' title='bbox 2905 391 3054 430; x_wconf 87' lang='lat' dir='ltr'><strong>suam</strong></span> <span class='ocrx_word' id='word_1_379' title='bbox 3102 377 3426 445; x_wconf 67' lang='lat' dir='ltr'><strong>impietatem</strong></span> <span class='ocrx_word' id='word_1_380' title='bbox 3473 377 3820 431; x_wconf 76' lang='lat' dir='ltr'><strong>transferre:</strong></span> 
     </span>
    </p>
   </div>
   <div class='ocr_carea' id='block_1_48' title="bbox 2227 458 3818 532">
    <p class='ocr_par' dir='ltr' id='par_1_48' title="bbox 2227 458 3818 532">
     <span class='ocr_line' id='line_1_48' title="bbox 2227 458 3818 532; baseline 0.004 -16"><span class='ocrx_word' id='word_1_381' title='bbox 2227 461 2490 528; x_wconf 69' lang='lat' dir='ltr'><strong>siquidem</strong></span> <span class='ocrx_word' id='word_1_382' title='bbox 2538 458 2857 530; x_wconf 83' lang='lat' dir='ltr'><strong>[interdum]</strong></span> <span class='ocrx_word' id='word_1_383' title='bbox 2906 462 3105 515; x_wconf 61' lang='lat' dir='ltr'><strong>caulem</strong></span> <span class='ocrx_word' id='word_1_384' title='bbox 3157 478 3340 528; x_wconf 80' lang='lat' dir='ltr'><strong>voces,</strong></span> <span class='ocrx_word' id='word_1_385' title='bbox 3393 465 3622 532; x_wconf 83' lang='lat' dir='ltr'><strong>quando</strong></span> <span class='ocrx_word' id='word_1_386' title='bbox 3667 463 3818 521; x_wconf 76' lang='lat' dir='ltr'><strong>bene</strong></span> 
     </span>
    </p>
   </div>
   <div class='ocr_carea' id='block_1_49' title="bbox 2227 553 3813 620">
    <p class='ocr_par' dir='ltr' id='par_1_49' title="bbox 2227 553 3813 620">
     <span class='ocr_line' id='line_1_49' title="bbox 2227 553 3813 620; baseline 0.004 -17"><span class='ocrx_word' id='word_1_387' title='bbox 2227 560 2573 617; x_wconf 77' lang='lat' dir='ltr'><strong>exponuntur</strong></span> <span class='ocrx_word' id='word_1_388' title='bbox 2621 563 2666 603; x_wconf 81' lang='lat' dir='ltr'><strong>et</strong></span> <span class='ocrx_word' id='word_1_389' title='bbox 2729 553 3136 614; x_wconf 63' lang='lat' dir='ltr'><strong>intelliguntur,</strong></span> <span class='ocrx_word' id='word_1_390' title='bbox 3191 571 3314 606; x_wconf 75' lang='lat' dir='ltr'><strong>cum</strong></span> <span class='ocrx_word' id='word_1_391' title='bbox 3380 557 3586 620; x_wconf 84' lang='lat' dir='ltr'><strong>pietate</strong></span> <span class='ocrx_word' id='word_1_392' title='bbox 3640 569 3813 620; x_wconf 79' lang='lat' dir='ltr'><strong>sunt;</strong></span> 
     </span>
    </p>
   </div>
   <div class='ocr_carea' id='block_1_50' title="bbox 2233 635 3815 716">
    <p class='ocr_par' dir='ltr' id='par_1_50' title="bbox 2233 635 3815 716">
     <span class='ocr_line' id='line_1_50' title="bbox 2233 635 3815 716; baseline 0.008 -30"><span class='ocrx_word' id='word_1_393' title='bbox 2233 635 2446 704; x_wconf 80' lang='lat' dir='ltr'><strong>quando</strong></span> <span class='ocrx_word' id='word_1_394' title='bbox 2469 645 2648 689; x_wconf 89' lang='lat' dir='ltr'><strong>autem</strong></span> <span class='ocrx_word' id='word_1_395' title='bbox 2672 637 2808 691; x_wconf 90' lang='lat' dir='ltr'><strong>male</strong></span> <span class='ocrx_word' id='word_1_396' title='bbox 2829 639 2895 692; x_wconf 85' lang='lat' dir='ltr'><strong>ab</strong></span> <span class='ocrx_word' id='word_1_397' title='bbox 2927 639 3189 694; x_wconf 62' lang='lat' dir='ltr'><strong>haereticis</strong></span> <span class='ocrx_word' id='word_1_398' title='bbox 3205 642 3590 710; x_wconf 81' lang='lat' dir='ltr'><strong>intelliguntur</strong></span> <span class='ocrx_word' id='word_1_399' title='bbox 3608 656 3669 700; x_wconf 88' lang='lat' dir='ltr'><strong>et</strong></span> <span class='ocrx_word' id='word_1_400' title='bbox 3691 663 3815 716; x_wconf 80' lang='lat' dir='ltr'><strong>pro-</strong></span> 
     </span>
    </p>
   </div>
   <div class='ocr_carea' id='block_1_51' title="bbox 2235 721 3812 802">
    <p class='ocr_par' dir='ltr' id='par_1_51' title="bbox 2235 721 3812 802">
     <span class='ocr_line' id='line_1_51' title="bbox 2235 721 3812 802; baseline 0.01 -26"><span class='ocrx_word' id='word_1_401' title='bbox 2235 721 2495 790; x_wconf 87' lang='lat' dir='ltr'><strong>feruntur,</strong></span> <span class='ocrx_word' id='word_1_402' title='bbox 2526 725 2849 802; x_wconf 80' lang='lat' dir='ltr'><strong>impietatem</strong></span> <span class='ocrx_word' id='word_1_403' title='bbox 2881 729 3094 783; x_wconf 77' lang='lat' dir='ltr'><strong>habent.</strong></span> <span class='ocrx_word' id='word_1_404' title='bbox 3129 727 3314 798; x_wconf 81' lang='lat' dir='ltr'><strong>Itaque</strong></span> <span class='ocrx_word' id='word_1_405' title='bbox 3334 733 3650 791; x_wconf 84' lang='lat' dir='ltr'><strong>Nestorium</strong></span> <span class='ocrx_word' id='word_1_406' title='bbox 3680 737 3812 791; x_wconf 79' lang='lat' dir='ltr'><strong>duas</strong></span> 
     </span>
    </p>
   </div>
   <div class='ocr_carea' id='block_1_52' title="bbox 2232 814 3810 893">
    <p class='ocr_par' dir='ltr' id='par_1_52' title="bbox 2232 814 3810 893">
     <span class='ocr_line' id='line_1_52' title="bbox 2232 814 3810 893; baseline 0.012 -27"><span class='ocrx_word' id='word_1_407' title='bbox 2232 814 2446 883; x_wconf 86' lang='lat' dir='ltr'><strong>quidem</strong></span> <span class='ocrx_word' id='word_1_408' title='bbox 2475 825 2690 872; x_wconf 90' lang='lat' dir='ltr'><strong>naturas</strong></span> <span class='ocrx_word' id='word_1_409' title='bbox 2721 825 2774 871; x_wconf 87' lang='lat' dir='ltr'><strong>et</strong></span> <span class='ocrx_word' id='word_1_410' title='bbox 2811 834 2974 872; x_wconf 87' lang='lat' dir='ltr'><strong>unam</strong></span> <span class='ocrx_word' id='word_1_411' title='bbox 3015 836 3300 890; x_wconf 85' lang='lat' dir='ltr'><strong>personam</strong></span> <span class='ocrx_word' id='word_1_412' title='bbox 3341 823 3655 893; x_wconf 85' lang='lat' dir='ltr'><strong>dicentem,</strong></span> <span class='ocrx_word' id='word_1_413' title='bbox 3704 846 3810 884; x_wconf 71' lang='lat' dir='ltr'><strong>non</strong></span> 
     </span>
    </p>
   </div>
   <div class='ocr_carea' id='block_1_53' title="bbox 2229 904 3805 971">
    <p class='ocr_par' dir='ltr' id='par_1_53' title="bbox 2229 904 3805 971">
     <span class='ocr_line' id='line_1_53' title="bbox 2229 904 3805 971; baseline 0.01 -15"><span class='ocrx_word' id='word_1_414' title='bbox 2229 904 2571 960; x_wconf 80' lang='lat' dir='ltr'><strong>conﬁtentem</strong></span> <span class='ocrx_word' id='word_1_415' title='bbox 2595 915 2774 961; x_wconf 86' lang='lat' dir='ltr'><strong>autem</strong></span> <span class='ocrx_word' id='word_1_416' title='bbox 2802 923 2986 962; x_wconf 89' lang='lat' dir='ltr'><strong>earum</strong></span> <span class='ocrx_word' id='word_1_417' title='bbox 3027 910 3284 965; x_wconf 88' lang='lat' dir='ltr'><strong>unitatem</strong></span> <span class='ocrx_word' id='word_1_418' title='bbox 3313 913 3613 969; x_wconf 88' lang='lat' dir='ltr'><strong>secundum</strong></span> <span class='ocrx_word' id='word_1_419' title='bbox 3635 917 3805 971; x_wconf 84' lang='lat' dir='ltr'><strong>subsi-</strong></span> 
     </span>
    </p>
   </div>
   <div class='ocr_carea' id='block_1_54' title="bbox 2225 1001 3802 1076">
    <p class='ocr_par' dir='ltr' id='par_1_54' title="bbox 2225 1001 3802 1076">
     <span class='ocr_line' id='line_1_54' title="bbox 2225 1001 3802 1076; baseline 0.01 -22"><span class='ocrx_word' id='word_1_420' title='bbox 2225 1001 2502 1065; x_wconf 87' lang='lat' dir='ltr'><strong>stentiam,</strong></span> <span class='ocrx_word' id='word_1_421' title='bbox 2544 1001 2810 1070; x_wconf 89' lang='lat' dir='ltr'><strong>Ephesina</strong></span> <span class='ocrx_word' id='word_1_422' title='bbox 2853 1004 3021 1073; x_wconf 83' lang='lat' dir='ltr'><strong>prima</strong></span> <span class='ocrx_word' id='word_1_423' title='bbox 3049 1007 3315 1074; x_wconf 87' lang='lat' dir='ltr'><strong>synodus,</strong></span> <span class='ocrx_word' id='word_1_424' title='bbox 3365 1008 3521 1076; x_wconf 75' lang='lat' dir='ltr'><strong>cujus</strong></span> <span class='ocrx_word' id='word_1_425' title='bbox 3549 1021 3802 1068; x_wconf 78' lang='lat' dir='ltr'><strong>auctores</strong></span> 
     </span>
    </p>
   </div>
   <div class='ocr_carea' id='block_1_55' title="bbox 2229 1091 3800 1165">
    <p class='ocr_par' dir='ltr' id='par_1_55' title="bbox 2229 1091 3800 1165">
     <span class='ocr_line' id='line_1_55' title="bbox 2229 1091 3800 1165; baseline 0.006 -19"><span class='ocrx_word' id='word_1_426' title='bbox 2229 1099 2382 1146; x_wconf 87' lang='lat' dir='ltr'><strong>erant</strong></span> <span class='ocrx_word' id='word_1_427' title='bbox 2413 1091 2735 1148; x_wconf 73' lang='lat' dir='ltr'><strong>Caelestinus</strong></span> <span class='ocrx_word' id='word_1_428' title='bbox 2760 1101 2816 1147; x_wconf 90' lang='lat' dir='ltr'><strong>et</strong></span> <span class='ocrx_word' id='word_1_429' title='bbox 2842 1091 3072 1165; x_wconf 77' lang='lat' dir='ltr'><strong>Cyrillus</strong></span> <span class='ocrx_word' id='word_1_430' title='bbox 3099 1103 3299 1150; x_wconf 68' lang='lat' dir='ltr'><strong>sancta:</strong></span> <span class='ocrx_word' id='word_1_431' title='bbox 3339 1102 3651 1164; x_wconf 68' lang='lat' dir='ltr'><strong>memorim,</strong></span> <span class='ocrx_word' id='word_1_432' title='bbox 3702 1117 3800 1156; x_wconf 80' lang='lat' dir='ltr'><strong>non</strong></span> 
     </span>
    </p>
   </div>
   <div class='ocr_carea' id='block_1_56' title="bbox 2228 1182 3798 1250">
    <p class='ocr_par' dir='ltr' id='par_1_56' title="bbox 2228 1182 3798 1250">
     <span class='ocr_line' id='line_1_56' title="bbox 2228 1182 3798 1250; baseline 0.008 -16"><span class='ocrx_word' id='word_1_433' title='bbox 2228 1182 2501 1250; x_wconf 87' lang='lat' dir='ltr'><strong>suscepit,</strong></span> <span class='ocrx_word' id='word_1_434' title='bbox 2545 1183 2640 1238; x_wconf 86' lang='lat' dir='ltr'><strong>sed</strong></span> <span class='ocrx_word' id='word_1_435' title='bbox 2680 1182 3075 1238; x_wconf 84' lang='lat' dir='ltr'><strong>condemnavit.</strong></span> <span class='ocrx_word' id='word_1_436' title='bbox 3119 1184 3226 1240; x_wconf 88' lang='lat' dir='ltr'><strong>Nos</strong></span> <span class='ocrx_word' id='word_1_437' title='bbox 3268 1195 3448 1242; x_wconf 87' lang='lat' dir='ltr'><strong>autem</strong></span> <span class='ocrx_word' id='word_1_438' title='bbox 3493 1199 3798 1246; x_wconf 81' lang='lat' dir='ltr'><strong>sanctorum</strong></span> 
     </span>
    </p>
   </div>
   <div class='ocr_carea' id='block_1_57' title="bbox 2231 1268 3795 1344">
    <p class='ocr_par' dir='ltr' id='par_1_57' title="bbox 2231 1268 3795 1344">
     <span class='ocr_line' id='line_1_57' title="bbox 2231 1268 3795 1344; baseline 0.008 -21"><span class='ocrx_word' id='word_1_439' title='bbox 2231 1268 2446 1325; x_wconf 86' lang='lat' dir='ltr'><strong>Patrum</strong></span> <span class='ocrx_word' id='word_1_440' title='bbox 2467 1271 2765 1328; x_wconf 86' lang='lat' dir='ltr'><strong>doctrinam</strong></span> <span class='ocrx_word' id='word_1_441' title='bbox 2793 1289 2890 1343; x_wconf 88' lang='lat' dir='ltr'><strong>per</strong></span> <span class='ocrx_word' id='word_1_442' title='bbox 2913 1276 3091 1328; x_wconf 90' lang='lat' dir='ltr'><strong>omnia</strong></span> <span class='ocrx_word' id='word_1_443' title='bbox 3114 1285 3424 1344; x_wconf 85' lang='lat' dir='ltr'><strong>sequentes,</strong></span> <span class='ocrx_word' id='word_1_444' title='bbox 3453 1287 3514 1333; x_wconf 88' lang='lat' dir='ltr'><strong>et</strong></span> <span class='ocrx_word' id='word_1_445' title='bbox 3540 1283 3795 1336; x_wconf 79' lang='lat' dir='ltr'><strong>unitatem</strong></span> 
     </span>
    </p>
   </div>
   <div class='ocr_carea' id='block_1_58' title="bbox 2228 1358 3796 1434">
    <p class='ocr_par' dir='ltr' id='par_1_58' title="bbox 2228 1358 3796 1434">
     <span class='ocr_line' id='line_1_58' title="bbox 2228 1358 3796 1434; baseline 0.01 -22"><span class='ocrx_word' id='word_1_446' title='bbox 2228 1358 2450 1414; x_wconf 90' lang='lat' dir='ltr'><strong>duarum</strong></span> <span class='ocrx_word' id='word_1_447' title='bbox 2481 1369 2805 1427; x_wconf 85' lang='lat' dir='ltr'><strong>naturarum,</strong></span> <span class='ocrx_word' id='word_1_448' title='bbox 2835 1379 2903 1417; x_wconf 81' lang='lat' dir='ltr'><strong>ex</strong></span> <span class='ocrx_word' id='word_1_449' title='bbox 2930 1364 3129 1434; x_wconf 77' lang='lat' dir='ltr'><strong>quibus</strong></span> <span class='ocrx_word' id='word_1_450' title='bbox 3147 1364 3406 1422; x_wconf 85' lang='lat' dir='ltr'><strong>Dominus</strong></span> <span class='ocrx_word' id='word_1_451' title='bbox 3435 1379 3628 1426; x_wconf 79' lang='lat' dir='ltr'><strong>noster</strong></span> <span class='ocrx_word' id='word_1_452' title='bbox 3652 1370 3796 1427; x_wconf 69' lang='lat' dir='ltr'><strong>Iesus</strong></span> 
     </span>
    </p>
   </div>
   <div class='ocr_carea' id='block_1_59' title="bbox 2228 1448 3796 1522">
    <p class='ocr_par' dir='ltr' id='par_1_59' title="bbox 2228 1448 3796 1522">
     <span class='ocr_line' id='line_1_59' title="bbox 2228 1448 3796 1522; baseline 0.008 -19"><span class='ocrx_word' id='word_1_453' title='bbox 2228 1448 2467 1504; x_wconf 86' lang='lat' dir='ltr'><strong>Christus</strong></span> <span class='ocrx_word' id='word_1_454' title='bbox 2484 1467 2620 1505; x_wconf 86' lang='lat' dir='ltr'><strong>unus</strong></span> <span class='ocrx_word' id='word_1_455' title='bbox 2647 1461 2846 1506; x_wconf 69' lang='lat' dir='ltr'><strong>sancta:</strong></span> <span class='ocrx_word' id='word_1_456' title='bbox 2873 1452 3172 1522; x_wconf 79' lang='lat' dir='ltr'><strong>Trinitatis,</strong></span> <span class='ocrx_word' id='word_1_457' title='bbox 3194 1454 3335 1511; x_wconf 88' lang='lat' dir='ltr'><strong>Deus</strong></span> <span class='ocrx_word' id='word_1_458' title='bbox 3361 1457 3604 1514; x_wconf 80' lang='lat' dir='ltr'><strong>Verbum</strong></span> <span class='ocrx_word' id='word_1_459' title='bbox 3635 1461 3796 1518; x_wconf 81' lang='lat' dir='ltr'><strong>incar-</strong></span> 
     </span>
    </p>
   </div>
   <div class='ocr_carea' id='block_1_60' title="bbox 2229 1543 3792 1612">
    <p class='ocr_par' dir='ltr' id='par_1_60' title="bbox 2229 1543 3792 1612">
     <span class='ocr_line' id='line_1_60' title="bbox 2229 1543 3792 1612; baseline 0.008 -18"><span class='ocrx_word' id='word_1_460' title='bbox 2229 1547 2402 1604; x_wconf 88' lang='lat' dir='ltr'><strong>natus,</strong></span> <span class='ocrx_word' id='word_1_461' title='bbox 2427 1543 2753 1612; x_wconf 89' lang='lat' dir='ltr'><strong>compositus</strong></span> <span class='ocrx_word' id='word_1_462' title='bbox 2773 1549 2872 1606; x_wconf 88' lang='lat' dir='ltr'><strong>est,</strong></span> <span class='ocrx_word' id='word_1_463' title='bbox 2898 1549 2954 1596; x_wconf 89' lang='lat' dir='ltr'><strong>et</strong></span> <span class='ocrx_word' id='word_1_464' title='bbox 2984 1543 3129 1612; x_wconf 89' lang='lat' dir='ltr'><strong>quod</strong></span> <span class='ocrx_word' id='word_1_465' title='bbox 3154 1559 3340 1600; x_wconf 86' lang='lat' dir='ltr'><strong>earum</strong></span> <span class='ocrx_word' id='word_1_466' title='bbox 3367 1546 3676 1604; x_wconf 74' lang='lat' dir='ltr'><strong>differentia</strong></span> <span class='ocrx_word' id='word_1_467' title='bbox 3697 1567 3792 1607; x_wconf 83' lang='lat' dir='ltr'><strong>non</strong></span> 
     </span>
    </p>
   </div>
   <div class='ocr_carea' id='block_1_61' title="bbox 2228 1630 3790 1708">
    <p class='ocr_par' dir='ltr' id='par_1_61' title="bbox 2228 1630 3790 1708">
     <span class='ocr_line' id='line_1_61' title="bbox 2228 1630 3790 1708; baseline 0.008 -24"><span class='ocrx_word' id='word_1_468' title='bbox 2228 1630 2545 1700; x_wconf 87' lang='lat' dir='ltr'><strong>interempta</strong></span> <span class='ocrx_word' id='word_1_469' title='bbox 2581 1640 2664 1685; x_wconf 89' lang='lat' dir='ltr'><strong>est</strong></span> <span class='ocrx_word' id='word_1_470' title='bbox 2707 1641 2930 1701; x_wconf 87' lang='lat' dir='ltr'><strong>propter</strong></span> <span class='ocrx_word' id='word_1_471' title='bbox 2971 1634 3231 1688; x_wconf 88' lang='lat' dir='ltr'><strong>unitatem</strong></span> <span class='ocrx_word' id='word_1_472' title='bbox 3258 1675 3274 1700; x_wconf 92' lang='lat'><strong>,</strong></span> <span class='ocrx_word' id='word_1_473' title='bbox 3318 1636 3373 1690; x_wconf 91' lang='lat' dir='ltr'><strong>in</strong></span> <span class='ocrx_word' id='word_1_474' title='bbox 3426 1640 3790 1708; x_wconf 73' lang='lat' dir='ltr'><strong>superioﬁhus</strong></span> 
     </span>
    </p>
   </div>
   <div class='ocr_carea' id='block_1_62' title="bbox 2226 1721 3789 1799">
    <p class='ocr_par' dir='ltr' id='par_1_62' title="bbox 2226 1721 3789 1799">
     <span class='ocr_line' id='line_1_62' title="bbox 2226 1721 3789 1799; baseline 0.008 -25"><span class='ocrx_word' id='word_1_475' title='bbox 2226 1722 2462 1790; x_wconf 88' lang='lat' dir='ltr'><strong>apertius</strong></span> <span class='ocrx_word' id='word_1_476' title='bbox 2514 1721 3012 1778; x_wconf 85' lang='lat' dir='ltr'><strong>demonstravimus.</strong></span> <span class='ocrx_word' id='word_1_477' title='bbox 3072 1723 3139 1777; x_wconf 85' lang='lat' dir='ltr'><strong>Et</strong></span> <span class='ocrx_word' id='word_1_478' title='bbox 3190 1723 3532 1782; x_wconf 81' lang='lat' dir='ltr'><strong>sufficiebant</strong></span> <span class='ocrx_word' id='word_1_479' title='bbox 3584 1731 3789 1799; x_wconf 84' lang='lat' dir='ltr'><strong>quidem</strong></span> 
     </span>
    </p>
   </div>
   <div class='ocr_carea' id='block_1_63' title="bbox 2225 1813 3789 1886">
    <p class='ocr_par' dir='ltr' id='par_1_63' title="bbox 2225 1813 3789 1886">
     <span class='ocr_line' id='line_1_63' title="bbox 2225 1813 3789 1886; baseline 0.012 -25"><span class='ocrx_word' id='word_1_480' title='bbox 2225 1827 2342 1880; x_wconf 69' lang='lat' dir='ltr'><strong>quae</strong></span> <span class='ocrx_word' id='word_1_481' title='bbox 2382 1813 2737 1882; x_wconf 74' lang='lat' dir='ltr'><strong>przediximus,</strong></span> <span class='ocrx_word' id='word_1_482' title='bbox 2769 1815 3082 1870; x_wconf 81' lang='lat' dir='ltr'><strong>satisfacere</strong></span> <span class='ocrx_word' id='word_1_483' title='bbox 3101 1816 3199 1872; x_wconf 70' lang='lat' dir='ltr'><strong>&#39;eis</strong></span> <span class='ocrx_word' id='word_1_484' title='bbox 3226 1819 3318 1886; x_wconf 87' lang='lat' dir='ltr'><strong>qui</strong></span> <span class='ocrx_word' id='word_1_485' title='bbox 3349 1819 3543 1874; x_wconf 88' lang='lat' dir='ltr'><strong>nolunt</strong></span> <span class='ocrx_word' id='word_1_486' title='bbox 3573 1833 3789 1879; x_wconf 84' lang='lat' dir='ltr'><strong>conten-</strong></span> 
     </span>
    </p>
   </div>
   <div class='ocr_carea' id='block_1_64' title="bbox 2224 1902 3790 1978">
    <p class='ocr_par' dir='ltr' id='par_1_64' title="bbox 2224 1902 3790 1978">
     <span class='ocr_line' id='line_1_64' title="bbox 2224 1902 3790 1978; baseline 0.009 -23"><span class='ocrx_word' id='word_1_487' title='bbox 2224 1902 2370 1956; x_wconf 88' lang='lat' dir='ltr'><strong>dere.</strong></span> <span class='ocrx_word' id='word_1_488' title='bbox 2399 1902 2506 1956; x_wconf 90' lang='lat' dir='ltr'><strong>Sed</strong></span> <span class='ocrx_word' id='word_1_489' title='bbox 2541 1905 2791 1972; x_wconf 89' lang='lat' dir='ltr'><strong>quoniam</strong></span> <span class='ocrx_word' id='word_1_490' title='bbox 2820 1905 2895 1958; x_wconf 88' lang='lat' dir='ltr'><strong>illi</strong></span> <span class='ocrx_word' id='word_1_491' title='bbox 2924 1905 3016 1973; x_wconf 88' lang='lat' dir='ltr'><strong>qui</strong></span> <span class='ocrx_word' id='word_1_492' title='bbox 3054 1907 3219 1960; x_wconf 85' lang='lat' dir='ltr'><strong>semel</strong></span> <span class='ocrx_word' id='word_1_493' title='bbox 3242 1906 3310 1961; x_wconf 87' lang='lat' dir='ltr'><strong>ad</strong></span> <span class='ocrx_word' id='word_1_494' title='bbox 3337 1909 3675 1978; x_wconf 87' lang='lat' dir='ltr'><strong>impietatem</strong></span> <span class='ocrx_word' id='word_1_495' title='bbox 3703 1914 3790 1968; x_wconf 80' lang='lat' dir='ltr'><strong>de-</strong></span> 
     </span>
    </p>
   </div>
   <div class='ocr_carea' id='block_1_65' title="bbox 2224 1992 3788 2067">
    <p class='ocr_par' dir='ltr' id='par_1_65' title="bbox 2224 1992 3788 2067">
     <span class='ocr_line' id='line_1_65' title="bbox 2224 1992 3788 2067; baseline 0.01 -21"><span class='ocrx_word' id='word_1_496' title='bbox 2224 1992 2588 2060; x_wconf 86' lang='lat' dir='ltr'><strong>clinaverunt,</strong></span> <span class='ocrx_word' id='word_1_497' title='bbox 2618 2002 2672 2049; x_wconf 90' lang='lat' dir='ltr'><strong>et</strong></span> <span class='ocrx_word' id='word_1_498' title='bbox 2701 1995 2801 2048; x_wconf 93' lang='lat' dir='ltr'><strong>alia</strong></span> <span class='ocrx_word' id='word_1_499' title='bbox 2831 2011 3133 2066; x_wconf 86' lang='lat' dir='ltr'><strong>proponere</strong></span> <span class='ocrx_word' id='word_1_500' title='bbox 3160 2007 3460 2067; x_wconf 86' lang='lat' dir='ltr'><strong>conantur,</strong></span> <span class='ocrx_word' id='word_1_501' title='bbox 3486 2007 3788 2060; x_wconf 80' lang='lat' dir='ltr'><strong>necessario</strong></span> 
     </span>
    </p>
   </div>
   <div class='ocr_carea' id='block_1_66' title="bbox 2225 2081 3786 2150">
    <p class='ocr_par' dir='ltr' id='par_1_66' title="bbox 2225 2081 3786 2150">
     <span class='ocr_line' id='line_1_66' title="bbox 2225 2081 3786 2150; baseline 0.009 -15"><span class='ocrx_word' id='word_1_502' title='bbox 2225 2097 2322 2136; x_wconf 88' lang='lat' dir='ltr'><strong>nos</strong></span> <span class='ocrx_word' id='word_1_503' title='bbox 2365 2089 2420 2136; x_wconf 84' lang='lat' dir='ltr'><strong>et.</strong></span> <span class='ocrx_word' id='word_1_504' title='bbox 2463 2081 2596 2136; x_wconf 89' lang='lat' dir='ltr'><strong>tales</strong></span> <span class='ocrx_word' id='word_1_505' title='bbox 2639 2098 2822 2137; x_wconf 89' lang='lat' dir='ltr'><strong>eorum</strong></span> <span class='ocrx_word' id='word_1_506' title='bbox 2867 2086 3182 2140; x_wconf 88' lang='lat' dir='ltr'><strong>occasiones</strong></span> <span class='ocrx_word' id='word_1_507' title='bbox 3225 2103 3394 2142; x_wconf 87' lang='lat' dir='ltr'><strong>vanas</strong></span> <span class='ocrx_word' id='word_1_508' title='bbox 3423 2091 3786 2150; x_wconf 69' lang='lat' dir='ltr'><strong>ostendemus.</strong></span> 
     </span>
    </p>
   </div>
   <div class='ocr_carea' id='block_1_67' title="bbox 2228 2169 3789 2248">
    <p class='ocr_par' dir='ltr' id='par_1_67' title="bbox 2228 2169 3789 2248">
     <span class='ocr_line' id='line_1_67' title="bbox 2228 2169 3789 2248; baseline 0.01 -27"><span class='ocrx_word' id='word_1_509' title='bbox 2228 2169 2418 2222; x_wconf 84' lang='lat' dir='ltr'><strong>Dicunt</strong></span> <span class='ocrx_word' id='word_1_510' title='bbox 2438 2170 2576 2224; x_wconf 91' lang='lat' dir='ltr'><strong>enim</strong></span> <span class='ocrx_word' id='word_1_511' title='bbox 2604 2186 2708 2224; x_wconf 90' lang='lat' dir='ltr'><strong>non</strong></span> <span class='ocrx_word' id='word_1_512' title='bbox 2725 2170 2986 2240; x_wconf 80' lang='lat' dir='ltr'><strong>oportere</strong></span> <span class='ocrx_word' id='word_1_513' title='bbox 3015 2174 3319 2243; x_wconf 85' lang='lat' dir='ltr'><strong>vituperare</strong></span> <span class='ocrx_word' id='word_1_514' title='bbox 3351 2176 3574 2247; x_wconf 88' lang='lat' dir='ltr'><strong>impiam</strong></span> <span class='ocrx_word' id='word_1_515' title='bbox 3598 2181 3789 2248; x_wconf 83' lang='lat' dir='ltr'><strong>episto-</strong></span> 
     </span>
    </p>
   </div>
   <div class='ocr_carea' id='block_1_68' title="bbox 2231 2259 3788 2330">
    <p class='ocr_par' dir='ltr' id='par_1_68' title="bbox 2231 2259 3788 2330">
     <span class='ocr_line' id='line_1_68' title="bbox 2231 2259 3788 2330; baseline 0.012 -18"><span class='ocrx_word' id='word_1_516' title='bbox 2231 2259 2356 2326; x_wconf 92' lang='lat' dir='ltr'><strong>lam,</strong></span> <span class='ocrx_word' id='word_1_517' title='bbox 2380 2275 2446 2313; x_wconf 81' lang='lat' dir='ltr'><strong>eo</strong></span> <span class='ocrx_word' id='word_1_518' title='bbox 2466 2261 2605 2328; x_wconf 85' lang='lat' dir='ltr'><strong>quod</strong></span> <span class='ocrx_word' id='word_1_519' title='bbox 2623 2262 2674 2316; x_wconf 91' lang='lat' dir='ltr'><strong>in</strong></span> <span class='ocrx_word' id='word_1_520' title='bbox 2691 2263 2972 2330; x_wconf 87' lang='lat' dir='ltr'><strong>aliquantis</strong></span> <span class='ocrx_word' id='word_1_521' title='bbox 2995 2263 3161 2319; x_wconf 81' lang='lat' dir='ltr'><strong>fertur</strong></span> <span class='ocrx_word' id='word_1_522' title='bbox 3178 2267 3470 2323; x_wconf 88' lang='lat' dir='ltr'><strong>codicibus.</strong></span> <span class='ocrx_word' id='word_1_523' title='bbox 3493 2269 3606 2325; x_wconf 86' lang='lat' dir='ltr'><strong>Sed</strong></span> <span class='ocrx_word' id='word_1_524' title='bbox 3627 2273 3672 2327; x_wconf 87' lang='lat' dir='ltr'><strong>si</strong></span> <span class='ocrx_word' id='word_1_525' title='bbox 3695 2273 3788 2330; x_wconf 84' lang='lat' dir='ltr'><strong>hoc</strong></span> 
     </span>
    </p>
   </div>
   <div class='ocr_carea' id='block_1_69' title="bbox 2227 2355 3790 2438">
    <p class='ocr_par' dir='ltr' id='par_1_69' title="bbox 2227 2355 3790 2438">
     <span class='ocr_line' id='line_1_69' title="bbox 2227 2355 3790 2438; baseline 0.013 -32"><span class='ocrx_word' id='word_1_526' title='bbox 2227 2355 2416 2422; x_wconf 86' lang='lat' dir='ltr'><strong>aliquis</strong></span> <span class='ocrx_word' id='word_1_527' title='bbox 2433 2355 2718 2410; x_wconf 88' lang='lat' dir='ltr'><strong>secundum</strong></span> <span class='ocrx_word' id='word_1_528' title='bbox 2734 2373 2916 2412; x_wconf 89' lang='lat' dir='ltr'><strong>eorum</strong></span> <span class='ocrx_word' id='word_1_529' title='bbox 2941 2358 3262 2416; x_wconf 87' lang='lat' dir='ltr'><strong>dem‘entiam</strong></span> <span class='ocrx_word' id='word_1_530' title='bbox 3278 2365 3509 2420; x_wconf 82' lang='lat' dir='ltr'><strong>sufﬁciat</strong></span> <span class='ocrx_word' id='word_1_531' title='bbox 3531 2367 3617 2438; x_wconf 72' lang='grc' dir='ltr'><strong>[Ρ.</strong></span> <span class='ocrx_word' id='word_1_532' title='bbox 3632 2376 3790 2426; x_wconf 82' lang='lat' dir='ltr'><strong>susci-</strong></span> 
     </span>
    </p>
   </div>
   <div class='ocr_carea' id='block_1_70' title="bbox 2225 2443 3788 2530">
    <p class='ocr_par' dir='ltr' id='par_1_70' title="bbox 2225 2443 3788 2530">
     <span class='ocr_line' id='line_1_70' title="bbox 2225 2443 3788 2530; baseline 0.014 -35"><span class='ocrx_word' id='word_1_533' title='bbox 2225 2443 2377 2514; x_wconf 84' lang='lat' dir='ltr'><strong>piat],</strong></span> <span class='ocrx_word' id='word_1_534' title='bbox 2401 2453 2608 2513; x_wconf 81' lang='lat' dir='ltr'><strong>oportet</strong></span> <span class='ocrx_word' id='word_1_535' title='bbox 2630 2448 2994 2502; x_wconf 80' lang='lat' dir='ltr'><strong>etNesmrium</strong></span> <span class='ocrx_word' id='word_1_536' title='bbox 3017 2461 3070 2503; x_wconf 80' lang='lat' dir='ltr'><strong>et</strong></span> <span class='ocrx_word' id='word_1_537' title='bbox 3096 2451 3384 2524; x_wconf 79' lang='lat' dir='ltr'><strong>Eutychem</strong></span> <span class='ocrx_word' id='word_1_538' title='bbox 3411 2460 3636 2527; x_wconf 74' lang='lat' dir='ltr'><strong>suscipi,</strong></span> <span class='ocrx_word' id='word_1_539' title='bbox 3663 2477 3788 2530; x_wconf 85' lang='lat' dir='ltr'><strong>quo-</strong></span> 
     </span>
    </p>
   </div>
   <div class='ocr_carea' id='block_1_71' title="bbox 2228 2534 3786 2619">
    <p class='ocr_par' dir='ltr' id='par_1_71' title="bbox 2228 2534 3786 2619">
     <span class='ocr_line' id='line_1_71' title="bbox 2228 2534 3786 2619; baseline 0.013 -34"><span class='ocrx_word' id='word_1_540' title='bbox 2228 2534 2368 2586; x_wconf 87' lang='lat' dir='ltr'><strong>niam</strong></span> <span class='ocrx_word' id='word_1_541' title='bbox 2393 2534 2612 2602; x_wconf 88' lang='lat' dir='ltr'><strong>plurima</strong></span> <span class='ocrx_word' id='word_1_542' title='bbox 2640 2537 2778 2590; x_wconf 88' lang='lat' dir='ltr'><strong>etde</strong></span> <span class='ocrx_word' id='word_1_543' title='bbox 2798 2537 2880 2590; x_wconf 91' lang='lat' dir='ltr'><strong>his</strong></span> <span class='ocrx_word' id='word_1_544' title='bbox 2901 2539 2950 2592; x_wconf 94' lang='lat' dir='ltr'><strong>in</strong></span> <span class='ocrx_word' id='word_1_545' title='bbox 2974 2543 3136 2605; x_wconf 84' lang='lat' dir='ltr'><strong>gestis</strong></span> <span class='ocrx_word' id='word_1_546' title='bbox 3159 2545 3499 2599; x_wconf 79' lang='lat' dir='ltr'><strong>continentur</strong></span> <span class='ocrx_word' id='word_1_547' title='bbox 3519 2563 3642 2614; x_wconf 76' lang='lat' dir='ltr'><strong>qua:</strong></span> <span class='ocrx_word' id='word_1_548' title='bbox 3656 2551 3786 2619; x_wconf 84' lang='lat' dir='ltr'><strong>apud</strong></span> 
     </span>
    </p>
   </div>
   <div class='ocr_carea' id='block_1_72' title="bbox 2221 2622 3783 2699">
    <p class='ocr_par' dir='ltr' id='par_1_72' title="bbox 2221 2622 3783 2699">
     <span class='ocr_line' id='line_1_72' title="bbox 2221 2622 3783 2699; baseline 0.012 -25"><span class='ocrx_word' id='word_1_549' title='bbox 2221 2622 2480 2690; x_wconf 69' lang='lat' dir='ltr'><strong>synodum</strong></span> <span class='ocrx_word' id='word_1_550' title='bbox 2507 2635 2623 2678; x_wconf 87' lang='lat' dir='ltr'><strong>acta</strong></span> <span class='ocrx_word' id='word_1_551' title='bbox 2665 2635 2806 2678; x_wconf 84' lang='lat' dir='ltr'><strong>sunt.</strong></span> <span class='ocrx_word' id='word_1_552' title='bbox 2835 2627 2939 2680; x_wconf 87' lang='lat' dir='ltr'><strong>Sed</strong></span> <span class='ocrx_word' id='word_1_553' title='bbox 2977 2644 3134 2683; x_wconf 89' lang='lat' dir='ltr'><strong>nemo</strong></span> <span class='ocrx_word' id='word_1_554' title='bbox 3177 2633 3391 2699; x_wconf 86' lang='lat' dir='ltr'><strong>sapiens</strong></span> <span class='ocrx_word' id='word_1_555' title='bbox 3413 2635 3578 2690; x_wconf 83' lang='lat' dir='ltr'><strong>dictis</strong></span> <span class='ocrx_word' id='word_1_556' title='bbox 3604 2653 3783 2693; x_wconf 84' lang='lat' dir='ltr'><strong>eorum</strong></span> 
     </span>
    </p>
   </div>
   <div class='ocr_carea' id='block_1_73' title="bbox 2221 2711 3787 2794">
    <p class='ocr_par' dir='ltr' id='par_1_73' title="bbox 2221 2711 3787 2794">
     <span class='ocr_line' id='line_1_73' title="bbox 2221 2711 3787 2794; baseline 0.013 -32"><span class='ocrx_word' id='word_1_557' title='bbox 2221 2711 2449 2764; x_wconf 88' lang='lat' dir='ltr'><strong>animum</strong></span> <span class='ocrx_word' id='word_1_558' title='bbox 2477 2713 2735 2768; x_wconf 84' lang='lat' dir='ltr'><strong>intendet.</strong></span> <span class='ocrx_word' id='word_1_559' title='bbox 2764 2715 2889 2780; x_wconf 66' lang='lat' dir='ltr'><strong>Qua:</strong></span> <span class='ocrx_word' id='word_1_560' title='bbox 2911 2719 3050 2770; x_wconf 85' lang='lat' dir='ltr'><strong>enim</strong></span> <span class='ocrx_word' id='word_1_561' title='bbox 3073 2719 3138 2772; x_wconf 86' lang='lat' dir='ltr'><strong>de</strong></span> <span class='ocrx_word' id='word_1_562' title='bbox 3167 2721 3426 2778; x_wconf 62' lang='lat' dir='ltr'><strong>haereticis</strong></span> <span class='ocrx_word' id='word_1_563' title='bbox 3443 2727 3787 2794; x_wconf 86' lang='lat' dir='ltr'><strong>proferuntur</strong></span> 
     </span>
    </p>
   </div>
   <div class='ocr_carea' id='block_1_74' title="bbox 2221 2798 3786 2874">
    <p class='ocr_par' dir='ltr' id='par_1_74' title="bbox 2221 2798 3786 2874">
     <span class='ocr_line' id='line_1_74' title="bbox 2221 2798 3786 2874; baseline 0.014 -23"><span class='ocrx_word' id='word_1_564' title='bbox 2221 2798 2272 2851; x_wconf 90' lang='lat' dir='ltr'><strong>in</strong></span> <span class='ocrx_word' id='word_1_565' title='bbox 2301 2801 2518 2868; x_wconf 80' lang='lat' dir='ltr'><strong>synodis</strong></span> <span class='ocrx_word' id='word_1_566' title='bbox 2545 2811 2600 2855; x_wconf 91' lang='lat' dir='ltr'><strong>et</strong></span> <span class='ocrx_word' id='word_1_567' title='bbox 2625 2818 2746 2870; x_wconf 89' lang='lat' dir='ltr'><strong>pars</strong></span> <span class='ocrx_word' id='word_1_568' title='bbox 2772 2814 3041 2870; x_wconf 74' lang='lat' dir='ltr'><strong>gestorum</strong></span> <span class='ocrx_word' id='word_1_569' title='bbox 3076 2808 3235 2874; x_wconf 82' lang='lat' dir='ltr'><strong>litmt,</strong></span> <span class='ocrx_word' id='word_1_570' title='bbox 3281 2827 3386 2865; x_wconf 92' lang='lat' dir='ltr'><strong>non</strong></span> <span class='ocrx_word' id='word_1_571' title='bbox 3415 2814 3484 2867; x_wconf 87' lang='lat' dir='ltr'><strong>ad</strong></span> <span class='ocrx_word' id='word_1_572' title='bbox 3513 2816 3786 2873; x_wconf 83' lang='lat' dir='ltr'><strong>liberatio—</strong></span> 
     </span>
    </p>
   </div>
   <div class='ocr_carea' id='block_1_75' title="bbox 2220 2890 3780 2966">
    <p class='ocr_par' dir='ltr' id='par_1_75' title="bbox 2220 2890 3780 2966">
     <span class='ocr_line' id='line_1_75' title="bbox 2220 2890 3780 2966; baseline 0.017 -26"><span class='ocrx_word' id='word_1_573' title='bbox 2220 2904 2338 2942; x_wconf 88' lang='lat' dir='ltr'><strong>nem</strong></span> <span class='ocrx_word' id='word_1_574' title='bbox 2382 2890 2689 2948; x_wconf 89' lang='lat' dir='ltr'><strong>inscruntur</strong></span> <span class='ocrx_word' id='word_1_575' title='bbox 2711 2936 2724 2958; x_wconf 88' lang='lat'><strong>,</strong></span> <span class='ocrx_word' id='word_1_576' title='bbox 2768 2898 2860 2950; x_wconf 84' lang='lat' dir='ltr'><strong>sed</strong></span> <span class='ocrx_word' id='word_1_577' title='bbox 2893 2898 2956 2950; x_wconf 90' lang='lat' dir='ltr'><strong>ad</strong></span> <span class='ocrx_word' id='word_1_578' title='bbox 2999 2900 3254 2966; x_wconf 87' lang='lat' dir='ltr'><strong>majorem</strong></span> <span class='ocrx_word' id='word_1_579' title='bbox 3283 2890 3780 2966; x_wconf 78' lang='lat' dir='ltr'><strong>condemnationem</strong></span> 
     </span>
    </p>
   </div>
   <div class='ocr_carea' id='block_1_76' title="bbox 2220 2985 3781 3060">
    <p class='ocr_par' dir='ltr' id='par_1_76' title="bbox 2220 2985 3781 3060">
     <span class='ocr_line' id='line_1_76' title="bbox 2220 2985 3781 3060; baseline 0.015 -26"><span class='ocrx_word' id='word_1_580' title='bbox 2220 2995 2425 3044; x_wconf 88' lang='lat' dir='ltr'><strong>eorum,</strong></span> <span class='ocrx_word' id='word_1_581' title='bbox 2463 2992 2519 3036; x_wconf 91' lang='lat' dir='ltr'><strong>et</strong></span> <span class='ocrx_word' id='word_1_582' title='bbox 2547 2985 2634 3052; x_wconf 88' lang='lat' dir='ltr'><strong>qui</strong></span> <span class='ocrx_word' id='word_1_583' title='bbox 2665 2986 2744 3040; x_wconf 88' lang='lat' dir='ltr'><strong>eis</strong></span> <span class='ocrx_word' id='word_1_584' title='bbox 2770 2987 2961 3041; x_wconf 84' lang='lat' dir='ltr'><strong>similia</strong></span> <span class='ocrx_word' id='word_1_585' title='bbox 2990 2992 3221 3058; x_wconf 82' lang='lat' dir='ltr'><strong>sapiunt.</strong></span> <span class='ocrx_word' id='word_1_586' title='bbox 3269 3002 3284 3032; x_wconf 80' lang='grc' dir='ltr'>ί</span> <span class='ocrx_word' id='word_1_587' title='bbox 3317 2993 3578 3060; x_wconf 82' lang='lat' dir='ltr'><strong>Quamvis</strong></span> <span class='ocrx_word' id='word_1_588' title='bbox 3612 3011 3781 3057; x_wconf 82' lang='lat' dir='ltr'><strong>autem</strong></span> 
     </span>
    </p>
   </div>
   <div class='ocr_carea' id='block_1_77' title="bbox 2219 3071 3784 3156">
    <p class='ocr_par' dir='ltr' id='par_1_77' title="bbox 2219 3071 3784 3156">
     <span class='ocr_line' id='line_1_77' title="bbox 2219 3071 3784 3156; baseline 0.017 -34"><span class='ocrx_word' id='word_1_589' title='bbox 2219 3071 2542 3139; x_wconf 81' lang='lat' dir='ltr'><strong>exemplaria</strong></span> <span class='ocrx_word' id='word_1_590' title='bbox 2580 3073 2752 3143; x_wconf 74' lang='lat' dir='ltr'><strong>impia:</strong></span> <span class='ocrx_word' id='word_1_591' title='bbox 2781 3077 3018 3144; x_wconf 79' lang='lat' dir='ltr'><strong>epistola:</strong></span> <span class='ocrx_word' id='word_1_592' title='bbox 3045 3095 3162 3149; x_wconf 69' lang='lat' dir='ltr'><strong>qua:</strong></span> <span class='ocrx_word' id='word_1_593' title='bbox 3207 3083 3694 3156; x_wconf 85' lang='lat' dir='ltr'><strong>circumferuntur,</strong></span> <span class='ocrx_word' id='word_1_594' title='bbox 3735 3093 3784 3148; x_wconf 78' lang='grc' dir='ltr'>ξι</span> 
     </span>
    </p>
   </div>
   <div class='ocr_carea' id='block_1_78' title="bbox 2218 3161 3783 3240">
    <p class='ocr_par' dir='ltr' id='par_1_78' title="bbox 2218 3161 3783 3240">
     <span class='ocr_line' id='line_1_78' title="bbox 2218 3161 3783 3240; baseline 0.015 -27"><span class='ocrx_word' id='word_1_595' title='bbox 2218 3161 2480 3230; x_wconf 83' lang='lat' dir='ltr'><strong>aliquibus</strong></span> <span class='ocrx_word' id='word_1_596' title='bbox 2505 3164 2795 3234; x_wconf 89' lang='lat' dir='ltr'><strong>codicibus,</strong></span> <span class='ocrx_word' id='word_1_597' title='bbox 2809 3176 2867 3220; x_wconf 89' lang='lat' dir='ltr'><strong>ut</strong></span> <span class='ocrx_word' id='word_1_598' title='bbox 2891 3168 3088 3222; x_wconf 90' lang='lat' dir='ltr'><strong>dictum</strong></span> <span class='ocrx_word' id='word_1_599' title='bbox 3104 3179 3203 3235; x_wconf 90' lang='lat' dir='ltr'><strong>est,</strong></span> <span class='ocrx_word' id='word_1_600' title='bbox 3235 3172 3430 3228; x_wconf 85' lang='lat' dir='ltr'><strong>inserta</strong></span> <span class='ocrx_word' id='word_1_601' title='bbox 3447 3177 3582 3240; x_wconf 85' lang='lat' dir='ltr'><strong>sint,</strong></span> <span class='ocrx_word' id='word_1_602' title='bbox 3616 3187 3783 3236; x_wconf 81' lang='lat' dir='ltr'><strong>tamen</strong></span> 
     </span>
    </p>
   </div>
   <div class='ocr_carea' id='block_1_79' title="bbox 2219 3252 3783 3346">
    <p class='ocr_par' dir='ltr' id='par_1_79' title="bbox 2219 3252 3783 3346">
     <span class='ocr_line' id='line_1_79' title="bbox 2219 3252 3783 3346; baseline 0.014 -41"><span class='ocrx_word' id='word_1_603' title='bbox 2219 3252 2270 3305; x_wconf 88' lang='lat' dir='ltr'><strong>in</strong></span> <span class='ocrx_word' id='word_1_604' title='bbox 2299 3254 2622 3309; x_wconf 88' lang='lat' dir='ltr'><strong>authenticis</strong></span> <span class='ocrx_word' id='word_1_605' title='bbox 2653 3258 2704 3310; x_wconf 92' lang='lat' dir='ltr'><strong>in</strong></span> <span class='ocrx_word' id='word_1_606' title='bbox 2729 3259 2920 3326; x_wconf 89' lang='lat' dir='ltr'><strong>quibus</strong></span> <span class='ocrx_word' id='word_1_607' title='bbox 2945 3262 3266 3316; x_wconf 86' lang='lat' dir='ltr'><strong>sanctissimi</strong></span> <span class='ocrx_word' id='word_1_608' title='bbox 3285 3265 3526 3336; x_wconf 69' lang='lat' dir='ltr'><strong>epiécopi</strong></span> <span class='ocrx_word' id='word_1_609' title='bbox 3544 3270 3783 3346; x_wconf 69' lang='lat' dir='ltr'><strong>subscri-</strong></span> 
     </span>
    </p>
   </div>
   <div class='ocr_carea' id='block_1_80' title="bbox 2217 3341 3780 3440">
    <p class='ocr_par' dir='ltr' id='par_1_80' title="bbox 2217 3341 3780 3440">
     <span class='ocr_line' id='line_1_80' title="bbox 2217 3341 3780 3440; baseline 0.014 -40"><span class='ocrx_word' id='word_1_610' title='bbox 2217 3357 2454 3416; x_wconf 87' lang='lat' dir='ltr'><strong>pserunt,</strong></span> <span class='ocrx_word' id='word_1_611' title='bbox 2485 3351 2784 3406; x_wconf 86' lang='lat' dir='ltr'><strong>nullatenus</strong></span> <span class='ocrx_word' id='word_1_612' title='bbox 2807 3354 3166 3410; x_wconf 78' lang='lat' dir='ltr'><strong>inveniuntur.</strong></span> <span class='ocrx_word' id='word_1_613' title='bbox 3180 3341 3602 3440; x_wconf 55' lang='lat' dir='ltr'><strong>Opotftetautetn</strong></span> <span class='ocrx_word' id='word_1_614' title='bbox 3629 3367 3780 3421; x_wconf 78' lang='lat' dir='ltr'><strong>etiam</strong></span> 
     </span>
    </p>
   </div>
   <div class='ocr_carea' id='block_1_81' title="bbox 2219 3433 3779 3524">
    <p class='ocr_par' dir='ltr' id='par_1_81' title="bbox 2219 3433 3779 3524">
     <span class='ocr_line' id='line_1_81' title="bbox 2219 3433 3779 3524; baseline 0.013 -36"><span class='ocrx_word' id='word_1_615' title='bbox 2219 3435 2346 3490; x_wconf 91' lang='lat' dir='ltr'><strong>illud</strong></span> <span class='ocrx_word' id='word_1_616' title='bbox 2365 3438 2640 3493; x_wconf 87' lang='lat' dir='ltr'><strong>attendere</strong></span> <span class='ocrx_word' id='word_1_617' title='bbox 2657 3455 2748 3493; x_wconf 90' lang='lat' dir='ltr'><strong>eos</strong></span> <span class='ocrx_word' id='word_1_618' title='bbox 2767 3443 2858 3508; x_wconf 87' lang='lat' dir='ltr'><strong>qui</strong></span> <span class='ocrx_word' id='word_1_619' title='bbox 2884 3444 3162 3496; x_wconf 82' lang='lat' dir='ltr'><strong>veritatem</strong></span> <span class='ocrx_word' id='word_1_620' title='bbox 3187 3433 3620 3524; x_wconf 61' lang='lat' dir='ltr'><strong>ponet-utantur,</strong></span> <span class='ocrx_word' id='word_1_621' title='bbox 3645 3455 3779 3522; x_wconf 84' lang='lat' dir='ltr'><strong>quod</strong></span> 
     </span>
    </p>
   </div>
   <div class='ocr_carea' id='block_1_82' title="bbox 2217 3519 3782 3620">
    <p class='ocr_par' dir='ltr' id='par_1_82' title="bbox 2217 3519 3782 3620">
     <span class='ocr_line' id='line_1_82' title="bbox 2217 3519 3782 3620; baseline 0.012 -42"><span class='ocrx_word' id='word_1_622' title='bbox 2217 3524 2438 3580; x_wconf 86' lang='lat' dir='ltr'><strong>forsitan</strong></span> <span class='ocrx_word' id='word_1_623' title='bbox 2471 3529 2522 3582; x_wconf 79' lang='lat' dir='ltr'><strong>in</strong></span> <span class='ocrx_word' id='word_1_624' title='bbox 2554 3530 2794 3583; x_wconf 90' lang='lat' dir='ltr'><strong>conciliis</strong></span> <span class='ocrx_word' id='word_1_625' title='bbox 2818 3532 3058 3598; x_wconf 70' lang='lat' dir='ltr'><strong>quaadam</strong></span> <span class='ocrx_word' id='word_1_626' title='bbox 3080 3548 3110 3586; x_wconf 90' lang='lat' dir='ltr'><strong>a</strong></span> <span class='ocrx_word' id='word_1_627' title='bbox 3136 3519 3393 3620; x_wconf 55' lang='lat' dir='ltr'><strong>certisihi</strong></span> <span class='ocrx_word' id='word_1_628' title='bbox 3423 3519 3782 3598; x_wconf 74' lang='lat' dir='ltr'><strong>convenienti-</strong></span> 
     </span>
    </p>
   </div>
   <div class='ocr_carea' id='block_1_83' title="bbox 2217 3611 3778 3710">
    <p class='ocr_par' dir='ltr' id='par_1_83' title="bbox 2217 3611 3778 3710">
     <span class='ocr_line' id='line_1_83' title="bbox 2217 3611 3778 3710; baseline 0.011 -32"><span class='ocrx_word' id='word_1_629' title='bbox 2217 3624 2314 3678; x_wconf 86' lang='lat' dir='ltr'><strong>bus</strong></span> <span class='ocrx_word' id='word_1_630' title='bbox 2337 3624 2598 3692; x_wconf 89' lang='lat' dir='ltr'><strong>dicuntur,</strong></span> <span class='ocrx_word' id='word_1_631' title='bbox 2627 3635 2718 3680; x_wconf 90' lang='lat' dir='ltr'><strong>aut</strong></span> <span class='ocrx_word' id='word_1_632' title='bbox 2745 3643 2839 3697; x_wconf 90' lang='lat' dir='ltr'><strong>per</strong></span> <span class='ocrx_word' id='word_1_633' title='bbox 2864 3627 3099 3684; x_wconf 90' lang='lat' dir='ltr'><strong>favorem</strong></span> <span class='ocrx_word' id='word_1_634' title='bbox 3118 3674 3132 3698; x_wconf 89' lang='lat'><strong>,</strong></span> <span class='ocrx_word' id='word_1_635' title='bbox 3175 3613 3276 3710; x_wconf 37' lang='lat' dir='ltr'><strong>aut.</strong></span> <span class='ocrx_word' id='word_1_636' title='bbox 3297 3611 3396 3708; x_wconf 70' lang='lat' dir='ltr'><strong>per</strong></span> <span class='ocrx_word' id='word_1_637' title='bbox 3421 3628 3778 3702; x_wconf 78' lang='lat' dir='ltr'><strong>contrarieta-</strong></span> 
     </span>
    </p>
   </div>
   <div class='ocr_carea' id='block_1_84' title="bbox 2217 3717 3783 3788">
    <p class='ocr_par' dir='ltr' id='par_1_84' title="bbox 2217 3717 3783 3788">
     <span class='ocr_line' id='line_1_84' title="bbox 2217 3717 3783 3788; baseline 0.013 -22"><span class='ocrx_word' id='word_1_638' title='bbox 2217 3722 2356 3781; x_wconf 88' lang='lat' dir='ltr'><strong>tem,</strong></span> <span class='ocrx_word' id='word_1_639' title='bbox 2401 3723 2494 3768; x_wconf 89' lang='lat' dir='ltr'><strong>aut</strong></span> <span class='ocrx_word' id='word_1_640' title='bbox 2520 3731 2616 3785; x_wconf 88' lang='lat' dir='ltr'><strong>per</strong></span> <span class='ocrx_word' id='word_1_641' title='bbox 2639 3717 3016 3784; x_wconf 79' lang='lat' dir='ltr'><strong>ignorantiam.</strong></span> <span class='ocrx_word' id='word_1_642' title='bbox 3061 3721 3227 3778; x_wconf 84' lang='lat' dir='ltr'><strong>Nemo</strong></span> <span class='ocrx_word' id='word_1_643' title='bbox 3253 3734 3436 3780; x_wconf 88' lang='lat' dir='ltr'><strong>autem</strong></span> <span class='ocrx_word' id='word_1_644' title='bbox 3467 3731 3702 3784; x_wconf 87' lang='lat' dir='ltr'><strong>attendit</strong></span> <span class='ocrx_word' id='word_1_645' title='bbox 3723 3746 3783 3788; x_wconf 77' lang='lat' dir='ltr'><strong>ea</strong></span> 
     </span>
    </p>
   </div>
   <div class='ocr_carea' id='block_1_85' title="bbox 2215 3807 3780 3876">
    <p class='ocr_par' dir='ltr' id='par_1_85' title="bbox 2215 3807 3780 3876">
     <span class='ocr_line' id='line_1_85' title="bbox 2215 3807 3780 3876; baseline 0.013 -22"><span class='ocrx_word' id='word_1_646' title='bbox 2215 3817 2334 3871; x_wconf 75' lang='lat' dir='ltr'><strong>qua:</strong></span> <span class='ocrx_word' id='word_1_647' title='bbox 2360 3817 2456 3871; x_wconf 91' lang='lat' dir='ltr'><strong>per</strong></span> <span class='ocrx_word' id='word_1_648' title='bbox 2480 3813 2685 3873; x_wconf 88' lang='lat' dir='ltr'><strong>partem</strong></span> <span class='ocrx_word' id='word_1_649' title='bbox 2711 3821 2740 3859; x_wconf 89' lang='lat' dir='ltr'><strong>a</strong></span> <span class='ocrx_word' id='word_1_650' title='bbox 2766 3807 3085 3876; x_wconf 89' lang='lat' dir='ltr'><strong>quibusdam</strong></span> <span class='ocrx_word' id='word_1_651' title='bbox 3109 3811 3357 3868; x_wconf 89' lang='lat' dir='ltr'><strong>dicuntur</strong></span> <span class='ocrx_word' id='word_1_652' title='bbox 3389 3833 3403 3868; x_wconf 84' lang='lat'><strong>:</strong></span> <span class='ocrx_word' id='word_1_653' title='bbox 3430 3817 3530 3872; x_wconf 84' lang='lat' dir='ltr'><strong>sed</strong></span> <span class='ocrx_word' id='word_1_654' title='bbox 3551 3819 3670 3873; x_wconf 85' lang='lat' dir='ltr'><strong>sola</strong></span> <span class='ocrx_word' id='word_1_655' title='bbox 3695 3820 3780 3874; x_wconf 82' lang='lat' dir='ltr'><strong>illa</strong></span> 
     </span>
    </p>
   </div>
   <div class='ocr_carea' id='block_1_86' title="bbox 2217 3894 3782 3966">
    <p class='ocr_par' dir='ltr' id='par_1_86' title="bbox 2217 3894 3782 3966">
     <span class='ocr_line' id='line_1_86' title="bbox 2217 3894 3782 3966; baseline 0.013 -21"><span class='ocrx_word' id='word_1_656' title='bbox 2217 3906 2334 3960; x_wconf 64' lang='lat' dir='ltr'><strong>qua:</strong></span> <span class='ocrx_word' id='word_1_657' title='bbox 2371 3894 2438 3948; x_wconf 86' lang='lat' dir='ltr'><strong>ab</strong></span> <span class='ocrx_word' id='word_1_658' title='bbox 2474 3897 2718 3952; x_wconf 87' lang='lat' dir='ltr'><strong>omnibus</strong></span> <span class='ocrx_word' id='word_1_659' title='bbox 2753 3901 3019 3953; x_wconf 88' lang='lat' dir='ltr'><strong>communi</strong></span> <span class='ocrx_word' id='word_1_660' title='bbox 3047 3917 3312 3958; x_wconf 85' lang='lat' dir='ltr'><strong>consensu</strong></span> <span class='ocrx_word' id='word_1_661' title='bbox 3336 3905 3692 3965; x_wconf 73' lang='lat' dir='ltr'><strong>definiuntur.</strong></span> <span class='ocrx_word' id='word_1_662' title='bbox 3729 3911 3782 3966; x_wconf 87' lang='lat' dir='ltr'><strong>Si</strong></span> 
     </span>
    </p>
   </div>
   <div class='ocr_carea' id='block_1_87' title="bbox 2217 3983 3779 4068">
    <p class='ocr_par' dir='ltr' id='par_1_87' title="bbox 2217 3983 3779 4068">
     <span class='ocr_line' id='line_1_87' title="bbox 2217 3983 3779 4068; baseline 0.015 -34"><span class='ocrx_word' id='word_1_663' title='bbox 2217 3983 2357 4035; x_wconf 88' lang='lat' dir='ltr'><strong>enim</strong></span> <span class='ocrx_word' id='word_1_664' title='bbox 2397 3983 2586 4051; x_wconf 87' lang='lat' dir='ltr'><strong>aliquis</strong></span> <span class='ocrx_word' id='word_1_665' title='bbox 2612 3987 2900 4041; x_wconf 84' lang='lat' dir='ltr'><strong>secundum</strong></span> <span class='ocrx_word' id='word_1_666' title='bbox 2930 3988 3048 4043; x_wconf 89' lang='lat' dir='ltr'><strong>illos</strong></span> <span class='ocrx_word' id='word_1_667' title='bbox 3069 3991 3299 4047; x_wconf 89' lang='lat' dir='ltr'><strong>voluerit</strong></span> <span class='ocrx_word' id='word_1_668' title='bbox 3326 3997 3614 4054; x_wconf 85' lang='lat' dir='ltr'><strong>attendere</strong></span> <span class='ocrx_word' id='word_1_669' title='bbox 3639 4002 3779 4068; x_wconf 80' lang='lat' dir='ltr'><strong>ejus-</strong></span> 
     </span>
    </p>
   </div>
   <div class='ocr_carea' id='block_1_88' title="bbox 2217 4073 3779 4154">
    <p class='ocr_par' dir='ltr' id='par_1_88' title="bbox 2217 4073 3779 4154">
     <span class='ocr_line' id='line_1_88' title="bbox 2217 4073 3779 4154; baseline 0.013 -29"><span class='ocrx_word' id='word_1_670' title='bbox 2217 4073 2357 4126; x_wconf 88' lang='lat' dir='ltr'><strong>modi</strong></span> <span class='ocrx_word' id='word_1_671' title='bbox 2387 4077 2814 4142; x_wconf 88' lang='lat' dir='ltr'><strong>contrarietates,</strong></span> <span class='ocrx_word' id='word_1_672' title='bbox 2860 4094 3190 4151; x_wconf 76' lang='lat' dir='ltr'><strong>unaquzeque</strong></span> <span class='ocrx_word' id='word_1_673' title='bbox 3215 4086 3450 4154; x_wconf 84' lang='lat' dir='ltr'><strong>synodus</strong></span> <span class='ocrx_word' id='word_1_674' title='bbox 3481 4089 3779 4146; x_wconf 74' lang='lat' dir='ltr'><strong>invenietur</strong></span> 
     </span>
    </p>
   </div>
   <div class='ocr_carea' id='block_1_89' title="bbox 2217 4166 3781 4249">
    <p class='ocr_par' dir='ltr' id='par_1_89' title="bbox 2217 4166 3781 4249">
     <span class='ocr_line' id='line_1_89' title="bbox 2217 4166 3781 4249; baseline 0.012 -32"><span class='ocrx_word' id='word_1_675' title='bbox 2217 4166 2553 4234; x_wconf 89' lang='lat' dir='ltr'><strong>semetipsam</strong></span> <span class='ocrx_word' id='word_1_676' title='bbox 2584 4167 2882 4223; x_wconf 90' lang='lat' dir='ltr'><strong>destruens.</strong></span> <span class='ocrx_word' id='word_1_677' title='bbox 2923 4169 3151 4240; x_wconf 89' lang='lat' dir='ltr'><strong>Propter</strong></span> <span class='ocrx_word' id='word_1_678' title='bbox 3173 4173 3286 4230; x_wconf 76' lang='lat' dir='ltr'><strong>hme</strong></span> <span class='ocrx_word' id='word_1_679' title='bbox 3315 4176 3478 4246; x_wconf 76' lang='lat' dir='ltr'><strong>igitur</strong></span> <span class='ocrx_word' id='word_1_680' title='bbox 3499 4181 3781 4249; x_wconf 82' lang='lat' dir='ltr'><strong>oportebat</strong></span> 
     </span>
    </p>
   </div>
   <div class='ocr_carea' id='block_1_90' title="bbox 545 4229 2118 4332">
    <p class='ocr_par' dir='ltr' id='par_1_90' title="bbox 545 4229 2112 4318">
     <span class='ocr_line' id='line_1_90' title="bbox 545 4229 2112 4318; baseline 0.011 -37"><span class='ocrx_word' id='word_1_681' title='bbox 545 4229 678 4288; x_wconf 72' lang='grc' dir='ltr'>λικῆς</span> <span class='ocrx_word' id='word_1_682' title='bbox 709 4230 994 4292; x_wconf 78' lang='grc' dir='ltr'>ἐκκλησίας.</span> <span class='ocrx_word' id='word_1_683' title='bbox 1035 4236 1116 4286; x_wconf 86' lang='grc' dir='ltr'><strong>καί</strong></span> <span class='ocrx_word' id='word_1_684' title='bbox 1139 4235 1362 4303; x_wconf 81' lang='grc' dir='ltr'>μάλιστα</span> <span class='ocrx_word' id='word_1_685' title='bbox 1389 4244 1462 4308; x_wconf 83' lang='grc' dir='ltr'>τῷ</span> <span class='ocrx_word' id='word_1_686' title='bbox 1489 4239 1538 4290; x_wconf 89' lang='grc' dir='ltr'><strong>ἐν</strong></span> <span class='ocrx_word' id='word_1_687' title='bbox 1565 4237 1726 4311; x_wconf 78' lang='grc' dir='ltr'>ἁγίοις</span> <span class='ocrx_word' id='word_1_688' title='bbox 1749 4243 2020 4314; x_wconf 82' lang='grc' dir='ltr'>Ἀθανασίῳ</span> <span class='ocrx_word' id='word_1_689' title='bbox 2042 4252 2112 4318; x_wconf 82' lang='grc' dir='ltr'>τῷ</span> 
     </span>
    </p>
   </div>
   <div class='ocr_carea' id='block_1_91' title="bbox 2220 4229 3779 4332">
    <p class='ocr_par' dir='ltr' id='par_1_91' title="bbox 2220 4229 3779 4332">
     <span class='ocr_line' id='line_1_91' title="bbox 2411 4229 3779 4249; baseline 0.013 -15"><span class='ocrx_word' id='word_1_690' title='bbox 2411 4229 2424 4234; x_wconf 93' lang='grc'><strong>-</strong></span> <span class='ocrx_word' id='word_1_691' title='bbox 3032 4229 3048 4240; x_wconf 83' lang='grc' dir='ltr'>ι</span> <span class='ocrx_word' id='word_1_692' title='bbox 3272 4229 3279 4230; x_wconf 45' lang='grc' dir='ltr'><strong>ί</strong></span> <span class='ocrx_word' id='word_1_693' title='bbox 3332 4229 3365 4246; x_wconf 79' lang='grc' dir='ltr'><strong><em>υ</em></strong></span> <span class='ocrx_word' id='word_1_694' title='bbox 3420 4229 3464 4232; x_wconf 42' lang='grc' dir='ltr'><strong>ν’</strong></span> <span class='ocrx_word' id='word_1_695' title='bbox 3507 4229 3565 4249; x_wconf 54' lang='lat' dir='ltr'><strong>&#39;l’</strong></span> <span class='ocrx_word' id='word_1_696' title='bbox 3580 4229 3626 4234; x_wconf 79' lang='lat'>&quot;</span> <span class='ocrx_word' id='word_1_697' title='bbox 3644 4229 3779 4235; x_wconf 67' lang='lat'><strong>&quot;&#39;&quot;</strong></span> 
     </span>
     <span class='ocr_line' id='line_1_92' title="bbox 2220 4254 3779 4332; baseline 0.012 -26"><span class='ocrx_word' id='word_1_698' title='bbox 2220 4255 2328 4318; x_wconf 78' lang='lat' dir='ltr'><strong>eos,</strong></span> <span class='ocrx_word' id='word_1_699' title='bbox 2347 4254 2392 4307; x_wconf 92' lang='lat' dir='ltr'><strong>si</strong></span> <span class='ocrx_word' id='word_1_700' title='bbox 2417 4262 2656 4308; x_wconf 84' lang='lat' dir='ltr'><strong>sanctqu</strong></span> <span class='ocrx_word' id='word_1_701' title='bbox 2679 4259 2964 4312; x_wconf 90' lang='lat' dir='ltr'><strong>concilium</strong></span> <span class='ocrx_word' id='word_1_702' title='bbox 2985 4270 3133 4314; x_wconf 88' lang='lat' dir='ltr'><strong>recte</strong></span> <span class='ocrx_word' id='word_1_703' title='bbox 3151 4263 3505 4332; x_wconf 87' lang='lat' dir='ltr'><strong>susciperent,</strong></span> <span class='ocrx_word' id='word_1_704' title='bbox 3529 4283 3638 4322; x_wconf 87' lang='lat' dir='ltr'><strong>non</strong></span> <span class='ocrx_word' id='word_1_705' title='bbox 3655 4268 3779 4324; x_wconf 74' lang='lat' dir='ltr'><strong>tales</strong></span> 
     </span>
    </p>
   </div>
   <div class='ocr_carea' id='block_1_92' title="bbox 546 4321 2112 4402">
    <p class='ocr_par' dir='ltr' id='par_1_92' title="bbox 546 4321 2112 4402">
     <span class='ocr_line' id='line_1_93' title="bbox 546 4321 2112 4402; baseline 0.011 -31"><span class='ocrx_word' id='word_1_706' title='bbox 546 4321 786 4390; x_wconf 72' lang='grc' dir='ltr'>γενομένῳ</span> <span class='ocrx_word' id='word_1_707' title='bbox 811 4329 900 4380; x_wconf 79' lang='grc' dir='ltr'>τῆς</span> <span class='ocrx_word' id='word_1_708' title='bbox 925 4321 1271 4396; x_wconf 82' lang='grc' dir='ltr'>Ἀλεξανδρέων</span> <span class='ocrx_word' id='word_1_709' title='bbox 1292 4327 1548 4387; x_wconf 77' lang='grc' dir='ltr'>ἐκκλησίας</span> <span class='ocrx_word' id='word_1_710' title='bbox 1577 4331 1855 4402; x_wconf 81' lang='grc' dir='ltr'>ἐπισκὸπῳ,</span> <span class='ocrx_word' id='word_1_711' title='bbox 1883 4337 1966 4386; x_wconf 86' lang='grc' dir='ltr'><strong>καί</strong></span> <span class='ocrx_word' id='word_1_712' title='bbox 1994 4335 2112 4388; x_wconf 87' lang='grc' dir='ltr'>πολ·-</span> 
     </span>
    </p>
   </div>
   <div class='ocr_carea' id='block_1_93' title="bbox 545 4407 2111 4497">
    <p class='ocr_par' dir='ltr' id='par_1_93' title="bbox 545 4407 2111 4497">
     <span class='ocr_line' id='line_1_94' title="bbox 545 4407 2111 4497; baseline 0.013 -39"><span class='ocrx_word' id='word_1_713' title='bbox 545 4407 662 4465; x_wconf 82' lang='grc' dir='ltr'>λούς</span> <span class='ocrx_word' id='word_1_714' title='bbox 700 4411 781 4460; x_wconf 85' lang='grc' dir='ltr'><strong>καί</strong></span> <span class='ocrx_word' id='word_1_715' title='bbox 817 4411 1064 4480; x_wconf 85' lang='grc' dir='ltr'>μεγάλους</span> <span class='ocrx_word' id='word_1_716' title='bbox 1105 4413 1302 4482; x_wconf 84' lang='grc' dir='ltr'>ἀγῶνας</span> <span class='ocrx_word' id='word_1_717' title='bbox 1339 4414 1680 4489; x_wconf 72' lang='grc' dir='ltr'>ἀναδεξαμένῳ</span> <span class='ocrx_word' id='word_1_718' title='bbox 1723 4422 1852 4497; x_wconf 73' lang='grc' dir='ltr'>ὑπὲρ</span> <span class='ocrx_word' id='word_1_719' title='bbox 1895 4431 1985 4482; x_wconf 76' lang='grc' dir='ltr'>τῆς</span> <span class='ocrx_word' id='word_1_720' title='bbox 2015 4433 2111 4478; x_wconf 80' lang='grc' dir='ltr'><strong>τῶν</strong></span> 
     </span>
    </p>
   </div>
   <div class='ocr_carea' id='block_1_94' title="bbox 545 4500 2112 4584">
    <p class='ocr_par' dir='ltr' id='par_1_94' title="bbox 545 4500 2112 4584">
     <span class='ocr_line' id='line_1_95' title="bbox 545 4500 2112 4584; baseline 0.011 -36"><span class='ocrx_word' id='word_1_721' title='bbox 545 4503 851 4564; x_wconf 76' lang='grc' dir='ltr'>Χριστιανῶν</span> <span class='ocrx_word' id='word_1_722' title='bbox 899 4500 1118 4558; x_wconf 86' lang='grc' dir='ltr'>πίστεως</span> <span class='ocrx_word' id='word_1_723' title='bbox 1163 4501 1309 4573; x_wconf 81' lang='grc' dir='ltr'>ὀρθῆς</span> <span class='ocrx_word' id='word_1_724' title='bbox 1349 4506 1478 4558; x_wconf 87' lang='grc' dir='ltr'><strong>κατά</strong></span> <span class='ocrx_word' id='word_1_725' title='bbox 1516 4507 1685 4566; x_wconf 86' lang='grc' dir='ltr'>πάσης</span> <span class='ocrx_word' id='word_1_726' title='bbox 1723 4509 1980 4584; x_wconf 80' lang='grc' dir='ltr'>αἱρέσεως,</span> <span class='ocrx_word' id='word_1_727' title='bbox 2029 4517 2112 4566; x_wconf 82' lang='grc' dir='ltr'>καὶ</span> 
     </span>
    </p>
   </div>
   <div class='ocr_carea' id='block_1_95' title="bbox 548 4585 2110 4673">
    <p class='ocr_par' dir='ltr' id='par_1_95' title="bbox 548 4585 2110 4673">
     <span class='ocr_line' id='line_1_96' title="bbox 548 4585 2110 4673; baseline 0.013 -39"><span class='ocrx_word' id='word_1_728' title='bbox 548 4585 772 4654; x_wconf 78' lang='grc' dir='ltr'>μάλιστα</span> <span class='ocrx_word' id='word_1_729' title='bbox 812 4593 912 4639; x_wconf 89' lang='grc' dir='ltr'><strong>τῶν</strong></span> <span class='ocrx_word' id='word_1_730' title='bbox 955 4587 1304 4642; x_wconf 73' lang='grc' dir='ltr'>ἀσεϐεστάτων</span> <span class='ocrx_word' id='word_1_731' title='bbox 1345 4599 1603 4664; x_wconf 80' lang='grc' dir='ltr'>’Δρειανῶν</span> <span class='ocrx_word' id='word_1_732' title='bbox 1630 4613 1640 4623; x_wconf 92' lang='grc'><strong>·</strong></span> <span class='ocrx_word' id='word_1_733' title='bbox 1673 4604 1771 4651; x_wconf 88' lang='grc' dir='ltr'><strong>τῶν</strong></span> <span class='ocrx_word' id='word_1_734' title='bbox 1817 4601 1912 4673; x_wconf 84' lang='grc' dir='ltr'>γὰρ</span> <span class='ocrx_word' id='word_1_735' title='bbox 1941 4603 2110 4655; x_wconf 70' lang='grc' dir='ltr'>αὐτῶν</span> 
     </span>
    </p>
   </div>
   <div class='ocr_carea' id='block_1_96' title="bbox 545 4671 2108 4766">
    <p class='ocr_par' dir='ltr' id='par_1_96' title="bbox 545 4671 2108 4766">
     <span class='ocr_line' id='line_1_97' title="bbox 545 4671 2108 4766; baseline 0.015 -44"><span class='ocrx_word' id='word_1_736' title='bbox 545 4671 810 4745; x_wconf 67' lang='grc' dir='ltr'>Ἀρειαιών</span> <span class='ocrx_word' id='word_1_737' title='bbox 844 4677 970 4747; x_wconf 83' lang='grc' dir='ltr'>πρὸς</span> <span class='ocrx_word' id='word_1_738' title='bbox 993 4677 1187 4734; x_wconf 76' lang='grc' dir='ltr'>ἀπάτην</span> <span class='ocrx_word' id='word_1_739' title='bbox 1216 4685 1312 4732; x_wconf 88' lang='grc' dir='ltr'><strong>τῶν</strong></span> <span class='ocrx_word' id='word_1_740' title='bbox 1335 4679 1465 4734; x_wconf 87' lang='grc' dir='ltr'>λαῶν</span> <span class='ocrx_word' id='word_1_741' title='bbox 1489 4687 1561 4744; x_wconf 87' lang='grc' dir='ltr'>εἰς</span> <span class='ocrx_word' id='word_1_742' title='bbox 1592 4691 1682 4744; x_wconf 81' lang='grc' dir='ltr'><strong>τήν</strong></span> <span class='ocrx_word' id='word_1_743' title='bbox 1712 4687 1899 4742; x_wconf 83' lang='grc' dir='ltr'>ἑαυτῶν</span> <span class='ocrx_word' id='word_1_744' title='bbox 1925 4691 2108 4766; x_wconf 86' lang='grc' dir='ltr'>μερίδα</span> 
     </span>
    </p>
   </div>
   <div class='ocr_carea' id='block_1_97' title="bbox 547 4761 2110 4850">
    <p class='ocr_par' dir='ltr' id='par_1_97' title="bbox 547 4761 2110 4850">
     <span class='ocr_line' id='line_1_98' title="bbox 547 4761 2110 4850; baseline 0.014 -38"><span class='ocrx_word' id='word_1_745' title='bbox 547 4761 908 4826; x_wconf 68' lang='grc' dir='ltr'>ἐπισπωμένων</span> <span class='ocrx_word' id='word_1_746' title='bbox 934 4766 1208 4830; x_wconf 78' lang='grc' dir='ltr'>Διονύσιον,</span> <span class='ocrx_word' id='word_1_747' title='bbox 1239 4771 1338 4842; x_wconf 84' lang='grc' dir='ltr'><strong>πρὸ</strong></span> <span class='ocrx_word' id='word_1_748' title='bbox 1375 4771 1562 4824; x_wconf 82' lang='grc' dir='ltr'>πολλῶν</span> <span class='ocrx_word' id='word_1_749' title='bbox 1593 4775 1716 4828; x_wconf 76' lang='grc' dir='ltr'>ἐτῶν</span> <span class='ocrx_word' id='word_1_750' title='bbox 1743 4783 1831 4830; x_wconf 85' lang='grc' dir='ltr'>τοῦ</span> <span class='ocrx_word' id='word_1_751' title='bbox 1861 4775 1911 4831; x_wconf 90' lang='grc' dir='ltr'><strong>έν</strong></span> <span class='ocrx_word' id='word_1_752' title='bbox 1951 4778 2110 4850; x_wconf 81' lang='grc' dir='ltr'>ἁγίοις</span> 
     </span>
    </p>
   </div>
   <div class='ocr_carea' id='block_1_98' title="bbox 553 4841 2111 4929">
    <p class='ocr_par' dir='ltr' id='par_1_98' title="bbox 553 4841 2111 4929">
     <span class='ocr_line' id='line_1_99' title="bbox 553 4841 2111 4929; baseline 0.015 -32"><span class='ocrx_word' id='word_1_753' title='bbox 553 4841 840 4904; x_wconf 70' lang='grc' dir='ltr'>Ἀθανασίου</span> <span class='ocrx_word' id='word_1_754' title='bbox 885 4859 976 4912; x_wconf 82' lang='grc' dir='ltr'>τῆς</span> <span class='ocrx_word' id='word_1_755' title='bbox 1001 4849 1359 4928; x_wconf 78' lang='grc' dir='ltr'>’Δλεξανδρείας</span> <span class='ocrx_word' id='word_1_756' title='bbox 1400 4858 1659 4928; x_wconf 77' lang='grc' dir='ltr'>γενόμενον</span> <span class='ocrx_word' id='word_1_757' title='bbox 1699 4863 1986 4929; x_wconf 89' lang='grc' dir='ltr'>ἐπίσκοπον,</span> <span class='ocrx_word' id='word_1_758' title='bbox 2030 4871 2111 4921; x_wconf 83' lang='grc' dir='ltr'><strong>καί</strong></span> 
     </span>
    </p>
   </div>
   <div class='ocr_carea' id='block_1_99' title="bbox 543 4935 2112 5024">
    <p class='ocr_par' dir='ltr' id='par_1_99' title="bbox 543 4935 2112 5024">
     <span class='ocr_line' id='line_1_100' title="bbox 543 4935 2112 5024; baseline 0.015 -33"><span class='ocrx_word' id='word_1_759' title='bbox 543 4935 803 5008; x_wconf 65' lang='grc' dir='ltr'>λε,ὁντων,</span> <span class='ocrx_word' id='word_1_760' title='bbox 835 4944 901 5001; x_wconf 82' lang='grc' dir='ltr'><strong>ὡς</strong></span> <span class='ocrx_word' id='word_1_761' title='bbox 944 4945 1026 4996; x_wconf 82' lang='grc' dir='ltr'><strong>καί</strong></span> <span class='ocrx_word' id='word_1_762' title='bbox 1074 4945 1229 5004; x_wconf 83' lang='grc' dir='ltr'>αὐτὸς</span> <span class='ocrx_word' id='word_1_763' title='bbox 1269 4947 1295 5000; x_wconf 85' lang='grc' dir='ltr'>ὁ</span> <span class='ocrx_word' id='word_1_764' title='bbox 1341 4952 1596 5012; x_wconf 83' lang='grc' dir='ltr'>Διονύσιος</span> <span class='ocrx_word' id='word_1_765' title='bbox 1641 4955 1704 5008; x_wconf 85' lang='grc' dir='ltr'><strong>τά</strong></span> <span class='ocrx_word' id='word_1_766' title='bbox 1752 4951 1896 5024; x_wconf 84' lang='grc' dir='ltr'>ὅμοια</span> <span class='ocrx_word' id='word_1_767' title='bbox 1943 4960 2112 5020; x_wconf 82' lang='grc' dir='ltr'>αὐτοῖς</span> 
     </span>
    </p>
   </div>
   <div class='ocr_carea' id='block_1_100' title="bbox 541 5029 2110 5111">
    <p class='ocr_par' dir='ltr' id='par_1_100' title="bbox 541 5029 2110 5111">
     <span class='ocr_line' id='line_1_101' title="bbox 541 5029 2110 5111; baseline 0.016 -32"><span class='ocrx_word' id='word_1_768' title='bbox 541 5029 826 5101; x_wconf 69' lang='grc' dir='ltr'>ἐφρόνησεν,</span> <span class='ocrx_word' id='word_1_769' title='bbox 858 5029 1143 5092; x_wconf 79' lang='grc' dir='ltr'>Ἀθανάσιος</span> <span class='ocrx_word' id='word_1_770' title='bbox 1171 5033 1196 5088; x_wconf 85' lang='grc' dir='ltr'>ὁ</span> <span class='ocrx_word' id='word_1_771' title='bbox 1222 5038 1384 5108; x_wconf 84' lang='grc' dir='ltr'>μέγας</span> <span class='ocrx_word' id='word_1_772' title='bbox 1411 5047 1500 5099; x_wconf 77' lang='grc' dir='ltr'>τῆς</span> <span class='ocrx_word' id='word_1_773' title='bbox 1530 5043 1789 5106; x_wconf 81' lang='grc' dir='ltr'>ἐκκλησίας</span> <span class='ocrx_word' id='word_1_774' title='bbox 1815 5044 2110 5111; x_wconf 83' lang='grc' dir='ltr'>διδάσκαλος</span> 
     </span>
    </p>
   </div>
   <div class='ocr_carea' id='block_1_101' title="bbox 541 5122 2109 5208">
    <p class='ocr_par' dir='ltr' id='par_1_101' title="bbox 541 5122 2109 5208">
     <span class='ocr_line' id='line_1_102' title="bbox 541 5122 2109 5208; baseline 0.016 -37"><span class='ocrx_word' id='word_1_775' title='bbox 541 5123 735 5180; x_wconf 61' lang='grc' dir='ltr'>πολλοῖς</span> <span class='ocrx_word' id='word_1_776' title='bbox 791 5122 998 5196; x_wconf 82' lang='grc' dir='ltr'>τρόποις</span> <span class='ocrx_word' id='word_1_777' title='bbox 1046 5125 1304 5200; x_wconf 71' lang='grc' dir='ltr'>ἐγγράφως</span> <span class='ocrx_word' id='word_1_778' title='bbox 1347 5130 1591 5196; x_wconf 85' lang='grc' dir='ltr'>ἀπέδειξε,</span> <span class='ocrx_word' id='word_1_779' title='bbox 1625 5140 1712 5193; x_wconf 75' lang='grc' dir='ltr'>τήν</span> <span class='ocrx_word' id='word_1_780' title='bbox 1757 5138 1900 5208; x_wconf 69' lang='grc' dir='ltr'>ὀρθὴν</span> <span class='ocrx_word' id='word_1_781' title='bbox 1940 5143 2109 5196; x_wconf 82' lang='grc' dir='ltr'>πίστιν</span> 
     </span>
    </p>
   </div>
   <div class='ocr_carea' id='block_1_102' title="bbox 541 5215 2110 5292">
    <p class='ocr_par' dir='ltr' id='par_1_102' title="bbox 541 5215 2110 5292">
     <span class='ocr_line' id='line_1_103' title="bbox 541 5215 2110 5292; baseline 0.012 -28"><span class='ocrx_word' id='word_1_782' title='bbox 541 5216 800 5266; x_wconf 77' lang='grc' dir='ltr'>Διονύσιον</span> <span class='ocrx_word' id='word_1_783' title='bbox 829 5215 875 5276; x_wconf 82' lang='grc' dir='ltr'><strong>ἐξ</strong></span> <span class='ocrx_word' id='word_1_784' title='bbox 902 5215 1073 5288; x_wconf 82' lang='grc' dir='ltr'>ἀρχῆς</span> <span class='ocrx_word' id='word_1_785' title='bbox 1098 5217 1322 5290; x_wconf 70' lang='grc' dir='ltr'>κηρύξαι,</span> <span class='ocrx_word' id='word_1_786' title='bbox 1359 5223 1440 5272; x_wconf 88' lang='grc' dir='ltr'><strong>καί</strong></span> <span class='ocrx_word' id='word_1_787' title='bbox 1464 5220 1706 5292; x_wconf 80' lang='grc' dir='ltr'>μηδαμῶς</span> <span class='ocrx_word' id='word_1_788' title='bbox 1733 5227 2110 5286; x_wconf 80' lang='grc' dir='ltr'>ἐπικοινωνῆσαι</span> 
     </span>
    </p>
   </div>
   <div class='ocr_carea' id='block_1_103' title="bbox 538 5301 2107 5390">
    <p class='ocr_par' dir='ltr' id='par_1_103' title="bbox 538 5301 2107 5390">
     <span class='ocr_line' id='line_1_104' title="bbox 538 5301 2107 5390; baseline 0.01 -35"><span class='ocrx_word' id='word_1_789' title='bbox 538 5310 601 5374; x_wconf 74' lang='grc' dir='ltr'>τῇ</span> <span class='ocrx_word' id='word_1_790' title='bbox 635 5310 732 5356; x_wconf 89' lang='grc' dir='ltr'><strong>τῶν</strong></span> <span class='ocrx_word' id='word_1_791' title='bbox 765 5301 1021 5376; x_wconf 77' lang='grc' dir='ltr'>Ἀρειανῶν</span> <span class='ocrx_word' id='word_1_792' title='bbox 1057 5307 1285 5379; x_wconf 59' lang='grc' dir='ltr'>ἀσεϐείτι.</span> <span class='ocrx_word' id='word_1_793' title='bbox 1315 5304 1472 5364; x_wconf 81' lang='grc' dir='ltr'>Οὗτοι</span> <span class='ocrx_word' id='word_1_794' title='bbox 1509 5308 1562 5364; x_wconf 87' lang='grc' dir='ltr'><strong>δέ</strong></span> <span class='ocrx_word' id='word_1_795' title='bbox 1601 5313 1666 5366; x_wconf 84' lang='grc' dir='ltr'><strong>τά</strong></span> <span class='ocrx_word' id='word_1_796' title='bbox 1703 5321 1800 5366; x_wconf 90' lang='grc' dir='ltr'><strong>τῶν</strong></span> <span class='ocrx_word' id='word_1_797' title='bbox 1843 5317 2107 5390; x_wconf 87' lang='grc' dir='ltr'>αίρετικῶν</span> 
     </span>
    </p>
   </div>
   <div class='ocr_carea' id='block_1_104' title="bbox 538 5399 2103 5476">
    <p class='ocr_par' dir='ltr' id='par_1_104' title="bbox 538 5399 2103 5476">
     <span class='ocr_line' id='line_1_105' title="bbox 538 5399 2103 5476; baseline 0.012 -31"><span class='ocrx_word' id='word_1_798' title='bbox 538 5401 832 5464; x_wconf 77' lang='grc' dir='ltr'>φρονοῦντες</span> <span class='ocrx_word' id='word_1_799' title='bbox 858 5401 947 5452; x_wconf 70' lang='grc' dir='ltr'>τήν</span> <span class='ocrx_word' id='word_1_800' title='bbox 975 5399 1153 5450; x_wconf 74' lang='grc' dir='ltr'>οἰκείαν</span> <span class='ocrx_word' id='word_1_801' title='bbox 1175 5399 1406 5453; x_wconf 75' lang='grc' dir='ltr'>ἀσέϐειαν</span> <span class='ocrx_word' id='word_1_802' title='bbox 1432 5403 1588 5472; x_wconf 70' lang='grc' dir='ltr'>ταύτῃ</span> <span class='ocrx_word' id='word_1_803' title='bbox 1617 5406 1908 5476; x_wconf 81' lang='grc' dir='ltr'>περιάπτειν</span> <span class='ocrx_word' id='word_1_804' title='bbox 1937 5431 2103 5464; x_wconf 87' lang='grc' dir='ltr'>σπου-</span> 
     </span>
    </p>
   </div>
   <div class='ocr_carea' id='block_1_105' title="bbox 541 5479 2104 5562">
    <p class='ocr_par' dir='ltr' id='par_1_105' title="bbox 541 5479 2104 5562">
     <span class='ocr_line' id='line_1_106' title="bbox 541 5479 2104 5562; baseline 0.014 -28"><span class='ocrx_word' id='word_1_805' title='bbox 541 5479 793 5546; x_wconf 76' lang='grc' dir='ltr'>δάζουσιν.</span> <span class='ocrx_word' id='word_1_806' title='bbox 823 5494 1021 5540; x_wconf 79' lang='grc' dir='ltr'>Ὀποῐον</span> <span class='ocrx_word' id='word_1_807' title='bbox 1055 5486 1107 5540; x_wconf 82' lang='grc' dir='ltr'><strong>δέ</strong></span> <span class='ocrx_word' id='word_1_808' title='bbox 1137 5489 1244 5542; x_wconf 79' lang='grc' dir='ltr'>ἔστι</span> <span class='ocrx_word' id='word_1_809' title='bbox 1274 5492 1576 5562; x_wconf 78' lang='grc' dir='ltr'>κατάκριμα,</span> <span class='ocrx_word' id='word_1_810' title='bbox 1612 5498 1693 5546; x_wconf 86' lang='grc' dir='ltr'><strong>καί</strong></span> <span class='ocrx_word' id='word_1_811' title='bbox 1719 5499 1836 5552; x_wconf 74' lang='grc' dir='ltr'>ποία</span> <span class='ocrx_word' id='word_1_812' title='bbox 1866 5499 2104 5556; x_wconf 72' lang='grc' dir='ltr'>ἐπίκειται</span> 
     </span>
    </p>
   </div>
   <div class='ocr_carea' id='block_1_106' title="bbox 2216 4340 3780 4420">
    <p class='ocr_par' dir='ltr' id='par_1_106' title="bbox 2216 4340 3780 4420">
     <span class='ocr_line' id='line_1_107' title="bbox 2216 4340 3780 4420; baseline 0.013 -26"><span class='ocrx_word' id='word_1_813' title='bbox 2216 4340 2570 4409; x_wconf 87' lang='lat' dir='ltr'><strong>blasphemias</strong></span> <span class='ocrx_word' id='word_1_814' title='bbox 2598 4346 2646 4398; x_wconf 90' lang='lat' dir='ltr'><strong>ei</strong></span> <span class='ocrx_word' id='word_1_815' title='bbox 2677 4348 2970 4414; x_wconf 85' lang='lat' dir='ltr'><strong>applicare,</strong></span> <span class='ocrx_word' id='word_1_816' title='bbox 3015 4349 3109 4404; x_wconf 88' lang='lat' dir='ltr'><strong>sed</strong></span> <span class='ocrx_word' id='word_1_817' title='bbox 3134 4353 3283 4420; x_wconf 87' lang='lat' dir='ltr'><strong>sequi</strong></span> <span class='ocrx_word' id='word_1_818' title='bbox 3312 4352 3566 4412; x_wconf 86' lang='lat' dir='ltr'><strong>doctores</strong></span> <span class='ocrx_word' id='word_1_819' title='bbox 3595 4359 3780 4415; x_wconf 84' lang='lat' dir='ltr'><strong>catho-</strong></span> 
     </span>
    </p>
   </div>
   <div class='ocr_carea' id='block_1_107' title="bbox 2215 4430 3777 4517">
    <p class='ocr_par' dir='ltr' id='par_1_107' title="bbox 2215 4430 3777 4517">
     <span class='ocr_line' id='line_1_108' title="bbox 2215 4430 3777 4517; baseline 0.013 -34"><span class='ocrx_word' id='word_1_820' title='bbox 2215 4430 2331 4484; x_wconf 67' lang='lat' dir='ltr'><strong>lica:</strong></span> <span class='ocrx_word' id='word_1_821' title='bbox 2356 4431 2624 4502; x_wconf 67' lang='lat' dir='ltr'><strong>Ecclesia},</strong></span> <span class='ocrx_word' id='word_1_822' title='bbox 2657 4444 2713 4488; x_wconf 87' lang='lat' dir='ltr'><strong>et</strong></span> <span class='ocrx_word' id='word_1_823' title='bbox 2739 4437 2964 4491; x_wconf 74' lang='lat' dir='ltr'><strong>maxime</strong></span> <span class='ocrx_word' id='word_1_824' title='bbox 2991 4449 3232 4494; x_wconf 78' lang='lat' dir='ltr'><strong>sanctum</strong></span> <span class='ocrx_word' id='word_1_825' title='bbox 3261 4443 3614 4501; x_wconf 84' lang='lat' dir='ltr'><strong>Athanasium</strong></span> <span class='ocrx_word' id='word_1_826' title='bbox 3635 4489 3652 4513; x_wconf 93' lang='lat'><strong>,</strong></span> <span class='ocrx_word' id='word_1_827' title='bbox 3693 4451 3777 4517; x_wconf 84' lang='lat' dir='ltr'><strong>qui</strong></span> 
     </span>
    </p>
   </div>
   <div class='ocr_carea' id='block_1_108' title="bbox 2214 4519 3778 4606">
    <p class='ocr_par' dir='ltr' id='par_1_108' title="bbox 2214 4519 3778 4606">
     <span class='ocr_line' id='line_1_109' title="bbox 2214 4519 3778 4606; baseline 0.015 -34"><span class='ocrx_word' id='word_1_828' title='bbox 2214 4519 2313 4573; x_wconf 89' lang='lat' dir='ltr'><strong>fuit</strong></span> <span class='ocrx_word' id='word_1_829' title='bbox 2353 4521 2682 4578; x_wconf 67' lang='lat' dir='ltr'><strong>Alexandriae</strong></span> <span class='ocrx_word' id='word_1_830' title='bbox 2711 4527 3031 4594; x_wconf 74' lang='lat' dir='ltr'><strong>episcopus,</strong></span> <span class='ocrx_word' id='word_1_831' title='bbox 3078 4541 3130 4584; x_wconf 91' lang='lat' dir='ltr'><strong>et</strong></span> <span class='ocrx_word' id='word_1_832' title='bbox 3173 4532 3430 4600; x_wconf 80' lang='lat' dir='ltr'><strong>plurimos</strong></span> <span class='ocrx_word' id='word_1_833' title='bbox 3459 4544 3516 4590; x_wconf 90' lang='lat' dir='ltr'><strong>et</strong></span> <span class='ocrx_word' id='word_1_834' title='bbox 3561 4552 3778 4606; x_wconf 79' lang='lat' dir='ltr'><strong>magnos</strong></span> 
     </span>
    </p>
   </div>
   <div class='ocr_carea' id='block_1_109' title="bbox 2213 4611 3777 4685">
    <p class='ocr_par' dir='ltr' id='par_1_109' title="bbox 2213 4611 3777 4685">
     <span class='ocr_line' id='line_1_110' title="bbox 2213 4611 3777 4685; baseline 0.014 -21"><span class='ocrx_word' id='word_1_835' title='bbox 2213 4611 2420 4666; x_wconf 87' lang='lat' dir='ltr'><strong>labores</strong></span> <span class='ocrx_word' id='word_1_836' title='bbox 2449 4616 2680 4683; x_wconf 86' lang='lat' dir='ltr'><strong>suscepit</strong></span> <span class='ocrx_word' id='word_1_837' title='bbox 2703 4631 2799 4683; x_wconf 88' lang='lat' dir='ltr'><strong>pro</strong></span> <span class='ocrx_word' id='word_1_838' title='bbox 2826 4629 2970 4672; x_wconf 83' lang='lat' dir='ltr'><strong>recta</strong></span> <span class='ocrx_word' id='word_1_839' title='bbox 3001 4619 3422 4678; x_wconf 79' lang='lat' dir='ltr'><strong>Christianorum</strong></span> <span class='ocrx_word' id='word_1_840' title='bbox 3451 4627 3556 4681; x_wconf 81' lang='lat' dir='ltr'><strong>fide</strong></span> <span class='ocrx_word' id='word_1_841' title='bbox 3593 4630 3777 4685; x_wconf 71' lang='lat' dir='ltr'><strong>adver-</strong></span> 
     </span>
    </p>
   </div>
   <div class='ocr_carea' id='block_1_110' title="bbox 2211 4703 3775 4784">
    <p class='ocr_par' dir='ltr' id='par_1_110' title="bbox 2211 4703 3775 4784">
     <span class='ocr_line' id='line_1_111' title="bbox 2211 4703 3775 4784; baseline 0.013 -31"><span class='ocrx_word' id='word_1_842' title='bbox 2211 4714 2301 4754; x_wconf 90' lang='lat' dir='ltr'><strong>sus</strong></span> <span class='ocrx_word' id='word_1_843' title='bbox 2329 4717 2540 4756; x_wconf 89' lang='lat' dir='ltr'><strong>omnem</strong></span> <span class='ocrx_word' id='word_1_844' title='bbox 2566 4703 2790 4758; x_wconf 69' lang='lat' dir='ltr'><strong>lueresin</strong></span> <span class='ocrx_word' id='word_1_845' title='bbox 2814 4747 2830 4772; x_wconf 92' lang='lat'><strong>,</strong></span> <span class='ocrx_word' id='word_1_846' title='bbox 2861 4717 2915 4760; x_wconf 88' lang='lat' dir='ltr'><strong>et</strong></span> <span class='ocrx_word' id='word_1_847' title='bbox 2957 4710 3188 4765; x_wconf 82' lang='lat' dir='ltr'><strong>maxime</strong></span> <span class='ocrx_word' id='word_1_848' title='bbox 3219 4721 3404 4767; x_wconf 86' lang='lat' dir='ltr'><strong>contra</strong></span> <span class='ocrx_word' id='word_1_849' title='bbox 3433 4715 3775 4784; x_wconf 70' lang='lat' dir='ltr'><strong>impiissimos</strong></span> 
     </span>
    </p>
   </div>
   <div class='ocr_carea' id='block_1_111' title="bbox 2212 4788 3775 4876">
    <p class='ocr_par' dir='ltr' id='par_1_111' title="bbox 2212 4788 3775 4876">
     <span class='ocr_line' id='line_1_112' title="bbox 2212 4788 3775 4876; baseline 0.013 -35"><span class='ocrx_word' id='word_1_850' title='bbox 2212 4788 2456 4844; x_wconf 82' lang='lat' dir='ltr'><strong>Arianos.</strong></span> <span class='ocrx_word' id='word_1_851' title='bbox 2503 4789 2634 4860; x_wconf 87' lang='lat' dir='ltr'><strong>Ipsis</strong></span> <span class='ocrx_word' id='word_1_852' title='bbox 2661 4794 2801 4847; x_wconf 91' lang='lat' dir='ltr'><strong>enim</strong></span> <span class='ocrx_word' id='word_1_853' title='bbox 2833 4797 3041 4850; x_wconf 88' lang='lat' dir='ltr'><strong>Arianis</strong></span> <span class='ocrx_word' id='word_1_854' title='bbox 3081 4799 3148 4852; x_wconf 89' lang='lat' dir='ltr'><strong>ad</strong></span> <span class='ocrx_word' id='word_1_855' title='bbox 3177 4801 3519 4870; x_wconf 89' lang='lat' dir='ltr'><strong>decipiendos</strong></span> <span class='ocrx_word' id='word_1_856' title='bbox 3554 4807 3775 4876; x_wconf 79' lang='lat' dir='ltr'><strong>populos</strong></span> 
     </span>
    </p>
   </div>
   <div class='ocr_carea' id='block_1_112' title="bbox 2211 4880 3775 4958">
    <p class='ocr_par' dir='ltr' id='par_1_112' title="bbox 2211 4880 3775 4958">
     <span class='ocr_line' id='line_1_113' title="bbox 2211 4880 3775 4958; baseline 0.01 -26"><span class='ocrx_word' id='word_1_857' title='bbox 2211 4893 2308 4932; x_wconf 89' lang='lat' dir='ltr'><strong>suo</strong></span> <span class='ocrx_word' id='word_1_858' title='bbox 2335 4880 2502 4933; x_wconf 86' lang='lat' dir='ltr'><strong>errori</strong></span> <span class='ocrx_word' id='word_1_859' title='bbox 2532 4880 2972 4949; x_wconf 82' lang='lat' dir='ltr'><strong>conjungentibus</strong></span> <span class='ocrx_word' id='word_1_860' title='bbox 2993 4885 3321 4957; x_wconf 74' lang='lat' dir='ltr'><strong>Dionysium,</strong></span> <span class='ocrx_word' id='word_1_861' title='bbox 3361 4892 3452 4958; x_wconf 87' lang='lat' dir='ltr'><strong>qui</strong></span> <span class='ocrx_word' id='word_1_862' title='bbox 3482 4903 3613 4947; x_wconf 87' lang='lat' dir='ltr'><strong>ante</strong></span> <span class='ocrx_word' id='word_1_863' title='bbox 3640 4894 3775 4948; x_wconf 86' lang='lat' dir='ltr'><strong>mul-</strong></span> 
     </span>
    </p>
   </div>
   <div class='ocr_carea' id='block_1_113' title="bbox 2212 4966 3773 5052">
    <p class='ocr_par' dir='ltr' id='par_1_113' title="bbox 2212 4966 3773 5052">
     <span class='ocr_line' id='line_1_114' title="bbox 2212 4966 3773 5052; baseline 0.012 -33"><span class='ocrx_word' id='word_1_864' title='bbox 2212 4975 2296 5020; x_wconf 90' lang='lat' dir='ltr'><strong>tos</strong></span> <span class='ocrx_word' id='word_1_865' title='bbox 2324 4983 2492 5022; x_wconf 91' lang='lat' dir='ltr'><strong>annos</strong></span> <span class='ocrx_word' id='word_1_866' title='bbox 2531 4966 2805 5024; x_wconf 84' lang='lat' dir='ltr'><strong>Athanasii</strong></span> <span class='ocrx_word' id='word_1_867' title='bbox 2843 4973 3043 5044; x_wconf 88' lang='lat' dir='ltr'><strong>[multis</strong></span> <span class='ocrx_word' id='word_1_868' title='bbox 3070 4976 3224 5032; x_wconf 88' lang='lat' dir='ltr'><strong>annis</strong></span> <span class='ocrx_word' id='word_1_869' title='bbox 3250 4985 3376 5032; x_wconf 88' lang='lat' dir='ltr'><strong>ante</strong></span> <span class='ocrx_word' id='word_1_870' title='bbox 3405 4979 3773 5052; x_wconf 74' lang='lat' dir='ltr'><strong>Athanasium]</strong></span> 
     </span>
    </p>
   </div>
   <div class='ocr_carea' id='block_1_114' title="bbox 2212 5055 3774 5138">
    <p class='ocr_par' dir='ltr' id='par_1_114' title="bbox 2212 5055 3774 5138">
     <span class='ocr_line' id='line_1_115' title="bbox 2212 5055 3774 5138; baseline 0.009 -29"><span class='ocrx_word' id='word_1_871' title='bbox 2212 5055 2310 5110; x_wconf 90' lang='lat' dir='ltr'><strong>fuit</strong></span> <span class='ocrx_word' id='word_1_872' title='bbox 2337 5055 2674 5112; x_wconf 73' lang='lat' dir='ltr'><strong>Alexandria:</strong></span> <span class='ocrx_word' id='word_1_873' title='bbox 2698 5061 2999 5131; x_wconf 85' lang='lat' dir='ltr'><strong>episcopus,</strong></span> <span class='ocrx_word' id='word_1_874' title='bbox 3022 5072 3074 5117; x_wconf 90' lang='lat' dir='ltr'><strong>et</strong></span> <span class='ocrx_word' id='word_1_875' title='bbox 3099 5063 3396 5123; x_wconf 84' lang='lat' dir='ltr'><strong>dicentibus</strong></span> <span class='ocrx_word' id='word_1_876' title='bbox 3413 5069 3558 5136; x_wconf 88' lang='lat' dir='ltr'><strong>quod</strong></span> <span class='ocrx_word' id='word_1_877' title='bbox 3587 5078 3647 5123; x_wconf 92' lang='lat' dir='ltr'><strong>et</strong></span> <span class='ocrx_word' id='word_1_878' title='bbox 3665 5071 3774 5138; x_wconf 85' lang='lat' dir='ltr'><strong>ipse</strong></span> 
     </span>
    </p>
   </div>
   <div class='ocr_carea' id='block_1_115' title="bbox 2209 5147 3772 5226">
    <p class='ocr_par' dir='ltr' id='par_1_115' title="bbox 2209 5147 3772 5226">
     <span class='ocr_line' id='line_1_116' title="bbox 2209 5147 3772 5226; baseline 0.009 -26"><span class='ocrx_word' id='word_1_879' title='bbox 2209 5147 2492 5218; x_wconf 80' lang='lat' dir='ltr'><strong>Dionysius</strong></span> <span class='ocrx_word' id='word_1_880' title='bbox 2518 5148 2708 5202; x_wconf 91' lang='lat' dir='ltr'><strong>similia</strong></span> <span class='ocrx_word' id='word_1_881' title='bbox 2736 5151 2814 5206; x_wconf 87' lang='lat' dir='ltr'><strong>eis</strong></span> <span class='ocrx_word' id='word_1_882' title='bbox 2843 5155 3048 5220; x_wconf 89' lang='lat' dir='ltr'><strong>sapuit,</strong></span> <span class='ocrx_word' id='word_1_883' title='bbox 3075 5156 3396 5210; x_wconf 84' lang='lat' dir='ltr'><strong>Athanasius</strong></span> <span class='ocrx_word' id='word_1_884' title='bbox 3423 5171 3651 5226; x_wconf 76' lang='lat' dir='ltr'><strong>magnus</strong></span> <span class='ocrx_word' id='word_1_885' title='bbox 3671 5157 3772 5214; x_wconf 81' lang='lat' dir='ltr'><strong>Ee-</strong></span> 
     </span>
    </p>
   </div>
   <div class='ocr_carea' id='block_1_116' title="bbox 2207 5237 3771 5316">
    <p class='ocr_par' dir='ltr' id='par_1_116' title="bbox 2207 5237 3771 5316">
     <span class='ocr_line' id='line_1_117' title="bbox 2207 5237 3771 5316; baseline 0.008 -25"><span class='ocrx_word' id='word_1_886' title='bbox 2207 5237 2382 5291; x_wconf 79' lang='lat' dir='ltr'><strong>clesia:</strong></span> <span class='ocrx_word' id='word_1_887' title='bbox 2403 5237 2594 5292; x_wconf 89' lang='lat' dir='ltr'><strong>doctor</strong></span> <span class='ocrx_word' id='word_1_888' title='bbox 2607 5239 2788 5296; x_wconf 88' lang='lat' dir='ltr'><strong>multis</strong></span> <span class='ocrx_word' id='word_1_889' title='bbox 2808 5243 2977 5296; x_wconf 83' lang='lat' dir='ltr'><strong>modis</strong></span> <span class='ocrx_word' id='word_1_890' title='bbox 2993 5243 3224 5297; x_wconf 84' lang='lat' dir='ltr'><strong>ostendit</strong></span> <span class='ocrx_word' id='word_1_891' title='bbox 3244 5245 3296 5298; x_wconf 90' lang='lat' dir='ltr'><strong>in</strong></span> <span class='ocrx_word' id='word_1_892' title='bbox 3327 5245 3560 5316; x_wconf 84' lang='lat' dir='ltr'><strong>scriptis,</strong></span> <span class='ocrx_word' id='word_1_893' title='bbox 3573 5257 3771 5303; x_wconf 77' lang='lat' dir='ltr'><strong>rectam</strong></span> 
     </span>
    </p>
   </div>
   <div class='ocr_carea' id='block_1_117' title="bbox 2206 5325 3772 5406">
    <p class='ocr_par' dir='ltr' id='par_1_117' title="bbox 2206 5325 3772 5406">
     <span class='ocr_line' id='line_1_118' title="bbox 2206 5325 3772 5406; baseline 0.01 -28"><span class='ocrx_word' id='word_1_894' title='bbox 2206 5325 2362 5384; x_wconf 82' lang='lat' dir='ltr'><strong>ﬁdem</strong></span> <span class='ocrx_word' id='word_1_895' title='bbox 2380 5328 2690 5400; x_wconf 84' lang='lat' dir='ltr'><strong>Dionysium</strong></span> <span class='ocrx_word' id='word_1_896' title='bbox 2714 5331 2780 5386; x_wconf 91' lang='lat' dir='ltr'><strong>ab</strong></span> <span class='ocrx_word' id='word_1_897' title='bbox 2801 5331 2954 5388; x_wconf 88' lang='lat' dir='ltr'><strong>initio</strong></span> <span class='ocrx_word' id='word_1_898' title='bbox 2982 5334 3322 5402; x_wconf 60' lang='lat' dir='ltr'><strong>praedicasse,</strong></span> <span class='ocrx_word' id='word_1_899' title='bbox 3339 5335 3596 5406; x_wconf 80' lang='lat' dir='ltr'><strong>nulloque</strong></span> <span class='ocrx_word' id='word_1_900' title='bbox 3615 5339 3772 5394; x_wconf 86' lang='lat' dir='ltr'><strong>modo</strong></span> 
     </span>
    </p>
   </div>
   <div class='ocr_carea' id='block_1_118' title="bbox 2207 5418 3770 5490">
    <p class='ocr_par' dir='ltr' id='par_1_118' title="bbox 2207 5418 3770 5490">
     <span class='ocr_line' id='line_1_119' title="bbox 2207 5418 3770 5490; baseline 0.008 -20"><span class='ocrx_word' id='word_1_901' title='bbox 2207 5418 2525 5489; x_wconf 88' lang='lat' dir='ltr'><strong>participem</strong></span> <span class='ocrx_word' id='word_1_902' title='bbox 2556 5418 2766 5474; x_wconf 65' lang='lat' dir='ltr'><strong>Arianae</strong></span> <span class='ocrx_word' id='word_1_903' title='bbox 2795 5419 3082 5490; x_wconf 87' lang='lat' dir='ltr'><strong>impietatis</strong></span> <span class='ocrx_word' id='word_1_904' title='bbox 3106 5419 3287 5478; x_wconf 87' lang='lat' dir='ltr'><strong>fuisse.</strong></span> <span class='ocrx_word' id='word_1_905' title='bbox 3337 5423 3428 5479; x_wconf 79' lang='lat' dir='ltr'><strong>Isti</strong></span> <span class='ocrx_word' id='word_1_906' title='bbox 3459 5434 3638 5480; x_wconf 82' lang='lat' dir='ltr'><strong>autem</strong></span> <span class='ocrx_word' id='word_1_907' title='bbox 3668 5426 3770 5482; x_wconf 70' lang='lat' dir='ltr'><strong>ha-</strong></span> 
     </span>
    </p>
   </div>
   <div class='ocr_carea' id='block_1_119' title="bbox 2205 5506 3765 5590">
    <p class='ocr_par' dir='ltr' id='par_1_119' title="bbox 2205 5506 3765 5590">
     <span class='ocr_line' id='line_1_120' title="bbox 2205 5506 3765 5590; baseline 0.008 -32"><span class='ocrx_word' id='word_1_908' title='bbox 2205 5506 2368 5560; x_wconf 87' lang='lat' dir='ltr'><strong>retica</strong></span> <span class='ocrx_word' id='word_1_909' title='bbox 2399 5507 2686 5577; x_wconf 86' lang='lat' dir='ltr'><strong>sapientes,</strong></span> <span class='ocrx_word' id='word_1_910' title='bbox 2708 5525 2854 5564; x_wconf 88' lang='lat' dir='ltr'><strong>suam</strong></span> <span class='ocrx_word' id='word_1_911' title='bbox 2882 5511 3204 5582; x_wconf 84' lang='lat' dir='ltr'><strong>impietatem</strong></span> <span class='ocrx_word' id='word_1_912' title='bbox 3233 5515 3404 5571; x_wconf 84' lang='lat' dir='ltr'><strong>eidem</strong></span> <span class='ocrx_word' id='word_1_913' title='bbox 3433 5517 3642 5588; x_wconf 77' lang='lat' dir='ltr'><strong>synodo</strong></span> <span class='ocrx_word' id='word_1_914' title='bbox 3675 5531 3765 5590; x_wconf 80' lang='lat' dir='ltr'><strong>ap-</strong></span> 
     </span>
    </p>
   </div>
   <div class='ocr_carea' id='block_1_120' title="bbox 617 5657 2322 5742">
    <p class='ocr_par' dir='ltr' id='par_1_120' title="bbox 617 5657 2322 5742">
     <span class='ocr_line' id='line_1_121' title="bbox 617 5657 2322 5742; baseline 0.017 -32"><span class='ocrx_word' id='word_1_915' title='bbox 617 5658 630 5690; x_wconf 82' lang='grc'>¹</span> <span class='ocrx_word' id='word_1_916' title='bbox 672 5657 798 5713; x_wconf 66' lang='lat' dir='ltr'><strong>liam</strong></span> <span class='ocrx_word' id='word_1_917' title='bbox 825 5659 1010 5715; x_wconf 88' lang='lat' dir='ltr'><strong>absunt</strong></span> <span class='ocrx_word' id='word_1_918' title='bbox 1040 5677 1069 5715; x_wconf 88' lang='lat' dir='ltr'><strong>a</strong></span> <span class='ocrx_word' id='word_1_919' title='bbox 1109 5678 1204 5717; x_wconf 90' lang='lat' dir='ltr'><strong>ms.</strong></span> <span class='ocrx_word' id='word_1_920' title='bbox 1239 5663 1594 5736; x_wconf 57' lang='lat' dir='ltr'><strong>Bahicriano,</strong></span> <span class='ocrx_word' id='word_1_921' title='bbox 1647 5677 1698 5724; x_wconf 87' lang='lat' dir='ltr'><strong>ct</strong></span> <span class='ocrx_word' id='word_1_922' title='bbox 1742 5673 1880 5742; x_wconf 80' lang='lat' dir='ltr'><strong>apud</strong></span> <span class='ocrx_word' id='word_1_923' title='bbox 1929 5672 2322 5738; x_wconf 78' lang='lat' dir='ltr'><strong>Leunclavium.</strong></span> 
     </span>
    </p>
   </div>
   <div class='ocr_carea' id='block_1_121' title="bbox 3665 259 3820 326">
    <p class='ocr_par' dir='ltr' id='par_1_121' title="bbox 3665 259 3820 326">
     <span class='ocr_line' id='line_1_122' title="bbox 3665 259 3820 326; baseline 0.019 -4"><span class='ocrx_word' id='word_1_924' title='bbox 3665 259 3820 326; x_wconf 59' lang='lat'><strong>1024</strong></span> 
     </span>
    </p>
   </div>
   <div class='ocr_carea' id='block_1_122' title="bbox 3913 1479 3922 2042">
    <p class='ocr_par' dir='ltr' id='par_1_122' title="bbox 3913 1479 3922 2042">
     <span class='ocr_line' id='line_1_123' title="bbox 3913 1479 3922 2042; baseline 0 0"><span class='ocrx_word' id='word_1_925' title='bbox 3913 1479 3922 2042; x_wconf 69' lang='lat' dir='ltr'><strong>l</strong></span> 
     </span>
    </p>
   </div>
  </div>
