3958 6288
175 292 308 358 1025

1304 317 1715 379 CONFESSIO
1750 319 2012 379 RECTrE
2047 318 2278 379 FlDEl.

3261 307 3398 372 1025
3454 266 3457 269 δ

170 425 267 495 ἃ,οά
309 430 412 485 τοῖς
440 424 510 483 εἰς
539 426 756 499 πατέρας
790 422 1150 496 ἁμαρτάνωσι,
1188 422 1410 478 διδάσκει
1438 425 1570 493 ἡμᾶς
1601 425 1681 474 καὶ
1708 423 1735 478 ἡ

1851 419 2039 488 plicare
2080 418 2347 473 festinant.
2382 420 2561 486 Qualis
2590 431 2765 477 autem
2796 429 2878 476 est
2906 418 3277 476 condemnatio
3297 463 3312 490 ,
3345 433 3401 475 et

171 515 273 568 θεία
300 516 484 586 γραφή·
512 517 572 566 Εἰ
600 516 695 587 γὰρ
723 516 837 582 Χάςοι
866 513 889 566 ὁ
923 516 1027 572 υ’⁵-ς
1057 520 1141 568 τοῦ
1173 520 1273 566 Νῶε
1303 515 1607 582 θεασάμενος
1635 534 1730 582 γι·-

171 603 285 671 μνὸν
310 604 393 656 τὸν
417 601 538 657 ἴδιον
563 607 705 677 πατέί
728 624 780 663 α,
825 607 907 657 καί
944 615 1011 675 μή
1037 604 1189 672 καλύξξ
1203 625 1262 663 ας
1299 609 1387 660 τήν
1422 610 1510 656 τοῦ
1541 602 1733 677 πατρὸς

171 701 461 767 σωματικήν
511 699 789 767 γύμνωσιν,
835 697 1032 759 ἐξελθὼν
1081 698 1335 768 ἐπήγγειλε
1392 699 1578 754 ταύτην
1626 704 1733 754 τοῖς

169 786 410 860 ἀδελφοῖς,
440 792 520 843 καὶ
551 790 725 845 ὲκεῦδοι
755 791 935 860 ἱματίῳ
959 789 1146 847 ταύτην
1175 791 1606 864 περιεσκέπασαν.
1637 791 1736 841 αὺ-

166 881 253 938 τός
282 879 336 933 δέ
360 882 475 949 Χάμ
496 884 578 933 καί
606 881 651 934 oi
682 883 732 944 ἐξ
758 883 912 935 αὐτοῦ
949 882 1258 950 γεννηθέντες
1286 881 1385 933 ύπό
1411 880 1633 951 κατάραν
1658 897 1736 948 γε-

168 970 387 1040 γόνασιν,
420 972 463 1023 οἱ
488 968 540 1024 δὲ
564 975 907 1031 σκεπάσαντες
940 974 1163 1040 εὖλυγίας
1191 971 1407 1041 μεγάλης
1431 970 1731 1032 ἠξιώθησαν·

165 1059 328 1132 πολλῷ
348 1060 527 1126 μᾶλλον
550 1058 687 1115 οὗτοι
706 1064 923 1133 μείζονος
950 1063 1034 1113 xvi
1055 1060 1128 1113 ἔτι
1147 1061 1369 1119 πλείονος
1390 1061 1735 1132 κατακρίσεὼς

166 1155 288 1203 εἰσιν
324 1149 472 1216 ἄξιοι.
502 1152 549 1206 οί
589 1158 676 1210 τήν
717 1151 958 1224 μηδαμῶς
981 1157 1275 1225 προσοῦσαν
1302 1151 1502 1218 ἀτιμίαν
1526 1155 1587 1221 τῇ
1613 1169 1734 1201 συνο

165 1239 260 1310 ὁδῳ
297 1239 668 1304 σπ.υδάζοντες
713 1240 795 1296 διὰ
834 1249 922 1299 τῆς
950 1240 1184 1297 άσεῗείας
1227 1247 1316 1297 τῆς
1355 1237 1621 1294 ἐπιστολῆς
1655 1239 1735 1289 καί

164 1329 420 1398 Θεοδώρου
447 1334 741 1406 περιάπτειν
773 1333 920 1406 αὐτῇ.
951 1328 1071 1384 Ἀλλ’
1097 1331 1153 1383 ού
1184 1328 1267 1383 διὰ
1292 1333 1439 1383 τοῦτο
1477 1329 1509 1385 ἦ
1545 1328 1734 1385 ἀσεϐής

164 1423 419 1483 ἐπιστολή.
443 1422 472 1480 ἦ
501 1424 546 1476 οί
564 1426 753 1481 ταύτης
774 1421 1172 1489 ἀντιποιούμενοι
1200 1420 1510 1491 ίκςιεύξονται
1538 1422 1626 1475 τήν
1655 1418 1732 1469 ἐπὶ

162 1522 223 1588 τῇ
249 1516 412 1569 αὐτῶν
439 1516 647 1589 ἀσεϐείᾳ
670 1516 981 1588 κατάκρισιν.
1011 1512 1129 1566 Ἀλλ’
1151 1511 1265 1565 οὐδὲ
1290 1509 1548 1579 Θεόδωρος
1570 1508 1594 1562 ὁ
1614 1505 1733 1560 Ἐλ⁴

108 1604 112 1608 “
163 1604 311 1664 ληνάς
348 1625 401 1659 τε
451 1608 532 1659 καί
575 1603 847 1664 Ἰουδαίους
871 1608 953 1658 καί
997 1608 1189 1662 πάντας
1227 1602 1499 1674 αερετικούς
1528 1601 1735 1672 τῇάσε·

165 1693 276 1768 ϐε-ίᾳ
304 1694 745 1768 ὑπερϐαλλόμενος.
778 1689 939 1752 Οὗτος
966 1694 1062 1766 γάρ
1093 1695 1222 1764 πρὸς
1254 1697 1363 1749 ταῖς
1392 1685 1560 1747 ἄλλαις
1581 1688 1730 1741 αὐτοῦ

1838 510 2010 579 qualis
2052 510 2290 563 imminet
2317 511 2618 567 maledictio
2648 514 2724 567 eis
2750 513 2837 583 qui
2863 513 2915 566 in
2945 510 3128 565 Patres
3156 519 3398 581 peccant,

1837 588 1994 658 docet
2020 616 2116 655 nos
2146 608 2198 655 et
2237 600 2411 655 divina
2443 601 2739 671 Scriptura.
2789 601 2846 657 Si
2874 603 3015 656 enim
3057 601 3223 656 Cham
3265 601 3402 657 [ilius

1838 690 1950 744 Noe
1995 690 2203 760 (Cenes.
2247 691 2321 760 ix)
2372 707 2490 746 cum
2525 692 2742 746 vidisset
2769 691 2966 746 nudum
2993 707 3144 745 suum
3173 700 3399 760 patrem,

1836 781 2086 850 quoniam
2112 797 2219 835 non
2241 782 2520 849 coeperuit
2547 782 2711 850 patris
2732 781 3063 850 corporalem
3087 781 3400 843 nuditatem,

1837 871 1929 925 sed
1960 885 2208 939 egressus
2238 871 2500 925 nuntiavit
2527 887 2645 924 eam
2694 871 2974 934 fratribus,
3025 879 3079 924 et
3124 869 3197 924 illi
3237 871 3432 926 vesti--

1838 967 2017 1014 mento
2031 975 2148 1013 eam
2166 968 2576 1028 cooperucrunt,
2597 959 2709 1027 ipse
2722 957 2933 1024 quidem
2949 956 3137 1020 Cham,
3155 966 3210 1011 et
3224 957 3299 1011 illi
3311 957 3401 1026 qui

1837 1066 1900 1106 ex
1934 1050 2049 1119 ipso
2076 1052 2187 1105 nati
2215 1056 2359 1114 sunt,
2408 1049 2505 1103 sub
2549 1048 2921 1102 maledictione
2951 1046 3073 1101 facti
3101 1055 3265 1112 sunt;
3311 1046 3402 1116 qui

1838 1147 2013 1192 autem
2036 1145 2447 1207 cooperuerunt,
2477 1151 2722 1203 magnam
2748 1135 3172 1190 benedictionem
3194 1149 3405 1188 merue-

1837 1238 1961 1281 runt
2009 1246 2025 1279 ι
2064 1227 2233 1281 multo
2272 1226 2441 1295 magis
2482 1226 2568 1280 isti
2600 1224 2800 1293 majore
2841 1234 2895 1279 et
2922 1223 3180 1293 ampliore
3209 1223 3407 1278 conde-

1837 1320 2109 1374 mnatione
2135 1317 2277 1386 digni
2318 1325 2461 1380 sunt,
2507 1318 2597 1385 qui
2624 1316 2690 1370 ad
2717 1316 2974 1386 synodum
3002 1316 3221 1371 minime
3243 1315 3409 1383 perti-

1838 1419 2053 1461 nentem
2076 1407 2366 1471 infamiam,
2386 1405 2638 1464 festinant
2663 1420 2760 1473 per
2787 1405 3115 1473 impietatem
3144 1404 3402 1473 epistolae,

1837 1508 1893 1554 et
1938 1499 2232 1565 Theodori,
2281 1498 2456 1553 eidem
2501 1506 2701 1552 sanctae
2731 1495 2935 1565 synodo
2964 1496 3250 1564 applicare.
3301 1492 3408 1548 Sed

1840 1605 1946 1642 non
1979 1588 2097 1642 ideo
2127 1588 2286 1656 impia
2311 1587 2564 1657 epistola,
2593 1586 2678 1640 vel
2709 1584 3058 1640 defendentes
3086 1599 3202 1638 eam
3221 1625 3236 1650 ,
3278 1599 3412 1637 con-

1838 1677 2234 1731 damnationem
2283 1693 2390 1731 suae
2433 1677 2724 1745 impietatis
2764 1674 3018 1742 effugient
3061 1689 3073 1725 :
3115 1672 3208 1727 sed
3238 1686 3412 1740 neque

160 1764 502 1856 βλασφημίαις
527 1786 611 1837 οὐκ
632 1787 839 1858 ἠρκέσθη
866 1790 939 1854 τῷ
965 1762 1092 1856 πρὸς
1112 1762 1199 1838 τήν
1226 1777 1355 1832 ἰδίαν
1388 1777 1570 1834 πλάνην
1597 1795 1730 1850 παρ·

1851 1765 2182 1830 I‘heodorus,
2219 1766 2308 1834 qui
2351 1780 2586 1835 paganos
2613 1775 2667 1818 et
2695 1764 2922 1829 Judmos,
2951 1772 3006 1817 et
3032 1776 3221 1816 omnes
3251 1762 3413 1815 hatre-

162 1880 472 1945 ερμηνεῦσαι
500 1874 557 1928 τὸ
593 1873 842 1946 σύμϐολον
883 1880 982 1926 τῶν
1008 1875 1309 1945 τριακοσίων
1337 1868 1455 1922 δέκα
1497 1871 1580 1921 καί
1606 1869 1733 1921 ὀκτὼ

162 1961 321 2034 ἁγίων
357 1964 615 2034 πατέρων,
646 1962 769 2016 ἀλλά
810 1964 891 2015 καί
926 1964 1298 2035 περιφρονήσας
1339 1960 1520 2013 τούτον
1561 1957 1734 2029 ἕτερον

164 2053 419 2123 σύμϐολον
449 2054 633 2116 ἐξέθετο
671 2054 840 2112 πάσης
877 2054 1116 2110 άσεῆείας
1162 2051 1579 2123 πεπληρωμὲνον,
1621 2050 1671 2100 ἐν
1696 2045 1735 2119 ᾧ

160 2143 521 2211 ἀναθεματίσαι
555 2144 675 2201 τοὺς
722 2141 906 2215 ἑτέρως
954 2147 1273 2215 φρονοῦντας,
1300 2139 1330 2196 ἦ
1367 2135 1736 2213 παραδιδόντας

161 2233 454 2302 ἐτόλμησεν·
484 2232 614 2284 ὥστε
657 2229 774 2284 ὅσον
809 2232 937 2285 κατά
976 2236 1066 2288 τὴν
1101 2231 1294 2282 ἐκείνων
1330 2231 1510 2298 μανίαν
1542 2228 1737 2287 πάντας

160 2324 280 2381 τούς
325 2319 502 2390 ἁγίους
537 2317 866 2382 ἀποστόλους,
914 2323 1000 2373 καί
1045 2320 1270 2391 πατέρας
1315 2318 1733 2392 κατακεκρίσθαι⁶

164 2417 310 2466 τοῦτο
351 2410 405 2465 δέ
444 2411 502 2464 τὸ
541 2410 722 2471 ἁσεϐίς
753 2409 1011 2485 Θεοδώρου
1048 2410 1300 2479 σύμϐολον
1343 2412 1423 2462 καί
1451 2411 1500 2462 ἐν
1537 2416 1599 2482 τῇ
1628 2396 1738 2462 κατ’

161 2496 369 2572 ’Ἔφεσον
413 2502 591 2575 πρώτῃ
618 2498 817 2571 συνόδῳ
856 2500 1206 2572 προκομιοθέν,
1253 2503 1338 2553 καί
1389 2502 1438 2552 ἐν
1471 2497 1740 2555 Χαλκηδόνι

161 2595 476 2666 ἀναγκασθέν
501 2593 579 2666 ὑφ’
605 2594 845 2671 ίκατίρας
872 2591 1087 2647 συνόδου
1117 2594 1247 2661 μετὰ
1269 2596 1356 2645 τοῦ
1378 2592 1636 2661 δκθεμίνου
1657 2593 1740 2645 καί

161 2690 264 2738 τῶν
290 2682 562 2754 δεξαμένων
591 2685 716 2738 αὐτὸ
741 2684 1021 2755 κατεκρίθη.
1314 2674 1319 2677 ⁷

232 2947 436 3008 Ἐπειδή
479 2948 532 3004 δέ
571 2970 698 3011 τινες
724 2950 809 3004 τὸν
835 2949 966 3023 ὑπὲρ
992 2947 1248 3021 Θεοδώρου
1276 2946 1418 3016 λόγον
1456 2947 1743 3013 ποιούμενοι

163 3040 543 3118 προφερομένων
566 3046 664 3094 τῶν
691 3040 890 3095 ἀσεϐῶν
910 3041 1064 3093 αὐτοῦ
1093 3038 1505 3110 συγγραμμάτων
1541 3033 1622 3089 διὰ
1653 3039 1743 3094 τήν

1839 1857 1974 1911 ticos
2016 1857 2290 1926 impietate
2329 1868 2570 1926 superat.
2615 1855 2784 1924 Impio
2815 1856 2958 1910 enim
2995 1853 3279 1907 Theodoro
3305 1852 3410 1907 non

1837 1946 2049 2001 suffecit
2075 1962 2237 2016 super
2264 1947 2395 2000 alias
2432 1946 2548 2013 ejus
2582 1946 2942 2015 blasphemias
2979 1945 3044 1998 ad
3072 1959 3224 1998 suum
3261 1958 3413 1998 erro—

1840 2052 1954 2091 rem
1984 2035 2124 2090 male
2151 2036 2489 2105 interpretari
2511 2035 2811 2106 symbolum
2841 2043 3197 2089 trecentorum
3224 2033 3410 2089 decem

1838 2134 1893 2181 et
1913 2135 2036 2181 octo
2064 2134 2372 2180 sanctorum
2403 2124 2644 2189 Patrum,
2686 2124 2780 2178 sed
2807 2124 2966 2178 etiam
2988 2132 3298 2193 contempto
3319 2138 3405 2187 eo,

1839 2215 1982 2270 aliud
2012 2217 2312 2287 symbolum
2343 2215 2593 2284 exposuit
2620 2215 2764 2269 omni
2795 2215 3066 2284 impietate
3095 2215 3326 2284 plenum,
3359 2216 3413 2267 in

1840 2321 1947 2375 quo
1976 2307 2434 2361 anathematizare
2474 2320 2636 2359 ausus
2664 2312 2746 2359 est
2772 2319 2866 2359 eos
2906 2304 2996 2373 qui
3027 2304 3182 2358 aliter
3200 2305 3411 2373 sapiunt

1839 2399 1924 2454 vel
1955 2398 2189 2463 tradunt,
2217 2406 2295 2466 ut,
2327 2406 2584 2468 quantum
2607 2396 2673 2451 ad
2702 2398 2840 2451 illius
2869 2398 3129 2451 insaniam
3160 2399 3412 2468 pertinet,

1841 2504 2029 2544 omnes
2051 2489 2220 2543 sancti
2239 2488 2469 2557 apostoli
2494 2497 2548 2542 et
2565 2486 2750 2541 Patres
2772 2486 3277 2542 condemnarentur.
3300 2485 3417 2540 Hoc

1841 2585 2021 2632 autem
2051 2576 2320 2631 Theodori
2349 2576 2567 2646 impium
2602 2576 2901 2646 symbolum
2944 2582 3000 2629 et
3046 2576 3101 2629 in
3147 2573 3415 2645 Ephesina

1841 2667 2014 2736 prima
2053 2666 2260 2737 synodo
2287 2666 2576 2735 prolatum,
2609 2673 2664 2719 et
2693 2665 2744 2717 in
2774 2660 3200 2718 Cbalcedonensi
3227 2664 3423 2717 recita-

1844 2767 1977 2821 tum,
2009 2759 2077 2812 ab
2100 2766 2325 2826 utraque
2353 2757 2560 2828 synodo
2586 2772 2705 2811 cum
2732 2756 2846 2824 ejus
2875 2755 3214 2824 expositore,
3262 2763 3316 2808 et
3343 2757 3422 2809 eis

1844 2850 1936 2919 qui
1964 2849 2093 2902 illud
2121 2849 2450 2917 suscipiunt,
2481 2848 2892 2905 condemnatum
2923 2855 3022 2902 est.

1917 2938 2179 3004 Quoniam
2211 2945 2389 2991 autem
2421 2937 2666 3006 quidam,
2712 2926 2875 2990 verba
2908 2952 3005 3005 pro
3031 2936 3315 2993 Theodoro
3340 2938 3422 2992 fa-

1849 3027 2075 3091 cientes,
2098 3042 2217 3081 cum
2249 3023 2594 3094 proferuntur
2619 3026 2780 3094 impia
2812 3024 2926 3093 ejus
2955 3026 3279 3096 conscripta,
3306 3042 3428 3096 pro-

167 3112 383 3186 ἐνοῦσαν
432 3132 607 3191 αὐτοῖς
643 3130 955 3205 βλασφημίαν
998 3134 1398 3202 προσποιοῦνται
1440 3128 1529 3198 μίν
1560 3126 1740 3198 λέγειν,

1851 3127 1971 3187 pter
2016 3116 2271 3171 insertam
2311 3116 2389 3170 eis
2424 3115 2811 3184 blasphemiam
2860 3112 3172 3183 contingunt
3209 3115 3424 3184 quidem

165 3218 249 3276 ὅτε
274 3221 436 3280 ἀσεϐῆ
462 3228 631 3277 ταῦτα
669 3222 938 3292 τυγχάνει,
967 3220 1111 3274 αὐτὸν
1150 3216 1203 3272 δὲ
1241 3219 1327 3272 τὸν
1352 3217 1588 3274 τοιαύτην
1622 3217 1745 3269 ἀσί-

167 3313 312 3367 6ειαν
339 3312 643 3381 ἕξεμίσαντα
669 3317 1033 3385 παραιτοῦνται
1074 3309 1468 3378 ἀναθεματίζειν,
1491 3306 1747 3379 θαυμάζοε-

164 3424 262 3476 μεν
285 3410 379 3464 την
406 3407 601 3460 τούτων
627 3400 817 3467 ἄνοιαν,
849 3401 927 3456 ὅτι
1039 3403 1145 3474 θείᾳ
1178 3401 1426 3469 τολμῶσιν
1457 3399 1747 3452 ἐναντιοῦσ-

163 3502 248 3554 θαι
273 3505 443 3572 γραφῇ
466 3502 683 3570 φανερῶς
706 3496 948 3566 λεγούσῃ,
972 3490 1052 3547 ὅτι
1077 3509 1096 3542 ε
1120 3492 1167 3542 ἐν
1189 3488 1283 3561 ἴσῳ
1310 3489 1500 3561 μισητά
1525 3495 1633 3560 Θεῷ
1665 3491 1751 3542 καί

158 3587 195 3643 ὃ
220 3587 426 3643 ἀσεϐῶν
446 3588 530 3639 καί
550 3587 582 3642 ἡ
602 3585 803 3638 ἀσέϐεια
824 3585 998 3637 αὐτοῦ.
1024 3599 1043 3631 ι
1075 3583 1164 3634 καί
1190 3580 1287 3653 γάρ
1313 3579 1372 3633 τὸ
1399 3579 1635 3652 πραχθέν
1660 3581 1752 3631 σύν

164 3688 242 3750 τῷ
283 3677 531 3752 δράσαντι
568 3677 938 3731 κολασθήσεται.
973 3673 1029 3727 Ei
1057 3670 1109 3726 δὲ
1137 3670 1319 3742 ὁμοίως
1433 3671 1585 3725 αὐτοῦ
1626 3670 1748 3722 ἀσε-

166 3769 286 3842 ϐείᾳ
313 3768 525 3840 μισητὸς
549 3772 657 3837 Θεῷ
684 3767 768 3818 καί
792 3763 818 3817 ὃ
846 3762 1067 3827 ἀσεϐῶν,
1103 3758 1351 3837 πρόδηλον
1380 3762 1446 3818 ὡς
1474 3758 1500 3812 ὅ
1526 3765 1752 3818 τοιοῦτος

163 3862 485 3933 κεχώρισται
505 3864 596 3912 τοῦ
622 3862 772 3919 Θεοῦ,
800 3857 885 3910 καί
909 3861 983 3926 τῷ
1006 3853 1279 3922 ἀναθέματι
1305 3849 1508 3910 δικαίως
1535 3849 1755 3904 ὑποϐάλ-

162 3950 330 4007 λεται.
362 3950 428 4004 τὸ
447 3951 546 4024 γὰρ
569 3947 792 4018 ἀνάθεμα
831 3946 970 4001 οὐδέν
998 3946 1170 4018 ἕτερον
1199 3946 1448 4012 σημαίνει,
1476 3940 1508 4000 ἦ
1543 3941 1627 3996 τὸν
1655 3940 1754 3995 ἀπὸ

164 4046 259 4094 τοῦ
283 4045 414 4095 Θεοῦ
441 4038 726 4114 χωρισμὸν,
759 4038 828 4096 ὡς
853 4036 903 4090 ἕν
944 4041 1007 4109 τῇ
1034 4034 1226 4104 παλαιᾷ
1247 4036 1326 4087 καί
1363 4040 1508 4101 καινῇ
1547 4028 1754 4104 διαθήκῃ

166 4131 226 4184 τὸ
253 4131 378 4205 περί
397 4134 489 4183 τοῦ
526 4126 833 4199 ἀναθέματος
869 4131 1032 4196 κρῖμα
1070 4120 1234 4180 δηλοῖ.
1256 4118 1371 4176 Ὀτι
1411 4118 1464 4175 δὲ
1511 4118 1537 4173 ὁ
1580 4120 1755 4196 κύριος

166 4223 292 4280 τοὺς
321 4225 393 4293 μή
423 4215 571 4279 ὄντας
607 4218 657 4272 ἐν
680 4224 754 4290 τῷ
777 4222 868 4276 τῆς
891 4215 1114 4275 ἀληθείας
1143 4214 1299 4267 αὐτοῦ
1324 4211 1478 4285 λίγῳ,
1504 4229 1756 4282 κεχωρισ-

164 4312 358 4385 μένους·
400 4305 524 4364 εἶναι
570 4308 700 4379 λέγει
725 4314 816 4366 τῆς
863 4305 1142 4368 ἐκκλησίας,
1189 4303 1237 4356 ἐν
1274 4310 1346 4375 τῷ
1375 4304 1506 4357 κατὰ
1530 4299 1756 4358 Ἰωάννην

168 4400 448 4473 εὐαγγελίῳ
469 4400 598 4474 πρὸς
625 4400 745 4458 τοὺς
771 4395 1048 4455 Ἰουδαίους
1074 4394 1416 4466 διαλεγόμενος
1442 4393 1575 4448 οὕτω
1615 4396 1748 4465 φησί’

1851 3209 2030 3265 dicere
2055 3208 2199 3278 quod
2230 3208 2388 3278 impia
2419 3217 2570 3271 sunt‘,
2604 3206 2772 3276 ipsum
2803 3214 2979 3260 autem
3021 3207 3112 3274 qui
3142 3205 3299 3260 talem
3327 3205 3428 3259 im-

1852 3302 2106 3372 pietatem
2136 3299 2401 3363 evomuit,
2453 3304 2700 3352 recusant
2730 3296 3186 3350 anathematizare
3219 3313 3230 3348 :
3264 3295 3429 3349 mira-

1853 3407 1973 3446 mur
1998 3406 2184 3447 eorum
2210 3390 2556 3451 dementiam,
2585 3386 2731 3456 quod
2756 3387 2947 3440 divinae
2977 3386 3265 3455 Scriptura:
3293 3400 3429 3440 con-

1853 3481 2014 3536 traria
2046 3489 2228 3548 agunt,
2262 3478 2541 3533 evidenter
2569 3476 2785 3539 dicenti,
2820 3476 2942 3544 quia
2973 3474 3239 3544 wqualiter
3267 3474 3428 3527 horri-

1854 3571 1979 3624 bilia
2007 3580 2127 3624 sunt
2155 3569 2293 3639 apud
2336 3568 2499 3621 Deum
2528 3569 2715 3637 impius
2761 3577 2809 3619 et
2841 3567 3076 3635 impietas
3116 3566 3228 3635 ejus
3258 3565 3427 3635 (Sap.

1856 3662 1987 3731 xw).
2020 3660 2178 3716 Actio
2217 3659 2361 3713 enim
2400 3673 2520 3711 cum
2551 3665 2769 3711 auctore
2798 3654 3022 3728 [actore]
3067 3656 3352 3723 punietur:
3384 3655 3428 3708 si

1855 3763 2033 3810 autem
2058 3753 2303 3808 similiter
2326 3751 2583 3820 impietati
2613 3750 2881 3802 horribilis
2901 3757 2982 3801 est
3005 3748 3115 3802 Deo
3142 3754 3198 3801 et
3225 3746 3313 3800 ille
3336 3748 3428 3814 qui

1856 3846 2016 3916 impie
2044 3844 2172 3913 agit,
2201 3851 2349 3898 certe
2378 3849 2655 3910 separatus
2680 3851 2762 3894 est
2791 3839 2909 3894 talis
2930 3854 2960 3892 a
2982 3837 3111 3902 Deo,
3132 3844 3186 3889 et
3211 3836 3430 3890 anathe.

1855 3937 1984 3991 mati
2024 3936 2168 4004 juste
2211 3932 2510 4001 subjicitur.
2539 3930 2835 3983 Anathema
2866 3929 3007 3982 enim
3036 3928 3166 3981 nihil
3192 3927 3330 3981 aliud
3361 3928 3434 3980 si-

1855 4026 2101 4097 gniﬁcat,
2134 4024 2232 4079 nisi
2263 4038 2291 4077 a
2324 4023 2432 4076 Deo
2461 4020 2891 4089 separationem,
2921 4019 3056 4074 sicut
3077 4018 3144 4097 _in
3172 4017 3352 4072 Veteri
3380 4026 3433 4070 et

1856 4090 2005 4175 Novo
2032 4090 2375 4172 Testamento
2398 4112 2656 4182 judicium
2680 4112 2746 4165 de
2774 4090 3115 4164 anathemate
3144 4105 3429 4176 signiﬁcat.

1857 4208 2011 4276 Quod
2041 4217 2220 4263 autem
2246 4213 2301 4259 et
2329 4203 2587 4257 Dominus
2614 4215 2711 4255 eos
2748 4199 2836 4270 qui
2868 4214 2974 4253 non
3019 4205 3334 4267 permanent
3379 4197 3431 4250 in

1857 4300 2022 4355 verbo
2050 4295 2291 4351 veritatis
2339 4291 2541 4362 ipsius,
2601 4296 2879 4359 separatos
2917 4300 3035 4341 esse
3084 4286 3151 4339 ab
3194 4283 3431 4339 Ecclesia

1837 4388 2007 4456 ‘dicit,
2036 4389 2088 4442 in
2117 4383 2407 4452 Evangelio
2434 4379 2726 4435 secundum
2752 4376 3012 4430 Joannem
3041 4373 3255 4428 Judmos
3294 4373 3431 4428 allo-

172 4508 199 4545 ε
219 4468 326 4553 nae
350 4468 542 4547 ὅποιῶν
568 4494 659 4548 τήν
679 4488 931 4559 ἁμαρτίαν
951 4484 1126 4544 δοῦλός
1154 4487 1265 4539 ἐστι
1291 4490 1383 4543 τῆς
1408 4482 1683 4556 ἁμαρτίας.
1705 4493 1745 4536 ‘C

1865 4495 2054 4551 quens,
2094 4477 2173 4533 sic
2193 4476 2270 4528 ait
2311 4491 2326 4527 :
2371 4471 2552 4525 Omnis
2578 4469 2665 4538 qui
2693 4468 2818 4539 facit
2844 4473 3125 4536 peccatum,
3157 4479 3329 4518 servus
3358 4473 3435 4517 est

171 4581 224 4638 δί
253 4581 433 4642 δοῦλος
453 4585 511 4635 οὗ
536 4580 670 4648 μένει
689 4581 738 4635 ἓν
765 4586 827 4654 τῇ
848 4581 980 4652 οἰκίᾳ
1007 4580 1078 4637 εἰς
1104 4577 1186 4632 τὸν
1220 4578 1398 4640 αἰῶνα,
1424 4572 1521 4630 ὁδί
1542 4575 1650 4634 υίὸς
1673 4575 1756 4645 μί-

171 4695 246 4732 νει
272 4677 348 4735 εις
376 4675 458 4728 τὸν
478 4677 654 4727 αἰῶνα.
688 4689 707 4721 ι
733 4668 849 4725 Ὀτι
875 4668 929 4723 δὲ
948 4674 1038 4727 τήν
1053 4668 1198 4741 παρὰ
1217 4672 1307 4721 τοῦ
1328 4667 1505 4738 κυρίου
1524 4668 1757 4735 ὠνομασ-

144 4768 330 4836 ημὲνην
372 4766 527 4818 οὶκίαν
567 4765 599 4822 ἡ
623 4764 729 4817 θεία
765 4765 929 4835 γραφή
949 4759 1211 4815 ἐκκλησίαν
1249 4763 1375 4811 Θεοῦ
1398 4760 1579 4820 (eli-.10;
1602 4755 1753 4819 καλεῖ,

176 4855 204 4911 ὃ
228 4852 514 4913 ἀπόστολος
556 4859 809 4927 μαρτυρεῖ
843 4853 891 4904 ἰν
922 4856 984 4924 τῇ
1018 4849 1147 4921 πρὸς
1180 4846 1419 4917 Τιμόθεον
1450 4848 1625 4922 πρώτῃ
1650 4846 1760 4899 ἐπι-

177 4944 364 5018 στολῇ.

251 5037 315 5087 Εἰ
347 5031 401 5087 δί
444 5033 646 5106 λίγουσί
689 5051 820 5090 τινες
855 5034 923 5102 μὴ
964 5026 1064 5083 δεῖν
1103 5024 1356 5100 Θεόδωρον
1387 5024 1516 5095 μετᾶ
1554 5023 1759 5077 θά.ατον

179 5125 651 5198 ἀναθεματίζεσθαι,
684 5123 912 5178 ἴστωσαν
940 5120 988 5173 οί
1013 5120 1097 5175 τὸν
1125 5125 1348 5173 τοιοῦτον
1389 5114 1636 5192 αἱρετικὸν
1676 5114 1758 5168 ἔκ·-

178 5219 462 5280 δικοῦντες,
517 5217 586 5276 ὡς
637 5218 742 5272 πᾶς
795 5211 1043 5287 αίρετικὸς
1085 5212 1248 5281 μέχρι
1296 5208 1467 5266 τέλους
1504 5214 1566 5279 τῇ
1606 5206 1760 5278 οἰκεία

181 5307 352 5380 πλάνῃ
387 5306 624 5376 ἐμμείνας
659 5300 967 5371 δικαιέτερον
1010 5297 1225 5356 διηνεκεῖ
1270 5297 1650 5366 ἆναθεματισμῷ
1680 5297 1762 5349 καί

181 5401 318 5471 μετὰ
343 5398 550 5452 θάνατον
582 5393 938 5449 ὑποϐάλλεται.
979 5392 1079 5443 Καί
1099 5393 1250 5443 τοῦτο
1280 5387 1361 5438 ἐπὶ
1390 5384 1592 5443 πολλοῖς
1626 5383 1763 5456 γέγο-

180 5515 271 5550 νεν
293 5491 566 5566 αίρετικοῖς
588 5486 945 5563 ἀρχαιοτέροις
970 5502 1023 5538 τε
1063 5484 1148 5535 καί
1187 5487 1289 5539 τοῖς
1315 5478 1594 5551 ἐγγυτέρω·
1621 5497 1763 5531 τουτ-

184 5587 299 5639 έστι
347 5583 630 5649 Βαλεντίνῳ,
670 5572 956 5646 Βασιλείδῃ,
1002 5572 1296 5642 Μαρκίωνι,
1325 5567 1573 5641 Κηρίνθῳ,
1605 5577 1759 5619 Μανι-

184 5675 348 5745 χαίῳ.
381 5670 629 5740 Εὕνομίῳ,
655 5669 736 5720 καί
764 5664 979 5733 Βονόσῳ·
1005 5666 1156 5715 τοῦτο
1183 5656 1235 5713 δέ
1260 5657 1380 5712 αὖτό
1404 5658 1487 5710 καί
1527 5657 1611 5709 ἐπὶ
1639 5662 1763 5708 Θεο-

186 5760 341 5834 δώρῳ
369 5760 532 5829 γέγονε
557 5758 638 5810 καί
665 5755 714 5807 ἐν
741 5757 841 5826 ζωῇ
865 5749 1273 5825 κατηγορηθέντι,
1298 5749 1379 5801 καί
1409 5747 1537 5816 μετὰ
1562 5745 1765 5799 θάνατον

1862 4569 2074 4640 peccati.
2108 4564 2295 4621 Servus
2315 4570 2484 4614 autem
2511 4574 2611 4611 nun
2635 4564 2804 4610 manet
2825 4557 2879 4607 in
2908 4555 3055 4608 domo
3076 4555 3127 4607 in
3153 4563 3430 4617 a'lemam;

1862 4661 2002 4730 ﬁlius
2031 4665 2197 4712 autem
2224 4660 2489 4723 permanet
2525 4650 2578 4702 in
2606 4658 2853 4703 aeternum
2884 4644 3077 4715 (Joan.
3107 4645 3248 4713 vni).
3281 4643 3434 4710 Quod

1863 4758 2062 4810 autem,
2092 4762 2252 4817 quam
2285 4744 2541 4800 Dominus
2571 4740 2811 4794 nominat
2832 4734 3072 4804 domum,
3097 4736 3272 4790 divina
3299 4735 3437 4790 Scri-

1864 4848 2016 4911 ptura
2068 4836 2356 4892 Ecclesiam
2403 4832 2496 4886 Dei
2530 4829 2633 4884 vivi
2678 4834 2863 4893 vocat,
2894 4822 3180 4895 Apostolus
3210 4831 3436 4877 testatur

1865 4931 1919 4984 in
1948 4929 2184 4999 Epistola
2212 4926 2381 4995 prima
2411 4922 2478 4976 ad
2504 4920 2842 4975 Timotheum
2875 4916 3026 4987 (Cap.
3054 4917 3154 4979 ιιι).

1931 5021 1988 5075 Si
2014 5035 2142 5073 vero
2171 5015 2384 5085 quidam
2408 5013 2622 5074 dicunt,
2673 5025 2779 5063 nou
2807 5014 3062 5076 oportere
3091 5002 3430 5058 Theodorum

1862 5119 1984 5183 post
2005 5115 2232 5163 mortem
2260 5100 2730 5165 anathematizari,
2763 5097 2936 5153 sciant
2959 5096 3049 5164 qui
3081 5095 3238 5148 talem
3266 5095 3434 5149 baare—

1862 5202 2025 5257 ticum
2053 5195 2384 5257 defendunt,
2433 5189 2576 5262 quod
2616 5188 2788 5244 omnis
2831 5186 3115 5241 haereticus
3160 5198 3327 5253 usque
3365 5185 3434 5237 ad

1868 5289 2025 5344 ﬁnem
2055 5288 2178 5341 vita:
2210 5286 2261 5338 in
2291 5298 2390 5338 suo
2421 5295 2605 5336 errore
2633 5293 2980 5348 permanens,
3008 5275 3150 5344 juste
3177 5282 3436 5343 perpetuo

1866 5364 2192 5434 anathemati
2242 5382 2298 5427 et
2344 5379 2465 5442 post
2504 5378 2730 5423 mortem
2760 5365 3061 5434 subjicitur.
3120 5362 3189 5416 Et
3233 5362 3339 5418 hoc
3386 5362 3438 5416 in

1868 5468 2045 5523 multis
2074 5462 2344 5519 hmreticis
2372 5470 2427 5515 et
2456 5455 2847 5524 antiquioribus
2876 5460 2931 5507 et
2978 5449 3317 5522 propioribus
3357 5448 3437 5502 fa-

1866 5569 2008 5613 ctum
2053 5563 2155 5621 est,
2203 5552 2256 5608 id
2287 5560 2368 5606 cst
2396 5547 2710 5609 Valentino,
2745 5544 2996 5611 Basilide,
3024 5541 3310 5605 Marcione,
3338 5538 3442 5595 Ce-

1867 5649 2068 5712 rintho,
2104 5642 2419 5703 Manichzco,
2454 5636 2751 5699 Eunomia,
2781 5642 2835 5687 et
2862 5632 3094 5687 Bonoso.
3126 5630 3241 5686 Hoc
3262 5638 3439 5685 autem

1865 5739 2005 5794 idem
2038 5747 2092 5791 et
2118 5737 2169 5791 in
2202 5732 2488 5789 Theodoro
2512 5730 2709 5782 factum
2740 5734 2839 5792 cst,
2868 5732 2922 5778 et
2954 5725 3004 5777 in
3034 5723 3143 5778 vita
3166 5728 3435 5785 accusata,
