3958 6288
505 293 526 356 1
539 294 640 357 0:27

1775 289 2044 350 JUSTIX
2056 288 2182 348 IAN
2193 287 2214 347 Ι
2257 286 2411 345 IMP.

505 422 940 493 ὶναῦεματισθέντι
964 421 1066 475 ύπό
1091 427 1188 474 τῶν
1217 418 1368 490 άγίων
1390 418 1636 490 πατέρων.
1667 410 1750 473 OT;
1780 415 1822 467 εἰ
1850 416 1917 480 μή
1945 409 2060 482 βού-
2089 437 2099 466 Α

2198 411 2217 455 t
2253 410 2375 470 post
2410 417 2440 452 ιι
2463 407 2634 452 ortem
2663 395 3114 451 anathematizato
3152 411 3184 450 a
3218 395 3418 450 sanctis
3455 392 3737 458 Patribus.

503 538 674 590 λονται
714 533 969 586 πείθεσθαι
990 533 1056 590 ὡς
1089 531 1325 604 αἰρετικοί
1363 531 1407 582 οἱ
1433 537 1617 584 τςὺτου
1648 521 2061 592 ἀντιποιούμενοι,

508 630 567 694 τῇ
603 627 725 693 γοῦν
770 619 892 692 παρ’
937 621 1097 674 αὐτῶν
1141 618 1453 691 έκδικουμένῃ
1491 617 1669 671 ἀσεϐεῖ
1694 614 1932 684 ἐπιστολῇ
1978 633 2064 665 πι-

505 713 892 772 στευσάτωσαν,
919 711 1030 770 ἥτις
1057 715 1100 764 εἱ
1133 713 1216 763 καί
1252 713 1315 764 τά
1340 710 1558 778 μάλιστα
1578 705 1828 779 Θεόδωρον
1857 701 2064 764 ἐκδικεῖ,

513 800 641 872 ὅμως
678 807 897 874 φανερῶς
937 801 1084 871 λέγει,
1133 800 1212 856 ὅτι
1254 805 1335 854 καί
1377 801 1458 854 έπί
1481 797 1740 856 ἐκκλησίας
1765 797 1888 870 παρ’
1915 795 2067 864 άγίων

503 893 739 961 πατέρων
759 892 1136 961 ἀνεθεματίσθη,
1166 893 1247 942 καί
1271 891 1318 952 ἔξ
1353 891 1542 942 ἱκείνον
1569 885 1718 944 πολλή
1755 889 1960 948 ζήτησις
1986 884 2068 951 γέ·

511 1003 620 1053 γονε
651 986 765 1054 περὶ
791 988 888 1034 τῶν
912 983 1066 1035 αὺτοῦ
1090 985 1522 1054 συγγραμμάτων,
1549 980 1616 1036 ὡς
1642 977 1877 1034 ἀσεϐείας
1905 974 2070 1033 δηλον-

515 1072 591 1124 ότι
619 1071 1043 1142 πεπληρωμένων·
1077 1076 1231 1123 τοῦτο
1269 1067 1322 1122 δέ
1363 1068 1555 1121 ἐποίουν
1591 1072 1867 1122 τηνικαῦτα
1905 1065 1951 1116 οἰ
1983 1072 2072 1122 τῆς

515 1160 762 1216 καθολικῆς
791 1158 1070 1219 ἐκκλησίας,
1101 1155 1168 1228 ἐφ’
1255 1161 1328 1224 μὴ
1348 1158 1466 1216 τούς
1494 1155 1870 1228 ἁπλουστέρους
1884 1155 2073 1228 κέντυγ·

518 1249 770 1316 χάνοντας
795 1254 900 1304 τοῖς
947 1246 1126 1299 ἐκείνου
1158 1245 1370 1300 ἀσεϐέσι
1397 1245 1764 1318 συγγράμμασι
1805 1227 1900 1303 τῆξ
1933 1245 2077 1316 ὀρθῆς

525 1337 918 1410 παρατρέπςσοαι
957 1335 1197 1395 πίστεως.
1221 1333 1334 1390 Ὀτι
1377 1335 1430 1389 δέ
1472 1336 1517 1389 οἰ
1561 1337 1767 1395 ἀσεϐεῖς
1812 1337 1856 1389 εἰ
1899 1338 1982 1388 καὶ
2008 1339 2078 1404 μὴ

521 1430 650 1485 κατὰ
693 1429 959 1501 πρόσωπον
1006 1429 1096 1494 μέν
1152 1429 1202 1480 έν
1245 1431 1347 1501 ζωῇ
1383 1425 1620 1490 δέξωνται
1663 1428 2076 1496 ἀναθεματισμὸν,

523 1516 658 1588 ὅμως
684 1520 762 1570 καί
787 1519 916 1587 μετά
936 1517 1144 1572 θάνατον
1171 1517 1613 1586 ἀναθεματίζονται
1640 1515 1741 1568 ὑπὸ
1774 1522 1865 1572 τῆς
1897 1513 2083 1566 καθολι-

522 1617 611 1667 κῆς
653 1607 934 1667 ἐκκλησίας,
967 1605 1215 1662 δείκνυται
1238 1607 1290 1660 έκ
1315 1613 1414 1661 τῶν
1449 1605 1602 1680 ἁγίων
1642 1601 1883 1660 συνόδων.
1915 1615 1964 1658 Ἦ
1993 1607 2083 1675 μέν

2162 492 2352 562 quibus
2370 489 2416 543 si
2442 489 2662 544 credere
2691 486 2963 542 noluerint
2989 494 3048 540 ut
3075 485 3310 540 haeretici
3340 485 3459 552 ejus
3479 483 3740 538 defenso-

2162 598 2268 647 res,
2299 581 2384 636 vel
2412 579 2586 648 impiae
2613 577 2870 646 epistola,
2917 591 3078 646 quam
3109 577 3209 646 ipsi
3250 575 3582 637 defendunt,
3615 589 3737 629 cre-

2164 672 2311 726 dant.
2376 669 2506 735 Quze
2544 667 2672 722 licet
2712 666 3050 721 Theodorum
3105 665 3407 726 collaudet,
3448 661 3740 718 manifeste

2165 768 2344 812 tamen
2371 755 2518 818 dicit,
2549 753 2693 822 quod
2721 753 2775 806 in
2801 751 3037 806 Ecclesia
3066 766 3096 804 a
3116 751 3316 805 sanctis
3340 749 3592 804 Patribus
3613 765 3740 803 ana-

2167 845 2541 900 tliematizatus
2567 849 2680 906 est,
2725 849 2784 896 et
2810 855 2880 896 ex
2919 840 3013 894 illo
3038 839 3264 909 plurima
3295 838 3572 907 inquisitio
3604 838 3740 893 facta

2169 941 2250 986 est
2277 933 2342 986 de
2369 931 2484 1000 ejus
2510 929 2848 998 conscriptis,
2872 935 2930 982 ut
2956 935 3084 996 pote
3107 926 3278 996 plenis
3304 925 3604 994 impietate.
3631 925 3742 980 Hoc

2170 1029 2348 1076 autem
2380 1029 2506 1073 tunc
2533 1017 2796 1072 faciebant
2839 1016 3121 1070 catholica:
3167 1013 3422 1068 Ecclesiae
3468 1017 3740 1076 doctores,

2172 1125 2240 1164 ne
2267 1107 2618 1176 simpliciores
2665 1105 2902 1172 legentes
2946 1103 3086 1157 illius
3129 1103 3290 1172 impia
3318 1103 3665 1171 conscripta,
3713 1117 3742 1155 a

2173 1207 2318 1253 recta
2348 1197 2449 1251 ﬁde
2474 1195 2824 1250 declinarent.
2873 1191 3027 1259 Quod
3051 1201 3228 1246 autem
3256 1191 3436 1261 impii,
3483 1191 3617 1246 licet
3637 1208 3742 1246 non

2174 1289 2228 1343 in
2252 1287 2360 1341 vita
2389 1288 2444 1340 in
2470 1300 2620 1340 suam
2651 1297 2937 1354 personam
2967 1282 3250 1336 anathema
3278 1282 3638 1350 susceperint,
3665 1292 3743 1334 ta-

2177 1392 2300 1431 men
2334 1384 2390 1430 et
2439 1381 2559 1444 post
2605 1381 2830 1426 mortem
2872 1369 3392 1424 anathematizentur
3419 1384 3449 1422 a
3479 1369 3742 1424 catholica

2179 1465 2414 1520 Ecclesia
2431 1503 2448 1530 ,
2477 1462 2776 1518 ostenditur
2803 1474 2835 1514 a
2862 1460 3061 1514 sanctis
3088 1457 3324 1529 synodis.
3355 1456 3577 1512 Nicena
3604 1459 3741 1512 enim

2179 1553 2412 1626 synodus
2439 1566 2534 1606 eos
2556 1550 2647 1624 qui
2683 1548 2830 1618 impii
2875 1545 3136 1620 [impiam]
3164 1546 3277 1600 Arii
3305 1554 3514 1600 sectam
3543 1546 3739 1613 colunt,

2181 1643 2297 1699 sine
2322 1642 2535 1696 nomine
2562 1635 3048 1693 anathematizavit.
3079 1633 3209 1700 Quae
3234 1642 3416 1688 autem
3443 1631 3744 1688 Constanti-

521 1699 624 1770 γάρ
668 1699 718 1750 ἐν
754 1700 929 1770 Νικαίᾳ
974 1699 1092 1756 τούς
1135 1697 1192 1750 τό
1235 1697 1417 1757 ἀσεϐές
1443 1696 1630 1772 ’Δρείον
1662 1697 1884 1770 φρόνημα
1923 1715 2080 1770 πρεσ-

2198 1696 2364 1800 ιοροιί
2393 1733 2711 1796 congregata
2735 1733 2849 1788 est,
2897 1696 3122 1792 impiam
3159 1722 3460 1778 Macedonii
3507 1723 3741 1776 bmresim

527 1787 766 1846 δεύοντας
793 1787 1057 1857 ἀνωνύμως
1094 1788 1460 1854 ἀνεθεμάτισεν.
1513 1799 1563 1841 Ἦ
1588 1785 1640 1841 δέ
1672 1789 1723 1840 ἐν
1761 1795 2080 1840 κωνσταντι-

526 1873 756 1930 νουπόλει
798 1898 887 1934 την
936 1874 1238 1928 Μακεδονίου
1281 1877 1628 1933 ἀσεϐεστάτην
1673 1877 1862 1949 α”ρεσιν
1905 1873 2086 1944 ὁμοίως

528 1965 876 2034 ἀνεθεμάτισεν
897 1983 907 1994 ·
943 1965 1047 2018 ἀλλ’
1075 1963 1208 2036 ὅμως
1243 1966 1273 2022 ἡ
1313 1964 1432 2035 άγία
1459 1970 1548 2019 τοῦ
1577 1970 1697 2018 Θιοῦ
1741 1963 1972 2019 ἐκκλησία
2007 1966 2088 2015 καί

531 2057 658 2125 μετά
685 2055 894 2110 θάνατον
911 2051 1120 2132 Ἀρειον,
1151 2058 1229 2108 καί
1257 2053 1549 2110 Μακεδόνιον
1576 2055 1817 2127 ὀνομαστὶ
1845 2054 2090 2125 ἀναθεμα-

529 2151 674 2212 τίζει.
703 2144 787 2200 Ἰἰκ
819 2147 1008 2201 πολλῶν
1051 2145 1104 2201 δέ
1143 2153 1241 2202 τῶν
1291 2144 1587 2209 ἀποδείξεων
1639 2145 1978 2216 ἐλεγχόμενοι,
2024 2146 2090 2204 ὡς

533 2240 778 2295 ἀσεϐοῦσι
806 2236 1030 2299 danai:
1059 2239 1103 2292 οἰ
1131 2237 1391 2315 Θεοδώρου
1432 2243 1514 2292 καί
1539 2247 1630 2300 τῆς
1659 2238 1892 2300 ἀσεϐείας
1929 2239 2090 2295 αὑτοῦ

533 2331 950 2399 ἀντιποιούμενοι,
1004 2328 1076 2401 ἔφ’
1103 2329 1276 2404 ἑτέραν
1313 2331 1527 2401 ματαίαν
1569 2331 1811 2405 πρόφασιν
1848 2332 2096 2401 καταφεύ-

534 2438 685 2491 γουσι
709 2418 953 2492 λὴοντες,
977 2425 1046 2490 μή
1073 2420 1174 2476 δεῖν
1203 2423 1357 2476 αὺτὸν
1385 2423 1832 2488 ἀναθεματισθῆναι
1857 2421 1941 2476 διά
1967 2421 2024 2475 τὸ
2045 2423 2095 2474 έν

536 2520 599 2585 τῇ
627 2515 854 2585 κοινωνίᾳ
881 2521 981 2567 τῶν
1009 2513 1281 2568 έκκλησιῶν
1306 2514 1726 2570 τετελευτηκέναι.
1752 2509 1888 2566 Ἐδει
1921 2509 1974 2566 δέ
2003 2514 2097 2565 αὺ-

538 2606 660 2660 τούς
687 2601 879 2660 εἰδέναι.
927 2605 994 2663 ὡς
1036 2603 1210 2656 ἐκεῖνοι
1248 2603 1545 2658 τελευτῶσιν
1583 2604 1632 2656 ἐν
1659 2609 1720 2676 τῇ
1748 2604 1974 2675 κοινωνίᾳ
1999 2609 2098 2656 τῶν

541 2689 829 2754 ἐκκλησιῶν,
855 2692 902 2744 οί
937 2693 993 2746 τὸ
1019 2692 1177 2746 κοινὸν
1199 2698 1288 2751 τῆς
1330 2692 1586 2752 εὐσεϐείας
1615 2690 1777 2764 δόγμα
1804 2693 1862 2746 τό
1901 2693 1985 2745 έπί
2007 2699 2098 2750 τῆς

540 2777 796 2838 ηθολικῆς
838 2780 1100 2840 ἐκκλησίας
1145 2781 1506 2854 κηρυττόμενον
1551 2783 1715 2853 μέχρι
1749 2781 1920 2840 τέλους
1947 2781 2101 2852 φυλα-

541 2869 759 2940 ξάμενοι.
789 2867 952 2932 Οὗτος
985 2869 1038 2926 δέ
1169 2874 1318 2945 οἰκείᾳ
1359 2873 1706 2932 ἐντελευτήσας
1749 2873 1957 2947 ἀσεϐείᾳ
1997 2873 2099 2928 ἀπό

543 2961 713 3021 πάσης
742 2962 996 3024 ἰκκλησίας
1025 2963 1269 3027 ἐξεϐλήθη.
1299 2961 1487 3036 ’Δμέλει
1511 2985 1595 3018 τοι
1628 2967 1714 3018 καί
1749 2970 1852 3017 πᾶν
1878 2965 1935 3018 τό
1975 2963 2100 3022 πλή-

2181 1819 2429 1876 similiter
2449 1815 2849 1879 condemnavit;
2872 1813 2966 1868 sed
2996 1820 3171 1868 tamen
3190 1821 3372 1878 sancta
3401 1812 3498 1866 Dei
3516 1811 3744 1867 Ecclesia

2183 1919 2239 1966 et
2265 1918 2386 1981 post
2424 1915 2653 1962 mortem
2687 1905 2870 1960 Arium
2914 1913 2970 1959 et
3010 1903 3382 1958 Macedonium
3431 1903 3746 1957 nominatim

2185 1996 2618 2054 anathematizat.
2663 1995 2796 2048 Cum
2823 2002 3002 2048 autem
3031 2007 3099 2048 ex
3126 1992 3306 2047 multis
3345 1992 3752 2061 probationibus

2187 2087 2604 2151 convincuntur,
2657 2083 2800 2152 quod
2829 2097 3157 2152 supervacue
3183 2091 3239 2136 et
3265 2082 3434 2150 impie
3473 2091 3646 2150 agunt
3667 2088 3753 2150 qui

2189 2175 2530 2234 Theodorum
2573 2181 2630 2229 et
2653 2173 2979 2246 impietatem
2993 2171 3117 2242 ejus
3145 2169 3460 2237 defendunt,
3500 2173 3572 2228 ad
3603 2173 3752 2227 aliam

2190 2285 2383 2324 vanam
2419 2256 2758 2324 occasionem
2801 2267 3138 2336 confugiunt,
3191 2265 3436 2320 dicentes
3463 2280 3578 2321 non
3602 2280 3758 2334 opor-

2193 2363 2308 2414 tere
2333 2374 2454 2414 eum
2481 2356 2921 2412 an‘athematizari
2941 2370 3007 2410 eo
3027 2354 3170 2426 quod
3190 2355 3242 2408 in
3262 2355 3754 2409 communicatione

2193 2447 2552 2502 Ecclesiarum
2580 2453 2824 2500 mortuus
2847 2452 2946 2500 est.
2971 2444 3264 2514 Oportebat
3288 2452 3470 2498 autem
3497 2445 3646 2498 scire
3671 2459 3759 2499 eos

2194 2537 2336 2606 quod
2381 2537 2454 2590 illi
2505 2535 2804 2590 moriuntur
2851 2535 2904 2588 in
2955 2535 3440 2590 communicatione
3489 2533 3757 2589 Ecclesia-

2193 2643 2332 2690 rum,
2359 2625 2450 2694 qui
2474 2629 2758 2679 commune
2783 2623 3003 2693 pietatis
3028 2623 3240 2692 dogma,
3282 2623 3432 2693 quod
3459 2625 3517 2679 in
3545 2625 3756 2680 univer-

2197 2713 2542 2770 saliEcclesia
2565 2712 2900 2782 praedicatur,
2928 2727 3096 2782 usque
3120 2713 3187 2767 ad
3207 2710 3364 2768 linem
3389 2723 3756 2769 servaverunt.

2197 2802 2305 2858 Iste
2372 2810 2552 2858 autem
2601 2817 2769 2872 usque
2815 2801 2883 2856 ad
2932 2811 3162 2856 mortem
3207 2803 3261 2857 in
3295 2817 3392 2858 sua
3443 2813 3761 2873 permanens

2199 2893 2492 2962 impietate,
2538 2892 2608 2946 ab
2649 2891 2794 2946 omni
2835 2889 3074 2946 Ecclesia
3107 2891 3311 2960 eiectus
3345 2898 3452 2948 est.
3503 2892 3692 2962 Itaque
3711 2903 3762 2947 et

2201 2984 2375 3039 omnis
2435 2981 2710 3053 plenitudo
2753 2981 3139 3050 Mopsuestena:
3191 2981 3441 3038 Ecclesiae
3457 3021 3475 3046 ,
3555 2983 3616 3038 in
3666 2998 3762 3054 qua

542 3071 689 3125 ρωμα
715 3059 802 3113 τῆς
831 3053 879 3106 ἐν
902 3053 1218 3126 llo-inmori?
1245 3053 1526 3118 ἐκκλησίας,
1559 3055 1606 3106 ἐν
1689 3053 1880 3126 λέγεται
1901 3055 2099 3108 ἰπίσκο-

2203 3051 2484 3144 episc0pus
2509 3072 2703 3127 dicitur
2743 3069 2906 3126 fuisse
2950 3071 3212 3144 [propter
3258 3071 3622 3141 blasphemiae
3642 3114 3662 3140 ,
3682 3051 3764 3127 “ob

544 3165 639 3204 πος
667 3147 976 3216 γεγενῆσθαι,
1001 3144 1084 3200 διὰ
1121 3148 1211 3207 τὰς
1239 3145 1576 3216 βλασφημίας,
1607 3143 1670 3198 δι’
1708 3144 1875 3219 ἇσπερ
1899 3141 2102 3203 Ἕλλησί

544 3256 598 3289 τε
615 3275 628 3297 ,
658 3240 742 3290 καί
765 3235 1052 3299 Ἰουδαίοις,
1095 3239 1176 3290 καί
1206 3235 1491 3302 ὶοδομίταες
1516 3237 1661 3294 παρά
1686 3242 1786 3290 τῶν
1826 3235 1978 3308 άγίων
2001 3256 2102 3290 πα-

543 3317 700 3399 τέρων
727 3327 1082 3398 συνηριθμήθη,
1124 3324 1403 3397 ἀπήλειψαν
1430 3327 1478 3390 ἐξ
1507 3327 1687 3380 ἐκείνου
1713 3333 1810 3382 τῶν
1839 3327 1981 3402 ίερῶν
2013 3335 2103 3387 τῆς

546 3411 601 3466 ἔκ
629 3413 804 3472 λησίας
855 3411 1126 3480 διπτύχων
1175 3417 1263 3470 τήν
1305 3411 1484 3466 τούτου
1523 3417 1888 3490 προσηγορίαν,
1931 3416 1998 3474 ὡς
2037 3415 2105 3468 τά

546 3506 663 3575 περὶ
688 3505 866 3556 τούτου
908 3505 1175 3558 συστάντα
1201 3504 1332 3558 κατά
1374 3508 1464 3562 τήν
1493 3506 1650 3564 αὑτήν
1687 3505 1827 3558 πόλιν
1863 3507 2004 3579 παρά
2043 3514 2106 3581 τῇ

551 3589 744 3661 συνόδῳ
766 3600 855 3651 τῆς
879 3592 1137 3665 έπαρχίας
1159 3597 1492 3662 ὑπομνήματα
1515 3591 1751 3649 δείκνυσι.
1775 3596 2107 3664 Θαυμάζομεν

550 3683 716 3736 τοίνυν
751 3683 877 3742 τοὺς
904 3680 1213 3744 ἐκδικοῦντας
1247 3681 1524 3758 Θεόδωρον,
1569 3686 1930 3752 οἰκειουμένους
1955 3685 2107 3739 αὐτόν

548 3792 605 3828 τε
629 3775 711 3826 καί
733 3777 822 3831 την
848 3775 1008 3826 αὑτοῦ
1037 3773 1287 3841 ἀσέϐειαν,
1318 3770 1443 3828 ὅπου
1469 3795 1524 3848 γε
1554 3777 1584 3833 τό
1613 3777 1864 3842 ἐκκλησία,
1894 3777 1944 3831 έν
1978 3774 2009 3850 ᾗ
2033 3779 2111 3850 γέ·

551 3881 686 3937 γον-ν
727 3862 1018 3925 ἐπίσκοπος,
1049 3863 1116 3920 ὡς
1158 3864 1400 3936 αίρετικόν
1427 3863 1478 3916 ἐκ
1530 3864 1718 3920 πολλῶν
1767 3871 1866 3918 τῶν
1911 3864 2110 3940 χρόνων

549 3953 699 4005 αὐτὸν
723 3952 1014 4007 άπιϐάλετο.
1035 3949 1148 4008 Ὀτι
1166 3951 1219 4008 δέ
1243 3955 1324 4007 έπί
1345 3957 1634 4030 κατακρίσει
1658 3958 1810 4030 οἰκείᾳ
1830 3962 1918 4022 τήν
1939 3959 2110 4012 τοιαύ-

549 4064 640 4102 την
679 4045 1042 4116 προϐάλλονται
1084 4045 1334 4118 πρόφασιν
1371 4047 1415 4100 οί
1462 4045 1718 4119 Θεόδωρον
1763 4045 2072 4108 έκδικοῦντες
2096 4091 2110 4115 ,

551 4130 716 4195 ἔξεο-τι
749 4142 930 4206 γνῶναι
952 4137 1035 4188 καί
1071 4135 1121 4197 ἐξ
1143 4135 1294 4188 αὐτοῦ
1321 4141 1413 4189 τοῦ
1435 4137 1520 4190 ἐπὶ
1545 4133 1711 4190 Ἰούδα
1737 4131 2000 4208 γενομένου
2027 4158 2114 4208 φο-

554 4222 702 4298 ϐερεῦ
740 4227 998 4297 κρίματος.
1021 4223 1226 4284 Ἐκεῖνος
1252 4227 1351 4297 γάρ
1376 4230 1586 4296 νομίσας
1625 4227 1872 4282 λανθάνειν
1919 4228 2007 4282 τόν
2045 4231 2116 4284 τὰ

551 4313 752 4385 κρυπτά
780 4319 878 4366 τῶν
903 4315 1177 4389 ἀνθρώπων
1203 4316 1525 4384 γινώσκοντα,
1554 4317 1839 4374 έκοινώνησε
1865 4325 1964 4371 τῶν
1989 4339 2116 4390 μυσ-

2201 3177 2334 3232 quas
2373 3158 2624 3232 paganis]
2671 3174 2791 3214 cum
2819 3160 3107 3216 invenisset
3131 3159 3276 3229 quod
3315 3162 3544 3230 paganis
3587 3170 3648 3217 et
3675 3160 3764 3216 Ju-

2201 3252 2332 3309 dmis
2375 3259 2430 3306 et
2472 3249 2836 3305 Sodomitanis
2869 3263 2901 3302 a
2929 3250 3132 3305 sanctis
3182 3247 3426 3305 Patribus
3469 3265 3764 3306 conrnune.

2202 3348 2351 3396 ratus
2395 3346 2515 3406 est,
2565 3337 2880 3394 deleverunt
2925 3338 3024 3410 ipsi
3068 3353 3137 3393 ex
3186 3338 3278 3394 illo
3324 3353 3354 3392 a
3390 3339 3562 3395 sacris
3596 3339 3768 3395 Eccle-

2203 3430 2296 3484 sia:
2324 3428 2586 3498 diptycbis
2609 3422 2730 3496 ‘ejus
2759 3442 2981 3494 nomen,
3015 3428 3156 3483 sicut
3192 3437 3343 3496 gesta
3367 3429 3436 3484 de
3459 3429 3570 3484 hoc
3597 3431 3654 3484 in
3681 3445 3766 3484 ea-

2205 3520 2326 3576 dem
2352 3519 2568 3574 civitate
2595 3519 2734 3589 apud
2762 3518 3044 3574 concilium
3074 3519 3446 3590 episcoporum
3475 3520 3622 3577 illius
3644 3537 3767 3590 pro-

2205 3610 2394 3666 vincia:
2427 3607 2669 3664 confecta
2698 3609 3006 3664 ostendunt.
3040 3608 3293 3664 Miramur
3316 3611 3477 3678 igitur
3504 3610 3771 3670 Theodori

2207 3711 2483 3766 sequaces,
2513 3697 2603 3766 qui
2623 3711 2746 3752 eum
2774 3703 2829 3750 et
2856 3696 3182 3766 impietatem
3210 3697 3326 3766 ejus
3349 3706 3602 3768 tanquam
3623 3713 3774 3752 suam

2209 3784 2532 3852 defendunt,
2563 3801 2684 3840 cum
2723 3783 2992 3850 Ecclesia,
3025 3787 3080 3840 in
3107 3801 3214 3855 qua
3253 3785 3353 3842 fuit
3386 3787 3692 3856 episcopus,
3719 3795 3775 3840 ut

2210 3884 2337 3947 pote
2365 3875 2674 3932 hmreticum
2701 3890 2768 3930 ex
2799 3875 2980 3930 multis
3009 3875 3340 3946 temporibus
3383 3889 3509 3930 eum
3534 3874 3772 3943 eiecerit.

2212 3965 2364 4032 Quod
2384 3973 2563 4019 autem
2588 3963 2655 4020 ad
2681 3965 3183 4022 condemnationem
3196 3981 3350 4021 suam
3369 3968 3532 4022 talem
3547 3967 3780 4024 occasio-

2213 4071 2335 4112 nem
2383 4053 2746 4127 [praetextum]
2788 4063 3095 4124 proponunt
3129 4053 3442 4110 defensores
3485 4053 3777 4120 Theodori,

2213 4144 2351 4200 scire
2379 4143 2506 4202 licet
2525 4151 2581 4198 et
2607 4158 2674 4198 ex
2695 4143 2811 4212 ipso
2830 4142 3089 4198 adversus
3110 4140 3306 4198 Iudam
3335 4140 3474 4196 facto
3501 4141 3779 4196 tremendo

2209 4231 2431 4305 judicio.
2463 4231 2557 4285 ille
2585 4231 2726 4284 enim
2762 4245 2882 4286 cum
2913 4239 3152 4300 putasset
3179 4230 3348 4286 latere
3389 4245 3516 4288 eum
3556 4230 3648 4300 qui
3686 4244 3778 4284 oc-

2215 4319 2358 4374 culta
2379 4319 2654 4374 hominum
2677 4319 2974 4387 cognoscit,
3003 4317 3350 4387 sacramentis
3373 4317 3780 4374 communicavit

554 4404 738 4476 τηρίων
767 4411 876 4463 τοῖς
919 4403 1229 4464 ἀποστόλοις,
1261 4401 1366 4456 ἀλλ’
1401 4401 1539 4471 ὅμως
1576 4403 1712 4458 οὐδέν
1745 4406 1894 4460 αὐτὸν
1933 4405 2091 4464 ὤνησε

2218 4424 2338 4472 cum
2367 4409 2622 4478 apostolis
2653 4427 2666 4461 :
2699 4379 2793 4463 sed
2823 4379 3001 4464 tamen
3027 4379 3159 4464 n—ibil
3187 4408 3236 4462 ei
3266 4407 3468 4478 profuit
3492 4409 3639 4478 quod
3665 4422 3781 4463 cum

557 4495 638 4546 καί
668 4496 696 4550 ἡ
721 4493 849 4562 μετά
875 4493 1188 4566 ὑποκρίσεως
1215 4495 1460 4544 κοινωνία.
1489 4490 1628 4547 ’Δλλά
1655 4493 1765 4548 ούδέ
1793 4497 1876 4548 καί
1903 4497 1961 4550 τό
1988 4499 2119 4566 μετά

557 4581 768 4634 θάνατον
809 4581 960 4634 αὐτοῦ
1007 4577 1194 4633 δώδεκα
1239 4581 1572 4648 ὀνομασθῆναι
1611 4583 1731 4641 τοὺς
1764 4583 2010 4651 μαθητάς,
2051 4585 2120 4643 ὧς

561 4687 706 4738 φησιν
725 4667 945 4727 Ἰωάννης
960 4665 984 4720 ὁ
998 4666 1342 4739 εύαγγελιστής
1355 4668 1528 4741 λέγων,
1543 4687 1562 4720 ι
1581 4675 1768 4742 Θωμᾶς
1794 4669 1890 4726 δέὁ
1917 4669 2120 4742 λεγόμε-

559 4777 640 4817 νος
683 4754 914 4826 Δίδυμος,
964 4755 1033 4817 εἷς
1078 4766 1176 4812 τῶν
1215 4759 1424 4824 δώδεκα,
1457 4763 1544 4816 οὐκ
1583 4760 1638 4820 ἧν
1675 4765 1782 4832 μετ’
1825 4767 2006 4828 αὐτῶν,
2037 4764 2118 4820 ὅτε

562 4843 704 4906 ἦλθεν
724 4845 748 4900 ό
769 4843 988 4908 Ἰησοῦς,
1014 4866 1031 4896 ι
1064 4845 1092 4904 ἦ
1121 4849 1304 4922 ἐξαίρει
1320 4850 1404 4904 τόν
1427 4847 1614 4904 Ἰούδαν
1637 4859 1727 4910 τῆς
1755 4857 2115 4927 κατακρίσεως,

562 4934 593 4995 ἦ
620 4937 1031 5008 συναριθμεῖσθαι
1056 4958 1122 4989 πο
1145 4946 1188 4991 εἰ
1210 4958 1266 4991 το
1287 4959 1310 4998 ς
1340 4941 1656 5000 ἀποστόλοις.
1679 4939 1862 5012 ’Δμίλει
1887 4964 1965 4997 τοι
1991 4947 2119 5012 μετά

563 5031 652 5084 τήν
672 5031 764 5081 τοῦ
803 5031 977 5099 κυρίου
1015 5028 1253 5099 ἀνάληψιν
1295 5031 1340 5083 οί
1369 5033 1637 5086 ἀπόστολοι
1661 5031 1726 5088 δι’
1748 5037 1931 5094 οἰκείας
1955 5035 2121 5107 ψήφου

564 5116 647 5168 τόν
693 5115 838 5169 αὑτὸν
877 5114 1060 5170 Ἰούδαν
1103 5121 1186 5171 καί
1229 5120 1358 5189 μετά
1399 5122 1604 5174 θά·.ατον
1643 5121 1992 5187 κατεδίκασαν,
2037 5147 2069 5180 κ
2108 5130 2125 5181 ί

563 5205 730 5276 ἕτερον
756 5205 1131 5276 ἆντεισήγαγον.
1162 5205 1275 5260 ”οτι
1303 5204 1354 5260 δέ
1383 5211 1598 5277 ματαίαν
1636 5211 1884 5288 πρότασιν
1906 5215 2125 5288 προῗάλ-

564 5295 730 5348 λονται
777 5295 1012 5366 λέγοντες,
1044 5300 1112 5366 μή
1159 5295 1260 5350 δεῖν
1305 5299 1423 5357 τούς
1469 5297 1803 5360 τελευτῶντας
1846 5301 2126 5376 αίρετικούς

565 5383 1026 5455 ἀναοειιατίζεσθαι,
1053 5387 1136 5438 καί
1163 5385 1211 5447 ἐξ
1235 5385 1392 5438 αὐτῶν
1415 5391 1513 5439 τῶν
1544 5393 1634 5440 τοῦ
1675 5391 1854 5462 κυρίου
1893 5391 2126 5464 ῥημάτων

569 5471 910 5543 ἀποδείξομεν.
937 5477 1062 5534 Τοὺς
1089 5477 1186 5548 γάρ
1217 5474 1417 5534 ἀσεϐεῖς
1453 5478 1532 5530 καί
1573 5475 1648 5531 ἔτι
1693 5482 1884 5541 ζῶντας
1925 5485 2125 5555 νεκροὺς

570 5564 794 5632 ὀνομάζει
815 5566 986 5636 λέγων’
1008 5583 1024 5614 ι
1045 5563 1191 5637 Ἀφες
1210 5568 1326 5624 τοὺς
1344 5569 1544 5638 νεκρούς
1563 5567 1720 5638 ὓάῷαι
1736 5575 1854 5630 τοὺς
1871 5593 1903 5625 α
1917 5575 2032 5626 ’τῶν
2051 5593 2124 5626 νε-

573 5655 740 5723 κρούς·
767 5671 782 5701 ε
815 5657 980 5726 οἵηπερ
1003 5651 1086 5707 οὖν
1102 5658 1181 5707 καί
1204 5652 1322 5713 τούς
1343 5651 1561 5715 δικαίους
1586 5657 1978 5720 τελεντάςαντας
2004 5666 2122 5714 ζῶν-

2217 4496 2341 4550 dolo
2367 4496 2797 4550 communicavit.
2828 4497 2936 4551 Sed
2965 4497 3093 4552 licet
3118 4503 3242 4568 post
3267 4506 3500 4554 mortem
3517 4497 3635 4565 ejus
3654 4497 3786 4552 duo-

2217 4585 2391 4640 decim
2415 4585 2672 4641 nominati
2697 4587 2804 4641 sint
2825 4586 3102 4657 discipuli,
3130 4586 3268 4641 sicut
3293 4583 3528 4641 Joannes
3553 4601 3784 4654 evange-

2219 4675 2339 4730 lista
2360 4673 2488 4729 dicit
2518 4691 2532 4728 :
2565 4674 2784 4728 Thomas
2814 4684 2980 4729 autem
3002 4713 3019 4740 ,
3063 4676 3150 4746 qui
3194 4673 3448 4745 Didymus
3490 4673 3778 4734 dicebatur,

2216 4780 2348 4818 unus
2377 4780 2440 4817 ea:
2470 4764 2766 4828 duodecim,
2811 4780 2918 4828 non,
2953 4771 3065 4816 erat
3092 4779 3204 4816 cum
3241 4764 3368 4833 ipsis
3411 4763 3621 4834 ςααειόο
3655 4764 3784 4817 renuit

2218 4852 2370 4908 Iesus
2400 4853 2419 4923 (
2435 4852 2595 4906 Joan.
2625 4852 2737 4922 xx)
2771 4871 2784 4906 ε
2821 4861 2998 4906 tamen
3027 4853 3131 4906 hoc
3159 4867 3265 4905 non
3295 4852 3487 4905 liberat
3522 4850 3715 4906 Jndam
3753 4866 3782 4903 a

2221 4943 2684 5008 condemnatione,
2699 4951 2791 4998 aut
2805 4943 3178 4998 connumerari
3192 4941 3317 4996 facit
3335 4941 3616 5011 apostolis.
3636 4939 3798 4994 Unde

2221 5039 2345 5102 post
2367 5032 2732 5086 ascensionem
2765 5029 2995 5095 Domini,
3023 5029 3249 5099 apostoli
3279 5043 3375 5097 per
3401 5043 3554 5082 suam
3580 5037 3787 5082 senten-

2224 5123 2352 5176 tiam
2374 5119 2620 5174 eumdem
2647 5119 2837 5174 Judam
2875 5120 3036 5174 etiam
3066 5126 3188 5189 post
3214 5125 3442 5172 mortem
3471 5117 3786 5172 condemna-

2224 5219 2434 5275 verunt,
2456 5218 2513 5265 et
2530 5210 2690 5266 alium
2710 5225 2809 5280 pro
2829 5208 2920 5264 illo
2948 5208 3354 5265 introduxerunt
3375 5206 3510 5278 (Act.
3542 5205 3606 5276 t).
3634 5205 3784 5272 Quod

2226 5307 2402 5355 autem
2427 5315 2618 5354 vanam
2641 5300 2977 5356 occasionem
3021 5305 3344 5368 proponunt,
3393 5297 3638 5352 dicentes
3679 5310 3785 5350 ncn

2225 5399 2475 5460 oportere
2518 5391 2799 5446 luereticos
2827 5399 3068 5445 mortuos
3107 5387 3585 5461 anathematizari,
3623 5395 3680 5442 et
3720 5401 3785 5442 ex

2227 5479 2356 5548 ipsis
2383 5479 2590 5534 Domini
2618 5481 2794 5534 verbis
2821 5479 3181 5535 ostendemus.
3221 5477 3418 5548 lmpios
3445 5479 3591 5533 enim
3616 5486 3672 5533 et
3697 5477 3790 5532 ad-

2228 5573 2330 5625 huc
2361 5571 2525 5634 vivos,
2543 5581 2780 5626 mortuos
2805 5571 3064 5635 nominat,
3092 5570 3304 5624 dicens:
3330 5567 3542 5622 Dimitte
3563 5579 3790 5625 mortuos

2227 5659 2440 5727 sepelire
2463 5670 2686 5714 mortuos
2705 5677 2821 5714 suos
2847 5659 3053 5732 (Matth.
3083 5658 3224 5730 vui):
3251 5661 3386 5714 sicut
3409 5658 3586 5728 justus
3607 5667 3660 5713 et
3677 5657 3790 5727 jaut

3613 271 3754 337 mes
