3958 6288
211 310 345 380 1029

1322 317 1463 378 CON
1473 315 1734 374 FESSIO
1771 309 2033 372 RECTE
2074 307 2302 368 FlDEI.

3295 286 3430 348 103C

197 448 288 482 τας
333 425 591 478 ἀποκαλεῖ.
627 424 764 493 Λέγει
803 423 900 496 γάρ
944 423 1061 492 περ’.
1099 419 1328 494 ’Δϐραάμ
1372 416 1635 471 καίίσαάκ
1675 417 1763 470 καὶ

1886 411 2165 477 lefunctos,
2194 411 2345 464 vivos
2369 410 2627 464 nominat.
2663 408 2798 464 Dicit
2823 409 2962 464 enim
2991 410 3056 464 dc
3075 410 3339 465 Abraham
3370 424 3426 468 et

195 516 396 578 Ἰακώϐ,
437 512 510 568 ὅτι
559 512 584 566 ό
624 513 741 571 Θεὸς
781 514 865 565 οὐκ
920 509 1038 566 ἔστι
1078 517 1282 584 νεκρῶν,
1323 509 1446 563 ἀλλά
1473 512 1686 572 ζώντων.
1713 509 1769 560 El

198 612 365 662 τοίνυν
389 606 519 657 κατὰ
558 606 675 662 τοὺς
705 603 898 655 ἐκείνων
922 602 1091 672 λόγους
1120 606 1178 654 οὺ
1209 606 1315 673 χρή
1341 603 1459 659 τούς
1485 600 1768 676 αἱρετικούς

198 696 532 750 τελευτῶντας
584 693 1066 761 ἀναθεματίζεσθαι,
1127 689 1238 743 οὐδέ
1294 693 1473 752 ζῶντες
1526 689 1765 762 αἱρετικοί

199 786 743 850 ἀναίεματισίήσονται
771 823 784 840 ,
843 780 929 840 οὖς
966 783 1166 850 νεκροῖλς
1211 779 1232 830 ό
1283 780 1453 852 κύριος
1504 777 1762 837 ἀποκαλεῖ,

201 873 275 928 διά
293 877 346 929 τὸ
367 875 879 947 ἀποκεχωρισμένους
897 868 1033 924 εἶναι.
1050 873 1205 925 αὐτοῦ
1221 870 1466 931 εἰπόντος,
1491 887 1508 916 ι
1528 865 1647 938 Ἐγώ
1667 869 1767 936 εἰμι

193 977 218 1022 9;
256 968 377 1028 ζωήο
402 985 418 1013 ι
447 967 522 1016 καί
554 964 663 1017 κατ’
689 967 870 1020 αὐτοὺς
899 963 1065 1015 λοιπὸν
1088 959 1201 1015 οὔτε
1229 965 1427 1024 ζῶντες,
1460 956 1573 1012 οἵτε
1602 959 1765 1011 τελευ-

195 1065 378 1116 τῶντες
426 1058 665 1129 αἱρετικοί
713 1056 1270 1123 ἀναθεματισθήσονται’
1326 1057 1405 1104 καὶ
1453 1052 1619 1120 μάτην
1661 1049 1767 1104 κατ’

197 1148 404 1207 ἐκείνους
449 1151 478 1203 ἡ
507 1146 811 1201 ἀποστολικη
856 1143 1156 1198 διδασκαλία
1201 1140 1552 1216 παραδέδωκεν
1595 1141 1766 1193 ἀναθε-

195 1240 492 1306 ματίζεσάι
519 1239 635 1295 τοὺς
679 1234 1044 1308 παραδιδοντας
1075 1234 1192 1307 παρ’
1224 1229 1248 1285 ὃ
1275 1233 1640 1304 παρελάϐομεν
1671 1232 1769 1303 μά-

195 1349 285 1383 την
314 1327 367 1380 αἱ
408 1327 542 1398 ἅγιαι
573 1325 772 1378 σύνοδοι
796 1333 915 1383 τους
953 1325 1234 1399 αἱρετικούς
1264 1325 1576 1394 κατέκριναν·
1607 1324 1767 1390 μάτην

196 1422 277 1471 καί
307 1418 349 1469 οἱ
375 1417 504 1472 ὄλλοι
535 1416 668 1487 ἅγιοι
694 1418 908 1488 πατέρες
933 1419 1016 1467 καὶ
1057 1413 1348 1467 διδάσκαλοι
1385 1422 1472 1470 τῆς·
1510 1413 1768 1470 ἐκκλησίας

195 1510 317 1566 τούς
343 1509 628 1580 αἰρετικούς
659 1507 1036 1574 ἀνεθεμάτισαν.
1087 1504 1397 1572 Μέμψω-,ται
1439 1500 1489 1555 δέ
1525 1504 1605 1554 καί
1625 1509 1770 1570 ⁸1ερε·

197 1599 286 1669 μέκ
309 1605 382 1668 τῷ
399 1602 623 1669 προφήτῃ
647 1597 854 1665 λέγοντι,
879 1613 896 1644 ε
922 1593 1312 1666 Ἐπικατάρατος
1335 1592 1359 1646 ό
1382 1599 1532 1644 ποιῶν
1552 1595 1614 1645 τά
1640 1589 1769 1664 ἔργα

195 1694 284 1741 τοῦ
297 1692 472 1762 κυρίου
493 1690 706 1758 ἀμελῶς⁶
730 1709 748 1738 ι
769 1687 1011 1742 καὶΔαυίδ
1030 1696 1100 1758 τῷ
1122 1691 1348 1760 προφήτῃ
1369 1688 1572 1740 εἰπόντι.
1596 1701 1614 1733 ε
1629 1681 1769 1738 Ἐπι-

1869 502 2013 557 Isaac
2041 511 2092 556 et
2119 501 2302 566 Jacob,
2326 501 2468 568 quod
2495 501 2633 555 Deus
2660 517 2765 555 non
2794 512 2875 556 est
2899 501 3039 556 Dens
3067 511 3423 568 mortuorum,

1866 593 1960 646 sed
1989 592 2274 646 viventium
2294 591 2502 661 (Matth.
2520 593 2671 645 nul.
2704 589 2757 645 Si
2785 607 2911 660 ergo
2939 594 3225 647 secundmn
3257 597 3416 648 verba

1866 683 2076 736 illorum
2102 698 2209 736 non
2244 691 2458 750 oportet
2485 683 2763 736 hmreticos
2793 693 3030 737 mortuos
3071 687 3426 738 anathemati-
3468 663 3477 672 ’

1867 773 1994 836 zari,
2020 787 2118 826 nec
2145 771 2254 826 vivi
2272 773 2502 826 haeretici
2536 774 3139 838 anathematizalmntnr,
3168 793 3300 842 quos
3327 777 3426 826 Do-
3478 753 3484 827 ί

1867 864 2042 916 minus
2072 874 2311 918 mortuos
2340 873 2514 927 vocat,
2540 864 2662 930 quia
2692 867 2922 932 separati
2949 877 3071 918 sunt
3100 870 3164 920 ab
3197 870 3310 935 ipso
3341 873 3424 934 qui

1867 954 2002 1007 dixit
2028 973 2040 1005 :
2075 952 2184 1025 Ego
2215 971 2325 1008 sum
2366 956 2467 1007 vita
2498 954 2686 1026 (Joan.
2716 972 2768 1007 ει
2797 966 2843 1008 et
2873 956 3010 1026 xw),
3061 965 3112 1010 et
3141 960 3426 1012 secundum

1868 1058 1961 1097 eos
1985 1043 2092 1110 jam
2125 1059 2222 1096 nec
2242 1044 2370 1106 vivi,
2403 1058 2500 1096 nec
2527 1045 2717 1096 mortui
2750 1044 2979 1096 haeretici
3012 1045 3430 1097 anathematnzm

1869 1135 2091 1196 buntur;
2116 1141 2170 1186 et
2199 1133 2314 1186 sine
2335 1147 2513 1196 causa,
2537 1133 2824 1185 secundum
2857 1133 2996 1196 illos,
3024 1134 3315 1199 apostolica
3343 1133 3444 1185 do—

1869 1223 2036 1276 ctrina
2087 1221 2293 1292 (Galat.
2327 1223 2379 1290 ι)
2430 1221 2593 1274 tradit
2619 1222 3052 1273 anathematizari
3082 1235 3175 1272 eos
3204 1221 3293 1288 qui
3322 1229 3434 1273 tra-

1871 1313 2006 1367 dunt
2033 1321 2226 1380 prmter
2249 1313 2391 1381 quod
2422 1312 2727 1379 accepimus
2759 1329 2772 1362 :
2807 1313 2922 1364 sine
2947 1324 3104 1362 causa
3131 1319 3326 1363 sancta:
3355 1325 3436 1379 sy-

1871 1402 1994 1455 nodi
2042 1402 2318 1454 haareticos
2348 1399 2870 1463 condemnaverunt,
2903 1401 3018 1453 sine
3057 1414 3216 1452 causa
3263 1407 3318 1452 et
3345 1399 3436 1453 alii

1870 1492 2038 1546 sancti
2069 1490 2252 1544 Patres
2281 1500 2336 1543 et
2355 1491 2605 1544 doctores
2632 1488 2880 1542 Ecclesia:
2909 1489 3190 1542 hmreticos
3214 1489 3439 1544 anathe-

1873 1585 2272 1636 matizaverunt.
2307 1581 2585 1650 lnculpent
2614 1588 2793 1635 autem
2819 1590 2873 1634 et
2901 1579 3185 1633 Jeremiam
3217 1579 3439 1648 prophe-

1873 1681 1982 1726 tam
2008 1673 2271 1728 dicentem
2307 1671 2713 1725 :E:rsecrandus
2753 1673 2836 1741 qui
2864 1686 3018 1739 opera
3063 1668 3270 1722 Domini
3315 1670 3441 1739 facit

198 1779 476 1850 κατάρατοι
501 1780 544 1832 oi
575 1780 986 1838 ἐκκλίνοντεςάπό
1008 1787 1104 1832 τῶν
1128 1777 1334 1831 ἐντολῶν
1357 1790 1472 1829 σου·
1497 1794 1514 1825 ι
1543 1780 1626 1828 καί
1650 1797 1764 1829 ουν·

1886 1768 2188 1838 ιεριίςεηιει·
2209 1765 2339 1830 (Jer.
2374 1764 2557 1831 vam)
2583 1781 2597 1828 ;
2643 1771 2697 1816 ct
2724 1762 2887 1815 David
2915 1762 3228 1830 prophetam
3259 1761 3442 1813 dicen-

194 1868 366 1936 τόμως
390 1872 564 1932 εἰπεῖν,
591 1871 730 1939 πάσῃ
756 1878 816 1943 τῇ
849 1872 953 1942 θείᾳ
980 1877 1143 1944 γραφῇ
1172 1869 1430 1937 πολλαχοῦ
1466 1870 1558 1924 τάς
1600 1869 1772 1921 τοιαύ-

195 1979 292 2017 τας
317 1963 636 2033 κατακρίσεις
656 1961 914 2029 ἐτι-ἀγούσῃ
937 1967 1042 2016 τοῖς
1072 1958 1310 2011 ἀσεϐέσιν
1354 1959 1408 2006 Εἰ
1431 1955 1482 2008 δέ
1509 1957 1552 2008 οἱ
1581 1957 1774 2024 ἀμελῶς

197 2055 460 2107 ποιοῦντες
487 2051 549 2103 τὰ
593 2048 718 2124 ἔργα
746 2052 944 2124 κυρίου,
978 2052 1060 2101 καί
1099 2048 1468 2120 ἁμαρτάνοντες
1518 2049 1637 2118 περὶ
1684 2048 1776 2106 τάς

198 2140 363 2190 αὐτοῦ
412 2138 631 2202 ἐντολὰς,
675 2139 935 2196 τοιαύταις
984 2139 1340 2210 κατακρίσεσιν
1389 2135 1774 2198 ύποῗάλλονται,

197 2229 350 2297 πόσῳ
387 2229 571 2298 μᾶλλον
609 2228 864 2302 Θεόδωρος
901 2227 926 2281 ό
960 2228 1169 2291 ἀσεϐής,
1200 2225 1224 2280 ό
1250 2232 1458 2280 τοιαῦτα
1485 2227 1591 2282 κατ’
1622 2230 1776 2280 αὐτοῦ

198 2327 290 2374 τοῦ
335 2321 549 2391 μεγάλου
596 2327 721 2374 Θεοῦ
767 2324 850 2374 καί
899 2326 1126 2393 σωτῆρος
1181 2320 1316 2387 ἡμῶν
1360 2316 1521 2374 ἰησοῦ
1560 2325 1776 2393 Χριστοῦ

201 2413 598 2485 βλασφημήσας,
638 2410 940 2484 δικαιότερον
968 2409 1340 2484 κατακέκριται,
1372 2410 1454 2462 καί
1481 2409 1781 2477 ἀναθεματί-

202 2507 381 2572 (erat;

278 2686 367 2736 xui
394 2684 528 2758 ’ἕρκει
549 2685 637 2754 μὲν
657 2689 822 2737 ταῦτα
845 2681 971 2754 πρὸς
998 2685 1116 2736 ταῖς
1143 2678 1530 2751 παρατεθείσης
1548 2676 1778 2749 ἀνωτέρω

204 2795 283 2838 τε,
301 2777 382 2828 καί
403 2775 450 2825 έν
472 2774 651 2848 ἑτέροις
671 2775 807 2841 ἡμῶν
820 2771 976 2844 λόγοις
998 2767 1305 2831 ἀποδείξεσι,
1328 2769 1555 2836 περὶτοῦ
1579 2763 1684 2818 δεῖν
1699 2768 1783 2818 καί

205 2868 340 2936 μετά
368 2863 597 2920 τελευτήν
621 2865 740 2920 τοὺς
764 2861 1047 2935 αἱρετικούς
1071 2857 1468 2931 κατακρίνεσθαι,
1496 2854 1784 2923 καταισχύ-

205 2975 307 3009 νειν
354 2955 468 3012 τοὺς
505 2951 757 3024 Θεοδώρου
807 2949 1293 3020 μεταποιουμένους,
1341 2949 1421 2999 καί
1471 2941 1650 2999 παύειν
1696 2951 1787 3004 τῆς

205 3042 452 3100 τοιαύτης
486 3040 740 3098 ἀσεϐείας.
785 3041 874 3091 Διά
915 3035 967 3090 δέ
1005 3038 1065 3090 τὸ
1093 3035 1434 3105 ἐμφιλονείκως
1477 3047 1584 3090 τοῖς
1619 3032 1786 3092 αὐτοῖς

209 3133 476 3201 έπιμένειν.
507 3134 586 3183 καί
612 3130 669 3183 τό
693 3127 837 3182 πλέον
863 3129 1065 3202 ἐροῦμεν
1082 3166 1097 3190 ,
1129 3121 1206 3179 ὅτι
1233 3126 1361 3182 τινες
1379 3129 1478 3176 τῶν
1505 3121 1786 3190 συναχθέν-

209 3245 314 3278 των
343 3223 390 3275 έν
415 3230 474 3296 τῇ
503 3223 625 3276 κατά
653 3223 857 3276 Νίκαιαν
891 3220 1010 3292 ἁγίᾳ
1053 3215 1266 3285 συνόδῳ,
1297 3218 1380 3269 καί
1393 3215 1784 3290 ὦπογράψαντες

186 3341 191 3345 ·
210 3323 286 3384 τῷ
309 3316 555 3368 εκτεθέντι
574 3310 694 3389 παρ’
717 3315 876 3371 αὐτῆς
903 3309 1024 3385 ὅρῳ,
1046 3309 1155 3366 ἤτοι
1178 3307 1412 3380 συμϐόλῳ
1433 3309 1522 3364 τῆς
1543 3307 1781 3370 πίστεως,

211 3402 390 3460 ἐπειδὴ
417 3404 547 3473 μετά
574 3409 740 3455 ταῦτα
763 3404 964 3456 ἐναντία
991 3403 1325 3473 φρονήσαντες
1348 3397 1612 3464 ἐφάνησαν,
1635 3395 1680 3446 οἱ
1698 3397 1787 3463 μὲν

213 3495 419 3553 ζῶντες,
453 3491 497 3541 οί
524 3489 574 3542 δὲ
615 3490 741 3558 μετά
766 3486 975 3540 Θάνατον
1015 3486 1469 3553 ἀν-θεματίσθησαν
1505 3484 1652 3556 παρά
1689 3494 1788 3535 Δα-

213 3583 384 3649 μάσου
429 3586 514 3632 τοῦ
561 3587 651 3636 τῆς
681 3577 824 3636 ὁσίας
869 3579 1063 3644 μνήμης
1108 3577 1257 3628 πὰπα
1301 3580 1390 3631 τῆς
1435 3571 1789 3644 πρεσϐυτέρας

213 3661 432 3740 Ῥώμης,
462 3672 544 3722 καί
573 3677 662 3727 τῆς
687 3670 738 3720 ἓν
764 3665 974 3740 Σαρδικῇ
1000 3663 1236 3728 συνόδου,
1267 3664 1395 3718 καθά
1433 3671 1684 3738 μαρτυρεῖ
1707 3666 1789 3717 καί

215 3757 243 3812 ὁ
295 3761 344 3811 έν
387 3759 543 3830 ἀγίοις
583 3759 888 3814 Ἀθανάσιος.
920 3754 1058 3810 ’Δλλά
1098 3757 1184 3808 καὶ
1226 3755 1257 3812 ἡ
1295 3755 1342 3805 ἐν
1379 3752 1645 3810 Χαλκηδόνι
1673 3751 1792 3823 ἀγία

216 3846 436 3906 σύνοδος
501 3847 678 3918 Δόμν.ν
720 3847 804 3900 τόν
849 3845 1154 3914 Ἀντιοχείας
1218 3845 1476 3913 γενόμενον
1528 3844 1792 3897 ἐπίσκοπον

217 3941 354 4009 μετὰ
395 3940 600 3991 Θάνατον
640 3935 972 4001 κατεδίκασε,
1019 3935 1342 4002 τολμήσαντα
1383 3933 1527 4002 μόνον
1565 3930 1789 4005 γράψαι,

217 4030 326 4085 δεῖν
361 4031 818 4104 παρασιωπηθῆναι
853 4029 918 4082 τά
953 4026 1146 4081 δώδεκα
1184 4026 1417 4095 κεφάλαια
1445 4029 1535 4078 τοῦ
1563 4023 1611 4077 έν
1637 4022 1795 4096 ἀγίοις

219 4118 483 4191 κυρίλλου.
687 4115 690 4120 ’

296 4206 493 4266 Ἐπειδὴ
518 4206 571 4261 δὲ
595 4208 638 4259 oi
663 4208 924 4279 Θεοδώρου
943 4206 1341 4275 ἀντιποιούμενοι
1363 4201 1604 4274 αἶρετικοί
1628 4199 1796 4257 πάσης

220 4301 525 4376 προτάσεως
555 4302 637 4350 καί
677 4297 1018 4368 ἐγχειρήσεως
1047 4289 1420 4348 ἕκπεπτωκότες
1458 4289 1797 4360 έπεχείρκσαν

218 4388 382 4459 λέγειν
419 4387 546 4460 πρὸς
589 4387 784 4443 ἀπάτην
822 4393 923 4440 τῶν
950 4385 1290 4454 ἀγνοούντων,
1343 4383 1410 4439 ὡς
1454 4379 1480 4433 ὁ
1523 4387 1612 4438 τῆς
1657 4378 1798 4437 ὁσίας

221 4481 426 4550 μνήμης
453 4477 682 4550 κύριλλος
704 4472 760 4528 ἕν
778 4496 871 4529 τινι
894 4474 1032 4548 μέρει
1053 4472 1316 4528 ἐπιστολῆς
1340 4473 1520 4524 τοῦτον
1547 4468 1798 4537 ἐπῄνεσέν·

223 4568 284 4619 ἐκ
325 4564 514 4619 πολλῶν
538 4561 919 4622 ἀποδείκνυται,
951 4559 1026 4614 ὄτι
1051 4561 1107 4612 ού
1135 4557 1401 4626 συμϐαίνει
1433 4555 1492 4609 τὸ
1528 4555 1690 4608 αὐτῶν
1719 4554 1802 4622 έγ-

227 4657 460 4728 χείρημα
490 4660 600 4712 τοῖς
639 4652 906 4726 εἰρημένοις
930 4650 1072 4720 παρά
1096 4653 1188 4700 τοῦ
1217 4648 1265 4698 ἐν
1293 4645 1448 4715 άγίοις
1484 4641 1722 4716 ιυρίλλου
1752 4641 1803 4693 έν

229 4743 486 4815 διαφόροις
506 4743 657 4795 αὐτοῦ
679 4742 840 4812 λόγοις
869 4741 990 4792 κατὰ
1016 4744 1104 4793 τοῦ
1135 4735 1418 4792 δυσσεϐοῦς
1449 4731 1723 4808 Θεοδώρου,
1754 4730 1804 4781 ἐν

231 4827 308 4889 οἷς
335 4832 666 4906 ἀσεϐ;στερον
691 4831 833 4882 αὐτόν
859 4833 1059 4882 πάντων
1083 4833 1181 4880 τῶν
1211 4823 1364 4877 ὅλλων
1393 4822 1648 4894 αἱρετικῶν
1672 4820 1804 4872 ἀπο·-

228 4919 399 4982 δείξας
425 4915 576 4980 εἶναι,
623 4919 708 4969 οὐκ
733 4919 940 4988 ἐνεγκὼν
980 4915 1038 4968 τὸ
1083 4912 1265 4970 πλῆθός
1291 4930 1344 4964 τε
1370 4950 1381 4966 .
1411 4912 1490 4961 καί
1518 4909 1573 4960 τὸ
1600 4905 1802 4976 μέγεθος

226 5019 333 5067 τῶν
365 5014 514 5065 αὐτοῦ
550 5011 871 5081 βλασφημιῶν
897 5016 994 5061 τῶν
1021 5008 1283 5080 εἰρημένων
1321 5003 1444 5084 κατά
1469 5006 1555 5054 τοῦ
1583 4999 1800 5070 μεγάλου

228 5109 364 5159 Θεοῦ
391 5107 471 5156 καὶ
497 5110 722 5173 σωτῆρος
756 5104 894 5170 ἡμῶν
922 5098 1089 5156 Ἰησοῦ
1111 5101 1329 5169 Χριστοῦ
1359 5093 1693 5165 ἀπεφθέγξατο
1720 5089 1805 5142 οὕ-

227 5214 334 5253 τως
356 5195 529 5248 εἰπών·
560 5211 578 5241 ε
597 5193 800 5254 Ἐξέστη
826 5189 1072 5262 όούρανός
1093 5189 1171 5240 ἐπί
1195 5186 1380 5253 τούτῳ,
1400 5185 1481 5233 καί
1510 5179 1701 5252 ἔφριξεν
1723 5178 1804 5231 ἐπί

227 5284 386 5338 πλείω
408 5281 622 5358 σφόδρα,
661 5281 788 5351 λέγει
822 5276 1016 5354 κύριος.
1047 5275 1110 5328 Ὠ
1133 5282 1220 5332 τῆς
1244 5271 1527 5346 ἀπορρήτου
1557 5267 1798 5322 σκαιότη-

229 5393 341 5435 τος.
374 5371 414 5426 ὢ
437 5373 674 5444 γλώσσης
700 5369 945 5426 λαλούσης
972 5364 1162 5419 ἀδικίαν
1191 5362 1318 5415 κατά
1341 5365 1432 5414 τοῦ
1463 5363 1609 5418 Θεοῦ,
1641 5358 1725 5408 καί
1743 5356 1801 5409 τό

230 5462 386 5534 κέρας
396 5461 694 5534 αἰρούσιπςὸ
711 5459 812 5510 Καὶ
828 5455 997 5510 πάλιν·
1012 5473 1028 5501 ι
1049 5450 1258 5510 Ἐπίθες,
1275 5445 1524 5522 ἄνθρωπε,
1539 5451 1598 5517 τῇ
1613 5447 1802 5496 σαυτοῦ

229 5531 432 5625 γλώττῃ
450 5531 612 5625 -θύραν
653 5551 734 5601 καὶ
783 5545 990 5616 μοχλόν.
1038 5547 1237 5594 Παῦσαι
1277 5539 1334 5593 τό
1374 5537 1519 5610 κέρας
1562 5536 1630 5594 εἷς
1677 5531 1805 5600 τῖφος

233 5644 472 5719 ἐπαίρων,
499 5645 584 5695 καί
609 5639 761 5692 λαλῶν
787 5635 976 5691 ἀδικίαν
1011 5633 1139 5687 κατά
1167 5635 1255 5684 τοῦ
1287 5634 1433 5682 Θεοῦ.
1475 5625 1652 5696 Μέχρι
1678 5624 1807 5679 τίνος

236 5715 488 5803 ἐπιπηδᾷς
517 5732 882 5794 ἀνεξικακοῦντι
899 5729 1130 5798 Χριστῷ;
1159 5723 1225 5779 εἰς
1244 5725 1356 5772 νοῦν
1382 5715 1474 5785 ἔχε
1501 5719 1557 5770 τὸ
1579 5731 1806 5784 γεγραμ-

1876 1866 1981 1911 tem
2016 1876 2028 1910 :
2060 1856 2382 1910 Exsecrandi
2411 1857 2495 1926 qui
2524 1854 2782 1908 declinant
2802 1869 2834 1904 a
2861 1852 3118 1904 mandatis
3140 1853 3240 1904 tuis
3268 1849 3437 1919 (Ρειιι.

1874 1948 2056 2016 cxvm)
2079 1966 2095 2013 ;
2121 1957 2176 2003 et
2197 1956 2251 2000 ut
2279 1947 2658 2014 compendiose
2685 1927 2943 2007 dicamus,
2968 1956 3180 1995 omnem
3207 1940 3442 1993 divinam

1875 2039 2204 2106 Scripturam
2254 2039 2305 2089 in
2345 2036 2568 2088 diversis
2612 2034 2744 2087 locis
2793 2033 2923 2085 tales
2967 2030 3443 2085 condemnationes

1878 2131 2052 2198 impiis
2099 2129 2436 2182 inferentem.
2493 2125 2586 2179 Sin
2635 2133 2814 2178 autem
2859 2123 2932 2176 illi
2976 2121 3068 2189 qui
3113 2120 3444 2188 negligenter

1878 2237 2039 2290 Opera
2073 2220 2163 2273 Dci
2195 2219 2412 2280 faciunt,
2445 2224 2500 2269 et
2528 2221 2754 2284 peccant
2783 2214 2834 2266 in
2864 2210 3128 2265 mandatis
3156 2209 3300 2278 ejus,
3323 2210 3446 2263 tali-

1877 2311 1976 2365 bus
2023 2306 2556 2362 condemnationibus
2603 2303 2954 2371 subjiciuntur
2986 2319 2999 2354 :
3031 2307 3231 2370 quanto
3275 2300 3445 2368 magis

1879 2401 2072 2469 impius
2090 2398 2425 2462 Theodorus,
2452 2396 2539 2464 qui
2565 2394 2688 2447 talia
2711 2393 2964 2447 adversus
2993 2392 3164 2460 ipsum
3192 2405 3445 2460 magnum

1879 2491 2045 2542 Deum
2087 2497 2140 2541 et
2181 2487 2511 2540 Salvatorem
2541 2491 2781 2537 nostrum
2809 2480 2990 2558 Jesqm
3027 2480 3296 2535 Christum
3324 2480 3446 2533 hia-

1879 2579 2194 2648 sphemavit,
2209 2577 2350 2644 juste
2371 2573 2761 2628 condemnatus
2772 2579 2854 2626 est
2865 2579 2918 2625 et
2933 2570 3447 2624 anathematizatus?

1951 2668 2016 2720 Et
2047 2668 2160 2720 lucc
2189 2665 2399 2734 quidem
2428 2663 2778 2726 sufﬁciebant,
2821 2675 2981 2729 super
3010 2655 3296 2730 [superius]
3333 2670 3448 2710 me-

1882 2765 2120 2811 moratas
2149 2764 2203 2810 et
2232 2756 2348 2809 aliis
2388 2753 2584 2808 nostris
2625 2752 2774 2806 libris
2812 2752 3040 2804 insertas
3080 2749 3448 2818 probationes,

1883 2860 2014 2914 quas
2036 2843 2352 2914 protulimus
2375 2880 2390 2903 ,
2440 2839 2812 2902 ostendentes,
2859 2839 3002 2907 quod
3029 2844 3243 2907 oportet
3286 2837 3449 2890 etiam

1884 2945 2005 3008 post
2031 2945 2259 2988 mortem
2290 2933 2568 2988 hmreticos
2595 2929 2970 2992 condemnari,
3001 2926 3327 2982 confundere
3355 2941 3451 2980 eos

1886 3027 1976 3096 qui
2007 3025 2345 3079 Theodorum
2385 3020 2692 3083 defendunt,
2724 3026 2778 3072 et
2815 3030 3155 3085 compescere
3183 3029 3212 3068 a
3235 3015 3328 3066 tali
3349 3014 3452 3067 im-

1815 3115 1858 3176 C
1888 3117 2106 3186 pietate.
2150 3113 2411 3178 Quoniam
2450 3117 2627 3163 autem
2655 3107 2984 3162 contentiose
3029 3105 3081 3158 in
3110 3103 3296 3158 iisdem
3325 3117 3450 3171 per-

1887 3213 2122 3269 manent,
2139 3204 2300 3281 etiam
2319 3199 2459 3269 quod
2484 3207 2566 3254 est
2588 3197 2812 3267 amplius
2847 3193 3212 3263 dicimus,quia
3235 3191 3476 3262 quidam.

1888 3311 1955 3350 ex
1993 3295 2123 3364 ipsis
2162 3293 2254 3361 qui
2292 3293 2345 3344 in
2373 3289 2582 3343 Nicama
2620 3295 2802 3341 sancta
2830 3285 3035 3356 synodo
3063 3289 3450 3347 convenerunt,

1889 3392 1945 3438 et
1969 3383 2222 3452 expositae
2244 3381 2310 3435 ab
2352 3393 2414 3433 ea
2457 3377 2578 3432 ﬁdei
2605 3375 2902 3430 deﬁnitioni
2947 3373 3032 3428 vel
3059 3373 3299 3444 symbolo
3325 3374 3454 3428 sub~

1891 3477 2234 3545 scripserunt,
2253 3471 2503 3540 quoniam
2515 3476 2699 3538 postea
2717 3465 2984 3520 contraria
3007 3465 3277 3533 sapientes
3289 3477 3456 3532 appa-

1891 3572 2129 3629 ruerunt,
2157 3563 2243 3616 alii
2257 3561 2471 3630 quidem
2491 3558 2615 3621 vivi,
2631 3556 2719 3609 alii
2742 3563 2919 3609 autem
2935 3561 3056 3624 post
3075 3560 3302 3606 mortem
3325 3565 3456 3604 ana-

1894 3653 2175 3712 thematiza
2183 3653 2221 3704 ti
2243 3659 2366 3705 sunt
2377 3665 2407 3703 a
2430 3649 2656 3700 Damaso
2669 3653 2864 3698 sancte
2884 3641 3155 3696 memoriae
3167 3653 3303 3708 papa
3315 3645 3456 3692 anlt-

1893 3745 2095 3815 qnioris
2105 3742 2368 3804 Romae,et
2378 3739 2444 3792 ab
2457 3733 2745 3791 universali
2759 3729 3057 3786 Sardicensi
3068 3727 3462 3815 synodo,pro'ttt

1895 3814 2118 3887 testatur
2143 3837 2358 3884 sanctus
2385 3824 2729 3880 Athanasius.
2771 3819 2876 3875 Sed
2912 3825 2969 3872 et
3008 3814 3461 3870 Chalcedonensis

1894 3930 2081 3979 sancta
2098 3919 2329 3991 synodus
2341 3917 2600 3970 Domuum
2619 3909 2914 3965 Antiochiae
2936 3906 3132 3960 factum
3148 3904 3461 3980 episcopum

1895 4021 2019 4085 post
2041 4019 2267 4066 mortem
2281 4003 2670 4066 condemnavit,
2689 3998 2830 4068 quod
2843 3997 3017 4052 solum
3043 4009 3204 4048 ausus
3224 4001 3306 4047 est
3327 3991 3462 4046 scri-

1897 4077 2043 4166 bere,
2063 4105 2312 4168 oportere
2329 4093 2491 4147 taceri
2511 4088 2791 4145 duodecim
2813 4083 3042 4153 capitula
3052 4081 3225 4137 sancti
3251 4077 3460 4168 Cyrilli.

1969 4165 2230 4254 Quoniam
2287 4189 2464 4237 autem
2519 4175 2788 4232 Theodori
2841 4171 3150 4252 defensores
3201 4165 3464 4234 haeretici,

1899 4279 2044 4334 omni
2067 4272 2433 4346 propositione
2459 4277 2515 4324 et
2544 4273 2743 4321 conatu
2770 4261 3078 4319 excidentes
3095 4299 3110 4325 ,
3135 4262 3466 4332 przesumunt

1901 4369 2077 4423 dicere
2107 4364 2173 4418 ad
2217 4360 2586 4429 deceptionem
2629 4351 2986 4421 ignorantium
3009 4388 3026 4414 ,
3076 4346 3222 4416 quod
3263 4351 3466 4400 sancte

1830 4467 1878 4525 Ι)
1903 4456 2174 4512 memoriae
2201 4451 2430 4522 Cyrillus
2451 4448 2505 4502 in
2535 4445 2712 4512 aliqua
2741 4449 2896 4510 parte
2923 4437 3163 4508 epistolas
3186 4434 3334 4490 illum
3359 4431 3470 4525 col-

1901 4547 2172 4611 laudavit;
2221 4559 2290 4598 ex
2317 4538 2498 4595 multis
2525 4534 2854 4598 ostenditur,
2897 4529 3042 4598 quod
3069 4543 3180 4583 non
3217 4523 3470 4581 convenit

1904 4651 2088 4693 eorum
2118 4647 2381 4689 conamen
2425 4628 2578 4682 dictis
2618 4639 2650 4679 a
2677 4623 2735 4678 S.
2767 4620 2964 4692 Cyrillo
3002 4619 3058 4673 in
3100 4615 3326 4673 diversis
3353 4612 3472 4682 ejus

1903 4725 2051 4781 libris
2097 4730 2284 4777 contra
2331 4718 2551 4788 impium
2593 4711 2952 4776 Theodorum,
2998 4708 3053 4762 in
3079 4706 3273 4776 quibus
3298 4701 3472 4771 magis

1905 4814 2122 4884 impium
2146 4812 2392 4866 omnibus
2407 4807 2524 4860 aliis
2538 4802 2803 4858 haereticis
2821 4814 2943 4854 eum
2957 4797 3266 4860 ostendens,
3277 4789 3472 4848 deinde

1909 4881 2015 4957 non
2037 4895 2578 4965 sustinens‘plurimas
2607 4898 2663 4944 et
2690 4888 2948 4942 maximas
2977 4885 3092 4954 ejus
3112 4881 3472 4950 blasphemus

1856 5017 1860 5020 -
1909 4999 2096 5046 contra
2125 4999 2372 5054 magnum
2387 4983 2553 5035 Deum
2581 4985 2638 5033 et
2664 4977 2996 5031 Salvatorem
3025 4977 3267 5026 nostrum
3287 4967 3474 5028 Jesum

1909 5078 2175 5138 Christum
2197 5074 2384 5134 dictas,
2407 5067 2745 5129 exclamavit,
2761 5064 2833 5116 ita
2854 5062 3062 5116 dicens:
3086 5077 3103 5109 ι
3126 5055 3474 5126 Expavitcce-

1909 5170 2017 5223 lum
2045 5179 2204 5234 super
2231 5163 2356 5225 hoc,
2382 5166 2436 5212 et
2458 5156 2666 5211 horruit
2694 5152 2919 5223 amplius
2948 5151 3315 5212 vehementer,
3343 5143 3474 5198 dicit

1912 5256 2186 5311 Dominus.
2237 5249 2280 5304 Ο
2308 5245 2694 5303 intolerabilem
2723 5240 3136 5307 malignitatem,
3183 5250 3214 5288 ο
3241 5235 3472 5300 linguam

1905 5348 2212 5415 loquentem
2242 5339 2573 5406 iniquitatem
2596 5340 2780 5387 contra
2812 5330 2976 5383 Deum
3001 5365 3017 5392 ,
3059 5333 3112 5378 et
3151 5324 3204 5376 in
3234 5320 3472 5374 altitudi-

1906 5411 2027 5490 nem
2043 5447 2210 5488 cornu
2223 5428 2563 5484 extollentem
2580 5423 2593 5474 l
2619 5441 2636 5473 ι
2657 5420 2945 5491 (Etiterum
2967 5433 2979 5468 :
3001 5435 3020 5467 ι
3037 5413 3273 5482 Impone,
3289 5411 3476 5472 homo,

1909 5534 2012 5578 tua:
2041 5523 2230 5588 lingua:
2265 5517 2456 5572 ostium
2479 5521 2535 5567 et
2560 5524 2752 5573 seram,
2784 5519 2933 5560 cessa
2959 5517 3125 5558 cornu
3154 5500 3207 5553 in
3236 5493 3472 5550 altitudi-

1911 5627 2033 5668 nem
2050 5587 2329 5670 extollens,
2351 5613 2406 5659 et
2423 5605 2646 5670 loquens
2664 5595 2995 5664 iniquitatem
3012 5592 3266 5646 adversus
3279 5587 3481 5642 Deum.

1911 5704 2198 5771 Quousque
2220 5695 2444 5752 insultas
2469 5689 2691 5762 patienti
2717 5685 2976 5742 Christo?
3022 5683 3079 5738 in
3117 5687 3294 5736 mente
3333 5677 3474 5734 habe
