3958 6288
161 246 299 310 1033

1230 247 1464 311 LIBER
1502 248 1901 313 ADVERSUS
1931 202 2356 311 ORIGENEM.

3251 245 3389 312 103$

167 369 244 420 καί
268 374 355 424 τήν
381 367 538 420 αὑτοῦ
565 366 848 441 κακοδοξίαν
877 371 960 425 ίπί
989 373 1226 427 πλεῖστον
1267 374 1454 444 χρόνον
1481 370 1724 428 ίκδικοῦν-

1832 372 2326 429 condemnationem
2373 375 2541 431 sancti
2587 374 2766 447 Cyrilli
2791 416 2807 440 ,
2859 386 2915 431 et
2952 376 3383 447 reprobatiouern

176 477 270 517 τες.
300 462 386 510 Καὶ
413 465 560 511 τοῦτο
582 457 836 550 δείκνυται
857 460 908 513 ix
934 460 1179 535 διαφόρων
1202 464 1362 515 αὐτῶν
1387 461 1544 531 λόγων
1567 482 1620 516 τε
1642 463 1723 516 καί

168 548 440 601 ἐπιστολῶν
472 550 595 621 πρὸς
617 548 885 604 διοδόσιον
912 553 996 605 τόν
1021 560 1111 610 τῆς
1138 552 1373 611 εὐσεϐοῦς
1399 551 1581 616 λήξεως
1599 591 1613 615 ,
1644 554 1726 605 καί

168 639 366 709 ίτέρους
390 638 657 713 διαφόρους
681 649 983 712 γραφεισῶν.

1827 473 1989 517 recta:
2035 462 2153 518 (idet
2195 463 2435 518 fecerunt
2470 463 2703 519 Joannes
2725 474 2782 519 et
2806 466 2896 534 qui
2924 480 3045 521 cum
3084 466 3176 520 illo
3204 481 3379 531 erant,

1833 566 1931 607 nec
1958 566 2066 605 non
2094 553 2255 606 etiam
2293 567 2413 622 qua:
2454 553 2800 621 scripserunt.
2848 552 3147 609 Nestorium
3175 564 3230 608 et
3268 555 3384 622 ejus

1834 638 2109 708 perﬁdiam
2137 639 2336 696 diutius
2362 639 2725 696 defendentes.
2772 640 2840 694 Et
2865 642 2968 696 hoc
2993 643 3290 698 ostenditur
3314 661 3382 698 ex

1831 732 2057 787 divorsis
2077 746 2260 787 eorum
2291 732 2437 786 libris
2481 740 2537 784 ct
2574 733 2843 800 epistolis,
2880 747 3014 801 quas
3040 733 3107 787 ad
3134 732 3381 788 Theodo-

166 818 297 872 sium
321 817 424 885 pia:
451 817 838 875 recordationis
860 859 875 884 ,
927 826 983 874 et
1029 819 1095 874 ad
1143 820 1279 875 alios
1318 821 1557 877 diversos
1591 823 1936 892 scripserunt.

234 912 320 961 Καὶ
347 916 516 963 ταῦτα
542 912 630 979 μίν
658 909 837 970 οὕτως·
866 912 948 965 ἵνα
976 910 1030 966 δὲ
1058 910 1207 984 μηδίν
1232 920 1323 972 τῆς
1344 914 1599 988 ἀκριϐείας
1626 936 1726 968 πα·

164 998 476 1072 ραλείψωμεν
496 1038 511 1059 .
561 1002 827 1073 ἀναγκαῖον
870 1003 1174 1071 ίνομίσαμεν
1207 1005 1480 1073 μνησθῆναι
1514 1006 1597 1057 καί
1629 1012 1727 1058 τῶν

164 1090 443 1171 γραφέντων
464 1093 608 1162 παρὰ
635 1091 965 1162 Δύγουστίνου
993 1098 1085 1147 τοῦ
1112 1101 1202 1152 τῆς
1225 1092 1369 1153 ὁσίας
1389 1099 1585 1163 μνήμης
1613 1096 1724 1148 ἐπι-

162 1182 355 1237 σκόπου
394 1183 444 1235 έν
469 1191 666 1258 ’Δφρικῇ
693 1185 971 1255 γενομένου.
1012 1189 1273 1246 Ζητήσεως
1310 1185 1409 1263 γάρ
1446 1208 1575 1247 τινος
1608 1193 1725 1263 περὶ

166 1273 469 1327 καικιλιανοῦ
497 1275 624 1342 μετά
650 1275 857 1329 θάνατον
883 1277 1038 1329 αὐτοῦ
1082 1278 1383 1341 κινηθείσης,
1432 1282 1500 1338 ὠς
1531 1288 1619 1339 τῆς
1648 1280 1724 1331 ἔκσ-

166 1360 514 1421 κλησιαστικῆς
540 1364 951 1438 παρατραπίντος
976 1363 1323 1440 παραδόσεως,
1350 1366 1434 1420 καί
1452 1388 1594 1420 τινων
1618 1369 1727 1421 τού-

170 1470 255 1503 εου
286 1447 443 1523 χάριν
483 1453 815 1524 χωρεσάντων
849 1452 1058 1513 ἑαυτοὺς
1096 1454 1199 1507 ἀπὸ
1238 1462 1327 1514 τῆς
1356 1454 1609 1517 καθολικῆς
1648 1456 1729 1508 ἐκ·

164 1541 399 1601 κλησίας.
441 1540 617 1617 γράφει
677 1544 802 1617 πρὸς
844 1549 1125 1614 Βονιφάτιον
1176 1543 1203 1598 ὁ
1250 1546 1398 1605 αὐτός
1444 1553 1535 1606 τῆς
1580 1545 1726 1606 ὁσίας

166 1631 363 1698 μνήμης
386 1632 746 1700 Δὺγουστῖνος,
776 1631 843 1689 ὡς
869 1632 958 1682 οὐκ
984 1628 1090 1684 ἔδει
1116 1633 1253 1690 τινάς
1280 1630 1365 1686 διὰ
1392 1638 1542 1686 τοῦτο
1565 1635 1729 1708 χωρί-

1900 909 1964 964 Ει
1988 911 2101 966 haec
2122 910 2331 979 quidem
2360 910 2438 964 sic
2462 924 2523 964 se
2549 908 2765 964 habent.
2800 907 2867 964 Ut
2891 908 3069 966 autem
3101 912 3229 985 nihil
3253 914 3383 967 sub-

1830 1001 2037 1055 tilitatis
2049 1000 2530 1070 pmtermittamus,
2563 1000 2916 1055 necessarium
2944 1002 3245 1070 putavimus
3272 1018 3381 1058 me-

1829 1105 2041 1145 morare
2079 1090 2240 1144 etiam
2259 1087 2343 1141 illa
2358 1101 2477 1156 qua“:
2492 1087 2560 1142 ab
2575 1087 2873 1156 Augustino
2890 1098 3086 1145 sanctae
3112 1093 3382 1147 memoriae

1830 1178 2076 1233 Africano
2099 1179 2353 1247 episcopo
2397 1179 2594 1246 scripta
2620 1188 2763 1235 sunt.
2794 1179 3095 1245 Qumstione
3121 1182 3261 1234 enim
3280 1182 3377 1237 ali-

1827 1281 1931 1334 qua
1955 1272 2076 1336 post
2103 1274 2327 1320 mortem
2373 1265 2637 1321 Cmciliani
2664 1266 2730 1321 de
2757 1281 2824 1320 eo
2847 1275 3009 1331 mota,
3037 1268 3178 1337 quod
3198 1268 3266 1323 ab
3292 1284 3386 1324 ec-

1827 1357 2121 1413 clesiastica
2151 1356 2435 1411 traditione
2457 1356 2747 1410 declinasse
2772 1356 3063 1421 dicebatur,
3090 1366 3143 1412 et
3170 1352 3387 1428 propter

1828 1448 1930 1501 hoc
1955 1445 2266 1514 quibusdam
2286 1460 2316 1500 a
2345 1445 2606 1502 catholica
2634 1442 2869 1500 Ecclesia
2895 1447 3173 1516 separatis,
3204 1449 3388 1502 scribit

1828 1539 1894 1592 ad
1924 1536 2249 1593 Bnnil'acium
2304 1536 2443 1591 idem
2489 1545 2704 1591 sanctus
2731 1536 3072 1604 Augustinus,
3101 1537 3247 1604 quod
3277 1552 3385 1592 non

1828 1629 2111 1698 oportebat
2151 1628 2357 1696 aliquos
2381 1627 2502 1682 ideo
2528 1642 2777 1698 separare
2799 1642 2918 1683 sese
2946 1643 2976 1681 a
3004 1628 3267 1684 catholica
3293 1626 3391 1682 Ee-

165 1737 257 1770 σαι
304 1718 517 1777 ἑαυτοὺς
559 1726 649 1777 τῆς
695 1720 953 1780 καθολικῆς
1000 1720 1280 1780 ἐκκλησίας.
1332 1723 1389 1774 Ei
1427 1723 1525 1796 γάρ
1576 1722 1725 1781 ἀληθῆ

1832 1719 2008 1773 clesia.
2035 1717 2092 1771 Si
2130 1718 2271 1772 enim
2300 1732 2424 1771 vera
2444 1726 2624 1773 essent
2648 1733 2710 1773 ea
2738 1732 2857 1787 qua:
2883 1716 3166 1774 Caeciliano
3194 1719 3388 1775 infere-

166 1805 376 1876 ὑπῆρχε
396 1806 461 1859 τὰ
488 1806 767 1877 ίπαγόμενα
790 1808 1099 1877 Καικιλιανῷ,
1130 1810 1212 1862 καί
1238 1810 1516 1883 ἐφανερώθη
1535 1812 1730 1866 ἐναντία

162 1899 423 1969 φρονήσας
449 1903 539 1955 τῆς
566 1897 824 1958 καθολικῆς
849 1892 1230 1960 καταστάσεως,
1269 1902 1353 1951 καί
1373 1901 1501 1970 μετά
1526 1901 1732 1954 θάνατον

166 1983 226 2038 (ἓν
267 1992 445 2040 τοῦτον
487 1987 751 2058 ἀναθέματι
799 1987 1071 2041 ὑπέϐαλον.
1125 1987 1265 2040 ’Δλλά
1310 1991 1395 2042 καί
1437 1992 1598 2042 κανών
1640 1997 1731 2048 τῆς

163 2076 317 2146 ἁγίας
345 2075 613 2149 ἐν’Λςπρικῇ
655 2074 867 2129 συνόδου
910 2073 1187 2148 διαγορεύει
1228 2079 1347 2136 τοὺς
1391 2076 1729 2142 ἐπισκόπους,

163 2171 288 2226 τοὺς
326 2174 416 2226 τήν
444 2172 623 2221 οἰκείαν
648 2167 679 2224 ἦ
720 2170 770 2219 ἓν
799 2166 1027 2239 διαθήκῃ,
1055 2166 1086 2225 ἦ
1121 2169 1172 2230 ίξ
1204 2165 1461 2221 ἀδιαθίτου
1496 2168 1731 2240 αἱρετικῷ

163 2258 609 2329 παραπίμποντας
656 2263 844 2329 χρῆναι
886 2259 971 2310 καί
1008 2259 1135 2325 μετά
1179 2255 1393 2311 θάνατον
1430 2257 1732 2327 ἀναθεματί-

163 2350 362 2413 ζεσθαι.
397 2350 525 2421 Πρός
551 2350 747 2408 τούτοις
775 2348 828 2403 di
871 2348 1069 2414 ἅπασι,
1116 2351 1194 2411 τίς
1235 2352 1404 2421 ἀγνοεί
1440 2349 1504 2402 τά
1544 2348 1593 2401 iv
1621 2356 1731 2407 τοῖς

164 2440 425 2512 ἡμετέροις
481 2438 677 2513 χρόνοις
732 2439 781 2491 ἐν
829 2444 893 2510 τῇ
943 2438 1176 2512 ἐκκλησίᾳ
1240 2445 1332 2499 τῆς
1378 2437 1732 2511 πρεσϐυτέρας

165 2526 359 2601 Ῥώμης
389 2529 628 2601 γενόμενα
666 2529 796 2583 κατά
842 2529 1137 2600 Διοσκόρου;
1176 2526 1230 2588 ὃς
1270 2525 1412 2583 οὒδὶν
1433 2529 1517 2582 ini
1556 2528 1731 2582 πίστιν

164 2622 497 2693 ἡμαρτηκὼς,
530 2617 613 2673 διά
644 2619 795 2691 μόνην
819 2619 1228 2677 ίκκλησιαστικήν
1261 2619 1575 2672 κατάστασιν
1601 2619 1730 2683 μετά

162 2709 379 2763 θάνατον
400 2710 524 2785 παρ’
551 2713 707 2769 αὐτῆς
741 2717 832 2769 τῆς
871 2713 998 2764 κατά
1022 2708 1208 2780 Ῥώμην
1242 2706 1527 2780 ἁγιωτάτης
1555 2709 1731 2765 ἐκκληι-

163 2801 286 2860 σίας
336 2802 715 2871 ἀνεθεματίσθη.
745 2803 801 2855 Εἰ
825 2804 984 2857 τοίνυν
1011 2802 1057 2855 οἱ
1085 2800 1237 2873 μηδὲν
1264 2806 1336 2861 είς
1371 2806 1543 2857 πίστιν
1577 2803 1731 2857 πταί-

163 2910 355 2950 σαντες·
397 2894 660 2947 ίπίσκοποι
699 2890 783 2946 διά
822 2896 1130 2947 κατάστασιν
1174 2893 1604 2957 ίκκλησιαστικήν,
1653 2896 1733 2946 καί

161 2978 248 3035 διὰ
279 2985 606 3053 χρηματικήν
629 2981 792 3035 αἰτίαν
818 2981 1083 3050 ἀναθέματι
1108 2982 1191 3034 καί
1218 2981 1345 3051 μετὰ
1370 2983 1577 3036 θάνατον
1599 2982 1700 3035 ὑπο
1715 3010 1729 3020 ·

1830 1810 2042 1872 bantur,
2073 1815 2129 1862 et
2168 1808 2537 1863 manifestatus
2562 1816 2703 1862 esset
2726 1811 3049 1863 contrarium
3077 1808 3274 1877 aliquid
3298 1825 3390 1865 ec-

1804 1901 2128 1955 clesiastico
2168 1900 2329 1955 statui
2377 1899 2634 1970 sapuisse,
2667 1900 2824 1954 etiam
2865 1910 2986 1968 post
3013 1909 3237 1955 mortem
3265 1917 3386 1956 eum

1831 1988 2152 2043 anathemati
2181 1987 2517 2055 subjicerem.
2549 1986 2651 2042 Sed
2682 1997 2735 2041 et
2768 1989 2948 2056 regula
2973 1996 3171 2044 sancta:
3198 1990 3386 2059 synodi

1831 2076 2089 2132 Africana:
2115 2072 2319 2142 statuit,
2348 2077 2627 2145 episcopos
2654 2077 2742 2144 qui
2765 2091 2887 2131 suas
2915 2077 3197 2132 facultates
3225 2079 3277 2132 in
3310 2087 3389 2132 te-

1831 2177 2116 2232 stamento,
2138 2167 2222 2221 vel
2243 2184 2306 2221 ex
2337 2167 2586 2222 intestato
2608 2167 2858 2222 heretico
2880 2169 3207 2237 relinquunt,
3229 2184 3389 2238 opm--

1833 2271 1945 2314 tere
1983 2268 2037 2313 et
2064 2270 2185 2328 post
2212 2266 2435 2311 mortem
2475 2258 2928 2313 anathematizari.
2960 2259 3133 2329 Super
3157 2260 3267 2314 hmo
3292 2274 3389 2314 au-

1832 2360 1937 2405 tem
1967 2354 2163 2412 omnia,
2191 2350 2309 2419 quis
2355 2350 2562 2416 ignorat
2602 2363 2664 2403 ea
2694 2364 2811 2420 qua:
2843 2351 3038 2405 nostris
3067 2349 3388 2419 temporibus

1831 2440 1884 2494 in
1909 2438 2139 2494 Ecclesia
2167 2439 2478 2507 antiquioris
2506 2438 2688 2492 Romae
2715 2447 2902 2493 contra
2933 2439 3241 2495 Dioscorum
3262 2452 3386 2496 acta

1830 2531 1987 2583 sunt?
2015 2527 2115 2595 Qui
2144 2544 2262 2583 cum
2284 2528 2412 2582 nihil
2441 2528 2493 2581 in
2526 2526 2677 2581 (idem
2703 2539 2994 2597 peccasset,
3021 2537 3197 2584 tamen
3224 2544 3384 2598 prop-

1834 2630 1916 2675 ter
1951 2621 2121 2676 solum
2152 2619 2567 2682 ecclesiasticum
2615 2619 2855 2674 ordinem
2901 2628 3023 2687 post
3068 2628 3290 2673 mortem
3318 2621 3387 2676 ab

1832 2709 2018 2765 eadem
2050 2717 2236 2764 sancta
2263 2706 2496 2763 Ecclesia
2526 2707 2762 2763 Romana
2788 2708 3257 2763 anathematizatus
3284 2718 3385 2764 est.

1833 2798 1889 2854 Si
1917 2799 2075 2867 igitur
2111 2798 2240 2851 nihil
2282 2797 2335 2851 in
2384 2795 2538 2850 (idem
2567 2804 2847 2865 peccantes
2885 2797 3141 2868 episcopi,
3169 2810 3389 2868 propter

1832 2890 2003 2945 solum
2052 2887 2468 2942 ecclesiasticum
2515 2887 2775 2954 ordinem,
2824 2895 2880 2942 et
2926 2896 3144 2957 propter
3172 2904 3384 2944 causam

1833 2979 2192 3051 pecuniariam
2215 2978 2539 3032 anathemati
2562 2987 2616 3031 et
2630 2986 2751 3047 post
2770 2985 2995 3032 mortem
3017 2979 3385 3047 subjiciuntur,

161 3074 466 3142 ϐάλλονται,
497 3075 645 3143 πόσῳ
688 3073 871 3142 μᾶλλον
896 3072 1148 3148 Θεόδωρος
1174 3073 1198 3127 ὁ
1229 3076 1300 3132 είς
1332 3074 1478 3129 αὑτὸν
1500 3075 1583 3129 τὸν
1610 3074 1731 3128 Θεὸν

1832 3077 2032 3135 quanto
2053 3067 2220 3134 magis
2245 3064 2580 3132 Theodorus,
2608 3066 2698 3135 qui
2727 3067 2779 3122 in
2809 3065 2978 3134 ipsum
3005 3067 3166 3122 Deum
3193 3081 3389 3137 pecca-

164 3164 463 3227 ἀσεϐήσαςς
492 3162 612 3217 ὅσον
653 3161 708 3218 δί
736 3162 860 3237 πρὸς
898 3168 987 3219 τήν
1021 3160 1192 3217 ἄνοιαν
1232 3170 1332 3217 τῶν
1367 3163 1623 3233 λεγόντων,
1660 3168 1729 3233 μή

163 3254 273 3309 δεῖν
314 3255 760 3327 ἀναθεματίζεσθαι
804 3256 932 3327 μετά
976 3255 1186 3309 θάνατον
1232 3256 1353 3315 τοὺς
1385 3255 1434 3307 iv
1469 3262 1531 3331 τῇ
1578 3256 1731 3328 οἰκείᾳ

164 3343 384 3416 ἀσεϐείᾳ
407 3343 759 3405 τελευτῶντας,
789 3344 846 3397 οὐ
885 3341 966 3397 δεῖ
984 3341 1105 3413 μηδί
1132 3345 1252 3402 τοὺς
1277 3340 1462 3402 ἀδίκως
1498 3363 1732 3414 κατακρι-

162 3435 347 3488 θέντας
370 3434 597 3508 πατέρας
624 3436 751 3504 μετά
788 3434 995 3486 θάνατον
1030 3432 1380 3486 ἀνακαλεῖσθαι
1398 3470 1412 3491 ,
1443 3429 1565 3505 ὅπερ
1595 3452 1729 3500 συμ-

164 3523 353 3580 ϐέϐηκε
386 3522 469 3574 καί
504 3523 587 3575 ίπὶ
610 3520 809 3592 Ἰωάννῃ
838 3528 908 3589 τῷ
946 3522 993 3572 ἐν
1025 3519 1141 3591 όσίᾳ
1183 3528 1245 3594 τῇ
1273 3522 1436 3591 μνήμῃ
1480 3521 1732 3592 ἓπισκόπῳ

163 3612 418 3685 γενομένῳ
447 3610 911 3663 Κωνσταντινουπό)
923 3629 1014 3669 εως
1038 3609 1139 3663 ὑπὸ
1164 3616 1253 3667 τῆς
1282 3609 1541 3668 καθολικῆς
1563 3609 1729 3667 ἔκκλη-

163 3708 291 3763 σίας
321 3706 450 3773 μετά
472 3701 683 3756 θάνατον
703 3702 1034 3759 ἀνακληθέντι⁸
1058 3703 1141 3755 καί
1165 3703 1250 3755 ἐπὶ
1273 3701 1526 3769 Φλαυιανῷ
1548 3708 1617 3769 τῷ
1644 3709 1733 3761 τῆς

160 3794 317 3851 ὁσίας
357 3794 552 3862 μνήμης
586 3792 667 3842 καί
709 3791 847 3859 αὐτῷ
886 3790 1453 3849 κωνσταντινουπόλιως
1492 3791 1733 3860 γενομένῳ

160 3878 432 3951 ἔπισκόπῳ
450 3919 465 3942 ,
495 3878 679 3939 ἀδίκως
707 3881 795 3949 μὲν
825 3880 873 3931 ἐν
912 3883 1010 3954 ζωῇ
1039 3880 1406 3955 κατακριθέντι,
1454 3877 1653 3936 δικαίως
1681 3876 1732 3929 δέ

160 3971 298 4036 μετὰ
324 3970 532 4021 θάνατον
574 3968 884 4025 ἀνακληθίντι
912 3969 1013 4021 ὑπό
1042 3988 1095 4022 τε
1123 3974 1212 4022 τοῦ
1249 3976 1341 4028 τῆς
1368 3966 1512 4026 ὁσίας
1541 3971 1733 4037 μνήμης

161 4061 315 4111 "dira
346 4058 573 4115 Λέοντος.
600 4058 682 4109 καί
708 4064 798 4115 τῆς
832 4059 881 4110 ἓν
906 4056 1173 4114 Χαλκηδόνι
1197 4057 1345 4130 ἁγίας
1374 4055 1609 4112 συνόδου.
1638 4067 1732 4109 ‘Ev-

160 4146 338 4199 τεῦθεν
360 4143 414 4198 δὲ
442 4144 707 4213 συμϐαίνει
729 4147 861 4201 κατά
892 4147 1012 4205 τοὺς
1036 4146 1228 4200 ἐκείνων
1258 4145 1434 4218 λόγους
1452 4186 1466 4209 ,
1502 4149 1620 4205 τοὺς
1645 4148 1734 4216 μὲν

160 4237 457 4313 αίρετικούς
481 4242 585 4293 τοῖς
613 4234 773 4305 ἁγίοις
801 4238 1022 4311 πατράσι
1045 4237 1467 4310 συναριθμεῖσθαι,
1496 4231 1575 4291 οἶα
1603 4236 1734 4289 ἐλευ-

161 4327 346 4399 θέρους
372 4324 664 4395 ἀφιεμένους
687 4326 778 4383 τῆς
807 4324 1115 4396 ὀφειλομένης
1154 4326 1326 4385 αὐτοῖς
1362 4329 1700 4398 κατακρίσεως
1718 4343 1731 4355 °

1832 3160 1941 3213 vit?
1969 3158 2234 3226 Quantum
2264 3166 2440 3211 autem
2488 3158 2553 3211 ad
2583 3158 2937 3227 insipientiam
2966 3156 3253 3212 dicentium
3280 3175 3386 3215 non

1832 3269 2081 3327 oportere
2109 3254 2545 3310 anathematizari
2575 3257 2696 3323 post
2719 3260 2946 3307 mortem
2974 3267 3070 3308 cos
3095 3252 3185 3323 qui
3213 3253 3265 3308 iu
3290 3267 3386 3308 sua

1831 3346 2102 3415 impietate
2127 3344 2319 3400 mortui
2346 3351 2470 3397 sunt
2500 3361 2512 3395 :
2544 3341 2823 3412 oportebat
2847 3356 2945 3397 nec
2967 3356 3061 3397 eos
3081 3343 3169 3411 qui
3197 3342 3389 3410 injuste

1831 3435 2170 3491 condemnati
2192 3442 2316 3487 sunt
2338 3431 2526 3487 Patres
2550 3438 2671 3502 post
2691 3440 2915 3487 mortem
2936 3432 3199 3499 revocari,
3227 3432 3385 3501 quale

1831 3525 2055 3594 contigit
2099 3525 2150 3578 in
2199 3523 2404 3578 Joanne
2456 3531 2654 3578 sancte
2701 3521 3084 3577 recordationis
3131 3523 3386 3592 episcopo

1829 3615 2427 3683 Constantinopolitana:
2451 3612 2697 3672 civitatis.
2746 3611 2813 3665 ab
2841 3611 3123 3666 universali
3152 3610 3388 3667 Ecclesia

1830 3714 1950 3777 post
1981 3713 2206 3758 mortem
2237 3710 2506 3765 revocato,
2535 3708 2587 3756 ct
2610 3701 2662 3754 in
2694 3700 2944 3753 Flaviano
2971 3709 3168 3753 sauctm
3195 3715 3392 3755 memo-

1831 3794 1923 3848 rise
1954 3805 2006 3847 et
2035 3793 2149 3862 ipso
2188 3792 2438 3861 episcopo
2485 3789 3088 3858 Constantinopolitanae
3137 3789 3388 3853 civitatis,

1833 3882 2030 3950 injuste
2051 3879 2262 3951 quidem
2286 3880 2338 3933 in
2367 3880 2473 3933 vita
2494 3878 2870 3941 condemnato,
2895 3877 3040 3947 jnste
3064 3884 3242 3932 autem
3270 3888 3391 3947 post

1833 3978 2061 4026 mortem
2106 3977 2399 4033 revocato,
2456 3977 2566 4021 tam
2612 3982 2643 4021 a
2688 3975 2886 4022 sanctae
2937 3966 3208 4021 memoria:
3255 3982 3391 4036 papa

1834 4061 2013 4116 Leone
2034 4074 2192 4129 quam
2212 4075 2242 4112 a
2267 4067 2450 4114 sancta
2477 4056 2899 4112 Chalcedonensi
2928 4055 3150 4127 synodo.
3187 4055 3261 4111 Ex
3290 4058 3394 4113 hoc

1834 4162 2011 4207 autem
2041 4149 2301 4217 contingit
2338 4147 2628 4203 secundum
2655 4147 2865 4202 illorum
2886 4147 3069 4210 verba,
3116 4146 3394 4203 haereticos

1835 4240 2051 4310 quidem
2081 4240 2278 4295 sanctis
2324 4238 2570 4305 Patribus
2596 4238 2991 4301 connumerari,
3020 4246 3079 4290 ut
3103 4245 3229 4306 pote
3257 4237 3393 4292 lihe~

1836 4340 1981 4387 ratos
2000 4330 2175 4385 debita
2198 4330 2276 4383 eis
2295 4328 2757 4389 condemnatioue,
2773 4334 2989 4381 sanctos
3008 4335 3184 4380 autem
3207 4324 3391 4381 Patres

160 4418 286 4476 τοὺς
329 4411 386 4467 δέ
429 4411 602 4483 ἀγίους
639 4414 863 4487 πατέρας
908 4411 1095 4471 ἀδίκως
1139 4411 1587 4474 καταδικασθέντας
1629 4423 1733 4473 τοῖς

1834 4428 2028 4494 injuste
2054 4426 2454 4489 condemnatos,
2479 4422 2737 4476 luercticis
2757 4420 3024 4489 conjungi,
3050 4430 3105 4475 ut
3135 4431 3259 4490 pote
3286 4438 3390 4476 non

160 4510 444 4584 αίρετικοῖς
472 4511 815 4563 συνάπτισθαι
835 4548 849 4571 ,
883 4506 961 4563 οἷα
990 4514 1058 4578 μή
1082 4509 1322 4580 λυομένης
1347 4517 1435 4569 τῆς
1469 4510 1545 4562 ἐπ’
1569 4511 1736 4569 αὐτοῖς

160 4596 343 4652 ἀδίκου
372 4594 1179 4673 κατακρίσεως-’Δξιοπιστότερος
1207 4597 1259 4653 δέ
1280 4600 1481 4651 πάντων
1508 4600 1620 4653 ἐστὶ
1658 4597 1734 4651 διο

162 4679 422 4746 δάσιιοίλος
451 4690 478 4739 ὃ
516 4689 681 4762 κύριος
717 4689 801 4739 καί
828 4686 946 4744 Θεὸς
972 4683 1333 4753 ήμῶνἻησοῦς
1361 4687 1577 4759 Χριστός
1619 4690 1735 4758 περὶ

162 4780 361 4832 ἑαυτοῦ
381 4777 535 4846 λέγων
595 4794 613 4824 ι
643 4775 787 4830 Οὕτω
811 4777 909 4848 γὰρ
934 4778 1190 4845 ἠγάπησεν
1218 4774 1243 4829 ὁ
1272 4777 1389 4834 Θεὸς
1416 4778 1502 4830 τόν
1524 4776 1729 4842 κόσμον.
1772 4791 1782 4804 ⁸

164 4870 302 4921 ὥστε
324 4868 413 4920 τὸν
441 4866 547 4918 υίὸν
572 4868 721 4921 αὑτοῦ
754 4866 839 4919 τὸν
871 4872 1101 4934 μονογενῆ
1132 4862 1327 4925 ἔδωκεν,
1357 4865 1439 4916 ἵνα
1466 4869 1566 4920 πᾶς
1597 4863 1621 4917 ό
1653 4886 1739 4917 πι-

166 4958 374 5011 στεύων
402 4958 473 5014 εἷς
514 4957 663 5009 αὐτὸν
692 4960 759 5024 μή
788 4955 1027 5011 ἀπόληται
1045 4997 1059 5020 ,
1104 4953 1205 5006 ἀλλ’
1233 4950 1335 5023 ἔχῃ
1367 4957 1500 5015 ζωήν
1525 4956 1737 5007 αἰώνιον.

165 5050 239 5100 Οὐ
259 5048 362 5119 γὰρ
395 5045 684 5099 ἀπέστειλεν
708 5043 733 5097 ό
769 5045 889 5103 Θεὸς
915 5043 999 5094 τὸν
1021 5043 1130 5094 υίόν
1158 5043 1310 5095 αὐτοῦ
1336 5044 1406 5100 εἰς
1434 5043 1513 5094 τόν
1536 5042 1738 5108 κόσμον,

153 5140 248 5203 ,ἵνα
273 5137 422 5209 κρῗνέρ
449 5135 535 5188 τὸν
562 5134 763 5204 κόσμον,
793 5133 895 5186 ἀλλ’
920 5134 1003 5186 ’ἱνα
1041 5133 1176 5205 σωθῇ
1202 5131 1226 5184 ὁ
1254 5132 1444 5200 κόσμος
1473 5130 1535 5185 δι’
1560 5134 1737 5185 αὐτοῦ.

164 5239 235 5290 Ὀ,
250 5225 519 5279 πιστεύων
548 5227 619 5283 εἶς
640 5226 785 5276 αὐτὸν
813 5224 868 5275 οὐ
900 5225 1144 5296 κρίνεται²
1172 5220 1197 5275 ό
1220 5220 1273 5279 δέ
1300 5227 1369 5293 μή
1396 5225 1648 5274 πιστεύων
1672 5225 1742 5281 εἰς

162 5317 326 5371 αὐτόν
354 5313 453 5372 ἤδη
480 5314 719 5387 κίκριται,
746 5310 823 5366 ὅτι
849 5318 917 5383 μή
943 5314 1277 5366 πεπίστευκεν
1300 5314 1372 5370 είς
1394 5311 1451 5364 τό
1479 5308 1631 5381 ὄνομα
1653 5320 1740 5365 τοῦ

164 5408 475 5477 μονογενοῦς
509 5404 624 5456 υίοῧ
652 5409 744 5456 τοῦ
774 5407 921 5457 Θεοῦ.
949 5420 966 5452 ι
992 5404 1092 5455 Καί
1114 5401 1171 5455 τό
1192 5406 1389 5473 πνεῦμα
1416 5402 1474 5454 τό
1504 5401 1640 5472 ἅγιον
1664 5401 1743 5456 δά

164 5505 261 5552 τοῦ
284 5499 553 5571 προφήτου
575 5495 729 5550 Δαυίδ
746 5497 896 5568 λέγει,
917 5499 1036 5557 τοὺς
1056 5495 1261 5555 ἀσεϐεῖς
1280 5500 1347 5566 μή
1368 5496 1744 5553 ἀναστήσεσθαι

166 5590 220 5643 ἓν
248 5590 443 5659 κρίσει.
480 5594 581 5645 Τῆς
614 5581 698 5638 οὖν
723 5587 958 5645 τοιαύτης
986 5591 1075 5641 τοῦ
1105 5586 1279 5656 κυρίου
1304 5584 1603 5654 ἀποφάσεως
1643 5587 1743 5649 ἒξε-

168 5682 449 5750 κχθιίσης
467 5680 595 5732 κατά
616 5678 803 5736 παντὸς
830 5678 1063 5743 ἀσεϐοῦς,
1085 5679 1168 5731 καί
1187 5674 1340 5746 μηδὲν
1357 5674 1747 5737 διαστελλοῦσης

491 5772 763 5855 Parnm.
812 5767 928 5850 Gn.
964 5786 1320 5850 LXXXVI.

1839 4520 2011 4573 soluta
2037 4527 2221 4571 contra
2250 4531 2343 4570 eos
2376 4516 2512 4569 facta
2543 4514 2719 4582 iniqua
2746 4513 3104 4568 damnatione.
3142 4509 3407 4569 Omnibus"

1838 4616 2016 4662 autem
2047 4605 2214 4673 magis
2242 4604 2536 4659 credendus
2558 4602 2695 4674 [lide
2719 4601 2927 4673 dignus]
2958 4611 3040 4656 est
3067 4602 3266 4657 Doctor
3289 4603 3396 4658 Du-

1838 4697 2010 4749 minus
2055 4702 2109 4747 et
2135 4693 2273 4747 Deus
2316 4701 2499 4746 noster
2522 4690 2674 4746 .lcsus
2702 4690 2959 4755 Christus,
2991 4692 3057 4746 de
3085 4708 3143 4749 se
3170 4694 3351 4749 dicens
3379 4715 3392 4747 :

1839 4783 1926 4837 Sic
1948 4786 2082 4836 enim
2110 4783 2286 4835 dilexit
2318 4781 2448 4835 Deus
2494 4781 2755 4843 mundum,
2788 4791 2844 4834 ut
2884 4780 2928 4832 F
2934 4782 3078 4835 ilium
3116 4799 3265 4836 suum
3291 4788 3398 4838 uui-

1839 4875 2058 4944 genimm
2082 4873 2247 4934 daret,
2272 4882 2325 4924 ut
2349 4873 2512 4925 omnis
2537 4874 2620 4942 qui
2651 4872 2811 4923 credit
2838 4873 2889 4924 in
2911 4889 3045 4935 eum,
3069 4889 3170 4926 non
3199 4885 3397 4942 pereat,

1838 4963 1926 5016 sed
1955 4962 2137 5016 habeat
2176 4964 2331 5016 vitam
2371 4970 2633 5015 (eternam.
2661 4960 2781 5015 Non
2820 4962 2953 5015 enim
2981 4963 3118 5016 misit
3151 4962 3282 5016 Deus
3307 4963 3399 5017 Fi-

1838 5051 1962 5105 lium
1984 5065 2129 5101 suum
2149 5050 2200 5101 in
2234 5049 2476 5102 mundum
2503 5058 2557 5100 ut
2576 5049 2771 5117 jndicet
2796 5050 3061 5111 mundum,
3097 5050 3185 5102 sed
3215 5061 3267 5102 ut
3295 5053 3401 5104 sal-

1838 5150 1979 5192 vetur
2004 5138 2221 5191 mundus
2244 5154 2334 5206 per
2360 5140 2543 5205 ipsum.
2578 5140 2672 5201 Qui
2702 5138 2863 5192 credit
2890 5140 2944 5191 iu
2970 5154 3105 5199 eum,
3134 5154 3235 5192 non
3250 5138 3399 5206 judi—

1842 5237 1986 5280 catnr
2015 5242 2032 5278 :
2076 5226 2162 5293 qui
2204 5236 2371 5277 autem
2416 5240 2516 5278 non
2541 5226 2718 5289 credit,
2737 5226 2850 5294 jam
2878 5227 3141 5295 judicatus
3156 5236 3253 5286 est,
3280 5230 3399 5297 quia

1840 5332 1940 5368 non
1970 5315 2128 5368 credit
2149 5316 2203 5367 in
2225 5314 2429 5366 nomine
2453 5315 2700 5383 unigeniti
2724 5313 2827 5367 Fili
2873 5313 2968 5367 Dei
2997 5314 3173 5386 (Joan.
3201 5316 3301 5379 ιιι).
3337 5312 3400 5367 Et

1840 5406 2069 5473 Spiritus
2114 5413 2290 5457 autem
2340 5412 2555 5458 sanctus
2583 5418 2680 5471 per
2715 5404 3028 5475 prophetam
3079 5403 3243 5467 David
3271 5403 3402 5459 dicit

1840 5497 2010 5566 (Psat.
2044 5496 2110 5560 ι),
2143 5496 2333 5564 impios
2378 5511 2483 5549 non
2525 5502 2922 5549 resnrrecturos
2961 5495 3014 5547 in
3036 5494 3260 5563 judicio.
3285 5492 3403 5548 Tali

1844 5587 2002 5654 igitur
2032 5585 2238 5638 Domini
2264 5586 2526 5640 sententia
2551 5584 2756 5653 prolata
2786 5584 3040 5638 adversus
3067 5598 3280 5638 omnem
3303 5582 3401 5641 iui-

1843 5676 2013 5746 pium,
2042 5674 2235 5729 etnihil
2257 5673 2591 5730 discernente
2625 5674 2763 5728 inter
2783 5674 2931 5727 vivos
2959 5682 3013 5728 et
3034 5683 3276 5729 mortuos
3301 5675 3413 5732 hae-

3033 5763 3109 5822 33
